4090 6288
607 303 714 363 755
1479 313 1537 370 S.
1580 314 2024 374 EUSTATHIUS
2062 317 2550 376 ANTIOCHENUS
2587 318 2984 378 EPISCOPUS.
3714 325 3798 381 756

605 443 754 484 nunc
785 428 1166 502 Cappadocas;
1193 429 1424 491 Theiras
1451 433 1800 502 Theirenses,
1838 454 1976 509 quos
2015 455 2160 494 nunc
2190 447 2220 501 Α

2190 447 2235 501 Α
2263 441 2652 506 Καππαδόκας·
2685 441 2861 517 Θέρας
2907 443 3032 506 τοὺς
3059 440 3272 514 Θείρας,
3307 441 3429 506 τοὺς
3461 442 3556 498 νῦν
3585 444 3794 516 Θρᾷκας.

607 518 868 578 Thraces.
3752 531 3762 544 -

676 610 874 668 Camer
901 622 1080 668 autem
1115 612 1211 669 ﬁlii
1244 614 1464 672 fuerunt
1499 625 1611 674 tres
1637 618 1682 650 "
1715 636 1729 674 :
1766 618 2041 686 Schanax,
2097 638 2162 677 ex

2345 623 2618 692 Ἐγένοντο
2642 623 2700 676 δὲ
2727 623 2818 676 καὶ
2837 621 2914 694 τῷ
2950 621 3133 695 Ραμὲρ
3163 621 3266 676 υἱοὶ
3297 623 3462 692 τρεῖς·
3496 619 3714 690 Σχανὰξ,
3747 621 3797 686 ἐξ

603 718 714 773 quo
762 703 1142 772 Ascbanaxaei,
1185 709 1277 778 qui
1330 725 1476 764 nunc
1506 709 1770 782 Rhegini;
1802 710 2061 783 Riphath,
2095 729 2162 768 ex

2261 707 2322 768 οὗ
2361 714 2756 786 Ἀσχαναξαῖοι,
2786 716 2834 769 οἱ
2862 713 2957 768 νῦν
2993 715 3256 787 Ῥηγῖνες·
3294 710 3504 780 Ῥιφὰθ,
3533 711 3589 777 ἐξ
3614 703 3670 764 οὗ
3710 711 3799 764 Ῥι-

601 809 710 863 quo
737 791 1061 863 Riphathtei,
1092 798 1184 868 qui
1219 815 1365 855 nunc
1407 801 1816 874 Paphlagones;
1857 801 2160 876 Thygram-

2263 801 2470 874 φαθέοι,
2509 805 2558 859 oi
2592 803 2688 858 νῦν
2721 803 3087 874 Παφλαγόνες·
3138 801 3531 874 Θυγμμμὰῖς,
3591 800 3648 864 ὃς
3671 800 3799 854 συνέ-

600 883 757 951 mais,
781 901 845 940 ex
880 902 988 956 quo
1023 888 1539 962 Thygrammcnses,
1581 896 1675 966 qui
1711 912 1859 952 nunc
1897 895 2156 969 Phryges.

1791 912 1859 952 nc
1897 895 2156 969 Phryges.
2264 911 2460 965 στησεν
2497 895 2869 966 Θυγραμμεῖς,
2898 893 3022 956 τοὺς
3045 891 3138 944 νῦν
3167 889 3401 961 Φρύγας.

672 973 792 1030 Filii
823 975 990 1034 Javan
1019 988 1132 1037 tres
1184 981 1231 1014 ’⁸⁸
1261 1003 1275 1037 :
1309 981 1542 1053 Elisasa,
1592 1003 1661 1042 ex
1697 1003 1808 1058 quo
1837 989 2040 1057 Alisaei,
2067 993 2160 1064 qui

2331 987 2452 1041 Υἱοὶ
2491 987 2548 1041 δὲ
2591 986 2668 1058 τῷ
2713 986 2897 1041 Ἰωούα
2944 987 3112 1057 τρεῖς,
3151 980 3426 1045 Ἐλισασὰ,
3459 981 3554 1052 ἀφ’
3587 975 3645 1034 οὗ
3682 978 3799 1032 Ἀλι-

596 1081 744 1124 nunc
774 1068 1094 1140 Eolenses;
1127 1073 1389 1140 Tharses,
1419 1093 1488 1134 ex
1522 1096 1633 1152 quo
1666 1081 2030 1146 Tharsenses,
2064 1083 2159 1154 qui

2263 1080 2430 1143 σαῖοι,
2475 1080 2524 1132 οἱ
2567 1076 2662 1132 νῦν
2706 1078 2931 1141 Αἰολεῖς·
2981 1074 3218 1147 Θαρσῆς,
3261 1071 3354 1142 ἀφ’
3401 1065 3460 1125 οὗ
3492 1070 3728 1142 Θαρσεῖς,
3755 1067 3800 1120 οι

595 1172 743 1212 nunc
773 1158 1004 1231 Cylices,
1035 1163 1109 1218 ita
1141 1164 1287 1222 enim
1318 1167 1618 1238 antiquitas
1639 1170 1887 1227 Ciliciam
1919 1172 2159 1242 appella-

2260 1169 2354 1223 νῦν
2397 1169 2650 1234 Κύλικες·
2692 1168 2834 1223 οὕτω
2871 1167 2978 1241 γὰρ
3007 1168 3068 1220 τὸ
3112 1165 3336 1219 παλαιὸν
3369 1165 3402 1236 ἡ
3434 1163 3651 1218 Κιλικία
3687 1164 3797 1214 ἐκα-

594 1249 691 1310 vit,
729 1252 948 1322 quando
980 1262 1034 1311 et
1078 1255 1258 1313 adhuc
1306 1261 1628 1333 metropolis
1673 1278 1862 1319 eorum
1913 1263 2158 1321 Tharsus

2260 1263 2419 1317 λεῖτο·
2454 1262 2534 1317 ἐτι
2564 1263 2670 1335 γὰρ
2714 1263 2808 1315 καὶ
2849 1261 2942 1316 νῦν
2986 1259 3204 1331 Θαρσῆς
3235 1259 3268 1328 ή
3299 1255 3626 1328 μητρόπολις
3651 1253 3798 1322 αὐτῆς

593 1354 792 1397 nomen
819 1353 1140 1414 conservat;
1176 1342 1409 1414 Cethim,
1439 1364 1505 1405 ex
1533 1368 1646 1422 quo
1679 1352 1923 1409 Cetliima
1951 1354 2153 1419 insula,

2258 1355 2521 1408 καλεῖται·
2564 1355 2773 1426 Χεθεῖμ
2812 1352 3055 1422 Χεθειμὰ
3097 1351 3196 1421 τὴν
3244 1349 3427 1420 νῆσον,
3457 1349 3523 1420 ἢν
3553 1346 3674 1418 ἄρτι
3701 1345 3799 1400 Κύ-

593 1448 757 1502 quam
783 1450 930 1491 nunc
960 1436 1199 1508 Cyprum
1229 1440 1536 1507 nominant,
1571 1451 1624 1499 et
1657 1445 1802 1502 illius
1832 1460 1997 1502 causa
2039 1462 2157 1502 om-

2259 1466 2395 1520 προν
2427 1447 2937 1521 προσονομάζουσιν·
2972 1445 3067 1499 ἀπ’
3097 1441 3266 1512 αὐτῆς
3307 1440 3416 1513 γὰρ
3446 1441 3625 1493 πᾶσαν
3658 1439 3799 1509 νῆσον

585 1521 693 1580 nes
743 1526 953 1585 insulas
999 1537 1288 1603 terrasque
1339 1533 1642 1589 maritimas
1697 1534 1906 1592 Hebraei
1960 1537 2156 1594 Eththo

1960 1537 2156 1594 Eththo
2257 1544 2347 1597 καὶ
2373 1544 2470 1614 τὴν
2501 1542 2762 1615 παράλιον
2807 1539 3042 1610 Ἑϐραῖοι
3079 1535 3255 1590 Ἠθοὼ
3275 1534 3545 1590 καλοῦσιν.

593 1618 885 1687 appellant.

662 1705 784 1764 Filii
812 1709 1003 1778 Cham,
1051 1730 1172 1784 qua:
1215 1730 1244 1768 a
1295 1714 1471 1787 Syria,
1517 1715 1783 1773 Ammano
1838 1717 2153 1793 Libanoque
2182 1787 2218 1793 _

2189 1787 2218 1793 _
2325 1727 2386 1780 Oi.
2420 1725 2478 1776 δὲ
2512 1724 2616 1777 υἱοὶ
2653 1721 2746 1776 τοῦ
2788 1720 2936 1792 Χὰμ,
2962 1718 3058 1790 τὴν
3090 1716 3196 1770 ἀπὸ
3232 1714 3448 1786 Συρίας,
3489 1713 3581 1766 καὶ
3615 1713 3804 1783 Ἀμμα-

591 1801 870 1858 montibus
901 1804 1109 1874 incipit,
1140 1815 1340 1862 terram
1389 1819 1728 1880 occuparunt
1748 1811 1818 1875 ",
1853 1787 2152 1884 omnesque
2180 1787 2206 1848 Ῑ

2188 1787 2226 1848 Β
2252 1817 2366 1882 νοῦ,
2401 1817 2495 1871 καὶ
2523 1815 2752 1870 Λιϐάνου
2781 1787 2890 1868 τῶν
2916 1787 3084 1885 ὀρέων
3111 1811 3212 1881 γῆν
3249 1807 3532 1878 κατέσχον,
3558 1806 3654 1858 ὅσα
3684 1804 3803 1876 πρὸς

590 1892 738 1948 illius
766 1902 966 1965 partes,
1004 1913 1124 1967 qua:
1153 1913 1302 1954 mare
1331 1901 1654 1972 respiciunt,
1681 1902 1944 1958 invadunt
1969 1905 2150 1976 regio-

2253 1911 2523 1966 θάλασσαν
2543 1908 2711 1980 αὐτὴν
2735 1907 3001 1978 τέτραπτο
3038 1901 3454 1964 καταλαϐόντες,
3494 1899 3590 1953 καὶ
3625 1897 3690 1951 τὰ
3719 1897 3803 1967 μὲ-

589 1986 750 2043 nibus
807 2003 982 2058 usque
1033 1991 1100 2046 ad
1175 1990 1452 2048 Oceanum
1501 1993 1825 2062 vindicatis;
1872 2003 1924 2051 et
1956 1997 2150 2052 horum

2250 2021 2342 2074 χρι
2375 2000 2469 2056 τοῦ
2509 1998 2764 2054 Ὠκεανοῦ
2797 1997 3218 2066 ἐξιδιωσάμενοι.
3242 1992 3354 2047 Καὶ
3377 1991 3532 2046 ὲνίων
3563 1991 3657 2062 μὲν
3679 2006 3801 2044 παν-

587 2080 946 2149 quorumdam
994 2083 1383 2154 appellationes
1436 2087 1659 2142 omnino
1713 2096 1935 2145 mutatae
1998 2099 2150 2156 sunt,

2249 2093 2418 2158 τελῶς
2469 2095 2526 2146 αἱ
2586 2089 2944 2163 προσηγορίαι
2989 2086 3366 2160 ἡμείφθησαν,
3425 2085 3581 2138 ἐνίων
3632 2083 3686 2136 δὲ
3735 2084 3806 2146 εἰς

584 2174 815 2231 aliorum
868 2176 923 2230 in
976 2178 1110 2236 alias
1150 2178 1520 2249 diliiciliores;
1557 2198 1857 2254 paucorum
1891 2201 2019 2241 vero
2047 2203 2149 2242 no-

2250 2187 2441 2256 ἐτέρας
2475 2182 2776 2255 ὲνημείφθη
2811 2178 3294 2248 δυσεπιγνώστους·
3343 2177 3537 2245 ὀλίγων
3563 2176 3619 2229 δὲ
3648 2175 3722 2228 ἔτι
3755 2174 3803 2228 αἱ

583 2257 730 2323 mina
761 2267 970 2340 integra
999 2286 1173 2342 usque
1203 2272 1270 2328 ad
1297 2273 1439 2329 hanc
1465 2274 1608 2331 diem
1639 2284 1953 2334 servantur.
2002 2277 2148 2335 Fue-

2248 2277 2529 2349 ὀνομασίαι
2561 2275 2808 2346 ὰκέραιοι
2855 2271 3134 2338 σώζονται,
3177 2270 3298 2323 Εἰσὶ
3335 2269 3392 2322 δὲ
3431 2270 3535 2322 υἱοὶ
3565 2267 3658 2320 τοῦ
3690 2267 3807 2338 Χὰμ

581 2364 711 2412 runt
737 2367 916 2415 autem
953 2362 1007 2415 hi
1043 2361 1137 2418 lilii
1167 2362 1337 2419 Cham
1383 2385 1396 2421 :
1441 2365 1613 2433 Chus,
1649 2384 1716 2424 ex
1767 2384 1876 2439 quo
1907 2369 2143 2438 Chusazi,

2247 2369 2372 2422 οἵδε·
2409 2367 2584 2431 Χοῦς,
2630 2365 2690 2432 ἐξ
2728 2359 2789 2419 οὗ
2828 2365 3115 2426 Χουσαῖοι,
3161 2363 3210 2414 oi
3259 2358 3352 2414 νῦν
3393 2358 3666 2422 Αἰθίοπες·
3700 2359 3802 2412 Με-

583 2449 674 2516 qui
700 2465 846 2505 nunc
880 2451 1200 2525 IEthiopes;
1240 2456 1516 2524 Mestrem,
1539 2474 1603 2514 ex
1636 2475 1744 2530 quo
1773 2461 2025 2529 Mestrtei,
2052 2465 2145 2534 qui

2249 2462 2454 2531 στρὲμ,
2501 2458 2560 2524 ἐξ
2603 2453 2664 2513 οὗ
2710 2459 3040 2528 Μεστραῖοι,
3069 2455 3118 2507 oi
3173 2453 3268 2508 νῦν
3311 2452 3620 2522 Αἰγύπτιοι·
3659 2452 3801 2514 Φοὺτ,

581 2556 728 2596 nunc
759 2541 1036 2614 Egyptii;
1068 2545 1232 2612 Phut,
1268 2563 1334 2604 ex
1367 2565 1475 2620 quo
1504 2549 1690 2618 Pbuti,
1726 2553 1820 2625 qui
1861 2570 2008 2610 nunc
2054 2557 2148 2612 Li-

2245 2554 2468 2618 Φουτοὶ,
2516 2554 2565 2605 οἱ
2611 2551 2704 2605 νῦν
2748 2549 2964 2612 Λίϐυες,
2999 2548 3092 2600 καὶ
3137 2545 3216 2600 ἔτι
3264 2544 3355 2599 τοῦ
3397 2545 3556 2615 δεῦρο
3605 2548 3633 2599 ὁ
3673 2545 3805 2615 παρὰ

580 2633 730 2704 hyes,
776 2642 830 2690 et
880 2636 1057 2692 adhuc
1089 2637 1288 2696 ﬂuvius
1337 2643 1478 2712 apud
1513 2643 1752 2709 Mauros,
1797 2653 2019 2718 totaque
2053 2649 2144 2705 illa

2245 2646 2489 2718 Μαύροις
2516 2642 2757 2714 ποταμὸς
2780 2641 2926 2712 καὶή
2962 2638 3223 2708 σύνεγγυς
3251 2637 3401 2710 χώρα
3437 2636 3605 2691 αὑτοῦ
3634 2637 3805 2690 Φουτοὶ

581 2722 759 2778 vicina
790 2725 942 2796 regio
969 2725 1132 2781 Phuti
1165 2730 1544 2800 appellantur;
1582 2734 1732 2788 natio
1770 2751 1898 2792 vero
1930 2738 2019 2792 illa
2049 2737 2144 2793 Li-

2245 2735 2551 2790 καλοῦνται.
2624 2732 2954 2804 Ἐκλήθησαν
2985 2731 3042 2784 δὲ
3092 2729 3287 2792 Λίϐυες
3317 2728 3378 2782 τὸ
3423 2728 3608 2794 ἔθνος,
3660 2727 3804 2797 καὶὴ

581 2813 699 2885 byaa
718 2830 915 2871 nomen
948 2819 1133 2884 traxit,
1173 2835 1240 2875 ex
1269 2819 1422 2893 Liby,
1450 2822 1559 2877 lilio
1599 2823 1860 2892 Mestron,
1893 2830 1985 2899 qui
2015 2846 2142 2900 pro-

2246 2826 2398 2900 χώρα
2441 2827 2558 2890 ἐνὸς
2600 2825 2707 2879 τῶν
2753 2824 2859 2878 ἀπὸ
2905 2820 3168 2895 Μεστρὼν
3200 2819 3331 2874 υἱῶν
3361 2821 3589 2891 ὀνόματι
3626 2820 3803 2882 Λίϐυος

580 2908 773 2964 vincia:
801 2908 1036 2980 praefuit.

2248 2917 2661 2989 βασιλεύσαντος
2693 2914 2890 2970 αὐτῶν.

647 2999 800 3057 Chus
833 3001 1057 3058 fuerunt
1083 3003 1180 3065 filii
1209 3013 1417 3078 septem
1451 3028 1464 3062 :
1505 3007 1692 3074 Sabat,
1725 3027 1791 3066 ex
1830 3028 1941 3082 quo
1974 3016 2136 3070 Saba-

2316 3011 2406 3081 Τῷ
2453 3010 2508 3062 δὲ
2551 3009 2695 3074 Χοῢς
2743 3009 2986 3078 ἐγένοντο
3027 3008 3134 3061 υἱοὶ
3186 3007 3356 3062 ἑπτόι⁸
3399 3005 3601 3069 Σαϐὰτ,
3635 3007 3722 3074 ἀφ’
3753 2998 3807 3059 οὗ

579 3094 672 3157 cii,
704 3093 798 3165 qui
826 3095 988 3150 etiam
1022 3096 1127 3151 hoc
1158 3105 1402 3169 tempore
1449 3115 1647 3156 nomen
1694 3103 1857 3158 simul
1901 3121 2022 3159 cum
2054 3122 2141 3163 re—
2168 3135 2194 3194 ί

2192 3135 2210 3194 1
2245 3102 2519 3164 Σαϐάκιοι,
2547 3102 2740 3165 οἵτινες
2764 3101 2888 3171 ἄχρι
2921 3097 3013 3151 τοῦ
3041 3098 3200 3169 δεῦρο
3245 3097 3341 3168 τὴν
3375 3099 3666 3168 ὀνομασίαν
3699 3097 3807 3167 ἅμα

577 3186 739 3255 gione
784 3187 1060 3256 obtinent;
1117 3188 1310 3256 Evilat,
1362 3208 1426 3247 ex
1467 3209 1576 3264 quo
1626 3193 1832 3260 Evilaei,
1868 3198 1959 3267 qui
1995 3215 2146 3254 nunc.
2175 3186 2192 3194 ”

2191 3186 2210 3194 ”
2245 3197 2311 3266 τῇ
2360 3193 2511 3265 χώρᾳ
2545 3192 2837 3256 σώζουσιν·
2882 3192 3114 3255 Εύιλὰτ,
3149 3193 3207 3259 ἐξ
3251 3187 3311 3246 οὗ
3358 3191 3612 3256 Εὐιλαῖοι,
3636 3193 3684 3244 οί
3717 3191 3806 3244 νῦν

579 3277 738 3347 Tuli;
791 3279 1018 3347 Sabath,
1052 3297 1120 3338 ex
1147 3299 1256 3354 quo
1289 3282 1608 3352 Sabatheni,
1665 3288 1758 3358 qui
1791 3305 1934 3344 nunc
1980 3291 2141 3347 Asta-

2246 3302 2311 3355 γε
2359 3283 2580 3339 Τοῦλοι·
2616 3283 2825 3346 Σαϐὰθ,
2870 3284 2927 3351 ἐξ
2965 3279 3026 3339 οὗ
3060 3285 3376 3355 Σαϐαθηνοὶ,
3406 3287 3453 3338 oi
3483 3285 3577 3338 νῦν
3609 3285 3799 3338 Ἀστά-

577 3373 731 3442 bari;
766 3372 1054 3446 Regmara,
1087 3392 1154 3433 ex
1195 3393 1304 3449 quo
1351 3381 1524 3444 Allaei,
1570 3384 1665 3454 qui
1717 3385 1895 3441 adhuc
1947 3390 2138 3445 eodem

2246 3378 2428 3448 ϐαροι·
2470 3376 2771 3449 Ῥεγμαρὰ,
2799 3377 2859 3442 ὲξ
2887 3369 2947 3430 οὗ
2980 3376 3232 3441 Ἀλλαῖοι,
3263 3379 3308 3430 oi
3329 3376 3402 3428 ἔτι
3433 3376 3523 3428 καὶ
3552 3373 3644 3427 νῦν
3667 3375 3803 3426 ταὺ-

547 3464 793 3538 οιιοιηίηθ
820 3466 1250 3537 compellantur;
1300 3467 1572 3538 Judadan,
1617 3489 1684 3529 ex
1711 3489 1821 3546 quo
1867 3475 2135 3545 Judadaei,

2247 3486 2346 3540 την
2375 3468 2474 3540 τὴν
2500 3468 2688 3533 κλῆσιν
2714 3468 2929 3538 ἔχουσιν
2948 3485 2960 3498 ο
2996 3467 3281 3532 Ἰουδαδὰν,
3307 3466 3363 3532 ἒξ
3383 3459 3440 3520 οὗ
3468 3465 3790 3527 Ἰουδαδαῖοι,

574 3555 892 3628 Ᾰὶιιιῑορυῐυ
953 3560 1102 3614 natio
1154 3560 1424 3630 quaedam,
1490 3565 1668 3620 adhuc
1721 3567 1964 3638 ejusdem
2013 3587 2138 3626 cum

2247 3561 2558 3636 Αἰθιοπικὸν
2581 3561 2729 3624 ἔθνος
2757 3560 3043 3633 ὁμώνυμον
3073 3561 3232 3633 μέχρι
3260 3562 3351 3614 νῦν
3371 3560 3444 3631 τῷ
3474 3561 3766 3631 προπάτορι
3784 3575 3796 3588 ·

574 3649 857 3707 conditore
884 3653 1161 3721 nominis;
1197 3653 1518 3720 Sebccatha,
1552 3672 1617 3712 ex
1641 3675 1750 3728 quo
1782 3659 2135 3729 Sabactheni,

2249 3653 2544 3716 Σεϐεκαθὰ,
2575 3652 2634 3718 ἒξ
2661 3648 2720 3707 οὗ
2748 3653 3101 3724 Σαϐακτηνοὶ.
3137 3653 3184 3705 οἳ
3213 3654 3307 3706 καὶ
3331 3652 3480 3707 αὐτοὶ
3501 3650 3774 3722 ὁμώνυμοι
3792 3670 3803 3681 ·

572 3741 666 3812 qui
692 3741 872 3798 adhuc
903 3759 1103 3800 nomen
1133 3745 1392 3802 retinent.
1418 3745 1660 3814 Nebrod,
1683 3737 1776 3821 qui
1808 3753 2017 3822 primus
2039 3753 2138 3808 do-

2247 3744 2474 3816 Νεϐρὼδ
2505 3740 2678 3808 οὗτος,
2720 3744 2907 3815 μείνας
2949 3746 3007 3798 ὲν
3038 3747 3104 3814 τῇ
3135 3743 3434 3808 Βαϐυλῶνι,
3471 3742 3681 3815 πρῶτος
3721 3742 3815 3796 αύ-

573 3832 783 3888 minatu
814 3832 1142 3905 Babylonem
1174 3838 1374 3906 pressit
1405 3837 1470 3892 ‘3.

1174 3838 1374 3906 pressit
1405 3837 1470 3892 ‘3.
2248 3840 2358 3902 τοῖς
2393 3840 2769 3911 ἐτυράννησεν.

643 3923 894 3980 Mestrem
939 3927 1036 3980 ﬁlii
1067 3935 1212 3992 octo,
1246 3930 1339 4000 qui
1379 3944 1410 3984 a
1443 3929 1586 3985 Gaza
1631 3948 1810 4002 usque
1855 3934 1924 3988 ad
1967 3933 2137 4008 [Egy-

2307 3910 2570 3996 Μεστρὲμ
2613 3923 2720 3975 υἱοὶ
2761 3921 2931 3986 ὀκτὼ,
2977 3921 3169 3982 οἵτινες
3205 3919 3303 3990 τὴν
3341 3917 3452 3971 ἀπὸ
3498 3915 3674 3984 Γάζης
3717 3910 3814 3965 καὶ⁵

573 4026 724 4088 ptum
763 4025 964 4073 terram
1003 4022 1379 4090 possederunt.
1420 4025 1487 4078 At
1531 4031 1676 4080 terra
1715 4023 2005 4083 Philistiim
2042 4003 2140 4100 per

2239 4015 2343 4078 έως
2379 4014 2650 4084 Αἴγυπτον
2700 4014 2958 4084 κατέσχον
3004 4011 3128 4081 γῆν.
3179 4009 3284 4062 Τοῦ
3334 4009 3392 4062 δὲ
3423 4005 3722 4074 Φιλιστιεὶμ
3777 4003 3810 4072 ἠ

576 4109 796 4180 aliquod
844 4120 1058 4183 tempus
1087 4128 1286 4170 nomen
1316 4116 1562 4182 retinuit,
1597 4115 1818 4173 tandem
1848 4095 2136 4176 Palzestina

2240 4105 2391 4176 χώρα
2422 4105 2541 4158 τότε
2575 4107 2824 4174 κατεῖχεν
2859 4103 2963 4166 ἕως
2994 4101 3137 4165 τινὸς
3165 4100 3265 4173 τὴν
3293 4099 3632 4170 ὁμωνυμίαν,
3662 4095 3818 4148 ὓστε-

572 4217 768 4263 vocata
789 4195 892 4266 est.

2243 4217 2333 4270 ρον
2357 4197 2413 4250 δὲ
2445 4196 2647 4268 ἐκλήθη
2680 4194 3034 4266 Παλαιστίνη.

644 4299 869 4356 Chanan
899 4301 1054 4358 liberi
1081 4302 1331 4357 undecim
1351 4301 1418 4333 ⁸⁵·
1442 4319 1454 4353 :
1487 4300 1652 4358 Sidon
1677 4305 1882 4373 primus
1902 4308 2136 4377 genitus,

2322 4290 2599 4358 Ἐγένοντο
2632 4288 2687 4340 δὲ
2717 4288 2812 4341 καὶ
2840 4286 2918 4357 τῷ
2945 4285 3126 4340 Χανὰν
3170 4283 3354 4347 παῖδες
3393 4281 3584 4336 ἕνδεκα
3605 4297 3619 4309 ⁸
3648 4277 3817 4332 Σιδὼν

573 4391 667 4460 qui
689 4391 774 4446 sui
802 4389 1040 4446 nominis
1062 4390 1252 4445 urbem
1274 4389 1328 4443 in
1357 4388 1636 4446 thnicia
1655 4372 1943 4449 exstruxit.
1976 4372 2141 4449 Ama;

2242 4383 2600 4455 πρωτότοκος,
2642 4382 2790 4443 ὅστις
2833 4378 3119 4450 ὁμώνυμον
3159 4374 3348 4430 ἑαυτοῦ
3398 4373 3552 4426 πόλιν
3598 4374 3662 4444 τῇ
3694 4372 3820 4423 Φοι-

575 4485 725 4543 thius
777 4484 1144 4546 Amathinem,
1193 4500 1314 4554 qua:
1361 4501 1509 4539 nunc
1558 4483 1858 4554 Epiphania
1909 4488 2190 4552 dicitur,I

2206 4503 2211 4534 μ
2240 4477 2362 4548 νίκῃ
2394 4474 2596 4527 Σιδῶνα
2621 4472 2864 4525 ἔκτισεν·
2914 4469 3169 4542 Ἀμὰθιος
3213 4469 3312 4539 τὴν
3365 4463 3682 4537 ’Λμαθινὴν,
3718 4463 3821 4532 τὴν

573 4577 879 4643 aediﬁcavit,
916 4576 1079 4645 idque
1110 4575 1187 4629 illi
1227 4590 1424 4630 nomen
1467 4574 1616 4630 dedit
1657 4574 1879 4632 Macedo
1917 4577 2136 4646 quidam

2239 4566 2335 4622 νῦν
2377 4566 2759 4635 Ἐπιφάνειαν,
2801 4563 3138 4634 ᾠκοδόμησε,
3171 4561 3279 4614 τῶν
3308 4558 3635 4614 Μακεδόνων
3667 4556 3821 4618 τινὸς

571 4670 754 4724 clarus
784 4684 847 4722 ac
887 4669 1138 4734 celebris,
1171 4668 1265 4738 qui
1307 4671 1457 4723 inea
1502 4667 2137 4739 regnaverat;Aruca:us

2238 4662 2611 4734 κρατήσαντος
2655 4657 2826 4727 αὐτῆς
2856 4655 3122 4719 ὲπιδόξου,
3157 4653 3252 4707 καὶ¹
3296 4651 3356 4706 τὸ
3399 4653 3596 4706 οἰκεῖον
3642 4649 3822 4718 ὄνομα

571 4769 775 4819 terram
805 4779 926 4833 quae
950 4762 1010 4818 in
1038 4761 1243 4819 Libano
1275 4771 1360 4818 est
1379 4760 1706 4828 aedificavit;
1741 4762 1978 4818 Arodius
2003 4763 2139 4816 Ara-

2237 4754 2515 4815 ὲπιθὲντος
2548 4752 2712 4823 αὐτῇ·
2771 4752 3086 4823 Ἀρουκαῖος
3129 4749 3185 4801 δὲ
3213 4747 3317 4818 γῆν
3364 4747 3462 4817 τὴν
3503 4746 3561 4797 ἐν
3605 4743 3686 4814 τῷ
3721 4745 3822 4796 Λι-

572 4855 702 4910 dum
735 4855 967 4911 insulam
996 4855 1296 4922 habitavit;
1333 4855 1664 4918 Asenassus,
1705 4870 1770 4908 ex
1809 4868 1919 4923 quo
1962 4853 2138 4910 Ascn-

2238 4849 2385 4918 ϐάνῳ
2443 4845 2687 4898 ἔκτισεν·
2743 4843 2979 4916 ’Λρόδιος
3035 4834 3189 4906 οὗτος
3234 4841 3462 4913 Ἀραδον
3503 4839 3606 4910 τὴν
3646 4838 3825 4907 νῆσον

573 4949 673 5004 nai
700 4965 716 5015 ;
754 4945 1032 5004 Samarius
1056 4946 1380 5008 Samariam,
1423 4945 1698 5001 Chettaeus
1728 4945 2017 5005 Chettaeos,
2045 4944 2136 5001 Je-

2243 4939 2454 5012 ᾧκησεν
2474 4957 2486 4968 ·
2550 4938 2886 5002 ’Λσένασσος,
2918 4937 3010 5004 ἀφ’
3043 4929 3102 4988 οὗ
3153 4935 3465 4988 Ἀσενναῖοι.
3502 4932 3825 5002 Σαμάρειως

573 5045 790 5098 busaeus
844 5039 1123 5097 Jebusazos
1173 5037 1480 5096 constituit.
1540 5037 1890 5093 Amorrhaaus
1939 5043 2134 5092 Amor-

2239 5031 2295 5084 δὲ
2326 5030 2655 5102 Σαμάρειαν,
2691 5030 2947 5090 Χετταῖος
2994 5028 3304 5090 Χετταίους,
3357 5025 3680 5086 Ἰεϐουσαῖος
3726 5023 3829 5074 Ἰε-

571 5135 777 5199 rhzeos,
823 5133 916 5204 qui
965 5131 1147 5188 Bethel
1194 5130 1549 5196 incolebant;
1593 5128 1884 5194 Gerszeus,
1939 5128 2131 5201 Gerge-

2240 5122 2521 5186 ϐουσαίους
2549 5121 2928 5191 συνεστήσατο·
2968 5121 3291 5190 Ἀμορραῖος
3326 5117 3715 5190 Ἀμορραίους,
3754 5114 3830 5166 οἷ-

572 5243 731 5292 steos,
761 5226 854 5299 qui
893 5234 1097 5281 terram
1141 5233 1295 5278 trans
1322 5222 1613 5279 Jordanem
1652 5222 1926 5287 tenebant,
1958 5239 2134 5293 usque

2239 5233 2382 5278 τινες
2401 5214 2575 5286 ᾤκουν
2591 5213 2688 5284 τὴν
2704 5213 2899 5284 Βεθήλ·
2923 5212 3245 5285 Γεργεσαῖος
3271 5211 3654 5281 Γεργεσαίους,
3677 5209 3828 5260 οἵτι-

572 5320 639 5375 ad
671 5318 1136 5390 Philadelphiam;
1175 5315 1390 5382 Evaeus,
1438 5318 1669 5385 Evaeos;
1708 5325 1762 5372 et
1788 5316 1955 5372 Cinaei
1985 5315 2132 5371 circa

2238 5326 2324 5372 νες
2353 5309 2420 5360 τὰ
2460 5307 2713 5360 ἐπέκεινα
2745 5305 3022 5375 κατῴκουν
3058 5303 3152 5356 τοῦ
3196 5302 3454 5374 Ἰορδάνου
3481 5301 3611 5372 ἄχρι
3640 5299 3821 5351 Φιλα-

571 5412 836 5468 Libanum
887 5411 1228 5475 habitabant,
1279 5417 1333 5465 et
1378 5410 1658 5474 Amarum;
1711 5407 1956 5462 Eniacim
2006 5422 2135 5461 vero

2236 5403 2470 5470 δελφίας·
2503 5401 2694 5463 Εύαῖος
2723 5398 2968 5462 Εὐαίους.
2993 5398 3102 5450 Καὶ
3123 5397 3171 5449 οἱ
3203 5396 3300 5466 μὲν
3325 5397 3538 5448 Κιναῖοι
3566 5392 3701 5463 περὶ
3729 5391 3832 5443 τὸν

573 5505 819 5575 gigantes
846 5505 1118 5572 Chebron,
1153 5512 1212 5560 et
1253 5503 1400 5558 circa
1442 5517 1561 5557 eam
1590 5499 1815 5555 Chetttei
1849 5508 1902 5554 et
1933 5498 2136 5554 Phere-

2238 5496 2464 5549 Λίϐανον
2493 5495 2666 5565 ᾤκουν
2700 5493 2792 5545 καὶ
2825 5495 3068 5562 Ἀμαρον
3089 5506 3102 5518 °
3132 5491 3179 5541 οἱ
3205 5487 3261 5541 δὲ
3308 5488 3588 5556 Ἐνιακεὶμ
3619 5485 3835 5553 γίγαν-

578 5599 692 5661 wei,
734 5600 992 5667 permiste
1038 5613 1163 5653 cum
1221 5595 1545 5652 Chananacis
1596 5590 1936 5648 Palaestinam
1987 5597 2138 5646 tene-

2240 5607 2328 5651 τες
2376 5587 2470 5657 τὴν
2503 5585 2754 5656 Χεϐρών·
2793 5585 2882 5638 καὶ
2920 5585 3041 5654 περὶ
3072 5582 3237 5651 αὐτὴν
3265 5583 3312 5632 oi
3349 5581 3603 5633 Χετταῖοι
3631 5579 3742 5634 καὶ
3779 5577 3838 5632 εἰ

660 5757 699 5786 ⁵³
725 5755 848 5811 Gen.
885 5775 940 5818 κ,
983 5760 1034 5811 5.
1102 5756 1142 5790 ⁸⁸
1179 5755 1316 5812 Ibid.
1362 5757 1414 5810 4.
1479 5754 1520 5785 ³⁷
1550 5751 1688 5806 Ibid.
1731 5750 1783 5806 6.
1848 5752 1891 5784 ⁵⁸³
1918 5749 2058 5804 Ibid.
2096 5749 2179 5806 l5.
2264 5747 2275 5779 ’¹

998 5760 1034 5811 5.
1102 5756 1142 5790 ⁸⁸
1179 5755 1316 5812 Ibid.
1362 5757 1414 5810 4.
1479 5754 1520 5785 ³⁷
1550 5751 1688 5806 Ibid.
1731 5750 1783 5806 6.
1848 5752 1891 5784 ”
1918 5749 2058 5804 Ibid.
2096 5749 2179 5806 l5.
2264 5747 2321 5779 ’⁵⁸³⁸
2355 5745 2490 5801 Ibid.
2531 5745 2613 5800 15.
