  <div class='ocr_page' id='page_1' title='image "/cluster/home/n/w/nwhite01/storage/ocr_20150623/18/mdp.39015008168943/390.png"; bbox 0 0 4090 6288; ppageno 0'>
   <div class='ocr_carea' id='block_1_1' title="bbox 334 330 437 389">
    <p class='ocr_par' dir='ltr' id='par_1_1' title="bbox 334 330 437 389">
     <span class='ocr_line' id='line_1_1' title="bbox 334 330 437 389; baseline -0.019 -2"><span class='ocrx_word' id='word_1_1' title='bbox 334 330 437 389; x_wconf 77' lang='lat'><strong>757</strong></span> 
     </span>
    </p>
   </div>
   <div class='ocr_carea' id='block_1_2' title="bbox 1247 344 2652 410">
    <p class='ocr_par' dir='ltr' id='par_1_2' title="bbox 1247 344 2652 410">
     <span class='ocr_line' id='line_1_2' title="bbox 1247 344 2652 410; baseline 0.006 -9"><span class='ocrx_word' id='word_1_2' title='bbox 1247 344 1517 402; x_wconf 80' lang='lat' dir='ltr'><strong>SPURIA.</strong></span> <span class='ocrx_word' id='word_1_3' title='bbox 1549 378 1620 389; x_wconf 90' lang='lat'><strong><em>—</em></strong></span> <span class='ocrx_word' id='word_1_4' title='bbox 1657 347 2008 406; x_wconf 73' lang='lat' dir='ltr'><strong>COMMENT.</strong></span> <span class='ocrx_word' id='word_1_5' title='bbox 2052 349 2120 406; x_wconf 81' lang='lat' dir='ltr'><strong>IN</strong></span> <span class='ocrx_word' id='word_1_6' title='bbox 2159 349 2652 410; x_wconf 77' lang='lat' dir='ltr'><strong>IIEXAEMERON.</strong></span> 
     </span>
    </p>
   </div>
   <div class='ocr_carea' id='block_1_3' title="bbox 3459 359 3567 417">
    <p class='ocr_par' dir='ltr' id='par_1_3' title="bbox 3459 359 3567 417">
     <span class='ocr_line' id='line_1_3' title="bbox 3459 359 3567 417; baseline 0.009 -2"><span class='ocrx_word' id='word_1_7' title='bbox 3459 359 3567 417; x_wconf 75' lang='grc'><strong>’158</strong></span> 
     </span>
    </p>
   </div>
   <div class='ocr_carea' id='block_1_4' title="bbox 325 445 1904 538">
    <p class='ocr_par' dir='ltr' id='par_1_4' title="bbox 325 445 1904 531">
     <span class='ocr_line' id='line_1_4' title="bbox 325 445 1904 531; baseline 0.01 -33"><span class='ocrx_word' id='word_1_8' title='bbox 325 445 608 518; x_wconf 69' lang='grc' dir='ltr'>Φερεζαῖοι</span> <span class='ocrx_word' id='word_1_9' title='bbox 652 447 855 520; x_wconf 70' lang='grc' dir='ltr'>ἀναμὶξ</span> <span class='ocrx_word' id='word_1_10' title='bbox 890 453 1005 516; x_wconf 75' lang='grc' dir='ltr'>τοῖς</span> <span class='ocrx_word' id='word_1_11' title='bbox 1045 453 1370 521; x_wconf 77' lang='grc' dir='ltr'><strong>Χαναναίοις</strong></span> <span class='ocrx_word' id='word_1_12' title='bbox 1400 456 1500 527; x_wconf 81' lang='grc' dir='ltr'>τὴν</span> <span class='ocrx_word' id='word_1_13' title='bbox 1539 457 1904 531; x_wconf 81' lang='grc' dir='ltr'><strong>Παλαιστίνην</strong></span> 
     </span>
    </p>
   </div>
   <div class='ocr_carea' id='block_1_5' title="bbox 2006 445 3583 538">
    <p class='ocr_par' dir='ltr' id='par_1_5' title="bbox 2006 462 3583 538">
     <span class='ocr_line' id='line_1_5' title="bbox 2006 462 3583 538; baseline 0.009 -22"><span class='ocrx_word' id='word_1_14' title='bbox 2006 462 2156 527; x_wconf 85' lang='lat' dir='ltr'><strong>bant,</strong></span> <span class='ocrx_word' id='word_1_15' title='bbox 2191 472 2245 520; x_wconf 90' lang='lat' dir='ltr'><strong>et</strong></span> <span class='ocrx_word' id='word_1_16' title='bbox 2272 465 2364 522; x_wconf 87' lang='lat' dir='ltr'><strong>alii</strong></span> <span class='ocrx_word' id='word_1_17' title='bbox 2389 465 2675 538; x_wconf 83' lang='lat' dir='ltr'><strong>Raphiam,</strong></span> <span class='ocrx_word' id='word_1_18' title='bbox 2709 480 2830 536; x_wconf 72' lang='lat' dir='ltr'><strong>quae</strong></span> <span class='ocrx_word' id='word_1_19' title='bbox 2862 463 3234 537; x_wconf 81' lang='lat' dir='ltr'><strong>Philadelphia</strong></span> <span class='ocrx_word' id='word_1_20' title='bbox 3260 474 3381 538; x_wconf 79' lang='lat' dir='ltr'><strong>est;</strong></span> <span class='ocrx_word' id='word_1_21' title='bbox 3414 469 3494 526; x_wconf 84' lang='lat' dir='ltr'><strong>sic</strong></span> <span class='ocrx_word' id='word_1_22' title='bbox 3515 481 3583 530; x_wconf 62' lang='lat' dir='ltr'><strong>et:</strong></span> 
     </span>
    </p>
   </div>
   <div class='ocr_carea' id='block_1_6' title="bbox 331 545 1898 621">
    <p class='ocr_par' dir='ltr' id='par_1_6' title="bbox 331 545 1898 621">
     <span class='ocr_line' id='line_1_6' title="bbox 331 545 1898 621; baseline 0.007 -25"><span class='ocrx_word' id='word_1_23' title='bbox 331 547 612 615; x_wconf 81' lang='grc' dir='ltr'>κατεῖχον·</span> <span class='ocrx_word' id='word_1_24' title='bbox 641 546 690 598; x_wconf 80' lang='lat' dir='ltr'><strong>oi</strong></span> <span class='ocrx_word' id='word_1_25' title='bbox 717 545 776 598; x_wconf 88' lang='grc' dir='ltr'>δὲ</span> <span class='ocrx_word' id='word_1_26' title='bbox 814 545 1043 616; x_wconf 78' lang='grc' dir='ltr'>Ῥαφίαν</span> <span class='ocrx_word' id='word_1_27' title='bbox 1065 548 1162 620; x_wconf 80' lang='grc' dir='ltr'>τὴν</span> <span class='ocrx_word' id='word_1_28' title='bbox 1199 548 1549 621; x_wconf 82' lang='grc' dir='ltr'>Φιλαδελφίαν</span> <span class='ocrx_word' id='word_1_29' title='bbox 1569 571 1582 584; x_wconf 91' lang='grc'><strong>·</strong></span> <span class='ocrx_word' id='word_1_30' title='bbox 1642 554 1802 608; x_wconf 82' lang='grc' dir='ltr'>πάλιν</span> <span class='ocrx_word' id='word_1_31' title='bbox 1840 554 1898 607; x_wconf 80' lang='grc' dir='ltr'>δὲ</span> 
     </span>
    </p>
   </div>
   <div class='ocr_carea' id='block_1_7' title="bbox 329 635 1900 714">
    <p class='ocr_par' dir='ltr' id='par_1_7' title="bbox 329 635 1900 714">
     <span class='ocr_line' id='line_1_7' title="bbox 329 635 1900 714; baseline 0.007 -26"><span class='ocrx_word' id='word_1_32' title='bbox 329 638 378 689; x_wconf 78' lang='lat' dir='ltr'><strong>oi</strong></span> <span class='ocrx_word' id='word_1_33' title='bbox 409 635 722 708; x_wconf 84' lang='grc' dir='ltr'>Γεργεσαῖοι</span> <span class='ocrx_word' id='word_1_34' title='bbox 755 636 822 691; x_wconf 82' lang='grc' dir='ltr'><strong>τὰ</strong></span> <span class='ocrx_word' id='word_1_35' title='bbox 858 639 1093 711; x_wconf 82' lang='grc' dir='ltr'>Γάδαρα,</span> <span class='ocrx_word' id='word_1_36' title='bbox 1133 642 1227 694; x_wconf 74' lang='grc' dir='ltr'>καὶ</span> <span class='ocrx_word' id='word_1_37' title='bbox 1256 641 1520 714; x_wconf 89' lang='grc' dir='ltr'>Γέργισαν</span> <span class='ocrx_word' id='word_1_38' title='bbox 1560 645 1736 708; x_wconf 86' lang='grc' dir='ltr'>πόλιν,</span> <span class='ocrx_word' id='word_1_39' title='bbox 1804 647 1900 699; x_wconf 76' lang='grc' dir='ltr'>καὶ</span> 
     </span>
    </p>
   </div>
   <div class='ocr_carea' id='block_1_8' title="bbox 329 723 1897 808">
    <p class='ocr_par' dir='ltr' id='par_1_8' title="bbox 329 723 1897 808">
     <span class='ocr_line' id='line_1_8' title="bbox 329 723 1897 808; baseline 0.006 -30"><span class='ocrx_word' id='word_1_40' title='bbox 329 727 431 798; x_wconf 77' lang='grc' dir='ltr'>τὴν</span> <span class='ocrx_word' id='word_1_41' title='bbox 463 727 754 800; x_wconf 86' lang='grc' dir='ltr'>Τιϐεριάδα</span> <span class='ocrx_word' id='word_1_42' title='bbox 781 723 927 800; x_wconf 76' lang='grc' dir='ltr'>εἶχον</span> <span class='ocrx_word' id='word_1_43' title='bbox 973 730 1189 803; x_wconf 77' lang='grc' dir='ltr'>λίμνην,</span> <span class='ocrx_word' id='word_1_44' title='bbox 1232 735 1326 788; x_wconf 74' lang='grc' dir='ltr'>καὶ</span> <span class='ocrx_word' id='word_1_45' title='bbox 1367 735 1414 788; x_wconf 81' lang='grc' dir='ltr'>οἱ</span> <span class='ocrx_word' id='word_1_46' title='bbox 1454 735 1766 790; x_wconf 87' lang='grc' dir='ltr'>Ἰεϐουσατοι</span> <span class='ocrx_word' id='word_1_47' title='bbox 1799 737 1897 808; x_wconf 81' lang='grc' dir='ltr'>τὴν</span> 
     </span>
    </p>
   </div>
   <div class='ocr_carea' id='block_1_9' title="bbox 331 818 842 892">
    <p class='ocr_par' dir='ltr' id='par_1_9' title="bbox 331 818 842 892">
     <span class='ocr_line' id='line_1_9' title="bbox 331 818 842 892; baseline 0.006 -22"><span class='ocrx_word' id='word_1_48' title='bbox 331 818 427 872; x_wconf 83' lang='grc' dir='ltr'>νῦν</span> <span class='ocrx_word' id='word_1_49' title='bbox 465 819 842 892; x_wconf 87' lang='grc' dir='ltr'>Ἰερουσαλήμ.</span> 
     </span>
    </p>
   </div>
   <div class='ocr_carea' id='block_1_10' title="bbox 407 911 1898 990">
    <p class='ocr_par' dir='ltr' id='par_1_10' title="bbox 407 911 1898 990">
     <span class='ocr_line' id='line_1_10' title="bbox 407 911 1898 990; baseline 0.006 -26"><span class='ocrx_word' id='word_1_50' title='bbox 407 911 575 964; x_wconf 83' lang='grc' dir='ltr'>Πέντε</span> <span class='ocrx_word' id='word_1_51' title='bbox 604 912 698 965; x_wconf 78' lang='grc' dir='ltr'>καὶ</span> <span class='ocrx_word' id='word_1_52' title='bbox 721 912 841 982; x_wconf 86' lang='grc' dir='ltr'><strong>Σὴμ</strong></span> <span class='ocrx_word' id='word_1_53' title='bbox 864 913 1052 978; x_wconf 87' lang='grc' dir='ltr'>παῖδες</span> <span class='ocrx_word' id='word_1_54' title='bbox 1089 915 1351 984; x_wconf 74' lang='grc' dir='ltr'>ἐγένοντο,</span> <span class='ocrx_word' id='word_1_55' title='bbox 1385 917 1580 981; x_wconf 79' lang='grc' dir='ltr'>οἵτινες</span> <span class='ocrx_word' id='word_1_56' title='bbox 1607 918 1705 990; x_wconf 81' lang='grc' dir='ltr'>τὴν</span> <span class='ocrx_word' id='word_1_57' title='bbox 1740 918 1898 990; x_wconf 87' lang='grc' dir='ltr'>μέχρι</span> 
     </span>
    </p>
   </div>
   <div class='ocr_carea' id='block_1_11' title="bbox 329 1002 1902 1082">
    <p class='ocr_par' dir='ltr' id='par_1_11' title="bbox 329 1002 1902 1082">
     <span class='ocr_line' id='line_1_11' title="bbox 329 1002 1902 1082; baseline 0.006 -26"><span class='ocrx_word' id='word_1_58' title='bbox 329 1002 424 1056; x_wconf 80' lang='grc' dir='ltr'>τοῦ</span> <span class='ocrx_word' id='word_1_59' title='bbox 457 1004 574 1058; x_wconf 84' lang='grc' dir='ltr'>κατ’</span> <span class='ocrx_word' id='word_1_60' title='bbox 600 1003 735 1058; x_wconf 88' lang='grc' dir='ltr'>ίδίαν</span> <span class='ocrx_word' id='word_1_61' title='bbox 769 1005 1022 1060; x_wconf 81' lang='grc' dir='ltr'>Ὠκεανοῦ</span> <span class='ocrx_word' id='word_1_62' title='bbox 1056 1007 1238 1062; x_wconf 80' lang='grc' dir='ltr'>Ἀσίαν</span> <span class='ocrx_word' id='word_1_63' title='bbox 1271 1009 1614 1082; x_wconf 81' lang='grc' dir='ltr'><strong>κατῴκησαν,</strong></span> <span class='ocrx_word' id='word_1_64' title='bbox 1645 1012 1762 1082; x_wconf 77' lang='grc' dir='ltr'>ἦτοι</span> <span class='ocrx_word' id='word_1_65' title='bbox 1793 1011 1902 1066; x_wconf 79' lang='grc' dir='ltr'><strong>ἀπὸ</strong></span> 
     </span>
    </p>
   </div>
   <div class='ocr_carea' id='block_1_12' title="bbox 330 1095 1902 1173">
    <p class='ocr_par' dir='ltr' id='par_1_12' title="bbox 330 1095 1902 1173">
     <span class='ocr_line' id='line_1_12' title="bbox 330 1095 1902 1173; baseline 0.005 -24"><span class='ocrx_word' id='word_1_66' title='bbox 330 1095 423 1149; x_wconf 84' lang='grc' dir='ltr'>τοῦ</span> <span class='ocrx_word' id='word_1_67' title='bbox 457 1096 742 1168; x_wconf 72' lang='grc' dir='ltr'>Εὐφράτου</span> <span class='ocrx_word' id='word_1_68' title='bbox 777 1098 876 1169; x_wconf 76' lang='grc' dir='ltr'>τὴν</span> <span class='ocrx_word' id='word_1_69' title='bbox 922 1099 1099 1170; x_wconf 83' lang='grc' dir='ltr'>ἀρχὴν</span> <span class='ocrx_word' id='word_1_70' title='bbox 1144 1101 1522 1173; x_wconf 78' lang='grc' dir='ltr'>ποιησάμενοι.</span> <span class='ocrx_word' id='word_1_71' title='bbox 1565 1101 1688 1155; x_wconf 77' lang='grc' dir='ltr'><strong>Εἰσὶ</strong></span> <span class='ocrx_word' id='word_1_72' title='bbox 1719 1102 1782 1160; x_wconf 79' lang='grc' dir='ltr'><strong>δὲ,</strong></span> <span class='ocrx_word' id='word_1_73' title='bbox 1813 1097 1902 1164; x_wconf 69' lang='grc' dir='ltr'><strong>οὒ-</strong></span> 
     </span>
    </p>
   </div>
   <div class='ocr_carea' id='block_1_13' title="bbox 331 1187 1898 1269">
    <p class='ocr_par' dir='ltr' id='par_1_13' title="bbox 331 1187 1898 1269">
     <span class='ocr_line' id='line_1_13' title="bbox 331 1187 1898 1269; baseline 0.026 -53"><span class='ocrx_word' id='word_1_74' title='bbox 331 1205 412 1242; x_wconf 60' lang='grc' dir='ltr'><strong>τοι</strong></span> <span class='ocrx_word' id='word_1_75' title='bbox 429 1206 443 1220; x_wconf 89' lang='grc'><strong>.</strong></span> <span class='ocrx_word' id='word_1_76' title='bbox 471 1188 669 1260; x_wconf 67' lang='grc' dir='ltr'>Αιλάμ,</span> <span class='ocrx_word' id='word_1_77' title='bbox 694 1191 786 1260; x_wconf 77' lang='grc' dir='ltr'><strong>ἀφ’</strong></span> <span class='ocrx_word' id='word_1_78' title='bbox 806 1187 869 1243; x_wconf 73' lang='grc' dir='ltr'><strong>οὗ</strong></span> <span class='ocrx_word' id='word_1_79' title='bbox 897 1191 1204 1264; x_wconf 73' lang='grc' dir='ltr'>Αίλαμαῑοι,</span> <span class='ocrx_word' id='word_1_80' title='bbox 1229 1195 1280 1246; x_wconf 86' lang='grc' dir='ltr'><strong>οί</strong></span> <span class='ocrx_word' id='word_1_81' title='bbox 1299 1194 1392 1248; x_wconf 81' lang='grc' dir='ltr'><strong>νῦν</strong></span> <span class='ocrx_word' id='word_1_82' title='bbox 1419 1194 1647 1266; x_wconf 67' lang='grc' dir='ltr'>Πέρσην</span> <span class='ocrx_word' id='word_1_83' title='bbox 1684 1195 1898 1269; x_wconf 80' lang='grc' dir='ltr'>Ἀσοὺρ,</span> 
     </span>
    </p>
   </div>
   <div class='ocr_carea' id='block_1_14' title="bbox 331 1274 1902 1360">
    <p class='ocr_par' dir='ltr' id='par_1_14' title="bbox 331 1274 1902 1360">
     <span class='ocr_line' id='line_1_14' title="bbox 331 1274 1902 1360; baseline 0.004 -28"><span class='ocrx_word' id='word_1_84' title='bbox 331 1281 424 1350; x_wconf 81' lang='grc' dir='ltr'><strong>ἀφ’</strong></span> <span class='ocrx_word' id='word_1_85' title='bbox 458 1274 520 1334; x_wconf 74' lang='grc' dir='ltr'><strong>οὗ</strong></span> <span class='ocrx_word' id='word_1_86' title='bbox 561 1281 867 1353; x_wconf 81' lang='grc' dir='ltr'>Ἀσσύριοι·</span> <span class='ocrx_word' id='word_1_87' title='bbox 916 1283 1209 1356; x_wconf 77' lang='grc' dir='ltr'>Ἀρφαξὰδ,</span> <span class='ocrx_word' id='word_1_88' title='bbox 1250 1287 1346 1356; x_wconf 79' lang='grc' dir='ltr'><strong>ἀφ’</strong></span> <span class='ocrx_word' id='word_1_89' title='bbox 1375 1279 1438 1340; x_wconf 72' lang='grc' dir='ltr'>οὗ</span> <span class='ocrx_word' id='word_1_90' title='bbox 1485 1286 1818 1360; x_wconf 82' lang='grc' dir='ltr'>Ἀρφαξαῖοι,</span> <span class='ocrx_word' id='word_1_91' title='bbox 1851 1288 1902 1340; x_wconf 88' lang='grc' dir='ltr'><strong>οί</strong></span> 
     </span>
    </p>
   </div>
   <div class='ocr_carea' id='block_1_15' title="bbox 330 1368 1900 1446">
    <p class='ocr_par' dir='ltr' id='par_1_15' title="bbox 330 1368 1900 1446">
     <span class='ocr_line' id='line_1_15' title="bbox 330 1368 1900 1446; baseline 0.003 -22"><span class='ocrx_word' id='word_1_92' title='bbox 330 1371 426 1426; x_wconf 81' lang='grc' dir='ltr'>νῦν</span> <span class='ocrx_word' id='word_1_93' title='bbox 451 1372 733 1428; x_wconf 82' lang='grc' dir='ltr'>Χαλδαῖοι·</span> <span class='ocrx_word' id='word_1_94' title='bbox 777 1371 983 1444; x_wconf 87' lang='grc' dir='ltr'>Ἀρὰμ,</span> <span class='ocrx_word' id='word_1_95' title='bbox 1015 1373 1115 1443; x_wconf 70' lang='grc' dir='ltr'><strong>ἀφ’</strong></span> <span class='ocrx_word' id='word_1_96' title='bbox 1138 1368 1200 1429; x_wconf 75' lang='grc' dir='ltr'><strong>οὗ</strong></span> <span class='ocrx_word' id='word_1_97' title='bbox 1242 1376 1550 1446; x_wconf 85' lang='grc' dir='ltr'>Ἀραμαίοι,</span> <span class='ocrx_word' id='word_1_98' title='bbox 1579 1376 1630 1428; x_wconf 90' lang='grc' dir='ltr'><strong>οί</strong></span> <span class='ocrx_word' id='word_1_99' title='bbox 1671 1373 1768 1429; x_wconf 82' lang='grc' dir='ltr'>νῦν</span> <span class='ocrx_word' id='word_1_100' title='bbox 1797 1375 1900 1428; x_wconf 77' lang='grc' dir='ltr'><strong>Σύο</strong></span> 
     </span>
    </p>
   </div>
   <div class='ocr_carea' id='block_1_16' title="bbox 332 1459 1902 1538">
    <p class='ocr_par' dir='ltr' id='par_1_16' title="bbox 332 1459 1902 1538">
     <span class='ocr_line' id='line_1_16' title="bbox 332 1459 1902 1538; baseline 0.003 -24"><span class='ocrx_word' id='word_1_101' title='bbox 332 1478 436 1534; x_wconf 91' lang='grc' dir='ltr'>ροι.</span> <span class='ocrx_word' id='word_1_102' title='bbox 473 1464 752 1535; x_wconf 84' lang='grc' dir='ltr'>Κατέσχον</span> <span class='ocrx_word' id='word_1_103' title='bbox 791 1464 849 1517; x_wconf 86' lang='grc' dir='ltr'>δὲ</span> <span class='ocrx_word' id='word_1_104' title='bbox 886 1459 1032 1518; x_wconf 74' lang='grc' dir='ltr'>οὗτοι</span> <span class='ocrx_word' id='word_1_105' title='bbox 1065 1465 1172 1518; x_wconf 83' lang='grc' dir='ltr'><strong>ἀπὸ</strong></span> <span class='ocrx_word' id='word_1_106' title='bbox 1203 1466 1628 1538; x_wconf 85' lang='grc' dir='ltr'>Μεσοποταμίας</span> <span class='ocrx_word' id='word_1_107' title='bbox 1659 1466 1763 1530; x_wconf 76' lang='grc' dir='ltr'>ἕως</span> <span class='ocrx_word' id='word_1_108' title='bbox 1794 1466 1902 1520; x_wconf 81' lang='grc' dir='ltr'><strong>τῶν</strong></span> 
     </span>
    </p>
   </div>
   <div class='ocr_carea' id='block_1_17' title="bbox 328 1554 1900 1632">
    <p class='ocr_par' dir='ltr' id='par_1_17' title="bbox 328 1554 1900 1632">
     <span class='ocr_line' id='line_1_17' title="bbox 328 1554 1900 1632; baseline 0.004 -26"><span class='ocrx_word' id='word_1_109' title='bbox 328 1555 502 1625; x_wconf 80' lang='grc' dir='ltr'>ὁρέων</span> <span class='ocrx_word' id='word_1_110' title='bbox 542 1554 810 1628; x_wconf 76' lang='grc' dir='ltr'>Ἀραρὰτ,</span> <span class='ocrx_word' id='word_1_111' title='bbox 854 1557 890 1611; x_wconf 84' lang='grc' dir='ltr'><strong>ἆ</strong></span> <span class='ocrx_word' id='word_1_112' title='bbox 923 1559 1038 1610; x_wconf 83' lang='grc' dir='ltr'>ἐστι</span> <span class='ocrx_word' id='word_1_113' title='bbox 1083 1558 1219 1632; x_wconf 78' lang='grc' dir='ltr'>πρὸς</span> <span class='ocrx_word' id='word_1_114' title='bbox 1245 1557 1344 1630; x_wconf 85' lang='grc' dir='ltr'>τὴν</span> <span class='ocrx_word' id='word_1_115' title='bbox 1395 1559 1706 1632; x_wconf 84' lang='grc' dir='ltr'>Ἀρμενίαν·</span> <span class='ocrx_word' id='word_1_116' title='bbox 1741 1559 1900 1624; x_wconf 82' lang='grc' dir='ltr'>Λοὺδ,</span> 
     </span>
    </p>
   </div>
   <div class='ocr_carea' id='block_1_18' title="bbox 333 1641 1903 1726">
    <p class='ocr_par' dir='ltr' id='par_1_18' title="bbox 333 1641 1903 1726">
     <span class='ocr_line' id='line_1_18' title="bbox 333 1641 1903 1726; baseline 0.004 -26"><span class='ocrx_word' id='word_1_117' title='bbox 333 1649 425 1717; x_wconf 76' lang='grc' dir='ltr'><strong>ἀφ’</strong></span> <span class='ocrx_word' id='word_1_118' title='bbox 465 1641 526 1702; x_wconf 74' lang='grc' dir='ltr'><strong>οὗ</strong></span> <span class='ocrx_word' id='word_1_119' title='bbox 555 1649 801 1715; x_wconf 84' lang='grc' dir='ltr'>Λυδαῖοι,</span> <span class='ocrx_word' id='word_1_120' title='bbox 837 1651 885 1703; x_wconf 84' lang='grc' dir='ltr'>οἱ</span> <span class='ocrx_word' id='word_1_121' title='bbox 918 1649 1012 1704; x_wconf 77' lang='grc' dir='ltr'>νῦν</span> <span class='ocrx_word' id='word_1_122' title='bbox 1051 1651 1246 1705; x_wconf 78' lang='grc' dir='ltr'>Λυδοί·</span> <span class='ocrx_word' id='word_1_123' title='bbox 1284 1653 1519 1715; x_wconf 74' lang='grc' dir='ltr'>Καϊνὰν,</span> <span class='ocrx_word' id='word_1_124' title='bbox 1554 1652 1648 1726; x_wconf 70' lang='grc' dir='ltr'><strong>ἀφ’</strong></span> <span class='ocrx_word' id='word_1_125' title='bbox 1685 1648 1744 1709; x_wconf 75' lang='grc' dir='ltr'>οὗ</span> <span class='ocrx_word' id='word_1_126' title='bbox 1787 1654 1903 1707; x_wconf 90' lang='grc' dir='ltr'>Κα-</span> 
     </span>
    </p>
   </div>
   <div class='ocr_carea' id='block_1_19' title="bbox 334 1757 514 1794">
    <p class='ocr_par' dir='ltr' id='par_1_19' title="bbox 334 1757 514 1794">
     <span class='ocr_line' id='line_1_19' title="bbox 334 1757 514 1794; baseline 0 -1"><span class='ocrx_word' id='word_1_127' title='bbox 334 1757 514 1794; x_wconf 61' lang='grc' dir='ltr'>ναταμ</span> 
     </span>
    </p>
   </div>
   <div class='ocr_carea' id='block_1_20' title="bbox 2001 553 3582 631">
    <p class='ocr_par' dir='ltr' id='par_1_20' title="bbox 2001 553 3582 631">
     <span class='ocr_line' id='line_1_20' title="bbox 2001 553 3582 631; baseline 0.005 -23"><span class='ocrx_word' id='word_1_128' title='bbox 2001 553 2270 626; x_wconf 66' lang='grc' dir='ltr'><strong>(ἴοι-εοεωί</strong></span> <span class='ocrx_word' id='word_1_129' title='bbox 2298 556 2564 613; x_wconf 88' lang='lat' dir='ltr'><strong>Gadaram</strong></span> <span class='ocrx_word' id='word_1_130' title='bbox 2589 557 2981 628; x_wconf 82' lang='lat' dir='ltr'><strong>Gergisamque</strong></span> <span class='ocrx_word' id='word_1_131' title='bbox 3023 557 3234 623; x_wconf 83' lang='lat' dir='ltr'><strong>urbem,</strong></span> <span class='ocrx_word' id='word_1_132' title='bbox 3281 557 3582 631; x_wconf 31' lang='lat' dir='ltr'><strong>lacumque.</strong></span> 
     </span>
    </p>
   </div>
   <div class='ocr_carea' id='block_1_21' title="bbox 2003 643 3580 727">
    <p class='ocr_par' dir='ltr' id='par_1_21' title="bbox 2003 643 3580 727">
     <span class='ocr_line' id='line_1_21' title="bbox 2003 643 3580 727; baseline 0.004 -28"><span class='ocrx_word' id='word_1_133' title='bbox 2003 643 2309 704; x_wconf 88' lang='lat' dir='ltr'><strong>Tiheriadis</strong></span> <span class='ocrx_word' id='word_1_134' title='bbox 2339 647 2677 727; x_wconf 74' lang='lat' dir='ltr'><strong>obtinebant,</strong></span> <span class='ocrx_word' id='word_1_135' title='bbox 2717 656 2772 705; x_wconf 91' lang='lat' dir='ltr'><strong>et</strong></span> <span class='ocrx_word' id='word_1_136' title='bbox 2801 645 3061 714; x_wconf 77' lang='lat' dir='ltr'><strong>Jebusaei,</strong></span> <span class='ocrx_word' id='word_1_137' title='bbox 3103 663 3225 719; x_wconf 55' lang='lat' dir='ltr'><strong>quae</strong></span> <span class='ocrx_word' id='word_1_138' title='bbox 3253 665 3400 707; x_wconf 79' lang='lat' dir='ltr'><strong>nunc</strong></span> <span class='ocrx_word' id='word_1_139' title='bbox 3441 649 3580 706; x_wconf 31' lang='lat' dir='ltr'><strong>Hice</strong></span> 
     </span>
    </p>
   </div>
   <div class='ocr_carea' id='block_1_22' title="bbox 2001 740 2373 797">
    <p class='ocr_par' dir='ltr' id='par_1_22' title="bbox 2001 740 2373 797">
     <span class='ocr_line' id='line_1_22' title="bbox 2001 740 2373 797; baseline 0.008 -5"><span class='ocrx_word' id='word_1_140' title='bbox 2001 740 2238 796; x_wconf 88' lang='lat' dir='ltr'><strong>rusalem</strong></span> <span class='ocrx_word' id='word_1_141' title='bbox 2268 747 2373 797; x_wconf 89' lang='lat' dir='ltr'><strong>est.</strong></span> 
     </span>
    </p>
   </div>
   <div class='ocr_carea' id='block_1_23' title="bbox 2074 918 3580 992">
    <p class='ocr_par' dir='ltr' id='par_1_23' title="bbox 2074 918 3580 992">
     <span class='ocr_line' id='line_1_23' title="bbox 2074 918 3580 992; baseline -0.002 -15"><span class='ocrx_word' id='word_1_142' title='bbox 2074 921 2198 977; x_wconf 87' lang='lat' dir='ltr'><strong>Sem</strong></span> <span class='ocrx_word' id='word_1_143' title='bbox 2235 921 2476 992; x_wconf 90' lang='lat' dir='ltr'><strong>quinque</strong></span> <span class='ocrx_word' id='word_1_144' title='bbox 2507 919 2604 975; x_wconf 89' lang='lat' dir='ltr'><strong>ﬁlii</strong></span> <span class='ocrx_word' id='word_1_145' title='bbox 2652 919 2893 987; x_wconf 84' lang='lat' dir='ltr'><strong>fuerunt,</strong></span> <span class='ocrx_word' id='word_1_146' title='bbox 2940 920 3033 990; x_wconf 86' lang='lat' dir='ltr'><strong>qui</strong></span> <span class='ocrx_word' id='word_1_147' title='bbox 3065 919 3250 976; x_wconf 74' lang='lat' dir='ltr'><strong>Asiam</strong></span> <span class='ocrx_word' id='word_1_148' title='bbox 3289 933 3466 989; x_wconf 85' lang='lat' dir='ltr'><strong>usque</strong></span> <span class='ocrx_word' id='word_1_149' title='bbox 3502 918 3580 974; x_wconf 66' lang='lat' dir='ltr'><strong>ad</strong></span> 
     </span>
    </p>
   </div>
   <div class='ocr_carea' id='block_1_24' title="bbox 2002 1011 3568 1084">
    <p class='ocr_par' dir='ltr' id='par_1_24' title="bbox 2002 1011 3568 1084">
     <span class='ocr_line' id='line_1_24' title="bbox 2002 1011 3568 1084; baseline -0.004 -13"><span class='ocrx_word' id='word_1_150' title='bbox 2002 1013 2277 1071; x_wconf 85' lang='lat' dir='ltr'><strong>Oceanum</strong></span> <span class='ocrx_word' id='word_1_151' title='bbox 2325 1012 2664 1080; x_wconf 72' lang='lat' dir='ltr'><strong>habitarunt,</strong></span> <span class='ocrx_word' id='word_1_152' title='bbox 2697 1014 2782 1069; x_wconf 90' lang='lat' dir='ltr'><strong>vel</strong></span> <span class='ocrx_word' id='word_1_153' title='bbox 2823 1013 2895 1068; x_wconf 86' lang='lat' dir='ltr'><strong>ab</strong></span> <span class='ocrx_word' id='word_1_154' title='bbox 2926 1011 3200 1084; x_wconf 88' lang='lat' dir='ltr'><strong>Euphrate</strong></span> <span class='ocrx_word' id='word_1_155' title='bbox 3239 1012 3568 1083; x_wconf 86' lang='lat' dir='ltr'><strong>principium</strong></span> 
     </span>
    </p>
   </div>
   <div class='ocr_carea' id='block_1_25' title="bbox 2003 1102 3572 1174">
    <p class='ocr_par' dir='ltr' id='par_1_25' title="bbox 2003 1102 3572 1174">
     <span class='ocr_line' id='line_1_25' title="bbox 2003 1102 3572 1174; baseline -0.003 -12"><span class='ocrx_word' id='word_1_156' title='bbox 2003 1112 2303 1162; x_wconf 62' lang='lat' dir='ltr'><strong>munientes.</strong></span> <span class='ocrx_word' id='word_1_157' title='bbox 2334 1103 2479 1159; x_wconf 82' lang='lat' dir='ltr'><strong>Sunt</strong></span> <span class='ocrx_word' id='word_1_158' title='bbox 2501 1112 2682 1160; x_wconf 90' lang='lat' dir='ltr'><strong>autem</strong></span> <span class='ocrx_word' id='word_1_159' title='bbox 2723 1103 2798 1168; x_wconf 89' lang='lat' dir='ltr'><strong>hi,</strong></span> <span class='ocrx_word' id='word_1_160' title='bbox 2836 1102 3039 1168; x_wconf 63' lang='lat' dir='ltr'><strong>IEIam,</strong></span> <span class='ocrx_word' id='word_1_161' title='bbox 3064 1120 3129 1160; x_wconf 86' lang='lat' dir='ltr'><strong>ex</strong></span> <span class='ocrx_word' id='word_1_162' title='bbox 3161 1119 3271 1174; x_wconf 91' lang='lat' dir='ltr'><strong>quo</strong></span> <span class='ocrx_word' id='word_1_163' title='bbox 3302 1103 3572 1169; x_wconf 57' lang='lat' dir='ltr'><strong>AEIama‘i,</strong></span> 
     </span>
    </p>
   </div>
   <div class='ocr_carea' id='block_1_26' title="bbox 2003 1195 3572 1269">
    <p class='ocr_par' dir='ltr' id='par_1_26' title="bbox 2003 1195 3572 1269">
     <span class='ocr_line' id='line_1_26' title="bbox 2003 1195 3572 1269; baseline -0.001 -18"><span class='ocrx_word' id='word_1_164' title='bbox 2003 1198 2097 1268; x_wconf 88' lang='lat' dir='ltr'><strong>qui</strong></span> <span class='ocrx_word' id='word_1_165' title='bbox 2130 1213 2276 1252; x_wconf 90' lang='lat' dir='ltr'><strong>nunc</strong></span> <span class='ocrx_word' id='word_1_166' title='bbox 2297 1195 2512 1262; x_wconf 65' lang='lat' dir='ltr'><strong>Persae;</strong></span> <span class='ocrx_word' id='word_1_167' title='bbox 2544 1195 2708 1261; x_wconf 82' lang='lat' dir='ltr'><strong>Asur,</strong></span> <span class='ocrx_word' id='word_1_168' title='bbox 2736 1212 2800 1252; x_wconf 89' lang='lat' dir='ltr'><strong>ex</strong></span> <span class='ocrx_word' id='word_1_169' title='bbox 2827 1212 2937 1267; x_wconf 92' lang='lat' dir='ltr'><strong>quo</strong></span> <span class='ocrx_word' id='word_1_170' title='bbox 2979 1196 3221 1269; x_wconf 83' lang='lat' dir='ltr'><strong>Assyrii;</strong></span> <span class='ocrx_word' id='word_1_171' title='bbox 3253 1196 3572 1268; x_wconf 84' lang='lat' dir='ltr'><strong>Arphaxad,</strong></span> 
     </span>
    </p>
   </div>
   <div class='ocr_carea' id='block_1_27' title="bbox 2001 1288 3575 1360">
    <p class='ocr_par' dir='ltr' id='par_1_27' title="bbox 2001 1288 3575 1360">
     <span class='ocr_line' id='line_1_27' title="bbox 2001 1288 3575 1360; baseline 0 -16"><span class='ocrx_word' id='word_1_172' title='bbox 2001 1305 2070 1344; x_wconf 86' lang='lat' dir='ltr'><strong>ex</strong></span> <span class='ocrx_word' id='word_1_173' title='bbox 2119 1305 2228 1360; x_wconf 91' lang='lat' dir='ltr'><strong>quo</strong></span> <span class='ocrx_word' id='word_1_174' title='bbox 2264 1289 2587 1360; x_wconf 70' lang='lat' dir='ltr'><strong>Arpbaxrei,</strong></span> <span class='ocrx_word' id='word_1_175' title='bbox 2623 1288 2715 1360; x_wconf 91' lang='lat' dir='ltr'><strong>qui</strong></span> <span class='ocrx_word' id='word_1_176' title='bbox 2767 1304 2915 1344; x_wconf 90' lang='lat' dir='ltr'><strong>nunc</strong></span> <span class='ocrx_word' id='word_1_177' title='bbox 2961 1288 3237 1355; x_wconf 68' lang='lat' dir='ltr'><strong>Chaldaei;</strong></span> <span class='ocrx_word' id='word_1_178' title='bbox 3271 1288 3460 1352; x_wconf 84' lang='lat' dir='ltr'><strong>Aram,</strong></span> <span class='ocrx_word' id='word_1_179' title='bbox 3505 1303 3575 1344; x_wconf 82' lang='lat' dir='ltr'><strong>ex</strong></span> 
     </span>
    </p>
   </div>
   <div class='ocr_carea' id='block_1_28' title="bbox 2002 1379 3576 1454">
    <p class='ocr_par' dir='ltr' id='par_1_28' title="bbox 2002 1379 3576 1454">
     <span class='ocr_line' id='line_1_28' title="bbox 2002 1379 3576 1454; baseline -0.002 -15"><span class='ocrx_word' id='word_1_180' title='bbox 2002 1399 2113 1454; x_wconf 92' lang='lat' dir='ltr'><strong>quo</strong></span> <span class='ocrx_word' id='word_1_181' title='bbox 2135 1383 2390 1447; x_wconf 83' lang='lat' dir='ltr'><strong>Aramaei,</strong></span> <span class='ocrx_word' id='word_1_182' title='bbox 2413 1381 2506 1452; x_wconf 90' lang='lat' dir='ltr'><strong>qui</strong></span> <span class='ocrx_word' id='word_1_183' title='bbox 2540 1397 2686 1436; x_wconf 91' lang='lat' dir='ltr'><strong>nunc</strong></span> <span class='ocrx_word' id='word_1_184' title='bbox 2726 1379 2868 1452; x_wconf 86' lang='lat' dir='ltr'><strong>Syri.</strong></span> <span class='ocrx_word' id='word_1_185' title='bbox 2911 1379 2976 1435; x_wconf 81' lang='lat' dir='ltr'><strong>lii</strong></span> <span class='ocrx_word' id='word_1_186' title='bbox 3019 1396 3148 1436; x_wconf 89' lang='lat' dir='ltr'><strong>vero</strong></span> <span class='ocrx_word' id='word_1_187' title='bbox 3175 1387 3514 1452; x_wconf 88' lang='lat' dir='ltr'><strong>occuparunt</strong></span> <span class='ocrx_word' id='word_1_188' title='bbox 3545 1397 3576 1436; x_wconf 92' lang='lat' dir='ltr'><strong>a</strong></span> 
     </span>
    </p>
   </div>
   <div class='ocr_carea' id='block_1_29' title="bbox 2004 1472 3576 1546">
    <p class='ocr_par' dir='ltr' id='par_1_29' title="bbox 2004 1472 3576 1546">
     <span class='ocr_line' id='line_1_29' title="bbox 2004 1472 3576 1546; baseline -0.001 -16"><span class='ocrx_word' id='word_1_189' title='bbox 2004 1475 2389 1546; x_wconf 81' lang='lat' dir='ltr'><strong>Mesopotamia</strong></span> <span class='ocrx_word' id='word_1_190' title='bbox 2418 1489 2591 1543; x_wconf 89' lang='lat' dir='ltr'><strong>usque</strong></span> <span class='ocrx_word' id='word_1_191' title='bbox 2619 1473 2686 1528; x_wconf 85' lang='lat' dir='ltr'><strong>ad</strong></span> <span class='ocrx_word' id='word_1_192' title='bbox 2717 1482 2928 1530; x_wconf 75' lang='lat' dir='ltr'><strong>montes</strong></span> <span class='ocrx_word' id='word_1_193' title='bbox 2973 1473 3191 1538; x_wconf 83' lang='lat' dir='ltr'><strong>Ararat,</strong></span> <span class='ocrx_word' id='word_1_194' title='bbox 3215 1472 3308 1542; x_wconf 89' lang='lat' dir='ltr'><strong>qui</strong></span> <span class='ocrx_word' id='word_1_195' title='bbox 3351 1480 3481 1528; x_wconf 87' lang='lat' dir='ltr'><strong>sunt</strong></span> <span class='ocrx_word' id='word_1_196' title='bbox 3520 1473 3576 1528; x_wconf 82' lang='lat' dir='ltr'><strong>in</strong></span> 
     </span>
    </p>
   </div>
   <div class='ocr_carea' id='block_1_30' title="bbox 2003 1560 3575 1634">
    <p class='ocr_par' dir='ltr' id='par_1_30' title="bbox 2003 1560 3575 1634">
     <span class='ocr_line' id='line_1_30' title="bbox 2003 1560 3575 1634; baseline 0.001 -17"><span class='ocrx_word' id='word_1_197' title='bbox 2003 1565 2258 1620; x_wconf 83' lang='lat' dir='ltr'><strong>Armenia</strong></span> <span class='ocrx_word' id='word_1_198' title='bbox 2288 1582 2302 1631; x_wconf 91' lang='lat'><strong>;</strong></span> <span class='ocrx_word' id='word_1_199' title='bbox 2332 1563 2471 1628; x_wconf 89' lang='lat' dir='ltr'><strong>Lud,</strong></span> <span class='ocrx_word' id='word_1_200' title='bbox 2503 1579 2568 1620; x_wconf 88' lang='lat' dir='ltr'><strong>ex</strong></span> <span class='ocrx_word' id='word_1_201' title='bbox 2597 1577 2706 1634; x_wconf 92' lang='lat' dir='ltr'><strong>quo</strong></span> <span class='ocrx_word' id='word_1_202' title='bbox 2728 1561 2930 1634; x_wconf 65' lang='lat' dir='ltr'><strong>Lydaai,</strong></span> <span class='ocrx_word' id='word_1_203' title='bbox 2957 1563 3051 1634; x_wconf 92' lang='lat' dir='ltr'><strong>qui</strong></span> <span class='ocrx_word' id='word_1_204' title='bbox 3082 1577 3226 1617; x_wconf 87' lang='lat' dir='ltr'><strong>nunc</strong></span> <span class='ocrx_word' id='word_1_205' title='bbox 3247 1560 3381 1634; x_wconf 85' lang='lat' dir='ltr'><strong>Lydi</strong></span> <span class='ocrx_word' id='word_1_206' title='bbox 3405 1579 3422 1630; x_wconf 91' lang='lat'><strong>;</strong></span> <span class='ocrx_word' id='word_1_207' title='bbox 3449 1563 3575 1618; x_wconf 84' lang='lat' dir='ltr'><strong>Cai-</strong></span> 
     </span>
    </p>
   </div>
   <div class='ocr_carea' id='block_1_31' title="bbox 2004 1658 2638 1730">
    <p class='ocr_par' dir='ltr' id='par_1_31' title="bbox 2004 1658 2638 1730">
     <span class='ocr_line' id='line_1_31' title="bbox 2004 1658 2638 1730; baseline -0.008 -15"><span class='ocrx_word' id='word_1_208' title='bbox 2004 1675 2135 1724; x_wconf 89' lang='lat' dir='ltr'><strong>nan,</strong></span> <span class='ocrx_word' id='word_1_209' title='bbox 2166 1676 2234 1715; x_wconf 87' lang='lat' dir='ltr'><strong>ex</strong></span> <span class='ocrx_word' id='word_1_210' title='bbox 2268 1673 2376 1730; x_wconf 88' lang='lat' dir='ltr'><strong>quo</strong></span> <span class='ocrx_word' id='word_1_211' title='bbox 2399 1658 2638 1713; x_wconf 70' lang='lat' dir='ltr'><strong>(lanatae.</strong></span> 
     </span>
    </p>
   </div>
   <div class='ocr_carea' id='block_1_32' title="bbox 405 1807 1904 1908">
    <p class='ocr_par' dir='ltr' id='par_1_32' title="bbox 405 1831 1897 1908">
     <span class='ocr_line' id='line_1_32' title="bbox 405 1831 1897 1908; baseline 0.004 -23"><span class='ocrx_word' id='word_1_212' title='bbox 405 1832 522 1886; x_wconf 76' lang='grc' dir='ltr'><strong>Υἱοὶ</strong></span> <span class='ocrx_word' id='word_1_213' title='bbox 571 1833 627 1886; x_wconf 88' lang='grc' dir='ltr'>δὲ</span> <span class='ocrx_word' id='word_1_214' title='bbox 666 1831 759 1886; x_wconf 79' lang='grc' dir='ltr'><strong>τοῦ</strong></span> <span class='ocrx_word' id='word_1_215' title='bbox 821 1833 996 1905; x_wconf 77' lang='grc' dir='ltr'>Ἀρὰμ</span> <span class='ocrx_word' id='word_1_216' title='bbox 1039 1834 1300 1906; x_wconf 89' lang='grc' dir='ltr'>τέσσαρες</span> <span class='ocrx_word' id='word_1_217' title='bbox 1331 1835 1726 1908; x_wconf 77' lang='grc' dir='ltr'>ἐγεννήθησαν·</span> <span class='ocrx_word' id='word_1_218' title='bbox 1763 1835 1897 1902; x_wconf 75' lang='grc' dir='ltr'>Οὓς,</span> 
     </span>
    </p>
   </div>
   <div class='ocr_carea' id='block_1_33' title="bbox 2006 1807 3577 1908">
    <p class='ocr_par' dir='ltr' id='par_1_33' title="bbox 2075 1826 3577 1902">
     <span class='ocr_line' id='line_1_33' title="bbox 2075 1826 3577 1902; baseline -0.003 -14"><span class='ocrx_word' id='word_1_219' title='bbox 2075 1834 2239 1888; x_wconf 81' lang='lat' dir='ltr'><strong>Aram</strong></span> <span class='ocrx_word' id='word_1_220' title='bbox 2271 1831 2365 1886; x_wconf 86' lang='lat' dir='ltr'><strong>ﬁlii</strong></span> <span class='ocrx_word' id='word_1_221' title='bbox 2413 1839 2648 1902; x_wconf 80' lang='lat' dir='ltr'><strong>quatuor</strong></span> <span class='ocrx_word' id='word_1_222' title='bbox 2676 1829 2789 1886; x_wconf 90' lang='lat' dir='ltr'><strong>nati</strong></span> <span class='ocrx_word' id='word_1_223' title='bbox 2836 1836 3002 1886; x_wconf 88' lang='lat' dir='ltr'><strong>sunt:</strong></span> <span class='ocrx_word' id='word_1_224' title='bbox 3042 1827 3143 1892; x_wconf 69' lang='grc' dir='ltr'><strong>υτ,</strong></span> <span class='ocrx_word' id='word_1_225' title='bbox 3190 1829 3283 1899; x_wconf 86' lang='lat' dir='ltr'><strong>qui</strong></span> <span class='ocrx_word' id='word_1_226' title='bbox 3327 1826 3577 1884; x_wconf 85' lang='lat' dir='ltr'><strong>condidit</strong></span> 
     </span>
    </p>
   </div>
   <div class='ocr_carea' id='block_1_34' title="bbox 331 1923 1903 1998">
    <p class='ocr_par' dir='ltr' id='par_1_34' title="bbox 331 1923 1903 1998">
     <span class='ocr_line' id='line_1_34' title="bbox 331 1923 1903 1998; baseline 0.003 -21"><span class='ocrx_word' id='word_1_227' title='bbox 331 1925 480 1988; x_wconf 82' lang='grc' dir='ltr'>ὅστις</span> <span class='ocrx_word' id='word_1_228' title='bbox 511 1923 693 1977; x_wconf 79' lang='grc' dir='ltr'>ἔκτισε</span> <span class='ocrx_word' id='word_1_229' title='bbox 735 1925 1023 1996; x_wconf 82' lang='grc' dir='ltr'>Δαμασκὸν</span> <span class='ocrx_word' id='word_1_230' title='bbox 1069 1926 1162 1980; x_wconf 75' lang='grc' dir='ltr'>καὶ</span> <span class='ocrx_word' id='word_1_231' title='bbox 1210 1925 1308 1998; x_wconf 82' lang='grc' dir='ltr'>τὴν</span> <span class='ocrx_word' id='word_1_232' title='bbox 1373 1927 1738 1998; x_wconf 84' lang='grc' dir='ltr'>Τραχωνῖτιν,</span> <span class='ocrx_word' id='word_1_233' title='bbox 1784 1929 1903 1998; x_wconf 77' lang='grc' dir='ltr'>ἥτις</span> 
     </span>
    </p>
   </div>
   <div class='ocr_carea' id='block_1_35' title="bbox 334 2015 1901 2090">
    <p class='ocr_par' dir='ltr' id='par_1_35' title="bbox 334 2015 1901 2090">
     <span class='ocr_line' id='line_1_35' title="bbox 334 2015 1901 2090; baseline 0.003 -22"><span class='ocrx_word' id='word_1_234' title='bbox 334 2016 472 2088; x_wconf 83' lang='grc' dir='ltr'><strong>μέση</strong></span> <span class='ocrx_word' id='word_1_235' title='bbox 493 2015 591 2086; x_wconf 81' lang='grc' dir='ltr'>τῆς</span> <span class='ocrx_word' id='word_1_236' title='bbox 619 2016 981 2088; x_wconf 86' lang='grc' dir='ltr'>Παλαιστίνης</span> <span class='ocrx_word' id='word_1_237' title='bbox 1007 2018 1101 2072; x_wconf 75' lang='grc' dir='ltr'>καὶ</span> <span class='ocrx_word' id='word_1_238' title='bbox 1123 2018 1324 2088; x_wconf 87' lang='grc' dir='ltr'>Κοίλης</span> <span class='ocrx_word' id='word_1_239' title='bbox 1344 2018 1545 2090; x_wconf 89' lang='grc' dir='ltr'>Συρίας</span> <span class='ocrx_word' id='word_1_240' title='bbox 1569 2020 1716 2073; x_wconf 76' lang='grc' dir='ltr'>ἐστίν</span> <span class='ocrx_word' id='word_1_241' title='bbox 1735 2037 1749 2051; x_wconf 95' lang='grc'><strong>·</strong></span> <span class='ocrx_word' id='word_1_242' title='bbox 1774 2019 1901 2085; x_wconf 80' lang='grc' dir='ltr'>Οὓλ,</span> 
     </span>
    </p>
   </div>
   <div class='ocr_carea' id='block_1_36' title="bbox 328 2099 1902 2182">
    <p class='ocr_par' dir='ltr' id='par_1_36' title="bbox 328 2099 1902 2182">
     <span class='ocr_line' id='line_1_36' title="bbox 328 2099 1902 2182; baseline 0.003 -22"><span class='ocrx_word' id='word_1_243' title='bbox 328 2107 422 2177; x_wconf 74' lang='grc' dir='ltr'><strong>ἀφ’</strong></span> <span class='ocrx_word' id='word_1_244' title='bbox 453 2099 514 2160; x_wconf 76' lang='grc' dir='ltr'><strong>οὗ</strong></span> <span class='ocrx_word' id='word_1_245' title='bbox 556 2107 844 2173; x_wconf 83' lang='grc' dir='ltr'>Λαζονεῖς·</span> <span class='ocrx_word' id='word_1_246' title='bbox 884 2107 1078 2179; x_wconf 77' lang='grc' dir='ltr'>Γαθὲρ,</span> <span class='ocrx_word' id='word_1_247' title='bbox 1123 2109 1214 2179; x_wconf 77' lang='grc' dir='ltr'><strong>ἀφ’</strong></span> <span class='ocrx_word' id='word_1_248' title='bbox 1249 2103 1310 2163; x_wconf 77' lang='grc' dir='ltr'><strong>οὗ</strong></span> <span class='ocrx_word' id='word_1_249' title='bbox 1353 2109 1649 2180; x_wconf 77' lang='grc' dir='ltr'>Σταφηνοί·</span> <span class='ocrx_word' id='word_1_250' title='bbox 1699 2111 1902 2182; x_wconf 87' lang='grc' dir='ltr'>Μεσδχ,</span> 
     </span>
    </p>
   </div>
   <div class='ocr_carea' id='block_1_37' title="bbox 330 2193 884 2271">
    <p class='ocr_par' dir='ltr' id='par_1_37' title="bbox 330 2193 884 2271">
     <span class='ocr_line' id='line_1_37' title="bbox 330 2193 884 2271; baseline 0.007 -20"><span class='ocrx_word' id='word_1_251' title='bbox 330 2198 422 2268; x_wconf 85' lang='grc' dir='ltr'><strong>ἀφ’</strong></span> <span class='ocrx_word' id='word_1_252' title='bbox 465 2193 526 2254; x_wconf 79' lang='grc' dir='ltr'><strong>οὗ</strong></span> <span class='ocrx_word' id='word_1_253' title='bbox 561 2201 884 2271; x_wconf 74' lang='grc' dir='ltr'>Μασσήννοι.</span> 
     </span>
    </p>
   </div>
   <div class='ocr_carea' id='block_1_38' title="bbox 401 2286 1907 2364">
    <p class='ocr_par' dir='ltr' id='par_1_38' title="bbox 401 2286 1907 2364">
     <span class='ocr_line' id='line_1_38' title="bbox 401 2286 1907 2364; baseline 0.003 -20"><span class='ocrx_word' id='word_1_254' title='bbox 401 2292 521 2345; x_wconf 65' lang='grc' dir='ltr'><strong>Υίο)⁵</strong></span> <span class='ocrx_word' id='word_1_255' title='bbox 564 2292 1098 2363; x_wconf 80' lang='grc' dir='ltr'>Ἀρφαξὰδ·Καῖνὰν,</span> <span class='ocrx_word' id='word_1_256' title='bbox 1135 2286 1323 2364; x_wconf 74' lang='grc' dir='ltr'>ἀφ”οὗ</span> <span class='ocrx_word' id='word_1_257' title='bbox 1379 2294 1747 2364; x_wconf 87' lang='grc' dir='ltr'>Σογγοδιανοί·</span> <span class='ocrx_word' id='word_1_258' title='bbox 1799 2294 1907 2348; x_wconf 83' lang='grc' dir='ltr'><strong>ἀπὸ</strong></span> 
     </span>
    </p>
   </div>
   <div class='ocr_carea' id='block_1_39' title="bbox 328 2385 1909 2460">
    <p class='ocr_par' dir='ltr' id='par_1_39' title="bbox 328 2385 1909 2460">
     <span class='ocr_line' id='line_1_39' title="bbox 328 2385 1909 2460; baseline -0.001 -20"><span class='ocrx_word' id='word_1_259' title='bbox 328 2385 521 2440; x_wconf 81' lang='grc' dir='ltr'>τούτου</span> <span class='ocrx_word' id='word_1_260' title='bbox 549 2385 606 2440; x_wconf 86' lang='grc' dir='ltr'>δὲ</span> <span class='ocrx_word' id='word_1_261' title='bbox 636 2387 731 2440; x_wconf 75' lang='grc' dir='ltr'>καὶ</span> <span class='ocrx_word' id='word_1_262' title='bbox 759 2388 793 2460; x_wconf 76' lang='grc' dir='ltr'><strong>ἡ</strong></span> <span class='ocrx_word' id='word_1_263' title='bbox 824 2385 1155 2458; x_wconf 79' lang='grc' dir='ltr'>ἀστρονομία</span> <span class='ocrx_word' id='word_1_264' title='bbox 1190 2387 1284 2440; x_wconf 77' lang='grc' dir='ltr'><strong>καὶ</strong></span> <span class='ocrx_word' id='word_1_265' title='bbox 1314 2386 1596 2458; x_wconf 78' lang='grc' dir='ltr'>οἰωνισμοὶ</span> <span class='ocrx_word' id='word_1_266' title='bbox 1618 2386 1909 2458; x_wconf 82' lang='grc' dir='ltr'>ἐπενοήθη-</span> 
     </span>
    </p>
   </div>
   <div class='ocr_carea' id='block_1_40' title="bbox 333 2495 453 2532">
    <p class='ocr_par' dir='ltr' id='par_1_40' title="bbox 333 2495 453 2532">
     <span class='ocr_line' id='line_1_40' title="bbox 333 2495 453 2532; baseline 0.008 -1"><span class='ocrx_word' id='word_1_267' title='bbox 333 2495 453 2532; x_wconf 88' lang='grc' dir='ltr'>σαν.</span> 
     </span>
    </p>
   </div>
   <div class='ocr_carea' id='block_1_41' title="bbox 406 2564 1905 2643">
    <p class='ocr_par' dir='ltr' id='par_1_41' title="bbox 406 2564 1905 2643">
     <span class='ocr_line' id='line_1_41' title="bbox 406 2564 1905 2643; baseline 0.001 -19"><span class='ocrx_word' id='word_1_268' title='bbox 406 2570 533 2634; x_wconf 81' lang='grc' dir='ltr'>Υἱὸς</span> <span class='ocrx_word' id='word_1_269' title='bbox 551 2571 608 2624; x_wconf 81' lang='grc' dir='ltr'>δὲ</span> <span class='ocrx_word' id='word_1_270' title='bbox 647 2571 863 2640; x_wconf 80' lang='grc' dir='ltr'>ἐγένετο</span> <span class='ocrx_word' id='word_1_271' title='bbox 899 2571 976 2643; x_wconf 83' lang='grc' dir='ltr'><strong>τῷ</strong></span> <span class='ocrx_word' id='word_1_272' title='bbox 1005 2571 1214 2628; x_wconf 80' lang='grc' dir='ltr'>Καϊνὰν</span> <span class='ocrx_word' id='word_1_273' title='bbox 1244 2570 1408 2636; x_wconf 80' lang='grc' dir='ltr'>Σαλὰ,</span> <span class='ocrx_word' id='word_1_274' title='bbox 1447 2572 1540 2642; x_wconf 69' lang='grc' dir='ltr'><strong>ἀφ’</strong></span> <span class='ocrx_word' id='word_1_275' title='bbox 1587 2564 1648 2624; x_wconf 76' lang='grc' dir='ltr'><strong>οὗ</strong></span> <span class='ocrx_word' id='word_1_276' title='bbox 1680 2571 1905 2625; x_wconf 82' lang='grc' dir='ltr'>Σουσια-</span> 
     </span>
    </p>
   </div>
   <div class='ocr_carea' id='block_1_42' title="bbox 333 2663 434 2716">
    <p class='ocr_par' dir='ltr' id='par_1_42' title="bbox 333 2663 434 2716">
     <span class='ocr_line' id='line_1_42' title="bbox 333 2663 434 2716; baseline 0 0"><span class='ocrx_word' id='word_1_277' title='bbox 333 2663 434 2716; x_wconf 85' lang='grc' dir='ltr'>νοί.</span> 
     </span>
    </p>
   </div>
   <div class='ocr_carea' id='block_1_43' title="bbox 405 2749 1908 2830">
    <p class='ocr_par' dir='ltr' id='par_1_43' title="bbox 405 2749 1908 2830">
     <span class='ocr_line' id='line_1_43' title="bbox 405 2749 1908 2830; baseline 0.001 -23"><span class='ocrx_word' id='word_1_278' title='bbox 405 2754 532 2818; x_wconf 60' lang='grc' dir='ltr'>Υἱός</span> <span class='ocrx_word' id='word_1_279' title='bbox 554 2754 648 2808; x_wconf 78' lang='grc' dir='ltr'>τοῦ</span> <span class='ocrx_word' id='word_1_280' title='bbox 682 2755 827 2808; x_wconf 72' lang='grc' dir='ltr'>Σαλα</span> <span class='ocrx_word' id='word_1_281' title='bbox 857 2755 1043 2827; x_wconf 87' lang='grc' dir='ltr'>Ἔϐερ,</span> <span class='ocrx_word' id='word_1_282' title='bbox 1077 2757 1170 2826; x_wconf 79' lang='grc' dir='ltr'><strong>ἀφ’</strong></span> <span class='ocrx_word' id='word_1_283' title='bbox 1193 2749 1255 2810; x_wconf 73' lang='grc' dir='ltr'><strong>οὗ</strong></span> <span class='ocrx_word' id='word_1_284' title='bbox 1296 2755 1559 2830; x_wconf 87' lang='grc' dir='ltr'>Ἑϐραῖοι,</span> <span class='ocrx_word' id='word_1_285' title='bbox 1593 2756 1785 2820; x_wconf 77' lang='grc' dir='ltr'>οἵτινες</span> <span class='ocrx_word' id='word_1_286' title='bbox 1811 2754 1908 2826; x_wconf 73' lang='grc' dir='ltr'>τὴν</span> 
     </span>
    </p>
   </div>
   <div class='ocr_carea' id='block_1_44' title="bbox 332 2847 1907 2927">
    <p class='ocr_par' dir='ltr' id='par_1_44' title="bbox 332 2847 1907 2927">
     <span class='ocr_line' id='line_1_44' title="bbox 332 2847 1907 2927; baseline -0.002 -24"><span class='ocrx_word' id='word_1_287' title='bbox 332 2847 566 2920; x_wconf 76' lang='grc' dir='ltr'>ἀρχαίαν</span> <span class='ocrx_word' id='word_1_288' title='bbox 594 2847 854 2919; x_wconf 85' lang='grc' dir='ltr'>κατέσχον</span> <span class='ocrx_word' id='word_1_289' title='bbox 880 2850 979 2927; x_wconf 76' lang='grc' dir='ltr'>τὴν</span> <span class='ocrx_word' id='word_1_290' title='bbox 1013 2849 1265 2920; x_wconf 79' lang='grc' dir='ltr'>Ἐϐραῗδα</span> <span class='ocrx_word' id='word_1_291' title='bbox 1293 2849 1591 2913; x_wconf 87' lang='grc' dir='ltr'>διάλεκτον,</span> <span class='ocrx_word' id='word_1_292' title='bbox 1622 2848 1716 2901; x_wconf 81' lang='grc' dir='ltr'><strong>τοῦ</strong></span> <span class='ocrx_word' id='word_1_293' title='bbox 1741 2849 1907 2919; x_wconf 87' lang='grc' dir='ltr'>Ἔϐερ</span> 
     </span>
    </p>
   </div>
   <div class='ocr_carea' id='block_1_45' title="bbox 335 2939 1909 3012">
    <p class='ocr_par' dir='ltr' id='par_1_45' title="bbox 335 2939 1909 3012">
     <span class='ocr_line' id='line_1_45' title="bbox 335 2939 1909 3012; baseline -0.004 -15"><span class='ocrx_word' id='word_1_294' title='bbox 335 2939 413 3011; x_wconf 80' lang='grc' dir='ltr'>μὴ</span> <span class='ocrx_word' id='word_1_295' title='bbox 453 2941 1005 3012; x_wconf 81' lang='grc' dir='ltr'>συμπαραγενομένου</span> <span class='ocrx_word' id='word_1_296' title='bbox 1057 2943 1136 3004; x_wconf 86' lang='grc' dir='ltr'><strong>είς</strong></span> <span class='ocrx_word' id='word_1_297' title='bbox 1171 2940 1269 3011; x_wconf 82' lang='grc' dir='ltr'>τὴν</span> <span class='ocrx_word' id='word_1_298' title='bbox 1323 2939 1418 2993; x_wconf 80' lang='grc' dir='ltr'><strong>τοῦ</strong></span> <span class='ocrx_word' id='word_1_299' title='bbox 1461 2940 1668 3012; x_wconf 83' lang='grc' dir='ltr'>πύργου</span> <span class='ocrx_word' id='word_1_300' title='bbox 1706 2939 1909 2994; x_wconf 87' lang='grc' dir='ltr'>οίκοδο-</span> 
     </span>
    </p>
   </div>
   <div class='ocr_carea' id='block_1_46' title="bbox 337 3029 1414 3103">
    <p class='ocr_par' dir='ltr' id='par_1_46' title="bbox 337 3029 1414 3103">
     <span class='ocr_line' id='line_1_46' title="bbox 337 3029 1414 3103; baseline 0.002 -20"><span class='ocrx_word' id='word_1_301' title='bbox 337 3029 464 3103; x_wconf 84' lang='grc' dir='ltr'>μὴν,</span> <span class='ocrx_word' id='word_1_302' title='bbox 491 3031 583 3083; x_wconf 76' lang='grc' dir='ltr'>καὶ</span> <span class='ocrx_word' id='word_1_303' title='bbox 613 3030 992 3096; x_wconf 86' lang='grc' dir='ltr'>ἀλλοιωθέντος</span> <span class='ocrx_word' id='word_1_304' title='bbox 1020 3033 1118 3103; x_wconf 74' lang='grc' dir='ltr'>τὴν</span> <span class='ocrx_word' id='word_1_305' title='bbox 1149 3032 1414 3101; x_wconf 83' lang='grc' dir='ltr'>γλῶτταν.</span> 
     </span>
    </p>
   </div>
   <div class='ocr_carea' id='block_1_47' title="bbox 405 3118 1976 3208">
    <p class='ocr_par' dir='ltr' id='par_1_47' title="bbox 405 3118 1976 3208">
     <span class='ocr_line' id='line_1_47' title="bbox 405 3118 1976 3208; baseline 0.001 -32"><span class='ocrx_word' id='word_1_306' title='bbox 405 3122 526 3176; x_wconf 75' lang='grc' dir='ltr'><strong>Υἱοὶ</strong></span> <span class='ocrx_word' id='word_1_307' title='bbox 558 3123 614 3176; x_wconf 87' lang='grc' dir='ltr'>δὲ</span> <span class='ocrx_word' id='word_1_308' title='bbox 642 3121 735 3178; x_wconf 82' lang='grc' dir='ltr'><strong>τοῦ</strong></span> <span class='ocrx_word' id='word_1_309' title='bbox 775 3125 940 3197; x_wconf 85' lang='grc' dir='ltr'>Ἔϐερ</span> <span class='ocrx_word' id='word_1_310' title='bbox 966 3125 1162 3187; x_wconf 83' lang='grc' dir='ltr'>Φαλὲκ,</span> <span class='ocrx_word' id='word_1_311' title='bbox 1199 3126 1292 3194; x_wconf 81' lang='grc' dir='ltr'><strong>ἀφ’</strong></span> <span class='ocrx_word' id='word_1_312' title='bbox 1324 3118 1384 3178; x_wconf 76' lang='grc' dir='ltr'><strong>οὗ</strong></span> <span class='ocrx_word' id='word_1_313' title='bbox 1426 3123 1725 3196; x_wconf 88' lang='grc' dir='ltr'>Ἀδιαϐηνοί</span> <span class='ocrx_word' id='word_1_314' title='bbox 1745 3142 1758 3154; x_wconf 90' lang='grc'><strong>·</strong></span> <span class='ocrx_word' id='word_1_315' title='bbox 1813 3125 1908 3178; x_wconf 86' lang='grc' dir='ltr'><strong>Ίε-</strong></span> <span class='ocrx_word' id='word_1_316' title='bbox 1934 3149 1976 3208; x_wconf 77' lang='lat' dir='ltr'><strong>C</strong></span> 
     </span>
    </p>
   </div>
   <div class='ocr_carea' id='block_1_48' title="bbox 2007 1919 3578 1991">
    <p class='ocr_par' dir='ltr' id='par_1_48' title="bbox 2007 1919 3578 1991">
     <span class='ocr_line' id='line_1_48' title="bbox 2007 1919 3578 1991; baseline -0.005 -10"><span class='ocrx_word' id='word_1_317' title='bbox 2007 1927 2351 1986; x_wconf 82' lang='lat' dir='ltr'><strong>Damascum,</strong></span> <span class='ocrx_word' id='word_1_318' title='bbox 2381 1932 2435 1980; x_wconf 88' lang='lat' dir='ltr'><strong>ct</strong></span> <span class='ocrx_word' id='word_1_319' title='bbox 2485 1921 2949 1986; x_wconf 87' lang='lat' dir='ltr'><strong>Tracbonitidem,</strong></span> <span class='ocrx_word' id='word_1_320' title='bbox 3007 1936 3127 1991; x_wconf 82' lang='lat' dir='ltr'><strong>quae</strong></span> <span class='ocrx_word' id='word_1_321' title='bbox 3161 1920 3304 1976; x_wconf 90' lang='lat' dir='ltr'><strong>inter</strong></span> <span class='ocrx_word' id='word_1_322' title='bbox 3331 1919 3578 1975; x_wconf 63' lang='lat' dir='ltr'><strong>Palaesti-</strong></span> 
     </span>
    </p>
   </div>
   <div class='ocr_carea' id='block_1_49' title="bbox 2005 2011 3577 2089">
    <p class='ocr_par' dir='ltr' id='par_1_49' title="bbox 2005 2011 3577 2089">
     <span class='ocr_line' id='line_1_49' title="bbox 2005 2011 3577 2089; baseline -0.006 -14"><span class='ocrx_word' id='word_1_323' title='bbox 2005 2035 2133 2076; x_wconf 89' lang='lat' dir='ltr'><strong>nam</strong></span> <span class='ocrx_word' id='word_1_324' title='bbox 2179 2026 2230 2074; x_wconf 84' lang='lat' dir='ltr'><strong>et</strong></span> <span class='ocrx_word' id='word_1_325' title='bbox 2270 2017 2628 2089; x_wconf 74' lang='lat' dir='ltr'><strong>Cwlosyriam</strong></span> <span class='ocrx_word' id='word_1_326' title='bbox 2670 2015 2847 2070; x_wconf 88' lang='lat' dir='ltr'><strong>media</strong></span> <span class='ocrx_word' id='word_1_327' title='bbox 2876 2023 2994 2081; x_wconf 90' lang='lat' dir='ltr'><strong>est;</strong></span> <span class='ocrx_word' id='word_1_328' title='bbox 3040 2011 3125 2076; x_wconf 88' lang='lat' dir='ltr'><strong>Ul,</strong></span> <span class='ocrx_word' id='word_1_329' title='bbox 3159 2028 3226 2068; x_wconf 92' lang='lat' dir='ltr'><strong>ex</strong></span> <span class='ocrx_word' id='word_1_330' title='bbox 3267 2028 3376 2083; x_wconf 91' lang='lat' dir='ltr'><strong>quo</strong></span> <span class='ocrx_word' id='word_1_331' title='bbox 3402 2011 3577 2068; x_wconf 79' lang='lat' dir='ltr'><strong>Laza-</strong></span> 
     </span>
    </p>
   </div>
   <div class='ocr_carea' id='block_1_50' title="bbox 2007 2099 3578 2176">
    <p class='ocr_par' dir='ltr' id='par_1_50' title="bbox 2007 2099 3578 2176">
     <span class='ocr_line' id='line_1_50' title="bbox 2007 2099 3578 2176; baseline -0.01 -10"><span class='ocrx_word' id='word_1_332' title='bbox 2007 2124 2239 2176; x_wconf 90' lang='lat' dir='ltr'><strong>nenses;</strong></span> <span class='ocrx_word' id='word_1_333' title='bbox 2279 2105 2500 2171; x_wconf 83' lang='lat' dir='ltr'><strong>Gather,</strong></span> <span class='ocrx_word' id='word_1_334' title='bbox 2529 2121 2596 2160; x_wconf 91' lang='lat' dir='ltr'><strong>ex</strong></span> <span class='ocrx_word' id='word_1_335' title='bbox 2628 2119 2737 2176; x_wconf 91' lang='lat' dir='ltr'><strong>quo</strong></span> <span class='ocrx_word' id='word_1_336' title='bbox 2776 2101 3074 2173; x_wconf 87' lang='lat' dir='ltr'><strong>Stapbeui;</strong></span> <span class='ocrx_word' id='word_1_337' title='bbox 3105 2099 3347 2165; x_wconf 85' lang='lat' dir='ltr'><strong>Mesoch,</strong></span> <span class='ocrx_word' id='word_1_338' title='bbox 3376 2114 3441 2155; x_wconf 89' lang='lat' dir='ltr'><strong>ex</strong></span> <span class='ocrx_word' id='word_1_339' title='bbox 3467 2113 3578 2170; x_wconf 89' lang='lat' dir='ltr'><strong>quo</strong></span> 
     </span>
    </p>
   </div>
   <div class='ocr_carea' id='block_1_51' title="bbox 2007 2199 2292 2257">
    <p class='ocr_par' dir='ltr' id='par_1_51' title="bbox 2007 2199 2292 2257">
     <span class='ocr_line' id='line_1_51' title="bbox 2007 2199 2292 2257; baseline 0.004 -1"><span class='ocrx_word' id='word_1_340' title='bbox 2007 2199 2292 2257; x_wconf 79' lang='lat' dir='ltr'><strong>Massenii.</strong></span> 
     </span>
    </p>
   </div>
   <div class='ocr_carea' id='block_1_52' title="bbox 2075 2283 3578 2362">
    <p class='ocr_par' dir='ltr' id='par_1_52' title="bbox 2075 2283 3578 2362">
     <span class='ocr_line' id='line_1_52' title="bbox 2075 2283 3578 2362; baseline -0.006 -14"><span class='ocrx_word' id='word_1_341' title='bbox 2075 2291 2200 2348; x_wconf 87' lang='lat' dir='ltr'><strong>Filii</strong></span> <span class='ocrx_word' id='word_1_342' title='bbox 2249 2289 2580 2362; x_wconf 83' lang='lat' dir='ltr'><strong>Arphaxad:</strong></span> <span class='ocrx_word' id='word_1_343' title='bbox 2612 2287 2906 2352; x_wconf 75' lang='lat' dir='ltr'><strong>Cainan“,</strong></span> <span class='ocrx_word' id='word_1_344' title='bbox 2947 2302 3012 2342; x_wconf 83' lang='lat' dir='ltr'><strong>ex</strong></span> <span class='ocrx_word' id='word_1_345' title='bbox 3067 2300 3178 2356; x_wconf 92' lang='lat' dir='ltr'><strong>quo</strong></span> <span class='ocrx_word' id='word_1_346' title='bbox 3213 2283 3578 2356; x_wconf 79' lang='lat' dir='ltr'><strong>Soggodiani;</strong></span> 
     </span>
    </p>
   </div>
   <div class='ocr_carea' id='block_1_53' title="bbox 2007 2376 3362 2450">
    <p class='ocr_par' dir='ltr' id='par_1_53' title="bbox 2007 2376 3362 2450">
     <span class='ocr_line' id='line_1_53' title="bbox 2007 2376 3362 2450; baseline -0.008 -9"><span class='ocrx_word' id='word_1_347' title='bbox 2007 2385 2096 2441; x_wconf 91' lang='lat' dir='ltr'><strong>hic</strong></span> <span class='ocrx_word' id='word_1_348' title='bbox 2124 2384 2303 2441; x_wconf 86' lang='lat' dir='ltr'><strong>sidera</strong></span> <span class='ocrx_word' id='word_1_349' title='bbox 2328 2380 2658 2449; x_wconf 84' lang='lat' dir='ltr'><strong>observavit,</strong></span> <span class='ocrx_word' id='word_1_350' title='bbox 2684 2389 2738 2435; x_wconf 90' lang='lat' dir='ltr'><strong>et</strong></span> <span class='ocrx_word' id='word_1_351' title='bbox 2773 2379 2997 2450; x_wconf 83' lang='lat' dir='ltr'><strong>auguria</strong></span> <span class='ocrx_word' id='word_1_352' title='bbox 3018 2376 3362 2447; x_wconf 81' lang='lat' dir='ltr'><strong>excogitavit.</strong></span> 
     </span>
    </p>
   </div>
   <div class='ocr_carea' id='block_1_54' title="bbox 2077 2555 3292 2627">
    <p class='ocr_par' dir='ltr' id='par_1_54' title="bbox 2077 2555 3292 2627">
     <span class='ocr_line' id='line_1_54' title="bbox 2077 2555 3292 2627; baseline -0.006 -11"><span class='ocrx_word' id='word_1_353' title='bbox 2077 2560 2284 2616; x_wconf 84' lang='lat' dir='ltr'><strong>Cainan</strong></span> <span class='ocrx_word' id='word_1_354' title='bbox 2319 2559 2460 2615; x_wconf 87' lang='lat' dir='ltr'><strong>ﬁlius</strong></span> <span class='ocrx_word' id='word_1_355' title='bbox 2493 2558 2592 2613; x_wconf 85' lang='lat' dir='ltr'><strong>fuit</strong></span> <span class='ocrx_word' id='word_1_356' title='bbox 2631 2557 2789 2624; x_wconf 66' lang='lat' dir='ltr'><strong>Salsa,</strong></span> <span class='ocrx_word' id='word_1_357' title='bbox 2824 2573 2888 2613; x_wconf 89' lang='lat' dir='ltr'><strong>ex</strong></span> <span class='ocrx_word' id='word_1_358' title='bbox 2911 2573 3020 2627; x_wconf 91' lang='lat' dir='ltr'><strong>quo</strong></span> <span class='ocrx_word' id='word_1_359' title='bbox 3053 2555 3292 2611; x_wconf 82' lang='lat' dir='ltr'><strong>Susiani.</strong></span> 
     </span>
    </p>
   </div>
   <div class='ocr_carea' id='block_1_55' title="bbox 2079 2732 3580 2806">
    <p class='ocr_par' dir='ltr' id='par_1_55' title="bbox 2079 2732 3580 2806">
     <span class='ocr_line' id='line_1_55' title="bbox 2079 2732 3580 2806; baseline -0.001 -17"><span class='ocrx_word' id='word_1_360' title='bbox 2079 2735 2251 2791; x_wconf 88' lang='lat' dir='ltr'><strong>Filius</strong></span> <span class='ocrx_word' id='word_1_361' title='bbox 2284 2734 2423 2790; x_wconf 69' lang='lat' dir='ltr'><strong>Salax:</strong></span> <span class='ocrx_word' id='word_1_362' title='bbox 2473 2733 2652 2791; x_wconf 84' lang='lat' dir='ltr'><strong>Heber</strong></span> <span class='ocrx_word' id='word_1_363' title='bbox 2675 2737 2741 2800; x_wconf 79' lang='grc' dir='ltr'><strong>⁵ο,</strong></span> <span class='ocrx_word' id='word_1_364' title='bbox 2783 2751 2850 2791; x_wconf 90' lang='lat' dir='ltr'><strong>ex</strong></span> <span class='ocrx_word' id='word_1_365' title='bbox 2893 2750 2999 2806; x_wconf 91' lang='lat' dir='ltr'><strong>quo</strong></span> <span class='ocrx_word' id='word_1_366' title='bbox 3041 2732 3276 2801; x_wconf 68' lang='lat' dir='ltr'><strong>llebraai,</strong></span> <span class='ocrx_word' id='word_1_367' title='bbox 3307 2732 3400 2803; x_wconf 91' lang='lat' dir='ltr'><strong>qui</strong></span> <span class='ocrx_word' id='word_1_368' title='bbox 3433 2741 3580 2788; x_wconf 86' lang='lat' dir='ltr'><strong>vete-</strong></span> 
     </span>
    </p>
   </div>
   <div class='ocr_carea' id='block_1_56' title="bbox 2010 2821 3585 2899">
    <p class='ocr_par' dir='ltr' id='par_1_56' title="bbox 2010 2821 3585 2899">
     <span class='ocr_line' id='line_1_56' title="bbox 2010 2821 3585 2899; baseline 0 -18"><span class='ocrx_word' id='word_1_369' title='bbox 2010 2843 2123 2882; x_wconf 85' lang='lat' dir='ltr'><strong>rem</strong></span> <span class='ocrx_word' id='word_1_370' title='bbox 2168 2829 2510 2883; x_wconf 83' lang='lat' dir='ltr'><strong>retinuerunt</strong></span> <span class='ocrx_word' id='word_1_371' title='bbox 2554 2827 2750 2898; x_wconf 72' lang='lat' dir='ltr'><strong>lingua:</strong></span> <span class='ocrx_word' id='word_1_372' title='bbox 2792 2828 3200 2899; x_wconf 84' lang='lat' dir='ltr'><strong>proprietatem,</strong></span> <span class='ocrx_word' id='word_1_373' title='bbox 3239 2840 3362 2880; x_wconf 91' lang='lat' dir='ltr'><strong>cum</strong></span> <span class='ocrx_word' id='word_1_374' title='bbox 3404 2821 3585 2881; x_wconf 77' lang='lat' dir='ltr'><strong>Hebcr</strong></span> 
     </span>
    </p>
   </div>
   <div class='ocr_carea' id='block_1_57' title="bbox 2011 2917 3582 2981">
    <p class='ocr_par' dir='ltr' id='par_1_57' title="bbox 2011 2917 3582 2981">
     <span class='ocr_line' id='line_1_57' title="bbox 2011 2917 3582 2981; baseline -0.003 -5"><span class='ocrx_word' id='word_1_375' title='bbox 2011 2923 2065 2976; x_wconf 93' lang='lat' dir='ltr'><strong>in</strong></span> <span class='ocrx_word' id='word_1_376' title='bbox 2094 2929 2423 2977; x_wconf 87' lang='lat' dir='ltr'><strong>structuram</strong></span> <span class='ocrx_word' id='word_1_377' title='bbox 2456 2921 2626 2978; x_wconf 84' lang='lat' dir='ltr'><strong>turris</strong></span> <span class='ocrx_word' id='word_1_378' title='bbox 2657 2920 2881 2977; x_wconf 89' lang='lat' dir='ltr'><strong>minime</strong></span> <span class='ocrx_word' id='word_1_379' title='bbox 2924 2936 3049 2974; x_wconf 85' lang='lat' dir='ltr'><strong>eum</strong></span> <span class='ocrx_word' id='word_1_380' title='bbox 3075 2920 3195 2974; x_wconf 89' lang='lat' dir='ltr'><strong>aliis</strong></span> <span class='ocrx_word' id='word_1_381' title='bbox 3235 2917 3582 2981; x_wconf 85' lang='lat' dir='ltr'><strong>convenerit,</strong></span> 
     </span>
    </p>
   </div>
   <div class='ocr_carea' id='block_1_58' title="bbox 2010 3016 2974 3088">
    <p class='ocr_par' dir='ltr' id='par_1_58' title="bbox 2010 3016 2974 3088">
     <span class='ocr_line' id='line_1_58' title="bbox 2010 3016 2974 3088; baseline 0.001 -17"><span class='ocrx_word' id='word_1_382' title='bbox 2010 3016 2241 3086; x_wconf 87' lang='lat' dir='ltr'><strong>ideoque</strong></span> <span class='ocrx_word' id='word_1_383' title='bbox 2279 3032 2379 3072; x_wconf 91' lang='lat' dir='ltr'><strong>nec</strong></span> <span class='ocrx_word' id='word_1_384' title='bbox 2400 3017 2637 3088; x_wconf 86' lang='lat' dir='ltr'><strong>linguam</strong></span> <span class='ocrx_word' id='word_1_385' title='bbox 2661 3016 2974 3074; x_wconf 83' lang='lat' dir='ltr'><strong>mutaverit.</strong></span> 
     </span>
    </p>
   </div>
   <div class='ocr_carea' id='block_1_59' title="bbox 2083 3109 3586 3183">
    <p class='ocr_par' dir='ltr' id='par_1_59' title="bbox 2083 3109 3586 3183">
     <span class='ocr_line' id='line_1_59' title="bbox 2083 3109 3586 3183; baseline 0.001 -19"><span class='ocrx_word' id='word_1_386' title='bbox 2083 3109 2205 3165; x_wconf 88' lang='lat' dir='ltr'><strong>Filii</strong></span> <span class='ocrx_word' id='word_1_387' title='bbox 2235 3109 2432 3177; x_wconf 81' lang='lat' dir='ltr'><strong>Heber,</strong></span> <span class='ocrx_word' id='word_1_388' title='bbox 2461 3110 2660 3167; x_wconf 89' lang='lat' dir='ltr'><strong>Phalec</strong></span> <span class='ocrx_word' id='word_1_389' title='bbox 2680 3111 2748 3177; x_wconf 80' lang='grc'><strong>⁵³,</strong></span> <span class='ocrx_word' id='word_1_390' title='bbox 2782 3127 2848 3167; x_wconf 89' lang='lat' dir='ltr'><strong>ex</strong></span> <span class='ocrx_word' id='word_1_391' title='bbox 2881 3127 2990 3183; x_wconf 92' lang='lat' dir='ltr'><strong>quo</strong></span> <span class='ocrx_word' id='word_1_392' title='bbox 3019 3111 3322 3180; x_wconf 80' lang='lat' dir='ltr'><strong>Adiabeni;</strong></span> <span class='ocrx_word' id='word_1_393' title='bbox 3365 3109 3586 3178; x_wconf 55' lang='lat' dir='ltr'><strong>Jectan,</strong></span> 
     </span>
    </p>
   </div>
   <div class='ocr_carea' id='block_1_60' title="bbox 331 3201 1904 3290">
    <p class='ocr_par' dir='ltr' id='par_1_60' title="bbox 331 3211 1904 3290">
     <span class='ocr_line' id='line_1_60' title="bbox 331 3211 1904 3290; baseline -0.002 -17"><span class='ocrx_word' id='word_1_394' title='bbox 331 3215 486 3283; x_wconf 76' lang='grc' dir='ltr'>κτὰν,</span> <span class='ocrx_word' id='word_1_395' title='bbox 534 3216 629 3287; x_wconf 79' lang='grc' dir='ltr'><strong>ἀφ’</strong></span> <span class='ocrx_word' id='word_1_396' title='bbox 677 3211 738 3271; x_wconf 76' lang='grc' dir='ltr'>οὗ</span> <span class='ocrx_word' id='word_1_397' title='bbox 806 3216 1133 3290; x_wconf 85' lang='grc' dir='ltr'>Ἑδραμαῖοι.</span> <span class='ocrx_word' id='word_1_398' title='bbox 1190 3217 1248 3270; x_wconf 89' lang='lat'><strong>&#39;0</strong></span> <span class='ocrx_word' id='word_1_399' title='bbox 1292 3217 1349 3270; x_wconf 78' lang='grc' dir='ltr'>δὲ</span> <span class='ocrx_word' id='word_1_400' title='bbox 1395 3217 1572 3272; x_wconf 79' lang='grc' dir='ltr'>Φαλὲκ</span> <span class='ocrx_word' id='word_1_401' title='bbox 1618 3215 1704 3270; x_wconf 84' lang='grc' dir='ltr'>διὰ</span> <span class='ocrx_word' id='word_1_402' title='bbox 1748 3215 1904 3270; x_wconf 81' lang='grc' dir='ltr'>τοῦτο</span> 
     </span>
    </p>
   </div>
   <div class='ocr_carea' id='block_1_61' title="bbox 2006 3201 3579 3290">
    <p class='ocr_par' dir='ltr' id='par_1_61' title="bbox 2011 3201 3579 3279">
     <span class='ocr_line' id='line_1_61' title="bbox 2011 3201 3579 3279; baseline -0.001 -21"><span class='ocrx_word' id='word_1_403' title='bbox 2011 3218 2078 3279; x_wconf 85' lang='lat' dir='ltr'><strong>ex</strong></span> <span class='ocrx_word' id='word_1_404' title='bbox 2102 3217 2211 3272; x_wconf 87' lang='lat' dir='ltr'><strong>quo</strong></span> <span class='ocrx_word' id='word_1_405' title='bbox 2236 3201 2558 3258; x_wconf 85' lang='lat' dir='ltr'><strong>Hedramaei.</strong></span> <span class='ocrx_word' id='word_1_406' title='bbox 2588 3204 2824 3275; x_wconf 84' lang='lat' dir='ltr'><strong>Ideoque</strong></span> <span class='ocrx_word' id='word_1_407' title='bbox 2868 3202 3067 3260; x_wconf 90' lang='lat' dir='ltr'><strong>Phalec</strong></span> <span class='ocrx_word' id='word_1_408' title='bbox 3103 3205 3286 3260; x_wconf 84' lang='lat' dir='ltr'><strong>dictus</strong></span> <span class='ocrx_word' id='word_1_409' title='bbox 3312 3212 3418 3269; x_wconf 88' lang='lat' dir='ltr'><strong>est,</strong></span> <span class='ocrx_word' id='word_1_410' title='bbox 3454 3219 3579 3258; x_wconf 83' lang='lat' dir='ltr'><strong>cum</strong></span> 
     </span>
    </p>
   </div>
   <div class='ocr_carea' id='block_1_62' title="bbox 329 3307 1905 3382">
    <p class='ocr_par' dir='ltr' id='par_1_62' title="bbox 329 3307 1905 3382">
     <span class='ocr_line' id='line_1_62' title="bbox 329 3307 1905 3382; baseline -0.002 -17"><span class='ocrx_word' id='word_1_411' title='bbox 329 3307 532 3380; x_wconf 70' lang='grc' dir='ltr'>ἐκλήθη</span> <span class='ocrx_word' id='word_1_412' title='bbox 595 3309 792 3375; x_wconf 70' lang='grc' dir='ltr'>Φαλὲκ,</span> <span class='ocrx_word' id='word_1_413' title='bbox 843 3310 1029 3382; x_wconf 79' lang='grc' dir='ltr'>ἐπειδὴ</span> <span class='ocrx_word' id='word_1_414' title='bbox 1089 3310 1230 3365; x_wconf 81' lang='grc' dir='ltr'>κατὰ</span> <span class='ocrx_word' id='word_1_415' title='bbox 1296 3309 1386 3363; x_wconf 70' lang='grc' dir='ltr'><strong>τὸν</strong></span> <span class='ocrx_word' id='word_1_416' title='bbox 1449 3310 1742 3364; x_wconf 84' lang='grc' dir='ltr'>ἀπόστολον</span> <span class='ocrx_word' id='word_1_417' title='bbox 1798 3309 1905 3362; x_wconf 83' lang='grc' dir='ltr'><strong>τῶν</strong></span> 
     </span>
    </p>
   </div>
   <div class='ocr_carea' id='block_1_63' title="bbox 329 3402 1908 3476">
    <p class='ocr_par' dir='ltr' id='par_1_63' title="bbox 329 3402 1908 3476">
     <span class='ocr_line' id='line_1_63' title="bbox 329 3402 1908 3476; baseline 0.001 -20"><span class='ocrx_word' id='word_1_418' title='bbox 329 3402 598 3457; x_wconf 82' lang='grc' dir='ltr'>ἀποικιῶν</span> <span class='ocrx_word' id='word_1_419' title='bbox 626 3403 839 3475; x_wconf 73' lang='grc' dir='ltr'>ἐτέχθη.</span> <span class='ocrx_word' id='word_1_420' title='bbox 885 3403 1060 3457; x_wconf 79' lang='grc' dir='ltr'>Φαλὲκ</span> <span class='ocrx_word' id='word_1_421' title='bbox 1086 3404 1193 3476; x_wconf 85' lang='grc' dir='ltr'>γὰρ</span> <span class='ocrx_word' id='word_1_422' title='bbox 1233 3406 1278 3456; x_wconf 83' lang='grc' dir='ltr'>οἱ</span> <span class='ocrx_word' id='word_1_423' title='bbox 1329 3404 1569 3476; x_wconf 80' lang='grc' dir='ltr'>Ἑϐραῖοι</span> <span class='ocrx_word' id='word_1_424' title='bbox 1612 3404 1908 3474; x_wconf 76' lang='grc' dir='ltr'>μερισμὸν</span> 
     </span>
    </p>
   </div>
   <div class='ocr_carea' id='block_1_64' title="bbox 328 3492 1906 3566">
    <p class='ocr_par' dir='ltr' id='par_1_64' title="bbox 328 3492 1906 3566">
     <span class='ocr_line' id='line_1_64' title="bbox 328 3492 1906 3566; baseline 0.003 -22"><span class='ocrx_word' id='word_1_425' title='bbox 328 3492 598 3561; x_wconf 90' lang='grc' dir='ltr'>λέγουσιν,</span> <span class='ocrx_word' id='word_1_426' title='bbox 641 3493 726 3546; x_wconf 78' lang='grc' dir='ltr'><strong>ἐπ’</strong></span> <span class='ocrx_word' id='word_1_427' title='bbox 755 3493 918 3548; x_wconf 72' lang='grc' dir='ltr'>αὐτοῦ</span> <span class='ocrx_word' id='word_1_428' title='bbox 960 3493 1346 3566; x_wconf 74' lang='grc' dir='ltr'>ἐμερίσθησαν.</span> <span class='ocrx_word' id='word_1_429' title='bbox 1381 3495 1490 3548; x_wconf 73' lang='grc' dir='ltr'>Καὶ</span> <span class='ocrx_word' id='word_1_430' title='bbox 1515 3496 1544 3546; x_wconf 85' lang='grc' dir='ltr'>ὁ</span> <span class='ocrx_word' id='word_1_431' title='bbox 1578 3495 1906 3566; x_wconf 60' lang='grc' dir='ltr'>ὑπονοούμε-</span> 
     </span>
    </p>
   </div>
   <div class='ocr_carea' id='block_1_65' title="bbox 329 3583 1908 3659">
    <p class='ocr_par' dir='ltr' id='par_1_65' title="bbox 329 3583 1908 3659">
     <span class='ocr_line' id='line_1_65' title="bbox 329 3583 1908 3659; baseline 0.001 -22"><span class='ocrx_word' id='word_1_432' title='bbox 329 3601 420 3647; x_wconf 70' lang='lat' dir='ltr'><strong>vo;</strong></span> <span class='ocrx_word' id='word_1_433' title='bbox 453 3583 562 3638; x_wconf 86' lang='grc' dir='ltr'><strong>τῶν</strong></span> <span class='ocrx_word' id='word_1_434' title='bbox 590 3585 727 3639; x_wconf 76' lang='grc' dir='ltr'>ἐτῶν</span> <span class='ocrx_word' id='word_1_435' title='bbox 768 3586 868 3656; x_wconf 79' lang='grc' dir='ltr'>τῆς</span> <span class='ocrx_word' id='word_1_436' title='bbox 901 3585 992 3639; x_wconf 81' lang='grc' dir='ltr'>τοῦ</span> <span class='ocrx_word' id='word_1_437' title='bbox 1023 3586 1228 3657; x_wconf 79' lang='grc' dir='ltr'>κόσμου</span> <span class='ocrx_word' id='word_1_438' title='bbox 1257 3587 1516 3659; x_wconf 83' lang='grc' dir='ltr'>διαμονῆς</span> <span class='ocrx_word' id='word_1_439' title='bbox 1556 3586 1786 3659; x_wconf 82' lang='grc' dir='ltr'>ἀριθμὸς</span> <span class='ocrx_word' id='word_1_440' title='bbox 1829 3586 1908 3650; x_wconf 88' lang='grc' dir='ltr'><strong>είς</strong></span> 
     </span>
    </p>
   </div>
   <div class='ocr_carea' id='block_1_66' title="bbox 330 3676 1905 3752">
    <p class='ocr_par' dir='ltr' id='par_1_66' title="bbox 330 3676 1905 3752">
     <span class='ocr_line' id='line_1_66' title="bbox 330 3676 1905 3752; baseline 0 -22"><span class='ocrx_word' id='word_1_441' title='bbox 330 3676 425 3730; x_wconf 86' lang='grc' dir='ltr'><strong>δύο</strong></span> <span class='ocrx_word' id='word_1_442' title='bbox 454 3676 677 3750; x_wconf 81' lang='grc' dir='ltr'>διῃρέθη</span> <span class='ocrx_word' id='word_1_443' title='bbox 712 3679 960 3731; x_wconf 79' lang='grc' dir='ltr'>ἰσαίτατα</span> <span class='ocrx_word' id='word_1_444' title='bbox 983 3697 996 3708; x_wconf 93' lang='grc'><strong>·</strong></span> <span class='ocrx_word' id='word_1_445' title='bbox 1042 3679 1317 3751; x_wconf 88' lang='grc' dir='ltr'>τρισχίλια</span> <span class='ocrx_word' id='word_1_446' title='bbox 1346 3678 1453 3752; x_wconf 81' lang='grc' dir='ltr'><strong>γὰρ</strong></span> <span class='ocrx_word' id='word_1_447' title='bbox 1480 3680 1572 3732; x_wconf 71' lang='grc' dir='ltr'><strong>ἐπὶ</strong></span> <span class='ocrx_word' id='word_1_448' title='bbox 1602 3682 1666 3751; x_wconf 84' lang='grc' dir='ltr'>τῇ</span> <span class='ocrx_word' id='word_1_449' title='bbox 1696 3679 1905 3748; x_wconf 74' lang='grc' dir='ltr'>γενέσει</span> 
     </span>
    </p>
   </div>
   <div class='ocr_carea' id='block_1_67' title="bbox 332 3768 1904 3845">
    <p class='ocr_par' dir='ltr' id='par_1_67' title="bbox 332 3768 1904 3845">
     <span class='ocr_line' id='line_1_67' title="bbox 332 3768 1904 3845; baseline 0.004 -25"><span class='ocrx_word' id='word_1_450' title='bbox 332 3769 428 3840; x_wconf 77' lang='grc' dir='ltr'>τῆς</span> <span class='ocrx_word' id='word_1_451' title='bbox 457 3769 621 3822; x_wconf 79' lang='grc' dir='ltr'>αὐτοῦ</span> <span class='ocrx_word' id='word_1_452' title='bbox 644 3768 741 3822; x_wconf 74' lang='grc' dir='ltr'><strong>τοῦ</strong></span> <span class='ocrx_word' id='word_1_453' title='bbox 758 3771 962 3841; x_wconf 66' lang='grc' dir='ltr'>κόσμου</span> <span class='ocrx_word' id='word_1_454' title='bbox 995 3770 1279 3842; x_wconf 78' lang='grc' dir='ltr'><strong>ὑπάρξεως</strong></span> <span class='ocrx_word' id='word_1_455' title='bbox 1309 3771 1402 3843; x_wconf 77' lang='grc' dir='ltr'>ἔτη</span> <span class='ocrx_word' id='word_1_456' title='bbox 1430 3771 1769 3845; x_wconf 78' lang='grc' dir='ltr'>ἐπερατώθη.</span> <span class='ocrx_word' id='word_1_457' title='bbox 1801 3774 1904 3826; x_wconf 92' lang='grc' dir='ltr'><strong>Λο-</strong></span> 
     </span>
    </p>
   </div>
   <div class='ocr_carea' id='block_1_68' title="bbox 333 3859 1908 3934">
    <p class='ocr_par' dir='ltr' id='par_1_68' title="bbox 333 3859 1908 3934">
     <span class='ocr_line' id='line_1_68' title="bbox 333 3859 1908 3934; baseline 0.002 -21"><span class='ocrx_word' id='word_1_458' title='bbox 333 3859 596 3932; x_wconf 81' lang='grc' dir='ltr'>γιζόμεθα</span> <span class='ocrx_word' id='word_1_459' title='bbox 624 3862 731 3934; x_wconf 81' lang='grc' dir='ltr'>γὰρ</span> <span class='ocrx_word' id='word_1_460' title='bbox 755 3862 1024 3932; x_wconf 84' lang='grc' dir='ltr'>διαμεῖναι</span> <span class='ocrx_word' id='word_1_461' title='bbox 1056 3862 1154 3933; x_wconf 85' lang='grc' dir='ltr'>τὴν</span> <span class='ocrx_word' id='word_1_462' title='bbox 1207 3861 1382 3916; x_wconf 85' lang='grc' dir='ltr'>κτίσιν</span> <span class='ocrx_word' id='word_1_463' title='bbox 1425 3863 1584 3934; x_wconf 85' lang='grc' dir='ltr'>ἄχρις</span> <span class='ocrx_word' id='word_1_464' title='bbox 1615 3863 1779 3934; x_wconf 72' lang='grc' dir='ltr'>ἕκτης</span> <span class='ocrx_word' id='word_1_465' title='bbox 1825 3881 1908 3934; x_wconf 90' lang='grc' dir='ltr'>χι-</span> 
     </span>
    </p>
   </div>
   <div class='ocr_carea' id='block_1_69' title="bbox 333 3953 1906 4028">
    <p class='ocr_par' dir='ltr' id='par_1_69' title="bbox 333 3953 1906 4028">
     <span class='ocr_line' id='line_1_69' title="bbox 333 3953 1906 4028; baseline 0.001 -22"><span class='ocrx_word' id='word_1_466' title='bbox 333 3953 530 4018; x_wconf 80' lang='grc' dir='ltr'>λιάδος,</span> <span class='ocrx_word' id='word_1_467' title='bbox 558 3955 680 4008; x_wconf 74' lang='grc' dir='ltr'>ἐπεὶ</span> <span class='ocrx_word' id='word_1_468' title='bbox 707 3955 800 4008; x_wconf 75' lang='grc' dir='ltr'>καὶ</span> <span class='ocrx_word' id='word_1_469' title='bbox 831 3956 888 4008; x_wconf 83' lang='grc' dir='ltr'>ὲν</span> <span class='ocrx_word' id='word_1_470' title='bbox 912 3953 970 4020; x_wconf 81' lang='grc' dir='ltr'>ἓξ</span> <span class='ocrx_word' id='word_1_471' title='bbox 1000 3955 1234 4027; x_wconf 77' lang='grc' dir='ltr'>ἡμέραις</span> <span class='ocrx_word' id='word_1_472' title='bbox 1261 3956 1289 4008; x_wconf 86' lang='grc' dir='ltr'><strong>ὁ</strong></span> <span class='ocrx_word' id='word_1_473' title='bbox 1317 3954 1449 4018; x_wconf 79' lang='grc' dir='ltr'>Θεὸς</span> <span class='ocrx_word' id='word_1_474' title='bbox 1475 3956 1574 4028; x_wconf 78' lang='grc' dir='ltr'>τὴν</span> <span class='ocrx_word' id='word_1_475' title='bbox 1600 3955 1906 4010; x_wconf 84' lang='grc' dir='ltr'>συντέλειαν</span> 
     </span>
    </p>
   </div>
   <div class='ocr_carea' id='block_1_70' title="bbox 333 4045 1908 4119">
    <p class='ocr_par' dir='ltr' id='par_1_70' title="bbox 333 4045 1908 4119">
     <span class='ocr_line' id='line_1_70' title="bbox 333 4045 1908 4119; baseline 0.003 -21"><span class='ocrx_word' id='word_1_476' title='bbox 333 4046 483 4099; x_wconf 75' lang='grc' dir='ltr'>τοῦδε</span> <span class='ocrx_word' id='word_1_477' title='bbox 518 4045 628 4111; x_wconf 15' lang='grc' dir='ltr'>,τοῦ</span> <span class='ocrx_word' id='word_1_478' title='bbox 685 4047 886 4110; x_wconf 82' lang='grc' dir='ltr'>παντὸς</span> <span class='ocrx_word' id='word_1_479' title='bbox 922 4048 1305 4119; x_wconf 83' lang='grc' dir='ltr'>συνεστήσατο.</span> <span class='ocrx_word' id='word_1_480' title='bbox 1368 4048 1637 4112; x_wconf 89' lang='grc' dir='ltr'>Χιλιετεῖς</span> <span class='ocrx_word' id='word_1_481' title='bbox 1697 4048 1752 4102; x_wconf 83' lang='grc' dir='ltr'>δὲ</span> <span class='ocrx_word' id='word_1_482' title='bbox 1808 4047 1908 4111; x_wconf 77' lang='grc' dir='ltr'>τὰς</span> 
     </span>
    </p>
   </div>
   <div class='ocr_carea' id='block_1_71' title="bbox 334 4137 1902 4214">
    <p class='ocr_par' dir='ltr' id='par_1_71' title="bbox 334 4137 1902 4214">
     <span class='ocr_line' id='line_1_71' title="bbox 334 4137 1902 4214; baseline 0.003 -22"><span class='ocrx_word' id='word_1_483' title='bbox 334 4140 576 4211; x_wconf 59' lang='grc' dir='ltr'>ἡμέρας.</span> <span class='ocrx_word' id='word_1_484' title='bbox 609 4140 915 4210; x_wconf 77' lang='grc' dir='ltr'>λογίζεσθαι</span> <span class='ocrx_word' id='word_1_485' title='bbox 962 4141 1021 4194; x_wconf 84' lang='grc' dir='ltr'>τὸ</span> <span class='ocrx_word' id='word_1_486' title='bbox 1066 4141 1219 4195; x_wconf 86' lang='grc' dir='ltr'>Θεῖον</span> <span class='ocrx_word' id='word_1_487' title='bbox 1275 4137 1463 4211; x_wconf 76' lang='grc' dir='ltr'>οἶμαι·</span> <span class='ocrx_word' id='word_1_488' title='bbox 1508 4144 1730 4210; x_wconf 82' lang='grc' dir='ltr'>Κυρίου</span> <span class='ocrx_word' id='word_1_489' title='bbox 1774 4142 1902 4214; x_wconf 82' lang='grc' dir='ltr'>γὰρ,</span> 
     </span>
    </p>
   </div>
   <div class='ocr_carea' id='block_1_72' title="bbox 335 4231 1174 4305">
    <p class='ocr_par' dir='ltr' id='par_1_72' title="bbox 335 4231 1174 4305">
     <span class='ocr_line' id='line_1_72' title="bbox 335 4231 1174 4305; baseline 0.004 -21"><span class='ocrx_word' id='word_1_490' title='bbox 335 4231 520 4305; x_wconf 65' lang='grc' dir='ltr'>φησιν,</span> <span class='ocrx_word' id='word_1_491' title='bbox 547 4232 736 4303; x_wconf 76' lang='grc' dir='ltr'>ἡμέρα</span> <span class='ocrx_word' id='word_1_492' title='bbox 755 4236 835 4301; x_wconf 87' lang='grc' dir='ltr'>ὡς</span> <span class='ocrx_word' id='word_1_493' title='bbox 855 4235 1026 4305; x_wconf 32' lang='grc' dir='ltr'>χίλια,</span> <span class='ocrx_word' id='word_1_494' title='bbox 1048 4233 1174 4303; x_wconf 80' lang='grc' dir='ltr'>ἐτη.</span> 
     </span>
    </p>
   </div>
   <div class='ocr_carea' id='block_1_73' title="bbox 403 4406 1902 4484">
    <p class='ocr_par' dir='ltr' id='par_1_73' title="bbox 403 4406 1902 4484">
     <span class='ocr_line' id='line_1_73' title="bbox 403 4406 1902 4484; baseline 0.002 -23"><span class='ocrx_word' id='word_1_495' title='bbox 403 4409 615 4463; x_wconf 86' lang='grc' dir='ltr'>Γίνεται</span> <span class='ocrx_word' id='word_1_496' title='bbox 645 4406 737 4464; x_wconf 81' lang='grc' dir='ltr'><strong>οὖν</strong></span> <span class='ocrx_word' id='word_1_497' title='bbox 758 4411 864 4464; x_wconf 80' lang='grc' dir='ltr'><strong>ἀπὸ</strong></span> <span class='ocrx_word' id='word_1_498' title='bbox 908 4410 1078 4482; x_wconf 80' lang='grc' dir='ltr'>Ἀδὰμ</span> <span class='ocrx_word' id='word_1_499' title='bbox 1107 4411 1198 4464; x_wconf 77' lang='grc' dir='ltr'><strong>ἐπὶ</strong></span> <span class='ocrx_word' id='word_1_500' title='bbox 1222 4410 1319 4484; x_wconf 79' lang='grc' dir='ltr'>τὴν</span> <span class='ocrx_word' id='word_1_501' title='bbox 1338 4410 1592 4483; x_wconf 81' lang='grc' dir='ltr'>τελευτὴν</span> <span class='ocrx_word' id='word_1_502' title='bbox 1607 4411 1783 4466; x_wconf 84' lang='grc' dir='ltr'>Φαλὲκ</span> <span class='ocrx_word' id='word_1_503' title='bbox 1808 4411 1902 4484; x_wconf 72' lang='grc' dir='ltr'>ἐτη</span> 
     </span>
    </p>
   </div>
   <div class='ocr_carea' id='block_1_74' title="bbox 2008 3295 3582 3366">
    <p class='ocr_par' dir='ltr' id='par_1_74' title="bbox 2008 3295 3582 3366">
     <span class='ocr_line' id='line_1_74' title="bbox 2008 3295 3582 3366; baseline 0.002 -17"><span class='ocrx_word' id='word_1_504' title='bbox 2008 3303 2174 3350; x_wconf 84' lang='lat' dir='ltr'><strong>natus</strong></span> <span class='ocrx_word' id='word_1_505' title='bbox 2203 3295 2274 3350; x_wconf 92' lang='lat' dir='ltr'><strong>sit</strong></span> <span class='ocrx_word' id='word_1_506' title='bbox 2297 3295 2518 3366; x_wconf 90' lang='lat' dir='ltr'><strong>quando</strong></span> <span class='ocrx_word' id='word_1_507' title='bbox 2549 3296 2779 3351; x_wconf 54' lang='lat' dir='ltr'><strong>colonia:</strong></span> <span class='ocrx_word' id='word_1_508' title='bbox 2802 3296 3175 3352; x_wconf 86' lang='lat' dir='ltr'><strong>mittebantur.</strong></span> <span class='ocrx_word' id='word_1_509' title='bbox 3206 3296 3407 3352; x_wconf 88' lang='lat' dir='ltr'><strong>Phalec</strong></span> <span class='ocrx_word' id='word_1_510' title='bbox 3432 3295 3582 3352; x_wconf 87' lang='lat' dir='ltr'><strong>enim</strong></span> 
     </span>
    </p>
   </div>
   <div class='ocr_carea' id='block_1_75' title="bbox 2010 3387 3588 3460">
    <p class='ocr_par' dir='ltr' id='par_1_75' title="bbox 2010 3387 3588 3460">
     <span class='ocr_line' id='line_1_75' title="bbox 2010 3387 3588 3460; baseline 0.002 -19"><span class='ocrx_word' id='word_1_511' title='bbox 2010 3387 2360 3444; x_wconf 64' lang='lat' dir='ltr'><strong>Hebraeorum</strong></span> <span class='ocrx_word' id='word_1_512' title='bbox 2409 3389 2590 3460; x_wconf 80' lang='lat' dir='ltr'><strong>lingua</strong></span> <span class='ocrx_word' id='word_1_513' title='bbox 2623 3389 2809 3444; x_wconf 79' lang='lat' dir='ltr'><strong>divisio</strong></span> <span class='ocrx_word' id='word_1_514' title='bbox 2837 3390 3198 3460; x_wconf 76' lang='lat' dir='ltr'><strong>significatur,</strong></span> <span class='ocrx_word' id='word_1_515' title='bbox 3233 3397 3288 3444; x_wconf 87' lang='lat' dir='ltr'><strong>et</strong></span> <span class='ocrx_word' id='word_1_516' title='bbox 3337 3397 3588 3460; x_wconf 78' lang='lat' dir='ltr'><strong>tempore</strong></span> 
     </span>
    </p>
   </div>
   <div class='ocr_carea' id='block_1_76' title="bbox 2008 3480 3580 3554">
    <p class='ocr_par' dir='ltr' id='par_1_76' title="bbox 2008 3480 3580 3554">
     <span class='ocr_line' id='line_1_76' title="bbox 2008 3480 3580 3554; baseline -0.001 -18"><span class='ocrx_word' id='word_1_517' title='bbox 2008 3481 2155 3539; x_wconf 90' lang='lat' dir='ltr'><strong>illius</strong></span> <span class='ocrx_word' id='word_1_518' title='bbox 2181 3482 2340 3538; x_wconf 89' lang='lat' dir='ltr'><strong>divisi</strong></span> <span class='ocrx_word' id='word_1_519' title='bbox 2370 3492 2518 3538; x_wconf 88' lang='lat' dir='ltr'><strong>sunt.</strong></span> <span class='ocrx_word' id='word_1_520' title='bbox 2556 3481 2621 3536; x_wconf 86' lang='lat' dir='ltr'><strong>Et</strong></span> <span class='ocrx_word' id='word_1_521' title='bbox 2649 3481 2740 3554; x_wconf 90' lang='lat' dir='ltr'><strong>qui</strong></span> <span class='ocrx_word' id='word_1_522' title='bbox 2777 3481 2890 3551; x_wconf 81' lang='lat' dir='ltr'><strong>jam</strong></span> <span class='ocrx_word' id='word_1_523' title='bbox 2925 3483 3092 3554; x_wconf 87' lang='lat' dir='ltr'><strong>hujus</strong></span> <span class='ocrx_word' id='word_1_524' title='bbox 3120 3482 3310 3538; x_wconf 92' lang='lat' dir='ltr'><strong>mundi</strong></span> <span class='ocrx_word' id='word_1_525' title='bbox 3333 3480 3580 3536; x_wconf 84' lang='lat' dir='ltr'><strong>duratio-</strong></span> 
     </span>
    </p>
   </div>
   <div class='ocr_carea' id='block_1_77' title="bbox 2007 3575 3582 3646">
    <p class='ocr_par' dir='ltr' id='par_1_77' title="bbox 2007 3575 3582 3646">
     <span class='ocr_line' id='line_1_77' title="bbox 2007 3575 3582 3646; baseline -0.001 -16"><span class='ocrx_word' id='word_1_526' title='bbox 2007 3576 2094 3630; x_wconf 90' lang='lat' dir='ltr'><strong>nis</strong></span> <span class='ocrx_word' id='word_1_527' title='bbox 2125 3591 2388 3632; x_wconf 89' lang='lat' dir='ltr'><strong>numerus</strong></span> <span class='ocrx_word' id='word_1_528' title='bbox 2409 3590 2532 3632; x_wconf 90' lang='lat' dir='ltr'><strong>esse</strong></span> <span class='ocrx_word' id='word_1_529' title='bbox 2563 3577 2928 3639; x_wconf 78' lang='lat' dir='ltr'><strong>existimatur,</strong></span> <span class='ocrx_word' id='word_1_530' title='bbox 2965 3575 3180 3631; x_wconf 91' lang='lat' dir='ltr'><strong>induas</strong></span> <span class='ocrx_word' id='word_1_531' title='bbox 3210 3583 3394 3646; x_wconf 86' lang='lat' dir='ltr'><strong>partes</strong></span> <span class='ocrx_word' id='word_1_532' title='bbox 3418 3588 3582 3644; x_wconf 85' lang='lat' dir='ltr'><strong>pares</strong></span> 
     </span>
    </p>
   </div>
   <div class='ocr_carea' id='block_1_78' title="bbox 2005 3667 3581 3739">
    <p class='ocr_par' dir='ltr' id='par_1_78' title="bbox 2005 3667 3581 3739">
     <span class='ocr_line' id='line_1_78' title="bbox 2005 3667 3581 3739; baseline -0.001 -17"><span class='ocrx_word' id='word_1_533' title='bbox 2005 3669 2352 3739; x_wconf 65' lang='lat' dir='ltr'><strong>mqualesque</strong></span> <span class='ocrx_word' id='word_1_534' title='bbox 2398 3667 2608 3724; x_wconf 89' lang='lat' dir='ltr'><strong>divisus</strong></span> <span class='ocrx_word' id='word_1_535' title='bbox 2630 3676 2714 3724; x_wconf 91' lang='lat' dir='ltr'><strong>est</strong></span> <span class='ocrx_word' id='word_1_536' title='bbox 2740 3687 2755 3735; x_wconf 94' lang='lat'><strong>;</strong></span> <span class='ocrx_word' id='word_1_537' title='bbox 2790 3669 2919 3724; x_wconf 91' lang='lat' dir='ltr'><strong>anni</strong></span> <span class='ocrx_word' id='word_1_538' title='bbox 2957 3669 3158 3738; x_wconf 85' lang='lat' dir='ltr'><strong>quippe</strong></span> <span class='ocrx_word' id='word_1_539' title='bbox 3186 3683 3252 3724; x_wconf 86' lang='lat' dir='ltr'><strong>ex</strong></span> <span class='ocrx_word' id='word_1_540' title='bbox 3283 3681 3395 3739; x_wconf 93' lang='lat' dir='ltr'><strong>quo</strong></span> <span class='ocrx_word' id='word_1_541' title='bbox 3419 3681 3581 3720; x_wconf 86' lang='lat' dir='ltr'><strong>mun-</strong></span> 
     </span>
    </p>
   </div>
   <div class='ocr_carea' id='block_1_79' title="bbox 2007 3755 3576 3830">
    <p class='ocr_par' dir='ltr' id='par_1_79' title="bbox 2007 3755 3576 3830">
     <span class='ocr_line' id='line_1_79' title="bbox 2007 3755 3576 3830; baseline -0.003 -16"><span class='ocrx_word' id='word_1_542' title='bbox 2007 3760 2111 3814; x_wconf 88' lang='lat' dir='ltr'><strong>dus</strong></span> <span class='ocrx_word' id='word_1_543' title='bbox 2143 3759 2231 3814; x_wconf 87' lang='lat' dir='ltr'><strong>hic</strong></span> <span class='ocrx_word' id='word_1_544' title='bbox 2264 3759 2521 3816; x_wconf 87' lang='lat' dir='ltr'><strong>conditus</strong></span> <span class='ocrx_word' id='word_1_545' title='bbox 2557 3768 2662 3822; x_wconf 86' lang='lat' dir='ltr'><strong>est,</strong></span> <span class='ocrx_word' id='word_1_546' title='bbox 2703 3759 2874 3830; x_wconf 85' lang='lat' dir='ltr'><strong>elapsi</strong></span> <span class='ocrx_word' id='word_1_547' title='bbox 2905 3765 3034 3814; x_wconf 89' lang='lat' dir='ltr'><strong>sunt</strong></span> <span class='ocrx_word' id='word_1_548' title='bbox 3063 3767 3147 3814; x_wconf 85' lang='lat' dir='ltr'><strong>ter</strong></span> <span class='ocrx_word' id='word_1_549' title='bbox 3170 3758 3336 3814; x_wconf 89' lang='lat' dir='ltr'><strong>mille.</strong></span> <span class='ocrx_word' id='word_1_550' title='bbox 3364 3755 3576 3812; x_wconf 87' lang='lat' dir='ltr'><strong>Etenim</strong></span> 
     </span>
    </p>
   </div>
   <div class='ocr_carea' id='block_1_80' title="bbox 2006 3847 3576 3907">
    <p class='ocr_par' dir='ltr' id='par_1_80' title="bbox 2006 3847 3576 3907">
     <span class='ocr_line' id='line_1_80' title="bbox 2006 3847 3576 3907; baseline -0.003 -3"><span class='ocrx_word' id='word_1_551' title='bbox 2006 3850 2268 3906; x_wconf 90' lang='lat' dir='ltr'><strong>mundum</strong></span> <span class='ocrx_word' id='word_1_552' title='bbox 2327 3851 2474 3906; x_wconf 88' lang='lat' dir='ltr'><strong>hunc</strong></span> <span class='ocrx_word' id='word_1_553' title='bbox 2525 3850 2592 3904; x_wconf 88' lang='lat' dir='ltr'><strong>ad</strong></span> <span class='ocrx_word' id='word_1_554' title='bbox 2649 3857 2858 3907; x_wconf 78' lang='lat' dir='ltr'><strong>sextam</strong></span> <span class='ocrx_word' id='word_1_555' title='bbox 2917 3849 3211 3905; x_wconf 86' lang='lat' dir='ltr'><strong>ehiliadem</strong></span> <span class='ocrx_word' id='word_1_556' title='bbox 3252 3847 3576 3904; x_wconf 88' lang='lat' dir='ltr'><strong>duraturum</strong></span> 
     </span>
    </p>
   </div>
   <div class='ocr_carea' id='block_1_81' title="bbox 2005 3941 3578 4016">
    <p class='ocr_par' dir='ltr' id='par_1_81' title="bbox 2005 3941 3578 4016">
     <span class='ocr_line' id='line_1_81' title="bbox 2005 3941 3578 4016; baseline -0.001 -20"><span class='ocrx_word' id='word_1_557' title='bbox 2005 3943 2312 4012; x_wconf 89' lang='lat' dir='ltr'><strong>opinamur,</strong></span> <span class='ocrx_word' id='word_1_558' title='bbox 2342 3943 2563 4016; x_wconf 83' lang='lat' dir='ltr'><strong>quando</strong></span> <span class='ocrx_word' id='word_1_559' title='bbox 2597 3951 2651 3999; x_wconf 92' lang='lat' dir='ltr'><strong>et</strong></span> <span class='ocrx_word' id='word_1_560' title='bbox 2695 3959 2790 4000; x_wconf 89' lang='lat' dir='ltr'><strong>sex</strong></span> <span class='ocrx_word' id='word_1_561' title='bbox 2823 3941 3016 3998; x_wconf 87' lang='lat' dir='ltr'><strong>diebus</strong></span> <span class='ocrx_word' id='word_1_562' title='bbox 3052 3943 3200 3998; x_wconf 88' lang='lat' dir='ltr'><strong>Deus</strong></span> <span class='ocrx_word' id='word_1_563' title='bbox 3257 3941 3578 3998; x_wconf 87' lang='lat' dir='ltr'><strong>universum</strong></span> 
     </span>
    </p>
   </div>
   <div class='ocr_carea' id='block_1_82' title="bbox 2007 4033 3580 4107">
    <p class='ocr_par' dir='ltr' id='par_1_82' title="bbox 2007 4033 3580 4107">
     <span class='ocr_line' id='line_1_82' title="bbox 2007 4033 3580 4107; baseline -0.001 -19"><span class='ocrx_word' id='word_1_564' title='bbox 2007 4035 2110 4089; x_wconf 92' lang='lat' dir='ltr'><strong>hoc</strong></span> <span class='ocrx_word' id='word_1_565' title='bbox 2156 4033 2480 4106; x_wconf 85' lang='lat' dir='ltr'><strong>perfectum,</strong></span> <span class='ocrx_word' id='word_1_566' title='bbox 2536 4035 2902 4107; x_wconf 89' lang='lat' dir='ltr'><strong>omnibusque</strong></span> <span class='ocrx_word' id='word_1_567' title='bbox 2949 4036 3067 4092; x_wconf 85' lang='lat' dir='ltr'><strong>suis</strong></span> <span class='ocrx_word' id='word_1_568' title='bbox 3109 4035 3362 4106; x_wconf 86' lang='lat' dir='ltr'><strong>partibus</strong></span> <span class='ocrx_word' id='word_1_569' title='bbox 3409 4033 3580 4090; x_wconf 86' lang='lat' dir='ltr'><strong>edidit</strong></span> 
     </span>
    </p>
   </div>
   <div class='ocr_carea' id='block_1_83' title="bbox 2005 4126 3580 4198">
    <p class='ocr_par' dir='ltr' id='par_1_83' title="bbox 2005 4126 3580 4198">
     <span class='ocr_line' id='line_1_83' title="bbox 2005 4126 3580 4198; baseline 0 -18"><span class='ocrx_word' id='word_1_570' title='bbox 2005 4127 2348 4194; x_wconf 85' lang='lat' dir='ltr'><strong>absolutum;</strong></span> <span class='ocrx_word' id='word_1_571' title='bbox 2390 4135 2443 4180; x_wconf 88' lang='lat' dir='ltr'><strong>et</strong></span> <span class='ocrx_word' id='word_1_572' title='bbox 2479 4127 2622 4198; x_wconf 90' lang='lat' dir='ltr'><strong>apud</strong></span> <span class='ocrx_word' id='word_1_573' title='bbox 2662 4127 2829 4183; x_wconf 93' lang='lat' dir='ltr'><strong>Deum</strong></span> <span class='ocrx_word' id='word_1_574' title='bbox 2885 4143 3052 4183; x_wconf 88' lang='lat' dir='ltr'><strong>unam</strong></span> <span class='ocrx_word' id='word_1_575' title='bbox 3090 4127 3235 4184; x_wconf 89' lang='lat' dir='ltr'><strong>diem</strong></span> <span class='ocrx_word' id='word_1_576' title='bbox 3277 4143 3379 4198; x_wconf 91' lang='lat' dir='ltr'><strong>pro</strong></span> <span class='ocrx_word' id='word_1_577' title='bbox 3428 4126 3580 4181; x_wconf 83' lang='lat' dir='ltr'><strong>mille</strong></span> 
     </span>
    </p>
   </div>
   <div class='ocr_carea' id='block_1_84' title="bbox 2006 4220 3578 4293">
    <p class='ocr_par' dir='ltr' id='par_1_84' title="bbox 2006 4220 3578 4293">
     <span class='ocr_line' id='line_1_84' title="bbox 2006 4220 3578 4293; baseline 0 -18"><span class='ocrx_word' id='word_1_578' title='bbox 2006 4220 2166 4276; x_wconf 92' lang='lat' dir='ltr'><strong>annis</strong></span> <span class='ocrx_word' id='word_1_579' title='bbox 2213 4221 2518 4289; x_wconf 89' lang='lat' dir='ltr'><strong>computari</strong></span> <span class='ocrx_word' id='word_1_580' title='bbox 2568 4220 2798 4290; x_wconf 89' lang='lat' dir='ltr'><strong>opinor;</strong></span> <span class='ocrx_word' id='word_1_581' title='bbox 2831 4220 2908 4275; x_wconf 87' lang='lat' dir='ltr'><strong>ait</strong></span> <span class='ocrx_word' id='word_1_582' title='bbox 2955 4222 3180 4293; x_wconf 89' lang='lat' dir='ltr'><strong>quippe,</strong></span> <span class='ocrx_word' id='word_1_583' title='bbox 3227 4220 3443 4276; x_wconf 83' lang='lat' dir='ltr'><strong>Domini</strong></span> <span class='ocrx_word' id='word_1_584' title='bbox 3467 4221 3578 4276; x_wconf 79' lang='lat' dir='ltr'><strong>dies</strong></span> 
     </span>
    </p>
   </div>
   <div class='ocr_carea' id='block_1_85' title="bbox 2004 4313 2599 4384">
    <p class='ocr_par' dir='ltr' id='par_1_85' title="bbox 2004 4313 2599 4384">
     <span class='ocr_line' id='line_1_85' title="bbox 2004 4313 2599 4384; baseline 0 -16"><span class='ocrx_word' id='word_1_585' title='bbox 2004 4315 2160 4384; x_wconf 75' lang='lat' dir='ltr'><strong>quasi</strong></span> <span class='ocrx_word' id='word_1_586' title='bbox 2189 4313 2334 4370; x_wconf 82' lang='lat' dir='ltr'><strong>mille</strong></span> <span class='ocrx_word' id='word_1_587' title='bbox 2377 4315 2504 4368; x_wconf 69' lang='lat' dir='ltr'><strong>armi</strong></span> <span class='ocrx_word' id='word_1_588' title='bbox 2532 4315 2599 4368; x_wconf 72' lang='grc' dir='ltr'><strong>δ’.</strong></span> 
     </span>
    </p>
   </div>
   <div class='ocr_carea' id='block_1_86' title="bbox 2075 4405 3581 4480">
    <p class='ocr_par' dir='ltr' id='par_1_86' title="bbox 2075 4405 3581 4480">
     <span class='ocr_line' id='line_1_86' title="bbox 2075 4405 3581 4480; baseline -0.002 -16"><span class='ocrx_word' id='word_1_589' title='bbox 2075 4408 2160 4465; x_wconf 83' lang='lat' dir='ltr'><strong>Ab</strong></span> <span class='ocrx_word' id='word_1_590' title='bbox 2185 4408 2356 4465; x_wconf 88' lang='lat' dir='ltr'><strong>Adam</strong></span> <span class='ocrx_word' id='word_1_591' title='bbox 2380 4409 2563 4480; x_wconf 90' lang='lat' dir='ltr'><strong>itaque</strong></span> <span class='ocrx_word' id='word_1_592' title='bbox 2592 4425 2767 4480; x_wconf 87' lang='lat' dir='ltr'><strong>usque</strong></span> <span class='ocrx_word' id='word_1_593' title='bbox 2793 4407 2861 4464; x_wconf 88' lang='lat' dir='ltr'><strong>ad</strong></span> <span class='ocrx_word' id='word_1_594' title='bbox 2877 4407 3086 4464; x_wconf 87' lang='lat' dir='ltr'><strong>obitum</strong></span> <span class='ocrx_word' id='word_1_595' title='bbox 3117 4405 3320 4463; x_wconf 88' lang='lat' dir='ltr'><strong>Phalec</strong></span> <span class='ocrx_word' id='word_1_596' title='bbox 3335 4406 3466 4462; x_wconf 90' lang='lat' dir='ltr'><strong>anni</strong></span> <span class='ocrx_word' id='word_1_597' title='bbox 3497 4414 3581 4463; x_wconf 88' lang='lat' dir='ltr'><strong>ter</strong></span> 
     </span>
    </p>
   </div>
   <div class='ocr_carea' id='block_1_87' title="bbox 333 4489 1904 4577">
    <p class='ocr_par' dir='ltr' id='par_1_87' title="bbox 333 4489 1904 4577">
     <span class='ocr_line' id='line_1_87' title="bbox 333 4489 1904 4577; baseline 0.003 -24"><span class='ocrx_word' id='word_1_598' title='bbox 333 4489 622 4572; x_wconf 88' lang='grc' dir='ltr'>τρισχίλια.</span> <span class='ocrx_word' id='word_1_599' title='bbox 676 4503 797 4555; x_wconf 80' lang='grc' dir='ltr'><strong>Ἐπὶ</strong></span> <span class='ocrx_word' id='word_1_600' title='bbox 831 4503 887 4556; x_wconf 85' lang='grc' dir='ltr'>δὲ</span> <span class='ocrx_word' id='word_1_601' title='bbox 929 4505 1027 4574; x_wconf 81' lang='grc' dir='ltr'>τὴν</span> <span class='ocrx_word' id='word_1_602' title='bbox 1070 4503 1163 4557; x_wconf 82' lang='grc' dir='ltr'><strong>τοῦ</strong></span> <span class='ocrx_word' id='word_1_603' title='bbox 1207 4503 1413 4577; x_wconf 84' lang='grc' dir='ltr'>Κυρίου</span> <span class='ocrx_word' id='word_1_604' title='bbox 1463 4503 1761 4576; x_wconf 90' lang='grc' dir='ltr'>παρουσίαν</span> <span class='ocrx_word' id='word_1_605' title='bbox 1811 4507 1904 4558; x_wconf 75' lang='grc' dir='ltr'>καὶ</span> 
     </span>
    </p>
   </div>
   <div class='ocr_carea' id='block_1_88' title="bbox 2006 4489 3584 4577">
    <p class='ocr_par' dir='ltr' id='par_1_88' title="bbox 2010 4500 3584 4567">
     <span class='ocr_line' id='line_1_88' title="bbox 2010 4500 3584 4567; baseline -0.003 -10"><span class='ocrx_word' id='word_1_606' title='bbox 2010 4503 2159 4559; x_wconf 90' lang='lat' dir='ltr'><strong>mille</strong></span> <span class='ocrx_word' id='word_1_607' title='bbox 2195 4509 2650 4567; x_wconf 87' lang='lat' dir='ltr'><strong>annumerantur,</strong></span> <span class='ocrx_word' id='word_1_608' title='bbox 2697 4510 2754 4558; x_wconf 84' lang='lat' dir='ltr'><strong>et</strong></span> <span class='ocrx_word' id='word_1_609' title='bbox 2790 4502 2858 4558; x_wconf 91' lang='lat' dir='ltr'><strong>ad</strong></span> <span class='ocrx_word' id='word_1_610' title='bbox 2919 4500 3138 4558; x_wconf 89' lang='lat' dir='ltr'><strong>Domini</strong></span> <span class='ocrx_word' id='word_1_611' title='bbox 3185 4500 3480 4557; x_wconf 82' lang='lat' dir='ltr'><strong>adventum</strong></span> <span class='ocrx_word' id='word_1_612' title='bbox 3526 4507 3584 4554; x_wconf 86' lang='lat' dir='ltr'><strong>et</strong></span> 
     </span>
    </p>
   </div>
   <div class='ocr_carea' id='block_1_89' title="bbox 332 4594 1905 4668">
    <p class='ocr_par' dir='ltr' id='par_1_89' title="bbox 332 4594 1905 4668">
     <span class='ocr_line' id='line_1_89' title="bbox 332 4594 1905 4668; baseline 0 -19"><span class='ocrx_word' id='word_1_613' title='bbox 332 4595 625 4649; x_wconf 82' lang='grc' dir='ltr'>ἀνάστασιν</span> <span class='ocrx_word' id='word_1_614' title='bbox 663 4594 758 4666; x_wconf 79' lang='grc' dir='ltr'>ἐτη</span> <span class='ocrx_word' id='word_1_615' title='bbox 809 4596 1223 4667; x_wconf 79' lang='grc' dir='ltr'>πεντακισχίλια</span> <span class='ocrx_word' id='word_1_616' title='bbox 1270 4597 1364 4651; x_wconf 70' lang='grc' dir='ltr'>καὶ</span> <span class='ocrx_word' id='word_1_617' title='bbox 1405 4596 1739 4651; x_wconf 83' lang='grc' dir='ltr'>πεντακόσια</span> <span class='ocrx_word' id='word_1_618' title='bbox 1789 4613 1905 4668; x_wconf 91' lang='grc' dir='ltr'>τρι-</span> 
     </span>
    </p>
   </div>
   <div class='ocr_carea' id='block_1_90' title="bbox 331 4687 1905 4762">
    <p class='ocr_par' dir='ltr' id='par_1_90' title="bbox 331 4687 1905 4762">
     <span class='ocr_line' id='line_1_90' title="bbox 331 4687 1905 4762; baseline 0.002 -22"><span class='ocrx_word' id='word_1_619' title='bbox 331 4687 532 4740; x_wconf 81' lang='grc' dir='ltr'>άκοντα</span> <span class='ocrx_word' id='word_1_620' title='bbox 568 4687 646 4750; x_wconf 81' lang='grc' dir='ltr'>ἓν,</span> <span class='ocrx_word' id='word_1_621' title='bbox 687 4688 762 4750; x_wconf 81' lang='grc' dir='ltr'>ὼς</span> <span class='ocrx_word' id='word_1_622' title='bbox 787 4687 994 4740; x_wconf 84' lang='grc' dir='ltr'>λείπειν</span> <span class='ocrx_word' id='word_1_623' title='bbox 1024 4688 1348 4760; x_wconf 85' lang='grc' dir='ltr'>τετρακόσια</span> <span class='ocrx_word' id='word_1_624' title='bbox 1382 4691 1718 4762; x_wconf 84' lang='grc' dir='ltr'>πεντήκοντα</span> <span class='ocrx_word' id='word_1_625' title='bbox 1747 4689 1905 4743; x_wconf 82' lang='grc' dir='ltr'>ἐννέα</span> 
     </span>
    </p>
   </div>
   <div class='ocr_carea' id='block_1_91' title="bbox 331 4777 1901 4854">
    <p class='ocr_par' dir='ltr' id='par_1_91' title="bbox 331 4777 1901 4854">
     <span class='ocr_line' id='line_1_91' title="bbox 331 4777 1901 4854; baseline 0.002 -22"><span class='ocrx_word' id='word_1_626' title='bbox 331 4777 423 4852; x_wconf 74' lang='grc' dir='ltr'>ἔτη</span> <span class='ocrx_word' id='word_1_627' title='bbox 450 4780 546 4848; x_wconf 82' lang='grc' dir='ltr'><strong>τῆς</strong></span> <span class='ocrx_word' id='word_1_628' title='bbox 567 4779 732 4851; x_wconf 67' lang='grc' dir='ltr'>ἕκτης</span> <span class='ocrx_word' id='word_1_629' title='bbox 752 4779 1006 4850; x_wconf 77' lang='grc' dir='ltr'>χιλιάδος.</span> <span class='ocrx_word' id='word_1_630' title='bbox 1035 4780 1191 4833; x_wconf 89' lang='grc' dir='ltr'>Ἔστι</span> <span class='ocrx_word' id='word_1_631' title='bbox 1213 4779 1269 4833; x_wconf 83' lang='grc' dir='ltr'>δὲ</span> <span class='ocrx_word' id='word_1_632' title='bbox 1293 4781 1393 4851; x_wconf 80' lang='grc' dir='ltr'>τῆς</span> <span class='ocrx_word' id='word_1_633' title='bbox 1415 4781 1506 4834; x_wconf 79' lang='grc' dir='ltr'><strong>τοῦ</strong></span> <span class='ocrx_word' id='word_1_634' title='bbox 1542 4781 1746 4854; x_wconf 88' lang='grc' dir='ltr'>κόσμου</span> <span class='ocrx_word' id='word_1_635' title='bbox 1776 4799 1901 4835; x_wconf 88' lang='grc' dir='ltr'>συν-</span> 
     </span>
    </p>
   </div>
   <div class='ocr_carea' id='block_1_92' title="bbox 327 4871 1898 4942">
    <p class='ocr_par' dir='ltr' id='par_1_92' title="bbox 327 4871 1898 4942">
     <span class='ocr_line' id='line_1_92' title="bbox 327 4871 1898 4942; baseline 0.003 -18"><span class='ocrx_word' id='word_1_636' title='bbox 327 4871 539 4936; x_wconf 78' lang='grc' dir='ltr'>τελείας</span> <span class='ocrx_word' id='word_1_637' title='bbox 601 4874 823 4942; x_wconf 87' lang='grc' dir='ltr'>σημεῖον</span> <span class='ocrx_word' id='word_1_638' title='bbox 885 4871 945 4924; x_wconf 85' lang='grc' dir='ltr'><strong>τὺ</strong></span> <span class='ocrx_word' id='word_1_639' title='bbox 1000 4872 1296 4927; x_wconf 81' lang='grc' dir='ltr'>σάϐϐατον·</span> <span class='ocrx_word' id='word_1_640' title='bbox 1371 4875 1464 4927; x_wconf 78' lang='grc' dir='ltr'>καὶ</span> <span class='ocrx_word' id='word_1_641' title='bbox 1521 4874 1744 4940; x_wconf 79' lang='grc' dir='ltr'>εἰκότως</span> <span class='ocrx_word' id='word_1_642' title='bbox 1812 4875 1898 4928; x_wconf 80' lang='grc' dir='ltr'><strong>ἐπ’</strong></span> 
     </span>
    </p>
   </div>
   <div class='ocr_carea' id='block_1_93' title="bbox 330 4962 1901 5040">
    <p class='ocr_par' dir='ltr' id='par_1_93' title="bbox 330 4962 1901 5040">
     <span class='ocr_line' id='line_1_93' title="bbox 330 4962 1901 5040; baseline 0.003 -24"><span class='ocrx_word' id='word_1_643' title='bbox 330 4963 579 5033; x_wconf 80' lang='grc' dir='ltr'>ἐσχάτων</span> <span class='ocrx_word' id='word_1_644' title='bbox 641 4962 748 5017; x_wconf 74' lang='grc' dir='ltr'><strong>τῶν</strong></span> <span class='ocrx_word' id='word_1_645' title='bbox 805 4964 1026 5036; x_wconf 81' lang='grc' dir='ltr'>ἡμερῶν</span> <span class='ocrx_word' id='word_1_646' title='bbox 1082 4966 1111 5017; x_wconf 85' lang='grc' dir='ltr'>ὁ</span> <span class='ocrx_word' id='word_1_647' title='bbox 1170 4965 1374 5040; x_wconf 85' lang='grc' dir='ltr'>Κύριος</span> <span class='ocrx_word' id='word_1_648' title='bbox 1430 4967 1771 5039; x_wconf 74' lang='grc' dir='ltr'>ἐπιδημήσας</span> <span class='ocrx_word' id='word_1_649' title='bbox 1822 4966 1901 5038; x_wconf 83' lang='grc' dir='ltr'>τῷ</span> 
     </span>
    </p>
   </div>
   <div class='ocr_carea' id='block_1_94' title="bbox 329 5057 1902 5131">
    <p class='ocr_par' dir='ltr' id='par_1_94' title="bbox 329 5057 1902 5131">
     <span class='ocr_line' id='line_1_94' title="bbox 329 5057 1902 5131; baseline 0.002 -21"><span class='ocrx_word' id='word_1_650' title='bbox 329 5057 519 5130; x_wconf 87' lang='grc' dir='ltr'>κόσμῳ</span> <span class='ocrx_word' id='word_1_651' title='bbox 568 5060 628 5113; x_wconf 81' lang='grc' dir='ltr'>ὲν</span> <span class='ocrx_word' id='word_1_652' title='bbox 665 5060 986 5130; x_wconf 77' lang='grc' dir='ltr'>παρασκευῇ</span> <span class='ocrx_word' id='word_1_653' title='bbox 1034 5057 1322 5121; x_wconf 85' lang='grc' dir='ltr'>πέπονθεν,</span> <span class='ocrx_word' id='word_1_654' title='bbox 1369 5059 1489 5129; x_wconf 83' lang='grc' dir='ltr'>ἥτις</span> <span class='ocrx_word' id='word_1_655' title='bbox 1535 5059 1680 5130; x_wconf 69' lang='grc' dir='ltr'>ἐστὶν</span> <span class='ocrx_word' id='word_1_656' title='bbox 1720 5058 1902 5131; x_wconf 79' lang='grc' dir='ltr'>ἡμέρα</span> 
     </span>
    </p>
   </div>
   <div class='ocr_carea' id='block_1_95' title="bbox 327 5147 1894 5222">
    <p class='ocr_par' dir='ltr' id='par_1_95' title="bbox 327 5147 1894 5222">
     <span class='ocr_line' id='line_1_95' title="bbox 327 5147 1894 5222; baseline 0.002 -21"><span class='ocrx_word' id='word_1_657' title='bbox 327 5150 483 5221; x_wconf 78' lang='grc' dir='ltr'>ἕκτη,</span> <span class='ocrx_word' id='word_1_658' title='bbox 522 5150 617 5204; x_wconf 79' lang='grc' dir='ltr'>καὶ</span> <span class='ocrx_word' id='word_1_659' title='bbox 653 5147 859 5215; x_wconf 88' lang='grc' dir='ltr'>ταύτης</span> <span class='ocrx_word' id='word_1_660' title='bbox 895 5149 996 5220; x_wconf 79' lang='grc' dir='ltr'>τῆς</span> <span class='ocrx_word' id='word_1_661' title='bbox 1039 5150 1250 5222; x_wconf 80' lang='grc' dir='ltr'>ἡμέρας</span> <span class='ocrx_word' id='word_1_662' title='bbox 1290 5149 1414 5220; x_wconf 80' lang='grc' dir='ltr'>ὥρα</span> <span class='ocrx_word' id='word_1_663' title='bbox 1433 5147 1510 5222; x_wconf 79' lang='grc' dir='ltr'><strong>ἦν</strong></span> <span class='ocrx_word' id='word_1_664' title='bbox 1539 5150 1681 5206; x_wconf 80' lang='grc' dir='ltr'>ὡσεί</span> <span class='ocrx_word' id='word_1_665' title='bbox 1729 5151 1894 5219; x_wconf 80' lang='grc' dir='ltr'>ἕκτη,</span> 
     </span>
    </p>
   </div>
   <div class='ocr_carea' id='block_1_96' title="bbox 326 5240 1898 5315">
    <p class='ocr_par' dir='ltr' id='par_1_96' title="bbox 326 5240 1898 5315">
     <span class='ocr_line' id='line_1_96' title="bbox 326 5240 1898 5315; baseline 0.002 -21"><span class='ocrx_word' id='word_1_666' title='bbox 326 5242 490 5313; x_wconf 84' lang='grc' dir='ltr'>ήνίκα</span> <span class='ocrx_word' id='word_1_667' title='bbox 541 5240 857 5312; x_wconf 76' lang='grc' dir='ltr'>ἐσταυρώθη</span> <span class='ocrx_word' id='word_1_668' title='bbox 880 5281 896 5305; x_wconf 88' lang='grc'><strong>,</strong></span> <span class='ocrx_word' id='word_1_669' title='bbox 953 5241 1047 5296; x_wconf 77' lang='grc' dir='ltr'><strong>τοῦ</strong></span> <span class='ocrx_word' id='word_1_670' title='bbox 1087 5242 1244 5312; x_wconf 86' lang='grc' dir='ltr'>λόγου</span> <span class='ocrx_word' id='word_1_671' title='bbox 1293 5243 1647 5315; x_wconf 85' lang='grc' dir='ltr'>σημαίνοντος</span> <span class='ocrx_word' id='word_1_672' title='bbox 1685 5242 1772 5296; x_wconf 83' lang='grc' dir='ltr'><strong>διὰ</strong></span> <span class='ocrx_word' id='word_1_673' title='bbox 1805 5243 1898 5298; x_wconf 80' lang='grc' dir='ltr'><strong>τοῦ</strong></span> 
     </span>
    </p>
   </div>
   <div class='ocr_carea' id='block_1_97' title="bbox 324 5334 1899 5408">
    <p class='ocr_par' dir='ltr' id='par_1_97' title="bbox 324 5334 1899 5408">
     <span class='ocr_line' id='line_1_97' title="bbox 324 5334 1899 5408; baseline 0.001 -21"><span class='ocrx_word' id='word_1_674' title='bbox 324 5336 426 5407; x_wconf 81' lang='grc' dir='ltr'>τῆς</span> <span class='ocrx_word' id='word_1_675' title='bbox 445 5334 619 5408; x_wconf 73' lang='grc' dir='ltr'>ἕκτης</span> <span class='ocrx_word' id='word_1_676' title='bbox 654 5334 886 5405; x_wconf 77' lang='grc' dir='ltr'>χιλιάδος</span> <span class='ocrx_word' id='word_1_677' title='bbox 912 5335 973 5388; x_wconf 80' lang='grc' dir='ltr'><strong>τδ</strong></span> <span class='ocrx_word' id='word_1_678' title='bbox 999 5335 1170 5406; x_wconf 79' lang='grc' dir='ltr'>ἥμισυ</span> <span class='ocrx_word' id='word_1_679' title='bbox 1187 5352 1200 5364; x_wconf 85' lang='lat'><strong><em>°</em></strong></span> <span class='ocrx_word' id='word_1_680' title='bbox 1235 5337 1330 5390; x_wconf 69' lang='grc' dir='ltr'>καὶ</span> <span class='ocrx_word' id='word_1_681' title='bbox 1358 5335 1446 5392; x_wconf 81' lang='grc' dir='ltr'><strong>διὰ</strong></span> <span class='ocrx_word' id='word_1_682' title='bbox 1470 5337 1628 5391; x_wconf 82' lang='grc' dir='ltr'>τοῦτο</span> <span class='ocrx_word' id='word_1_683' title='bbox 1657 5335 1899 5408; x_wconf 84' lang='grc' dir='ltr'>ὡρισμέ-</span> 
     </span>
    </p>
   </div>
   <div class='ocr_carea' id='block_1_98' title="bbox 240 5423 1899 5500">
    <p class='ocr_par' dir='ltr' id='par_1_98' title="bbox 240 5423 1899 5500">
     <span class='ocr_line' id='line_1_98' title="bbox 240 5423 1899 5500; baseline 0.002 -21"><span class='ocrx_word' id='word_1_684' title='bbox 240 5443 260 5466; x_wconf 74' lang='grc' dir='ltr'><em>ο</em></span> <span class='ocrx_word' id='word_1_685' title='bbox 327 5445 434 5491; x_wconf 85' lang='grc' dir='ltr'><strong>νως</strong></span> <span class='ocrx_word' id='word_1_686' title='bbox 472 5428 574 5480; x_wconf 84' lang='grc' dir='ltr'>οὐκ</span> <span class='ocrx_word' id='word_1_687' title='bbox 613 5423 764 5480; x_wconf 79' lang='grc' dir='ltr'>εἶπεν</span> <span class='ocrx_word' id='word_1_688' title='bbox 803 5426 922 5500; x_wconf 80' lang='grc' dir='ltr'>ὥρα</span> <span class='ocrx_word' id='word_1_689' title='bbox 961 5426 1115 5499; x_wconf 78' lang='grc' dir='ltr'>ἕκτη,</span> <span class='ocrx_word' id='word_1_690' title='bbox 1150 5427 1577 5499; x_wconf 83' lang='grc' dir='ltr'>ύπεμφαίνοντος</span> <span class='ocrx_word' id='word_1_691' title='bbox 1620 5429 1712 5483; x_wconf 76' lang='grc' dir='ltr'>τοῦ</span> <span class='ocrx_word' id='word_1_692' title='bbox 1741 5429 1899 5498; x_wconf 89' lang='grc' dir='ltr'>λόγου</span> 
     </span>
    </p>
   </div>
   <div class='ocr_carea' id='block_1_99' title="bbox 325 5518 1899 5592">
    <p class='ocr_par' dir='ltr' id='par_1_99' title="bbox 325 5518 1899 5592">
     <span class='ocr_line' id='line_1_99' title="bbox 325 5518 1899 5592; baseline 0.001 -21"><span class='ocrx_word' id='word_1_693' title='bbox 325 5519 492 5592; x_wconf 65' lang='grc' dir='ltr'>ὀλίγῳ</span> <span class='ocrx_word' id='word_1_694' title='bbox 532 5519 701 5572; x_wconf 85' lang='grc' dir='ltr'>πλείω</span> <span class='ocrx_word' id='word_1_695' title='bbox 737 5518 828 5573; x_wconf 77' lang='grc' dir='ltr'><strong>τοῦ</strong></span> <span class='ocrx_word' id='word_1_696' title='bbox 867 5518 1098 5591; x_wconf 83' lang='grc' dir='ltr'>ἀριθμοῦ</span> <span class='ocrx_word' id='word_1_697' title='bbox 1138 5520 1481 5591; x_wconf 81' lang='grc' dir='ltr'>ὑπερπαίειν.</span> <span class='ocrx_word' id='word_1_698' title='bbox 1526 5521 1658 5574; x_wconf 80' lang='grc' dir='ltr'>Ἀπὸ</span> <span class='ocrx_word' id='word_1_699' title='bbox 1701 5521 1758 5575; x_wconf 86' lang='grc' dir='ltr'>δὲ</span> <span class='ocrx_word' id='word_1_700' title='bbox 1805 5520 1899 5576; x_wconf 83' lang='grc' dir='ltr'>τοῦ</span> 
     </span>
    </p>
   </div>
   <div class='ocr_carea' id='block_1_100' title="bbox 328 5608 1897 5682">
    <p class='ocr_par' dir='ltr' id='par_1_100' title="bbox 328 5608 1897 5682">
     <span class='ocr_line' id='line_1_100' title="bbox 328 5608 1897 5682; baseline 0 -20"><span class='ocrx_word' id='word_1_701' title='bbox 328 5608 560 5680; x_wconf 81' lang='grc' dir='ltr'>Χριστοῦ</span> <span class='ocrx_word' id='word_1_702' title='bbox 607 5609 699 5662; x_wconf 73' lang='grc' dir='ltr'><strong>ἐπὶ</strong></span> <span class='ocrx_word' id='word_1_703' title='bbox 751 5611 848 5682; x_wconf 77' lang='grc' dir='ltr'>τὴν</span> <span class='ocrx_word' id='word_1_704' title='bbox 907 5609 1422 5682; x_wconf 80' lang='grc' dir='ltr'>τριακονταετηρίδα</span> <span class='ocrx_word' id='word_1_705' title='bbox 1487 5610 1897 5664; x_wconf 87' lang='grc' dir='ltr'>Κωνσταντίνου</span> 
     </span>
    </p>
   </div>
   <div class='ocr_carea' id='block_1_101' title="bbox 401 5782 2120 5856">
    <p class='ocr_par' dir='ltr' id='par_1_101' title="bbox 401 5782 2120 5856">
     <span class='ocr_line' id='line_1_101' title="bbox 401 5782 2120 5856; baseline 0.001 -16"><span class='ocrx_word' id='word_1_706' title='bbox 401 5782 446 5816; x_wconf 65' lang='grc' dir='ltr'><strong>δ’</strong></span> <span class='ocrx_word' id='word_1_707' title='bbox 467 5784 571 5842; x_wconf 81' lang='lat' dir='ltr'><strong>Gen</strong></span> <span class='ocrx_word' id='word_1_708' title='bbox 626 5803 680 5853; x_wconf 71' lang='grc' dir='ltr'><strong>κ,</strong></span> <span class='ocrx_word' id='word_1_709' title='bbox 704 5787 792 5843; x_wconf 64' lang='grc'><strong>21.</strong></span> <span class='ocrx_word' id='word_1_710' title='bbox 868 5789 911 5820; x_wconf 88' lang='grc'><strong>³⁰</strong></span> <span class='ocrx_word' id='word_1_711' title='bbox 945 5787 1082 5844; x_wconf 81' lang='lat' dir='ltr'><strong>Ibid.</strong></span> <span class='ocrx_word' id='word_1_712' title='bbox 1161 5789 1202 5821; x_wconf 85' lang='lat'><strong>&quot;</strong></span> <span class='ocrx_word' id='word_1_713' title='bbox 1235 5786 1372 5843; x_wconf 80' lang='lat' dir='ltr'><strong>Ibid.</strong></span> <span class='ocrx_word' id='word_1_714' title='bbox 1406 5788 1496 5846; x_wconf 75' lang='grc'>23.</span> <span class='ocrx_word' id='word_1_715' title='bbox 1556 5789 1600 5821; x_wconf 66' lang='grc' dir='ltr'><strong>δ’</strong></span> <span class='ocrx_word' id='word_1_716' title='bbox 1627 5787 1776 5843; x_wconf 78' lang='lat' dir='ltr'><strong>Psnl.</strong></span> <span class='ocrx_word' id='word_1_717' title='bbox 1810 5803 2032 5856; x_wconf 72' lang='lat' dir='ltr'><strong>Lxxnx,</strong></span> <span class='ocrx_word' id='word_1_718' title='bbox 2069 5789 2120 5843; x_wconf 74' lang='lat'><strong>4.</strong></span> 
     </span>
    </p>
   </div>
   <div class='ocr_carea' id='block_1_102' title="bbox 2010 4591 3584 4668">
    <p class='ocr_par' dir='ltr' id='par_1_102' title="bbox 2010 4591 3584 4668">
     <span class='ocr_line' id='line_1_102' title="bbox 2010 4591 3584 4668; baseline -0.001 -18"><span class='ocrx_word' id='word_1_719' title='bbox 2010 4594 2492 4660; x_wconf 84' lang='lat' dir='ltr'><strong>resurrectionem,</strong></span> <span class='ocrx_word' id='word_1_720' title='bbox 2523 4595 2653 4650; x_wconf 91' lang='lat' dir='ltr'><strong>anni</strong></span> <span class='ocrx_word' id='word_1_721' title='bbox 2689 4596 2935 4668; x_wconf 90' lang='lat' dir='ltr'><strong>quinque</strong></span> <span class='ocrx_word' id='word_1_722' title='bbox 2978 4594 3128 4650; x_wconf 88' lang='lat' dir='ltr'><strong>mille</strong></span> <span class='ocrx_word' id='word_1_723' title='bbox 3169 4594 3452 4666; x_wconf 79' lang='lat' dir='ltr'><strong>quingenti</strong></span> <span class='ocrx_word' id='word_1_724' title='bbox 3483 4591 3584 4648; x_wconf 86' lang='lat' dir='ltr'><strong>tri-</strong></span> 
     </span>
    </p>
   </div>
   <div class='ocr_carea' id='block_1_103' title="bbox 2010 4684 3584 4756">
    <p class='ocr_par' dir='ltr' id='par_1_103' title="bbox 2010 4684 3584 4756">
     <span class='ocr_line' id='line_1_103' title="bbox 2010 4684 3584 4756; baseline 0.001 -17"><span class='ocrx_word' id='word_1_725' title='bbox 2010 4685 2158 4756; x_wconf 85' lang='lat' dir='ltr'><strong>ginta</strong></span> <span class='ocrx_word' id='word_1_726' title='bbox 2189 4693 2245 4742; x_wconf 90' lang='lat' dir='ltr'><strong>et</strong></span> <span class='ocrx_word' id='word_1_727' title='bbox 2267 4701 2430 4753; x_wconf 90' lang='lat' dir='ltr'><strong>unus,</strong></span> <span class='ocrx_word' id='word_1_728' title='bbox 2458 4686 2532 4741; x_wconf 88' lang='lat' dir='ltr'><strong>ita</strong></span> <span class='ocrx_word' id='word_1_729' title='bbox 2561 4694 2621 4741; x_wconf 92' lang='lat' dir='ltr'><strong>ut</strong></span> <span class='ocrx_word' id='word_1_730' title='bbox 2643 4685 2710 4742; x_wconf 91' lang='lat' dir='ltr'><strong>ad</strong></span> <span class='ocrx_word' id='word_1_731' title='bbox 2741 4695 2951 4744; x_wconf 77' lang='lat' dir='ltr'><strong>sextam</strong></span> <span class='ocrx_word' id='word_1_732' title='bbox 2970 4685 3264 4742; x_wconf 86' lang='lat' dir='ltr'><strong>chiliadem</strong></span> <span class='ocrx_word' id='word_1_733' title='bbox 3290 4684 3584 4742; x_wconf 88' lang='lat' dir='ltr'><strong>absolven-</strong></span> 
     </span>
    </p>
   </div>
   <div class='ocr_carea' id='block_1_104' title="bbox 2007 4779 3586 4852">
    <p class='ocr_par' dir='ltr' id='par_1_104' title="bbox 2007 4779 3586 4852">
     <span class='ocr_line' id='line_1_104' title="bbox 2007 4779 3586 4852; baseline 0.001 -19"><span class='ocrx_word' id='word_1_734' title='bbox 2007 4779 2134 4834; x_wconf 91' lang='lat' dir='ltr'><strong>dam</strong></span> <span class='ocrx_word' id='word_1_735' title='bbox 2173 4786 2383 4835; x_wconf 88' lang='lat' dir='ltr'><strong>tantum</strong></span> <span class='ocrx_word' id='word_1_736' title='bbox 2411 4780 2795 4852; x_wconf 76' lang='lat' dir='ltr'><strong>quadringenti</strong></span> <span class='ocrx_word' id='word_1_737' title='bbox 2827 4781 3225 4852; x_wconf 75' lang='lat' dir='ltr'><strong>quinquaginta</strong></span> <span class='ocrx_word' id='word_1_738' title='bbox 3265 4794 3462 4835; x_wconf 88' lang='lat' dir='ltr'><strong>novem</strong></span> <span class='ocrx_word' id='word_1_739' title='bbox 3487 4780 3586 4835; x_wconf 69' lang='lat' dir='ltr'><strong>deo</strong></span> 
     </span>
    </p>
   </div>
   <div class='ocr_carea' id='block_1_105' title="bbox 2007 4871 3582 4946">
    <p class='ocr_par' dir='ltr' id='par_1_105' title="bbox 2007 4871 3582 4946">
     <span class='ocr_line' id='line_1_105' title="bbox 2007 4871 3582 4946; baseline 0 -17"><span class='ocrx_word' id='word_1_740' title='bbox 2007 4873 2340 4929; x_wconf 86' lang='lat' dir='ltr'><strong>siderentur.</strong></span> <span class='ocrx_word' id='word_1_741' title='bbox 2377 4871 2606 4944; x_wconf 77' lang='lat' dir='ltr'><strong>Signum</strong></span> <span class='ocrx_word' id='word_1_742' title='bbox 2639 4889 2771 4930; x_wconf 82' lang='lat' dir='ltr'><strong>vero</strong></span> <span class='ocrx_word' id='word_1_743' title='bbox 2798 4874 2962 4946; x_wconf 86' lang='lat' dir='ltr'><strong>hujus</strong></span> <span class='ocrx_word' id='word_1_744' title='bbox 2991 4873 3181 4930; x_wconf 86' lang='lat' dir='ltr'><strong>mundi</strong></span> <span class='ocrx_word' id='word_1_745' title='bbox 3207 4873 3582 4944; x_wconf 85' lang='lat' dir='ltr'><strong>consumptio—</strong></span> 
     </span>
    </p>
   </div>
   <div class='ocr_carea' id='block_1_106' title="bbox 2006 4965 3584 5038">
    <p class='ocr_par' dir='ltr' id='par_1_106' title="bbox 2006 4965 3584 5038">
     <span class='ocr_line' id='line_1_106' title="bbox 2006 4965 3584 5038; baseline 0 -18"><span class='ocrx_word' id='word_1_746' title='bbox 2006 4966 2094 5022; x_wconf 87' lang='lat' dir='ltr'><strong>nis</strong></span> <span class='ocrx_word' id='word_1_747' title='bbox 2121 4966 2408 5022; x_wconf 88' lang='lat' dir='ltr'><strong>sabbatum</strong></span> <span class='ocrx_word' id='word_1_748' title='bbox 2449 4973 2560 5035; x_wconf 88' lang='lat' dir='ltr'><strong>est;</strong></span> <span class='ocrx_word' id='word_1_749' title='bbox 2615 4965 2847 5038; x_wconf 90' lang='lat' dir='ltr'><strong>ideoque</strong></span> <span class='ocrx_word' id='word_1_750' title='bbox 2889 4983 2997 5022; x_wconf 86' lang='lat' dir='ltr'><strong>non</strong></span> <span class='ocrx_word' id='word_1_751' title='bbox 3038 4969 3136 5024; x_wconf 88' lang='lat' dir='ltr'><strong>abs</strong></span> <span class='ocrx_word' id='word_1_752' title='bbox 3166 4983 3226 5024; x_wconf 89' lang='lat' dir='ltr'><strong>re</strong></span> <span class='ocrx_word' id='word_1_753' title='bbox 3257 4967 3453 5023; x_wconf 88' lang='lat' dir='ltr'><strong>diebus</strong></span> <span class='ocrx_word' id='word_1_754' title='bbox 3482 4983 3584 5022; x_wconf 78' lang='lat' dir='ltr'><strong>no-</strong></span> 
     </span>
    </p>
   </div>
   <div class='ocr_carea' id='block_1_107' title="bbox 2005 5052 3583 5122">
    <p class='ocr_par' dir='ltr' id='par_1_107' title="bbox 2005 5052 3583 5122">
     <span class='ocr_line' id='line_1_107' title="bbox 2005 5052 3583 5122; baseline 0.003 -16"><span class='ocrx_word' id='word_1_755' title='bbox 2005 5052 2247 5109; x_wconf 86' lang='lat' dir='ltr'><strong>vissimis</strong></span> <span class='ocrx_word' id='word_1_756' title='bbox 2307 5052 2572 5111; x_wconf 87' lang='lat' dir='ltr'><strong>Dominus</strong></span> <span class='ocrx_word' id='word_1_757' title='bbox 2627 5055 2684 5110; x_wconf 90' lang='lat' dir='ltr'><strong>in</strong></span> <span class='ocrx_word' id='word_1_758' title='bbox 2747 5055 3011 5112; x_wconf 90' lang='lat' dir='ltr'><strong>mundum</strong></span> <span class='ocrx_word' id='word_1_759' title='bbox 3085 5057 3424 5122; x_wconf 88' lang='lat' dir='ltr'><strong>adveniens,</strong></span> <span class='ocrx_word' id='word_1_760' title='bbox 3495 5056 3583 5110; x_wconf 74' lang='lat' dir='ltr'><strong>dLe</strong></span> 
     </span>
    </p>
   </div>
   <div class='ocr_carea' id='block_1_108' title="bbox 2007 5142 3581 5220">
    <p class='ocr_par' dir='ltr' id='par_1_108' title="bbox 2007 5142 3581 5220">
     <span class='ocr_line' id='line_1_108' title="bbox 2007 5142 3581 5220; baseline 0.003 -24"><span class='ocrx_word' id='word_1_761' title='bbox 2007 5142 2234 5201; x_wconf 84' lang='lat' dir='ltr'><strong>Veneris</strong></span> <span class='ocrx_word' id='word_1_762' title='bbox 2285 5145 2504 5202; x_wconf 88' lang='lat' dir='ltr'><strong>dolores</strong></span> <span class='ocrx_word' id='word_1_763' title='bbox 2557 5147 2839 5210; x_wconf 85' lang='lat' dir='ltr'><strong>sustinuit,</strong></span> <span class='ocrx_word' id='word_1_764' title='bbox 2890 5164 3014 5220; x_wconf 69' lang='lat' dir='ltr'><strong>quae</strong></span> <span class='ocrx_word' id='word_1_765' title='bbox 3075 5157 3160 5206; x_wconf 84' lang='lat' dir='ltr'><strong>est</strong></span> <span class='ocrx_word' id='word_1_766' title='bbox 3210 5149 3330 5206; x_wconf 90' lang='lat' dir='ltr'><strong>dies</strong></span> <span class='ocrx_word' id='word_1_767' title='bbox 3388 5158 3581 5212; x_wconf 81' lang='lat' dir='ltr'><strong>sexta,</strong></span> 
     </span>
    </p>
   </div>
   <div class='ocr_carea' id='block_1_109' title="bbox 2007 5236 3583 5309">
    <p class='ocr_par' dir='ltr' id='par_1_109' title="bbox 2007 5236 3583 5309">
     <span class='ocr_line' id='line_1_109' title="bbox 2007 5236 3583 5309; baseline 0.002 -18"><span class='ocrx_word' id='word_1_768' title='bbox 2007 5236 2236 5306; x_wconf 85' lang='lat' dir='ltr'><strong>ejusque</strong></span> <span class='ocrx_word' id='word_1_769' title='bbox 2272 5237 2380 5294; x_wconf 92' lang='lat' dir='ltr'><strong>diei</strong></span> <span class='ocrx_word' id='word_1_770' title='bbox 2419 5239 2550 5293; x_wconf 79' lang='lat' dir='ltr'><strong>hora</strong></span> <span class='ocrx_word' id='word_1_771' title='bbox 2582 5248 2700 5293; x_wconf 79' lang='lat' dir='ltr'><strong>erat</strong></span> <span class='ocrx_word' id='word_1_772' title='bbox 2748 5242 2905 5308; x_wconf 77' lang='lat' dir='ltr'><strong>quasi</strong></span> <span class='ocrx_word' id='word_1_773' title='bbox 2955 5251 3103 5298; x_wconf 74' lang='lat' dir='ltr'><strong>sexta</strong></span> <span class='ocrx_word' id='word_1_774' title='bbox 3136 5242 3204 5309; x_wconf 81' lang='grc'><strong>⁸³,</strong></span> <span class='ocrx_word' id='word_1_775' title='bbox 3249 5241 3377 5296; x_wconf 90' lang='lat' dir='ltr'><strong>dum</strong></span> <span class='ocrx_word' id='word_1_776' title='bbox 3429 5241 3583 5294; x_wconf 88' lang='lat' dir='ltr'><strong>cruci</strong></span> 
     </span>
    </p>
   </div>
   <div class='ocr_carea' id='block_1_110' title="bbox 2008 5327 3584 5401">
    <p class='ocr_par' dir='ltr' id='par_1_110' title="bbox 2008 5327 3584 5401">
     <span class='ocr_line' id='line_1_110' title="bbox 2008 5327 3584 5401; baseline 0.001 -18"><span class='ocrx_word' id='word_1_777' title='bbox 2008 5327 2198 5385; x_wconf 86' lang='lat' dir='ltr'><strong>aﬁixus</strong></span> <span class='ocrx_word' id='word_1_778' title='bbox 2231 5337 2334 5395; x_wconf 88' lang='lat' dir='ltr'><strong>est,</strong></span> <span class='ocrx_word' id='word_1_779' title='bbox 2376 5346 2484 5401; x_wconf 90' lang='lat' dir='ltr'><strong>quo</strong></span> <span class='ocrx_word' id='word_1_780' title='bbox 2519 5329 2679 5386; x_wconf 86' lang='lat' dir='ltr'><strong>nobis</strong></span> <span class='ocrx_word' id='word_1_781' title='bbox 2701 5344 2867 5387; x_wconf 70' lang='lat' dir='ltr'><strong>sexta:</strong></span> <span class='ocrx_word' id='word_1_782' title='bbox 2898 5332 3165 5389; x_wconf 90' lang='lat' dir='ltr'><strong>chiliados</strong></span> <span class='ocrx_word' id='word_1_783' title='bbox 3195 5331 3479 5387; x_wconf 89' lang='lat' dir='ltr'><strong>dimidium</strong></span> <span class='ocrx_word' id='word_1_784' title='bbox 3505 5331 3584 5385; x_wconf 85' lang='lat' dir='ltr'><strong>si-</strong></span> 
     </span>
    </p>
   </div>
   <div class='ocr_carea' id='block_1_111' title="bbox 2006 5420 3578 5495">
    <p class='ocr_par' dir='ltr' id='par_1_111' title="bbox 2006 5420 3578 5495">
     <span class='ocr_line' id='line_1_111' title="bbox 2006 5420 3578 5495; baseline 0.001 -21"><span class='ocrx_word' id='word_1_785' title='bbox 2006 5420 2317 5492; x_wconf 83' lang='lat' dir='ltr'><strong>gniﬁcatur,</strong></span> <span class='ocrx_word' id='word_1_786' title='bbox 2367 5423 2597 5495; x_wconf 89' lang='lat' dir='ltr'><strong>ideoque</strong></span> <span class='ocrx_word' id='word_1_787' title='bbox 2638 5425 2859 5482; x_wconf 79' lang='lat' dir='ltr'><strong>deﬁnite</strong></span> <span class='ocrx_word' id='word_1_788' title='bbox 2900 5440 3007 5480; x_wconf 91' lang='lat' dir='ltr'><strong>non</strong></span> <span class='ocrx_word' id='word_1_789' title='bbox 3051 5425 3187 5479; x_wconf 84' lang='lat' dir='ltr'><strong>dixit</strong></span> <span class='ocrx_word' id='word_1_790' title='bbox 3232 5423 3364 5478; x_wconf 88' lang='lat' dir='ltr'><strong>hora</strong></span> <span class='ocrx_word' id='word_1_791' title='bbox 3401 5429 3578 5489; x_wconf 75' lang='lat' dir='ltr'><strong>sexta,</strong></span> 
     </span>
    </p>
   </div>
   <div class='ocr_carea' id='block_1_112' title="bbox 2007 5510 3581 5582">
    <p class='ocr_par' dir='ltr' id='par_1_112' title="bbox 2007 5510 3581 5582">
     <span class='ocr_line' id='line_1_112' title="bbox 2007 5510 3581 5582; baseline -0.001 -16"><span class='ocrx_word' id='word_1_792' title='bbox 2007 5527 2200 5582; x_wconf 89' lang='lat' dir='ltr'><strong>parum</strong></span> <span class='ocrx_word' id='word_1_793' title='bbox 2235 5527 2266 5567; x_wconf 87' lang='lat' dir='ltr'><strong>a</strong></span> <span class='ocrx_word' id='word_1_794' title='bbox 2298 5529 2529 5570; x_wconf 90' lang='lat' dir='ltr'><strong>numero</strong></span> <span class='ocrx_word' id='word_1_795' title='bbox 2571 5515 2847 5582; x_wconf 87' lang='lat' dir='ltr'><strong>aberrare,</strong></span> <span class='ocrx_word' id='word_1_796' title='bbox 2885 5529 3137 5571; x_wconf 84' lang='lat' dir='ltr'><strong>sermone</strong></span> <span class='ocrx_word' id='word_1_797' title='bbox 3182 5512 3284 5568; x_wconf 88' lang='lat' dir='ltr'><strong>hoc</strong></span> <span class='ocrx_word' id='word_1_798' title='bbox 3314 5510 3474 5566; x_wconf 78' lang='lat' dir='ltr'><strong>nobis</strong></span> <span class='ocrx_word' id='word_1_799' title='bbox 3498 5512 3581 5568; x_wconf 88' lang='lat' dir='ltr'><strong>iu-</strong></span> 
     </span>
    </p>
   </div>
   <div class='ocr_carea' id='block_1_113' title="bbox 2008 5605 3580 5668">
    <p class='ocr_par' dir='ltr' id='par_1_113' title="bbox 2008 5605 3580 5668">
     <span class='ocr_line' id='line_1_113' title="bbox 2008 5605 3580 5668; baseline -0.001 -4"><span class='ocrx_word' id='word_1_800' title='bbox 2008 5625 2200 5667; x_wconf 85' lang='lat' dir='ltr'><strong>nuens.</strong></span> <span class='ocrx_word' id='word_1_801' title='bbox 2238 5609 2283 5663; x_wconf 85' lang='lat' dir='ltr'><strong>A</strong></span> <span class='ocrx_word' id='word_1_802' title='bbox 2326 5610 2546 5667; x_wconf 86' lang='lat' dir='ltr'><strong>Christo</strong></span> <span class='ocrx_word' id='word_1_803' title='bbox 2581 5613 2647 5667; x_wconf 83' lang='lat' dir='ltr'><strong>ad</strong></span> <span class='ocrx_word' id='word_1_804' title='bbox 2683 5611 3021 5668; x_wconf 84' lang='lat' dir='ltr'><strong>tricesimum</strong></span> <span class='ocrx_word' id='word_1_805' title='bbox 3071 5622 3273 5662; x_wconf 88' lang='lat' dir='ltr'><strong>annum</strong></span> <span class='ocrx_word' id='word_1_806' title='bbox 3303 5605 3580 5668; x_wconf 77' lang='lat' dir='ltr'><strong>Constan-</strong></span> 
     </span>
    </p>
   </div>
   <div class='ocr_carea' id='block_1_114' title="bbox 2232 5788 2722 5855">
    <p class='ocr_par' dir='ltr' id='par_1_114' title="bbox 2232 5788 2722 5855">
     <span class='ocr_line' id='line_1_114' title="bbox 2232 5788 2722 5855; baseline -0.008 -9"><span class='ocrx_word' id='word_1_807' title='bbox 2232 5793 2274 5824; x_wconf 78' lang='grc'><strong>⁸³</strong></span> <span class='ocrx_word' id='word_1_808' title='bbox 2303 5791 2464 5848; x_wconf 79' lang='lat' dir='ltr'><strong>Joan.</strong></span> <span class='ocrx_word' id='word_1_809' title='bbox 2498 5807 2610 5855; x_wconf 74' lang='lat' dir='ltr'><strong>xix,</strong></span> <span class='ocrx_word' id='word_1_810' title='bbox 2639 5788 2722 5845; x_wconf 75' lang='grc' dir='ltr'>Η.</span> 
     </span>
    </p>
   </div>
  </div>
