4090 6288
326 361 423 417 761

324 475 516 531 κότων,
565 464 721 539 μόνος
765 451 921 521 οὗτος
952 457 1026 526 Δη
1035 448 1290 526 μιουργδν

323 527 639 632 ἀπεφήνατο
662 550 821 614 εἶναι,
854 551 920 603 ὲκ
948 546 1054 601 τῶν
1081 543 1209 615 περὶ
1238 540 1386 611 ἥλιον
1414 537 1508 590 καὶ
1537 532 1761 632 σελήνην

322 620 592 713 λοιώσέων
629 646 727 701 ml.
754 645 818 697 ὲκ
862 641 969 695 τῶν
1019 637 1147 709 περὶ
1176 634 1299 704 γῆν,
1334 631 1428 684 καὶ
1476 626 1631 698 ἀέρα,
1662 621 1756 676 καὶ
1795 620 1889 674 θά-

325 712 523 802 λατταν
582 732 921 808 παθημάτων
976 727 1218 788 εἰκάσας.
1274 720 1374 777 Διά
1415 720 1469 773 τί
1519 716 1650 788 γὰρ,
1698 712 1884 783 φησὶν,

330 835 510 907 ἰσχύος
537 829 703 900 οὔσης
722 807 788 881 γὲν
819 823 999 884 αὐτοῖς
1027 819 1125 889 τῆς
1151 814 1358 870 έαυτῶν
1389 809 1640 873 εὐταξίας
1669 807 1731 859 οὐ
1761 821 1891 876 προ-

327 924 592 987 νοοῦνται,
624 919 741 974 ἀλλ’
762 911 1111 987 ὑστεροῦνται
1136 906 1372 975 ταύτης;
1410 904 1505 957 Ἐκ
1528 899 1656 971 γοῦν
1689 897 1891 951 τούτων

329 1017 615 1089 γινώσκειν
644 1011 871 1077 ἔξεστιν,
900 1009 982 1061 ὅτι
1011 1005 1072 1057 ού
1106 1000 1222 1057 κατ’
1259 998 1398 1053 ἰδίαν
1444 995 1595 1066 ἰσχὺν
1629 989 1888 1054 συντελεῖ,

331 1080 380 1166 ἐι
411 1110 506 1165 καὶ
535 1108 680 1161 δοκεῖ
709 1101 1012 1173 εὐεργετεῖν
1041 1095 1166 1159 τοὺς
1203 1089 1521 1163 ἀνθρώπους
1558 1087 1617 1140 οὐ
1659 1080 1891 1156 μικρῶς,

330 1203 466 1258 ἀλλά
495 1198 636 1255 κατὰ
663 1197 762 1269 τὴν
797 1193 1045 1265 βούλησιν
1068 1187 1159 1242 τοῦ
1200 1187 1542 1257 ποιήσαντος.

405 1384 549 1457 Πρὸς
592 1379 723 1451 γοῦν
772 1375 870 1446 τὴν
921 1370 1078 1437 δόξαν
1110 1367 1274 1424 αὐτοῦ
1325 1365 1526 1434 ταύτην
1557 1364 1607 1416 οί
1639 1359 1893 1414 Χαλδαῖοι

332 1477 430 1531 καὶ
459 1451 506 1529 οἱ
533 1473 630 1544 τὴν
672 1466 1092 1536 Μεσοποταμίαν
1125 1461 1397 1527 οἰκοῦντες
1428 1457 1762 1528 διεφέροντο,
1801 1451 1895 1504 καὶ

334 1543 595 1636 ἀντεῖχον
630 1558 800 1630 αὐτῷ.
839 1558 950 1620 Καὶ
1000 1553 1235 1616 ἀναστὰς
1288 1549 1494 1605 ἐκεῖθεν
1547 1546 1690 1600 κατά
1728 1543 1895 1615 πρόσ-

334 1674 519 1728 ταγμα
548 1652 681 1709 Θεοῦ
713 1650 808 1722 τὴν
840 1644 945 1718 γῆν
977 1645 1082 1700 τῶν
1114 1643 1428 1698 Χαναναίων
1458 1637 1764 1709 κατῴκησε.
1804 1637 1896 1689 Λι-

340 1748 438 1821 μοῦ
467 1749 523 1802 δὲ
554 1743 945 1804 καταλαϐόντος
985 1738 1157 1792 δεινοῦ
1177 1777 1192 1801 ,
1220 1738 1305 1800 εἰς
1339 1735 1609 1803 Αἴγυπτον
1654 1729 1894 1801 παρεγέ-

1237 329 1509 396 SPURIA,
1546 356 1616 369 ——
1656 319 2016 381 COMMENT.
2055 317 2123 372 ιΝ
2164 312 2655 372 HEXAEMEBON.

1337 444 1443 498 τῶν
1492 439 1707 494 πάντων
1754 434 1885 489 Θεὸν

2004 430 2168 486 labat.
2189 428 2321 483 Cum
2341 441 2530 480 omnes
2554 423 2648 478 lilii
2677 420 2789 476 Nec
2810 420 2864 475 in
2890 418 3327 490 superstitiosum
3355 417 3556 473 daemo-

3454 308 3554 363 762

1988 535 2117 577 num
2152 520 2356 574 cultum
2401 515 2766 578 corruissent,
2800 512 2952 568 solus
3001 510 3112 576 hic,
3155 508 3321 565 Deum
3369 524 3555 563 rerum

1988 613 2231 671 omnium
2259 624 2382 667 esse
2410 608 2726 664 Creatorem
2758 603 2969 659 deﬁniit
3028 616 3059 654 a
3115 599 3248 654 solis
3307 600 3556 668 lunaeque

1990 701 2506 761 commutationibus
2558 697 2895 768 reliquisque
2949 708 3070 765 quae
3120 692 3174 746 in
3211 700 3377 754 terra,
3407 705 3552 756 aere,

1990 795 2237 865 marique
2269 793 2613 862 contingunt,
2650 787 2989 856 eonjectans.
3032 783 3335 851 Quidnam,
3379 782 3472 845 ait,
3504 780 3553 835 si

1990 889 2249 951 facultas,
2290 885 2565 954 roburque
2596 883 2653 935 in
2704 880 2813 934 illis
2846 886 2949 941 est,
2978 877 3183 931 nullam
3228 873 3315 930 sui
3345 872 3554 927 ordinis

1991 977 2346 1038 conservandi
2363 991 2553 1032 curam
2585 982 2801 1046 gerunt,
2833 970 2930 1026 sed
2960 970 3051 1023 illa
3077 966 3447 1022 frustrantur?
3476 964 3555 1018 Ex

1991 1073 2077 1128 his
2110 1073 2292 1141 itaque
2321 1067 2600 1123 fatendum
2643 1074 2748 1131 est,
2777 1080 2840 1120 ea
2883 1077 2993 1118 non
3027 1060 3209 1114 innata
3248 1056 3326 1124 vi,
3356 1055 3462 1112 etsi
3488 1055 3557 1111 de

1991 1179 2189 1237 genere
2220 1164 2458 1217 humano
2485 1174 2650 1230 quam
2697 1158 2931 1212 maxime
2956 1155 3096 1210 bene
3141 1149 3338 1206 mereri
3368 1146 3565 1205 viden-

1991 1265 2102 1322 tur,
2136 1256 2230 1312 sed
2257 1253 2536 1311 Creatoris
2560 1253 2838 1307 voluntate
2873 1247 3152 1319 perlicere.

2060 1349 2263 1405 Contra
2287 1349 2427 1402 hanc
2446 1344 2773 1401 sententiam
2793 1342 2912 1410 ejus
2933 1339 3171 1395 Chaldaei
3186 1346 3241 1394 et
3257 1337 3565 1408 Mesopota-

1992 1444 2113 1498 miae
2130 1444 2319 1497 incolae
2340 1442 2495 1511 plura
2521 1436 2894 1508 disputabant,
2913 1434 3044 1489 etab
3077 1448 3142 1488 eo
3156 1429 3561 1500 diserepabant,

1993 1536 2086 1607 qui
2121 1533 2376 1588 mandato
2420 1531 2516 1586 Dei
2558 1530 2683 1584 inde
2712 1542 2968 1598 egressus
2999 1526 3065 1589 “,
3097 1531 3298 1577 terram
3347 1519 3564 1575 Chana-

1994 1642 2234 1682 naeorum
2282 1624 2576 1689 habitavit;
2617 1620 2814 1676 deinde
2855 1633 2979 1673 cum
3020 1615 3188 1670 fames
3219 1614 3410 1684 ingens
3444 1626 3565 1665 eam

1994 1719 2270 1790 regionem
2293 1723 2535 1779 vexaret,
2567 1713 2863 1783 JEgyptum
2891 1707 3194 1772 advenit“,
3219 1712 3381 1774 atque
3397 1700 3566 1771 Egy-

337 1793 477 1904 ζετο,
510 1839 602 1893 ml.
646 1838 770 1900 τοὺς
815 1793 1141 1903 Δίγῦπτίους
1177 1793 1430 1902 ἀλληλοις
1466 1793 1891 1891 ἀντιδοξοῦντας,

2004 1813 2138 1883 ptios
2174 1809 2269 1881 qui
2316 1808 2464 1863 varia
2519 1806 2836 1867 sentientes,
2885 1803 3141 1871 legesque
3167 1793 3413 1867 proprias
3441 1806 3568 1863 pes-

337 1931 429 1986 καὶ
460 1931 526 1984 τά
567 1929 771 2000 νόμιμα
802 1924 1007 1979 ἑαυτῶν
1052 1921 1409 1984 διαπτύοντας
1440 1921 1534 1972 καὶ
1569 1916 1898 1988 ἀνατρέπον-

335 2040 434 2087 τας
459 2020 733 2087 ἀπέδειξεν
766 2020 1011 2080 ἅπαντας
1038 2017 1233 2079 αὐτοὺς
1265 2014 1427 2085 μηδὲν
1461 2010 1734 2077 ἀξιόλογον
1767 2007 1899 2080 μηδὲ

337 2115 700 2190 φρονοῦντας,
736 2111 868 2183 μηδὲ
901 2108 1271 2173 θεσπίζοντας.
1306 2107 1416 2159 Καὶ
1446 2100 1778 2173 θαυμασθεὶς
1808 2100 1900 2152 ἐπὶ

338 2209 546 2264 συνέσει
568 2207 662 2260 ml.
688 2202 849 2273 σοφίᾳ
878 2200 1064 2271 πολλῇ,
1091 2198 1188 2270 τὴν
1213 2193 1576 2268 ἀριθμητικὴν
1601 2193 1783 2255 αὐτοῖς
1807 2192 1900 2244 καὶ

334 2300 433 2372 τὴν
465 2295 825 2369 ἀστρονομίαν
871 2290 1239 2364 παραδίδωσι·
1278 2286 1383 2358 πρὸ
1418 2285 1527 2356 γὰρ
1559 2285 1656 2355 τῆς
1694 2300 1898 2354 παρου-

340 2393 458 2454 σίας
485 2388 649 2443 αύτοῦ
682 2388 895 2457 ἄπειροι
928 2381 1130 2436 τούτων
1161 2378 1455 2449 ἐτύγχανον
1498 2378 1547 2429 οί
1582 2373 1896 2443 Αἰγύπτιοι·

342 2481 600 2552 μαθόντες
646 2478 704 2531 δὲ
758 2478 982 2547 ὕστερον
1032 2475 1142 2535 τοῖς
1178 2470 1402 2540 Ἕλλησι
1452 2466 1897 2539 μεταδεδώκασιν·

341 2572 736 2642 ὑποστρέψαντι
779 2569 836 2622 δὲ
868 2570 933 2621 ὲκ
963 2567 1062 2636 τῆς
1092 2563 1366 2633 Αἰγύπτου
1398 2561 1474 2632 τῷ
1516 2559 1764 2632 Ἀϐραὰμ
1791 2559 1901 2623 υἱὸς

352 2659 576 2731 Ἶσμαὴλ
603 2658 817 2728 ἐγένετο
845 2658 907 2710 ἐκ
937 2656 1038 2726 τῆς
1081 2654 1372 2722 παιδίσκης
1418 2653 1613 2723 Ἀγαρ,
1648 2651 1707 2715 ἐξ
1745 2646 1811 2722 ἦς
1843 2651 1904 2704 τὸ

342 2754 491 2816 ἔθνος
548 2750 861 2823 Ἀγαρηνῶν
890 2766 952 2801 τε
980 2748 1072 2800 καὶ
1100 2744 1429 2817 Σαρακηνῶν
1466 2743 1690 2815 συνέστη
1713 2760 1725 2772 ·
1762 2742 1822 2795 τὸ
1848 2742 1905 2795 δὲ

340 2844 449 2897 τῶν
489 2841 838 2914 Ἰσμαηλιτῶν
873 2842 938 2893 ἐκ
962 2837 1054 2892 τοῦ
1097 2836 1338 2908 Ἰσμαήλ.

429 2939 484 2990 '0
515 2937 573 2993 δὲ
600 2934 728 2989 Λὼτ
759 2934 1046 3005 χωρίζεται
1092 2930 1186 2983 τοῦ
1239 2927 1504 3002 Ἀϐραάμ,
1540 2929 1633 2981 καὶ
1672 2927 1770 2997 τὴν
1802 2924 1906 2996 χώ-

347 3049 446 3104 ραν
467 3032 566 3101 τὴν
588 3027 891 3100 Σοδομηνὴν
913 3024 1146 3096 ᾤκησεν,
1171 3025 1290 3094 ἥτις
1315 3021 1548 3093 οὐρανίῳ
1571 3020 1905 3093 πυρπολήσει

343 3127 412 3181 δι’
442 3123 677 3193 ἄθεσμον
726 3119 1067 3191 παρανομίαν
1111 3113 1502 3185 κατεδικάσθη,
1552 3115 1648 3167 ml.
1691 3113 1771 3166 ἔτι
1812 3113 1905 3166 ml.

343 3218 438 3272 νῦν
483 3186 822 3286 κεκαυμένα-
858 3186 1027 3283 αὐτῆς
1058 3210 1127 3263 τὰ
1169 3208 1290 3280 ἴχνη
1336 3208 1615 3278 φαίνεται·
1648 3207 1758 3259 ἔστι
1799 3206 1906 3278 γὰρ
1933 3186 1974 3243 C

346 3313 472 3367 ίδσῖν
502 3310 663 3363 πέντε
697 3307 903 3361 πόλεων
936 3303 1114 3369 σκιὰς,
1149 3305 1207 3357 ὲν
1236 3297 1323 3366 αἷς
1356 3301 1637 3371 βλαστάνει
1675 3299 1905 3371 καρπὸς,

341 3401 400 3466 ὃς
426 3400 674 3471 φαίνεται
704 3399 802 3470 μὲν
841 3395 1037 3462 ἔξωθεν
1062 3393 1443 3469 παραπλήσιος
1465 3394 1577 3455 τοῖς
1606 3390 1906 3461 ὲδωδίμοις,

341 3490 567 3562 ληφθεὶς
595 3490 652 3542 δὲ
690 3489 813 3552 ταῖς
840 3487 1049 3559 χερσὶν,
1082 3487 1162 3549 εῖς
1195 3483 1401 3555 τέφραν
1430 3483 1524 3536 ml.
1551 3482 1754 3536 καπνὸν
1777 3484 1908 3537 ἀνα-

343 3585 547 3641 λύεται.
587 3583 800 3650 Γειτνιᾷ
842 3580 899 3632 δὲ
930 3578 1102 3652 ταύτῃ
1142 3580 1176 3649 ἡ
1239 3575 1580 3645 Ἀσφαλτῖτις
1624 3574 1812 3646 λίμνη,
1871 3572 1907 3643 ἦ

346 3677 608 3745 πρότερον
648 3672 746 3741 μὲν
786 3666 855 3742 ἦν
906 3670 1090 3733 κοιλὰς
1127 3670 1336 3740 φρέατα
1385 3667 1584 3737 ἔχουσα
1617 3665 1907 3736 ἀσφάλτου,

347 3762 732 3835 ἀφανισθείσης
762 3763 819 3815 δὲ
857 3763 953 3832 τῆς
999 3761 1202 3832 χώρας,
1236 3760 1401 3831 λίμνη
1440 3758 1746 3829 γεγένηται,
1788 3758 1912 3828 ἣτις

346 3861 438 3914 καὶ
477 3856 665 3930 Νεκρὰ
695 3855 940 3908 θάλασσα
977 3853 1456 3926 προσαγορεύεται.
1501 3852 1610 3905 Καὶ
1655 3851 1768 3904 ἐστι
1813 3851 1912 3921 μὲν

348 3948 653 4021 πικροτάτη
697 3947 859 4018 φύσει
902 3947 998 4000 καὶ
1042 3947 1262 4014 ἀγονος·
1312 3942 1512 4012 κοῦφον
1557 3943 1615 3995 δὲ
1659 3941 1720 3995 τὸ
1770 3941 1911 4013 ὕδωρ

346 4043 629 4114 κέκτηται,
662 4042 738 4104 ὡς
766 4040 874 4094 τῶν
908 4042 968 4094 ὲν
997 4040 1136 4110 αὐτῇ
1187 4038 1527 4109 ριπτομένων
1568 4035 1797 4108 βαρέων,
1831 4035 1911 4095 λί-

347 4133 442 4190 θου
471 4135 504 4207 ἥ
544 4135 785 4207 σιδήρου,
816 4134 977 4203 τυχὸν
1025 4132 1098 4203 μὴ
1131 4129 1443 4185 καταδύνειν
1478 4130 1557 4193 είς
1589 4129 1680 4182 τὸν
1733 4127 1910 4199 βυθὸν,

347 4223 462 4279 ἀλλ’
492 4221 646 4289 αὖθις
674 4224 864 4296 ῶσπερ
909 4224 1013 4278 ὑπὸ
1045 4223 1353 4293 πνεύματος
1390 4221 1783 4291 ἀναφυσᾶσθαι,
1820 4223 1913 4276 καὶ

351 4315 729 4370 ὲπιπολᾶσθαι.
772 4315 1044 4384 Ῥιφέντες
1071 4307 1179 4384 γὰρ
1207 4314 1291 4364 ἐπ’
1319 4312 1455 4382 αὐτῇ
1483 4309 1683 4375 ζῶντες
1710 4309 1916 4382 ἅνθρω-

351 4424 443 4462 ποι
503 4407 989 4461 άναὸλυστάνουσιο
1044 4404 1226 4476 νεκροὶ
1280 4403 1333 4455 δὲ
1378 4402 1766 4456 καταδύνουσι’
1820 4401 1913 4455 καὶ

2000 1903 2337 1962 sumdantes,
2370 1898 2707 1958 evertebant,
2740 1893 3001 1949 instruxit
3029 1889 3168 1944 nihil
3215 1903 3308 1942 eos
3338 1884 3423 1941 vel
3447 1897 3567 1938 mo-

1998 1994 2187 2058 menti,
2234 1992 2320 2045 vel
2378 1987 2634 2060 ponderis
2696 1987 2957 2056 cogitare,
3015 1996 3191 2051 neque
3237 1979 3568 2041 decernere;

1999 2098 2168 2154 quare
2217 2089 2433 2152 propter
2481 2077 2824 2147 prudentiam
2875 2069 3325 2142 sapientiamque,
3355 2075 3567 2119 summa

1999 2189 2123 2229 cum
2157 2169 2517 2225 admiratione
2563 2166 2834 2227 laudatus,
2867 2159 3224 2216 arithmeticae
3254 2155 3363 2210 illis
3392 2162 3570 2206 astro—

1998 2280 2227 2334 rumque
2259 2271 2430 2316 artem
2462 2259 2666 2323 tradit;
2694 2264 2821 2310 ante
2869 2253 3016 2309 enim
3062 2251 3208 2305 illius
3261 2259 3564 2307 accessum,

2000 2356 2191 2411 harum
2217 2353 2571 2408 scientiarum
2600 2347 2838 2420 Egyptii
2871 2344 3035 2400 rudes
3058 2347 3232 2403 erant,
3249 2336 3448 2409 quibus
3468 2334 3569 2387 im-

2000 2448 2116 2504 buti
2137 2462 2229 2501 eas
2258 2453 2445 2515 postea
2471 2457 2595 2496 cum
2619 2439 2821 2494 Graecis
2849 2434 3354 2493 communicarunt;
3385 2440 3569 2480 rever-

2002 2552 2170 2607 soque
2193 2535 2467 2589 Abraham
2492 2547 2558 2587 ex
2589 2530 2823 2600 Aﬁgypto
2836 2529 2902 2592 ⁸³,
2938 2526 3081 2580 ﬁlius
3103 2521 3294 2578 lsmael
3323 2516 3573 2573 nascitur

2000 2649 2065 2687 ex
2102 2630 2294 2685 ancilla
2329 2627 2490 2699 Agar,
2518 2643 2638 2697 quae
2653 2623 2915 2697 Agarenis
2943 2618 3358 2688 Saracenisque,
3381 2628 3572 2686 quem-

2003 2723 2294 2778 admodum
2329 2719 2621 2777 lsmaelitis
2646 2717 2862 2782 lsmael,
2896 2715 3050 2786 origo
3079 2712 3200 2767 fuit.

2072 2943 2194 3008 Lot,
2227 2940 2504 3011 sejunetus
2525 2938 2593 2993 ah
2618 2933 2970 3001 Abraham“,
3000 2931 3273 3000 regionem
3311 2924 3571 2980 Sodome-

2004 3048 2130 3087 nam
2150 3030 2486 3087 domicilium
2508 3026 2719 3091 habuit,
2748 3041 2869 3096 quae
2896 3031 3117 3095 prepter
3160 3017 3426 3074 nefarium
3451 3030 3570 3070 sce-

2006 3125 2093 3180 lus
2112 3123 2320 3178 eoelesti
2354 3121 2604 3177 incendio
2643 3116 2995 3187 conflagravit
3010 3115 3081 3179 ⁸⁸,
3110 3119 3164 3168 et
3199 3109 3404 3165 nostris
3434 3114 3572 3163 tem—

2008 3216 2233 3287 poribus
2262 3215 2384 3283 ejus
2417 3210 2656 3267 incendii
2680 3209 2924 3280 reliquiae
2946 3212 3268 3263 cernuntur.
3302 3201 3571 3258 Videntur

2007 3322 2242 3376 namque
2267 3305 2547 3360 civitatum
2584 3304 2824 3373 quinque
2852 3298 3102 3369 vestigia,
3133 3296 3190 3351 in
3223 3295 3425 3366 quibus
3455 3290 3572 3346 fru-

2007 3406 2128 3454 etus
2152 3396 2412 3467 assurgit,
2438 3395 2531 3465 qui
2575 3393 2818 3449 exterius
2849 3389 3148 3446 esculentis
3178 3386 3374 3442 similis
3409 3396 3573 3454 appa-

2008 3495 2112 3553 ret,
2149 3494 2296 3542 tactu
2326 3502 2551 3559 pressus
2594 3483 2803 3539 fumum
2827 3481 3066 3547 exhalat,
3088 3486 3142 3534 et
3163 3476 3367 3532 fatiscit
3394 3474 3449 3529 in
3478 3491 3573 3529 va-

2010 3597 2135 3653 gum
2157 3581 2453 3651 pulverem.
2484 3577 2622 3634 Huic
2642 3576 2850 3647 regioni
2875 3572 3156 3644 proximus
3192 3576 3276 3624 est
3294 3566 3576 3637 Asphalti-

2011 3680 2092 3729 tes
2118 3672 2292 3739 lacus,
2322 3671 2414 3742 qui
2444 3670 2595 3741 prius
2618 3678 2734 3722 erat
2759 3666 2935 3729 vallis,
2969 3662 3147 3733 puteis
3172 3658 3437 3715 bitumine
3462 3656 3577 3725 ple-

2010 3767 2128 3833 nis;
2156 3780 2332 3820 mersa
2356 3764 2599 3835 regione,
2622 3761 2775 3815 lacus
2803 3758 2992 3823 crevit,
3017 3756 3110 3825 qui
3152 3759 3206 3808 et
3245 3766 3395 3806 mare
3434 3747 3568 3803 Mor-

2012 3865 2164 3910 tuum
2189 3834 2470 3909 vocatur:
2505 3853 2659 3907 dirus
2703 3858 2931 3913 natura,
2964 3834 3294 3915 sterilisque,
3329 3851 3382 3897 et
3414 3838 3577 3894 undis

2011 3948 2244 4011 levibus,
2282 3947 2357 4000 ita
2389 3952 2450 4000 ut
2493 3945 2607 4001 sive
2648 3941 2880 4013 lapides,
2915 3940 3028 3995 sive
3074 3938 3300 4001 ferrum,
3329 3935 3444 3989 sive
3478 3933 3580 3986 ali-

2012 4038 2145 4108 quid
2196 4037 2345 4092 aliud
2386 4051 2550 4107 grave
2590 4035 2649 4089 in
2709 4033 2859 4087 illum
2909 4029 3283 4102 proiiciantur,
3315 4040 3427 4080 non
3469 4023 3577 4078 ima

2013 4140 2215 4201 petere,
2249 4128 2345 4185 sed
2370 4144 2563 4184 rursus
2585 4134 2842 4196 tanquam
2878 4138 2908 4177 a
2929 4130 3090 4178 vento
3111 4120 3319 4177 ematur
3346 4118 3403 4172 in
3428 4132 3579 4172 sum-

2012 4238 2212 4293 moque
2243 4221 2443 4286 fluitat,
2472 4220 2528 4274 in
2544 4233 2774 4289 eamque
2801 4216 2911 4270 vivi
2946 4216 3193 4269 homines
3238 4210 3424 4281 injecti
3456 4224 3580 4281 ege-

2013 4325 2229 4379 runtur,
2276 4314 2477 4368 mortui
2530 4315 2885 4381 merguntur;
2926 4308 3287 4375 .lucernzeque
3338 4315 3582 4357 accensae.

2015 4412 2389 4476 supernatant,
2420 4403 2706 4459 exstincta:
2751 4402 3080 4455 obruuntur.
3113 4396 3209 4451 Sal
3244 4409 3487 4449 amarum
3525 4399 3582 4448 et

348 4500 531 4571 λύχνοι
562 4499 619 4553 δὲ
659 4497 936 4570 καιόμενοι
968 4497 1338 4568 ἐπιφέρονται,
1383 4493 1699 4557 σϐεσθέντες
1729 4493 1786 4546 δὲ
1818 4510 1905 4546 κα-

2018 4498 2233 4553 alumen
2257 4496 2653 4566 bituminisque
2675 4494 2866 4565 globos
2902 4492 3237 4563 nigrieantes
3259 4487 3430 4542 tauris
3462 4485 3583 4541 sine

351 4593 760 4650 ταποντοῦνται.
801 4590 1085 4661 Ἀναφέρει
1123 4590 1182 4643 δὲ
1221 4589 1352 4652 ἃλας
1399 4588 1612 4660 πικρὸν,
1661 4587 1755 4640 καὶ
1787 4603 1912 4639 στυ-

351 4687 610 4758 πτηρίαν,
662 4685 758 4740 καὶ
808 4683 905 4754 τῆς
948 4682 1222 4751 ἀσφάλτου
1280 4679 1530 4751 μελαίνας
1565 4677 1786 4749 βώλους,
1836 4676 1912 4738 ὡς

352 4777 587 4834 ἑοικέναι.
613 4776 835 4839 τούτους
865 4773 1081 4845 ταύροις
1111 4772 1400 4841 ἀκεφάλοις
1429 4770 1489 4824 τὸ
1522 4769 1765 4841 μέγεθος.
1800 4769 1913 4821 Καὶ

349 4874 401 4926 οἱ
444 4869 663 4933 ναῦται,
712 4868 809 4932 τὰς
848 4865 1050 4938 βώλους
1096 4865 1297 4928 ταύτας
1348 4863 1718 4936 δρασσόμενοι,
1776 4861 1911 4930 πλη-

355 4962 507 5037 ροῦσι
535 4961 605 5015 τὰ
635 4961 837 5031 σκάφη,
871 4959 963 5012 καὶ
986 4958 1233 5012 ἕλκουσιν
1264 4956 1359 5009 ἐπὶ
1378 4955 1477 5024 τὴν
1496 4954 1705 5026 χέρσον.
1739 4954 1914 5024 Προσ-

353 5054 640 5127 πήγνυταιῖ
667 5052 724 5104 δὲ
763 5049 841 5121 τῷ
877 5049 1019 5117 ξύλῳ
1054 5048 1147 5101 τοῦ
1194 5047 1378 5101 πλοίου
1421 5049 1453 5116 ή
1485 5044 1779 5115 ἄσφαλτος,
1819 5043 1914 5097 καὶ

351 5142 736 5210 ἀποξυλοῦται,
764 5142 840 5206 ὡς
871 5142 944 5213 μὴ
975 5139 1232 5195 δύνασθαι
1262 5138 1436 5201 ἄλλως
1458 5136 1910 5207 ἀποκολληθῆναι,

353 5242 403 5293 εί
432 5239 507 5310 μὴ
541 5236 791 5311 βρεχθείη
814 5235 995 5307 οὔροις
1025 5235 1120 5288 καὶ
1147 5230 1472 5302 γυναικείοις
1494 5231 1774 5301 ἐμμήνοις*
1798 5228 1917 5281 τού-

353 5350 465 5396 τοις
498 5331 608 5402 γάρ
642 5328 810 5383 εἴκειν
843 5329 1022 5400 μόνοις
1053 5325 1315 5397 πέφυκεν.
1359 5323 1660 5378 Ἀλλάττειν
1685 5323 1741 5375 δέ
1784 5339 1916 5391 φασι

2017 4590 2194 4659 capite
2220 4590 2427 4645 similes
2457 4587 2831 4659 magnitudine
2871 4586 3063 4657 gignit,
3087 4591 3141 4639 et
3186 4588 3363 4636 nautae
3393 4580 3582 4650 globos

2017 4681 2181 4737 hosce
2213 4680 2488 4749 abreptos,
2524 4678 2757 4733 navibus
2797 4677 3009 4732 onustis
3037 4676 3092 4729 in
3125 4674 3273 4728 littus
3304 4672 3584 4729 trahentes

2017 4774 2286 4829 deferunt.
2319 4772 2594 4827 Naviculae
2624 4786 2753 4826 vero
2781 4771 2940 4841 lignis
2969 4769 3213 4823 bitumen
3239 4775 3582 4837 compactum

2021 4866 2278 4928 adhaeret,
2307 4872 2361 4920 et
2390 4864 2555 4919 veluti
2602 4864 2809 4934 lignum
2859 4861 3196 4925 obdurescit,
3230 4861 3303 4913 ita
3327 4868 3386 4913 ut
3428 4859 3586 4913 evelli

2018 4957 2360 5031 discindique
2397 4962 2649 5026 nequeat,
2682 4961 3041 5025 praeterquam
3079 4952 3227 5007 lotiis
3255 4951 3586 5006 menstruis-

2017 5064 2123 5119 que
2148 5049 2437 5103 mulierum
2458 5062 2765 5116 aspersum.
2799 5043 2925 5099 Sola
2948 5043 3092 5099 enim
3120 5043 3224 5098 hac
3257 5045 3307 5098 vi
3341 5042 3587 5113 superari

2016 5150 2215 5214 potest.
2250 5139 2497 5194 Tradunt
2527 5153 2721 5208 aquam
2749 5137 2992 5205 quotidie
3014 5137 3191 5193 tribus
3217 5137 3433 5192 vicibus
3466 5151 3587 5188 mu-

2020 5242 2138 5289 tare
2169 5233 2405 5294 colores,
2435 5230 2737 5300 crebraque
2775 5230 2992 5284 illorum
3023 5227 3423 5295 mutationead
3454 5226 3585 5281 solis

2022 5326 2206 5381 radios
2236 5325 2564 5378 illustratam
2601 5322 2737 5378 mire
2784 5321 3082 5377 videntium
3122 5320 3310 5376 oculos
3349 5317 3581 5374 allicere.

353 5418 455 5495 τῆς
494 5422 705 5494 ἡμέρας
757 5421 944 5495 χροιὰς
987 5423 1135 5485 τρεῖς
1182 5419 1244 5474 τὸ
1295 5419 1459 5491 ὕδωρ,
1507 5419 1601 5472 ml.
1645 5416 1915 5471 ποικιλίαν
1945 5417 2118 5488 ὅψεως
2156 5416 2458 5488 ἐκπέμπειν
2492 5407 2633 5486 πρὸς
2679 5415 2777 5488 τὴν
2804 5416 2999 5469 ἀκτῖνα
3057 5411 3150 5467 τοῦ
3201 5409 3351 5470 ’ἡλίου
3383 5409 3582 5461 ἀνταυ-

258 5562 261 5563 ν
354 5518 573 5588 γοῦσαν.

439 5614 495 5667 '0
531 5614 588 5667 δὲ
630 5610 899 5684 Ἀδραάμ,
937 5608 1326 5680 ἑκατοντούτης
1355 5607 1660 5679 γενόμενος,
1705 5610 1921 5679 γνήσιον

2101 5602 2298 5658 Verum
2327 5600 2600 5655 Abraham
2655 5599 2829 5654 aetatis
2857 5613 2970 5654 sua:
3001 5610 3143 5653 anno
3168 5590 3479 5652 centesimo
3501 5591 3583 5651 le-

429 5772 474 5808 "
502 5769 627 5828 Gen.
656 5786 757 5838 ιιι,
796 5772 843 5826 l.
919 5771 964 5803 θ’
994 5765 1137 5823 Ibid.
1167 5767 1255 5825 10.
1333 5764 1536 5845 υσεη.
1571 5782 1684 5834 xvi,
1719 5766 1770 5822 ι.
1844 5767 1886 5830 9‘

2004 5784 2044 5821 ι.
2078 5780 2199 5832 nn,
2232 5762 2316 5820 10.
2334 5837 2360 5842 ψ
2396 5762 2443 5840 ‘_'
2491 5761 2618 5821 Gen.
2652 5778 2762 5827 xu,
2796 5759 2889 5817 24.
