4090 6288
590 325 695 383 res
1465 320 1522 376 s.
1567 318 2014 377 susurrans
2052 319 2546 383 ANTIOCHENUS
2584 324 2984 385 Episcopus.
3760 332 3893 390 πω

589 440 844 510 gitimam
867 442 1032 498 ﬁlium
1045 437 1195 499 lsaac
1210 456 1273 498 ex
1293 440 1457 498 Sarra
1470 442 1709 515 suscepit
1726 443 1849 513 “,et
1866 452 1990 516 post
2019 449 2155 496 octa'

2272 445 2436 499 παῖδα
2469 446 2534 499 ὲκ
2560 444 2661 516 τῆς
2683 443 2900 515 Σάρρας
2921 443 3015 497 τὸν
3049 443 3235 499 Ἰσαὰκ
3259 445 3518 518 ἐγέννησε
3540 466 3552 478 ·
3584 448 3681 503 καὶ
3720 451 3886 522 μετὰ

588 548 716 588 vum
738 532 883 588 diem
912 531 1252 587 circumcidit
1267 531 1336 596 ",
1367 530 1602 601 indeque
1618 545 1734 588 mos
1753 531 1841 587 hic
1878 533 2155 588 circumci-

2268 535 2368 605 τὴν
2404 537 2596 609 ὀγδόην
2632 537 2844 609 ἡμέραν
2878 535 3041 590 αὐτὸν
3079 536 3423 609 περιέτεμεν,
3454 538 3516 606 ἐξ
3546 535 3608 596 οὗ
3636 542 3738 596 καὶ
3765 542 3882 597 νῦν

588 624 753 680 dendi
783 638 982 694 pueros
1024 623 1171 693 apud
1198 622 1455 681 Hebraeos
1486 624 1737 679 invaluit.
1769 623 1906 681 Nam
1934 627 2155 689 Arabes,

2265 629 2328 682 τὸ
2380 628 2500 694 ἔθος
2536 629 2693 684 τοῦτο
2740 632 2791 683 οἱ
2850 629 3091 701 Ἑϐραῖοι
3145 629 3490 700 φυλάττουσι,
3537 637 3607 707 τῇ
3666 637 3879 709 ἡμέρᾳ

590 717 681 789 qui
696 726 747 773 et
765 716 1069 781 lsmaelitae,
1092 716 1309 773 decimo
1329 717 1490 774 tertio
1509 717 1980 774 circumciduntur
1993 735 2155 785 anno,

2264 720 2438 794 ταύτῃ
2485 722 2951 795 περιτεμνόμενοι.
2998 722 3233 792 ’Δρασες
3268 723 3377 797 γὰρ
3422 725 3519 779 καὶ
3560 728 3612 781 οἱ
3660 728 3874 799 Ἰσμα-

591 827 712 867 cum
732 825 920 866 eorum
954 812 1165 882 primus
1190 827 1390 883 parens
1422 811 1614 869 lsmael
1633 828 1699 869 eo
1732 820 1973 885 tempore
2005 814 2155 871 luerit

2264 813 2445 883 ηλῖται
2477 816 2908 888 τρισκαιδεκάτῳ
2948 816 3367 889 περιτέμνονται
3408 817 3540 884 ἔτει,
3579 818 3675 872 τοῦ
3710 836 3869 894 προ-

589 903 951 959 circumcisus
967 903 1034 959 ⁸⁸.

2267 905 2502 978 πάτορος
2533 908 2711 963 αὐτῶν
2756 910 2979 982 Ἰσμαὴλ
3009 910 3151 964 οὕτω
3194 910 3647 984 περιτμηθέντος.

652 994 927 1050 Abraham
997 996 1072 1051 ita
1144 997 1408 1054 suadente
1458 996 1658 1064 Sarra,
1720 997 2005 1056 lsmaelem
2059 1001 2155 1056 alio

2334 997 2581 1063 Πεισθεὶς
2628 999 2686 1053 δὲ
2734 1001 2840 1055 ὑπὸ
2889 1002 2990 1074 τῆς
3041 1002 3279 1075 Σάρρας,
3317 1005 3371 1055 τό
3437 1003 3688 1076 Ἀϐραὰμ
3754 1004 3861 1060 τὸν

582 1086 872 1142 transtulit
893 1087 959 1151 θ’,
989 1103 1058 1142 ne
1082 1103 1147 1143 eo
1173 1088 1287 1143 vita
1320 1088 1508 1146 functo
1531 1089 1649 1161 ipse
1664 1091 1823 1162 quasi
1845 1093 2057 1162 primus
2077 1107 2155 1163 ge-

2279 1090 2503 1163 Ἰσμαὴλ
2543 1092 2799 1165 ἀλλαχόσε
2841 1093 3145 1165 μετῴκησε,
3192 1096 3401 1165 μήποτε
3443 1097 3580 1166 μετὰ
3606 1096 3707 1167 τὴν
3746 1097 3857 1151 αὐ-

582 1179 735 1245 nitus
765 1177 834 1234 de
867 1179 1228 1251 primogeniis
1256 1180 1477 1252 juribus
1507 1182 1866 1249 contendens,
1896 1182 2049 1239 Isaac
2071 1184 2155 1241 de-

2264 1182 2357 1236 τοῦ
2398 1182 2717 1250 ἀποϐίωσιν,
2743 1185 2820 1249 ὡς
2857 1185 3201 1258 πρωτότοκος
3242 1186 3370 1258 περὶ
3396 1187 3505 1240 τῶν
3534 1186 3855 1258 πρεσϐείων

579 1270 899 1327 trimentum
933 1272 1276 1342 importaret.
1309 1273 1554 1331 lsmaelis
1581 1274 1766 1347 itaque
1791 1292 2155 1343 successores,

2265 1275 2617 1348 κακουργήσῃ
2646 1276 2737 1330 τὸν
2783 1276 2989 1330 Ἰσαάκ.
3020 1276 3301 1348 Κατέσχον
3328 1275 3460 1347 γοῦν
3484 1278 3579 1332 τοῦ
3615 1280 3852 1352 Ἰσμαὴλ

580 1371 783 1419 terram
816 1379 939 1435 qua:
982 1364 1051 1421 ab
1094 1365 1370 1437 Euphrate
1403 1367 1461 1423 in
1497 1383 1647 1425 mare
1675 1368 1924 1426 Rubrum
1960 1370 2155 1427 diﬁ‘un-

2263 1365 2317 1417 οί
2354 1367 2610 1436 ἀπόγονοι
2635 1367 2734 1439 τὴν
2763 1368 2870 1422 ἀπὸ
2909 1368 3198 1442 Εὐφράτου
3233 1370 3579 1442 καθήκουσαν
3612 1371 3719 1443 γῆν
3750 1373 3852 1426 ἐπὶ

576 1457 748 1524 ditur,
775 1465 1135 1529 occuparunt.

2261 1457 2363 1528 τὴν
2407 1456 2675 1529 Ἐρυθρὰν
2713 1458 3007 1516 θάλασσαν.

653 1548 763 1605 Nec
803 1551 977 1606 multo
1006 1553 1192 1622 post"
1214 1550 1360 1610 Deus
1390 1560 1451 1609 ut
1488 1554 1594 1610 sibi
1633 1554 1701 1610 ad
1737 1563 1967 1612 mortem
2013 1554 2155 1613 Isaac

2332 1550 2487 1604 Μετὰ
2512 1551 2569 1605 δὲ
2603 1552 2791 1623 χρόνον
2820 1554 2901 1617 είς
2927 1552 3118 1608 θυσίαν
3147 1555 3176 1608 6
3204 1554 3336 1619 Θεὸς
3363 1557 3456 1611 τὸν
3515 1555 3698 1613 Ἰσαὰκ
3754 1560 3849 1614 ἀν-

574 1639 892 1705 oll‘erretur,
927 1643 1204 1713 praecepit,
1230 1651 1284 1699 et
1301 1643 1575 1700 Abraham
1604 1661 1873 1702 summam
1904 1647 2008 1703 hoc
2039 1664 2155 1705 esse

2263 1641 2542 1714 ενεχθῆναι
2593 1643 2742 1714 αὐτῷ
2786 1645 3147 1715 προσέταξενο
3183 1647 3279 1701 καὶ
3322 1650 3351 1702 6
3416 1647 3685 1722 Ἀϐραὰμ,
3736 1651 3847 1723 μέ-

579 1739 765 1788 notam
800 1732 1019 1803 pietatis
1061 1735 1408 1800 existimans,
1440 1738 1695 1795 maximis
1739 1741 2048 1807 conatibus,
2092 1742 2155 1797 ad

2261 1751 2449 1804 γιστον
2496 1735 2588 1789 καὶ
2630 1735 2789 1790 τοῦτο
2837 1736 3124 1802 εὐσεὸείας
3162 1737 3430 1811 σύμϐολον
3470 1738 3842 1812 ἡγησάμενος,

579 1798 950 1879 summitatem
979 1826 1272 1896 quamdam
1303 1798 1496 1898 pergit.
1516 1828 1791 1899 rebusque
1810 1798 2065 1886 omnibus
2095 1829 2155 1885 ad

2268 1798 2573 1899 ἀφικνεῖται
2606 1832 2702 1885 σὺν
2730 1830 2897 1903 πολλῇ
2927 1798 3204 1905 προθυμίᾳ
3231 1798 3316 1887 ἐπ’
3341 1798 3842 1907 ἀκρωρείαξτινδεξ

579 1915 916 1972 sacriﬁcium
955 1925 1080 1990 apte
1106 1918 1556 1988 accommodatis,
1584 1921 1659 1975 ita
1717 1920 1887 1976 ﬁlium
1934 1922 2155 1994 alloqui-

2269 1922 2364 1975 καὶ
2402 1922 2580 1977 πάντα
2612 1922 2679 1977 τὰ
2712 1924 2847 1996 πρὸς
2891 1924 2990 1996 τὴν
3021 1924 3214 1979 θυσίαν
3241 1927 3589 2000 εὐτρεπίσας,
3638 1926 3842 1997 φάσκει

580 2016 673 2064 llll'
701 2027 718 2065 2

652 2119 670 2152 ι
714 2100 913 2173 Longis
938 2101 1279 2173 inﬁnitisque
1293 2103 1568 2174 precibus,
1597 2112 1657 2160 ut
1679 2105 1811 2162 mihi
1828 2106 2159 2172 nascereris,

575 2212 609 2250 ο
633 2194 726 2258 ﬁli,
759 2209 790 2248 a
831 2194 942 2251 Deo
985 2194 1309 2266 impetravi;
1342 2195 1398 2251 in
1430 2196 1609 2252 lucem
1637 2197 1786 2253 edito
1815 2198 1998 2253 omnia
2034 2213 2159 2270 qua:

576 2283 645 2339 ad
688 2295 838 2338 tuam
864 2284 1250 2340 educationem
1276 2285 1734 2358 disciplinamque
1753 2288 2064 2345 conducere
2086 2288 2164 2345 vi-

573 2376 863 2443 debantur,
934 2378 1260 2435 ambitiosus
1317 2378 1624 2451 insumpsi;
1693 2381 1749 2436 in
1810 2397 1984 2454 eoque
2044 2383 2162 2440 solo

575 2482 848 2525 summam
882 2468 1015 2523 mihi
1042 2469 1204 2524 rebar
1228 2468 1544 2525 felicitatem
1572 2471 1830 2543 positam,
1854 2474 1901 2531 si
1930 2482 1983 2531 te
2004 2475 2162 2530 adul-

575 2565 692 2611 tum
722 2557 778 2612 in
811 2565 1060 2614 extremo
1090 2560 1215 2614 vitae
1246 2575 1384 2615 mea:
1415 2560 1524 2625 die,
1552 2577 1738 2616 rerum
1774 2578 2019 2619 mearum
2050 2576 2161 2621 sta-

576 2657 775 2720 tusque
818 2650 1090 2707 haeredem
1120 2668 1606 2724 successoremque
1631 2655 2016 2726 relinquerem.
2051 2655 2156 2713 Sed

576 2758 701 2796 cum
733 2742 827 2798 Dei
888 2743 1155 2800 beneﬁcio
1201 2753 1366 2818 atque
1414 2761 1642 2803 munere
1670 2754 1825 2818 pater
1870 2756 1997 2805 tuus
2027 2748 2151 2812 sim,

577 2852 800 2893 rursum
829 2837 907 2892 illi
943 2839 1242 2908 postulanti
1285 2846 1341 2894 te
1378 2838 1570 2894 oll‘ero.
1606 2837 1827 2896 Sustine
1874 2840 2041 2911 igitur
2062 2856 2157 2911 ge-

575 2944 775 2985 nerose
836 2929 1181 3000 viriliterque
1228 2930 1370 2985 hanc
1432 2931 1905 2987 consecrationem
1951 2952 1964 2987 :
2017 2932 2153 2987 cedo

574 3023 719 3075 enim
754 3031 808 3077 te
830 3020 961 3089 Deo,
998 3022 1090 3093 qui
1113 3022 1324 3079 honore
1350 3023 1456 3079 hoc
1489 3039 1520 3079 a
1556 3022 1716 3080 nobis
1735 3024 1851 3079 vult
1877 3023 2147 3087 decorari,

579 3121 804 3184 propter
825 3128 891 3169 ea
920 3129 1043 3185 qum
1081 3114 1215 3170 mihi
1262 3117 1528 3187 benignus
1558 3122 1859 3186 custosque
1876 3116 2147 3187 praestitit.
2177 3163 2219 3219 C

577 3203 681 3260 Abi
722 3204 889 3276 igitur
939 3222 1049 3262 non
1106 3207 1388 3263 communi
1427 3209 1672 3263 omnium
1717 3222 1870 3263 more
1919 3216 2149 3264 mortem

573 3295 788 3361 obiens,
839 3298 934 3353 sed
983 3313 1012 3352 a
1055 3306 1212 3369 patre
1262 3301 1504 3371 proprio,
1545 3315 1727 3355 rerum
1774 3301 2017 3355 omnium
2057 3315 2152 3372 pa-

468 3402 474 3409 ‘
573 3390 715 3445 renti
764 3389 894 3456 Deo,
928 3392 1047 3447 vice
1077 3391 1329 3448 sacriﬁcii
1373 3394 1712 3463 praemissus,
1747 3393 1841 3464 qui
1889 3400 2063 3460 tuum,
2086 3408 2150 3449 ea

572 3491 658 3539 est
692 3483 839 3541 illius
870 3484 1153 3556 maiestas,
1188 3501 1367 3557 neque
1399 3486 1613 3552 morbo,
1643 3501 1823 3558 neque
1858 3488 2021 3552 bello,
2054 3503 2150 3544 ne—

571 3593 683 3648 que
709 3578 822 3633 ullo
865 3578 994 3644 alio,
1025 3580 1226 3652 quibus
1264 3596 1438 3652 genus
1480 3581 1780 3635 humanum
1821 3580 2017 3638 conﬁci
2050 3596 2150 3636 na-

572 3677 690 3724 tum
720 3680 823 3737 est,
852 3670 947 3727 sed
971 3671 1229 3742 precibus
1254 3682 1308 3727 et
1345 3670 1617 3727 sacriﬁcio
1649 3672 1891 3725 animum
1927 3673 2145 3742 excipit.

574 3760 713 3817 Tum
754 3761 920 3819 Deum
952 3763 1084 3818 mihi
1121 3772 1377 3831 tutorem,
1410 3772 1753 3834 senectaeque
1795 3778 1927 3819 meae
1964 3765 2150 3820 mode-

573 3863 835 3921 ratorem,
864 3856 983 3910 vice
1016 3862 1108 3910 tua
1139 3856 1445 3926 prazstabis.
1490 3874 1506 3907 ι

645 3948 857 4016 Quibus
881 3948 1106 4016 auditis,
1137 3951 1210 4005 ita
1240 3950 1437 4006 ell'atus
1476 3957 1560 4006 est
1588 3948 1739 4007 lsaac
1773 3970 1785 4003 :
1816 3971 1834 4002 ι
1858 3949 2003 4006 Sane
2036 3951 2150 4022 qui-

573 4044 698 4100 dem
733 4060 909 4115 neque
935 4045 1090 4099 initio
1116 4045 1316 4116 dignus
1335 4045 1645 4114 iudicarer,
1669 4045 1764 4114 qui
1786 4059 2065 4110 nascerer,
2102 4046 2146 4101 si

576 4136 673 4192 Dei
706 4138 982 4207 patrisque
1002 4137 1272 4207 judicium
1306 4137 1639 4208 probaturus
1671 4152 1781 4191 non
1805 4153 2006 4206 essem,
2032 4154 2151 4194 me-

581 4243 695 4299 que
725 4228 1134 4298 promptissime
1177 4229 1464 4299 utriusque
1509 4230 1779 4285 voluntati
1822 4230 2149 4286 commissu—

575 4329 694 4369 rus.
742 4314 849 4370 Sed
879 4315 923 4370 si
956 4315 1039 4371 vel
1069 4323 1226 4386 pater
1279 4316 1431 4374 solus
1470 4318 1576 4375 hoc
1604 4327 1890 4386 tentasset,
1921 4321 2148 4393 impium

573 4413 721 4461 esset
749 4421 859 4461 non
888 4406 1127 4462 obedire.
1171 4426 1190 4458 ι

646 4497 782 4553 Dum
836 4498 938 4553 hoc
969 4499 1230 4569 loquitur,
1262 4500 1328 4556 ad
1373 4514 1526 4556 aram
1574 4501 1886 4574 caedemque
1918 4511 2142 4575 paratus
2175 4507 2218 4562 D

573 4604 899 4661 progressus
913 4604 1015 4648 est.
1025 4591 1128 4649 Sed
1147 4593 1598 4664 Deus,utriusque
1609 4609 1761 4665 prom
1768 4603 1860 4667 plo
1872 4595 1987 4650 alae
1994 4595 2146 4667 rique

577 4684 760 4738 animo
783 4694 1087 4755 perspecto,
1120 4686 1257 4757 patri
1288 4687 1455 4741 ﬁlium
1478 4685 1702 4740 donavit
1728 4687 1797 4750 '“,
1824 4687 1996 4742 ariete
2022 4688 2145 4742 loco

577 4775 832 4830 sacriﬁcii
870 4777 963 4831 ﬁlii
990 4787 1437 4841 commonstrato,
1457 4793 1618 4850 quem
1652 4778 1836 4834 statim
1866 4793 1966 4848 pro
1996 4778 2146 4836 Isaac

576 4866 685 4922 ﬁlio
709 4882 811 4922 suo
835 4869 1050 4927 obtulit.

641 5041 827 5099 Primo
850 5046 1096 5101 omnium
1137 5048 1366 5103 Abrahae
1420 5046 1516 5103 Dei
1551 5046 1810 5113 Verbum,
1857 5048 1910 5102 in
1969 5045 2142 5119 ﬁgura

572 5138 811 5194 humana
855 5153 1122 5209 apparens
1143 5141 1212 5203 ",
1244 5142 1486 5212 gentium
1515 5141 1859 5198 vocationem
1889 5140 2145 5197 vaticina-

573 5240 690 5287 tum
714 5238 819 5291 est,
850 5246 1013 5301 quam
1052 5233 1252 5287 nostris
1283 5234 1619 5303 temporibus
1650 5233 1706 5289 in
1743 5232 2006 5289 mundum
2040 5231 2141 5287 ad-

576 5326 824 5384 veniens.
855 5338 1020 5394 opere
1050 5324 1362 5394 complevit,
1384 5341 1482 5395 per
1510 5327 1877 5398 evangelicam
1904 5325 2053 5381 illius
2082 5324 2140 5379 in

575 5430 763 5474 omnes
784 5424 971 5489 gentes
997 5416 1323 5472 doctrinam.

649 5509 799 5566 Isaac
830 5509 1248 5591 quadragesimo
1270 5507 1445 5563 aetatis
1472 5511 1675 5566 anno"
1700 5508 2001 5567 Rebeccam
2038 5512 2141 5568 sibi

2269 2011 2405 2084 πρὸς
2430 2011 2522 2066 τὸν
2553 2013 2715 2067 παῖδα
2749 2012 2914 2068 αὐτοῦ
2934 2031 2948 2045 ο

2341 2123 2365 2155 ο
2416 2099 2487 2157 Ὦ
2538 2106 2669 2170 παῖ,
2725 2105 2948 2177 μυρίαις
2997 2105 3184 2177 εὐχαῖς
3231 2107 3598 2179 αἰτησάμενός
3642 2124 3704 2161 σε
3743 2124 3839 2177 γε-

2263 2195 2450 2250 νέσθαι
2493 2214 2583 2269 μοι
2621 2197 2773 2271 παρά
2811 2198 2969 2260 Θεοῦ,
2998 2200 3122 2254 ἐπεὶ
3149 2182 3424 2273 παρῆλθες
3464 2203 3546 2266 εἰς
3581 2200 3673 2254 τὸν
3700 2201 3833 2272 βίον,

2263 2290 2366 2344 οὐκ
2401 2288 2549 2344 ἔστιν
2571 2290 2600 2344 ὃ
2635 2308 2689 2344 τι
2722 2290 2798 2364 μὴ
2828 2292 2957 2362 περὶ
2989 2290 3089 2363 τὴν
3127 2292 3225 2365 σὴν
3260 2293 3570 2365 ἀνατροφὴν
3600 2293 3833 2364 ἐφιλοτι-

2265 2382 2546 2457 μησάμην,
2594 2382 2704 2438 οὐδ’
2742 2385 2831 2454 ἐφ’
2876 2376 2921 2452 ᾧ
2962 2384 3161 2456 μᾶλλον
3199 2385 3609 2458 εὐδαιμονήσειν
3652 2386 3830 2458 ᾤμην,

2260 2476 2335 2540 ὡς
2372 2476 2557 2548 ἐπειδή
2595 2475 2664 2547 μέ
2692 2493 2753 2529 σε
2782 2475 3126 2548 ἠνδρωμένον
3156 2478 3252 2531 καὶ
3288 2476 3553 2531 τελευτῶν
3593 2477 3830 2548 διάδοχον

2258 2568 2436 2641 ἀρχῆς
2466 2569 2566 2641 τῆς
2602 2568 2841 2638 ἐμαυτοῦ
2881 2569 3289 2642 καταλείποιμι.
3346 2569 3486 2624 Ἀλλ’
3534 2571 3659 2624 ἐπεὶ
3694 2570 3828 2625 Θεοῦ

2259 2659 2582 2732 βουλομένου
2627 2660 2719 2726 σδς
2767 2661 2950 2735 πατὴρ
2983 2662 3272 2734 ἐγενόμην,
3315 2661 3482 2718 πάλιν
3524 2662 3699 2735 τούτῳ
3745 2666 3829 2717 αἰ-

2253 2751 2431 2806 τοῦντι
2460 2753 2755 2826 ἀνατίθημί
2798 2771 2878 2809 σε,
2918 2754 3056 2827 Φέρε
3094 2751 3187 2809 οῦν
3216 2755 3478 2825 γενναίως
3505 2757 3606 2828 τὴν
3645 2755 3828 2809 καθιέ-

2258 2863 2449 2918 ρωσιν·
2496 2847 2575 2919 τῷ
2615 2845 2735 2919 Θεῷ
2781 2848 2892 2921 γάρ
2938 2865 2997 2901 σε
3028 2847 3361 2920 παραχωρῶ,
3409 2847 3615 2919 ταύτης
3664 2845 3823 2915 ἀξιιῖι-

2255 2957 2407 2995 σαντι
2444 2941 2574 3013 παρ’
2620 2941 2775 3013 ἡμῶν
2804 2941 2908 3012 τῆς
2955 2942 3142 3013 τιμῆς,
3172 2940 3288 2995 ἀνθ’
3333 2932 3411 2995 ὧν
3456 2941 3690 3013 εὐμενὴς
3732 2940 3824 2995 καὶ

2254 3031 2562 3104 προστάτης
2603 3050 2693 3104 μοι
2732 3033 2978 3104 γέγονεν.
3024 3033 3216 3088 ’Ἄπιθι
3250 3031 3344 3088 οὖν
3396 3035 3498 3088 οὐκ
3540 3033 3825 3089 ἀποθανὼν

2252 3123 2343 3177 τὸν
2378 3124 2556 3178 κοινὸν
2587 3124 2653 3178 ὲκ
2685 3124 2779 3178 τοῦ
2810 3124 2909 3196 ζῇν
2931 3126 3151 3197 τρόπον,
3175 3125 3288 3179 ἀλλ’
3328 3125 3434 3180 ὑπὸ
3458 3126 3660 3197 πατρὸς
3690 3127 3819 3181 ἰδίου

2251 3216 2371 3288 Θεῷ
2406 3214 2483 3287 τῷ
2513 3215 2730 3270 πάντων
2757 3217 2926 3289 πατρὶ
2949 3218 3097 3290 νόμῳ
3125 3217 3316 3281 θυσίας
3346 3217 3813 3289 προπεμπόμενος.

2254 3309 2436 3377 ’Ἄξιον
2483 3303 2635 3380 οἶμαί
2679 3325 2739 3362 σε
2770 3310 3056 3381 κρίναντος
3095 3309 3284 3377 αὐτοῦ,
3325 3311 3450 3382 μήτε
3479 3310 3636 3380 νόσῳ,
3671 3310 3811 3382 μήτε

2251 3401 2492 3473 πολέμῳ,
2538 3403 2677 3474 μήτε
2716 3401 2862 3474 ἄλλῳ
2898 3402 3004 3455 τινὶ
3041 3403 3148 3459 τῶν
3181 3403 3387 3468 παθῶν,
3412 3401 3446 3456 ὃ.
3483 3402 3802 3473 συμπίπτειν

2250 3491 2561 3567 ἀνθρώποις
2608 3494 2835 3563 πέφυκε,
2885 3497 2999 3565 μετ’
3044 3494 3219 3566 εὐχῶν
3273 3495 3332 3549 δὲ
3383 3495 3474 3552 καὶ
3511 3494 3804 3567 ἱερουργίας

2249 3581 2460 3635 ἐκείνου
2488 3580 2585 3653 τὴν
2630 3581 2729 3653 σὴν
2758 3582 2936 3654 ψυχὴν
2974 3583 3435 3655 προσδεξαμένου.
3467 3585 3601 3657 Ἐσῃ
3626 3584 3683 3639 δέ
3724 3603 3813 3655 μοι

2251 3672 2331 3735 είς
2355 3672 2625 3743 κηδεμόνα
2649 3672 2743 3726 καὶ
2764 3689 2832 3742 γη
2841 3671 3073 3744 ροκόμον
3095 3672 3186 3725 τὸν
3211 3672 3344 3728 Θεόν
3367 3691 3458 3745 μοι
3485 3674 3606 3727 ἀντὶ
3628 3673 3814 3727 σαυτοῦ

2251 3764 2681 3837 παρασχόμενος.
2721 3783 2740 3816 ι

2320 3942 2535 3994 Τούτων
2564 3938 2804 4003 ἀκούσας
2836 3940 2866 3993 6
2909 3936 3094 3992 Ἰσαὰκ
3116 3937 3219 4010 ἔφη
3259 3938 3395 4010 πρὸς
3418 3940 3583 3995 αὐτόν
3601 3957 3615 3970 ’
3651 3959 3670 3991 ι
3692 3939 3817 3995 Οὐδὲ

2247 4035 2346 4107 τὴν
2384 4034 2559 4107 ἀρχὴν
2607 4033 2890 4103 γεγονέναι
2921 4033 3130 4096 δίκαιος
3165 4032 3282 4104 εἴην
3321 4031 3407 4098 ἂν,
3455 4035 3504 4087 εί
3546 4033 3683 4088 Θεοῦ
3729 4035 3817 4089 καὶ

2249 4127 2455 4196 πατρὸς
2501 4125 2750 4198 μέλλοιμι
2793 4125 2977 4198 κρίσιν
3020 4126 3377 4192 ἀπωθεῖσθαι,
3411 4126 3507 4180 καὶ
3535 4127 3611 4197 μὴ
3653 4128 3818 4198 παρέ-

2248 4238 2363 4292 χειν
2409 4220 2643 4293 ὲμαυτὺν
2687 4222 2798 4284 τοῖς
2838 4221 3163 4294 ἀμφοτέρων
3191 4220 3525 4292 βουλήμασιν
3566 4220 3811 4292 ἑτοίμως.

2242 4311 2402 4365 .οΑλλ’
2440 4314 2488 4364 ει
2534 4313 2630 4366 καὶ
2675 4312 2834 4382 μόνος
2873 4311 3048 4367 ταῦτα
3091 4314 3122 4366 ό
3164 4312 3346 4385 πατὴρ
3386 4313 3699 4385 προῃρεῖτο,
3744 4312 3815 4384 μὴ

2249 4402 2545 4458 ὑπακούειν
2576 4402 2761 4458 ἄδικον
2785 4398 2874 4476 ἦν.
2919 4421 2938 4456 ι

2321 4496 2429 4549 Καὶ
2469 4494 2644 4549 ταῦτα
2685 4493 2858 4564 λέγων
2898 4495 3155 4568 ὥρμησεν
3208 4499 3299 4551 ἐπὶ
3343 4496 3433 4550 τὸν
3479 4496 3685 4568 βωμὸν,
3727 4498 3813 4551 καὶ

2249 4589 2348 4662 τὴν
2381 4589 2617 4660 σφαγήν.
2678 4587 2737 4642 '0
2768 4588 2826 4642 δὲ
2866 4588 3018 4653 Θεὸς,
3067 4590 3166 4662 τὴν
3204 4590 3462 4662 ἑκατέρου
3511 4588 3813 4662 προθυμίαν

2249 4681 2668 4753 ἀποδεξάμενος,
2698 4681 2985 4754 ἐχαρίσατο
3014 4683 3093 4754 τῷ
3122 4683 3290 4755 πατρὶ
3319 4683 3410 4737 τὸν
3442 4683 3629 4748 παῖδα,
3668 4682 3811 4749 κριὸν

2249 4776 2371 4833 ἀντὶ⁵
2400 4776 2500 4846 τῆς
2529 4774 2624 4828 τοῦ
2667 4775 2857 4839 παιδὸς
2893 4776 3073 4841 δείξας
3105 4775 3520 4841 ὁλοκαυτώσεως
3538 4794 3552 4808 ·
3598 4777 3690 4830 καὶ
3716 4792 3810 4828 πα-

2254 4869 2509 4941 ραχρῆμα
2556 4866 2743 4921 τοῦτον
2788 4869 3055 4940 ἀνήνεγκε
3094 4869 3216 4923 ἀντὶ
3268 4868 3454 4923 Ἰσαὰκ
3489 4867 3584 4922 τοῦ
3626 4867 3807 4929 παιδὸς

2250 4959 2435 5015 αὐτοῦ.

2319 5050 2529 5123 Πρώτῳ
2560 5051 2617 5106 δὲ
2656 5050 2735 5122 τῷ
2774 5050 3020 5123 Ἀϐραὰμ
3048 5053 3078 5107 ὁ
3107 5050 3199 5106 τοῦ
3233 5049 3368 5105 Θεοῦ
3415 5050 3587 5119 Λόγος
3619 5052 3810 5118 sum-

2246 5145 2357 5209 νεὶς
2388 5147 2445 5199 ὲν
2488 5145 2727 5216 σχήματι
2776 5143 3062 5217 ἀνθρώπου
3115 5144 3213 5216 τὴν
3262 5144 3372 5198 τῶν
3403 5143 3575 5198 ἐθνῶν
3627 5141 3810 5213 κλῆσιν

2247 5236 2551 5301 ἐθέσπισεν,
2590 5238 2655 5309 ἣν
2682 5235 2803 5290 καθ’
2835 5238 2983 5308 ἡμᾶς
3013 5237 3358 5310 ἐπιδημήσας
3385 5236 3463 5308 τῷ
3490 5236 3699 5307 κόσμῳ,
3722 5233 3808 5289 ἐπὶ

2247 5328 2418 5402 πέρας
2443 5329 2649 5401 ἢγαγεν
2684 5326 2773 5381 διὰ
2806 5328 2904 5400 τῆς
2938 5330 3020 5392 είς
3052 5329 3229 5384 πάντα
3269 5330 3336 5384 τά
3372 5329 3499 5400 ἔθνη
3538 5329 3807 5399 εὐαγγελι-

2249 5420 2352 5491 κῆς
2378 5419 2719 5484 διδασκαλίας
2747 5418 2929 5474 αὐτοῦ.

2322 5514 2505 5582 Ἀγων
2526 5513 2582 5567 δὲ
2605 5510 3039 5586 τεσσαρακοστὸν
3064 5512 3180 5577 ἔτος
3201 5513 3301 5584 τῆς
3329 5513 3544 5587 ἡλικίας
3564 5515 3593 5568 6
3634 5513 3807 5571 Ἰσαὰκ

659 5701 704 5731 ⁸³
731 5701 1140 5785 qen:_atvil,_l7.
1177 5703 1415 5785 __"nGen.
1442 5708 1630 5785 “1,2,
1673 5707 1725 5765 4.
1803 5710 1847 5742 ⁸⁸
1880 5709 2007 5766 Gen.
2041 5726 2151 5766 xvn

2252 5712 2294 5770 5.
2366 5714 2410 5747 "9
2436 5711 2560 5769 Cen.
2591 5730 2702 5781 κει,
2740 5714 2821 5773 l0.
2907 5716 2950 5750 ⁷ο
2978 5713 3105 5771 Gen.
3149 5733 3284 5785 χχιι,
3347 5719 3401 5773 1.
3472 5718 3518 5751 τί
3586 5712 3730 5774 Ibid.

599 5770 683 5825 l3.
759 5775 805 5805 "
836 5773 975 5829 Ibid.
1010 5770 1101 5833 illi.
1177 5778 1222 5809 ⁷³
1257 5775 1385 5841 Gen.
1412 5792 1538 5849 xxv,
1565 5777 1655 5833 20.
