4090 6288
304 321 408 378 765

1214 307 1485 365 SPURlA.
1525 338 1590 347 -—
1624 300 1984 364 COMMENT.
2023 298 2089 355 IN
2127 292 2621 355 HEXAEMERON.

3425 284 3529 343 766

297 437 396 509 τὴν
437 433 734 488 Ῥεϐέκκαν
780 431 917 504 πρὸς
961 430 1136 501 γάμον
1177 429 1388 498 ἄγεται,
1423 426 1481 494 ἐξ
1507 421 1575 500 ἦς
1618 423 1712 479 δύο
1743 425 1868 477 παῖ-

1968 419 2317 476 matrimonio
2331 413 2699 485 conjunxit",
2715 428 2780 469 ex
2804 426 2911 484 qua
2932 410 3072 466 duos
3097 406 3339 478 suscepit
3364 405 3526 472 tilios,

298 528 396 592 δας
426 525 733 595 ἐγέννησεν,
781 521 951 577 Ἡσαῦ
986 522 1083 575 καὶ
1123 519 1335 576 Ἰακώϐ.

370 620 478 672 Καὶ
497 619 527 672 ὁ
563 614 833 688 Ἀϐραὰμ,
853 613 1248 685 τελευτησάσης
1260 612 1494 685 Σάρρας,
1509 611 1610 682 τὴν
1632 608 1867 664 Χεττοῦ-

305 727 404 782 ραν
431 710 618 780 γαμεῖ,
661 706 756 760 καὶ
788 707 929 760 ποιεῖ
954 704 1013 771 ἒξ
1034 704 1226 769 παῖδας
1266 702 1325 768 ἐξ
1357 702 1547 771 αὐτῆς,
1575 700 1826 775 Ζεμϐράν
1846 741 1863 768 ,

316 802 514 868 ἰαζὰν,
542 799 732 871 Μαδὴν
750 839 766 863 ,
831 797 1139 870 Μαδιανὴν,
1197 794 1606 859 Λουσουϐἀκσν,
1630 794 1813 848 Σοῦον.

372 893 600 948 Φύονται
621 891 679 946 δὲ
705 890 801 944 καὶ
823 891 889 944 ἐκ
908 888 1115 945 τούτων
1144 888 1349 954 παῖδες,
1374 886 1541 941 Σούου
1571 885 1668 959 μὲν
1694 885 1868 939 Σαϐα-

303 985 494 1057 κάνης,
523 972 616 1039 καί
657 982 923 1055 Δαδάνης.
950 985 1015 1039 ἐκ
1059 982 1116 1037 δὲ
1151 981 1340 1036 τούτου
1380 979 1737 1051 Λατούσιμος,
1770 977 1866 1031 καὶ⁹

308 1079 590 1150 ’Ἀσουρος,
617 1077 711 1131 καὶ
736 1075 987 1140 Λούοϐος·
1020 1075 1283 1146 Μαδάμου
1310 1072 1369 1126 δὲ
1408 1071 1544 1127 Ἠθὰ
1564 1111 1580 1138 ,
1609 1070 1863 1143 Θωφρῆς,

308 1174 560 1244 ’Λμωχος
577 1211 592 1236 ,
665 1168 914 1234 Ἕϐιδος,
977 1168 1184 1232 Ἐλδος.
1241 1166 1352 1221 Καὶ
1405 1166 1615 1230 τούτοις
1667 1164 1868 1220 ἆπασιν

316 1262 565 1337 Ἀϐραὰμ
588 1261 696 1315 ἀπὸ
718 1261 921 1324 κοιλίας
943 1259 1255 1331 ἐπενόησεν,
1280 1258 1474 1322 οἵτινες
1495 1256 1593 1329 τὴν
1616 1255 1867 1329 Τρογλω-

304 1357 490 1425 δύτην,
519 1355 613 1409 καὶ
659 1352 726 1408 τα
758 1352 896 1429 μέρη
936 1352 1034 1422 τῆς
1072 1349 1397 1422 Εὐδαίμονος
1457 1349 1735 1422 Ἀραϐίας,
1776 1350 1895 1419 καὶ,

304 1449 427 1501 ὅσον
459 1448 553 1502 ἐπὶ
594 1445 691 1517 τὴν
737 1442 1001 1516 Ἐρυθρὰν
1045 1442 1276 1514 καθήκει
1316 1441 1609 1506 θάλασσαν,
1640 1440 1869 1495 κατέλα-

307 1540 421 1594 ϐον.
454 1539 563 1593 Καὶ
587 1537 693 1592 ἀπὸ
722 1538 818 1609 μὲν
858 1536 1053 1608 Ἀσοὺρ
1093 1535 1353 1608 Ἀσσυρία
1375 1534 1575 1606 ἐκλήθη
1596 1551 1610 1564 ο
1643 1532 1872 1606 Σωφρὴν

305 1631 382 1693 δὲ,
413 1633 504 1685 ἐπὶ
533 1629 736 1700 Λιϐύην
770 1628 1124 1701 στρατεύσας,
1155 1628 1417 1699 κατέσχεν
1460 1626 1649 1698 αὐτὴν,
1684 1626 1778 1680 καὶ
1819 1627 1870 1678 ot

305 1724 559 1792 ἀπόγονοι
606 1719 793 1785 αὑτοῦ,
846 1721 1123 1774 τουτέστιν
1172 1721 1222 1773 oi
1270 1719 1453 1773 υἱωνοὶ
1496 1717 1875 1781 κατοικοῦντες

305 1814 495 1887 αὐτὴν,
521 1813 627 1867 ἀπὸ
652 1812 746 1866 τοῦ
784 1811 1044 1883 ὀνόματος
1070 1809 1235 1865 αὐτοῦ
1263 1810 1360 1882 τὴν
1388 1809 1570 1883 χώραν
1606 1807 1869 1881 Ἀφρικὴν

306 1907 772 1979 προσηγόρευσαν,
816 1904 1011 1969 οἵτινες
1047 1903 1308 1977 Ἠρακλεί
1348 1903 1730 1975 συνεμάχησαν
1779 1902 1872 1955 ἐπὶ

317 2002 555 2055 Ἀνταῖον
584 1998 676 2053 τὸν
707 1999 912 2071 γηγενῆ
959 1997 1367 2070 στρατεύσαντι.
1409 1995 1514 2050 Τοῦ
1546 1997 1603 2050 δέ
1641 1994 1869 2067 Ούαφρῆ

303 2092 576 2163 θυγατέρα
625 2091 818 2160 ἄγεται
854 2089 1155 2161 Ἡρακλῆς,
1198 2088 1260 2154 ἐξ
1306 2084 1374 2160 ἧς
1421 2088 1663 2160 Βόδωρον
1710 2088 1873 2142 παῖδα

302 2187 544 2259 ἐποίησε,
576 2187 723 2248 ὅστις
775 2182 1062 2255 ἐγέννησεν
1111 2183 1224 2236 υίὸν
1273 2181 1518 2252 Σωφονὰ,
1550 2178 1612 2246 ἐξ
1641 2173 1702 2234 οὗ
1748 2180 1872 2245 τοὺς

304 2280 606 2353 βαρϐάρους
628 2275 884 2346 Σωφονὰς
904 2275 1170 2345 λέγουσιν.

385 2372 444 2423 '0
491 2370 549 2424 δὲ
592 2367 872 2440 Ἀϐραὰμ,
915 2366 1113 2439 βιώσας
1156 2365 1251 2437 ἐτη
1306 2371 1430 2438 ροε¹,
1465 2363 1751 2420 ἀπέθανεν.
1771 2366 1873 2418 Ἰα-

303 2461 441 2526 κὼϐ,
476 2459 844 2532 παραρπάσας
885 2458 983 2531 τὴν
1015 2457 1263 2527 εὐλογίαν
1301 2456 1394 2511 τοῦ
1436 2456 1626 2523 Ἠσαῦ,
1654 2458 1735 2521 είς
1771 2456 1872 2530 τὴν

303 2550 722 2627 Μεσοποταμίαν
755 2551 1079 2621 παρεγένετο
1115 2550 1249 2621 πρὸς
1279 2550 1462 2603 Λάϐαν
1505 2548 1727 2620 ἀδελφὸν
1772 2549 1872 2620 τῆς

307 2643 511 2715 μητρὸς
556 2641 742 2705 αὐτοῦ,
788 2640 882 2694 καὶ
921 2641 1209 2705 δουλεύσας
1242 2640 1390 2712 αὐτῷ
1420 2640 1514 2713 ἐτη
1547 2641 1608 2695 ιδ’
1641 2642 1739 2705 τὰς
1780 2641 1873 2695 δύο

305 2737 608 2808 θυγατέρας
638 2736 801 2790 αὐτοῦ
834 2738 1045 2804 ἄγεται,
1079 2734 1178 2805 τὴν
1210 2734 1374 2789 Λείαν
1403 2735 1498 2788 καὶ
1522 2733 1618 2806 τὴν
1649 2731 1871 2804 Ῥαχὴλ,

301 2824 372 2898 ἧς
406 2826 604 2898 μᾶλλον
635 2828 715 2890 εἰς
739 2824 1031 2897 ἐπιθυμίαν
1058 2820 1237 2895 ἦλθεν.
1257 2823 1595 2896 Ἐπεθύμησε
1624 2823 1679 2877 δὲ
1703 2823 1871 2896 αὐτὴν

303 2918 364 2970 ού
396 2916 475 2987 τῷ
507 2917 690 2971 κάλλει
723 2915 1053 2989 ἡττώμενος,
1092 2914 1301 2987 (ἐπειδὴ
1328 2914 1511 2979 καθὼς
1540 2916 1867 2988 γέγραπται,

315 3009 516 3081 Ῥαχὴλ
563 3004 631 3081 ἦν
681 3007 819 3080 καλὴ
845 3007 922 3089 τῷ
959 3007 1108 3073 εἴδει,
1145 3008 1238 3062 καὶ
1282 3008 1461 3080 ὡραία
1492 3011 1558 3080 τῇ
1592 3008 1711 3078 ὕψει
1745 3008 1871 3076 σφό-

1962 514 2103 568 Esau
2134 519 2188 568 et
2210 508 2457 566 Iacob".

2035 605 2103 660 Et
2133 604 2426 665 Abraham,
2447 607 2663 656 mortua
2680 596 2867 662 Sarra,
2884 595 3200 652 Chetturam
3217 590 3372 647 duxit
3394 604 3532 646 uxo-

1963 694 2162 759 rem“,
2188 702 2242 750 et
2265 710 2329 750 ex
2360 708 2424 747 ea
2453 706 2548 746 sex
2569 688 2759 744 habuit
2802 688 3003 743 liberos
3038 705 3051 742 :
3087 683 3376 751 Zembran,
3462 691 3531 732 a-

1965 803 2089 850 zan,
2131 784 2342 851 Maden,
2375 782 2659 839 Madianen
2683 821 2699 845 ,
2725 779 3092 844 Lusubacum,
3119 774 3310 831 Suum.

2035 876 2102 931 Et
2127 893 2194 933 ex
2224 877 2310 931 bis
2326 875 2442 943 filii,
2476 873 2591 930 Suo
2622 871 2952 946 Sabacanes,
2974 877 3028 926 et
3056 867 3304 923 Dadanes
3334 883 3350 934 ;
3379 872 3433 920 et
3461 880 3530 921 ex

1966 970 2071 1026 hoc
2129 969 2444 1025 Latusimus
2490 975 2545 1023 et
2592 966 2825 1032 Asurus,
2860 973 2914 1020 et
2964 961 3209 1017 Luobus.
3258 957 3529 1021 Madamo,

1967 1060 2161 1127 Betha,
2193 1060 2459 1133 Topbrcs,
2509 1059 2806 1122 Amochus,
2838 1054 3066 1120 Ebidus,
3097 1052 3286 1117 Eldus,
3332 1049 3532 1119 quibus

1969 1154 2246 1218 omnibus,
2277 1151 2574 1215 Abraham,
2616 1158 2907 1219 antequam
2949 1151 3327 1209 nascerentur,
3357 1142 3534 1212 provi-

1969 1244 2067 1309 dit,
2099 1244 2301 1314 quique
2328 1236 2734 1311 Troglodytem,
2765 1246 3055 1307 partesque
3076 1233 3272 1290 Felicis
3298 1231 3532 1296 Arabiae,

1968 1350 2236 1407 omneque
2264 1332 2408 1406 quod
2442 1346 2617 1402 usque
2654 1329 2721 1385 ad
2763 1344 2914 1384 mare
2966 1326 3215 1381 Rubrum
3264 1322 3536 1396 protendi-

1970 1438 2077 1490 tur,
2111 1432 2420 1489 tenuerunt,
2456 1432 2508 1479 et
2535 1438 2601 1478 ex
2643 1422 2786 1477 Asur
2816 1419 3052 1491 Assyriae
3080 1433 3278 1474 nomen
3307 1424 3412 1471 est.
3442 1414 3538 1470 So-

1969 1517 2140 1588 phren
2172 1516 2227 1570 in
2270 1515 2520 1587 Libyam,
2553 1512 2726 1583 copiis
2751 1511 2952 1576 ductis,
2987 1524 3105 1564 eam
3153 1508 3458 1579 occupavit,
3481 1513 3536 1562 et

1970 1607 2171 1676 posteri
2203 1605 2351 1661 illius
2383 1613 2611 1675 nepotes
2652 1601 2863 1659 scilicet
2906 1600 3053 1657 illius
3082 1599 3436 1663 habitatores,
3468 1614 3535 1656 ex

1971 1698 2090 1769 ejus
2110 1697 2330 1753 nomine
2353 1696 2694 1764 provinciam
2737 1695 2979 1751 Africam
3004 1708 3288 1750 vocavere.
3314 1692 3380 1747 Hi
3403 1692 3536 1749 Her-

1971 1790 2080 1843 culi
2111 1791 2384 1862 terrigeno
2426 1789 2617 1844 Antaeo
2653 1787 2857 1843 bellum
2894 1787 3150 1843 inferenti
3178 1786 3385 1842 auxilio
3410 1802 3538 1843 sue-

1970 1896 2210 1938 currere.
2273 1879 2505 1953 Vaphra:
2555 1881 2719 1937 filiam
2771 1880 2876 1936 sibi
2923 1878 3270 1934 matrimonio
3319 1879 3538 1949 copulat

1971 1973 2335 2036 Hercules,ex
2352 1987 2458 2043 qua
2484 1972 2758 2027 Bodorum
2781 1970 2949 2026 lilium
2981 1971 3239 2040 suscepit,
3258 1969 3349 2041 qui
3367 1969 3535 2025 filium

1969 2067 2155 2140 genuit
2190 2062 2500 2135 Sophonam
2520 2104 2536 2132 ,
2565 2079 2628 2120 ex
2678 2079 2788 2135 quo
2831 2062 3095 2119 barbaros
3127 2060 3413 2133 Sophonas
3437 2078 3536 2117 vo-

1972 2167 2114 2212 cant.

2038 2338 2332 2405 Abraham,
2357 2352 2530 2393 cuxv
2561 2335 2722 2392 annis
2749 2334 3005 2407 peractis,
3032 2351 3064 2392 e
3088 2335 3197 2391 vita
3215 2333 3451 2391 decessit
3468 2336 3535 2387 ⁷⁷.

1967 2430 2305 2496 Jacob,Esau
2335 2429 2715 2486 benedictione
2744 2437 3010 2499 praerepta
3039 2427 3106 2493 ⁷⁸,
3135 2426 3193 2482 in
3232 2425 3539 2498 Mesopota-

1969 2525 2133 2580 miam
2154 2523 2405 2597 migravit
2427 2523 2494 2577 ad
2522 2522 2709 2578 Laban
2747 2523 2938 2577 matris
2968 2538 3079 2577 suae
3105 2522 3327 2579 fratrem
3355 2525 3422 2589 ⁷⁸,
3450 2524 3555 2578 cui

1970 2632 2092 2673 cum
2130 2615 2542 2687 quatuordecim
2572 2613 2730 2670 annis
2769 2614 3165 2679 ministrasset,
3213 2613 3348 2671 duas
3393 2615 3541 2670 illius

1970 2711 2109 2768 ﬁlias
2172 2710 2348 2777 duxit,
2407 2709 2559 2765 Liam
2605 2720 2659 2767 et
2691 2709 2895 2765 Rachel
2926 2709 2995 2778 ⁸⁸,
3041 2723 3203 2779 quam
3253 2715 3307 2763 et
3344 2706 3540 2762 arden~

1970 2807 2102 2863 tiori
2144 2821 2328 2861 amore
2358 2799 2814 2877 prosecutus'est.
2863 2800 3014 2857 illius
3047 2808 3228 2856 autem
3267 2799 3545 2855 desiderio

1976 2900 2202 2965 exarsit,
2230 2914 2337 2954 non
2363 2895 2753 2969 pulchritudini
2790 2894 3174 2957 succumbens,
3202 2891 3540 2961 etsiLitteris

1971 2991 2242 3063 proditum
2273 2991 2344 3046 sit
2365 2989 2656 3046 Rachelem
2682 2988 2964 3060 pulchram
2993 2987 3173 3057 specie
3200 2991 3255 3040 et
3284 2984 3539 3040 decoram

302 3101 404 3174 δρα
425 3101 465 3172 ³)
497 3102 612 3156 ἀλλ’
634 3103 736 3165 ὅτι,
768 3100 986 3173 πρώτην
1017 3100 1184 3172 αὐτὴν
1230 3099 1372 3167 ἰδὼν,
1406 3101 1481 3165 ὡς
1510 3100 1576 3156 ἃν
1618 3103 1683 3155 ἐκ
1721 3101 1869 3168 θείας

1973 3083 2112 3139 facie
2155 3083 2345 3149 fuisse,
2388 3082 2482 3138 sed
2512 3082 2658 3154 quod
2690 3080 2854 3136 simul
2889 3086 3050 3149 atque
3082 3079 3229 3133 illam
3265 3076 3538 3149 inspexit,

301 3195 614 3266 οἰκονομίας
640 3194 1071 3265 συναντήσασαν,
1105 3194 1388 3263 ἠσπάσατό
1415 3211 1494 3258 τε,
1530 3197 1623 3249 καὶ
1653 3196 1872 3268 ἠγάπη-

303 3303 416 3352 σεν,
446 3285 602 3351 εἰδὼς
643 3287 723 3340 ὅτι
768 3287 828 3340 τὸ
861 3285 1046 3357 θαῦμα
1074 3284 1247 3351 τοῦτο,
1287 3288 1379 3341 καὶ
1408 3288 1502 3340 ἐπὶ
1529 3288 1628 3360 τῆς
1669 3288 1872 3360 μητρὸς

300 3377 464 3432 αὑτοῦ
498 3377 787 3443 Ῥεϐέκκας
812 3379 1123 3450 γεγένηται,
1153 3380 1263 3441 ὅτε,
1290 3379 1385 3433 τοῦ
1412 3380 1598 3444 παιδὸς
1625 3381 1871 3454 Ἀϐραὰμ

300 3468 617 3539 εὐξαμένου,
654 3469 982 3541 συνήντησεν
1014 3470 1163 3542 αύτῷ
1209 3471 1276 3525 τὰ
1315 3474 1435 3526 κατ’
1465 3473 1650 3544 εὐχὰς,
1684 3474 1779 3528 καὶ
1804 3474 1873 3528 τὰ

302 3575 441 3629 προη
451 3558 657 3629 ργμένα
679 3555 824 3630 αύτῷ
851 3560 916 3613 δι’
941 3561 1114 3633 ἔργων
1137 3561 1448 3635 ἐπληρώθη.

373 3648 656 3704 Τίκτονται
686 3651 742 3704 δὲ
783 3652 967 3716 παῖδες
999 3655 1063 3706 ἐκ
1093 3653 1194 3723 τῆς
1227 3654 1388 3719 Λείας
1411 3655 1470 3722 ἐξ
1500 3656 1647 3726 αύτῷ
1674 3674 1686 3687 ·
1723 3658 1872 3711 Ῥου-

307 3744 429 3815 ϐὴν,
463 3743 709 3815 Συμεὼν,
749 3744 900 3807 Λευὶ,
917 3745 1131 3810 Ἰούδας,
1150 3747 1422 3819 ἰσσάχαρ,
1459 3748 1770 3803 Ζαϐουλώνο
1807 3752 1872 3805 ἐκ

300 3834 399 3905 τῆς
439 3832 637 3903 Ῥαχὴλ
672 3832 729 3885 δὲ
774 3833 967 3904 Ἰωσὴφ
1001 3833 1092 3886 καὶ
1124 3834 1409 3906 Βενιαμίν·
1437 3838 1498 3889 ἐκ
1549 3837 1606 3890 δὲ
1626 3838 1726 3909 τῆς
1746 3856 1872 3892 παι-

301 3922 490 3993 δίσκης
534 3919 732 3991 Ῥαχὴλ
764 3921 862 3991 τῆς
894 3920 1121 3991 Βάλλης,
1157 3921 1263 3974 Δὰν
1306 3923 1397 3976 καὶ
1427 3923 1770 3997 Νεφθαλείω
1807 3927 1870 3979 ἐκ

300 4015 357 4067 δὲ
371 4014 469 4086 τῆς
486 4013 774 4085 παιδίσκης
790 4012 952 4077 Λείας
967 4012 1188 4084 ὀνόματι
1202 4014 1429 4084 Σελφὰς,
1445 4015 1551 4068 Γὰδ
1567 4017 1662 4071 καὶ
1681 4018 1866 4090 Ἀσήρ.

278 4106 375 4181 ⁴¹Τὸ
396 4105 452 4158 δὲ
476 4105 662 4178 Σύρων
687 4105 840 4174 γένος
867 4106 932 4158 ἐκ
960 4102 1057 4158 τοῦ
1102 4105 1271 4159 Ἠσαῦ
1307 4106 1650 4178 συνέστηκεν,
1690 4109 1739 4163 οἳ
1775 4110 1870 4164 καὶ⁴

314 4196 594 4267 Ἰδουμαῖοι
627 4195 935 4261 ἐκαλοῦντο,
964 4195 1057 4250 τοῦ
1093 4197 1220 4270 πρὶν
1253 4199 1546 4271 Ἰδουμαίου
1580 4200 1673 4253 τοῦ
1700 4201 1868 4256 Ἠσαῦ

301 4289 702 4361 ἐπικληθέντος,
731 4288 819 4343 διὰ
849 4289 911 4343 τὸ
951 4288 1149 4359 ξανθῆς
1185 4290 1521 4363 ἐπιθυμῆσαι
1561 4293 1721 4348 αὑτὸν
1770 4312 1870 4364 φα-

300 4379 424 4450 κῆς
443 4380 570 4433 ἰδου
579 4378 655 4451 μὰ
674 4378 782 4450 γὰρ
802 4380 850 4433 οἱ
888 4378 1126 4450 Ἑϐραῖοι
1145 4380 1206 4432 τὸ
1229 4380 1420 4448 ξανθὸν
1440 4381 1870 4450 λέγουσι.⁹Ύστε-

1973 3175 2136 3230 veluti
2164 3174 2345 3229 divina
2373 3172 2733 3243 dispositione
2786 3170 2890 3226 sibi
2924 3169 3139 3224 obviam
3185 3167 3542 3237 prodeuntem

1972 3269 2205 3339 benigne
2233 3266 2551 3323 salutaverit
2591 3263 2634 3295 ⁸⁷
2690 3264 3098 3335 impensiusque
3126 3259 3411 3325 dilexerit;
3440 3259 3541 3312 mi-

1972 3377 2093 3417 rum
2111 3360 2234 3421 hoc,
2257 3365 2312 3413 et
2334 3356 2598 3413 Rebeccae
2616 3354 2777 3409 matri
2809 3371 2910 3409 usu
2937 3354 3153 3410 venisse
3177 3350 3539 3422 comperiens,

1972 3469 2096 3508 cum
2136 3438 2326 3506 servus
2354 3448 2619 3512 Abrahae,
2669 3447 2925 3517 precibus
2965 3446 3152 3502 eﬂusis
3183 3445 3228 3476 ⁸³
3253 3484 3269 3511 ,
3304 3445 3361 3498 ἱιι
3397 3443 3543 3499 votis

1972 3545 2050 3600 illi
2078 3544 2317 3599 occurrit
2345 3542 2509 3606 Deus,
2536 3541 2924 3613 propositaque
2962 3554 3126 3610 opere
3155 3536 3465 3608 complevit.

2041 3636 2354 3692 Nascuntur
2384 3652 2548 3709 porro
2586 3634 2755 3690 Jacob
2798 3650 2864 3689 ex
2885 3631 2981 3687 Lia
3014 3633 3108 3687 ﬁlii
3143 3649 3274 3688 sex:
3312 3630 3540 3695 Ruben,

1974 3726 2215 3791 Simeon,
2243 3725 2411 3795 Levi,
2470 3724 2663 3789 Iudas,
2698 3722 2973 3785 lssachar,
3007 3720 3285 3787 Zabulon;
3320 3735 3387 3774 ex
3433 3715 3542 3772 Ra-

1970 3821 2153 3884 chele,
2191 3818 2391 3890 Ioseph
2444 3827 2499 3874 et
2545 3817 2866 3888 Bcnjamin;
2920 3830 2987 3870 ex
3036 3812 3235 3867 famula
3287 3810 3547 3865 Rachelis

1971 3912 2139 3977 Balla,
2164 3911 2276 3965 Dan
2306 3917 2362 3966 et
2411 3909 2791 3979 Nephthalim;
2819 3923 2888 3962 ex
2917 3905 3119 3959 famula
3150 3902 3277 3967 Lia},
3306 3901 3503 3973 Zelpha
3522 3942 3539 3967 ,

1970 4004 2086 4060 Gad
2111 4017 2167 4061 et
2189 4005 2356 4060 Asser
2392 4003 2460 4059 ³⁸.
2489 4001 2751 4074 Syrorum
2773 3999 3013 4054 nationis
3028 3995 3172 4052 Esau
3197 3996 3300 4050 fuit
3328 4004 3541 4061 auctor,

1970 4099 2063 4170 qui
2092 4105 2147 4153 et
2192 4096 2412 4152 lduntaei
2453 4094 2778 4150 dicebantur
2819 4107 2943 4147 cum
2996 4091 3231 4162 primum
3262 4087 3408 4144 Esau
3439 4102 3543 4142 no-

1968 4207 2096 4247 men
2125 4188 2409 4245 .ldumaeus
2443 4187 2658 4252 fuisset,
2687 4194 2976 4257 propterea
3007 4182 3155 4254 quod
3203 4181 3393 4238 flavam
3423 4182 3547 4237 len-

1970 4293 2077 4340 tem
2107 4283 2463 4352 concupierit.
2502 4279 2691 4336 Iduma
2728 4293 2965 4348 namque
3006 4280 3201 4347 ﬂavum
3234 4274 3404 4331 Judaei
3440 4288 3542 4330 no-

1970 4378 2197 4432 minant.
2256 4374 2609 4444 Tandemque
2661 4370 2923 4443 Syrorum
2963 4384 3166 4424 nomen
3218 4366 3541 4433 obtinuere,

302 4490 391 4545 ρον
424 4472 480 4526 δὲ
512 4472 671 4547 Σύροι
707 4472 1220 4544 μετωνομάσθησαν,
1256 4473 1426 4546 Σύρου
1471 4474 1616 4538 τινὸς
1647 4474 1867 4546 ὀνόματι

1972 4474 2254 4539 postquam
2310 4465 2387 4521 illi
2433 4463 2642 4519 nationi
2678 4461 2849 4535 Syrus
2904 4461 3125 4533 quidam
3155 4458 3373 4514 nomine
3405 4471 3546 4528 prae—

298 4564 393 4621 τοῦ
424 4564 607 4628 ἔθνους
637 4564 816 4618 αὐτῶν
840 4566 1227 4636 κρατήσαντος.
1245 4566 1304 4619 '0
1324 4566 1381 4619 δὲ
1401 4553 1573 4621 ’Ἡσαῦ
1605 4570 1868 4637 γυναῖκας

298 4661 443 4732 τρεῖς
489 4656 598 4711 ἀπὸ
640 4656 749 4711 τῶν
793 4656 1107 4710 Χαναναίων
1140 4659 1276 4728 πρὸς
1306 4658 1482 4729 γάμον
1526 4658 1737 4728 ἄγεται,
1770 4658 1869 4730 τὴν

312 4750 466 4805 Ἀδδα
495 4749 768 4820 θυγατέρα
806 4747 983 4820 Ἐλὼμ
1013 4749 1108 4803 τοῦ
1130 4751 1413 4815 Χετταίου,
1443 4752 1538 4806 καὶ
1586 4752 1685 4824 τὴν
1729 4753 1869 4807 Ἐλι-

298 4841 474 4914 ϐεμὰν
517 4842 788 4913 θυγατέρα
833 4842 990 4897 Ἐνὰν
1034 4842 1130 4897 τοῦ
1170 4842 1443 4917 Ἐϐραίου,
1476 4846 1571 4901 καὶ
1618 4846 1716 4918 τὴν
1762 4847 1869 4900 Βα-

300 4934 515 5006 σεμμὰθ
550 4934 823 5006 θυγατέρα
867 4933 1107 5006 Ἰσμαὴλ,
1140 4934 1371 5007 ἀδελφὴν
1402 4935 1459 4988 δὲ
1490 4935 1738 4994 Ναϐεώθ.
1758 4937 1868 4992 Καὶ

298 5030 362 5081 ἐκ
381 5028 478 5099 μὲν
492 5028 589 5099 τῆς
603 5028 679 5098 (1)
714 5028 896 5093 ’Λδδᾶς
911 5027 1007 5100 τὴν
1035 5026 1278 5098 Ἐλίφὰζ,
1298 5032 1363 5083 ἐκ
1379 5028 1435 5082 δὲ
1457 5029 1553 5101 τῆς
1567 5028 1865 5101 Βασεμμὰθ

296 5119 390 5173 τὸν
429 5119 684 5190 Ῥαγγὴλ,
724 5120 819 5172 καὶ
860 5121 924 5173 ἐκ
958 5119 1057 5191 τῆς
1101 5119 1387 5192 Ἐλιϐεμάν
1432 5120 1521 5175 τὸν
1558 5121 1741 5184 Ἰεοὺλ,
1773 5122 1867 5174 καὶ

297 5210 388 5265 τὸν
426 5209 657 5281 Ἰεγλὸμ,
686 5209 780 5263 καὶ
812 5211 902 5264 τὸν
945 5211 1089 5283 Κορὲ
1137 5211 1411 5281 ἐγέννησε.
1444 5211 1678 5275 Τούτους
1709 5213 1767 5265 ὲν
1799 5214 1864 5283 τῇ

303 5300 405 5359 τῶν
436 5301 753 5355 Χαναναίων
787 5303 1014 5374 ποιήσας
1034 5305 1126 5375 γῇ,
1161 5304 1242 5368 είς
1271 5303 1435 5376 Σηεὶρ
1464 5303 1590 5375 ὅρος
1621 5299 1868 5375 μετῷκη-

305 5409 385 5453 σε,
419 5391 505 5447 διὰ
535 5392 595 5446 τὸ
627 5392 702 5464 μὴ
727 5392 983 5447 δύνασθαι
1015 5393 1107 5447 τοῦ
1143 5394 1367 5464 ἁδελφοῦ
1393 5395 1554 5450 αὑτοῦ
1589 5395 1782 5449 Ἰακὼϐ
1800 5397 1864 5449 ἐκ

370 5530 417 5561 ⁷⁸
442 5529 568 5584 Gen.
595 5546 745 5592 xxiv,
768 5529 854 5584 67.
929 5532 977 5563 ‘"
1002 5529 1129 5590 Gen.
1166 5548 1292 5593 xxv,
1314 5532 1403 5587 25.
1477 5535 1523 5566 ⁷⁸
1553 5532 1693 5589 Ibid.
1719 5536 1769 5589 1.

1969 4560 2091 4616 fuit.
2123 4559 2266 4615 Esau
2317 4574 2384 4614 ex
2415 4555 2739 4611 Chananmis
2769 4563 2880 4609 tres
2908 4553 3065 4608 duxit
3098 4565 3299 4607 uxores
3336 4548 3403 4610 “,
3430 4546 3544 4601 Ad-

1969 4651 2037 4707 da
2090 4650 2243 4706 Elom
2285 4647 2533 4711 Cliettaei,
2559 4643 2837 4702 Eliheman
2893 4642 3042 4698 Enan
3079 4639 3310 4704 Hebraei,
3343 4647 3398 4693 et
3442 4636 3547 4691 Ba-

1970 4744 2257 4807 semmath,
2289 4741 2533 4798 Ismaelis
2586 4739 2776 4806 filiam,
2806 4750 3161 4806 sororemque
3189 4731 3457 4798 Nabeoth,
3487 4738 3544 4786 et

1971 4854 2036 4893 ex
2059 4835 2211 4891 Adda
2249 4834 2463 4906 Eliphat
2503 4833 2776 4896 ﬁliam,ex
2805 4827 3152 4885 Basemmath
3182 4824 3389 4897 Rangel
3416 4842 3432 4892 ;
3475 4838 3544 4878 ex

1974 4930 2257 4985 Elibeman
2316 4925 2474 4991 Jeul,
2535 4924 2740 4996 Jeglom
2792 4930 2957 4993 atque
3000 4919 3141 4977 Core
3190 4918 3399 4975 habuit.
3446 4914 3545 4971 [iis

1973 5023 2114 5093 apud
2140 5021 2476 5078 Chananaeos
2503 5017 2728 5082 habitis,
2756 5016 2812 5071 in
2844 5016 2965 5071 Seir
2988 5021 3224 5071 montem
3255 5010 3535 5068 habitandi

1972 5132 2139 5173 causa
2177 5115 2428 5188 migravit
2465 5115 2545 5181 l"’;
2581 5128 2757 5184 neque
2782 5112 2925 5170 enim
2954 5117 3165 5183 poterat
3190 5107 3393 5164 Jacoho
3431 5104 3541 5159 frao

1975 5221 2075 5276 tre,
2105 5226 2169 5265 ex
2203 5209 2590 5280 Mesopotamia
2619 5221 2862 5271 reverso,
2887 5219 2995 5259 una
3025 5201 3275 5270 habitare
3320 5201 3542 5270 propter

1972 5318 2153 5359 rerum
2204 5317 2433 5372 quarum
2464 5298 2812 5371 potiebantur
2841 5294 3263 5356 multitudinem,
3296 5289 3386 5343 ubi
3413 5301 3539 5341 cum

1972 5397 2136 5452 alium
2165 5395 2330 5451 filium
2375 5398 2745 5466 procreasset,
2782 5405 2882 5447 sua
2932 5387 3319 5460 appellatione,
3367 5380 3540 5435 Edom

1867 5538 1913 5570 ⁷⁷
1940 5536 2067 5593 Gen.
2093 5555 2220 5601 xxv,
2250 5537 2301 5601 7,
2327 5537 2381 5591 8.
2457 5536 2503 5567 ⁷⁸
2537 5533 2665 5591 Gen.
2693 5547 2864 5589 xxv".
2894 5530 2985 5586 27.
3083 5529 3128 5561 ⁷⁸
3162 5525 3303 5601 ᾷςηε.
3325 5534 3535 5601 ⁸ιεκπηιι.

303 5600 352 5656 5.
417 5603 461 5633 ⁸ο
504 5597 633 5664 ϐαι,
656 5590 804 5668 xxix,
845 5602 936 5668 25,
970 5601 1062 5657 28.
1137 5602 1180 5634 ⁸⁷
1210 5590 1347 5658 Ibid.
1375 5604 1425 5661 9.
1502 5606 1547 5638 ⁸³
1583 5603 1709 5663 Gen.
1734 5624 1869 5680 μιν,

2066 5590 2267 5664 “ben.
2290 5590 2457 5673 ἰωι,
2487 5590 2615 5661 xxx.
2689 5604 2735 5637 ⁸³
2763 5602 2888 5656 Gen.
2919 5614 3102 5659 xxxvn.
3176 5596 3226 5630 ⁸⁵
3258 5590 3400 5649 Ibid.

371 5742 444 5813 (l)
479 5737 613 5796 LXX
655 5742 904 5799 scribunt
927 5741 1039 5797 τόν.
