4090 6288
600 292 702 359 767

1474 305 1531 361 S.
1575 304 2017 361 EUSTATHIUS
2057 305 2550 366 ANTIOCHENUS
2588 307 2984 366 EPISCOPUS.

3772 306 3891 362 768

600 421 904 493 insignivit.
954 421 1076 476 Nati
1121 428 1250 478 sunt
1283 420 1346 477 'et
1394 421 1523 478 ﬁliis
1551 422 1697 478 illius
1727 422 1822 477 ﬁlii
1861 423 2086 494 legitimi
2110 426 2175 492 '°,

2282 427 2381 498 τῆς
2426 427 2848 498 Μεσοποταμίας
2890 425 3271 490 ἐπανελθόντος
3320 428 3644 498 όμοσκηνεῖν
3675 424 3783 481 διὰ
3816 426 3891 479 τὸ

600 511 821 585 Eliphas
853 513 1113 584 quinque,
1148 512 1425 580 Theman,
1489 511 1725 585 Hymar,
1769 512 2014 584 Sophar,
2065 514 2174 570 Go-

602 604 1009 672 moth,Cenex,
1065 604 1209 659 inter
1237 621 1375 676 quos
1424 612 1478 661 et
1524 604 1747 676 spurius
1783 616 2174 663 annumeratur

600 694 818 749 Amalec
840 734 855 759 ,
891 709 1052 765 quem
1103 710 1135 751 e
1166 697 1359 767 pellice
1401 695 1646 751 Thamna
1676 706 2034 769 susceperat;
2067 698 2176 753 Ra-

602 786 744 857 gueli
769 800 783 837 :
806 793 859 840 et
888 786 993 858 ipsi
1034 796 1269 857 quatuor
1299 786 1391 842 ﬁlii
1426 788 1534 842 nati
1568 797 1698 843 sunt
1723 787 1940 855 Namin,
1971 790 2172 857 Zares,

603 871 783 939 Some,
815 871 1032 942 Rhoze;
1063 874 1230 930 Edom
1266 878 1554 931 undecim:
1586 877 1871 945 Thamma,
1903 878 2057 945 Gola,
2088 877 2175 937 lo-

597 966 771 1033 thom,
812 966 1159 1036 Elibaeman,
1189 968 1360 1036 Jolas,
1393 968 1629 1035 Phinon,
1659 971 1867 1044 Cenyx,
1896 970 2165 1039 Theman,

598 1057 822 1123 Mazari,
857 1058 1119 1126 Maediel,
1157 1061 1490 1132 Zephonem.
1532 1062 1652 1119 Seir
1680 1064 1936 1121 Chorraeo
1962 1067 2006 1098 ³⁷
2032 1107 2047 1131 ,
2082 1068 2174 1137 qui

598 1149 875 1220 regionem
908 1148 1097 1205 Lotam
1133 1152 1427 1221 habitavit,
1457 1154 1551 1211 ﬁlii
1580 1157 1822 1227 quinque
1851 1158 1961 1211 nati
1994 1166 2123 1215 sunt
2159 1178 2172 1213 :

595 1236 780 1296 Sobal,
808 1239 1076 1313 Sebegon,
1108 1243 1419 1309 Anadeson,
1449 1246 1607 1310 Aser,
1642 1245 1876 1314 Resom;
1926 1259 1980 1305 et
2004 1249 2177 1305 Lotan

599 1333 729 1398 duo,
759 1332 973 1399 Chorri,
1003 1333 1226 1403 Emam;
1278 1337 1527 1395 Thamna
1561 1355 1689 1396 vero
1732 1356 1890 1396 soror
1919 1352 2036 1397 erat
2072 1341 2181 1396 Lo-

597 1433 715 1493 tan,
743 1441 865 1497 qua:
896 1426 1156 1498 Eliphazo
1189 1430 1408 1486 Amalec
1438 1433 1644 1503 genuit.
1692 1432 1856 1489 Sobal
1890 1433 2033 1491 ﬁlius
2059 1433 2181 1489 Seir

599 1517 839 1587 quinque
874 1518 1013 1573 ﬁlios
1040 1520 1250 1586 habuit,
1279 1519 1602 1587 Odomnam,
1634 1523 1911 1588 Nachatlr,
1944 1525 2177 1592 Geheel,

602 1609 773 1683 Saph,
806 1608 1016 1665 Omnan
1038 1629 1053 1678 ;
1074 1621 1128 1666 et
1154 1611 1436 1684 Osebcgon
1467 1615 1605 1669 duos
1628 1654 1643 1680 ,
1682 1614 1809 1670 AEdi
1857 1623 1910 1671 et
1953 1614 2131 1670 IEnan
2161 1657 2179 1682 ,

601 1704 698 1774 qui
738 1704 793 1757 in
830 1702 1009 1758 Jamin
1053 1704 1300 1773 jumenta
1348 1707 1519 1777 patris
1562 1708 1644 1762 sui
1682 1705 1927 1778 Sebegon
1958 1723 2185 1778 pascen-

2276 517 2478 589 πλῆθος
2518 516 2624 570 τῶν
2654 516 3005 589 ὑπαρχόντων
3040 516 3237 579 αὐτοῖς.
3268 516 3505 588 Ποιήσας
3543 512 3637 569 οὖν
3672 517 3892 569 κάκεῖ-

2274 610 2364 665 θεν
2396 610 2579 675 παῖδα,
2616 613 2680 664 ἐκ
2726 610 2825 680 τῆς
2875 606 3067 662 ἐαυτοῦ
3116 606 3427 678 ἐπωνυμίας
3468 606 3648 677 Ἐδὼμ
3690 605 3883 660 αὐτὴν

2275 701 2621 773 ἐπωνόμασε.
2639 700 2916 769 Ἐγένοντο
2946 699 3001 752 δὲ
3035 700 3265 763 καὶτοῖς
3297 698 3432 761 υἱοῖς
3463 696 3628 750 αὑτοῦ
3663 697 3877 761 παῖδες

2277 794 2507 862 γνήσιοι,
2535 791 2611 863 τῷ
2665 790 2760 862 μὲν
2800 790 3018 860 Ἐλιφάς
3069 789 3248 853 πέντε,
3283 787 3705 861 Θεμάν,Ὑμάρ,
3746 788 3878 842 Σωο

2276 884 2409 955 φὰρ,
2440 882 2638 955 Γομὺθ,
2679 883 2869 950 Κενέξ,
2904 885 2962 935 ἐν
2994 877 3074 945 οἷς
3094 876 3162 952 ἦν
3194 880 3289 934 καὶ
3321 879 3492 944 νόθος,
3508 879 3735 951 ,τεχθεὶς
3759 880 3871 933 αύ-

2274 976 2351 1048 τῷ
2399 975 2641 1047 Ἀμαλὴκ
2689 978 2753 1028 ἐκ
2801 973 3117 1038 παλλακίδος
3153 973 3371 1045 Θαμνᾱς
3398 972 3650 1043 ὀνόματι’
3687 970 3778 1043 τῷ
3806 971 3868 1025 δὲ

2287 1067 2552 1138 Ῥαγουὴλ
2585 1068 2679 1121 καὶ
2709 1066 2853 1137 αὐτῷ
2883 1067 3144 1137 τέσσαρες
3169 1065 3352 1129 παῖδες
3387 1063 3702 1134 ἐτέχθησαν,
3739 1063 3866 1117 Να-

2280 1161 2392 1231 μὶν,
2428 1160 2622 1231 Ζαρές,
2647 1160 2807 1230 Σομέ,
2825 1159 2977 1224 Ῥοζέ
3000 1176 3014 1189 ο
3050 1159 3143 1211 καὶ
3175 1156 3353 1227 Ἐδὼμ
3379 1156 3590 1219 ἐνδεκα,
3613 1154 3862 1225 Θαμμά,

2275 1252 2665 1324 Γωλὰ,’1οθὺμ,
2702 1250 3262 1323 Αίλιϐαιμὰν,Ἰήλας,
3297 1250 3488 1315 Φίνων,
3523 1247 3722 1315 Κενῦξ,
3762 1248 3867 1301 Ba-

2279 1346 2406 1419 μὲν,
2438 1345 2730 1417 Μαζαριεὶ,
2766 1342 3025 1415 Μαεδιὴλ,
3067 1340 3324 1412 Ζεφονήν.
3351 1339 3441 1410 Τῷ
3486 1338 3541 1391 δὲ
3574 1339 3739 1411 Σηεὶρ
3774 1337 3860 1407 τῷ

2275 1439 2547 1512 Χωρραίῳ
2577 1438 2655 1510 τῷ
2697 1437 2793 1509 τὴν
2825 1437 2927 1508 γῆν
2964 1433 3055 1489 τοῦ
3091 1432 3280 1488 Λωτάν
3311 1432 3697 1503 κατοικήσαντι
3743 1432 3861 1485 υἱοὶ

2276 1533 2437 1586 πέντε
2490 1530 2755 1600 ἐγένοντο,
2789 1527 2998 1591 Σώϐαλ,
3032 1524 3297 1595 Σεϐεγὼν,
3317 1522 3640 1595 Ἀναδησὼν,
3658 1523 3855 1595 Ἀσὴρ,

2288 1620 2526 1691 Ῥησών·
2581 1620 2674 1674 καὶ
2723 1618 2800 1691 τῷ
2854 1617 3043 1673 Λωτάν
3086 1618 3198 1679 δύο,
3233 1615 3762 1689 Χωρῤεὶ,Ἐμάν.Ἡ
3799 1615 3857 1666 δὲ

2278 1711 2469 1783 Θαμνά
2500 1710 2700 1782 ἀδελφὴ
2726 1708 2820 1763 τοῦ
2845 1707 3034 1763 Λωτάν
3063 1708 3375 1778 ἐτύγχανεν,
3408 1707 3528 1777 ἥτις
3559 1706 3651 1758 τὸν
3683 1705 3855 1775 Ἀμα-

602 1805 712 1849 tem
747 1794 959 1849 incidit.
1001 1794 1197 1850 Euam
1249 1812 1377 1852 vero
1426 1796 1625 1864 Deson,
1650 1807 1704 1854 et
1731 1799 1975 1854 Elibama
2011 1801 2174 1855 ﬁliam

2279 1803 2378 1875 λὴκ
2423 1801 2499 1873 τῷ
2536 1801 2757 1870 Ἐλιφὰζ
2810 1801 3113 1871 ἐγέννησεν.
3133 1800 3190 1853 '0
3222 1798 3278 1851 δέ
3308 1796 3496 1851 Σωϐἀλ
3539 1797 3569 1848 6
3610 1797 3726 1859 υἱὸς
3755 1794 3853 1849 τοῦ

601 1884 807 1941 habuit.
835 1885 1008 1942 Deson
1050 1887 1325 1953 Amadan,
1372 1890 1595 1956 Asbam,
1626 1889 1863 1946 Gethran
1901 1899 1954 1947 et
1997 1892 2167 1948 Char-

602 1994 736 2047 ran;
768 1980 903 2035 Aser
926 1990 1157 2051 quartus
1205 1980 1324 2037 Seir
1354 1982 1498 2039 ﬁlius
1523 1995 1776 2055 quatuor,
1807 1984 1994 2051 Balan,
2028 1984 2177 2041 Zuc—

600 2086 726 2137 can,
755 2071 992 2144 Joycan,
1040 2072 1240 2143 Ucam;
1274 2074 1499 2145 quintus
1532 2083 1710 2132 autem
1734 2075 1875 2134 ﬁlius
1900 2077 2020 2135 Seir
2040 2078 2174 2135 Ore-

601 2179 740 2227 som,
773 2163 1033 2221 Ossaran.

2278 1898 2444 1969 Σηεὶρ
2476 1896 2637 1950 πέντε
2673 1895 2867 1957 παῖδας
2905 1893 3178 1965 ἐποίησεν,
3196 1888 3469 1961 ὐδομνάν,
3503 1886 3716 1957 Ναχάθ,
3756 1886 3855 1938 Γε-

2279 1988 2428 2060 ϐεὴλ,
2482 1986 2880 2057 Σὼφ,Ὠμνᾶν·
2916 1985 3011 2038 καὶ
3061 1980 3359 2051 Ὀσεϐεγὼν
3415 1980 3527 2043 δύο,
3560 1978 3709 2059 Αἰδεὶ
3753 1977 3851 2031 καὶ

2277 2080 2464 2147 Αίνάν,
2496 2081 2643 2143 ὅστις
2676 2074 2828 2149 εὗρεν
2855 2080 2912 2131 ἐν
2942 2079 3007 2147 τῇ
3040 2076 3231 2148 ἐρήμῳ
3262 2074 3351 2127 τὸν
3379 2071 3534 2144 Ἀμὶν
3554 2070 3624 2124 τὰ
3647 2068 3851 2134 ὑποζύο

2278 2187 2371 2239 για
2402 2171 2635 2241 νέμοντα
2664 2169 2756 2223 τοῦ
2790 2169 2995 2239 πατρὸς
3021 2167 3183 2225 αὐτοῦ
3203 2164 3466 2234 Σεϐεγών.
3490 2161 3654 2217 Αίνὰν
3674 2162 3733 2214 δὲ
3757 2160 3851 2214 τὸν

598 2255 787 2327 Δησὼν
838 2257 930 2310 καὶ
976 2257 1235 2328 Ἐλιϐαμὰ
1282 2260 1557 2332 θυγατέρα
1585 2261 1866 2333 ἐγέννησεν
1890 2278 1903 2292 ο
1940 2264 1968 2315 6
2000 2260 2055 2313 δὲ
2085 2259 2269 2332 Δησὼν
2299 2261 2387 2314 τὸν
2430 2259 2686 2330 Ἀμαδάν,
2718 2260 2813 2312 καὶ
2852 2258 3068 2321 Ἀσϐἀν,
3139 2258 3232 2309 καὶ
3279 2254 3504 2327 Γεθράν,
3563 2255 3659 2308 καὶ
3703 2255 3850 2325 Χαῤ-

601 2352 798 2423 ρἁ.’0
829 2351 883 2404 δέ
932 2352 1096 2424 Ἀσὴρ
1134 2355 1162 2406 6
1192 2353 1446 2425 τέταρτος
1475 2354 1587 2419 υἱὸς
1632 2356 1724 2410 τοῦ
1773 2357 1956 2430 Σηεὶρ,
1985 2360 2254 2432 τέσσαρας
2309 2358 2503 2421 παῖδας
2560 2355 2869 2425 ἐγέννησεν,
2907 2353 3115 2424 Βαλάμ,
3152 2351 3392 2422 Ζουκάμ,
3461 2350 3702 2421 Ἰουκάμ,
3756 2351 3851 2403 0'3-

601 2440 718 2515 κάμ
740 2461 754 2474 ο
785 2446 813 2497 6
842 2444 898 2496 δέ
926 2445 1176 2516 πέμπτος
1208 2448 1320 2511 υἱὸς
1352 2448 1443 2501 τοῦ
1472 2450 1637 2523 Σηεὶρ
1666 2452 1908 2524 Ὀρήσων
1937 2454 2027 2507 τὸν
2059 2453 2349 2526 Ὠσσαράν.
2408 2450 2415 2459 ’

672 2536 872 2593 Verum
903 2550 1190 2609 antequam
1236 2557 1391 2612 reges
1419 2552 1739 2599 crearentur
1778 2547 1835 2600 in
1874 2547 2037 2604 Israel
2065 2589 2079 2614 ,
2115 2550 2170 2604 hi

601 2636 898 2699 regnarunt
927 2631 981 2684 in
1009 2630 1177 2686 Edom
1204 2632 1251 2664 ⁸⁸
1282 2653 1295 2688 :
1337 2632 1498 2689 Balac
1528 2634 1669 2691 ﬁlius
1705 2637 1863 2703 Beor,
1888 2648 1942 2693 et
1976 2656 2171 2695 nomen

602 2722 749 2777 illius
777 2723 1012 2781 civitatis
1054 2724 1299 2794 Denaba;
1346 2727 1473 2782 huic
1516 2732 1782 2786 successit
1828 2731 2000 2788 Jobab
2032 2734 2174 2790 [ilius

605 2813 769 2869 Sarra
799 2832 867 2870 ex
910 2815 1160 2888 Bossyra.
1196 2830 1482 2890 postquam
1511 2822 1673 2877 Asom
1703 2839 1767 2877 ex
1817 2801 2133 2881 Themahon
2154 2865 2169 2891 ,

608 2914 732 2977 post
764 2923 922 2977 quem
946 2909 1096 2963 Adad
1128 2909 1270 2965 ﬁlius
1300 2911 1493 2977 Bai-ad,
1528 2914 1622 2983 qui
1673 2916 1728 2969 in
1781 2931 1974 2985 campo
2018 2915 2176 2972 Moab

607 3001 807 3055 excidit
836 3000 1087 3067 Madiam,
1118 3011 1170 3058 et
1197 3019 1394 3060 nomen
1424 3006 1664 3062 civitatis
1715 3008 1861 3063 illius
1886 3007 2132 3064 Getthem
2156 3049 2175 3073 ,

602 3106 728 3167 post
769 3097 917 3154 hunc
959 3098 1209 3156 Samalac
1240 3117 1306 3157 ex
1355 3101 1637 3171 Masecca;
1689 3113 1812 3174 post
1841 3120 2000 3175 quem
2045 3105 2174 3160 Saul

2344 2549 2456 2620 Πρὸ
2508 2548 2564 2601 δέ
2592 2546 2684 2600 τοῦ
2737 2541 3049 2617 βασιλεῦσαι
3108 2539 3361 2613 βασιλέας
3386 2542 3442 2595 ἐν
3476 2538 3714 2612 Ἰσραήλ,
3751 2539 3847 2609 τῆς

2288 2640 2465 2712 Ἐδὼμ
2519 2630 2664 2694 οὗτοι
2710 2639 2757 2690 οἱ
2805 2634 3042 2706 βασιλεῖς
3075 2633 3454 2688 ἐϐασίλευσαν·
3510 2631 3691 2683 Βαλὰκ
3738 2629 3847 2692 υἱὸς

2276 2733 2430 2806 Βεὼρ
2487 2732 2578 2786 καὶ¹
2609 2731 2777 2802 ὄνομα
2803 2731 2868 2800 τῇ
2892 2727 3044 2782 πόλει
3069 2725 3230 2781 αὐτοῦ
3256 2724 3483 2787 Δενάϐα,
3512 2723 3629 2795 μεθ’
3649 2723 3706 2778 ὃν
3735 2724 3849 2775 Ἰω-

2279 2826 2383 2880 ϐἀϐ
2405 2827 2518 2891 υἱὸς
2531 2824 2831 2898 Ζαρῤἀὸἐκ
2854 2820 3153 2893 Βοσσύρας,
3182 2820 3297 2891 μεθ’
3319 2820 3377 2873 ὃν
3411 2817 3578 2890 Ἀξὸμ
3604 2821 3633 2872 6
3663 2820 3726 2872 ἐκ
3747 2819 3846 2888 γῆς

2278 2917 2558 2990 Θεμανὼν,
2615 2918 2730 2988 μεθ’
2763 2916 2837 2969 ὃν-
2862 2914 3038 2978 Ἀδάδ,
3075 2913 3189 2976 υίὸς
3234 2912 3432 2983 Βαράδ,
3473 2912 3620 2974 ὅστις
3669 2912 3725 2962 ἐν
3772 2908 3845 2979 τῷ

2281 3010 2447 3081 πεδίῳ
2477 3006 2651 3063 Μωάϐ
2682 3006 2903 3076 ἐξέκοψε
2927 3005 3027 3076 τὴν
3067 3003 3310 3074 Μαδιὰμ,
3342 3002 3437 3056 καὶ
3461 3001 3628 3071 ὄνομα
3659 3003 3724 3071 τῇ
3760 3001 3845 3053 πό-

2278 3101 2360 3154 λει
2387 3100 2549 3156 αὐτοῦ
2575 3100 2737 3153 Γετθέ
2747 3117 2785 3171 μ
2801 3116 2814 3129 ·
2855 3098 2990 3170 μετὰ
3025 3096 3081 3150 δέ
3106 3096 3292 3150 τοῦτον
3318 3095 3577 3166 Σαμαλάκ
3596 3096 3624 3147 6
3646 3096 3709 3146 ἐκ
3727 3095 3844 3146 Μα-

603 3204 669 3243 cx
698 3187 934 3256 Roboth,
961 3208 1081 3263 quae
1112 3201 1194 3248 est
1224 3209 1391 3265 prope
1432 3193 1631 3250 ﬁumen
1658 3214 1673 3263 ;
1716 3203 1841 3267 post
1881 3211 2041 3266 quem
2071 3195 2174 3251 Ba-

2280 3194 2500 3258 σέκκας,
2538 3192 2653 3264 μεθ’
2684 3192 2743 3245 ὃν
2788 3190 2958 3244 Σαοὺλ
3001 3191 3029 3243 6
3076 3192 3141 3243 ἐκ
3179 3186 3378 3241 Ῥοϐὼθ
3428 3186 3526 3255 τῆς
3571 3184 3723 3256 παρὰ
3750 3186 3844 3238 τὸν

603 3280 836 3336 laennon
870 3282 1012 3340 ﬁlius
1039 3285 1312 3350 Abochor,
1347 3291 1436 3341 cui
1468 3294 1584 3341 erat
1615 3302 1755 3342 uxor
1795 3287 2012 3342 nomine
2062 3287 2176 3344 Me—

603 3373 779 3428 tebeel
814 3374 925 3429 ﬁlia
956 3374 1190 3443 Matrad,
1248 3379 1342 3433 lilii
1388 3377 1671 3449 Mezooph,
1702 3380 1895 3434 horum
1936 3381 2178 3435 omnium

604 3468 730 3520 anni
770 3479 1152 3539 computantur
1188 3486 1416 3526 numero
1460 3487 1513 3526 ι).
1558 3470 1681 3525 Filii
1714 3488 1842 3526 vero
1871 3470 2039 3527 Jacob
2068 3472 2180 3526 fra-

602 3560 706 3614 tris
730 3559 929 3632 Ioseph
952 3563 1097 3617 laudi
1121 3564 1413 3635 gloriaeque
1442 3564 1748 3620 invidentes
1776 3566 1821 3599 ⁸³
1843 3606 1858 3630 ,
1896 3580 2019 3621 eum
2048 3580 2183 3620 ven-

605 3653 743 3708 dunt
773 3652 1082 3718 lsmaelitis,
1115 3664 1170 3711 et
1206 3657 1310 3727 ipsi
1346 3656 1400 3710 in
1437 3654 1675 3730 Egypto
1703 3656 2031 3728 Petephrin,
2086 3672 2181 3712 co-

606 3762 837 3818 quorum
865 3748 1095 3819 principi
1117 3749 1186 3803 9°.

678 3839 878 3895 Eadem
907 3846 1226 3911 tempestate
1250 3838 1417 3900 Judas
1448 3841 1513 3896 ad
1545 3840 1687 3896 Iram
1705 3840 1993 3911 quemdam
2020 3841 2181 3897 Odol-

604 3934 847 3989 Iamitem
874 3933 1104 3998 accedit,
1138 3933 1322 4004 ibique
1367 3935 1647 3989 mulierem
1681 3932 2065 3998 Chananaeam,
2089 3933 2179 3988 cui

610 4040 807 4080 nomen
835 4032 951 4080 erat
983 4024 1124 4080 Saba
1149 4067 1185 4092 ,.
1208 4026 1511 4096 inspectam
1559 4026 1715 4081 duxit
1755 4043 2002 4093 uxorem,
2031 4037 2083 4083 et
2112 4044 2178 4083 cx

610 4131 675 4170 ea
719 4124 953 4185 quatuor
1001 4117 1238 4186 suscepit
1264 4117 1508 4173 liberos:
1548 4118 1675 4188 Her,
1707 4120 1924 4185 Aunan,
1963 4118 2176 4187 Selom,

610 4203 846 4273 Phares;
880 4213 934 4260 et
961 4204 1130 4263 Judas
1162 4205 1268 4261 Her
1294 4222 1394 4262 suo
1424 4209 1784 4279 primogenita
1832 4213 2180 4266 matrimonio

610 4297 831 4368 cepulat
851 4295 1106 4367 Thamar,
1129 4299 1222 4368 qui
1274 4309 1492 4370 propter
1518 4316 1732 4356 morum
1768 4303 2019 4359 eximiam
2073 4305 2177 4358 im-

613 4385 957 4458 probitatem,
989 4388 1107 4443 sine
1128 4387 1252 4445 ﬁliis
1275 4390 1493 4458 occidit,
1525 4388 1635 4446 Deo
1662 4391 1812 4446 illum
1847 4393 1913 4451 ad
1946 4402 2176 4449 mortem

612 4479 897 4548 trudente;
956 4487 1010 4535 et
1053 4478 1222 4537 Judas
1266 4482 1422 4537 Onan
1470 4483 1712 4537 secundo
1758 4483 1896 4550 ﬁlio,
1961 4495 2020 4539 ut
2071 4502 2176 4541 una

2283 3286 2543 3358 ποταμὸν,
2575 3284 2691 3356 μεθ’
2717 3283 2776 3337 ὃν
2804 3280 3116 3336 Βαλαεννὼν
3149 3281 3263 3345 υἱὸς
3301 3276 3525 3348 Ἀϐοχὼρ
3566 3276 3705 3347 ἔχων
3738 3293 3836 3344 γυ-

2279 3382 2441 3432 ναῖκα.
2478 3378 2698 3447 ὀνόματι
2741 3373 3050 3445 Μετεϐεὴλ,
3103 3372 3373 3443 θυγατέρα
3416 3367 3658 3442 Ματράδ,
3706 3366 3825 3420 υἱοῦ

2278 3464 2532 3536 Μεξοὼφ,
2564 3464 2613 3518 οἳ
2654 3465 2855 3528 πάντες
2888 3459 3029 3535 ἦσαν
3062 3462 3155 3535 ἐτη
3187 3461 3412 3534 ἀριθμὸν
3447 3467 3518 3530 φ’.
3550 3461 3612 3513 Οἱ
3641 3459 3697 3512 δὲ
3724 3458 3827 3510 υἱοὶ

2291 3556 2505 3621 Ἰακὼϐ,
2545 3558 2633 3610 τὸν
2667 3556 2891 3626 ἀδελφὸν
2940 3555 3116 3610 αὐτῶν
3149 3555 3345 3626 Ἰωσὴφ
3374 3551 3545 3623 φθόνῳ
3578 3553 3831 3622 μισήσανυ

2278 3668 2388 3714 τες,
2430 3653 2543 3713 τοῖς
2580 3649 2947 3720 Ἰσμαηλίταις
2996 3648 3274 3702 ἀπέδοντο.
3309 3646 3403 3700 καὶ
3431 3644 3586 3698 αὐτοὶ
3630 3644 3706 3709 είς
3746 3643 3835 3696 Δῖ-

2278 3759 2482 3811 γυπτον
2512 3740 2588 3812 τῷ
2617 3742 2866 3812 Πετεφρῇ
2899 3739 2975 3812 τῷ
3004 3739 3385 3812 ἀρχιμαγείρῳ
3418 3735 3635 3810 Φαραώ.

2349 3835 2460 3888 Καὶ
2502 3836 2559 3888 ἐν
2590 3834 2666 3906 τῷ
2698 3834 2872 3907 χρόνῳ
2903 3833 3075 3904 τούτῳ
3120 3831 3318 3894 Ἰούδας
3357 3832 3662 3899 ἀφικνεῖται
3708 3826 3835 3898 πρὸς

2291 3927 2432 3999 Ἰρόιν
2457 3944 2576 3981 τινα
2614 3925 2992 3997 Ὀδολλαμίτην
3011 3943 3025 3955 ·
3056 3925 3147 3978 καὶ
3176 3924 3510 3993 θεασάμενος
3533 3924 3648 3974 ἐκεῖ
3666 3921 3835 3972 Χανα-

2280 4021 2434 4073 ναίαν
2466 4021 2700 4089 γυναῖκα
2732 4018 2909 4072 Σάϐαν
2960 4018 3204 4088 ὀνόματι,
3239 4015 3442 4085 ταύτην
3488 4013 3624 4085 πρὸς
3672 4010 3837 4081 γάμον

2279 4112 2488 4180 ἄγεται,
2529 4112 2623 4164 καὶ
2676 4112 2820 4164 ποιεῖ
2863 4109 3054 4172 παῖδας
3105 4107 3163 4175 ἐξ
3211 4108 3376 4177 αὐτῆς
3417 4103 3838 4176 τέσσαρας,Ἦρο

2278 4202 2475 4268 Αὐνάν,
2532 4190 2748 4274 Σηλὼμ,
2801 4202 2994 4274 Φαρές.
3052 4205 3161 4257 Καὶ
3222 4201 3416 4265 Ἰούδας
3458 4200 3721 4271 λαμϐάνει
3767 4198 3835 4269 τῷ

2280 4295 2606 4366 πρωτοτόκῳ
2648 4293 2807 4347 αὑτοῦ
2851 4294 2950 4365 υἱῷ
2987 4295 3066 4366 τῷ
3092 4297 3198 4368 Ἤρ
3231 4296 3460 4365 γυναῖκα
3488 4294 3711 4364 ὀνόματι
3737 4291 3836 4346 Θά-

2283 4403 2416 4458 μαρ,
2452 4387 2544 4440 καὶ⁴
2589 4386 2678 4440 διὰ
2726 4387 2988 4458 πονηρίαν
3035 4386 3234 4459 πολλὴν
3281 4387 3387 4440 τῶν
3431 4386 3649 4458 τρόπων
3680 4380 3832 4439 αὑτοῦ

2280 4480 2447 4543 ἄπαις
2498 4479 2847 4551 ἀποθνήσκει,
2894 4477 2990 4532 τοῦ
3043 4479 3175 4532 Θεοῦ
3216 4478 3377 4532 αὐτὸν
3417 4475 3831 4538 θανατώσαντος.

610 4587 737 4629 cum
770 4573 1005 4628 Thamar
1035 4576 1440 4641 concumberet,
1465 4577 1695 4646 imponit
1728 4577 1795 4631 ad
1854 4578 2041 4634 fratris
2095 4581 2175 4634 sui

2283 4572 2394 4626 Kal.
2421 4572 2705 4643 ἐπιτρέπει
2732 4573 2760 4623 6
2799 4572 2994 4636 Ἰούδας
3022 4572 3100 4644 τῷ
3131 4571 3362 4643 δευτέρῳ
3385 4570 3545 4625 αὐτοῦ
3572 4568 3720 4622 παιδὶ
3742 4569 3834 4621 Δύο

614 4681 800 4721 semen
872 4668 1239 4723 excitandum.
1316 4667 1423 4724 Sed
1474 4668 1629 4724 Onan
1685 4684 1809 4723 cum
1876 4670 2174 4725 liberorum

612 4762 1041 4830 procreationem
1069 4761 1134 4815 ad
1165 4778 1223 4817 se
1247 4777 1355 4816 non
1379 4763 1651 4832 pertinere
1683 4761 2051 4831 cognovisset,
2086 4763 2177 4819 ubi

610 4864 736 4906 cum
767 4853 990 4910 muliere
1021 4870 1110 4910 res
1142 4864 1256 4910 erat
1283 4854 1551 4921 habenda,
1581 4869 1763 4908 semen
1790 4868 1954 4923 super
1980 4864 2176 4909 terram

610 4944 957 5015 effundebat;
989 4962 1157 5017 quare
1207 4947 1349 5004 Deus
1383 4948 1650 5002 alienatus
1681 4953 1734 5001 et
1776 4945 2015 5002 offensus
2053 4962 2176 5002 eum

612 5038 771 5092 morti
798 5037 1037 5093 tradidit.
1066 5038 1131 5093 Et
1166 5038 1335 5095 Iudas
1357 5039 1595 5093 Thamar
1625 5040 1679 5092 in
1722 5038 1962 5108 paternis
2003 5038 2177 5093 domi-

614 5133 735 5195 bus,
758 5141 818 5185 ut
852 5132 1013 5187 vidua
1044 5133 1273 5194 sederet,
1305 5134 1478 5189 donec
1507 5132 1686 5189 Selom
1728 5141 1998 5188 cresceret
2037 5147 2178 5202 prm-

611 5225 765 5294 cipit,
794 5241 953 5296 quem
990 5234 1230 5289 auctum,
1262 5233 1316 5281 et
1348 5227 1589 5281 adultum
1616 5270 1630 5293 ,
1696 5226 1889 5281 timore
1947 5225 2175 5285 ductus.

614 5326 776 5388 atque
796 5318 1229 5388 suspicione,ne
1265 5327 1317 5372 ct
1372 5318 1419 5373 is
1464 5319 1739 5381 interiret,
1794 5320 2001 5374 nullum
2052 5335 2174 5373 cum

613 5410 851 5465 Thamar
881 5410 1194 5482 conjunxit;
1226 5425 1345 5480 quae
1377 5425 1519 5480 aegre
1570 5410 1672 5463 hoc
1714 5410 2047 5480 molesteque
2094 5409 2175 5464 fe-

614 5517 762 5569 rens,
793 5503 896 5558 hac
920 5503 1131 5559 ratione
1154 5500 1307 5556 Juda:
1335 5502 1505 5556 vicem
1528 5502 1792 5570 rependit.
1821 5501 2031 5557 Etenim
2053 5516 2176 5556 cum

616 5593 767 5648 illum
802 5595 869 5651 ad
898 5610 1026 5653 oves
1060 5594 1363 5652 tondendas
1394 5592 1694 5664 profectum
1742 5609 1864 5649 esse
1908 5592 2052 5648 fama
2086 5608 2176 5646 ac-

2281 4666 2376 4719 νάν
2401 4664 2820 4735 συνευνασθῆναι
2843 4666 2913 4736 τῇ
2942 4664 3157 4736 Θάμαρ,
3189 4664 3327 4717 ὥστε
3348 4662 3644 4731 ἀναστῆσαι
3678 4659 3833 4730 σπέρ-

2285 4775 2359 4828 μα
2386 4756 2461 4828 τῷ
2493 4755 2707 4826 ἀδελφῷ
2740 4755 2924 4809 αὑτοῦ.
2959 4755 3071 4807 Καὶ
3104 4757 3132 4807 6
3175 4753 3351 4807 Αύνὰν
3388 4754 3566 4822 γνοὺς,
3617 4752 3696 4804 ὃτι
3739 4750 3829 4802 οὐκ

2279 4849 2428 4920 αὐτῷ
2460 4848 2698 4919 καθῆκεν
2722 4851 2755 4919 ἡ
2786 4847 2893 4900 τῶν
2936 4846 3138 4900 τέκνων
3180 4846 3370 4918 σπορὰ,
3418 4848 3475 4899 ἐν
3521 4842 3599 4914 τῷ
3632 4841 3830 4914 μέλλειν

2282 4945 2514 4995 συνεῖναι
2547 4944 2612 5013 τῇ
2646 4941 2864 5010 γυναικὶ
2891 4940 3102 5012 ἐξέχεεν
3134 4939 3227 4993 ἐπὶ
3254 4939 3354 5006 τῆς
3384 4938 3488 5009 γῆς
3534 4936 3697 4990 αὑτοῦ
3740 4937 3828 5005 τὴν

2282 5036 2473 5106 γονήν·
2523 5033 2615 5086 καί
2667 5033 2984 5103 νεμεσηθεὶς
3016 5032 3106 5084 ἐπὶ
3151 5031 3306 5084 τοῦτο
3345 5030 3448 5084 ὑπὸ
3483 5028 3638 5092 Θεοῦ,
3669 5043 3830 5097 παρα-

2280 5128 2467 5198 χρῆμα
2501 5124 2786 5182 ἀπέθανεν,
2814 5121 2924 5178 Καὶ
2960 5127 2987 5178 ό
3031 5123 3228 5187 Ἰούδας
3268 5122 3475 5178 κελεύει
3516 5121 3616 5192 τὴν
3646 5120 3826 5191 Θάμαρ

2279 5222 2337 5273 ἐν
2367 5222 2474 5282 τοῖς
2503 5218 2772 5291 πατρῴοις
2803 5218 2967 5280 οἴκοις
2992 5219 3163 5288 χήραν
3205 5214 3547 5281 καθέζεσθαι,
3573 5215 3678 5277 ἕως
3722 5205 3777 5265 οὗ
3799 5215 3825 5265 6

2280 5310 2479 5382 Σηλὼμ
2532 5309 2771 5374 αὒξεται.
2808 5309 3190 5380 Ἀνδρωθέντος
3237 5305 3328 5362 οὖν
3378 5306 3540 5361 αὐτοῦ
3596 5305 3822 5376 ἐφοϐήθη

2283 5405 2512 5474 συνάψαι
2542 5405 2702 5458 αὑτὸν
2733 5407 2796 5475 τῇ
2832 5403 3046 5476 Θάμαρ,
3083 5406 3425 5474 ὑποτοπήσας
3453 5403 3524 5474 μὴ
3565 5402 3659 5455 καὶ
3685 5395 3843 5462 οὗτος.

2279 5499 2577 5552 ἀπολεῖται.
2596 5498 2659 5550 Ἠ
2680 5498 2735 5551 δέ
2770 5499 2860 5551 ἐπὶ
2886 5496 3058 5568 τούτῳ
3084 5497 3314 5569 ἀχθεῖσα
3337 5495 3626 5567 ὀδυνηρῶς,
3653 5491 3825 5564 τοιῷδε

2274 5591 2458 5663 τρόπῳ
2500 5590 2589 5644 τὸν
2634 5589 2830 5643 Ἰούδαν
2849 5589 3151 5660 ἀμείϐεται.
3188 5582 3649 5661 Ἀφιχθέντοςνοῦν
3674 5584 3841 5642 αὑτοῦ

726 5751 771 5785 ⁸⁸
800 5752 923 5811 Gen.
959 5772 1138 5814 xxxvi.
1216 5756 1417 5811 "Ibid.
1496 5756 1539 5788 ⁸³
1571 5754 1695 5811 Gen.
1730 5769 1909 5810 xxxvi.
1984 5754 2176 5812 "Gen.
2213 5770 2415 5811 sum.
2494 5752 2539 5787 ⁹⁰
2564 5750 2687 5806 Gen.
2723 5767 2903 5806 xxxix.
