4090 6288
275 291 396 349 769
1260 294 1528 352 SPURIA.
1572 326 1641 338 —
1676 295 1886 352 COMM]

1984 297 2030 352 Γ.
2072 298 2141 352 ΙΝ
2179 298 2668 358 HEXAEMERON.
3472 305 3577 361 770

272 405 382 460 ἐπὶ
409 406 524 482 τὴν
552 407 785 480 κουρὰν
804 407 912 461 τῶν
934 406 1239 480 προϐάτοιν,
1266 407 1543 461 ἀκούσασα
1569 409 1704 479 αὑτὴ
1725 411 1886 480 ἁπαμ·

2015 413 2269 483 cepisset,
2300 422 2503 470 vestem
2550 414 2831 486 lugubrem
2872 423 3021 471 exuit
3065 415 3423 488 amiciturque
3460 434 3576 473 ma-

276 501 573 569 φίσκετιι
611 504 726 575 μὲν
753 504 850 575 τὴν
879 502 1077 574 ἐσθῆτα
1108 502 1207 571 τὴν
1247 499 1522 571 πενθικὴν,
1553 501 1884 572 ἀμφιέννυτα

2010 505 2240 575 gnifice,
2282 515 2335 560 et
2383 505 2704 577 splendide,
2744 507 2990 577 seditque
3037 507 3102 561 ad
3146 507 3291 564 fores
3339 510 3576 566 civitatis

274 592 343 648 δὲ
374 595 711 669 πολυτελῆ,
745 598 839 651 καὶ
864 596 1001 668 πρὸς
1024 597 1145 658 ταῖς
1173 593 1367 656 πύλαις
1388 594 1484 663 τῆς
1510 594 1719 658 πόλεως
1745 595 1886 649 Αίνὰε

2008 594 2189 651 Euan
2217 597 2289 663 ἰ,
2321 613 2484 667 quam
2507 595 2674 653 Judas
2701 597 2826 652 inde
2857 599 3172 668 printeriens
3204 609 3572 669 conspectam,

274 685 639 752 ἐκαθέζετο,
680 689 753 759 ἢν
778 690 806 741 6
849 687 1051 749 Ἰούδας
1081 684 1286 739 ἐκεῖθεν
1317 684 1526 757 παριὼν
1556 684 1904 756 θεασάμενος,

274 775 363 843 ὡς
401 780 659 853 ἑταίρας
703 778 921 852 ἠράσθη
954 778 1139 849 αὐτῆς
1170 777 1231 829 τὸ
1262 776 1367 848 γὰρ
1415 777 1699 849 πρόσωπον
1740 778 1907 850 αὐτῆς

280 872 439 942 ’πρὸς
474 872 547 926 τὸ
580 874 666 946 μὴ
708 872 1105 943 ἐπιγνωσθῆναι
1134 871 1458 942 ὲπεκάλυψε,
1491 873 1584 925 καὶ⁵
1607 873 1907 944 ὑποσχόμε-

280 979 385 1027 νος
430 964 586 1036 αὑτῇ
620 965 817 1037 ἔριφον
846 962 1175 1026 ἀποστεῖλαι,
1199 960 1348 1031 ἠξίου
1377 962 1720 1036 συμμιγῆναι,
1744 962 1901 1035 αὐτῇ.

300 1054 381 1108 Ἢ
413 1054 479 1109 δὲ
519 1058 590 1110 οὐ
625 1056 900 1129 πρότερον
930 1050 1091 1121 εἶξεν,
1118 1055 1165 1106 εί
1202 1052 1276 1125 μὴ
1304 1053 1555 1127 ἐνέχυρον
1582 1054 1675 1107 τὸν
1706 1054 1903 1108 δακτύ-

287 1146 443 1211 λιον,
483 1149 594 1204 καὶ
639 1149 736 1204 τὸν
775 1148 1053 1222 ὁρμίσκον,
1086 1147 1180 1200 καὶ
1210 1146 1305 1217 τὴν
1346 1146 1641 1220 βακτηρίαν
1665 1148 1900 1220 είληφεν.

304 1240 406 1304 Ὠς
450 1240 517 1295 δὲ
567 1240 844 1312 συνεμίγη
879 1239 1036 1310 αὐτῇ,
1089 1237 1247 1301 αὐτὸς
1304 1238 1403 1309 μὲν
1444 1240 1524 1303 είς
1572 1238 1641 1293 τά
1679 1238 1903 1310 ποίμνια

292 1332 484 1386 αὐτοῦ
539 1335 807 1404 ἀφίκετο·
855 1335 886 1405 ἡ
920 1332 975 1386 δὲ
1010 1330 1490 1403 μεταμφιεσαμένη
1528 1332 1685 1385 πάλιν
1716 1330 1782 1385 τά
1805 1332 1904 1404 τῆς

296 1425 495 1496 χήρας
551 1426 849 1496 ἐνδύματα,
883 1423 1181 1497 ἐκρύπτετο
1230 1423 1577 1477 λανθάνουσα.
1593 1423 1682 1487 Ὠς
1703 1422 1746 1476 δ’
1771 1425 1904 1477 ἁπο-

299 1516 549 1580 στείλας
599 1520 631 1571 6
673 1516 865 1581 Ἰούδας
898 1516 988 1569 τὸν
1020 1515 1204 1588 ἔριφον
1238 1515 1491 1588 ἐπεζήτει
1524 1515 1614 1569 τὸν
1645 1515 1902 1587 ὁρμίσκον

299 1609 409 1661 καὶ
466 1608 543 1662 τά
592 1609 739 1680 ἑξῆς,
765 1610 859 1662 καὶ
906 1609 1003 1679 ούχ
1051 1601 1228 1679 εὗρεν,
1263 1609 1354 1663 ἐπὶ
1384 1608 1462 1679 τῷ
1507 1605 1886 1681 παραλογισμίί

2001 1606 2157 1664 dens.
2213 1604 2398 1677 Itaque
2438 1622 2548 1661 non
2615 1614 2735 1677 post
2785 1609 3014 1662 multum
3072 1615 3287 1680 tempus
3334 1609 3574 1668 Thamar

298 1698 607 1773 διεπρίετο
655 1700 855 1772 μέντοι,
903 1699 1185 1773 ἐκαρτέρει
1234 1700 1290 1753 δὲ
1342 1701 1589 1772 φωρᾶσαι
1637 1698 1886 1765 παντοίως

2001 1698 2225 1770 gravida
2248 1699 2603 1769 comperitur,
2628 1697 2907 1770 Judasque
2940 1715 3058 1756 eam
3093 1700 3415 1756 fornicatam
3446 1718 3572 1759 con-

302 1791 415 1860 τὴν
443 1792 673 1863 ἀπάτην
703 1792 1035 1864 βουλόμενος.
1070 1790 1274 1863 Χρόνου
1303 1786 1393 1845 οὗν
1433 1790 1787 1864 παρελθόντος
1816 1790 1886 1860 ἔγ·

2003 1790 2213 1861 cepisse
2246 1805 2369 1845 cum
2402 1790 2664 1856 audisset,
2695 1791 2871 1860 jubet,
2905 1800 2964 1849 ut
2993 1795 3182 1850 vivens
3213 1795 3567 1867 conﬂagrata,

303 1898 449 1950 γυος
506 1885 543 1955 ἡ
600 1884 795 1957 Θάμαρ
841 1884 1068 1955 γίνεται,
1100 1884 1194 1938 καὶ
1229 1883 1462 1948 ἀκούσας
1499 1886 1527 1938 6
1569 1882 1785 1948 Ἰούδας,
1813 1883 1886 1937 ὅτι

2000 1880 2251 1937 incendio
2284 1881 2564 1949 concidat;
2596 1899 2716 1953 quae
2731 1898 2853 1939 cum
2877 1885 3187 1951 duceretur,
3212 1885 3381 1948 Iudae.
3402 1888 3571 1943 catel-

2008 686 2086 740 uti
2118 689 2452 744 meretricem
2477 689 2726 758 deperiit,
2752 690 2954 743 vultum
2979 691 3143 757 enim,
3173 708 3242 747 ne
3275 708 3576 762 cognosce-

2007 785 2177 843 retur,
2210 779 2540 844 obduxerat,
2575 797 2740 851 seque
2780 782 2994 837 haedum
3038 783 3331 838 missurum
3363 785 3574 853 pollici-

2008 878 2114 934 tus,
2143 885 2261 925 eam
2297 877 2356 924 ut
2392 870 2495 925 sibi
2517 870 2939 942 conjungeretur
2959 875 3450 942 percunctabatur;
3483 874 3574 929 illa

2006 960 2261 1027 abnuere,
2292 961 2396 1015 nisi
2427 961 2681 1023 annulus,
2721 962 2913 1016 catella
2976 962 3312 1033 baculusque
3365 964 3564 1036 pignus

2005 1053 2074 1108 ab
2102 1069 2167 1108 eo
2189 1054 2292 1109 sibi
2318 1053 2575 1119 daretur;
2623 1061 2684 1107 ut
2715 1069 2829 1108 rem
2862 1054 3073 1118 habuit,
3112 1056 3227 1126 ipse
3254 1057 3471 1126 quidem
3503 1056 3575 1112 ad

2004 1159 2195 1214 greges
2225 1144 2390 1209 abiit;
2425 1145 2514 1198 illa
2547 1145 2742 1200 iterum
2773 1147 2947 1201 vidum
2980 1148 3319 1203 vestimentis
3351 1149 3570 1215 amicta,

2004 1236 2057 1289 in
2080 1236 2294 1291 occulto
2316 1235 2517 1292 latebat
2550 1238 2750 1294 abdita.
2787 1237 2855 1291 At
2885 1237 3054 1294 ludas
3088 1247 3146 1294 ut
3172 1240 3343 1296 misso
3380 1241 3571 1306 haedo,

2003 1328 2248 1383 catellam
2282 1329 2596 1400 reliquaque
2633 1329 2861 1400 pignora
2902 1345 3192 1402 reposcens
3214 1370 3229 1396 ,
3279 1348 3389 1388 non
3421 1336 3574 1391 inve-

2002 1421 2103 1484 nit,
2152 1421 2318 1478 variis
2375 1421 2792 1492 cogitationibus
2846 1422 3226 1489 afflictabatur,
3263 1426 3571 1482 sustinebat

2002 1523 2179 1569 tamen
2236 1513 2488 1579 omnino,
2540 1511 2937 1569 fraudationem
2993 1512 3394 1584 deprehendere
3450 1525 3570 1575 stu-

302 1977 374 2029 ὲκ
408 1976 682 2047 πορνείας
709 1977 1010 2049 συνείληφε,
1039 1976 1359 2049 προστάττει
1390 1976 1567 2042 ζῶσαν
1593 1977 1758 2048 αὐτὴν
1797 1994 1886 2029 κα-

1997 1970 2128 2040 lam,
2157 1972 2406 2026 baculum
2435 1974 2802 2044 annulumque
2825 1977 3068 2043 remittit,
3099 1978 3287 2034 dicens
3314 1998 3327 2035 :
3360 1979 3437 2034 Ex
3466 1980 3567 2033 ho-

299 2069 715 2142 ταφλεχθῆναι.
733 2072 797 2125 Ἠ
823 2071 879 2125 δὲ
900 2070 1139 2143 ἀγομένη
1166 2069 1477 2124 ἀποστέλλει
1501 2069 1578 2140 τῷ
1609 2068 1776 2141 Ἰούδᾳ
1802 2069 1886 2123 τὸν

1997 2062 2143 2116 mine
2172 2061 2330 2132 cujus
2363 2063 2476 2118 haec
2506 2072 2650 2129 sunt,
2675 2079 2774 2134 ego
2802 2068 3046 2137 concepi,
3077 2068 3365 2137 cujusnam
3401 2069 3567 2139 igitur

300 2160 615 2233 ὁρμίσκον,
642 2164 737 2217 καὶ
781 2164 870 2217 τὸν
917 2162 1217 2227 δακτύλιον,
1254 2163 1348 2216 καὶ
1390 2160 1487 2234 τὴν
1541 2161 1753 2234 ῥάϐδον,
1788 2165 1886 2232 φά-

1996 2154 2251 2218 annulus,
2283 2155 2476 2210 catella
2500 2157 2835 2227 baculusque
2881 2166 3027 2222 sunt,
3058 2174 3246 2215 nosce.
3274 2159 3368 2215 His
3393 2158 3565 2217 Judas

306 2268 535 2307 σκουσα
555 2272 569 2285 ο
615 2255 709 2309 Ἐκ
739 2254 830 2308 τοῦ
855 2254 1162 2327 ἀνθρώπου,
1191 2248 1394 2318 οὗτινος
1424 2254 1598 2308 ταῦτά
1625 2255 1762 2317 ἐστι,
1786 2253 1886 2323 ἐγὼ

1999 2246 2180 2301 animo
2208 2247 2456 2314 indoluit,
2496 2246 2836 2320 Numineque
2862 2250 3090 2315 amatus,
3125 2258 3295 2307 semet
3326 2253 3393 2308 de
3420 2252 3566 2321 inju-

306 2344 647 2415 ουνείληφα,
665 2345 950 2414 Ἐπίγνωθι
978 2342 1069 2400 οὖν
1098 2345 1240 2408 τίνος
1265 2347 1293 2399 6
1314 2342 1611 2408 δακτύλιος,
1641 2345 1733 2397 καὶ
1756 2343 1784 2394 6
1805 2344 1886 2414 ὀρ-

2000 2340 2148 2394 stitia
2179 2340 2506 2404 accusando,
2538 2339 2654 2395 haec
2683 2342 2859 2397 aiebat
2891 2361 2905 2396 :
2934 2342 3141 2398 Justior
3164 2350 3248 2398 est
3277 2358 3363 2398 me
3390 2358 3406 2395 :
3437 2360 3566 2415 pro-

311 2434 548 2504 μίσκος,
585 2438 677 2490 καὶ
713 2440 746 2508 ἡ
781 2438 991 2508 ῥάϐδος.
1010 2439 1067 2491 '0
1107 2437 1163 2491 δὲ
1209 2437 1431 2501 Ἰούδας,
1459 2434 1776 2506 σχετλιάσας
1806 2435 1886 2487 ὲπῖ

2000 2440 2185 2503 ptcrea
2213 2432 2355 2501 quod
2380 2448 2487 2486 non
2511 2432 2630 2487 dedi
2654 2448 2772 2487 eam
2801 2432 2980 2489 Selom
3012 2434 3120 2489 filio
3151 2451 3292 2490 meo.

307 2529 398 2599 τῷ
453 2533 764 2603 πράγματι,
798 2534 890 2586 καὶ
932 2532 1116 2597 ἔνθους
1163 2532 1469 2603 γενόμενος,
1515 2530 1674 2595 αὐτὸς
1706 2529 1894 2585 ἑαυτὸν
1927 2528 2019 2581 ἐπὶ
2065 2530 2130 2599 τῇ
2164 2526 2343 2598 ἀδικίᾳ
2377 2527 2778 2598 κατεμέμφετο,
2810 2528 3013 2596 λέγων·
3061 2529 3408 2584 Δεδικαίωται
3459 2529 3561 2583 αὖ-

309 2638 409 2693 τη,
445 2625 481 2695 ἢ
516 2622 647 2693 ἐγὼ,
669 2616 728 2678 οὗ
754 2625 936 2678 ’ἐνεκεν
957 2625 1055 2679 οὐκ
1086 2624 1259 2679 ἔδωκα
1284 2625 1452 2696 αὐτὴν
1478 2623 1674 2695 Σηλὼμ
1692 2622 1770 2694 τῷ
1792 2619 1891 2693 υἱῷ
1933 2638 2054 2692 μου.
3046 2672 3064 2697 .

389 2717 549 2789 Αὕτη
575 2717 652 2784 δὲ,
682 2717 943 2790 γενομένη
977 2717 1180 2784 ἐπίτεξ,
1215 2717 1468 2788 διδύμους
1498 2717 1555 2770 ὲν
1593 2715 1669 2787 τῷ
1691 2714 1886 2770 τίκτειν

2064 2709 2169 2767 Sed
2195 2710 2428 2767 Thamar
2474 2713 2587 2784 jam
2616 2715 2945 2785 parturiens,
2972 2715 3109 2772 duos
3137 2720 3192 2772 in
3232 2726 3391 2789 partu
3424 2736 3556 2792 pro-

311 2811 719 2883 προσήνεγκεν.
752 2809 860 2862 Καὶ
885 2811 913 2862 ὁ
940 2809 1037 2879 μὲν
1064 2808 1282 2879 μείζων,
1323 2808 1597 2862 τουτέστιν
1619 2809 1648 2860 6
1678 2804 1886 2878 πρῶτος

1993 2805 2221 2871 tulit",
2268 2821 2499 2876 quorum
2557 2808 2763 2879 major,
2823 2809 3029 2879 primus
3089 2812 3295 2868 scilicet
3336 2828 3560 2870 manum

312 2902 417 2974 τὴν
452 2906 612 2973 χεῖρα
638 2900 802 2956 αὑτοῦ
838 2898 1177 2973 προεξέϐαλε,
1214 2901 1366 2971 καὶὴ
1406 2902 1535 2970 μαῖα
1575 2897 1728 2967 λῶμα
1766 2895 1886 2950 κόκ-

1991 2899 2192 2964 emisit,
2224 2900 2592 2971 obstetrixque
2621 2915 2738 2954 eam
2768 2899 2979 2955 ﬁmbria
3006 2917 3278 2972 purpurea
3307 2905 3555 2976 illigavit,

314 3012 475 3049 κινον
524 2998 588 3064 τῇ
639 2994 782 3067 χειρὶ
830 2991 989 3047 αὑτοῦ
1035 2993 1351 3064 προσέδησε,
1378 2993 1691 3061 φάσκουσα’
1724 2984 1886 3054 Οὗτος

1992 2987 2210 3047 dicens:
2230 2990 2328 3046 Hic
2348 2991 2556 3062 primus
2579 2992 2875 3063 egreditur,
2895 2993 3180 3064 subitoque
3207 3010 3342 3065 puer
3363 3011 3557 3054 manus

319 3086 660 3158 ἐξελεύσεται
700 3085 939 3157 πρῶτος·
978 3085 1071 3138 καὶ
1101 3083 1302 3148 εὐθέως
1325 3083 1386 3137 τὸ
1413 3083 1620 3137 παιδίον
1651 3082 1748 3155 τὴν
1779 3085 1886 3154 χεῖ-

1990 3080 2140 3136 intus
2189 3083 2490 3147 contraxit,
2527 3085 2842 3156 primusque
2885 3083 3052 3140 frater
3093 3089 3214 3157 ejus
3248 3087 3449 3153 exivit,
3502 3096 3558 3145 et

314 3196 390 3249 ρα
420 3178 569 3232 ἔνδον
605 3179 894 3249 συνήγαγε,
924 3176 1017 3231 καὶ
1045 3176 1232 3249 ἐξῆλθε
1261 3176 1471 3247 πρῶτος
1496 3178 1524 3230 6
1551 3175 1773 3245 ἀδελφὸς
1792 3175 1886 3228 αύ-

1988 3182 2212 3230 vocatus
2240 3184 2325 3231 est
2355 3175 2595 3244 Phares;
2628 3185 2751 3248 post
2779 3194 2938 3248 quem
2969 3180 3108 3235 alius
3148 3195 3402 3251 egressus
3432 3189 3514 3237 est
3539 3225 3554 3248 ,

310 3268 410 3321 τοῦ
443 3270 538 3323 καὶ
562 3267 763 3339 ἐκλήθη
791 3268 851 3322 τὸ
876 3267 1045 3339 ὄνομα
1064 3266 1227 3320 αὑτοῦ
1257 3266 1430 3337 Φαρές
1446 3282 1459 3296 θ
1491 3267 1584 3319 καὶ
1607 3264 1744 3337 μετά
1761 3263 1886 3319 τοῦ-

1986 3265 2075 3319 cui
2104 3281 2298 3321 manus
2322 3283 2556 3337 purpura
2574 3275 2690 3322 erat
2710 3270 2930 3339 illigata,
2956 3278 3009 3326 et
3029 3274 3445 3342 cognominatus
3467 3282 3553 3330 est

311 3376 408 3414 τον
457 3361 677 3432 ἐξῆλθεν
724 3361 755 3413 6
800 3360 1047 3429 ἀδελφὸς,
1084 3359 1169 3429 ἐφ’
1198 3351 1242 3427 ᾧ
1266 3354 1334 3430 ἦν
1360 3357 1420 3411 τὸ
1458 3358 1705 3412 κόκκινον
1735 3359 1791 3411 ὲν
1819 3358 1885 3428 τῇ

1989 3358 2143 3413 Zara.
2173 3357 2256 3413 Ab
2284 3360 2369 3415 his
2422 3360 2581 3414 habet
2621 3369 2796 3415 ortum
2820 3360 3019 3432 Ioseph
3070 3379 3302 3433 sponsus
3346 3365 3536 3419 imma-

306 3453 484 3523 χειρὶ,
520 3454 612 3507 καὶ
662 3453 1018 3525 ἐπωνομάσθη
1062 3451 1229 3525 Ζαρά.
1261 3450 1476 3505 Τούτων
1519 3449 1811 3521 ἐτύγχανεν
1861 3452 1886 3504 6

1988 3453 2179 3509 culatae
2214 3451 2472 3524 Virginis,
2504 3469 2567 3508 ex
2598 3467 2704 3523 qua
2735 3451 2986 3509 Christus
3027 3470 3245 3510 carnem
3289 3456 3551 3528 suscepit.

322 3544 531 3614 Ἰωσὴφ
561 3544 824 3612 ἀπόγονος
866 3545 894 3598 6
943 3546 1196 3616 μνήστωρ
1226 3544 1320 3615 τῆς
1351 3541 1617 3616 ἀχράντου
1650 3542 1884 3614 Μαρίας,

306 3633 372 3701 ἐξ
392 3629 473 3706 ἧς
499 3636 527 3686 6
553 3634 782 3707 Χριστὸς
807 3635 868 3688 τὸ
894 3635 1114 3706 σαρκίον
1139 3634 1447 3706 ἀνείληφεν.

384 3724 583 3793 Φαρὲς
608 3725 737 3794 γὰρ,
763 3723 837 3787 ὡς
867 3727 894 3777 6
918 3723 1307 3796 εύαγγελιστὴς
1346 3722 1621 3787 Ματθαῖος
1664 3723 1882 3794 ἱστορεῖ,

310 3816 611 3888 ἐγέννησε
649 3815 758 3869 τὸν
801 3813 1291 3885 Ἐσρὼμ,Ἐσρὼμ
1338 3813 1406 3868 66
1446 3813 1733 3883 ἐγέννησε
1780 3813 1886 3868 τὸν

329 3909 713 3979 Ἀρὰμ,Ἀρὰμ
742 3906 811 3960 δὲ
840 3906 1130 3977 ἐγέννησε
1178 3907 1286 3960 τὸν
1321 3904 1885 3976 Ἅμιναδὰϐ,Ἆμινα-

314 4001 436 4056 δὰϐ
458 4000 525 4053 66
552 3998 841 4070 ἐγέννησε
866 3998 973 4052 τὸν
985 3997 1303 4062 Ναασσὼν,
1322 3996 1620 4051 Ναασσὼν
1634 3996 1702 4050 66
1722 3997 1883 4066 ἐγέν-

304 4106 472 4161 νησε
489 4091 595 4145 τὸν
617 4088 885 4160 Σαλμὼν,
908 4087 1160 4159 Σαλμὼν
1185 4087 1253 4142 66
1278 4088 1567 4158 ἐγέννησε
1592 4087 1697 4141 τὸν
1718 4087 1878 4155 Βοὸζζ

322 4180 478 4244 Βούζ
491 4182 558 4236 66
575 4181 860 4250 ἐγέννησε
886 4180 992 4234 τὸν
1007 4179 1174 4249 Ὀϐὴὸ
1192 4180 1259 4234 ἐκ
1278 4179 1388 4248 τῆς
1416 4179 1608 4244 Ῥοὺθ,
1634 4178 1880 4247 Ὀϐὴδδέ

315 4276 605 4348 ἐγέννησε
617 4275 722 4330 τὸν
733 4274 946 4330 Ἰεσσαὶ
954 4316 968 4340 ,
985 4272 1194 4327 Ἰεσσαί
1210 4271 1277 4325 66
1286 4272 1573 4343 ἐγέννησε
1585 4271 1690 4325 τὸν
1700 4271 1879 4325 Δαυῒδ

2055 3718 2254 3774 Phares
2281 3720 2452 3783 enim,
2499 3726 2559 3773 ut
2594 3718 2925 3789 evangelista
2965 3718 3132 3775 refert
3163 3719 3447 3780 Matthaeus
3472 3724 3541 3788 ”,

1980 3812 2155 3881 genuit
2181 3810 2389 3873 Esrom,
2414 3809 2601 3865 Esrom
2627 3820 2800 3864 autem
2828 3812 3005 3880 genuit
3035 3812 3222 3880 Aram,
3253 3815 3419 3868 Aram
3453 3832 3550 3870 au-

1983 3912 2082 3956 tem
2114 3905 2290 3972 genuit
2317 3901 2637 3967 Aminadab,
2674 3900 2970 3956 Aminadab
3005 3913 3178 3957 autem
3219 3906 3397 3975 genuit
3435 3905 3553 3962 Να-

1981 4009 2158 4057 asson,
2190 3991 2438 4046 Naasaon
2463 4001 2635 4047 autem
2655 3995 2831 4063 genuit
2860 3991 3101 4058 Salmon,
3130 3993 3348 4050 Salmon
3372 4006 3547 4052 autem

1979 4085 2154 4153 genuit
2183 4084 2347 4149 Booz,
2376 4084 2517 4139 Booz
2538 4094 2709 4140 autem
2741 4087 2916 4157 genuit
2951 4086 3185 4143 Obedex
3207 4087 3363 4154 Ruth,
3405 4089 3549 4145 Obed

1980 4186 2156 4229 autem
2196 4177 2373 4246 genuit
2417 4173 2755 4245 Iesse,.lesse
2803 4186 2977 4230 autem
3023 4185 3201 4247 genuit
3244 4179 3418 4234 David
3463 4197 3547 4235 re-

1980 4281 2116 4335 gem,
2150 4263 2320 4319 David
2341 4254 2515 4318 autem
2556 4281 2645 4318 rex
2664 4267 2838 4335 genuit
2872 4265 3226 4335 Salomonem,
3257 4286 3321 4324 ea:
3344 4288 3406 4325 ea
3430 4288 3548 4341 quia

318 4366 427 4419 τὸν
448 4365 736 4430 βασιλέα·
788 4363 966 4418 Δαυῒδ
988 4361 1056 4416 66
1076 4365 1108 4416 ό
1129 4362 1428 4427 βασιλεὺς
1467 4359 1752 4431 ἐγέννησε
1778 4361 1884 4416 τὸν

1985 4356 2085 4426 fuit
2126 4354 2285 4419 Urite,
2336 4354 2588 4411 Satomon
2646 4367 2820 4411 autem
2873 4359 3049 4429 genuit
3106 4358 3372 4429 Roboam,
3440 4360 3547 4417 Ro-

319 4457 635 4528 Σολομῶνα
658 4457 727 4511 ἐκ
749 4456 854 4525 τῆς
869 4455 975 4510 τοῦ
1005 4454 1238 4523 Οὐρίου,
1257 4453 1534 4523 Σολομὼν
1559 4452 1626 4506 66
1640 4450 1879 4523 ἐγέννη-

316 4566 394 4606 σε
437 4550 542 4604 τὸν
585 4546 1111 4619 Ῥοϐοὰμ,Ῥοϐοὰμ
1137 4546 1204 4599 66
1238 4545 1530 4616 ἐγέννησε
1556 4544 1663 4598 τὸν
1705 4545 1873 4610 Ἀϐιά,

332 4642 481 4698 Ἄϐιὰ
516 4641 587 4695 66
633 4640 920 4711 ἐγέννησε
968 4641 1069 4693 τὸν
1117 4638 1427 4704 Ἀσὰ,Ἀσὰ
1477 4638 1545 4692 66
1589 4638 1876 4709 ἐγέννησε

316 4736 426 4789 τὸν
452 4732 751 4802 Ἰωσαφάτ·
770 4732 1049 4801 Ἰωσαφὰτ
1085 4730 1153 4783 66
1185 4729 1471 4800 ἐγέννησε
1513 4731 1621 4784 τὸν
1654 4730 1871 4800 Ἰωρὰμ,

298 4891 301 4894 γ
328 4827 527 4896 Ἰωρὰμ
547 4824 614 4878 66
641 4823 928 4894 ἐγέννησε
958 4823 1063 4876 τὸν
1091 4821 1291 4887 Ὀζίαν,
1309 4820 1485 4889 Ὀζῖας
1500 4821 1568 4876 66
1589 4822 1875 4891 ἐγέννησε

317 4918 426 4971 τὸν
438 4915 691 4985 ’1ωάθαμ,
708 4913 945 4984 Ἰωὰθαμ
958 4917 1024 4971 δὲ
1032 4913 1317 4984 ἐγέννησε
1328 4913 1433 4967 τὸν
1448 4912 1718 4978 Ἐζεκίαν,
1737 4912 1875 4974 Ἐζε-

319 5010 453 5074 vitae
495 5008 562 5061 δὲ
602 5007 892 5077 ἐγέννησε
932 5008 1039 5061 τὸν
1091 4998 1412 5074 Μανασσῆ,
1439 5003 1773 5073 Μανασσῆς
1806 5004 1874 5059 66

317 5102 605 5172 ἐγέννησε
643 5102 748 5154 τὸν
777 5092 1258 5170 Ἆμμὼν,⁹Αμμὼν
1308 5097 1376 5151 66
1442 5097 1731 5167 ἐγέννησε
1770 5098 1876 5152 τὸν

331 5192 576 5256 Ἰωσίαν,
593 5191 814 5258 Ἰωσίας
861 5190 928 5245 66
973 5189 1262 5261 ἐγέννησε
1305 5188 1410 5242 τὸν
1450 5190 1729 5258 Ἰεχονίαν
1774 5190 1873 5243 καὶ

317 5286 458 5352 τοὺς
490 5284 786 5354 ἀδελφοὺς
813 5283 996 5337 αὑτοῦ
1024 5282 1121 5335 ἐπὶ
1149 5280 1258 5350 τῆς
1280 5281 1658 5351 μετοικεσίας
1693 5283 1875 5334 Βαϐυ-

313 5376 537 5444 λῶνος·
558 5378 707 5447 μετὰ
747 5375 813 5430 66
829 5375 943 5445 τὴν
968 5375 1344 5444 μετοικεσίαν
1371 5373 1743 5440 Βαϐυλῶνος,
1782 5375 1888 5434 ’Ie-~

316 5469 526 5540 κονίας
593 5467 880 5536 ἐγέννησε
923 5467 1030 5520 τὸν
1075 5465 1412 5533 Σαλαθιὴλ,
1459 5465 1762 5534 Σαλαθιὴλ
1806 5465 1873 5518 66

314 5562 607 5635 ἐγέννησε
637 5559 744 5613 τὸν
764 5557 1113 5628 Ζοροϐάϐελ,
1144 5556 1568 5627 Ζοροϐάϐελ-δέ
1584 5556 1871 5629 ἐγέννησε

386 5741 430 5774 ⁸¹
457 5738 582 5796 Gen.
609 5755 788 5795 xxxvr.
863 5739 909 5770 "
939 5734 1063 5792 Gen.
1103 5751 1331 5794 xxxvi".
1402 5735 1450 5769 ’³
1474 5732 1665 5789 Matth.
1701 5748 1737 5790 ι.

1979 4447 2128 4502 boam
2142 4455 2313 4502 autem
2346 4449 2519 4519 genuit
2547 4447 2752 4509 Abiam,
2772 4448 2934 4504 Abiae
2955 4459 3129 4505 autem
3163 4454 3338 4522 genuit
3357 4453 3541 4519 Asam,

1975 4540 2086 4595 Asa
2138 4550 2313 4594 autem
2347 4541 2521 4610 genuit
2550 4537 2809 4609 Josaphat
2829 4580 2842 4603 ,
2874 4539 3132 4610 Josapliat
3174 4553 3347 4598 autem
3368 4546 3544 4616 genuit

1974 4632 2182 4696 Joram,
2211 4630 2398 4685 Joram
2458 4641 2631 4684 autem
2678 4632 2855 4702 genuit
2894 4630 3083 4686 Oxiam
3109 4674 3124 4698 ,
3175 4635 3338 4689 Ozias
3370 4648 3542 4692 autem

1974 4725 2151 4795 genuit
2177 4723 2451 4788 Joatham,
2478 4722 2730 4777 Joatham
2783 4732 2958 4777 autem
2999 4727 3175 4795 genuit
3222 4727 3541 4795 Ezechiam,

1975 4817 2228 4872 Ezechias
2282 4827 2454 4871 autem
2483 4816 2659 4887 genuit
2690 4813 3011 4881 Manassem,
3045 4817 3322 4875 Manasses
3367 4833 3541 4877 autem

1974 4911 2149 4980 genuit
2174 4909 2416 4972 Ammon,
2441 4907 2661 4960 Ammon
2698 4917 2871 4961 autem
2894 4910 3070 4978 genuit
3096 4909 3325 4977 Josiam,
3356 4913 3539 4967 Josias

1974 5009 2148 5054 autem
2164 5001 2337 5070 genuit
2350 4998 2673 5064 Jechoniam,
2697 5008 2744 5052 et
2764 4997 2952 5066 fratres
2969 5000 3079 5069 ejus
3104 5003 3157 5055 in
3193 5005 3540 5074 transmigra-

1974 5093 2112 5145 tione
2139 5091 2451 5160 Babylonis,
2484 5100 2532 5144 et
2552 5098 2667 5159 post
2691 5093 3205 5161 transmigrationem
3228 5093 3447 5165 Babylo:
3465 5094 3534 5155 σε,

1973 5179 2250 5234 Jeeltonias
2271 5181 2445 5250 genuit
2463 5179 2742 5244 Salathiel,
2764 5180 3022 5234 Salathiel
3044 5192 3216 5236 autem
3237 5185 3412 5253 genuit
3432 5182 3508 5237 Ζο
3523 5212 3539 5224 ο

1972 5272 2203 5335 robabet,
2229 5268 2516 5326 Zorobabel
2538 5281 2709 5325 autem
2734 5273 2911 5341 genuit
2933 5272 3126 5335 Abiud,
3155 5274 3328 5327 Abiud
3356 5283 3531 5328 autem

1968 5366 2146 5436 genuit
2175 5364 2458 5429 Eliachim,
2498 5362 2756 5418 Eliachim
2789 5375 2961 5419 autem
2990 5367 3167 5436 genuit
3194 5367 3353 5430 Azor,
3394 5365 3534 5420 Azar

1974 5466 2146 5509 autem
2174 5456 2346 5525 genuit
2360 5455 2550 5521 Sadoe,
2574 5455 2748 5511 Sadoe
2760 5464 2931 5509 autem
2948 5456 3122 5525 genuit
3138 5455 3533 5522 Acltim,Ac/iim

1945 5564 1948 5567 λ
1973 5558 2145 5603 autem
2165 5549 2338 5620 genuit
2365 5547 2710 5619 Eliud,Etiud
2730 5558 2903 5603 autem
2926 5547 3098 5617 genuit
3117 5545 3532 5616 Eleazar,Elea-
