4090 6288
596 367 708 427 ⁷771

1490 363 1551 420 s.
1591 360 2037 419 EUSTATHIUS
2075 358 2564 417 ANTIOCHENUS
2595 344 3011 414 EPISCOPUS.’

3743 361 3859 415 773

604 506 705 547 sar
714 484 1070 559 autemgenuit
1085 478 1601 547 HatthanJIatthan
1618 491 1790 535 autem
1800 477 2169 551 genuitJacob,

2276 476 2376 532 τὸν
2409 472 2885 541 Ἆϐιοὺδ,Ἆὸιοὺδ
2930 474 3000 528 δὲ
3038 473 3328 546 ἐγέννησε
3372 473 3481 527 τὸν
3521 476 3851 547 Ἐλιακεὶμ,

603 581 638 637 ,1
646 582 772 637 acob
796 588 967 634 autem
994 576 1169 646 genuit
1183 573 1379 644 Ioseph
1400 574 1566 628 virum
1583 571 1635 625 Μ
1644 574 1793 638 ariae,
1807 586 1872 626 ea:
1886 588 1991 642 qua
2011 579 2168 626 natus

603 681 683 729 est
705 671 881 733 Iesus,
900 669 991 741 qui
1024 667 1221 722 dicitur
1244 665 1506 722 Christus.
1540 664 1732 720 Omnes
1755 665 1931 735 itaque
1952 679 2169 735 genera-

605 766 769 820 tiones
796 761 862 816 ab
887 759 1157 814 Abraham
1186 775 1346 830 usque
1366 757 1434 813 ad
1462 756 1628 811 David
1654 757 2009 828 generationes
2033 772 2165 826 qua-

604 853 912 917 tuordecim,
930 863 979 907 et
1003 869 1037 905 a
1055 850 1223 906 David
1244 866 1404 922 usque
1432 851 1502 905 ad
1518 850 2036 920 transmigrationem
2058 847 2167 903 Ba-

602 947 807 1020 bylonis
833 946 1186 1019 generationes
1218 943 1630 1015 quatuordecim,
1660 950 1708 996 et
1753 958 1786 994 α
1821 941 2174 1011 transmigra-

601 1043 742 1095 tione
791 1038 1082 1110 Babylonis
1135 1053 1295 1108 usque
1352 1034 1420 1090 ad
1477 1033 1779 1101 Christum,
1811 1034 2169 1105 generationes

598 1132 1013 1204 quatuordecim.

2287 568 2580 636 Ἐλιακείμ
2614 566 2683 620 δὲ
2723 566 3013 637 ἐγέννησε
3048 565 3152 621 τὸν
3190 566 3550 638 Ἇζῖυρ,Ἆζὶ“ι›ρ
3576 568 3645 622 δὲ
3675 569 3855 640 ἐγέν-

2272 676 2426 730 νησε
2454 659 2562 714 τὸν
2583 659 2809 725 Σαδὼκ,
2841 658 3046 714 Σαδὼκ
3073 657 3143 712 δὲ
3173 657 3465 728 ἐγέννησε
3488 660 3596 714 τὸν
3624 661 3846 730 Ἀχείμ.

2284 754 2473 824 Ἀχείμ
2508 752 2577 806 δὲ
2601 752 2891 822 ἐγέννησε
2916 751 3024 805 τὸν
3057 751 3305 815 Ἐλιοὺδ,
3324 752 3552 807 Ἐλιοὺδ
3583 751 3652 806 δὲ
3677 751 3848 824 ἐγέν-

2274 863 2427 916 νησε
2448 845 2556 900 τὸν
2581 843 2867 913 Ἐλεάζαρ,
2886 841 3154 912 Ἐλεάζαρ
3174 843 3242 897 δὲ
3262 843 3551 914 ἐγέννησε
3564 846 3672 901 τὸν
3692 850 3853 902 Mat.

2276 939 2408 1003 θὰν,
2432 937 2676 992 Ματθὰν
2712 936 2780 989 δὲ
2822 935 3112 1006 ἐγέννησε
3155 934 3262 990 τὸν
3302 935 3513 1001 Ἰακὼϐ,
3532 937 3732 992 Ἰακὼϐ
3773 939 3846 992 δὲ

2275 1030 2563 1102 ἐγέννησε
2581 1028 2687 1083 τὸν
2697 1026 2909 1098 Ἰωσὴφ
2927 1028 3033 1082 τὸν
3047 1026 3234 1097 ἄνδρα
3246 1029 3493 1098 Μαρίας,
3503 1029 3574 1096 ἐξ
3587 1026 3662 1101 ἧς
3675 1032 3846 1102 ἐγεν-

2252 1121 2406 1191 νήθη
2431 1120 2662 1190 Ὶησοῦς
2682 1122 2717 1174 ό
2745 1121 3066 1189 λεγόμενος
3096 1121 3367 1189 Χριστός.
3407 1120 3604 1176 Πᾶσαι
3629 1123 3749 1178 νῦν
3775 1125 3841 1177 al

601 1226 797 1297 γενεαὶ
824 1223 953 1281 ἀπὸ
983 1222 1224 1293 Ἀϐραὰμ
1251 1222 1363 1289 ἓως
1387 1218 1568 1275 Δαυΐδ
1597 1218 1794 1289 γενεαὶ
1821 1217 2279 1283 δεκατέσσαρες,
2313 1212 2413 1267 καὶ
2439 1212 2557 1268 ἀπὸ
2587 1211 2767 1267 Δαυῒδ
2809 1211 2920 1278 ἕως
2954 1209 3062 1279 τῆς
3093 1213 3469 1281 μετοικεσίας
3487 1214 3846 1282 Βαϐυλῶνος

600 1320 799 1391 γενεαὶ
838 1319 1296 1386 δεκατέσσαρες,
1333 1314 1432 1368 καὶ
1463 1312 1581 1369 ἀπὸ
1632 1311 1740 1381 τῆς
1774 1310 2149 1382 μετοικεσίας
2178 1304 2541 1372 Βαϐυλῶνος
2576 1304 2686 1371 ἕως
2720 1303 2824 1358 τοῦ
2860 1303 3117 1373 Χριστοῦ
3156 1306 3353 1375 γενεαί
3379 1305 3839 1381 δεκατέσσαρες.

674 1411 1063 1486 lnquirendum
1103 1416 1284 1465 autem
1317 1407 1478 1463 nobis
1520 1414 1635 1472 est,
1681 1419 1917 1476 quanam
1960 1403 2172 1457 ratione

607 1506 897 1562 Mattwus
913 1512 968 1558 et
984 1502 1162 1557 Lucas
1176 1501 1231 1556 in
1260 1499 1571 1571 genealogis
1589 1495 1787 1567 Joseph
1803 1495 2063 1551 tradenda
2085 1493 2170 1548 di-

604 1604 887 1667 screpant;
903 1592 992 1647 hic
1013 1593 1232 1664 quidem
1246 1592 1413 1646 ﬁlium
1429 1592 1577 1646 illum
1590 1589 1781 1654 Jacob,
1805 1588 1897 1642 ﬁlii
1928 1586 2169 1641 Matthan

605 1691 934 1764 perhibens,
968 1685 1145 1742 Lucas
1175 1699 1302 1740 vero
1332 1683 1499 1738 ﬁlium
1527 1682 1645 1738 Ileli
1665 1722 1680 1748 ,
1731 1681 1823 1736 ﬁlii
1858 1679 2049 1736 Melehi
2071 1719 2087 1744 ,
2118 1689 2171 1734 et

606 1783 881 1857 quomodo
911 1779 1103 1835 Melchi
1122 1819 1138 1844 ,
1170 1785 1225 1834 et
1248 1777 1490 1831 Matthan
1513 1815 1527 1840 ,
1561 1790 1684 1830 cum
1712 1774 1823 1830 sint
1847 1773 2047 1829 diversi
2078 1788 2171 1844 ge-

606 1878 780 1941 neris,
806 1875 891 1930 avi
917 1873 1139 1945 Josephi
1162 1870 1592 1941 comperiantur.

673 1970 753 2024 Ita
773 1967 1042 2025 dubitatio
1065 1966 1181 2020 haec
1210 1963 1468 2019 tollenda.
1500 1962 1718 2018 Primus
1750 1960 1895 2018 enim
1929 1958 2173 2014 Matthan

607 2079 638 2119 a
663 2061 952 2118 Salomone
968 2058 1254 2120 oriundus,
1282 2054 1483 2110 {Ethan
1512 2053 1701 2109 habuit
1729 2053 1784 2107 in
1805 2050 2170 2116 matrimonio,

604 2171 671 2212 ex
711 2154 814 2209 hac
843 2152 1084 2225 gignitur
1119 2147 1312 2210 Jacob,
1344 2155 1399 2202 et
1434 2145 1690 2209 moritur,
1737 2157 1967 2212 eamque
2020 2140 2174 2196 ducit

605 2241 802 2303 ﬂelchi
836 2258 901 2298 ex
935 2255 1136 2313 genere
1164 2237 1408 2293 Matthan
1434 2276 1450 2302 ,
1484 2235 1823 2305 suscipitque
1844 2249 1912 2288 ex
1941 2247 2004 2288 ea
2029 2230 2170 2286 Heli.

601 2335 792 2408 Itaque
837 2333 1078 2389 Matthan
1137 2340 1193 2388 et
1241 2328 1460 2394 Melchi,
1522 2326 1713 2385 eadem
1761 2340 1931 2380 uxore
1973 2324 2171 2389 ducta,

605 2429 746 2484 duos
775 2442 842 2482 ex
891 2424 1083 2482 eadem
1114 2431 1320 2485 matre,
1378 2420 1578 2475 fratres
1631 2417 1771 2471 ﬁlios
1825 2416 2171 2480 habuerunt,

606 2534 780 2591 quare
813 2517 1017 2587 duplici
1046 2531 1242 2587 genere
1266 2513 1459 2577 Jacob,
1503 2519 1558 2567 et
1590 2508 1711 2565 Heli
1738 2507 2000 2565 oriundos
2023 2521 2173 2560 com-

608 2612 872 2683 perimus.
923 2607 1039 2665 Heli
1068 2621 1234 2678 porro
1261 2618 1431 2660 uxore
1455 2603 1652 2666 ducta,
1700 2599 1820 2657 sine
1850 2598 1973 2653 ﬁliis
2003 2597 2170 2662 obiit,

608 2718 664 2763 et
693 2705 862 2761 frater
895 2703 1016 2775 ejus
1039 2692 1210 2757 Jacob
1235 2714 1354 2756 eam
1394 2697 1498 2755 sibi
1527 2694 1842 2765 conjunxit,
1890 2702 1953 2747 ut
1977 2707 2174 2748 secun-

608 2796 740 2852 dum
770 2797 942 2866 legem
970 2793 1112 2849 ﬁlios
1141 2791 1296 2846 fratri
1317 2789 1603 2855 excitaret,
1630 2787 1985 2857 nasciturque
2016 2800 2081 2840 ex
2111 2799 2173 2840 ea

610 2888 900 2961 Iosephus.
930 2887 1010 2942 Ita
1038 2893 1100 2941 ut
1123 2891 1320 2940 natura
1360 2880 1580 2954 quidem
1621 2879 1890 2951 Iosephus
1924 2877 2068 2933 ﬁlius
2104 2877 2175 2933 sit

608 2978 820 3045 Jacobi,
845 2978 964 3050 lege
992 2975 1133 3033 Heli.

681 3233 855 3307 Digna
874 3243 1022 3291 certe
1045 3240 1133 3291 est
1161 3249 1284 3305 qua:
1315 3239 1671 3306 percurratur
1708 3232 1939 3290 historia
1961 3273 1976 3299 ,
2008 3248 2172 3304 quam

607 3326 846 3384 Jacobus
878 3326 1098 3399 quidam
1138 3333 1389 3383 recenset
1429 3327 1497 3383 de
1544 3327 1703 3382 beata
1732 3324 1988 3397 Virgine,
2022 3327 2175 3383 hisce

609 3422 794 3478 verbis
820 3436 1118 3488 enarrans;
1178 3421 1255 3476 ait
1279 3434 1516 3491 namque
1573 3419 1631 3474 in
1673 3419 1929 3476 tribubus
1971 3419 2171 3486 Israel,

609 3512 790 3568 virum
815 3511 984 3567 fuisse
1023 3510 1340 3582 opulentum
1364 3510 1581 3565 nomine
1609 3509 1856 3566 Joacbim
1876 3549 1891 3575 ,
1924 3509 2019 3580 qui
2063 3509 2178 3565 die-

610 3601 718 3659 bus
748 3601 902 3659 festis
928 3616 1154 3657 munera
1187 3600 1296 3656 Deo
1318 3601 1485 3672 duplo
1509 3601 1717 3671 majora
1744 3600 1868 3657 aliis
1891 3599 2173 3666 oll'erebat,

610 3702 673 3751 ut
704 3693 786 3751 sic
816 3693 1016 3765 populo
1045 3692 1193 3749 omni
1214 3733 1230 3757 ,
1266 3692 1479 3764 sibique
1527 3691 1775 3747 divinum
1815 3690 2027 3747 Numen
2058 3692 2177 3762 pla-

611 3784 789 3841 cando
839 3785 1133 3856 propitium
1191 3784 1461 3840 redderet.
1503 3781 1623 3837 Jam
1678 3781 2038 3838 celeberrimo
2088 3781 2178 3837 die

612 3873 756 3931 festo
788 3874 1280 3945 appropinquante,
1314 3873 1698 3944 omnibusque,
1732 3882 1791 3928 ut
1817 3872 1988 3927 moris
2020 3880 2173 3937 erat,

613 3981 902 4021 munerum
932 3965 1333 4037 magniﬁcentia
1363 3963 1726 4032 donantibus,
1756 3964 1970 4036 primus
2003 3963 2089 4018 hic
2117 3970 2177 4018 ut

613 4058 825 4131 primus
857 4055 1119 4121 deferret,
1147 4055 1408 4112 accurrit.
1458 4053 1565 4112 Sed
1590 4054 1769 4111 Rubin
1803 4055 2025 4126 quidam
2052 4070 2177 4110 eum

616 4156 920 4206 remoratus
947 4142 1052 4212 est,
1076 4164 1185 4204 non
1208 4149 1370 4203 licere
1402 4148 1504 4218 ipsi
1542 4147 1779 4219 primum
1815 4147 2011 4203 offerre
2035 4147 2179 4202 adir-

617 4257 795 4305 mans,
825 4242 917 4314 qui
952 4244 1005 4298 in
1028 4241 1195 4299 Israel
1229 4241 1409 4297 adhuc
1436 4243 1556 4298 sine
1575 4241 1730 4313 prole
1761 4241 2008 4314 degebat.
2040 4241 2180 4297 Hinc

618 4348 855 4390 mmrore
881 4335 1134 4397 obrutus,
1168 4332 1383 4389 deserta
1412 4333 1585 4404 petit,
1618 4332 1804 4404 ibique
1828 4334 2181 4389 tabernaculo

596 4434 900 4502 [exstructo
924 4425 1262 4497 supplicibus
1281 4425 1422 4480 votis
1451 4426 1620 4479 Deum
1652 4426 1864 4491 orabat,
1888 4434 1946 4479 ut
1967 4435 2020 4481 et
2050 4425 2178 4490 sibi,

2346 1397 2617 1469 Ζητητὲον
2663 1396 2720 1451 δὲ
2768 1398 2906 1468 ἡμῖν
2957 1397 3098 1451 κατὰ
3144 1401 3294 1453 ποῖον
3325 1397 3481 1469 λόγον
3504 1403 3533 1454 6
3563 1401 3845 1469 Mareai'og

2277 1490 2370 1544 καὶ
2394 1492 2423 1544 6
2455 1490 2671 1554 Λουκᾶς
2697 1490 2755 1543 ὲν
2783 1491 2848 1561 τῇ
2881 1489 3199 1563 γενεαλογίᾳ
3241 1490 3565 1562 διαφωνοῦσι
3593 1494 3684 1548 τοῦ
3726 1497 3842 1551 Ἰω-

2278 1585 2419 1655 σήφ·
2445 1585 2474 1638 6
2523 1585 2620 1656 μὲν
2667 1583 2781 1638 υἱὸν
2819 1583 3011 1639 Ἰακὼϐ
3050 1583 3277 1658 γράφων
3310 1585 3470 1640 αὐτὸν
3511 1587 3628 1641 υἱοῦ
3685 1589 3841 1643 Ματ-

2276 1675 2394 1741 θάν,
2427 1677 2456 1728 6
2496 1675 2554 1729 δὲ
2586 1677 2797 1741 Λουκᾶς
2838 1675 2950 1729 υἱὸν
2988 1676 3137 1730 Ἠλεὶ
3178 1676 3271 1730 τοῦ
3315 1677 3546 1749 Μελχείσ
3585 1680 3679 1734 καὶ
3721 1681 3840 1745 πῶς

2273 1761 2439 1834 οὗτοι,
2464 1767 2730 1840 διαφόρων
2769 1768 2941 1836 γενῶν
2984 1767 3337 1839 ὑπάρχοντες,
3367 1769 3395 1822 ὅ
3419 1786 3478 1822 τε
3513 1768 3717 1841 Μελχεὶ
3745 1773 3839 1826 καὶ

2271 1861 2300 1913 6
2330 1858 2576 1922 Ματθὰν,
2607 1860 2820 1914 πάπποι
2851 1858 2944 1913 τοῦ
2990 1859 3182 1930 Ἰωσὴφ
3209 1859 3612 1930 ἀναφαίνονται.

2345 1951 2530 2004 Ἔστιν
2561 1948 2654 2005 οὖν
2683 1950 2840 2005 τοῦτο
2862 1952 3302 2024 σαφηνιζόμενον.
3326 1952 3548 2024 Πρῶτος
3564 1953 3672 2025 γὰρ
3692 1956 3837 2010 Ματ-

2273 2041 2393 2100 θὰν.
2427 2043 2456 2094 6
2494 2043 2558 2097 ἐκ
2583 2043 2771 2113 γένους
2798 2043 3160 2115 Σολομῶντος,
3191 2043 3380 2113 ἄγεται
3407 2048 3639 2113 γυναῖκα
3668 2047 3836 2102 Αίθὲιν

2271 2133 2516 2206 ὀνόματι,
2559 2134 2651 2188 καὶ
2690 2137 2754 2189 ὲκ
2778 2134 2981 2208 ταύτης
3014 2138 3179 2207 γεννιῖι⁹
3200 2136 3290 2189 τὸν
3329 2136 3544 2200 Ἰακὼϐ,
3579 2139 3673 2192 καὶ
3700 2141 3833 2194 ἀπο-

2274 2224 2512 2298 θνήσκει.
2536 2228 2645 2282 Καὶ
2669 2228 2852 2296 ἄγεται
2880 2228 3046 2301 αὐτὴν
3073 2227 3102 2281 6
3122 2228 3367 2300 Μελχεὶό
3396 2232 3460 2284 ἐκ
3479 2231 3664 2299 γένους
3688 2235 3837 2287 Ματ-

2274 2316 2393 2385 θὰν,
2423 2318 2634 2373 ἐκποιεῖ
2676 2318 2735 2386 ἐξ
2790 2320 2957 2392 αὐτῆς
3005 2320 3097 2374 τὸν
3142 2321 3308 2376 Ἦλεί.
3343 2324 3452 2377 Καὶ
3499 2324 3565 2397 δὴ
3610 2321 3833 2380 οὖνὸτε

2271 2408 2497 2463 Ματθὰν
2528 2410 2622 2464 καὶ
2643 2411 2672 2463 6
2702 2411 2923 2482 Μελχεὶ,
2948 2412 3049 2483 τὴν
3081 2412 3248 2485 αὐτὴν
3289 2413 3622 2485 ἀγαγόμενοι
3652 2422 3832 2485 γυναῖ-

2273 2518 2364 2566 κα,
2396 2500 2489 2554 δύο
2528 2501 2894 2574 ὁμομητρίους
2926 2503 3406 2578 ὲπαιδοποιήσαντο
3451 2505 3731 2577 ἀδελφοὺς,
3755 2509 3834 2563 διὸ

2272 2595 2367 2648 καὶ
2409 2597 2474 2650 ὲκ
2514 2593 2785 2668 διαφόρων
2812 2594 2905 2651 δύο
2927 2596 3099 2665 γενῶν
3147 2597 3473 2668 εὑρίσκομεν
3518 2598 3609 2652 τὸν
3645 2599 3832 2654 Ἰακὼϐ

2272 2689 2368 2744 καὶ
2392 2688 2483 2743 τὸν
2516 2687 2681 2742 Ἠλεί.
2699 2688 2847 2741 Ἠλεὶ
2871 2688 2946 2755 δὲ,
2961 2688 3138 2742 λαϐὼν
3157 2693 3412 2759 γυναῖκα,
3440 2691 3609 2756 ἄπαις
3637 2693 3833 2747 ἐτελεὺ-

2271 2796 2424 2853 τησε,
2463 2780 2555 2834 καὶ
2579 2781 2608 2832 6
2645 2780 2870 2850 ἀδελφὸς
2896 2781 3056 2834 αὐτοῦ
3088 2781 3279 2835 Ἰακὼϐ
3305 2782 3462 2837 ἔλαϐε
3483 2784 3582 2855 τὴν
3606 2788 3835 2853 γυναῖκα

2272 2871 2457 2938 αὑτοῦ,
2482 2873 2627 2936 ὅπως
2647 2872 2786 2928 κατὰ
2806 2872 2898 2927 τὸν
2917 2873 3079 2945 νόμον
3101 2874 3283 2946 ἐγείρῃ
3312 2873 3476 2927 τέκνα
3500 2874 3579 2945 τῷ
3600 2874 3826 2947 ἀδελφῷ,

2273 2964 2369 3019 καὶ
2395 2966 2558 3037 γεννᾷ
2590 2965 2648 3032 ἐξ
2686 2964 2855 3035 αὐτῆς
2886 2965 2976 3020 τὸν
3016 2966 3400 3038 Ἰωσήφ.⁸Ὠστε
3437 2963 3530 3021 οὖν
3562 2968 3704 3023 κατὰ
3735 2968 3829 3039 φύ-

2276 3073 2360 3112 σιν
2391 3058 2488 3129 μὲν
2522 3053 2729 3129 ἦνιυὶὸς
2758 3059 2851 3112 τοῦ
2898 3057 3090 3112 Ἰακὼϐ
3120 3061 3149 3113 6
3184 3061 3400 3132 Ἰωσὴφ,
3433 3060 3571 3115 κατὰ
3600 3061 3829 3133 νόμονᾶ

2273 3148 2366 3205 τοῦ
2412 3149 2577 3204 Ἡλεί.
3753 3190 3764 3201 .

2345 3240 2527 3306 Ἀξιον
2569 3241 2628 3294 δὲ
2682 3243 2775 3296 καὶ
2823 3243 2918 3315 τὴν
2955 3244 3212 3316 ἱστορίαν,
3248 3245 3314 3317 ἢν
3336 3244 3537 3310 διέξεισι
3569 3246 3698 3318 περὶ
3727 3248 3827 3319 τῆς

2273 3331 2434 3401 ἁγίας
2479 3331 2693 3406 Μαρίας
2733 3333 2986 3398 Ἰάκωϐος
3030 3351 3135 3399 τις,
3168 3334 3419 3390 ἐπελθεῖν.
3446 3334 3638 3389 Φάσκει
3684 3338 3813 3407 γὰρ,

2274 3424 2332 3476 ὲν
2355 3425 2473 3487 ταῖς
2504 3424 2697 3495 φυλαῖς
2724 3424 2818 3478 τοῦ
2857 3426 3070 3499 Ἰσραὴλ
3108 3426 3274 3499 ἄνδρα
3302 3426 3531 3480 πλούσιον
3581 3429 3808 3499 γεγενῆ-

2276 3515 2399 3570 σθαι
2423 3517 2644 3587 ὀνόματι
2680 3517 2952 3588 Ἱωακεὶμ,
2979 3517 3037 3582 ὃς
3068 3517 3187 3573 καθ’
3212 3519 3401 3592 ἑορτὴν
3423 3518 3684 3572 διπλάσιον
3710 3518 3815 3572 τῶν

2273 3609 2445 3665 ἄλλων
2478 3610 2626 3683 δῶρα
2662 3611 2738 3683 τῷ
2780 3610 2897 3682 Θεῷ
2921 3612 3334 3685 προσεκόμιζεν,
3363 3612 3503 3666 οὕτω
3524 3612 3721 3682 λέγων’
3751 3612 3827 3667 Τὸ

2274 3704 2373 3773 τῆς
2400 3705 2714 3776 περιουσίας
2745 3705 2802 3760 ὲν
2830 3707 2991 3761 παντὶ
3005 3706 3082 3779 τῷ
3110 3706 3242 3778 λαῷ,
3264 3707 3438 3761 καὶτὸ
3464 3707 3562 3778 τῆς
3592 3706 3830 3775 ἀφέσεως

2275 3796 2355 3860 είς
2388 3795 2611 3868 ἱλασμὸν
2644 3798 2766 3868 ἐμοὶ
2811 3797 2999 3871 Κυρίῳ
3032 3797 3111 3869 τῷ
3141 3797 3277 3870 Θεῷ.
3294 3797 3591 3868 Ἐνστάσης
3616 3793 3709 3852 οὖν
3740 3797 3835 3866 τῆς

2279 3889 2539 3959 μεγίστης
2585 3888 2677 3943 τοῦ
2730 3890 2932 3961 Κυρίου
2969 3891 3180 3963 ἑορτῆς,
3211 3891 3305 3946 καὶ
3336 3891 3555 3946 πάντων
3600 3890 3739 3946 κατὰ
3778 3889 3835 3943 τὸ

2277 3979 2463 4045 εἰωθὸς
2475 3980 2543 4035 τὰ
2562 3980 2709 4054 δῶρα
2724 3982 2801 4053 τῷ
2816 3982 2932 4054 Θεῷ
2950 3983 3439 4055 προσκομιζόντων,
3459 3984 3834 4055 προσενεγκεῖν

2278 4078 2488 4147 πρῶτος
2519 4077 2681 4142 αὐτὸς
2712 4077 2986 4151 ὥρμησεν.
3021 4081 3129 4133 Καὶ
3166 4080 3376 4133 Ῥουϐίν
3412 4098 3494 4143 τις
3515 4076 3830 4133 διεκώλυσεν

2276 4166 2441 4220 αὐτὸν
2490 4170 2770 4239 προσοῖσαι
2818 4168 3049 4240 πρῶτον,
3077 4169 3269 4238 λέγων,
3303 4168 3377 4240 μὴ
3422 4169 3623 4233 ἐξεῖναι
3672 4167 3831 4237 αὐτῷ,

2278 4258 2465 4313 καθότι
2492 4257 2712 4324 ἄτεκνος
2739 4262 2796 4314 ὲν
2825 4260 2902 4332 τῷ
2941 4259 3154 4333 Ἰσραὴλ
3181 4260 3505 4331 καθέστηκε.
3535 4260 3648 4314 Καὶ
3674 4260 3835 4332 λυπη-

2280 4350 2391 4415 θεὶς
2422 4351 2513 4404 ἐπὶ
2549 4350 2726 4418 τοῦτο,
2754 4354 2833 4416 εἰς
2860 4338 2957 4422 τὴν
2981 4353 3183 4425 ἔρημον
3213 4352 3454 4422 ἀφίκετο,
3486 4353 3651 4406 κάκεῖ
3666 4353 3836 4423 πήξας

2280 4445 2482 4516 σκηνὴν
2516 4442 2723 4497 ἱκέτευε
2747 4445 2837 4498 τὸν
2866 4446 2996 4500 Θεὸν
3019 4449 3315 4518 παρασχεῖν
3347 4445 3439 4499 καὶ
3462 4444 3635 4517 αὐτῷ,
3657 4444 3836 4517 ὥσπερ

618 4518 1074 4592 quemadmodum
1094 4516 1345 4580 Abrahae,
1377 4517 1630 4588 legitimae
1657 4518 1824 4588 prolis
1856 4518 2175 4573 concederet

2276 4534 2356 4606 τῷ
2383 4534 2628 4608 Ἀϐραὰμ
2657 4536 2876 4606 γνησίου
2903 4537 3090 4601 παιδὸς
3103 4516 3346 4609 σποράν
3375 4535 3533 4607 μόνον
3553 4516 3666 4608 γὰρ
3684 4535 3839 4604 ἐγνώ-

621 4611 1043 4678 fecunditatem;
1097 4609 1274 4666 solum
1326 4608 1473 4663 enim
1524 4607 1629 4662 hoc
1667 4623 1726 4664 se
1752 4608 1895 4663 dono
1924 4611 1980 4664 in
2016 4609 2179 4665 Israel

621 4717 812 4758 carere
836 4701 1234 4774 cognoscebat,
1283 4707 1340 4755 et
1373 4700 1455 4755 sic
1487 4700 1544 4754 in
1580 4699 1939 4771 quadraginta
1967 4701 2177 4756 dierum

618 4793 829 4865 jejunio
856 4793 1025 4850 Deum
1058 4795 1473 4867 deprecabatur.
1503 4791 1766 4849 Similiter
1793 4800 1847 4850 et
1871 4795 1989 4865 ejus
2021 4810 2177 4863 uxor,

623 4884 824 4940 vestitu
871 4884 1111 4952 inculto,
1147 4894 1202 4941 et
1249 4885 1475 4941 horrido
1517 4892 1697 4950 tecta,
1757 4886 1961 4956 prolem
1996 4902 2025 4940 a
2074 4887 2181 4944 Deo

624 4977 880 5047 precibus
921 4980 1202 5050 poscebat.
1250 4978 1357 5036 Sed
1401 4994 1527 5035 cum
1558 4994 1754 5050 magna
1804 4980 1923 5036 dies
1969 4980 2181 5037 Domini

625 5070 886 5137 venisset,
911 5080 1061 5129 veste
1089 5089 1148 5130 se
1178 5075 1415 5144 pretiosa
1438 5073 1682 5139 ornavit;
1715 5072 1870 5130 nefas
1889 5076 2032 5129 enim
2066 5085 2184 5131 erat

625 5164 723 5221 illo
748 5164 838 5222 die
870 5165 1122 5222 luctuoso
1142 5166 1333 5221 habitu
1360 5167 1569 5223 vestiri.

695 5255 857 5312 Circa
887 5256 1055 5328 igitur
1099 5256 1289 5312 horam
1335 5258 1440 5314 diei
1489 5273 1687 5314 nonam
1736 5258 1839 5316 sub
1886 5259 2083 5316 arbore
2127 5260 2183 5315 in

624 5349 888 5407 viridario
922 5364 1024 5404 suo
1053 5348 1249 5407 sedens
1266 5390 1283 5416 ,
1309 5349 1396 5406 his
1425 5352 1605 5408 verbis
1625 5350 1796 5408 Deum
1817 5352 2139 5409 obsecrabat
2165 5371 2180 5409 :

629 5459 655 5495 ‹
690 5440 834 5499 Deus
862 5448 1078 5514 patrum
1110 5449 1455 5509 nostrorum,
1496 5444 1726 5500 benedic
1752 5445 1885 5500 mihi
1909 5455 1964 5503 et
1986 5447 2183 5502 exaudi

625 5537 931 5592 orationem
985 5551 1162 5592 meam
1180 5573 1200 5601 ,
1242 5536 1386 5591 sicut
1415 5536 1740 5595 benedixisti
1770 5540 1943 5595 vulvae
1969 5538 2182 5605 Sarrae,

628 5633 688 5681 et
756 5628 956 5685 dedisti
1006 5629 1178 5684 ﬁlium
1233 5628 1310 5684 illi
1364 5628 1535 5685 Isaac.
1597 5648 1616 5683 ι
1671 5630 1797 5687 Hac
1853 5648 1976 5688 cum
2040 5634 2186 5690 dice-

634 5723 752 5782 ret,
785 5718 842 5772 in
870 5721 1228 5792 propinquam
1261 5721 1511 5777 arborem
1550 5732 1828 5792 aspectum
1864 5722 2181 5791 referendo,

636 5810 848 5877 aspexit
900 5825 1171 5880 passerem
1230 5815 1393 5885 pullis
1453 5813 1569 5871 suis
1616 5815 1999 5884 incubantem;
2059 5817 2186 5873 hinc

2279 4644 2363 4680 κει
2412 4625 2600 4680 ἑαυτὸν
2651 4627 2912 4700 ὑπάρχειν
2948 4629 3006 4684 ὲν
3050 4627 3127 4699 τῷ
3166 4627 3397 4700 Ἰσραήλ’
3428 4626 3589 4699 ἄχρις
3619 4626 3838 4699 ἡμερῶν

2278 4718 2550 4789 νηστεύων
2603 4721 3006 4792 τεσσαράκοντα
3053 4721 3258 4774 ἱκέτευε
3307 4720 3397 4776 τὸν
3441 4720 3594 4774 Θεόν.
3612 4720 3841 4791 Ὁμοίως

2277 4811 2340 4864 δὲ
2375 4812 2469 4864 καὶ
2495 4813 2527 4884 ἡ
2555 4809 2820 4883 δμόζυγος
2844 4812 3031 4877 αὐτοῦ,
3054 4812 3382 4886 περιθεμένη
3407 4812 3608 4884 ἐσθῆτα
3626 4812 3839 4883 εὐτελῆ,

2288 4901 2455 4956 ἐδεῖτο
2482 4901 2576 4956 τοῦ
2609 4902 2741 4957 Θεοῦ
2773 4906 2953 4974 τυχεῖν
2985 4904 3166 4974 γονῆς.
3184 4903 3508 4974 Ἐπιστάσης
3535 4902 3590 4955 δὲ
3614 4903 3716 4973 τῆς
3745 4919 3842 4973 με-

2277 4994 2470 5065 γίστης
2493 4995 2700 5067 ἡμέρας
2731 4995 2824 5048 τοῦ
2856 4993 3009 5059 Θεοῦ,
3044 4993 3300 5066 λαμπρὰν
3332 4992 3519 5064 στολὴν
3548 4991 3844 5062 ἀμφιέννυ-

2278 5101 2395 5138 ται·
2427 5083 2487 5137 οὐ
2520 5083 2628 5155 γὰρ
2657 5079 2725 5155 ἦν
2757 5081 2972 5155 θεμιτὸν
3002 5085 3059 5138 ἐν
3096 5083 3265 5155 ταύτῃ
3291 5085 3356 5154 τῇ
3390 5083 3546 5154 ἑορτῇ
3582 5079 3845 5150 πένθιμον

2280 5175 2578 5248 ἠμφιέσθαι
2606 5175 2816 5247 στολήν.

2348 5269 2483 5339 Περὶ
2507 5267 2636 5338 γοῦν
2656 5267 2752 5338 τὴν
2776 5267 3001 5341 ἐννάτην
3018 5268 3165 5341 ὥραν
3186 5267 3285 5338 τῆς
3307 5267 3515 5339 ἡμέρας
3532 5263 3638 5318 ὑπό
3667 5280 3721 5318 τι
3743 5262 3849 5316 δέν-

2277 5362 2404 5435 δρον
2425 5363 2482 5416 ὲν
2509 5362 2587 5434 τῷ
2616 5362 2927 5434 παραδείσῳ
2961 5363 3128 5433 αὐτῆς
3151 5360 3497 5415 καθεσθεῖσα.
3527 5356 3742 5411 ἱκέτευε
3771 5354 3850 5408 λέ-

2281 5471 2452 5523 γουσα
2485 5454 2563 5525 τῷ
2587 5453 2734 5525 Θεῷ*
2769 5473 2789 5505 ι
2810 5455 2869 5507 '0
2900 5454 3030 5517 Θεὸς
3062 5453 3170 5508 τῶν
3204 5452 3454 5524 πατέρων
3483 5450 3661 5524 ἡμῶν,
3695 5447 3850 5502 εὐλό-

2282 5545 2448 5616 γησόν
2486 5562 2575 5616 με,
2620 5545 2714 5600 καὶ
2755 5544 3053 5599 ἐπάκουσον
3089 5546 3186 5616 τῆς
3234 5543 3467 5617 δεήσεως
3509 5559 3635 5613 μου,
3666 5538 3852 5602 καθὼς

2281 5636 2577 5707 εὐλόγησας
2606 5636 2702 5707 τὴν
2729 5637 2935 5709 μήτραν
2957 5637 3192 5709 Σάρρας,
3213 5637 3306 5691 καὶ
3331 5635 3535 5698 ἔδωκας
3566 5634 3702 5704 αὐτῇ
3735 5631 3852 5686 υἱὸν

2282 5728 2373 5780 τὸν
2412 5727 2614 5781 Ἰσαάκ.
2649 5746 2668 5780 ι
2705 5728 2817 5781 Καὶ
2858 5728 3025 5782 ταῦτα
3056 5728 3284 5798 λέγουσα
3307 5729 3484 5799 ἀφορᾷ
3510 5727 3591 5789 εἰς
3631 5724 3693 5778 τὸ
3729 5725 3852 5777 δέν-

2284 5819 2424 5889 δροῖ,
2456 5818 2549 5873 καὶ
2575 5818 2882 5892 θεασαμένη
2907 5820 3161 5894 στρουθὸν
3190 5821 3257 5877 τὰ
3288 5819 3501 5877 νεοσσία
3526 5816 3720 5875 ἑαυτοῦ
3748 5831 3848 5867 πε-
