4090 6288
340 322 449 382 773

1250 325 1520 385 SPURIA.
1560 361 1628 369 —
1668 330 2026 390 COMMENT.
2072 333 2139 390 IN
2179 331 2677 397 "EXAEMERON.

3485 352 3591 410 τη

335 441 616 515 ριέποντα,
661 442 876 515 πικρῶς
921 443 1244 511 στενάξασα,
1270 447 1365 501 καὶ
1411 449 1708 504 κωκύσασα
1751 446 1874 504 εῖπε

2016 466 2202 543 amare
2251 458 2482 527 repetito
2516 459 2794 532 suspirio,
2829 461 3151 535 ejulansque
3173 465 3312 522 dixit
3350 488 3363 524 :
3403 488 3421 521 ι
3446 469 3587 543 Heu,

338 530 442 586 «Ὦ
470 532 556 606 δὴ,
592 532 788 607 Κύριε,
812 535 894 589 ὅτι
925 535 1046 591 οὐδὲ
1070 540 1183 603 τοῖς
1212 544 1477 606 πετεινοῖς
1505 542 1718 610 τούτοις
1743 545 1910 617 ὠμοί-

329 638 481 693 ωμαι
517 622 764 695 γονίμοις
804 625 1137 698 ὑπάρχουσιί
1169 649 1190 682 ι
1237 631 1347 685 Kal
1383 631 1556 688 ταῦτα
1583 633 1794 708 βοώσης
1817 639 1915 691 αύ-

326 711 433 784 τῆς
465 713 602 786 πρὸς
648 714 740 768 τὸν
775 715 929 781 Θεὸν,
959 718 1191 788 ἄγγελος
1218 721 1423 795 Κυρίου
1453 725 1744 796 ἐπιφανεὶς
1771 729 1910 800 αὐτῇ

329 803 740 874 εὐαγγελίζεται
772 808 909 885 αὐτῇ
944 810 1307 868 παιδοποιίαν.
1326 815 1391 870 Ἡ
1425 816 1483 870 δὲ
1509 816 1787 874 ἀκούσασα
1820 820 1911 874 εύ-

330 892 429 959 θὺς
462 895 525 949 τὸ
551 897 810 968 γεννηθὲν
841 899 1120 968 ἀναθεῖναι
1149 902 1228 975 τῷ
1257 902 1376 975 Θεῷ
1405 906 1785 979 ἐπηγγείλατο.

401 987 640 1043 Τοιαῦτα
658 989 716 1043 δὲ
753 991 850 1046 καὶ
874 991 955 1064 τῷ
999 993 1253 1067 Ἰωακεὶμ
1289 997 1320 1050 6
1359 998 1589 1068 ἄγγελος
1612 1002 1672 1056 ἐν
1690 1001 1771 1074 τῷ
1794 1003 1909 1076 ὄρει

326 1080 639 1152 διεσήμανε.
687 1083 798 1137 Καὶ
856 1084 1101 1149 καταϐὰς
1138 1087 1390 1163 Ἰωακεὶμ
1438 1090 1548 1145 ἀπὸ
1587 1092 1682 1147 τοῦ
1727 1093 1906 1166 ὄρους,

326 1171 457 1226 δέκα
487 1172 741 1245 ἀμνάδων
762 1174 953 1231 θυσίαν
974 1177 1053 1249 τῷ
1081 1178 1273 1252 Κυρίῳ
1297 1183 1660 1255 προσήνεγκε,
1682 1185 1909 1251 καὶτοῖς

330 1262 534 1333 ἱερεῦσι
566 1265 798 1337 μόσχους
823 1266 1067 1334 δεκαδύο,
1097 1270 1193 1325 καὶ
1218 1274 1285 1345 τῇ
1319 1276 1582 1349 γερουσίᾳ
1612 1278 1710 1333 καὶ
1744 1281 1907 1335 παντὶ

324 1356 403 1428 τῷ
433 1357 546 1430 λαῷ
574 1360 767 1416 ἑκατὸν
792 1362 1080 1435 χιμάρους.
1103 1364 1215 1420 Kal
1241 1368 1559 1435 ἐπιτελέσας
1588 1372 1687 1437 τὰς
1718 1373 1905 1441 θυσίας

321 1452 528 1517 ταύτας
559 1454 617 1507 ἐν
645 1453 722 1526 τῷ
747 1454 860 1528 ναῷ
887 1455 981 1510 τοῦ
1010 1457 1170 1525 Θεοῦ,
1202 1460 1512 1531 ἀφικνεῖται
1540 1466 1622 1530 εἰς
1641 1466 1734 1520 τὸν
1757 1464 1904 1523 οἶκον

321 1544 492 1598 αὐτοῦ
512 1561 526 1576 °
567 1546 661 1601 καί⁵
684 1549 844 1617 γνοὺς
868 1547 966 1621 τὴν
992 1553 1224 1620 γυναῖκα
1247 1554 1439 1619 αὑτοῦ,
1472 1560 1614 1611 ποιεῖ
1642 1558 1699 1626 ἐξ
1725 1560 1899 1631 αὐτῆς

322 1636 618 1710 θυγατέρα,
640 1638 735 1693 καὶ
758 1639 1012 1711 ὀνομάζει
1033 1641 1205 1715 αὐτὴν
1225 1644 1481 1718 Μαριὰμ,
1502 1646 1694 1718 ἥντινα
1713 1650 1899 1724 τριετῆ

319 1731 621 1803 γενομένην
650 1730 728 1804 τῷ
765 1731 879 1805 ναῷ
911 1732 1004 1787 τοῦ
1038 1734 1173 1789 Θεοῦ
1210 1737 1545 1810 ἀφιέρωσαν.

2017 541 2276 610 Domine,
2325 549 2545 621 quando
2602 566 2704 607 nec
2759 551 2914 609 hisce
2958 554 3277 615 volucribus
3339 541 3586 620 fecundis

2015 631 2323 726 assimilor!
2354 656 2374 689 ι
2411 635 2477 692 Et
2502 639 2631 694 talia
2660 639 2891 710 dicenti,
2925 644 3150 715 angelus
3172 645 3385 705 Domini
3419 668 3588 726 appa-

2013 736 2143 778 rens
2163 762 2179 788 ,
2207 724 2505 784 liberorum
2536 733 2869 801 praenuntiat
2895 736 3299 806 susceptionem
3324 782 3340 806 ,
3381 724 3583 814 quibus

2013 814 2219 907 auditis
2277 817 2609 891 gignendum
2673 824 2823 880 illico
2880 824 2992 882 Deo
3056 827 3392 888 ollereudum
3451 852 3580 907 pro-

2012 906 2183 961 misit.

2082 994 2207 1051 llaec
2231 998 2420 1055 eadem
2473 1001 2529 1056 in
2578 1011 2763 1060 monte
2802 1003 3052 1062 Joacbim
3101 1010 3327 1080 angelus
3359 1013 3562 1070 manife

2019 1087 2213 1153 stavit;
2258 1103 2429 1158 quare
2474 1093 2688 1150 rediens
2730 1106 2915 1154 monte
2953 1101 3137 1157 decem
3167 1118 3336 1175 agnas
3358 1104 3589 1164 Domino

2017 1177 2218 1244 praebet
2264 1181 2331 1236 ad
2378 1184 2742 1254 sacriﬁcium,
2789 1199 2843 1244 et
2887 1192 3259 1252 sacerdotibus
3304 1198 3585 1256 duodecim
3631 1255 3635 1259 .

2015 1265 2236 1335 vitulos,
2270 1283 2323 1327 et
2352 1277 2725 1343 senatoribus,
2769 1290 2822 1335 et
2851 1281 3049 1351 populo
3084 1286 3338 1343 universo
3369 1301 3584 1346 centum

2004 1358 2208 1417 hircos.
2264 1360 2363 1420 His
2412 1365 2702 1422 sacriﬁciis
2758 1366 2815 1422 in
2869 1371 3071 1438 templo
3114 1370 3329 1428 Domini
3372 1373 3574 1441 factis,

2002 1448 2226 1508 domum
2257 1469 2413 1509 suam
2464 1459 2780 1523 revertitur,
2829 1467 2885 1515 et
2917 1476 2976 1516 re
3003 1477 3126 1516 cum
3151 1479 3323 1520 uxore
3358 1467 3538 1523 habita
3559 1507 3575 1533 ,

2001 1543 2232 1614 suscipit
2256 1560 2324 1601 ex
2352 1562 2414 1602 ea
2450 1546 2637 1614 ﬁliam,
2670 1560 2939 1623 vocatque
2971 1552 3194 1609 Mariam
3215 1594 3231 1622 ,
3264 1572 3430 1628 quam
3455 1559 3574 1630 jam

2000 1633 2275 1690 trimulam
2296 1636 2352 1692 in
2379 1640 2583 1713 templo
2611 1639 2724 1697 Deo
2753 1652 3168 1701 consecrarunt.

393 1823 693 1895 Γενομένης
740 1824 797 1878 δὲ
849 1826 1021 1897 αὐτῆς
1066 1827 1450 1897 δωδεκαετοῦς,
1475 1834 1523 1886 οῖ
1562 1833 1725 1905 ἱερεῖς
1756 1851 1888 1906 συμ-

2068 1819 2273 1878 Verum
2325 1823 2752 1883 illa'duodecim
2801 1844 2979 1886 annos
3037 1841 3201 1900 nata,
3259 1836 3572 1892 sacerdotes

320 1914 530 1969 ϐούλιον
559 1917 904 1990 ἐποιήσαντο,
927 1919 1036 1975 τῶν
1057 1921 1163 1976 τίνι
1197 1923 1367 1996 αὐτὴν
1401 1923 1537 1996 πρός
1568 1926 1746 1997 γάμον
1769 1944 1896 1981 συν-

315 2007 517 2080 άψωσι.
544 2010 654 2065 Kal
699 2011 1053 2086 ἐπιτρέπουσι
1091 2014 1184 2068 τὸν
1210 2015 1470 2088 ἀρχιερέα
1494 2018 1785 2090 Ζαχαρίαν,
1815 2022 1897 2085 εῖς

317 2102 386 2156 τά
411 2103 578 2170 Ἅγια
608 2103 718 2158 τῶν
749 2105 920 2174 ἁγίων
947 2104 1274 2179 εἰσελθόντα,
1301 2108 1627 2179 αἰτήσασθαι
1651 2110 1743 2163 τὸν
1764 2111 1899 2164 Θεὸν

312 2193 669 2265 ἀποκαλύψαι
697 2194 866 2267 αὐτῷ,
883 2195 947 2249 τὸ
964 2176 1364 2270 τίνίπροσήκει
1390 2176 1681 2271 ζευχθῆναι
1703 2201 1891 2275 αὐτήν.

312 2284 424 2338 Καὶ
454 2285 550 2338 τοῦ
582 2286 853 2358 Ζαχαρίου
881 2287 1195 2358 εὐχομένου,
1228 2287 1459 2358 ἄγγελος
1490 2291 1776 2361 ἐπιφανεὶς
1799 2310 1895 2365 ση-

316 2377 497 2448 μαίνει
522 2378 730 2443 πάντας
757 2382 1084 2449 συναγαγεῖν
1102 2379 1197 2435 τοῦ
1228 2380 1357 2436 λαοῦ
1387 2383 1513 2447 τοὺς
1542 2383 1891 2456 χηρεύοντας,

311 2469 409 2522 καὶ
447 2470 697 2541 κατέχειν
721 2470 949 2525 ἕκαστον
1008 2472 1200 2545 ῥάϐδον
1220 2490 1233 2504 ·
1264 2475 1359 2528 καὶ
1388 2467 1433 2543 ᾧ
1459 2474 1526 2530 ἂν
1555 2478 1585 2530 6
1615 2476 1746 2541 Θεὸς
1773 2479 1893 2531 ὲπι-

311 2560 458 2632 δείξῃ
491 2564 733 2632 σημεῖον,
765 2561 939 2634 τούτῳ
968 2565 1199 2635 συνάψαι
1231 2565 1328 2638 τὴν
1355 2566 1643 2640 παρθένον.

395 2651 656 2717 Ἐξελθὼν
685 2654 743 2708 δὲ
770 2657 799 2709 ὁ
824 2655 1099 2729 Ζαχαρίας
1132 2657 1388 2731 ἐποίησεν
1418 2657 1611 2723 οὕτως,
1641 2657 1823 2725 καθὼς
1862 2662 1892 2715 ὁ

311 2743 540 2813 ἄγγελος
587 2745 735 2818 αὐτῷ
783 2746 1102 2819 προσέταξε.
1142 2748 1253 2805 Καὶ
1304 2748 1484 2804 λαϐὼν
1526 2750 1740 2805 πάντων
1791 2751 1890 2816 τὰς

313 2834 543 2907 ῥάϐδους
571 2838 772 2906 αὐτῶν,
803 2838 1040 2910 ἀπῆλθεν
1062 2841 1121 2893 ὲν
1149 2839 1229 2912 τῷ
1274 2839 1422 2913 ίερῷ,
1455 2841 1549 2896 καὶ
1581 2840 1890 2914 προσηύξα-

310 2944 393 2993 το,
424 2929 518 2984 xal
539 2930 768 2997 ἐξελθὼν
794 2932 1008 3005 ἑκάστῳ
1047 2932 1148 3005 τὴν
1197 2932 1334 2987 ἰδίαν
1378 2933 1571 3005 ῥάϐδον
1604 2934 1883 3005 ἀπένειμε.

310 3021 631 3078 Τελευταῖον
681 3023 738 3078 δὲ
783 3024 1053 3090 ἐπιδιδοὺς
1084 3025 1183 3095 τὴν
1211 3024 1405 3098 ῥάϐδον
1426 3025 1506 3098 τῷ
1544 3025 1762 3098 Ἰωσὴφ,
1791 3043 1888 3099 ση-

310 3116 466 3185 μεῖον
512 3115 656 3187 μέγα
701 3115 934 3186 ἐγένετο.
954 3117 1188 3189 Ἀθρόως
1217 3117 1328 3190 γὰρ
1357 3118 1457 3190 τὴν
1493 3118 1687 3191 ῥάϐδον
1720 3118 1882 3175 αὑτοῦ
1910 3152 1956 3216 C

308 3206 459 3279 παρὰ
482 3207 579 3262 τοῦ
612 3208 801 3282 ἱερέως
819 3209 1204 3282 λαμϐάνοντος,
1225 3210 1522 3284 περιστερά
1553 3211 1750 3284 ἐξέπτη
1775 3212 1886 3266 ἀπὸ

303 3299 407 3371 τῆς
436 3299 655 3372 ῥάϐδου,
686 3301 781 3357 καὶ
807 3301 902 3356 ἐπὶ
926 3300 1026 3375 τὴν
1065 3301 1307 3374 κεφαλὴν
1339 3301 1611 3374 ἐκαθέσθη
1642 3300 1735 3356 τοῦ
1774 3302 1886 3356 Ἰω-

306 3389 417 3460 σήφ
434 3405 448 3420 ⁸
476 3389 570 3443 καὶ
592 3391 621 3444 6
645 3391 935 3464 ἀρχιερεὺς
973 3392 1069 3446 καὶ
1097 3392 1297 3457 πάντες
1326 3392 1377 3445 οῖ
1410 3392 1662 3457 συνόντες
1687 3392 1874 3464 ίερεῖς,

304 3480 686 3553 θαυμάσαντες
730 3483 793 3538 τὺ
831 3484 1072 3553 γεγονὸς,
1102 3484 1266 3539 αὐτὸν
1315 3483 1567 3553 γενέσθαι
1598 3483 1882 3557 μνηστῆρα

300 3572 404 3645 τῆς
429 3574 599 3646 κόρης
624 3573 862 3646 ἔκριναν,
891 3577 959 3647 ἢν
986 3575 1167 3630 λαϐὼν
1189 3579 1219 3631 6
1246 3576 1441 3648 Ἰωσὴφ
1468 3575 1760 3647 ἐφύλασσε,
1786 3577 1881 3631 καὶ

305 3661 620 3716 καταλιπὼν
656 3665 716 3717 ὲν
745 3663 821 3735 τῷ
848 3665 983 3738 οἴκῳ
1018 3667 1183 3721 αὐτοῦ
1220 3668 1526 3736 ἀφικνεῖται
1549 3667 1648 3732 τὰς
1678 3668 1881 3723 οἰκοδο-

306 3755 416 3828 μὰς
445 3754 769 3808 ὲκτελέσων·
799 3751 867 3829 ἦν
895 3756 1003 3829 γὰρ
1029 3758 1238 3813 τέκτων
1261 3761 1327 3831 τῇ
1362 3760 1659 3834 ἐπιστήμῃ.

373 3845 511 3900 Κατ’
538 3847 743 3900 ἐκεῖνον
763 3846 821 3900 δὲ
849 3847 940 3901 τὸν
973 3848 1162 3921 καιρὸν
1186 3847 1333 3914 ἔδοξε
1351 3852 1465 3914 τοῖς
1496 3849 1697 3922 ἱερεῦσι
1717 3867 1879 3905 κατα-

303 3937 671 4009 σκευασθῆναι
703 3937 807 3992 ὑπὸ
838 3938 1018 4008 ἁγνῶν
1046 3939 1329 4012 παρθένων
1355 3939 1434 4011 τῷ
1461 3940 1573 4013 ναῷ
1604 3940 1697 3994 τοῦ
1740 3941 1876 3996 Θεοῦ

300 4031 716 4103 καταπέτασμα,
745 4031 838 4085 καὶ
870 4030 1171 4104 εὑρέθησαν
1199 4033 1256 4085 ὲν
1280 4034 1345 4104 τῇ
1379 4032 1516 4104 φυλῇ
1552 4033 1717 4087 Ἰούδα
1745 4050 1877 4105 παρ-

299 4122 442 4177 θένοι
488 4122 645 4177 ἑπτά.
685 4124 794 4179 Καὶ
823 4124 923 4195 τῆς
953 4125 1170 4196 Μαρίας
1203 4123 1260 4179 δὲ
1293 4124 1551 4196 μνησθεὶς
1581 4126 1872 4197 Ζαχαρίας,

298 4213 551 4269 ἐκέλευσε
584 4216 678 4270 καὶ
713 4214 881 4289 αὐτὴν
909 4217 1167 4288 παρεῖναι
1191 4218 1273 4280 εἰς
1294 4217 1386 4270 τὸν
1414 4216 1712 4287 κατάλογον
1729 4233 1746 4249 ο
1780 4217 1875 4271 καὶ

299 4306 606 4378 εἰσαγαγὼν
637 4307 809 4373 αὑτὰς
839 4310 920 4372 εἰς
945 4307 1037 4362 τὸν
1063 4297 1212 4363 οἶκον
1240 4308 1335 4363 τοῦ
1367 4307 1525 4375 Θεοῦ,
1553 4308 1754 4380 κλῆρον
1779 4308 1875 4380 βα-

298 4398 408 4452 λεῖν
435 4398 754 4471 προσέταξε,
780 4398 940 4453 ποίαν
964 4394 1106 4455 οἷσαι
1128 4399 1221 4454 τὸν
1243 4399 1443 4472 χρυσὸν
1475 4398 1651 4454 καὶτὸ
1674 4400 1870 4471 ἀμίαν-

296 4507 407 4556 τον,
447 4493 542 4546 καὶ
567 4490 665 4563 τὴν
698 4491 913 4562 βύσσον,
946 4493 1041 4546 καὶ⁵
1070 4491 1132 4547 τὸ
1159 4493 1403 4565 σηρικὺν,
1433 4493 1528 4545 καὶ
1556 4492 1655 4562 τὴν
1693 4491 1867 4564 ἀληθῆ
1903 4519 1946 4574 D

296 4582 603 4655 πορφύραν,
633 4583 730 4637 καὶ
771 4583 864 4637 τὸν
916 4583 1190 4649 ὑάκινθον,
1238 4584 1334 4639 καὶ
1372 4584 1463 4638 τὸν
1510 4584 1738 4638 κόκκον
1771 4584 1865 4638 καὶ

295 4674 576 4749 ἐκληρώθη
600 4675 790 4749 Μαρία
808 4676 907 4748 τὴν
932 4677 1214 4750 πορφύραν
1242 4678 1336 4731 καὶ
1362 4678 1452 4732 τὸν
1480 4677 1677 4731 κόκκον
1706 4677 1866 4749 ἐργά-

295 4770 499 4836 ζεσθαι.
530 4771 641 4826 Kal
661 4769 726 4843 δὴ
747 4772 840 4824 ἐπὶ
867 4769 959 4825 τοῦ
981 4772 1129 4826 οἴκου
1155 4769 1530 4843 ἐργαζομένης
1549 4770 1722 4840 αὐτῆς
1745 4771 1862 4824 ὲπι·

293 4865 483 4934 φανεὶς
528 4864 758 4935 ἄγγελος
800 4865 892 4917 τὸν
936 4862 1235 4936 παράδοξον
1260 4863 1416 4917 τόκον
1453 4862 1864 4933 εὐαγγελίζεται

291 4954 451 5027 αὐτῇ,
487 4955 667 5021 καθὼς
700 4957 902 5028 ἱστορεῖ
928 4954 998 5009 τά
1031 4954 1356 5024 Εὐαγγέλια.

362 5046 437 5100 Τδ
475 5046 606 5117 γοῦν
647 5047 865 5119 ὁρισθὲν
902 5046 1039 5119 αὐτῇ
1095 5045 1254 5118 ἔργον
1301 5043 1654 5110 ὲκτελέσασα,
1685 5044 1867 5098 δίδωσι

291 5136 371 5210 τῷ
414 5140 679 5211 ἀρχιερεῖ,
719 5140 815 5194 καὶ
858 5136 1211 5210 εύλογηθεῖσα
1267 5139 1397 5210 παρ’
1430 5135 1593 5191 αὐτοῦ
1641 5136 1826 5191 ἄπεισι
1847 5152 1863 5167 ο

290 5233 387 5287 καὶ
418 5233 554 5303 μετά
587 5233 776 5305 χρόνον
800 5232 974 5286 τίκτει
997 5231 1089 5287 τὸν
1108 5229 1339 5303 Χριστὸν
1364 5229 1506 5283 κατά
1533 5229 1730 5300 σάρκα.
1757 5226 1879 5300 Kal}

286 5325 398 5379 τῶν
419 5326 606 5397 μάγων
622 5325 730 5380 ἀπὸ
757 5324 1042 5396 ’Δνατολῆς
1056 5324 1132 5389 ὡς
1156 5322 1363 5395 βασιλεῖ
1373 5320 1860 5395 προσκυνησάντων

293 5416 431 5489 μετά
463 5416 650 5489 δώρων
680 5417 849 5489 αὐτῷ,
893 5418 922 5470 ὁ
962 5414 1208 5489 Ἡρώδης
1243 5412 1538 5486 ἐταράχθη,
1572 5412 1668 5467 καὶ
1693 5410 1860 5465 διενο-

287 5512 398 5564 εῖτο
422 5510 633 5565 ἀνελεῖν
662 5510 1002 5584 παραχρῆμα
1029 5509 1210 5563 αὐτόν.
1227 5509 1286 5563 '0
1317 5508 1375 5562 δὲ
1407 5506 1512 5560 ὑπὸ
1544 5504 1738 5576 Ἰωσὴφ
1766 5505 1859 5559 καὶ

287 5602 388 5674 τῆς
430 5603 646 5677 Μαρίας
686 5605 766 5666 είς
806 5601 1078 5672 Αἴγυπτον
1122 5596 1487 5670 ἀπεκομίσθη,
1520 5595 1613 5649 καὶ
1658 5593 1749 5648 τὸν
1798 5590 1889 5657 ἐξ.

1998 1913 2286 1971 consilium
2337 1917 2599 1989 capiunt,
2652 1920 2872 1976 cuinam
2923 1938 3042 1978 eam
3085 1925 3481 1999 conjungerent
3514 1931 3570 1984 in

1996 2007 2429 2063 matrimonium.
2462 2008 2848 2082 Zachariaaque
2878 2013 3138 2083 primario
3170 2017 3443 2074 sacerdoti
3474 2018 3571 2076 de-

1996 2098 2281 2165 mandunt,
2305 2107 2365 2155 ut
2389 2101 2443 2156 in
2478 2101 2680 2158 Sancta
2710 2114 3031 2161 sanctorum
3063 2107 3365 2180 ingressus,
3394 2110 3565 2167 Deum

1993 2201 2345 2263 precaretur,
2381 2202 2441 2249 ut
2486 2195 2593 2251 sibi
2650 2196 2914 2253 revelaret
2959 2198 3176 2254 cuinam
3214 2211 3362 2259 esset
3403 2203 3567 2259 collo-

1993 2286 2190 2352 canda,
2213 2294 2267 2342 et
2287 2285 2569 2343 Zachariae
2596 2290 2810 2354 oranti,
2847 2291 3074 2362 angelus
3104 2307 3373 2363 apparens
3396 2310 3565 2366 expo-

1992 2376 2076 2431 nit
2098 2415 2113 2440 ,
2143 2392 2333 2432 omnes
2364 2378 2547 2448 populi
2585 2378 2781 2435 viduos
2823 2380 2878 2434 in
2910 2396 3078 2434 unum
3111 2385 3558 2455 congregandos,

1990 2483 2222 2539 quorum
2246 2470 2481 2540 quisque
2508 2470 2715 2541 virgam
2741 2486 2907 2526 manu
2934 2480 3175 2539 teneret,
3203 2474 3388 2545 illique
3411 2477 3563 2549 virgo

1991 2559 2257 2623 nuberet,
2291 2574 2454 2628 quem
2484 2557 2628 2615 Deus
2657 2560 2814 2632 signo
2842 2561 3269 2620 manifestasset.

2060 2646 2328 2719 Egressus
2379 2648 2672 2707 Zacharias
2728 2652 2906 2724 angeli
2954 2654 3209 2709 mandata
3269 2664 3563 2716 exsecutus

1988 2748 2103 2807 est,
2139 2742 2494 2815 omniumque
2527 2744 2696 2815 virgis
2744 2746 2985 2817 acceptis
3009 2789 3023 2811 ,
3058 2748 3321 2819 templum
3350 2749 3559 2821 ingres-

1986 2847 2106 2899 sus,
2138 2836 2335 2901 oravit,
2376 2836 2705 2908 rediensque
2729 2838 3024 2910 unicuique
3053 2842 3259 2911 virgam
3283 2844 3558 2914 propriam

1986 2925 2257 2996 reddidit;
2308 2928 2640 3001 tandemque
2687 2929 2780 2984 ubi
2822 2931 3027 3002 virgam
3079 2931 3320 3004 Josepbo
3371 2936 3557 2991 consi-

1985 3026 2207 3090 gnasset
2248 3019 2448 3075 mirum
2490 3021 2624 3092 quid
2653 3021 2876 3078 accidit.
2935 3021 3110 3079 Simul
3142 3026 3288 3081 enim
3329 3034 3494 3097 atque
3525 3043 3557 3083 a

1987 3111 2272 3168 sacerdote
2310 3112 2518 3184 virgam
2552 3113 2796 3184 accepit,
2839 3130 2906 3170 ex
2959 3130 3023 3171 ea
3067 3116 3319 3173 columba
3364 3118 3555 3176 volans

1985 3200 2151 3271 capiti
2178 3198 2379 3272 Ioseph
2436 3201 2670 3271 insedit;
2702 3219 2872 3275 quare
2896 3206 3151 3276 princeps
3179 3208 3552 3275 sacerdotum,

1983 3292 2411 3364 sacerdotesque
2439 3308 2631 3350 omnes
2661 3295 2756 3366 qui
2798 3304 3167 3353 convenerant
3208 3314 3326 3355 rem
3378 3301 3556 3356 admi-

1982 3385 2123 3450 rati,
2163 3384 2282 3456 pari
2315 3396 2442 3441 voto
2492 3386 2571 3441 illi
2621 3388 2858 3458 puellam
2893 3387 3335 3459 desponderunt,
3388 3406 3552 3462 quam

1979 3472 2181 3545 Ioseph
2210 3482 2488 3547 acceptam
2524 3478 2904 3547 custodiebat,
2949 3486 3005 3535 et
3033 3494 3096 3534 ea
3127 3479 3275 3536 domi
3318 3482 3511 3536 relicta
3533 3523 3549 3547 ,

1980 3564 2051 3620 ad
2081 3566 2415 3624 exstruenda
2437 3568 2666 3624 aediﬁcia
2694 3569 2849 3638 abit;
2882 3577 3004 3627 erat
3036 3572 3239 3644 quippe
3289 3573 3551 3629 exercitio

1977 3656 2151 3714 faber.

2046 3832 2152 3890 Per
2177 3832 2300 3893 illos
2330 3834 2449 3891 dies
2489 3836 2865 3892 sacerdotibus
2909 3835 3386 3893 immaculatarum
3436 3855 3549 3895 νπ-

1975 3926 2163 3998 ginum
2195 3927 2523 3993 ministerio,
2552 3928 2733 3983 velum
2766 3927 2949 3999 templi
2995 3926 3086 3983 Dei
3127 3930 3543 3988 accommodau-

1975 4020 2104 4075 dum
2156 4035 2278 4077 esse
2309 4021 2489 4077 visum
2536 4029 2641 4087 est,
2671 4031 2726 4077 et
2758 4021 2909 4077 lectae
2941 4030 3069 4078 sunt
3109 4022 3165 4077 in
3212 4024 3359 4079 tribu
3401 4023 3543 4082 Jutta

1974 4112 2213 4183 virgines
2242 4120 2470 4180 septem.
2512 4111 2617 4169 Sed
2652 4129 2776 4168 cum
2812 4112 2996 4169 Mariae
3031 4112 3326 4172 Zacharias
3353 4118 3545 4172 me.ui-‘

1973 4204 2177 4270 uisset,
2231 4220 2340 4260 una
2368 4220 2494 4261 cum
2548 4205 2657 4261 illis
2713 4206 3063 4262 annumerari
3119 4207 3293 4277 ipsam
3341 4207 3540 4279 jussit,

1973 4296 2172 4367 quibus
2202 4295 2422 4351 domum
2455 4294 2550 4351 Dei
2578 4296 2930 4360 introductis,
2966 4307 3145 4354 sortes
3169 4299 3354 4369 jacere
3384 4316 3540 4355 mau-

1971 4389 2100 4455 dat,
2163 4403 2411 4460 quanam
2465 4389 2677 4446 sciliCet
2728 4404 2961 4454 aurum,
3012 4398 3067 4445 et
3116 4391 3452 4457 amiantum,
3486 4397 3541 4445 et

1972 4481 2289 4553 byssum,et
2305 4483 2561 4546 sericum,
2590 4488 2646 4536 et
2666 4496 2847 4537 veram
2878 4497 3198 4552 purpuram,
3229 4491 3282 4538 et
3313 4481 3541 4555 hyacin-

1971 4574 2147 4636 tbum,
2175 4583 2228 4629 et
2248 4586 2474 4628 coccum
2498 4581 2870 4642 praeparatum
2895 4581 3083 4639 esset,
3115 4582 3170 4629 ct
3198 4575 3332 4630 sorti
3356 4573 3540 4628 Mariae

1971 4680 2244 4740 purpurae,
2285 4674 2339 4720 et
2382 4665 2534 4720 cocci
2589 4680 2726 4735 opus
2753 4666 2991 4721 obvenit.
3023 4664 3201 4736 Atque
3235 4680 3358 4720 cum
3391 4662 3540 4721 domi

1971 4761 2059 4816 bis
2092 4759 2256 4815 rebus
2284 4757 2508 4828 agendis
2539 4772 2760 4828 operam
2782 4756 2957 4821 daret,
2985 4773 3255 4828 apparens
3284 4758 3534 4829 angelus,

1971 4851 2343 4908 admirabilem
2368 4849 2446 4904 illi
2465 4861 2702 4920 partum,
2728 4857 2787 4905 ut
2810 4852 2864 4905 in
2896 4848 3204 4921 Evangeliis
3226 4848 3538 4914 habetur”,

1965 4945 2315 5019 praenuntiat.

2032 5038 2219 5114 Itaque
2243 5054 2384 5111 opus
2428 5037 2534 5093 sibi
2579 5030 2896 5105 impositum
2934 5032 3241 5104 expletum,
3277 5030 3487 5088 sacerd:

1963 5140 2079 5189 tum
2110 5131 2344 5203 principi
2377 5128 2619 5187 exhibet.
2641 5133 2697 5182 et
2723 5125 3104 5181 benedictione
3130 5132 3355 5195 accepta
3377 5121 3531 5185 abiit,

1963 5232 2015 5280 et
2032 5223 2195 5294 paulo
2218 5220 2635 5294 postChristum
2661 5216 2960 5273 secundum
2983 5230 3203 5271 carnem
3224 5211 3532 5270 enititur”.

1965 5315 2101 5371 Eum
2134 5330 2258 5371 cum
2278 5312 2422 5384 magi
2457 5312 2526 5367 ab
2560 5309 2780 5366 Oriente
2812 5309 2887 5364 uti
2918 5323 3098 5381 regem
3126 5322 3251 5362 cum
3290 5302 3531 5359 muneri-

1963 5408 2069 5465 bus
2090 5405 2470 5463 adoravissent
2495 5404 2562 5472 ",
2591 5402 2832 5459 Herodes
2873 5400 3124 5456 turbatus
3162 5404 3277 5461 est,
3314 5409 3531 5451 secum-

1964 5516 2072 5571 que
2100 5499 2219 5570 ipse
2260 5498 2568 5570 cogitabat,
2623 5495 2772 5551 illico
2814 5494 2966 5548 illum
3000 5489 3299 5562 perimere,
3350 5485 3444 5557 qui
3492 5500 3527 5540 a

1962 5590 2200 5663 Josepbo
2225 5597 2281 5647 et
2319 5587 2490 5645 Maria
2521 5590 2575 5646 in
2605 5586 2899 5658 Atlgyptum
2925 5582 3138 5638 delatus
3175 5580 3220 5613 ’⁷
3241 5618 3258 5647 ,
3295 5594 3363 5634 ωε
3388 5588 3525 5642 rtem

362 5782 552 5839 “Luc.
577 5799 614 5850 ι,
655 5779 745 5838 26.
820 5782 866 5814 ”
890 5778 1020 5840 Luc.
1050 5795 1111 5845 tt,
1146 5778 1195 5835 7.
1272 5778 1317 5812 ’⁸
1342 5775 1533 5834 Matth.
1562 5792 1624 5845 tl,
1660 5777 1729 5849 l.
1787 5770 2003 5846 ".Ibid.
2031 5772 2115 5828 ιι.
