4090 6288
605 381 713 442 τῖ5

1462 376 1520 432 S.
1564 367 2012 429 EUSTATHlUS
2050 362 2542 422 ANTIOCHENUS
2598 358 2996 417 EPISCOPUS.

3776 345 3911 402 776

606 489 715 559 sibi
749 500 817 555 ab
852 496 1059 555 Herode
1090 494 1462 549 imminentem
1495 491 1717 562 depulit.
1767 488 1969 542 Verum
2003 484 2176 540 Hero-

2287 481 2524 554 Ἡρώδου
2558 480 2779 549 διέφυγε
2830 476 3076 530 θάνατον.
3108 474 3278 538 Αὐτὸς
3329 448 3406 538 ei,
3436 469 3726 541 ἀγνοήσας
3774 464 3903 535 τὴν

609 594 728 656 des,
759 592 1002 661 ignorata
1061 587 1227 657 fuga,
1295 600 1496 656 pueros
1544 597 1735 637 omnes
1782 579 1876 649 qui
1925 585 2084 633 erant
2116 576 2173 629 in

612 684 951 745 Bethlehem,
1006 687 1182 735 morte
1241 678 1377 732 allici
1408 677 1563 748 jubet
1586 675 1671 734 ’⁸.
1722 674 1865 727 inter
1896 684 2068 741 quos,
2118 675 2177 723 et

608 777 868 832 Joannem
894 772 1073 827 adhuc
1106 771 1368 826 infantem
1403 770 1470 824 de
1507 767 1688 822 medio
1736 765 1925 819 tollere
1968 761 2176 816 niteba-

612 878 717 921 tur.
756 863 861 920 Sed
893 863 1167 919 Elisabeth
1197 903 1210 926 ,
1230 877 1300 917 eo
1323 862 1566 930 abrepto,
1601 858 1658 913 in
1687 855 2037 913 solitudinem
2086 867 2178 906 au-

610 959 766 1030 fugit,
789 969 844 1012 et
867 958 1120 1027 precibus
1146 954 1476 1017 fusis,mons
1496 953 1551 1006 in
1577 952 1714 1006 duas
1736 957 1917 1020 partes
1940 946 2172 1008 divisus,

606 1069 725 1107 eam
757 1066 866 1106 una
896 1067 1019 1105 cum
1051 1064 1222 1120 puero
1258 1048 1493 1117 excepit,
1527 1053 1582 1101 et
1612 1060 1706 1101 eas
1732 1042 1956 1113 angelus
1987 1038 2176 1095 defen-

608 1144 786 1201 dendo
818 1142 1153 1213 protegebat.

679 1236 842 1291 Mittit
904 1235 1085 1303 itaque
1131 1231 1199 1286 ad
1250 1228 1571 1284 Zachariam
1627 1225 1869 1281 Herodes
1905 1239 1917 1274 :
1952 1219 2176 1277 Tradito

608 1330 743 1385 mihi
776 1328 945 1382 lilium
967 1335 1142 1392 tuum,
1171 1324 1264 1379 ubi
1288 1323 1538 1377 occultus
1565 1321 1714 1381 latet,
1743 1319 1993 1373 nuntiato
2019 1314 2173 1369 mihi.

609 1419 907 1474 Zacharias
941 1421 1020 1474 sic
1061 1415 1404 1487 percontanti
1464 1411 1757 1483 respondet
1797 1426 1809 1460 :
1842 1408 1954 1478 Ego
2001 1406 2068 1459 ad
2098 1405 2177 1457 al-

608 1521 727 1568 tare
759 1513 1022 1567 continuo
1073 1508 1380 1569 assistens,
1424 1505 1556 1575 quid
1591 1512 1771 1557 actum
1828 1501 1899 1557 sit
1944 1499 2011 1554 de
2068 1498 2178 1551 lilio

612 1622 756 1670 meo,
792 1620 901 1659 non
933 1603 1080 1657 novi.
1121 1601 1218 1656 His
1249 1602 1518 1670 ingentem
1558 1598 1695 1651 iram
1724 1595 1973 1663 concepit
2014 1590 2179 1646 Hero-

612 1701 710 1754 des
730 1739 744 1762 ,
778 1713 1104 1766 rursumque
1126 1695 1194 1749 ad
1218 1710 1338 1750 cum
1367 1694 1553 1748 scribit
1581 1708 1594 1742 :
1626 1690 1832 1744 Exhibe
1847 1688 1978 1742 mihi
2009 1685 2177 1739 filium

616 1798 795 1857 tuum;
828 1804 1007 1843 nonne
1035 1794 1371 1855 compertum
1406 1783 1499 1837 tibi
1529 1789 1633 1844 est,
1658 1779 1799 1849 apud
1827 1793 1913 1832 me
1943 1776 2022 1829 tui
2052 1790 2178 1830 san-

2275 575 2471 647 φυγὴν,
2507 574 2682 628 πάντα
2704 573 2773 626 τὰ
2797 573 2853 624 ὲν
2885 573 2949 641 τῇ
2985 568 3232 640 Βηθλεὲμ
3274 565 3460 620 παιδία
3495 560 3897 633 ἀναιρεθῆναι

2274 667 2605 740 προσέταξεν
2626 685 2640 699 ·
2677 670 2734 721 ἐν
2760 662 2840 729 οἷς
2873 666 2965 718 καὶ
2988 664 3078 716 τὸν
3114 661 3367 730 Ἰωάννην
3398 659 3478 712 ἔτι
3506 659 3709 727 νήπιον
3734 653 3897 706 ὄντα.

2275 760 2481 814 ἀνελεῖν
2521 757 2949 822 ὲσπούδαζεν.Ἡ
2993 754 3049 808 δὲ
3094 751 3394 814 Ἐλισάϐετ,
3434 749 3748 822 ἁρπάσασα
3782 744 3899 798 at)-

2274 853 2386 915 τὸν,
2421 853 2502 915 εἰς
2546 851 2644 922 τὴν
2691 850 2894 921 ἔρημον
2939 846 3139 914 ἔφυγε·
3175 843 3270 897 καὶ
3302 839 3609 911 εὐξαμένης
3656 835 3888 905 αὐτῆς.

2275 941 2553 1012 διεσχίσθη
2583 941 2643 994 τὸ
2672 942 2815 1012 δρος,
2850 940 2944 993 καὶ
2979 938 3115 1009 μετά
3152 935 3248 990 τοῦ
3291 934 3502 988 παιδίου
3549 930 3731 1001 αὐτὴν
3762 927 3889 980 ἐδέ-

2280 1034 2424 1100 ξατο,
2455 1034 2549 1087 καὶ
2576 1032 2805 1102 ἄγγελος
2837 1030 2929 1085 τοῦ
2963 1030 3099 1085 Θεοῦ
3129 1028 3478 1099 διεφύλαττεν
3505 1022 3733 1089 αὐτούς.

2348 1217 2563 1289 Πέμπει
2604 1216 2733 1285 γοῦν
2785 1216 2921 1287 πρὸς
2965 1213 3236 1283 Ζαχαρίαν
3260 1214 3287 1264 ό
3321 1206 3597 1280 Ἡρώδης·
3631 1204 3739 1267 Δὸς
3772 1202 3879 1255 τὸν

2276 1309 2389 1362 υἱόν
2421 1325 2514 1361 σου
2534 1325 2548 1337 ·
2578 1306 2681 1360 ποῦ
2719 1302 2964 1377 ἔκρυψας
2995 1301 3177 1368 αὐτὸν,
3216 1299 3545 1369 ἀπάγγειλόν
3582 1296 3784 1368 μοι.Ὀ
3810 1294 3875 1346 δὲ

2278 1402 2553 1474 Ζαχαρίας
2585 1397 2985 1453 ἀντεπιστέλλει
3019 1397 3240 1467 φάσκων
3274 1392 3451 1462 αὐτῷ·
3492 1389 3631 1458 Ἐγὼ
3660 1387 3746 1458 τῷ
3780 1387 3877 1438 θυ-

2280 1492 2577 1564 σιαστηρίῳ
2611 1490 2986 1561 προσεδρεύων
3037 1488 3146 1551 ἀεὶ,
3181 1486 3234 1539 τί
3267 1484 3483 1552 ἐγένετο
3522 1484 3553 1534 ὁ
3585 1481 3702 1545 υἰός
3757 1495 3870 1550 μου

2276 1585 2376 1638 οὐκ
2409 1585 2728 1653 ἐπίσταμαι.
2760 1582 2871 1634 Kal
2900 1577 3171 1650 ὀργισθεὶς
3200 1579 3229 1629 ό
3259 1572 3505 1646 Ἡρώδης
3537 1570 3703 1624 πάλιν
3724 1568 3871 1621 ἐπέ-

2279 1676 2494 1730 στελλεν
2543 1674 2711 1745 αὐτῷ.
2756 1674 2854 1738 Δὸς
2905 1673 3028 1739 ἔξω,
3057 1667 3365 1739 λέγων,,τδν
3412 1666 3529 1719 υἰόν
3584 1681 3705 1721 σου.
3741 1662 3869 1716 Οὐκ

2277 1764 2442 1833 οἶδας,
2477 1768 2558 1820 ὅτι
2588 1768 2650 1820 τὸ
2678 1760 2815 1836 αἷμά
2844 1782 2936 1818 σου
2968 1762 3072 1817 ὑπὸ
3097 1761 3195 1834 τὴν
3225 1760 3380 1830 χεῖρά
3410 1757 3511 1828 μού
3535 1759 3718 1818 tactv;
3747 1752 3868 1805 Kal

614 1883 796 1955 guinis
837 1878 1147 1937 ell'undendi
1194 1892 1316 1932 esse
1348 1873 1708 1946 potestatem?
1755 1869 2045 1923 Zacharias
2095 1883 2182 1921 re-

2285 1863 2308 1914 ό
2337 1859 2611 1931 Ζαχαρίας
2640 1858 2742 1929 ἔφη
2766 1875 2779 1887 ·
2813 1857 3039 1928 Μάρτυς
3068 1855 3181 1924 είμί
3213 1851 3305 1906 τοῦ
3331 1850 3486 1904 Θεοῦ.
3521 1849 3594 1902 Σὺ
3630 1848 3734 1920 μὲν
3763 1846 3864 1917 ἔχε

616 1976 838 2046 scripsit
868 1994 880 2028 :
910 1973 1090 2029 Testis
1116 1985 1236 2026 sum
1262 1969 1379 2024 Dei.
1412 1967 1491 2022 Tu
1523 1980 1700 2021 meum
1736 1964 2053 2032 sanguinem
2075 2000 2089 2021 ,
2125 1966 2181 2012 at

616 2065 867 2134 spiritum
896 2079 1075 2118 meum
1110 2061 1249 2115 Deus
1276 2059 1577 2130 possideat,
1609 2059 1695 2111 fac
1729 2066 1789 2108 ut
1820 2056 1988 2109 lubet.
2016 2051 2181 2105 lllud—

613 2174 720 2231 que
776 2168 827 2211 te
876 2172 989 2210 non
1040 2154 1254 2226 fugiat,
1317 2151 1638 2220 sanguinem
1705 2147 2053 2202 innocentem
2124 2144 2179 2198 in

611 2250 900 2307 vestibulis
924 2247 1111 2318 templi
1152 2245 1368 2300 Domini
1394 2254 1445 2299 te
1475 2242 1794 2298 el‘l‘usurum.
1826 2238 2066 2294 Herodes
2094 2235 2180 2289 his

613 2345 788 2416 magis
817 2359 880 2397 ac
923 2342 1096 2412 magis
1127 2348 1482 2409 exasperatus
1502 2375 1517 2399 ,
1547 2343 1607 2389 ut
1638 2334 1780 2389 inter
1816 2332 1988 2386 altare
2020 2342 2180 2382 neca-

613 2444 768 2492 retur
797 2441 1086 2502 antequam
1118 2431 1233 2486 dies
1281 2430 1622 2483 illucesceret
1647 2465 1660 2490 ,
1694 2423 1949 2486 mandat,
1982 2436 2047 2474 ne
2081 2434 2180 2489 po-

615 2526 778 2597 pulus
858 2521 1128 2579 obstando
1214 2518 1497 2589 impediret
1581 2513 1874 2586 quominus
1956 2509 2172 2566 occide-

616 2626 788 2672 retur.

688 2705 872 2760 Primo
899 2710 1079 2758 autem
1102 2698 1342 2755 diluculo
1375 2694 1688 2752 sacerdotes
1714 2692 1771 2747 in
1800 2689 2057 2759 templum
2086 2702 2181 2741 ve-

621 2800 837 2855 nientes
865 2794 1358 2865 obstupescebant,
1389 2790 1534 2861 quod
1565 2788 1673 2842 illis
1693 2825 1709 2850 ,
1743 2791 1803 2839 ut
1833 2782 2001 2837 moris
2028 2785 2179 2843 erat,

620 2907 732 2946 non
762 2889 979 2945 obviam
1027 2885 1267 2957 prodiret
1324 2883 1533 2954 primus
1575 2876 1872 2940 sacerdos,
1939 2881 1995 2929 ct
2050 2870 2183 2926 foris

619 2983 1029 3054 exspectabant.
1075 2978 1262 3049 Itaque
1292 2976 1427 3030 hora
1477 2973 1784 3035 dilabente,
1830 2982 1972 3023 unus
2003 2981 2068 3020 ex
2095 2964 2184 3019 his

621 3076 831 3148 ingredi
867 3089 1033 3130 ausus
1058 3080 1141 3127 est
1161 3111 1176 3134 ,
1219 3070 1310 3141 qui
1335 3068 1401 3122 ad
1426 3067 1598 3121 altare
1624 3069 1937 3120 concretum
1973 3060 2185 3128 sangui-

619 3184 744 3224 nem
768 3166 1054 3237 conspicit,
1078 3163 1541 3232 auditquevocem
1564 3157 1866 3212 dicentem:
1892 3152 2184 3207 Zacharias

619 3258 840 3315 occisus
892 3264 1017 3324 est,
1072 3268 1172 3309 nec
1219 3253 1339 3322 ejus
1389 3248 1614 3320 sanguis
1665 3245 1956 3308 delebitur,
2011 3244 2185 3297 donec

621 3353 801 3407 veniat
837 3351 1015 3415 ultor;
1066 3347 1152 3402 bis
1181 3346 1408 3400 vocibus
1458 3342 1643 3396 animo
1695 3339 1938 3404 fractus,
1999 3350 2185 3406 egres-

619 3456 824 3512 susque
866 3437 1242 3494 sacerdotibus
1295 3434 1538 3497 nuntiat,
1569 3432 1661 3502 qui
1690 3430 2027 3486 introeuntes
2058 3441 2186 3480 cor-

615 3550 721 3606 pus
753 3548 864 3586 non
902 3531 1122 3595 vident,
1158 3528 1253 3584 sed
1288 3528 1465 3583 solum
1493 3524 1814 3595 sanguinem
1839 3560 1854 3587 ,
1888 3517 2188 3587 scissisque

615 3624 999 3688 vestimentis,
1046 3629 1275 3677 mortem
1331 3618 1479 3672 illius
1537 3616 1824 3687 lugebant,
1878 3610 2187 3682 populoque

616 3717 978 3777 nuntiarunt,
1010 3720 1064 3768 et
1089 3712 1262 3767 tribus
1296 3710 1520 3774 diebus,
1558 3716 1611 3761 et
1633 3706 1810 3759 tribus
1852 3702 2103 3758 noctibus
2130 3701 2187 3754 in

617 3809 769 3865 luctu
816 3807 1058 3862 fuerunt.
1118 3803 1383 3872 Deinceps
1431 3798 1742 3854 Simeonem
1773 3802 1920 3850 sorte
1964 3794 2019 3847 in
2067 3792 2188 3862 ejus

616 3901 798 3956 locum
829 3905 1158 3968 posuerunt,
1211 3896 1304 3965 qui
1336 3907 1367 3946 a
1412 3890 1618 3961 Spiritu
1656 3895 1845 3944 sancto
1879 3886 2187 3940 admonitus

620 3996 936 4060 acceperat,
985 4002 1045 4042 se
1083 4002 1189 4041 non
1242 3985 1395 4055 prius
1426 3983 1673 4039 visurum
1720 3986 1949 4034 mortem
1977 4017 1993 4044 ,
2026 3991 2189 4047 quam

621 4078 901 4135 Christum
928 4077 1145 4131 Domini
1179 4076 1374 4132 fuisset
1398 4075 1630 4129 intuitus
1652 4073 1719 4129 ".

692 4168 959 4223 Narratur
991 4178 1047 4224 et
1078 4168 1182 4221 alia
1223 4168 1465 4236 quaedam
1499 4166 1566 4221 de
1614 4164 1878 4219 Zacharia
1924 4161 2185 4217 historia:

625 4262 796 4317 fuisse
827 4261 884 4315 in
916 4260 1118 4330 templo
1150 4260 1328 4313 locum
1360 4258 1413 4312 in
1456 4273 1619 4327 quem
1654 4266 1864 4311 tantum
1886 4254 2190 4324 virginibus

624 4354 910 4427 ingressis,
965 4352 1135 4408 Deum
1180 4352 1428 4415 adorare,
1464 4366 1571 4404 non
1599 4357 1778 4404 autem
1820 4349 2006 4418 nuptis
2028 4388 2044 4412 ,
2074 4347 2192 4417 lege

625 4448 895 4505 sancitum
950 4462 1013 4500 ac
1065 4458 1389 4499 concessum
1446 4450 1582 4499 erat.
1619 4440 1787 4496 Maria
1843 4442 2008 4511 igitur
2069 4444 2192 4509 post

2285 1970 2384 2024 μου
2422 1950 2483 2005 τὸ
2514 1946 2671 2022 αἷμα,
2697 1950 2758 2003 τὸ
2785 1950 2841 2003 δὲ
2875 1947 3093 2019 πνεῦμά
3117 1964 3214 2018 μου
3241 1948 3270 1999 ό
3294 1943 3444 2008 Θεὸς.
3471 1942 3626 2007 Δέξαι
3655 1941 3715 1994 δὲ
3760 1941 3865 1994 καὶ

2281 2042 2535 2113 γίνωσκε,
2570 2042 2650 2094 ὅτι
2680 2039 2855 2093 ἀθῶον
2888 2036 3028 2109 αἷμα
3061 2037 3268 2108 ὲκχέεις
3290 2037 3369 2099 εἰς
3394 2034 3462 2088 τὰ
3493 2033 3741 2103 πρόθυρα
3760 2029 3860 2083 τοῦ

2282 2134 2409 2189 ναοῦ
2440 2134 2666 2205 Κυρίου.
2699 2132 2807 2185 Kal
2840 2133 2869 2184 ό
2905 2128 3166 2201 Ἠρῶης,
3201 2127 3293 2179 ἐπὶ
3321 2124 3526 2188 τούτοις
3557 2121 3861 2195 ὀργισθεὶς,

2286 2226 2484 2298 μεταξὺ
2515 2224 2605 2280 τοῦ
2641 2223 3025 2294 θυσιαστηρίου
3057 2218 3406 2292 ἀναιρεθῆναι
3432 2216 3594 2270 αὑτὸν
3627 2212 3736 2285 πρὸ
3759 2212 3861 2266 τοῦ

2280 2316 2571 2386 διαφαῦσαι
2605 2313 2951 2388 προσέταξεν,
2975 2311 3110 2383 πρὸς
3141 2311 3200 2364 τὸ
3230 2310 3302 2381 μὴ
3337 2308 3443 2362 ὑπὸ
3472 2305 3569 2360 τοῦ
3589 2304 3722 2359 λαοῦ
3747 2321 3861 2358 κω-

2282 2411 2506 2481 λυθῆναι
2538 2408 2701 2463 αὐτοῦ
2738 2407 2837 2478 τὴν
2872 2404 3149 2473 ἀναίρεσιν

2292 2694 2295 2695 ν
2359 2699 2596 2773 Ὀρθρου
2629 2697 2685 2751 δὲ
2708 2699 2763 2750 οἱ
2820 2698 2985 2768 ἱερεῖς
3016 2692 3444 2765 παραγενόμενοι
3477 2693 3558 2754 εἰς
3583 2689 3674 2743 τὸν
3708 2688 3856 2754 ναὸν,

2284 2793 2601 2859 ὲξενίζοντο,
2637 2789 2777 2843 κατά
2807 2789 2867 2841 τὸ
2899 2787 3088 2850 εἰωθὸς
3122 2785 3197 2857 μὴ
3228 2785 3637 2855 ὑπαντήσαντος
3676 2783 3858 2845 αὐτοῖς

2284 2883 2377 2938 τοῦ
2409 2882 2730 2954 ἀρχιερέως,
2772 2880 2867 2933 καὶ
2899 2879 3158 2949 ἐπέμενον
3202 2872 3505 2946 ἔξω.’Ὧρας
3536 2870 3628 2927 οὖν
3660 2873 3859 2944 παρελο

2286 2973 2508 3043 κούσης,
2544 2968 2623 3035 εἷς
2653 2988 2735 3033 τις
2764 2970 2821 3036 ἐξ
2852 2968 3027 3022 αὐτῶν
3073 2964 3333 3020 εἰσελθεῖν
3382 2963 3857 3034 ἁπετόλμησεν.Ὁ

2284 3065 2343 3118 δὲ
2374 3064 2568 3137 θεωρεῖ
2595 3057 2732 3133 αἷμα
2760 3059 3007 3131 πεπηγὸς
3030 3058 3180 3130 παρὰ
3224 3056 3285 3109 τὸ
3329 3054 3731 3126 θυσιαστήριον,
3764 3053 3858 3107 καὶ

2289 3157 2473 3212 ἀκούει
2523 3154 2705 3224 φωνῆς
2746 3152 3036 3222 λεγούσης·
3070 3148 3343 3222 Ζαχαρίας
3380 3146 3719 3215 πεφόνευται,
3758 3144 3859 3198 καὶ

2286 3251 2388 3303 οὐκ
2429 3247 2871 3318 ἐξαλειφθήσεται
2917 3242 2978 3296 τὸ
3021 3238 3159 3313 αἷμα
3207 3238 3383 3303 αὐτοῦ,
3423 3238 3524 3299 ἕως
3552 3236 3619 3289 ἂν
3651 3235 3787 3308 ἔλθῃ
3816 3235 3851 3289 ὁ

2288 3343 2514 3405 ἔκδικος.
2533 3340 2765 3393 Ἀκούων
2812 3337 2942 3408 γοῦν
2980 3336 3152 3389 ταῦτα
3204 3331 3421 3405 ἔμφοϐος
3464 3328 3696 3397 ἐγένετο,
3741 3326 3843 3380 καὶ

2286 3432 2516 3501 ἐξελθὼν
2540 3435 2650 3494 τοῖς
2670 3430 2908 3502 ἱερεῦσιν
2934 3426 3283 3500 ἀπήγγειλεν.
3315 3427 3372 3478 υἱ
3394 3422 3465 3487 δὲ,
3485 3418 3829 3483 εἰσελθόντες,

2286 3529 2348 3581 τὸ
2382 3528 2480 3599 μὲν
2511 3526 2669 3597 σῶμα
2702 3525 2802 3577 οὐκ
2831 3520 2989 3587 εἶδον,
3019 3524 3068 3575 εἰ
3112 3521 3186 3592 μὴ
3216 3520 3277 3573 τὸ
3305 3515 3457 3589 αἷμα,
3488 3514 3579 3568 καὶ
3599 3513 3697 3576 τὰς
3726 3527 3840 3564 στο-

2287 3620 2383 3683 λὰς
2405 3617 2611 3672 ἑαυτῶν
2625 3617 2712 3670 δια
2719 3618 2749 3688 ῤ
2756 3617 3034 3688 ῥήξαντες,
3056 3613 3337 3681 ὲκόψαντο,
3352 3610 3445 3663 καὶ
3459 3607 3535 3677 τῷ
3550 3604 3665 3674 λαῷ
3683 3604 3849 3673 ἀνήγ-

2288 3710 2491 3782 γειλαν,
2518 3711 2614 3763 xal
2643 3709 2770 3779 τρία
2793 3706 3107 3777 νυχθήμερα
3145 3706 3231 3756 ἐπ’
3264 3700 3415 3772 αὑτῷ
3452 3699 3646 3770 θρῆνον
3670 3694 3852 3764 ἐποίη-

2291 3825 2408 3859 σαν.
2442 3805 2550 3859 Kal
2586 3803 2721 3875 μετά
2752 3800 2923 3856 ταῦτα
2961 3799 3219 3869 Συμεῶνα
3265 3797 3345 3859 είς
3389 3793 3489 3865 τὴν
3516 3789 3668 3856 τάξιν
3696 3784 3853 3841 αὑτοῦ

2287 3898 2473 3970 κλήρῳ
2506 3897 2861 3966 κατέστησαν,
2892 3894 2950 3956 ὃς
2977 3892 3217 3963 ὑπῆρχεν
3249 3886 3353 3940 ὑπὸ
3383 3884 3477 3938 τοῦ
3504 3882 3657 3951 ἁγίου
3687 3878 3853 3932 Πνεύ-

2293 3969 2459 4061 ματος
2491 3986 2881 4062 χρηματισθεὶς
2914 3984 2988 4056 μὴ
3015 3984 3144 4036 ἰδεῖν.
3162 3982 3409 4043 θάνατον,
3438 3976 3546 4040 ἓως
3576 3974 3642 4028 ἂν
3668 3972 3748 4042 ἴδῃ
3768 3969 3855 4023 τὸν

2289 4082 2520 4154 Χριστὸν
2544 4081 2771 4151 Κυρίου.

2363 4174 2528 4245 ’Ἄλλη
2564 4173 2619 4226 δέ
2653 4189 2735 4235 τις
2784 4168 2993 4241 ἱστορία
3043 4166 3171 4238 περὶ
3202 4162 3295 4218 τοῦ
3328 4161 3601 4234 Ζαχαρίου
3634 4159 3855 4231 ἐμφέρε-

2289 4285 2408 4321 ται·
2457 4266 2532 4330 ὼς
2558 4266 2663 4337 ἄρα
2685 4260 2753 4335 ἦν
2780 4280 2862 4326 τις
2898 4261 3025 4333 περὶ
3053 4258 3146 4311 τὸν
3170 4256 3296 4311 ναὸν
3326 4255 3512 4317 τόπος,
3541 4252 3672 4306 ἔνθα
3701 4251 3853 4321 μόνας
3886 4299 3891 4306 ,

2289 4359 2387 4421 τὰς
2421 4356 2719 4429 παρθένους
2763 4353 2891 4423 ἐξῆν
2935 4350 3207 4411 εἰσιούσας
3253 4346 3577 4420 προσκυνεῖν
3604 4341 3682 4412 τῷ
3713 4338 3849 4409 Θεῷ·

2291 4449 2388 4513 τὰς
2420 4449 2475 4502 δὲ
2503 4446 2842 4519 γαμηθείσας
2880 4444 2953 4516 μὴ
2992 4442 3131 4496 εἶναι
3170 4441 3416 4511 νόμιμον.
3436 4437 3500 4490 Ἠ
3533 4431 3627 4489 οὖν
3655 4432 3850 4504 Μαρία,

626 4542 963 4595 Salvatorem
995 4539 1238 4610 genitum
1271 4536 1439 4599 stetit,
1477 4535 1532 4589 in
1561 4536 1680 4589 loco
1711 4534 1834 4596 hoc,
1868 4547 2029 4603 quam
2060 4547 2185 4587 cum

2292 4541 2601 4610 γεννήσασα
2647 4538 2736 4591 τὸν
2788 4536 3036 4606 Σωτῆρα,
3072 4531 3323 4595 ἐλθοῦσα,
3352 4530 3480 4600 ἔστη
3514 4529 3573 4581 ἐν
3604 4525 3682 4596 τῷ
3715 4526 3851 4594 τόπῳ

625 4633 991 4704 impedirent,
1050 4629 1145 4700 qui
1203 4643 1322 4683 eam
1380 4627 1494 4697 jam
1563 4627 1838 4697 peperisse
1889 4631 2186 4690 noverant,

626 4723 921 4779 Zacharias
970 4721 1270 4787 fatebatur,
1302 4736 1421 4776 eam
1457 4719 1675 4790 dignam
1720 4733 1875 4782 esse,
1918 4732 2037 4787 quae
2084 4732 2191 4771 una

625 4830 753 4870 cum
792 4814 1099 4885 virginibus
1129 4818 1582 4869 commoraretur.
1633 4810 1821 4879 Itaque
1856 4823 1979 4864 eum
2024 4808 2192 4863 veluti

622 4905 831 4975 jurium
859 4906 1174 4962 violatorem
1195 4946 1210 4971 ,
1252 4912 1305 4960 et
1345 4904 1400 4958 in
1430 4904 1610 4957 locum
1646 4900 1917 4971 virginum
1945 4899 2190 4970 iniquum

627 4998 772 5052 inter
821 4998 993 5052 altare
1036 4997 1399 5053 trucidavere.
1446 4994 1512 5050 Et
1555 4995 1670 5049 haec
1712 5008 1809 5064 per
1840 5000 2191 5048 transennam

628 5092 913 5161 obiterque
942 5089 1083 5145 dicta
1104 5101 1253 5146 sunt.

697 5182 870 5237 Porro
895 5179 1095 5250 Ioseph
1120 5197 1150 5234 a
1183 5180 1444 5237 fratribus
1463 5182 1519 5235 in
1546 5180 1781 5253 Egypto
1824 5178 2080 5243 traditus,
2111 5177 2195 5233 di-

627 5276 758 5331 vino
788 5273 1000 5328 afﬂatus
1019 5270 1270 5334 Numine,
1303 5270 1848 5338 Pharaonis_somniis
1870 5273 2194 5342 interpreta-

630 5365 776 5423 tione
808 5365 1093 5435 explieatis
1130 5365 1170 5429 ί,
1194 5363 1364 5419 totius
1396 5363 1613 5436 :Egypti
1652 5365 1905 5436 princeps
1946 5363 2197 5419 nomina-

631 5468 722 5515 tus
754 5466 860 5522 est,
894 5467 945 5512 et
968 5457 1111 5511 fame
1161 5463 1334 5511 totum
1370 5464 1636 5511 terrarum
1670 5458 1858 5512 orbem
1906 5454 2191 5526 allligente,

634 5548 831 5604 fratres
870 5550 925 5603 in
957 5547 1251 5620 Egypth
1299 5562 1358 5602 se
1389 5546 1696 5612 conferunt,
1743 5547 2095 5610 frumentum,
2141 5551 2197 5601 et

636 5636 735 5707 ipsi
768 5648 826 5692 ut
853 5639 982 5693 fami
1014 5638 1362 5694 mederentur
1380 5640 1614 5708 empturi
1638 5639 1791 5705 ’,εἰει
1813 5637 2074 5693 fratribus
2104 5652 2194 5693 re-

691 5815 758 5897 f“
784 5814 919 5873 Ibid.
957 5818 1043 5873 16.
1101 5820 1163 5899 *θ’
1185 5819 1315 5875 Luc.
1342 5835 1403 5886 ιι,
1436 5818 1523 5874 14.
1568 5820 1622 5895 μ’
1648 5815 1777 5874 Gen.
1805 5832 1915 5871 xu.
2051 5814 2194 5871 Ibid.

2289 4634 2482 4703 τούτῳ.
2520 4632 2850 4685 Κωλυόντων
2899 4626 2991 4683 οὖν
3032 4628 3198 4699 αὐτὴν
3225 4625 3333 4679 τῶν
3371 4624 3587 4678 εἰδότων
3609 4634 3853 4690 γεγεννη-

2291 4728 2448 4780 κυῖαν
2477 4724 2663 4794 αὐτὴν,
2682 4724 2711 4774 ὁ
2731 4722 3000 4795 Ζαχαρίας
3026 4722 3209 4790 ἔλεγεν
3232 4720 3388 4785 ἀξίαν
3419 4717 3586 4787 αὐτὴν
3613 4710 3850 4768 εἶναιτοῦ

2290 4819 2455 4873 τόπου
2477 4817 2582 4870 τῶν
2612 4816 2911 4889 παρθένων.
2931 4816 3018 4879 Ὡς
3044 4810 3135 4867 οὖν
3155 4808 3570 4884 παρανομοῦντα
3596 4806 3755 4860 αὑτὸν
3781 4805 3852 4865 εἰς

2290 4911 2383 4964 τὸν
2426 4910 2589 4963 τόπον
2619 4909 2726 4962 τῶν
2769 4906 3051 4979 παρθένων
3096 4905 3293 4976 μεταξὺ
3337 4901 3433 4956 τοῦ
3479 4899 3850 4969 θυσιαστηρίου

2293 5002 2635 5056 ἀπέκτειναν.
2671 5001 2782 5053 Kal
2812 4998 2983 5052 ταῦτα
3010 4998 3107 5069 μὲν
3139 4997 3215 5060 ὡς
3239 4998 3295 5049 ὲν
3320 4994 3536 5066 παρόδῳ
3559 4991 3769 5063 ἐλέχθη.

2375 5181 2570 5252 Ἰωσὴφ
2612 5180 2687 5243 δὲ,
2722 5177 3001 5242 ἀποδοθεὶς
3039 5179 3096 5230 ἐν
3144 5177 3404 5247 Αἰγύπτῳ
3442 5175 3547 5229 ὑπὸ
3578 5173 3685 5227 τῶν
3714 5170 3851 5227 ἀδελ-

2296 5273 2431 5344 φῶν,
2450 5273 2569 5344 θείᾳ
2592 5272 2801 5342 ἐπινοίᾳ
2825 5269 2903 5340 τῷ
2932 5268 3128 5341 Φαραὼ
3147 5268 3423 5340 διακρίνας
3438 5266 3711 5337 ὀνείρατα,
3737 5266 3853 5334 ins-

2299 5364 2412 5437 μὼν
2458 5365 2637 5435 πάσης
2687 5364 2786 5434 τῆς
2832 5361 3102 5431 Αἰγύπτου
3143 5359 3487 5415 καθίσταται.
3548 5358 3661 5412 Καὶ
3708 5352 3848 5425 λιμοῦ

2296 5459 2474 5511 πᾶσαν
2507 5454 2782 5520 πιέζοντος
2802 5454 2900 5525 τὴν
2924 5455 3046 5525 γῆν,
3075 5456 3124 5507 οἰ
3155 5452 3371 5521 ἀδελφοὶ
3402 5449 3569 5505 αὑτοῦ
3602 5447 3850 5519 κατῆλθον

2297 5552 2375 5613 εἰς
2403 5549 2694 5619 Αἴγυπτον,
2738 5551 2880 5601 σῖτον
2910 5548 3004 5600 καὶ
3042 5548 3193 5601 αὐτοὶ
3232 5546 3321 5600 διὰ
3365 5545 3455 5599 τὸν
3480 5541 3641 5614 λιμὸν
3668 5539 3854 5611 ὠνησό-

2301 5658 2478 5713 μενοι·
2529 5642 2622 5696 καὶ
2666 5638 3089 5712 ἀναγνωρισθείς
3129 5640 3309 5702 αὐτοῖς
3359 5634 3555 5708 Ἰωσὴφ
3575 5676 3593 5702 ,
3644 5630 3855 5707 metui
