4090 6288
305 383 410 438 777

1222 375 1494 433 SPURIA.
1535 405 1606 415 —
1639 369 1996 429 COMMENT.
2037 367 2104 424 IN
2138 367 2632 427 HEXAEMERON.

3427 375 3525 430 778

295 503 489 565 αὐτοὺς
526 499 641 570 ἃμα
664 497 742 569 τῷ
775 499 939 563 πατρὶ
972 496 1160 552 ’ἰακὼὸ
1183 500 1260 561 εἰς
1289 497 1384 568 τὴν
1415 495 1687 563 Αἴγυπτον
1720 512 1862 564 παγ-

1968 490 2235 562 cognitus,
2270 489 2432 546 simul
2489 504 2612 544 cum
2673 496 2845 559 patre.
2900 505 2996 546 eos
3031 499 3087 547 et
3115 492 3388 548 universis
3434 511 3531 550 eo-

295 594 446 664 γενῆ.
473 591 564 662 Τῷ
595 591 691 661 μέν
725 590 832 661 γὰρ
869 590 1076 643 Ῥουϐὶν
1105 589 1364 658 τέσσαρες
1391 589 1574 650 παῖδες
1599 587 1863 655 ἐγένοντο,

307 683 496 754 Ἑνὼχ,
523 681 708 744 Φαλές,
752 679 992 751 ’Δῤῥὼμ,
1033 677 1276 750 Χαρμεί·
1310 677 1388 747 τῷ
1425 677 1481 729 δὲ
1524 675 1747 746 Συμεὼν
1783 675 1862 742 ἐξ,

306 775 559 847 ’1ε6ουὴλ,
604 772 801 843 Ἰαὸὴν,
843 770 993 836 mea,
1039 771 1212 842 Ἀχιὴ,
1242 769 1402 840 Σαδὴ,
1431 768 1632 821 Σαούλ·
1670 768 1761 822 καὶ
1789 767 1867 839 τῷ

294 867 423 923 Λευῒ
474 867 640 937 τρεῖς,
694 860 922 926 Γεδσὼν,
994 860 1166 924 me,
1221 860 1314 912 καὶ
1366 857 1639 930 Μεναρείο
1689 857 1766 928 τῷ
1807 858 1865 911 δὲ

280 1023 284 1027 _
307 959 478 1012 Ἰούδα
502 958 681 1019 πέντε,
704 955 830 1026 Ἤρ,
855 952 1057 1017 Αύνὼν,
1077 953 1288 1015 οἵτινες,
1312 951 1490 1014 καθὼς
1520 952 1862 1023 προεγράφη,

296 1046 583 1110 ἀπέθανον,
627 1043 843 1114 Σηλὼμ,
874 1044 1065 1113 Φαρὲς,
1099 1041 1279 1113 Ζαρά⁹
1317 1041 1394 1112 τῷ
1437 1041 1494 1094 δὲ
1535 1042 1709 1113 Φαρὲς
1751 1041 1863 1108 δύο,

308 1137 560 1210 Ἀῤῥὼμ,
616 1138 710 1189 καὶ
757 1134 997 1205 Ἰεμοήλο
1045 1133 1124 1205 τῷ
1167 1134 1224 1187 δέ
1275 1133 1525 1206 Ίσσάχαρ
1581 1134 1863 1205 τέσσαρες.

300 1228 466 1290 θαλὰ,
491 1226 647 1288 Φονὰ,
691 1227 925 1294 Ἰασοὺφ,
977 1224 1216 1295 Ζαϐράν·
1247 1223 1325 1293 τῷ
1365 1223 1644 1277 Σαϐουλὼν
1694 1226 1862 1296 τρεῖς,

300 1320 518 1392 Σερδέρ,
566 1317 780 1379 ’Λλδὼν,
829 1317 994 1387 Αίήλ·
1031 1317 1078 1370 οἱ
1120 1317 1320 1379 πάντες
1358 1317 1648 1387 τριάκοντα
1695 1319 1862 1388 τρεῖς,

296 1415 360 1466 ἐκ
395 1412 495 1482 τῆς
537 1411 698 1473 Λείας
727 1410 786 1462 τὸ
814 1409 965 1478 γένος
1005 1409 1234 1478 ἔχοντες,
1275 1411 1367 1463 καὶ
1416 1409 1684 1479 Θυγατέρα
1718 1410 1862 1462 Δίνα.

305 1504 580 1572 Ἐγένοντο
599 1501 655 1554 δέ
688 1501 780 1553 καὶ
812 1499 889 1570 τῷ
917 1498 1020 1552 Γὰδ
1051 1500 1158 1551 υἱοὶ
1186 1498 1342 1560 ἑπτὰ,
1376 1496 1588 1566 Σαφὼν,
1621 1498 1862 1565 Ἀγγεις,

295 1596 525 1660 Σαῢνις,
575 1592 842 1655 Θασοὸάθ,
901 1592 1110 1663 Ἀήδις,
1164 1591 1448 1662 Ἀνοήδης,
1494 1589 1738 1663 Ἀρίλης·
1786 1589 1865 1658 τῷ

296 1691 352 1743 δὲ
393 1688 558 1760 ’Δσὴρ
589 1686 868 1757 τέσσαρες,
907 1683 1102 1754 Ἰεμνὰ,
1149 1683 1303 1748 Ἰοὺλ,
1355 1683 1554 1754 Μερία,
1591 1684 1684 1736 καὶ
1725 1681 1866 1753 Σερὰ

296 1781 572 1852 θυγάτηρο
636 1781 700 1834 ἐκ
747 1778 803 1830 δέ
843 1776 937 1830 τοῦ
984 1774 1147 1846 Βερία
1205 1775 1567 1846 ἐγεννήθησαν
1632 1773 1861 1844 Χοεὼρ,

1967 597 2087 636 rum
2118 581 2339 637 familiis
2391 581 2446 636 in
2482 580 2774 653 Egyptum
2809 590 3107 637 commutat
3157 584 3196 638 ³.
3231 583 3410 640 Rubin
3443 595 3526 640 et-

1965 673 2109 730 enim
2138 681 2370 742 quatuor
2383 672 2640 728 ﬁliierant
2662 675 2809 729 nati:
2841 673 3047 738 Enoch,
3065 673 3285 740 Phales,
3307 677 3524 744 Arrom,

1964 765 2219 830 Charini;
2251 764 2503 837 Symeoni
2534 781 2651 830 sex,
2689 764 2898 830 Jebuel.
2940 765 3132 832 Jaben,
3163 767 3300 834 Aod,
3335 769 3526 836 Achic,

1968 858 2130 924 Sade,
2168 857 2326 925 Saul;
2359 857 2487 913 Levi
2525 867 2656 921 tres,
2713 858 2947 922 Gedson.
2984 859 3158 915 Boach
3189 869 3245 915 et
3285 860 3522 928 Menari;

1964 949 2116 1005 Juda‘.
2143 951 2418 1020 quinque:
2446 951 2571 1015 Her,
2611 951 2827 1016 Annon,
2864 952 2978 1022 qui,
3011 960 3069 1005 ut
3099 955 3351 1024 superius
3385 955 3525 1008 scri-

1965 1050 2118 1111 ptum
2145 1051 2250 1105 est,
2281 1042 2636 1097 decesserunt
2661 1061 2676 1110 ;
2708 1043 2907 1112 Sebon,
2933 1043 3160 1108 Phares,
3190 1044 3358 1111 Zara;
3391 1044 3532 1100 Pha-

1965 1149 2056 1190 res
2115 1133 2246 1196 duo,
2305 1135 2516 1198 Arron,
2569 1143 2623 1190 et
2667 1136 2898 1202 Jemuel;
2956 1137 3206 1192 lssachar
3255 1151 3526 1209 quatuor,

1965 1221 2159 1288 Thala,
2221 1223 2430 1287 Phona,
2479 1223 2708 1295 Jasuph,
2777 1227 3023 1295 Zabran;
3082 1228 3324 1285 Zabulon
3391 1239 3527 1295 tres,

1969 1311 2188 1382 Serder,
2222 1315 2421 1380 Aldon,
2452 1315 2568 1378 Ael,
2595 1318 2687 1386 qui
2713 1332 2903 1374 omnes
2937 1320 3159 1389 triginta
3189 1329 3300 1376 tres
3334 1337 3398 1376 ex
3435 1321 3529 1378 Lia

1965 1406 2226 1475 originem
2262 1408 2508 1471 trahunt,
2541 1418 2594 1462 ct
2639 1409 2748 1462 ﬁlia
2782 1409 2935 1462 Dina.
2987 1410 3108 1466 Nati
3156 1421 3285 1466 sunt
3325 1422 3378 1469 et
3409 1412 3528 1470 Gad

1965 1508 2194 1568 septem,
2223 1497 2466 1566 Saphon,
2488 1501 2676 1569 Angis,
2713 1499 2934 1565 Saunis,
2969 1501 3306 1569 'l‘hasobath,
3336 1508 3523 1574 Aedis,

1963 1591 2221 1654 Anoedis,
2253 1592 2466 1658 Ariles;
2505 1592 2670 1647 Asser
2702 1601 2955 1662 quatuor,
3007 1593 3201 1661 Jenna,
3237 1597 3378 1663 Jeul,
3419 1601 3532 1656 Mc.-

1964 1683 2065 1750 ria,
2104 1693 2158 1739 et
2211 1683 2346 1755 Syra
2405 1685 2548 1752 ﬁlia;
2581 1685 2766 1748 Berize,
2809 1686 3023 1740 Chebor
3064 1695 3118 1742 et
3152 1689 3418 1746 Melchiel.
3463 1691 3529 1746 Hi

1964 1790 2152 1830 omnes
2202 1776 2472 1830 sexdecim
2509 1777 2624 1839 ﬁlii,
2689 1776 2940 1847 Zelphas,
2989 1781 3202 1835 ancillae
3247 1781 3378 1846 Lim,
3412 1799 3530 1854 quae

296 1849 666 1943 καίΜελχιήλ·
710 1863 854 1923 οὗτοι
885 1869 1083 1932 πάντες
1118 1867 1176 1934 ἐξ
1220 1867 1314 1920 και
1343 1867 1472 1920 δέκα
1513 1866 1618 1919 υιοι
1656 1866 1866 1934 Ζελφᾶς

1969 1868 2186 1922 nomine
2216 1868 2321 1922 Liaa
2339 1885 2435 1924 eos
2467 1868 2670 1924 Jacobo
2685 1880 3054 1940 generaverat.
3080 1872 3169 1928 Sic
3189 1882 3243 1928 et
3275 1877 3328 1929 in
3361 1849 3530 1948 Aigy-

293 1967 392 2037 τῆς
423 1965 704 2034 παιδίσκης
741 1962 923 2025 Λείας,
961 1962 1081 2031 ἣτις
1136 1963 1214 2025 είς
1263 1960 1432 2032 ὄνομα
1471 1959 1570 2029 τῆς
1597 1958 1758 2021 Λείας
1790 1957 1867 2028 τῷ

305 2057 497 2114 Ἰακὼϐ
547 2057 740 2119 αὐτοὺς
794 2054 1098 2124 ἐγέννησεν.
1153 2053 1476 2124 Ἐτέχθησαν
1529 2050 1587 2103 δέ
1645 2051 1738 2104 καὶ
1789 2049 1868 2119 τῷ

306 2149 502 2221 Ἰωσὴφ
555 2150 612 2202 ἐν
673 2146 928 2216 Αἰγύπτῳ
983 2145 1169 2207 παῖδες
1223 2144 1351 2207 δύο,
1419 2141 1717 2211 Μανασσῆς
1774 2139 1866 2194 καὶ

301 2242 560 2316 Ἐφραίμ,
609 2240 703 2305 οὒς
743 2241 927 2294 ἔτεκεν
974 2237 1120 2309 αὐτῷ
1157 2236 1363 2290 Ἀσινέθ
1417 2235 1661 2306 θυγάτηρ
1699 2235 1867 2287 Πετε-

295 2337 408 2407 φρῆ
436 2333 636 2388 Ἠλιοῦ.
670 2334 778 2386 Καὶ
807 2335 870 2385 ἐκ
915 2332 1012 2402 μέν
1043 2328 1137 2383 τοῦ
1167 2327 1430 2398 Μανασσῆ
1459 2325 1714 2397 ἐγεννήθη
1749 2327 1868 2379 Ma.

296 2429 416 2497 χεὶρ
445 2428 508 2479 ἐκ
539 2425 786 2495 παλακῆς
815 2424 1013 2495 Συρίας
1033 2421 1108 2493 τῷ
1131 2421 1308 2490 γένει’
1340 2422 1368 2474 6
1394 2419 1451 2472 δὲ
1479 2420 1692 2491 Μαχεὶρ
1717 2419 1867 2487 ἐγέν-

295 2537 426 2590 νησε
469 2519 559 2571 τὸν
597 2517 832 2571 Γαλαὰδ·
880 2519 944 2569 ἐκ
988 2516 1044 2568 δὲ
1077 2515 1170 2568 τοῦ
1226 2514 1460 2586 Ἐφραῖμ
1503 2513 1866 2586 ἐγεννήθησαν

300 2610 405 2661 υἱοὶ
437 2607 738 2677 Σουταλὰμ,
766 2606 890 2671 eis,
925 2606 1068 2676 Λάμ.
1104 2607 1197 2658 Ἐκ
1214 2606 1271 2658 δέ
1292 2604 1382 2658 τοῦ
1407 2604 1688 2676 Σουταλὰμ
1718 2606 1869 2672 ἐγεν⁴

295 2699 431 2772 νήθη
467 2699 631 2752 Ἐδέν.
671 2698 762 2768 Τῷ
800 2698 856 2752 δὲ
901 2698 1158 2768 Βενιαμὶν
1203 2699 1297 2752 καὶ
1345 2697 1492 2767 αὐτῷ
1539 2696 1630 2750 δύο
1681 2697 1866 2760 παῖδες

298 2793 561 2863 ἐγένοντο,
594 2790 947 2864 Βαλλαχοϐὼρ
996 2793 1090 2845 καὶ
1125 2793 1360 2862 Ἀσσαήρ
1379 2808 1392 2823 ’
1425 2793 1487 2844 ἐκ
1519 2791 1575 2844 δέ
1604 2789 1694 2844 τοῦ
1729 2789 1867 2843 Βαλ-

298 2885 545 2959 λαχοὸὼρ
565 2886 764 2958 Γηράν,
786 2885 879 2939 καὶ
903 2885 1126 2955 Νοεμὶν,
1152 2886 1244 2937 καὶ
1263 2885 1464 2954 Λάχης,
1496 2883 1588 2937 καὶ
1629 2882 1864 2954 Ἐσρὼμ,

1966 1968 2058 2030 pto
2107 1959 2342 2031 Josephu
2405 1964 2518 2016 nati
2586 1972 2715 2017 sunt
2781 1965 2875 2018 lilii
2938 1965 3068 2032 duo,
3130 1967 3410 2026 Manasses
3474 1978 3528 2026 et

1965 2051 2241 2122 Ephraim,
2279 2069 2414 2123 quos
2441 2057 2644 2126 peperit
2674 2058 2748 2112 illi
2779 2057 3028 2123 Asineth,
3087 2058 3193 2114 ﬁlia
3225 2060 3528 2133 Petcphra',

1966 2143 2058 2198 ﬁlii
2088 2144 2272 2210 Heliae,
2305 2155 2357 2202 et
2383 2164 2447 2204 ex
2474 2149 2720 2206 Manasse
2743 2160 2896 2208 ortus
2927 2161 3009 2208 est
3037 2153 3242 2209 Machir
3269 2171 3300 2211 e
3332 2158 3527 2226 pellice

1966 2233 2103 2306 Syra
2161 2253 2377 2306 genere.
2417 2239 2623 2294 Machir
2674 2243 2861 2311 genuit
2898 2242 3090 2299 Galad.
3149 2244 3228 2298 Ex
3272 2244 3528 2315 Ephraim

1963 2327 2075 2380 nati
2115 2336 2244 2383 sunt
2279 2329 2394 2398 ﬁlii,
2429 2329 2694 2397 Sutalam,
2751 2333 2879 2397 Bad,
2933 2333 3096 2402 Lam;
3158 2352 3222 2392 ex
3254 2336 3527 2405 Sntulam,

1963 2417 2150 2473 Edem.
2187 2419 2463 2490 Benjamin
2489 2423 2616 2477 item
2667 2423 2775 2480 duo
2815 2426 2934 2490 ﬁlii,
2972 2426 3329 2483 Ballachobor
3348 2438 3401 2482 et
3424 2429 3530 2484 As-

1963 2523 2070 2564 ser.
2099 2509 2174 2564 Ex
2208 2511 2583 2577 Ballachobor,
2613 2513 2830 2582 Geram,
2853 2527 2905 2572 et
2937 2516 3184 2580 Noemin.
3208 2527 3262 2574 et
3297 2518 3527 2586 Laches,

1964 2608 2018 2656 et
2043 2601 2255 2666 Esrom,
2290 2611 2345 2660 et
2373 2603 2627 2674 Memphi.
2656 2605 2885 2678 Mamphi
2908 2611 3094 2679 genuit
3121 2611 3298 2678 Arad;
3326 2612 3378 2665 hi
3409 2627 3526 2666 om-

1964 2709 2064 2750 nes
2086 2694 2290 2751 Rachel
2337 2695 2432 2750 tilii
2464 2711 2694 2751 numero
2739 2699 2926 2753 decem
2976 2709 3030 2756 et
3066 2709 3213 2757 octo.
3242 2701 3353 2756 Dad
3383 2703 3526 2760 ﬁlius

1966 2785 2066 2840 fuit
2099 2783 2832 2859 Nephthalim,Nephthalim
2865 2791 3029 2858 Asiel,
3074 2801 3128 2848 et
3180 2793 3435 2866 Goymin,
3474 2805 3529 2851 et

1966 2874 2135 2942 lsaar,
2169 2888 2223 2932 et
2253 2875 2470 2948 Sylem;
2501 2879 2555 2934 hi
2590 2881 2684 2934 lilii
2735 2880 2913 2936 Ballas
2942 2884 3152 2938 ancillae
3184 2882 3386 2940 Rachel
3426 2903 3530 2940 nu-

299 2981 392 3031 καὶ
413 2977 628 3050 Μαμφί.
670 2977 868 3048 Μαμφὶ
894 2977 951 3030 δέ
975 2977 1230 3046 ἐγέννησε
1254 2976 1343 3028 τὸν
1382 2975 1542 3045 Ἀράδ
1561 2993 1574 3005 ⁸
1598 2970 1738 3028 οὗτοι
1765 2975 1866 3027 υἱοὶ

1968 2983 2116 3024 mero
2149 2981 2373 3039 septem.
2411 2969 2514 3024 Sed
2535 2972 2722 3027 beatus
2748 2970 2934 3038 Jacob,
2958 2975 3114 3031 annis
3148 2985 3365 3031 centum
3397 2993 3533 3047 qua-

310 3071 508 3143 Ῥαχὴλ
536 3074 584 3125 οἱ
617 3073 812 3134 πάντες
841 3069 1230 3124 ὀκτωκαίδεκα.
1272 3069 1397 3132 Υἱὸς
1433 3069 1491 3122 δὲ
1534 3069 1751 3138 ἐγένετο
1789 3067 1866 3139 τῷ

1968 3059 2215 3131 draginta
2246 3069 2449 3130 septem
2493 3065 2748 3132 peractis,
2780 3081 2811 3120 e
2840 3066 2949 3120 vita
2970 3067 3532 3138 migravit.Primum-

296 3162 427 3218 Δάδο
474 3161 567 3215 τοῦ
618 3162 674 3214 δὲ
725 3161 1035 3231 Νεφθαλεὶμ
1079 3160 1294 3232 ’Λσιὴλ,
1344 3159 1438 3212 καὶ
1483 3160 1522 3210 Γ
1524 3160 1721 3230 οὓμὶν,
1774 3159 1866 3213 καὶ

1968 3165 2074 3220 que
2102 3168 2430 3222 unoquoque
2461 3153 2570 3208 ﬁlio
2603 3170 2863 3226 prospera
2894 3159 3207 3224 ominando,
3269 3162 3421 3215 varia
3448 3163 3532 3217 di-

308 3255 511 3326 Ἰσαὰρ,
531 3256 624 3307 καὶ
645 3253 828 3325 Συλήμ
845 3269 858 3284 ⁸
887 3248 1029 3306 οὗτοι
1055 3253 1158 3305 tioi
1189 3252 1396 3317 Βάλλας
1425 3251 1710 3322 παιδίσκης
1743 3251 1866 3304 Ῥα-

1969 3257 2233 3311 versaque
2282 3243 2657 3301 benedictione
2713 3245 3022 3312 benedixit,
3073 3256 3126 3302 et
3188 3251 3533 3321 primogenit't

295 3345 397 3418 χὴλ
427 3347 476 3398 oi
507 3347 701 3409 πάντες
736 3344 892 3399 ἑπτά.
927 3345 985 3397 ὐ
1031 3344 1088 3396 δέ
1131 3343 1396 3415 μακάριος
1435 3341 1626 3395 Ἰακὼϐ
1667 3341 1760 3413 ἐτη
1803 3340 1866 3394 τὰ

1968 3335 2399 3390 benedictionem
2427 3337 2687 3406 elargitus
2713 3345 2798 3392 est
2827 3336 3062 3410 Josepho
3087 3349 3140 3395 et
3169 3357 3276 3396 non
3310 3341 3488 3397 Ruhin
3512 3361 3532 3412 ;

295 3439 472 3492 πάντα
511 3436 711 3509 βιώσας
755 3437 898 3509 ρμζ,
928 3437 985 3488 ἐν
1029 3435 1287 3506 Αἰγύπτῳ
1313 3435 1549 3488 ἀπέθανε
1568 3474 1583 3498 ,
1609 3434 1866 3506 πρότερον

1968 3428 2110 3498 quod
2139 3426 2338 3496 Joseph
2369 3427 2622 3498 Egyptia
2653 3429 2928 3499 voluptate
2985 3433 3206 3488 minime
3251 3435 3528 3503 deﬁnitus,

293 3531 524 3586 ἕκαστον
551 3530 658 3584 τῶν
688 3530 819 3584 υἱῶν
851 3529 1014 3583 αὑτοῦ
1053 3528 1321 3600 διαφόροις
1349 3528 1617 3596 εὐλογίαις
1648 3527 1866 3598 εὐλογή-

1968 3520 2146 3590 iustus
2167 3521 2384 3575 habitus
2412 3532 2514 3575 est.
2542 3521 2755 3576 Rubin‘
2784 3525 2852 3577 ab
2878 3537 2940 3577 ea
2963 3533 3249 3594 superatus
3267 3530 3530 3597 peccavit,

296 3641 416 3688 σας.
449 3623 559 3676 Καὶ
586 3622 682 3694 τὴν
722 3623 818 3692 μὲν
849 3621 1093 3690 εὐλογίαν
1137 3621 1242 3674 τῶν
1284 3622 1639 3694 πρωτοτόκων
1677 3618 1866 3689 Ἰωσὴφ

1971 3611 2267 3681 prmscrtim
2290 3627 2412 3666 cum
2432 3628 2498 3666 ex
2533 3610 2737 3666 Rachel
2785 3613 3176 3684 primogenilus
3205 3626 3370 3670 esset.
3404 3616 3529 3672 Tri-

295 3714 621 3786 παρέσχετο,
644 3715 737 3767 καλ⁸
767 3714 886 3784 οὐχ)⁵
920 3713 1155 3766 Ῥουϐίψ
1183 3713 1312 3768 διότι
1353 3715 1381 3766 6
1431 3713 1527 3785 μὲν
1563 3711 1758 3782 Ἰωσὴφ
1797 3711 1866 3782 μὴ

1969 3703 2059 3757 hui
2088 3702 2240 3758 Iudae
2269 3711 2322 3758 et
2356 3719 2460 3758 non
2483 3702 2661 3758 Rubin
2691 3704 3051 3775 principatum
3095 3709 3362 3771 attribuit,
3387 3710 3532 3778 quod

293 3807 445 3872 εἴξας
475 3806 632 3876 ἡδονῇ
667 3805 764 3876 τῆς
799 3805 1098 3872 Αἰγυπτίας
1137 3803 1444 3875 ἐδικαιώθη,
1489 3806 1517 3857 6
1562 3804 1618 3856 δέ
1663 3804 1866 3855 Ῥουὸὶν

1968 3793 2119 3848 Judaa
2147 3809 2246 3864 pro
2277 3794 2505 3848 muliere
2533 3795 2793 3863 probrum
2847 3795 3116 3864 objectum
3165 3807 3281 3860 est;
3314 3799 3403 3853 hic
3435 3816 3535 3855 au-

293 3897 548 3970 ἡττηθεὶς
573 3897 842 3967 ἥμαρτεν·
884 3895 1055 3959 ἄλλως
1087 3913 1144 3949 τε
1168 3897 1250 3949 ὅτι
1300 3896 1394 3948 καὶ
1441 3898 1503 3948 ἐκ
1535 3896 1636 3965 τῆς
1671 3895 1866 3966 Ῥαχὴλ

1968 3893 2073 3940 tem
2101 3885 2282 3954 justus
2340 3885 2577 3949 habitus,
2610 3901 2733 3939 cum
2761 3886 2991 3942 candide
3042 3887 3222 3944 fassus
3276 3899 3422 3946 esset
3452 3908 3534 3962 se,

297 3991 640 4063 πρωτότοκος
667 3990 896 4060 ὑπῆρχε,
931 3990 1024 4042 καὶ
1053 3992 1118 4060 τῇ
1150 3989 1318 4042 Ἰούδα
1349 3989 1484 4061 φυλῇ
1515 3989 1866 4062 ἀπεκλήρωσε

1971 3994 2076 4031 non
2106 3979 2409 4040 mulierem,
2435 3989 2656 4046 peccato
2685 3979 3000 4034 obnoxium.
3035 3981 3174 4046 Quin
3206 3991 3260 4037 et
3283 3993 3535 4054 propter-

297 4083 397 4152 τὴν
437 4079 727 4150 βασιλείαν,
770 4081 862 4132 καὶ
907 4081 966 4132 οὐ
1017 4082 1082 4150 τῇ
1127 4078 1220 4132 τοῦ
1260 4079 1495 4132 Ῥουὸίνο
1527 4079 1658 4132 διότι
1703 4083 1730 4134 6
1773 4082 1866 4150 μὲν

1968 4084 2032 4123 ea
2065 4069 2139 4123 illi
2187 4070 2444 4140 regnandi
2491 4071 2770 4140 provincia
2841 4072 3016 4126 delata
3056 4085 3158 4139 est,
3216 4077 3343 4145 quia
3405 4078 3534 4133 reii-

309 4170 509 4234 Ἶούδας
538 4174 594 4223 ἐν
627 4171 843 4239 γυναικὶ
868 4169 1173 4240 ώνειδίσθη,
1199 4170 1226 4221 6
1253 4170 1308 4222 δὲ
1349 4169 1656 4241 ἐδικαιώθη,
1681 4171 1866 4242 ὁμολο-

1969 4160 2093 4229 quis
2117 4161 2368 4216 tribubus
2419 4162 2535 4216 sola
2565 4161 2679 4215 haec
2727 4172 3044 4219 constanter
3082 4168 3254 4237 magis
3331 4170 3534 4240 magis-

299 4263 474 4332 γήσας
528 4261 881 4332 εὐγνωμόνως
939 4262 1127 4314 ἑαυτὸν
1173 4261 1455 4330 τυγχάνειν
1505 4263 1570 4331 τῇ
1630 4262 1866 4333 ἁμαρτίᾳ

1969 4269 2074 4323 que
2099 4268 2284 4308 severe
2315 4260 2373 4307 ut
2399 4253 2509 4309 Deo
2538 4253 2765 4324 injurias
2816 4255 2993 4313 illatas
3049 4259 3419 4327 ulcisceretur,
3451 4264 3533 4317 la-

299 4351 615 4418 ὖπεύθυνον,
645 4354 738 4406 καὶ
764 4353 824 4406 οὐ
844 4353 940 4424 τὴν
964 4354 1213 4420 γυναῖκα.
1249 4351 1408 4406 Ἀλλά
1438 4353 1531 4407 καὶ⁸
1554 4353 1691 4407 κατὰ
1715 4353 1866 4407 τοῦτο

1970 4343 2233 4412 borabat;
2264 4354 2592 4416 quapropter
2651 4355 2703 4402 et
2734 4347 3010 4405 Christum
3062 4354 3364 4407 secundum
3411 4369 3534 4410 car-

301 4442 601 4513 βασιλεύειν
641 4443 861 4513 ἐτάχθη,
915 4441 1100 4513 ἐπειδὴ
1147 4443 1278 4512 μόνη
1323 4441 1430 4495 τῶν
1469 4442 1641 4496 ἄλλων
1691 4442 1866 4511 φυλῶν

1972 4450 2131 4498 nem,
2171 4450 2238 4491 ex
2291 4451 2354 4491 ea
2405 4437 2696 4492 oriundum
2749 4439 3104 4506 vaticinatur,
3155 4448 3208 4495 et
3263 4457 3358 4511 per
3409 4457 3532 4497 eum

302 4535 614 4606 ἰταμωτέρα
635 4535 768 4607 πρὸς
787 4534 942 4604 ζῆλον
971 4535 1062 4587 καὶ
1084 4533 1357 4605 ἐκδίκησιν
1387 4533 1520 4586 Θεοῦ
1551 4534 1861 4604 ἐτύγχανεν·

1970 4527 2308 4582 vocationem
2365 4528 2605 4596 gentium
2666 4527 2924 4582 futuram.
2964 4527 3093 4585 Levi
3137 4547 3409 4586 summum
3445 4548 3536 4588 sa-

297 4625 381 4681 διὸ
405 4628 498 4680 καὶ
525 4627 581 4693 ἐξ
619 4625 780 4679 αὐτοῦ
809 4625 967 4695 φῦναι
990 4626 1318 4696 προφητεύει
1346 4625 1434 4678 τὸν
1465 4625 1695 4696 Χριστὸν
1723 4624 1865 4678 κατὰ

304 4719 502 4789 σάρκα,
529 4719 622 4771 καὶ
647 4717 743 4788 τὴν
781 4717 967 4787 κλῆσιν
1001 4717 1065 4770 δι’
1097 4716 1258 4770 αὐτοῦ
1295 4716 1402 4769 τῶν
1431 4717 1615 4770 ἐθνῶν.
1648 4719 1757 4771 Καὶ
1788 4715 1866 4787 τῷ

304 4809 433 4862 Λευῖ
465 4809 521 4863 δέ
549 4809 648 4884 τὴν
674 4809 1076 4880 ἀρχιερωσύνην
1122 4809 1264 4880 μόνῳ
1303 4810 1580 4879 ἀπένειμε,
1612 4808 1799 4862 καθότι
1835 4811 1864 4865 ό

321 4900 537 4974 ’Λμρὰμ
577 4901 634 4968 ἐξ
667 4901 828 4955 αὑτοῦ
870 4906 991 4972 φὺς,
1031 4901 1093 4955 τὸ
1134 4902 1308 4971 δόγμα
1355 4901 1448 4954 τοῦ
1490 4901 1688 4973 Φαραὼ
1728 4920 1866 4973 παρ-

304 4994 618 5065 εκρούσατο,
652 4995 858 5048 καὶτὸν
903 4995 1015 5047 υἱὸν
1057 4993 1248 5047 ἐαυτοῦ
1296 4993 1387 5046 τὸν
1422 4995 1663 5064 Μωῦσῆν
1705 4992 1869 5058 ἐζωο-

303 5085 518 5155 ποίησε.
572 5086 744 5140 Μόνον
802 5085 860 5138 δὲ
912 5086 1001 5138 τὸν
1045 5085 1253 5138 Ῥουὸὶν
1311 5085 1474 5138 πολὺν
1523 5084 1597 5156 τῷ
1654 5083 1871 5156 ἀριθμῷ

304 5175 548 5246 ἐποίησε,
594 5175 680 5229 διά
721 5176 780 5228 τὸ
827 5176 900 5247 μὴ
954 5177 1253 5229 συναινέσαι
1300 5179 1391 5230 ἐπὶ
1409 5180 1474 5246 τῇ
1515 5175 1710 5248 Ἰωσὴφ
1755 5177 1873 5227 ἐπι-

303 5265 488 5338 ϐουλῇ.
522 5267 947 5340 Τελευτήσαντος
987 5267 1116 5336 γοῦν
1147 5266 1239 5321 τοῦ
1279 5267 1470 5321 Ἰακὼὸ
1500 5269 1556 5320 ἐν
1594 5267 1869 5337 Αἰγύπτῳ,

302 5359 385 5422 είς
425 5359 520 5431 τὴν
564 5361 873 5413 Χαναναίαν
912 5361 1013 5430 γῆν
1054 5360 1364 5432 κηδεύουσιν
1409 5361 1867 5432 ἀποκομίσαντες·

301 5449 505 5518 ὁμοίως
538 5451 594 5504 δὲ
638 5451 731 5505 καὶ
775 5452 900 5514 τοὺς
933 5453 1079 5513 υἱοὺς
1123 5451 1282 5504 αὑτοῦ
1314 5452 1537 5515 πάντας.
1583 5452 1705 5505 Ἐπὶ
1733 5451 1872 5504 τέλει

299 5539 359 5593 δὲ
412 5543 504 5594 καὶ
533 5543 624 5594 τὸν
669 5543 884 5613 Ἰωσὴφ,
930 5542 1029 5612 τῆς
1075 5542 1344 5611 Αἰγύπτου
1397 5544 1871 5614 ἀποχωρήσαντες,

306 5634 618 5706 κηδεύουσιν
647 5633 771 5687 ἔνθα
811 5636 839 5687 6
875 5633 1170 5708 προπάτωρ
1202 5634 1376 5687 αὐτῶν
1405 5634 1650 5705 Ἀϐραάμ
1679 5651 1877 5706 προκε-

1970 4618 2269 4673 cerdotium
2303 4619 2470 4682 dedit,
2491 4621 2633 4690 quod
2666 4621 2885 4674 Amram
2913 4638 2976 4676 ex
3002 4638 3068 4677 eo
3089 4631 3262 4686 ortus,
3297 4623 3538 4680 Pharao-

1971 4711 2059 4764 nis
2113 4711 2307 4783 dogma
2353 4711 2649 4768 rel‘ellendo
2705 4715 2994 4784 coarguit,
3047 4715 3322 4785 ﬁliumque
3374 4734 3536 4774 suum

1972 4801 2211 4874 Moysem
2243 4804 2366 4859 vita:
2389 4805 2644 4860 servavit.
2675 4803 2911 4859 Tantum
2967 4806 3148 4863 Rubin
3198 4810 3536 4880 lrequentem

1974 4896 2302 4967 uberemque
2345 4913 2572 4953 numero
2603 4897 2919 4963 declaravit,
2953 4901 3098 4970 quod
3150 4902 3215 4955 ad
3242 4901 3538 4974 Josephum

1974 4986 2308 5059 perdendum
2333 5005 2441 5044 non
2471 4991 2770 5045 consensit.
2827 4990 3011 5061 Itaque
3052 5005 3268 5051 mortuo
3294 4995 3462 5052 Iacob
3483 4997 3537 5051 in

1976 5079 2234 5151 Egypto,
2289 5081 2342 5134 in
2382 5083 2814 5138 Cha'nanaaorum
2864 5085 3137 5154 regionem
3169 5090 3419 5143 translati
3453 5087 3540 5142 fu-

1977 5174 2126 5228 ncris
2141 5174 2428 5244 exsequias
2454 5176 2726 5244 prosecuti
2744 5186 2870 5229 sunt
2897 5178 2938 5244 ³,
2957 5178 3206 5233 similiter
3224 5187 3278 5233 et
3307 5181 3537 5232 ﬁliorum

1977 5263 2097 5334 ejus
2128 5267 2391 5322 omnium.
2439 5265 2678 5321 Tandem
2707 5276 2761 5322 et
2787 5267 2985 5339 Joseph
3015 5286 3076 5325 ex
3112 5270 3352 5341 .IEgypw
3390 5284 3543 5324 sece-

1978 5356 2197 5423 dentes,
2261 5359 2527 5428 sepeliunt
2583 5360 2638 5424 ‘,
2699 5361 2789 5415 ubi
2821 5377 3011 5417 eorum
3067 5363 3283 5432 generis
3341 5368 3539 5416 auctor

1979 5451 2251 5506 Abraham
2277 5452 2428 5521 prius
2457 5454 2712 5510 humatus
2740 5455 2914 5510 fuerat
2937 5473 2950 5522 ;
2977 5469 3042 5510 eo
3075 5455 3128 5507 in
3152 5455 3271 5508 loco
3302 5454 3540 5509 terebino

1983 5543 2109 5599 thus
2139 5544 2309 5598 inerat
2339 5545 2440 5598 sub
2461 5561 2566 5614 qua
2596 5545 2764 5601 Jacob
2791 5545 2974 5600 Laban
2999 5547 3141 5600 idola
3169 5545 3460 5600 abscondit
3495 5546 3538 5612 ⁷,

1981 5649 2143 5705 quam
2175 5634 2240 5687 ad
2275 5635 2386 5690 haec
2416 5644 2658 5708 tempora
2688 5639 2744 5691 in
2775 5639 3036 5708 majorem
3065 5637 3350 5704 honorem,
3378 5639 3545 5697 vicini

410 5791 430 5822 ³
452 5790 581 5846 Gen.
610 5805 754 5845 XLVI.
832 5792 853 5822 ⁸
879 5789 1008 5849 Gen.
1026 5805 1148 5845 ιιι]
1171 5792 1386 5853 passim.
1460 5792 1480 5825 ⁸
1505 5791 1630 5847 Cen.
1655 5807 1706 5846 ι..
1783 5793 1804 5823 ⁶
1828 5789 2000 5848 Exod.
2024 5807 2119 5847 xm
2140 5807 2153 5858 ;
2175 5789 2290 5847 Jos.
2333 5805 2486 5850 xxiv.
2568 5793 2588 5826 '
2615 5791 2742 5847 Gen.
2767 5794 2947 5865 xxxv;

618 5885 891 5951 ΡΑτιιοι.
925 5885 1042 5947 Gn.
1085 5887 1308 5947 XVI”.

3266 5891 3346 5953 25
