4090 6288
591 280 694 346 779

1452 288 1509 345 S.
1552 284 1989 344 EUSTATHIUS
2025 285 2512 345 ANTIOCHENUS
2548 287 2945 347 EPISCOPUS.

3713 286 3827 341 780

582 406 707 477 ejus
733 405 923 462 incola:
952 417 1160 459 summa
1193 402 1454 475 religione
1474 409 1838 470 venerantur;
1858 416 1952 456 ara
1982 402 2134 473 quip-

2243 406 2498 477 κήδευτο·
2550 406 2608 459 ἐν
2649 398 2693 472 ᾧ
2724 403 2873 475 τόπῳ
2909 402 3120 474 ὑπῆρχε
3162 401 3256 456 καὶ
3283 403 3317 472 ή
3361 399 3691 474 τερέϐινθος,
3722 401 3834 469 ὑφτ

585 514 652 568 pe
667 499 829 554 etiam
867 510 1012 550 nunc
1031 510 1096 549 ex
1120 494 1241 565 ejus
1289 496 1473 566 stipite
1524 502 1840 550 constructa
1872 495 2138 559 cernitur,

584 605 751 661 super
802 602 965 659 quam
1008 587 1327 642 holocausta
1370 587 1826 655 becatombasque
1870 584 2137 652 oﬂ‘erunt;

583 682 913 749 traduntque
958 694 1078 735 eam
1109 679 1364 733 baculum
1408 678 1579 735 fuisse
1608 679 1773 734 unius
1826 678 2139 749 angeli,qui

582 773 653 828 ab
678 771 951 827 Abraham
1010 770 1248 840 hospitio
1294 771 1503 841 excepti
1563 771 1802 834 fuerunt,
1858 786 2017 841 quem
2048 771 2141 825 illo

580 864 701 918 loco
750 863 1065 934 praeteriens
1121 860 1418 931 plantavit;
1467 875 1529 914 ex
1563 860 1666 915 hac
1693 860 1876 914 multae
1905 859 2141 914 admira-

578 956 745 1011 tionis
793 954 1132 1010 terebinthus
1160 961 1364 1016 manat,
1406 953 1530 1022 igne
1560 951 1707 1006 enim
1757 950 1998 1015 admoto,
2025 956 2141 1005 tota

581 1047 635 1101 in
684 1048 861 1117 ignem
912 1044 1253 1113 accenditur,
1305 1044 1669 1112 omnibusque
1731 1058 1800 1097 ex
1841 1042 2054 1096 ﬂamma
2083 1042 2138 1096 i-n

578 1139 853 1208 pulverem
883 1136 1106 1192 dissolvi
1132 1134 1364 1201 videtur;
1397 1149 1583 1189 verum
1610 1133 1698 1187 ubi
1724 1134 1993 1188 exstincta
2025 1132 2140 1187 fue-

579 1232 670 1295 rit,
702 1228 991 1284 incolumis
1011 1233 1144 1290 tota,
1171 1226 1533 1296 omnibusque
1583 1224 1700 1281 suis
1730 1224 1977 1296 partibus
2008 1240 2142 1280 con-

579 1329 733 1378 stans
756 1309 1198 1391 deprehenditur.

645 1497 778 1556 Post
808 1498 1014 1555 obitum
1041 1494 1265 1566 Ioseph,
1317 1492 1558 1566 Egyptii
1601 1492 1990 1550 beneﬁciorum
2039 1493 2142 1547 im-

580 1605 869 1653 memores,
897 1597 951 1645 et
978 1588 1180 1644 invidia
1208 1588 1656 1656 aemulationeque
1705 1585 1943 1649 accensi,
1976 1585 2141 1641 variis

581 1682 949 1738 calamitatum
980 1680 1268 1750 generibus
1322 1676 1594 1732 lsraelitas
1637 1675 1941 1746 aiﬂigehant
1969 1676 2011 1731 ⁸.
2045 1675 2140 1731 Et-

2239 490 2272 570 ᾖ
2320 496 2552 568 ἔκρυψεν
2596 493 2787 550 Ἰακὼὸ
2828 495 2926 566 τῆς
2968 493 3151 548 Λάόαν
3196 493 3266 547 τὰ
3320 493 3533 556 εῖδωλα,
3563 493 3700 563 -ἥτις
3733 493 3818 546 ἔτι

2237 590 2332 642 καὶ
2363 588 2457 642 νῦν
2480 591 2559 652 εἰς
2594 588 2755 660 τιμὴν
2796 587 2903 640 τῶν
2943 586 3218 658 προγόνων
3249 586 3353 639 ὑπὸ
3384 585 3493 656 τῶν
3525 585 3815 655 πλησιοχό-

2240 699 2348 753 ρων
2376 680 2766 751 θρησκεύεταιο
2796 679 2907 733 ἐστι
2945 678 3053 751 γὰρ
3077 678 3203 748 ἄχρι
3232 677 3325 730 τοῦ
3354 676 3514 748 δεῦρο
3545 676 3694 747 παρὰ
3722 676 3814 731 τὸν

2238 772 2477 844 πρέμνον
2518 772 2688 843 αὐτῆς
2716 770 2914 843 βωμὸς,
2953 770 3036 838 ἐφ’
3064 769 3124 823 ὃν
3162 769 3231 822 τά
3264 784 3324 821 τε
3361 767 3809 838 ὁλοκαυτώματα,

2237 866 2331 918 καὶ
2370 865 2469 929 τὰς
2498 863 2805 934 ἑκατόμϐας
2832 862 3091 933 ἀνέφερον
3109 876 3124 890 ·
3168 854 3303 914 εἶναί
3346 877 3405 913 τε
3450 861 3584 928 φασὶ
3616 859 3813 931 ῥάϐδον

2237 955 2403 1028 αὐτὴν
2428 956 2546 1019 ἐνὸς
2571 954 2678 1009 τῶν
2710 953 3134 1021 ἐπιξενωθέντων
3165 951 3410 1021 ἀγγέλων
3427 951 3505 1023 τῷ
3534 951 3808 1023 Ἀϐραὰμ.

2237 1050 2411 1120 ἥνπερ
2436 1047 2513 1118 τῷ
2541 1047 2690 1117 τόπῳ
2714 1047 2833 1101 τότε
2858 1044 3043 1114 παρὼν
3062 1042 3405 1113 ἐνεφύτευσε,
3433 1044 3525 1098 καὶ
3559 1043 3617 1110 ἐξ
3639 1043 3813 1114 αὐτῆς

2238 1141 2615 1212 ήεάξιάγαστος
2651 1137 2847 1209 ἐνεφύη
2888 1136 2954 1209 [Ῑ.
2978 1136 3093 1208 ἀν-]
3115 1135 3443 1207 τερέϐινθος.
3466 1131 3811 1202 Ὗπαφθεῖσα

2237 1232 2344 1303 γὰρ
2388 1231 2483 1301 ὅλη
2509 1230 2618 1302 πῦρ
2656 1230 2882 1298 γίνεται,
2917 1229 3010 1282 καὶ
3057 1226 3334 1299 νομίζεται
3379 1229 3494 1289 τοῖς
3534 1228 3696 1279 πᾶσιν
3729 1228 3809 1289 εἰς

2239 1323 2384 1378 κόνιν
2422 1324 2486 1377 ἐκ
2537 1322 2635 1393 τῆς
2671 1321 2865 1392 φλογὸς
2913 1318 3274 1382 ἀναλύεσθαι,
3315 1318 3492 1372 καίτοι
3527 1318 3815 1372 σϐεσθεῖσα

2242 1413 2419 1486 μέντοι
2450 1413 2641 1485 ἀσινὴς
2667 1412 2785 1484 ὅλη,
2818 1413 2911 1466 καὶ¹
2932 1411 3184 1484 ἀκέραιος
3212 1410 3504 1464 δείκνυται.

2308 1504 2463 1560 Μετὰ
2512 1505 2569 1558 δέ
2597 1481 2710 1576 ⁷τὴν
2749 1481 3005 1575 τελευτὴν
3037 1481 3143 1557 -τοῦ
3188 1502 3406 1574 Ἰωσὴφ,
3426 1502 3527 1572 τῆς
3567 1481 3811 1563 εύπᾶίᾶς

2239 1596 2747 1669 ἀμνημονεύσαντες
2785 1596 2834 1650 οἰ
2862 1595 3169 1663 Αἰγύπτιαι,
3202 1592 3474 1656 ποικίλαις
3506 1594 3812 1664 συμφοραις

2237 1690 2300 1743 τὸ
2329 1690 2483 1759 γένος
2518 1689 2619 1741 τῶν
2659 1687 3000 1760 Ἰσραηλιτῶν
3029 1669 3317 1749 ὑπέόαλον,
3342 1685 3520 1755 φθόνῳ
3546 1685 3642 1739 καὶ
3666 1683 3813 1755 ζήλῳ

581 1776 724 1829 enim
758 1773 1011 1830 Israelita:
1039 1770 1106 1824 ad
1135 1771 1347 1826 labores
1397 1766 1775 1838 suscipiendos
1815 1767 2010 1838 integri
2050 1782 2134 1821 ro-

2239 1780 2375 1853 πρὸς
2423 1780 2617 1843 αὐτοὺς
2661 1779 3006 1850 διακείμενοι.
3058 1780 3121 1833 Οἱ
3164 1778 3276 1850 γὰρ
3310 1775 3631 1848 Ἰσραηλῖται
3676 1774 3812 1846 πρὸς

584 1866 838 1935 hostique
879 1861 1205 1926 virtutibus,
1264 1868 1319 1917 et
1343 1860 1547 1914 divitiis
1599 1857 1882 1928 Egyptios
1913 1873 2141 1928 supera-

580 1966 728 2025 runt,
754 1960 878 2012 vino
901 1957 1127 2011 obrutos
1153 1962 1208 2007 et
1229 1954 1361 2016 otio,
1393 1959 1446 2008 et
1474 1952 1686 2023 ignavia
1725 1950 1983 2005 continua
2012 1950 2133 2006 eﬂ‘e-

579 2053 833 2108 minatus.
860 2048 1056 2103 Verum
1079 2061 1222 2102 unus
1237 2063 1304 2101 ex
1321 2045 1491 2101 sacris
1515 2043 1892 2115 Egyptiorum
1916 2045 2137 2109 scribis,

576 2142 846 2200 Pharaoni
870 2139 1153 2210 quemdam
1184 2137 1324 2207 apud
1356 2135 1629 2192 lsraelitas
1673 2136 1913 2189 futurum
1946 2135 2142 2205 praedi-

577 2238 673 2301 cit,
705 2236 799 2306 qui
837 2237 1094 2289 universa
1146 2229 1382 2301 Egypto
1431 2228 1627 2282 mirum
1685 2229 1741 2283 in
1785 2227 2004 2283 modum
2043 2228 2139 2283 de-

576 2343 797 2400 pressa,
862 2324 1070 2379 nationi
1131 2324 1363 2394 propriae
1440 2318 1692 2375 maximis
1756 2318 2137 2390 progressibus

578 2415 880 2489 potentiam
939 2413 1121 2477 addet,
1168 2411 1341 2481 gloria
1393 2409 1520 2475 sibi,
1549 2424 1714 2481 quam
1744 2410 1891 2463 nulla
1938 2409 2137 2464 delebit

575 2507 802 2571 oblivio,
857 2512 1192 2575 comparata.
1238 2501 1579 2571 Quapropter
1629 2497 1842 2553 Pharao
1880 2497 2137 2555 Hebrmos

579 2599 755 2655 modis
780 2597 1034 2653 omnibus
1092 2594 1320 2665 perdere
1361 2601 1639 2663 appetens,
1689 2590 1978 2662 animoque
2013 2606 2136 2647 ver-

577 2705 707 2745 sans
746 2688 1046 2742 laboriosas
1079 2699 1274 2754 operas
1320 2682 1553 2754 delegat,
1586 2689 1646 2737 ut
1678 2698 1866 2737 omnes
1915 2681 2136 2754 Egypti

575 2784 826 2841 civitates
882 2780 1154 2834 moenibus
1210 2776 1399 2845 ejectis
1447 2776 1747 2846 cingerent,
1790 2781 1853 2828 ut
1894 2772 2135 2829 ﬂuminis

578 2877 840 2945 impetum
872 2873 1040 2927 variis
1078 2869 1246 2924 alveis
1307 2866 1521 2922 eﬂ‘ossis
1558 2873 1825 2930 arcerent,
1883 2880 2136 2936 aggeres—

573 2982 682 3037 que
703 2970 1065 3027 exstruerem,
1108 2971 1168 3016 ut
1191 2959 1458 3029 ejusdem,
1507 2957 1601 3012 ubi
1643 2956 1858 3028 evagari
1894 2957 2135 3025 incmpe-

575 3059 672 3122 rit,
731 3058 911 3111 aditus
968 3051 1423 3120 incommodaque
1472 3048 1852 3119 prohiberent;
1896 3047 1965 3101 ad
2018 3047 2133 3101 haec

572 3150 641 3207 ad
675 3149 983 3221 pyramidas
1014 3144 1322 3216 erigendas,
1368 3156 1694 3212 puerosque,
1725 3141 1817 3211 qui
1867 3140 2010 3211 apud
2038 3155 2133 3196 eos
2159 3124 2202 3181 (ἶ

571 3247 945 3302 nascerentur,
1003 3238 1057 3292 in
1085 3236 1286 3292 ﬂumen
1315 3231 1732 3307 praecipitandos
1777 3232 2000 3286 decreto
2046 3230 2133 3284 in—

570 3333 835 3404 terposito
855 3346 973 3385 com
983 3329 1195 3400 pulerit,
1214 3327 1537 3386 existimans
1551 3338 1676 3380 eum
1689 3339 1852 3397 quem
1877 3332 2026 3379 vates
2063 3321 2132 3377 ad

574 3422 863 3494 Egyptum
895 3420 1218 3476 abolendam
1256 3418 1497 3472 futurum
1543 3415 1776 3479 dixerat,
1805 3413 1969 3470 simul
2007 3429 2132 3469 cum

569 3511 695 3566 aliis
726 3512 780 3565 in
811 3509 1030 3565 ﬂumine
1050 3507 1422 3579 mergendum.

641 3603 771 3658 Erat
793 3603 974 3672 itaque
1016 3602 1233 3673 quidam
1267 3616 1333 3657 ex
1377 3600 1523 3655 tribu
1580 3596 1729 3663 Levi,
1758 3596 1977 3652 nomine
2002 3595 2134 3649 Am-

567 3712 685 3753 ram
713 3700 756 3761 9,
787 3697 879 3767 qui
907 3693 1206 3751 Jochabeth
1238 3694 1422 3757 ducta,
1447 3709 1514 3749 ex
1536 3709 1598 3748 ea
1618 3693 1859 3747 divinum
1892 3689 2131 3759 Moysem

567 3796 901 3859 susceperat,
932 3797 985 3843 et
1006 3787 1073 3842 ad
1098 3797 1314 3858 tempus
1344 3801 1466 3842 eum
1496 3785 1798 3842 studiosius
1827 3782 2132 3839 absconde-

564 3884 679 3939 bat.
709 3880 812 3936 Sed
876 3881 970 3935 ubi
1018 3881 1221 3950 regiam
1276 3879 1445 3949 legem
1470 3878 1634 3932 nimis
1664 3875 1855 3932 acerbe
1888 3874 2132 3944 dureque

569 3972 781 4042 impleri
808 3972 960 4036 vidit,
991 3979 1136 4025 metu
1166 3986 1234 4025 ne
1263 3968 1776 4040 deprehenderetur,
1809 3967 1946 4022 cista
2000 3980 2134 4035 pue~

569 4063 750 4115 rulum
781 4059 1251 4115 accommodatum
1285 4059 1351 4113 ad
1385 4058 1533 4128 ripas
1570 4057 1811 4113 ﬂuminis
1849 4056 2126 4127 exposuit,

570 4161 625 4208 et
652 4152 758 4206 ﬁlia
780 4151 1078 4208 Pharaonis
1102 4152 1312 4207 lavandi
1338 4168 1397 4208 se
1420 4167 1585 4207 causa
1618 4153 1863 4217 veniens,
1898 4163 2132 4218 conspe-

569 4253 712 4301 ctam
742 4246 934 4299 cistam
957 4244 1153 4314 aperit,
1199 4245 1460 4315 puerique
1478 4244 1881 4315 pulchritudine
1895 4243 2133 4298 delecta-

554 4348 644 4405 .ta,
674 4353 798 4393 cum
822 4346 1032 4393 careret
1065 4336 1209 4400 (iliis,
1260 4351 1384 4390 eum
1424 4336 1528 4391 sib’i
1582 4335 1878 4404 adoptavit,
1912 4343 1966 4388 et
2008 4333 2130 4403 plu-

2241 1872 2431 1936 πόνους
2463 1871 2613 1935 ὅντες
2642 1871 2916 1943 καρτεροὶ,
2940 1871 3106 1942 ἀρετῇ
3138 1871 3232 1923 καὶ
3258 1869 3468 1939 πλούτῳ
3496 1869 3620 1930 τοὺς
3645 1868 3809 1935 Αἰγυ-

2240 1963 2429 2026 πτίους
2474 1963 2760 2035 διήνεγκαν
2779 2001 2795 2028 ,
2822 1962 3043 2015 ἐκείνων
3074 1962 3153 2025 εἰς
3179 1959 3347 2031 μέθην
3386 1958 3814 2030 κεχαυνωμένων

2237 2053 2582 2124 καὶ.άργίαν,
2617 2054 2712 2106 καὶ
2744 2052 2984 2124 ῥᾳθυμίᾳ
3026 2051 3412 2122 πεπεδημένων
3456 2048 3563 2103 ἀεί.
3612 2046 3708 2112 Εἷς
3747 2047 3807 2101 δέ

2236 2161 2319 2208 τις
2353 2143 2457 2197 τῶν
2486 2145 2616 2216 παρ’
2642 2144 2955 2212 Αἰγυπτίοις
2988 2143 3471 2215 ἱερογραμματέων
3499 2138 3807 2212 προσημαί-

2236 2253 2316 2291 νει
2354 2235 2430 2307 τῷ
2470 2234 2669 2308 Φαραὼ
2706 2235 3064 2308 τεγθήσεσθαι
3111 2234 3262 2306 παρά
3301 2237 3411 2298 τοῖς
3456 2231 3808 2304 Ἰσραηλίταις

2234 2327 2375 2392 τινὰ,
2404 2327 2463 2391 ὃς
2494 2329 2673 2380 πᾶσαν
2695 2327 2792 2398 μὲν
2816 2327 3137 2381 ταπεινώσει
3172 2327 3268 2399 τὴν
3309 2327 3605 2395 Αἴγυπτον,
3640 2323 3805 2395 αὐξή-

2238 2437 2319 2473 σει
2343 2419 2398 2472 δὲ
2424 2420 2514 2472 ἐπὶ
2545 2419 2686 2491 μέγα
2719 2419 3002 2490 προκοπῆς
3042 2419 3104 2473 τὸ
3140 2420 3335 2472 οἰκεῖον
3374 2416 3544 2480 ἔθνος,
3584 2419 3802 2487 ἀειμνη-

2238 2511 2494 2583 μόνευτον
2520 2511 2675 2576 δόξαν
2704 2510 3064 2581 κτησάμενος.
3101 2510 3212 2563 Καὶ
3239 2508 3329 2563 διὰ
3354 2507 3515 2562 τοῦτο
3542 2507 3801 2573 παντοίως

2233 2604 2358 2667 τοὺς
2399 2602 2680 2675 Ἐϐραίους
2724 2605 2754 2677 ό
2796 2602 2992 2677 Φαραὼ
3029 2601 3289 2656 ἀπολέσαι
3343 2602 3622 2655 διενοεῖτοο
3674 2601 3807 2673 ἔργα

2238 2694 2334 2766 μέν
2379 2674 2560 2758 αὐτοῖς
2594 2674 2945 2766 προστάττων
2989 2693 3401 2765 ἐπιμοχθεύειν,
3447 2693 3699 2765 τειχίζειν
3749 2693 3807 2745 δὲ

2233 2784 2411 2848 πάσεις
2437 2784 2538 2854 τῆς
2571 2784 2842 2853 Αἰγύπτου
2868 2784 2965 2848 τὰς
2987 2784 3185 2849 πόλεις,
3220 2785 3313 2838 καὶ
3337 2784 3427 2838 τὸν
3459 2784 3697 2856 ποταμὸν
3729 2784 3807 2847 εἰς

2235 2876 2435 2941 πολλὰς
2473 2878 2776 2949 διατέμνειν
2803 2878 3105 2951 διωρυγάςο
3152 2879 3247 2932 καὶ
3293 2878 3523 2951 χώματα
3552 2879 3801 2951 ἐγείρειν,

2234 2963 2488 3036 κελεύων,
2528 2970 2675 3033 ὅπως
2730 2970 2870 3024 κατὰ
2911 2971 3074 3042 μηδὲν
3120 2969 3218 3041 τὴν
3261 2970 3413 3026 πόλιν
3456 2970 3805 3042 ἐπιλιμνίζων

2232 3059 2589 3131 λυμαίνηται·
2618 3061 2753 3133 πρὸς
2785 3061 2841 3114 δὲ
2875 3060 3083 3125 τούτοις
3114 3062 3206 3115 καὶ
3231 3062 3534 3133 πυραμίδας
3551 3063 3806 3132 ἐγείρειν,

2234 3152 2329 3206 καὶ
2356 3152 2424 3206 τὰ
2459 3152 2588 3224 παρ’
2619 3153 2801 3217 αὐτοῖς
2826 3152 3119 3224 τικτόμενα
3147 3152 3312 3225 βρέφη
3342 3152 3805 3224 κατακρημνίζειν

2233 3245 2326 3298 ἐπὶ
2348 3244 2440 3298 τοῦ
2475 3244 2713 3316 ποταμοῦ
2745 3246 3078 3317 ἀπεφήνατο,
3104 3247 3333 3318 οἰόμενος
3359 3245 3447 3296 καὶ
3481 3243 3573 3297 τὸν
3606 3241 3800 3298 θεσπι-

2234 3334 2430 3390 σθέντα
2462 3335 2758 3390 καταλῦσαι
2791 3335 2888 3407 τὴν
2928 3334 3198 3404 Αἴγυπτον
3223 3334 3519 3408 ἀραιρήσειν
3547 3331 3612 3405 [Ῑ.
3649 3333 3789 3389 καθ-

2232 3427 2505 3501 αιρήσειν]
2538 3429 2630 3482 ἐπὶ
2667 3427 2759 3483 τοῦ
2797 3428 3068 3500 ποταμοῦ.

2314 3605 2582 3678 ’Υπῆρχεν
2624 3600 2717 3660 οῦν
2753 3623 2837 3669 τις
2865 3605 2930 3660 ἐκ
2960 3605 3059 3676 τῆς
3085 3604 3255 3674 φυλῆς
3285 3601 3378 3656 τοῦ
3417 3598 3546 3655 Λευῖ
3581 3598 3804 3670 Ἀμρὰμ

2231 3696 2474 3767 ὀνόματι,
2520 3696 2580 3761 ὃς
2620 3699 2846 3766 γυναῖκα
2893 3696 2992 3768 τὴν
3026 3693 3278 3766 Ἰωχαϐἐθ
3325 3692 3702 3764 κτησάμενος,
3746 3686 3808 3756 ἐξ

2230 3787 2401 3858 αὐτῆς
2418 3787 2509 3840 τὸν
2531 3786 2812 3841 θεσπέσιον
2841 3786 3079 3857 Μωῦσῆν
3112 3785 3393 3854 ἐγέννησε,
3413 3783 3508 3836 καὶ
3540 3781 3806 3853 ἔκρυπτεν

2229 3879 2389 3932 αὐτὸν
2443 3880 2538 3932 ἐπὶ
2588 3879 2777 3952 χρόνον
2823 3877 2965 3933 τινά.
3014 3878 3100 3941 Ὡς
3143 3876 3198 3929 δὲ
3231 3873 3338 3929 εἶδε
3376 3875 3471 3928 τὸν
3510 3874 3673 3944 νόμον
3711 3868 3804 3927 τοῦ

2212 3954 2491 4040 ’βασιλέως
2536 3970 2935 4042 ἐπικρατοῦντα
2977 3968 3327 4041 σφοδρότερον
3348 4007 3363 4032 ,
3416 3964 3673 4029 δεδοικὼς
3732 3963 3803 4036 μὴ

2230 4063 2551 4134 κατάφωρος
2579 4064 2823 4134 γένηται,
2860 4065 2939 4126 εἰς
2971 4062 3143 4135 θήκην
3182 4058 3435 4131 ἐμϐαλὼν
3473 4058 3535 4112 τὸ
3578 4057 3805 4124 παιδίον,

2231 4154 2381 4226 παρά
2411 4155 2509 4220 τὰς
2530 4154 2694 4225 ὄχθας
2715 4153 2811 4207 τοῦ
2845 4153 3088 4225 ποταμοῦ
3120 4148 3406 4206 ἐκτίθεται.
3440 4151 3550 4204 Καὶ
3581 4151 3614 4220 ή
3645 4147 3808 4216 θυγά-

2227 4263 2332 4317 τηρ
2364 4245 2458 4300 τοῦ
2484 4245 2703 4319 Φαραὼ,
2755 4244 2979 4318 λουτροῦ
3031 4244 3189 4317 χάριν
3242 4241 3573 4313 ἀφικομένη,
3600 4239 3805 4311 θεωρή-

2230 4355 2369 4391 σασα
2398 4337 2494 4409 τὴν
2522 4338 2696 4409 θήκην
2728 4337 2954 4406 ἀνοίγει,
2989 4338 3081 4390 καὶ
3112 4335 3246 4408 πρὸς
3268 4335 3328 4388 τὸ
3339 4333 3546 4396 ⁸κόιλλος
3570 4329 3665 4385 τοῦ
3694 4348 3808 4384 παι-

565 4431 720 4485 rimis
749 4427 1124 4500 Egyptiorum
1157 4427 1463 4483 nutricibus
1489 4427 1803 4482 convocatis
1849 4427 1918 4481 ad
1976 4427 2125 4480 alen-

2232 4430 2341 4483 δίου
2392 4429 2618 4501 ἡσθεῖσα
2675 4431 3052 4501 εἰσεποιήσατο
3101 4427 3380 4499 ἀποροῦσα
3435 4425 3660 4488 παιδός-ο
3715 4424 3807 4476 καὶ

565 4522 694 4576 dum
726 4536 973 4591 puerum,
989 4518 1250 4590 perdebat
1279 4532 1723 4589 operam,earum
1737 4521 1936 4588 quippe
1963 4517 2128 4572 ubera

2232 4521 2430 4585 πολλὰς
2473 4521 2704 4593 τροφοὺς
2747 4521 3122 4591 συγκαλέσασα
3168 4519 3275 4573 τῶν
3313 4517 3663 4586 Αἰγυπτίων,
3707 4514 3806 4569 οὐκ

466 4612 471 4617 ’
563 4609 932 4676 abhorrebat;
972 4609 1186 4663 tandem
1220 4615 1393 4663 mater
1423 4607 1563 4660 clam
1613 4605 1872 4671 admissa,
1930 4607 2130 4677 regina:

561 4702 720 4771 jussu
753 4702 1006 4765 iactabat,
1040 4707 1249 4755 tantum
1279 4701 1425 4755 enim
1458 4699 1606 4754 illius
1641 4698 1807 4753 ubera
1852 4700 2077 4770 sugehat
2108 4716 2122 4752 :

562 4794 634 4847 ab
663 4792 819 4862 ipsis,
873 4803 932 4847 ut
981 4793 1197 4864 Opinor,
1248 4790 1595 4847 incunabulis
1634 4790 1913 4860 proprium
1950 4806 2127 4862 genus

565 4884 903 4948 admittebat,
934 4892 1325 4955 externumque
1358 4882 1736 4939 aversabatur.
1768 4881 1953 4953 Itaque
1980 4883 2126 4937 hunc

562 4977 807 5032 adultum
868 4975 1214 5030 Thermuthis
1253 4975 1356 5048 (sic
1378 4976 1524 5032 enim
1574 4975 1761 5046 regina
1814 4974 2126 5045 appellaba-

563 5070 684 5139 tur)
734 5068 995 5141 Moysem,
1023 5070 1168 5139 quod
1205 5086 1269 5125 ex
1308 5070 1465 5140 aquis
1493 5078 1741 5126 servatus
1772 5075 1910 5133 erat,
1950 5069 2126 5124 nomi-

564 5165 733 5219 navit.
756 5161 1000 5234 Egyptii
1028 5176 1262 5230 namque
1284 5176 1479 5232 aquam
1539 5179 1679 5232 may,
1714 5169 1768 5217 et
1799 5160 2009 5216 servari
2042 5176 2123 5214 ses

561 5254 854 5326 appellant.
884 5252 979 5308 sed
1009 5250 1161 5304 illum
1192 5251 1422 5319 primum
1445 5265 1697 5320 parentes
1728 5250 1954 5305 Melo/iis
1983 5265 2126 5304 nun-

561 5344 854 5415 cupahant.
904 5341 1036 5396 Erat
1063 5349 1245 5396 autem
1294 5349 1518 5410 aspectu
1570 5343 1800 5398 festivus
1829 5342 2019 5406 nimis,
2048 5342 2123 5396 ita

564 5449 620 5491 ut
643 5438 957 5507 quicunque
985 5434 1062 5489 illi
1094 5433 1150 5487 in
1178 5433 1267 5487 via
1315 5441 1650 5497 occurreret,
1708 5433 2123 5504 obstupefactus

563 5525 884 5597 discederet,
914 5524 1260 5595 maximeque
1284 5536 1402 5578 eam
1458 5523 1913 5592 pulchritudinem
1949 5521 2127 5577 admi-

563 5625 792 5670 raretur.
818 5616 983 5686 Igitur
1014 5616 1158 5672 hunc
1185 5621 1346 5670 aetate
1385 5620 1605 5670 auctum
1659 5613 2009 5672 Thermuthis
2030 5614 2124 5671 de-

636 5747 849 5805 ‘Ezod.
874 5766 911 5804 ι.
985 5744 1194 5807 'Exod.
1229 5766 1288 5807 ιι.
1596 5744 1604 5753 ’
1927 5756 1961 5788 ι

2229 4607 2372 4681 εἶχεν
2403 4613 2549 4675 ὅπως
2585 4610 2645 4664 τὸ
2674 4613 2880 4666 παιδίον
2913 4610 3224 4683 ἐκθρέψειεν
3247 4626 3260 4640 ·
3291 4609 3548 4683 οὐδεμιᾶς
3579 4608 3688 4678 γὰρ
3713 4605 3807 4658 αύ-

2225 4702 2337 4773 τῶν
2362 4700 2528 4772 μαζὸν
2559 4701 2830 4773 προσίετο.
2868 4703 2987 4756 Ἐπὶ
3008 4681 3149 4755 τέλει
3174 4699 3304 4770 γοῦν
3327 4702 3358 4772 ή
3389 4681 3594 4771 μήτηρ,
3620 4699 3807 4752 ἀνεῖσα

2223 4794 2463 4866 κρύϐδην
2496 4796 2562 4865 τῇ
2599 4794 2903 4864 βασιλίσσῃ,
2951 4793 3236 4863 γαλουχεῖν
3286 4789 3667 4863 προσετάχθη·
3708 4787 3803 4858 μό·

2225 4905 2324 4957 νης
2365 4886 2473 4956 γὰρ
2518 4886 2687 4956 αὐτῆς
2737 4886 2827 4939 τὸν
2874 4884 3040 4955 μαζὸν
3094 4881 3468 4954 προσεδέξατο,
3509 4879 3571 4946 ἐξ
3603 4878 3802 4942 αὐτῶν,

2225 4975 2397 5050 οἶμαι,
2432 4976 2756 5048 σπαργάνων
2783 4975 2842 5030 τὸ
2879 4976 2976 5046 μέν
3011 4976 3207 5028 οἰκεῖον
3236 4972 3388 5043 γένος
3426 4971 3801 5044 προσιέμενον,

2225 5071 2288 5124 τὸ
2314 5070 2370 5124 δὲ
2393 5069 2669 5141 ἀλλότριον
2700 5067 3117 5140 μυσαττόμενον.
3148 5063 3509 5136 Ἀνδρωθέντα
3541 5062 3672 5132 γοῦν
3702 5062 3801 5115 αύ-

2225 5164 2340 5229 τὸν,
2370 5164 2607 5232 Μωῦσῆν
2649 5164 2941 5233 προσεῖπεν
2973 5159 3317 5231 ὴΘέρμουθις
3370 5156 3562 5230 (τοῦτο
3598 5157 3705 5229 γὰρ
3734 5156 3801 5225 τῇ

2228 5256 2512 5328 βασιλίσσῃ
2561 5254 2774 5325 ὄνομα),
2822 5251 3005 5324 ἐπειδὴ
3054 5251 3282 5323 διεσώθη
3322 5252 3387 5305 ἐκ
3441 5249 3537 5304 τοῦ
3571 5249 3800 5311 ῦδατος⁶

2226 5346 2513 5418 Αἰγύπτιοι
2546 5345 2656 5418 γὰρ
2691 5347 2751 5400 τὸ
2794 5345 2940 5416 ὕδωρ
2963 5343 3113 5413 μῶῢ,
3155 5344 3249 5398 καί¹
3295 5342 3356 5397 τὸ
3395 5342 3519 5413 σὴς
3565 5341 3802 5413 σωθῆναι

2227 5439 2738 5513 προσαγορεύουσιν.
2777 5436 3034 5492 Ἐκάλουν
3068 5436 3124 5489 δέ
3161 5436 3222 5489 τὸ
3256 5437 3385 5507 πρὶν
3417 5432 3582 5489 αὐτὸν
3620 5434 3669 5488 οἱ
3708 5447 3804 5502 γο-

2227 5536 2336 5596 νεῖς
2356 5525 2635 5594 Μελχείς.
2656 5526 2762 5583 Ἦν
2805 5529 2862 5582 δὲ
2907 5527 3118 5593 ἀστεῖος
3159 5528 3295 5595 ἄγαν
3330 5530 3397 5599 τῇ
3435 5526 3580 5596 ὄψει,
3605 5525 3680 5589 ὡς
3712 5520 3807 5579 τὸν

2228 5623 2346 5678 καθ’
2372 5623 2488 5678 ὁδὸν
2525 5621 2844 5677 ἀπαντῶντα
2888 5619 3034 5692 αὑτῷ
3076 5619 3401 5689 ἀφίστασθαι
3435 5615 3798 5690 ἐκπληττόμε-
