4090 6288
398 351 466 417 18
475 361 503 416 Ι-

1317 360 1686 427 SPURlA.—
1724 367 2083 434 COMMENT.
2126 375 2195 433 ΙΝ
2232 373 2729 446 ΗΕΧΑΕΜΕΒΟΝι

3526 393 3628 455 782

391 485 500 541 νον,
528 472 623 529 καὶ
649 475 1136 550 ὑπερθαυμάξοντα
1172 483 1237 536 τὸ
1277 485 1489 550 κάλλος.
1517 488 1790 560 Προσάγει
1814 494 1966 546 αὑτὸν

2076 494 2181 551 fert
2208 498 2277 553 ad
2299 509 2528 570 patrem,
2558 513 2619 559 ιιι
2642 507 2793 560 illum
2822 507 2975 579 regni
3008 509 3095 565 sul
3121 513 3382 570 scriberet
3404 524 3631 573 succes-

389 561 482 621 οὖν
512 567 812 638 αὐξηθέντα
850 572 884 642 ή
906 572 1205 644 Θέρμουθις
1239 576 1318 646 τῷ
1352 579 1519 651 πατρὶ
1534 581 1724 653 αὐτῆς,
1747 582 1970 648 ἀξιοῦσα

390 659 615 729 ποιῆσαι
648 660 810 715 αὐτὸν
848 663 948 734 τῆς
993 659 1268 734 βασιλείας
1291 668 1454 722 αὐτοῦ
1481 669 1740 745 διάδοχον,
1768 675 1862 731 καὶ
1884 677 1968 731 τί-

390 751 548 823 θησιν
583 752 746 806 αὑτὸν
783 755 842 807 ἐν
877 759 996 820 ταῖς
1022 758 1210 828 χερσὶν
1251 760 1437 815 αὐτοῦ.
1477 764 1534 818 Ὁ
1557 765 1615 819 δὲ
1641 765 1840 833 λαϐὼν,
1875 769 1970 823 καὶ

390 847 932 917 προστερνισάμενος,
991 849 1306 919 κατεφίλει⁹
1355 856 1821 930 χαριεντιζόμενός
1866 878 1965 926 τε,

390 935 657 1009 περιελὼν
684 939 783 1009 τῆς
805 941 994 995 ἐαυτοῦ
1038 943 1276 1016 κεφαλῆς
1309 945 1372 999 τὸ
1414 946 1668 1020 διάδημα,
1696 952 1968 1023 ἐπιτίθησι

387 1032 455 1102 τῇ
479 1032 686 1083 ἐκείνου
711 1032 939 1105 κεφαλῇ.
970 1034 1026 1087 '0
1051 1034 1108 1089 δὲ
1134 1037 1393 1108 Μωῦσῆς,
1418 1040 1726 1113 ἀπορρίψας
1753 1045 1846 1098 ἐπὶ
1867 1045 1968 1117 τῆς

389 1119 493 1188 γῆς
516 1119 577 1172 τὸ
600 1119 853 1192 διάδημα,
886 1124 1198 1178 κατεπάτει.
1228 1127 1338 1180 Καὶ
1363 1128 1392 1179 ὁ
1417 1134 1793 1201 γραμματεὺς,
1818 1136 1847 1187 ὁ
1868 1135 1966 1207 τὴν

388 1210 601 1279 γένεσιν
671 1213 836 1266 αὑτοῦ
903 1215 1209 1286 προειπὼν,
1253 1218 1584 1291 θεασάμενος
1642 1226 1737 1278 καὶ
1790 1228 1966 1291 συνεὶς

388 1294 595 1357 ἐκεῖνον
621 1299 759 1357 εἶναι
785 1305 875 1359 τὸν
904 1307 1290 1382 θεσπιξὸμενον
1322 1315 1423 1385 τῆς
1451 1316 1759 1384 Αἰγυπτίων
1792 1320 1966 1391 ἀρχῆς

391 1394 667 1466 πολέμιον,
692 1394 915 1467 ὥρμησε
961 1399 1061 1469 μὲν
1108 1403 1444 1471 ἀποκτεῖναι,
1472 1408 1565 1460 καὶ
1604 1409 1703 1461 οὐκ
1741 1407 1924 1481 ἴσχυσε
1946 1422 1962 1441 ⁸

388 1485 595 1558 βοήσας
619 1486 677 1538 δὲ
710 1486 811 1559 ἔφη
845 1488 923 1558 τῷ
954 1489 1196 1561 βασιλεῖ·

465 1597 486 1630 ι
528 1572 694 1644 Οὗτος
716 1580 922 1646 ἐκεῖνός
949 1585 1086 1650 ἐστι,
1116 1585 1354 1656 βασιλεῦ,
1382 1591 1549 1664 ὅνπερ
1569 1595 1700 1664 ἡμῖν
1726 1596 1966 1668 ἀναφυῆκ

387 1688 476 1725 ναι
514 1674 578 1725 ἐκ
608 1672 717 1726 τῶν
754 1673 1021 1746 Ἐϐραίων
1047 1678 1110 1730 τὸ
1135 1679 1405 1752 δαιμόνιον
1436 1683 1632 1757 ἔχρησε
1672 1687 1774 1757 τῆς
1815 1688 1965 1758 βασιά

387 1762 538 1828 λείας
573 1766 880 1834 Αἰγυπτίων
927 1769 1239 1825 ἐπίϐουλον·
1268 1774 1398 1844 ὅσγε
1436 1779 1530 1831 καὶ
1569 1778 1664 1833 νῦν
1701 1780 1962 1852 σύμϐολον

386 1857 477 1910 τοῦ
507 1857 788 1928 μέλλοντος
818 1861 879 1913 οὐ
913 1862 1106 1934 μικρὸν
1140 1840 1469 1934 ἐπεδείξατο,
1494 1871 1625 1924 αὐτὸ
1645 1872 1708 1944 δὴ
1731 1840 1830 1944 της
1864 1875 1963 1945 βαέ
1994 1840 2036 1895 Β

387 1949 587 2013 σιλείας
609 1950 669 2003 τὸ
686 1950 931 2024 σύνθημα
957 1955 1136 2026 ῥίψας,
1161 1959 1254 2011 καὶ¹
1277 1965 1668 2035 καταπατήσας
1687 1967 1766 2030 είς
1785 1967 1965 2022 τοῦδαδ

385 2058 483 2109 φος
523 2042 722 2096 Τοῦτον
744 2045 872 2114 γοῦν
896 2047 1116 2114 ἀνελὼν,
1141 2053 1467 2119 Αἰγυπτίους
1495 2050 1592 2125 μὲν
1621 2056 1729 2110 τῶν
1747 2061 1965 2131 προσδο-

382 2134 647 2204 κωμένων
662 2138 942 2209 στερήσεις
966 2139 1168 2205 κακῶν,
1187 2142 1468 2215 Ἐϐραίους
1488 2145 1546 2198 δὲ
1574 2148 1839 2222 σφαλῆναι
1862 2143 1963 2224 τῆς

380 2223 594 2290 ἐλπίδος
621 2228 719 2299 τῆς
754 2230 839 2281 ἐπ’
864 2230 1011 2301 αὐτῷ
1035 2235 1417 2306 καταστήσεις.
1469 2256 1488 2289 ι

453 2312 638 2367 Ταῦτα
666 2315 906 2381 εἰπόντος
946 2320 1131 2384 αὐτοῦ,
1168 2323 1197 2374 ὁ
1250 2323 1346 2393 μὲν
1371 2324 1627 2396 βασιλεὺς
1655 2331 1800 2386 κατὰ
1826 2332 1960 2405 πρό-

382 2421 531 2458 νοιαν
576 2406 712 2461 Θεοῦ
760 2409 988 2483 ὀκνηρὸς
1034 2414 1169 2484 πρὸς
1210 2416 1303 2469 τὸν
1353 2412 1512 2488 φόνον
1542 2422 1792 2491 ἐγένετοο
1827 2429 1860 2498 ή
1901 2428 1960 2482 δέ

379 2497 703 2570 Θέρμουθις,
727 2501 835 2556 τῶν
886 2504 1082 2576 χειρῶν
1129 2507 1223 2562 τοῦ
1276 2508 1539 2580 βασιλέως
1585 2515 1674 2571 τὸν
1720 2517 1959 2594 Μωῦσῆν

382 2589 757 2660 ἐξαρπάσασα,
788 2589 1083 2664 ἐφύλαττεν
1109 2601 1383 2671 ἀσφαλῶς,
1896 2620 1899 2623 ’

451 2683 709 2750 Αἰθίοπες
737 2686 815 2752 δὲ,
860 2689 1139 2760 πρόσοικοι
1166 2697 1280 2759 τοῖς
1317 2694 1634 2767 Αἰγυπτίοις
1668 2705 1960 2776 τυγχάνον-

378 2787 491 2840 τες,
536 2776 688 2846 ἄφνω
735 2776 1067 2848 ἐπελθόντες,
1112 2786 1463 2859 ἐπολιόρκουν
1513 2792 1611 2863 τὴν
1661 2793 1955 2864 Αἴγυπτον,

380 2868 473 2920 καὶ
518 2868 1122 2943 ἀντιπαραταξαμένους
1159 2877 1284 2942 τοὺς
1315 2881 1641 2948 Αἰγυπτίους
1670 2889 1956 2958 τροπωσά-

383 2973 553 3027 μενοι,
583 2960 890 3032 προέϐησαν
920 2962 1047 3037 ἄχρι
1078 2966 1355 3038 Μέμφεως
1388 2973 1481 3025 καὶ
1520 2974 1620 3046 τῆς
1661 2976 1952 3053 θαλάσσης,

378 3049 488 3119 ὅσῳ
531 3051 817 3119 Αἰγύπτιοι
881 3054 1021 3107 κατὰ
1085 3060 1329 3130 χρησμὸν
1390 3064 1675 3138 σύμμαχον
1720 3069 1782 3123 τὸ
1844 3049 1973 3127 τῶν

2071 601 2250 643 sorem
2313 606 2570 658 exorans,
2599 595 2969 670 infantemque
2998 600 3054 655 in
3100 604 3266 673 patris
3301 620 3494 663 manus
3531 610 3628 663 imo

2070 681 2270 750 posuit,
2299 684 2389 752 qui
2416 685 2504 741 ubi
2529 701 2650 742 eum
2678 692 2886 762 accepit
2919 693 3084 759 ulnis,
3119 699 3323 766 pectori
3343 701 3626 755 astrictum

2068 774 2445 842 osculabatur,
2475 787 2531 833 et
2555 782 2709 850 pueri
2754 786 3021 841 suavitate
3072 787 3336 846 hilaratus
3376 790 3627 849 diadema

2068 865 2233 935 capiti
2260 882 2360 921 suo
2380 869 2681 940 demptum,
2705 874 2852 931 illius
2877 879 3041 948 capiti
3070 881 3332 951 imponit;
3361 883 3455 938 sed
3480 882 3627 956 Moye

2069 970 2158 1011 ses
2181 957 2342 1027 illud,
2379 961 2435 1015 in
2485 971 2683 1019 terram
2724 968 3048 1037 projectum,
3102 973 3329 1044 pedibus
3359 975 3622 1042 calcabat,

2067 1061 2176 1116 quo
2203 1049 2322 1105 viso
2383 1053 2583 1120 scriba,
2614 1056 2708 1124 qui
2737 1056 2856 1127 ejus
2900 1069 3077 1115 ortum
3109 1063 3449 1132 praedixerat,
3499 1080 3624 1120 eum

2065 1153 2206 1204 esse,
2237 1142 2354 1212 qui,
2381 1152 2444 1198 ut
2476 1148 2713 1203 oraculis
2730 1161 3034 1221 acceperat,
3056 1152 3432 1225 Egyptiorum
3457 1170 3624 1227 regna

2067 1236 2325 1303 tanquam
2380 1235 2555 1292 hostis
2595 1248 2741 1295 esset
2794 1243 3084 1302 invasurus
3144 1261 3497 1317 cognoscens,
3553 1248 3622 1302 ad

2065 1336 2189 1377 eum
2218 1326 2578 1382 occidendum
2635 1345 2927 1402 aggressus
2961 1343 3066 1400 est,
3101 1338 3196 1393 sed
3222 1340 3433 1397 viribus
3462 1339 3623 1396 fessis

2065 1413 2351 1485 abstinuit,
2381 1425 2436 1473 et
2469 1420 2713 1478 clamore
2739 1423 2885 1479 edito
2917 1424 3054 1482 dixit
3080 1430 3194 1500 regi
3221 1448 3236 1485 ι

2140 1591 2281 1647 «Hic
2314 1593 2429 1665 ipse
2458 1603 2561 1661 est,
2608 1612 2642 1652 ο
2681 1611 2800 1665 rex,
2857 1612 3015 1671 quem
3064 1602 3224 1659 nobis
3257 1618 3323 1659 ex
3380 1593 3623 1666 Hebraeis

2062 1685 2353 1741 oriundum
2380 1686 2622 1744 divinum
2672 1707 2873 1747 numen
2902 1694 3241 1763 praedixerat,
3265 1698 3416 1769 regni
3458 1699 3626 1772 Egya»

2064 1775 2304 1846 ptiorum
2356 1780 2757 1848 insidiatorem,
2786 1785 2878 1854 qui
2920 1794 2975 1840 et
3025 1802 3172 1841 nunc
3204 1803 3387 1845 rerum
3416 1791 3626 1846 futura-

2064 1881 2188 1920 rum
2218 1883 2329 1924 non
2353 1870 2470 1926 leve
2494 1874 2724 1942 praebuit
2751 1884 3151 1945 argumentum,
3184 1882 3402 1951 quando
3445 1883 3622 1953 ipsum

2063 1959 2218 2029 regni
2276 1960 2489 2033 insigne
2543 1964 2599 2019 in
2668 1973 2869 2022 terram
2936 1969 3205 2039 dejectum
3263 1976 3618 2033 conculcavit.

2063 2047 2220 2105 Hunc
2241 2051 2287 2105 si
2310 2055 2430 2107 neci
2460 2056 2770 2123 tradideris,
2804 2059 3090 2131 Egyptios
3119 2065 3188 2119 ab
3209 2065 3621 2127 imminentibus

2063 2141 2323 2210 periculis
2352 2145 2633 2213 liberabis,
2665 2149 3012 2223 Hebmisque
3045 2169 3218 2224 spem,
3250 2166 3304 2212 et
3345 2157 3618 2226 fiduciam.

2060 2247 2224 2302 quam
2256 2234 2312 2288 in
2339 2250 2405 2290 eo
2434 2248 2747 2306 posuerant,
2777 2242 3000 2299 adimes.
3041 2264 3061 2298 ι

2134 2321 2262 2379 Haec
2282 2340 2402 2380 cum
2444 2327 2535 2383 ille
2583 2329 2803 2395 diceret,
2839 2348 2954 2397 rex,
3000 2334 3075 2388 ita
3124 2337 3440 2406 providente
3486 2341 3615 2407 Deo.

2060 2416 2342 2473 remissior
2369 2420 2425 2473 in
2452 2435 2519 2475 eo
2539 2423 2839 2480 occidendo
2853 2425 2972 2480 fuit.
2999 2426 3064 2480 Et
3084 2427 3456 2499 Thermuthis,
3480 2451 3511 2490 e
3530 2452 3618 2491 re:

2059 2508 2143 2580 gis
2188 2510 2444 2569 manibus
2500 2513 2739 2585 Moysem
2768 2518 3064 2585 sublatum,
3104 2536 3297 2580 secure
3351 2527 3614 2583 custodiet

2057 2599 2170 2655 bat.

2130 2690 2304 2749 Porro
2358 2695 2643 2768 Ethiopes
2685 2699 2960 2775 Egyptiis
3009 2704 3264 2774 finitimi,
3314 2703 3612 2782 improviso

2056 2780 2260 2853 impetu
2292 2783 2457 2853 facto,
2507 2789 2829 2848 obsidebant
2858 2795 3169 2867 Egyptum,
3221 2780 3614 2875 Egyptiosque

2055 2889 2124 2929 ex
2159 2876 2388 2933 adverso
2412 2879 2732 2950 instructos,
2758 2886 2811 2940 in
2836 2887 3018 2959 fugam
3049 2899 3320 2949 vertentes
3350 2911 3521 2966 usque
3545 2894 3614 2953 ad

2056 2965 2345 3038 Memphim
2367 2979 2422 3026 et
2454 2988 2603 3029 mare
2647 2981 2919 3049 progressi
2949 2990 3106 3050 sunt;
3138 2987 3212 3039 ita
3261 2991 3320 3040 ut
3370 2985 3611 3059 AEgyptii

2055 3061 2262 3114 oraculi
2292 3065 2502 3119 monitu
2525 3064 2873 3124 Hebraeorum
2906 3073 3209 3130 auxiliariis
3252 3076 3425 3146 copiis
3445 3077 3499 3131 in
3516 3086 3612 3132 eos

390 3140 655 3212 Ἐϐραίων
695 3144 850 3213 γένος
888 3145 1141 3213 λαϐόντες
1188 3151 1446 3223 ἐπῄεσαν.
1496 3158 1606 3212 Καὶ
1650 3155 1678 3213 ὁ
1732 3163 1951 3236 Φαραὼ,

2062 3149 2351 3208 irruerent.
2384 3153 2450 3208 Et
2466 3155 2681 3212 Pharao
2740 3167 2955 3231 tempus
2982 3163 3037 3218 id
3069 3140 3433 3234 opportunum
3463 3183 3608 3233 esse,

376 3237 567 3307 καιρὸν
593 3238 893 3310 ἐπιτήδειον
913 3241 1205 3313 εὑρηκέναι
1229 3247 1463 3318 νομίζων
1489 3249 1623 3324 πρὸς
1661 3253 1760 3325 τὴν
1796 3259 1958 3313 Μωῦ-

2056 3257 2165 3311 quo
2195 3243 2408 3316 Moyses
2436 3256 2612 3304 morte
2636 3252 3000 3319 occumberet,
3047 3257 3321 3324 opinatus,
3347 3257 3611 3315 Thermus

378 3328 515 3392 σέως
556 3331 852 3403 ἀναίρεσιν,
896 3332 995 3405 τὴν
1035 3335 1371 3408 Θερμούθιδα
1411 3341 1611 3413 ἠξίωσε
1659 3353 1956 3421 παρασχεῖν

2062 3335 2173 3389 thin
2199 3339 2428 3408 rogavit,
2461 3348 2520 3394 ut
2568 3339 2671 3398 sibi
2704 3343 2939 3415 Moysem
2971 3347 3271 3414 exhiberet,
3330 3351 3411 3405 sic
3463 3353 3608 3406 enim

375 3421 526 3493 αὐτῷ
588 3429 679 3478 τὸν
737 3420 976 3500 Μωῦσῆν
997 3469 1012 3495 ,
1063 3431 1213 3495 ὅπως
1271 3434 1434 3489 αὐτὸν
1496 3440 1797 3510 στρατηγὸν
1844 3420 1955 3497 τῶν

2062 3439 2177 3479 eum
2216 3426 2409 3483 ducem
2464 3428 2811 3487 Hebraeorum
2870 3435 3111 3506 eligeret,
3145 3445 3202 3493 et
3248 3439 3607 3509 jurejurando

389 3512 653 3586 Ἐϐραίων
697 3520 989 3591 ποιήσειεν,
1031 3522 1403 3597 ἐπομνύμενος
1446 3530 1609 3600 μηδὲν
1652 3535 1955 3606 κακουργή-

2062 3518 2442 3587 comprobavit,
2473 3536 2534 3577 se
2580 3522 2656 3576 illi
2704 3524 2904 3579 malum
2937 3526 3143 3580 nullum
3183 3529 3481 3595 illaturum,
3513 3529 3608 3586 sed

378 3620 491 3659 σειν
536 3608 715 3674 αὑτὸν,
752 3612 887 3666 ἀλλά
932 3615 1221 3688 ταξίαρχον
1270 3619 1427 3690 μόνον
1476 3625 1809 3696 καταστῆσαι
1845 3627 1952 3681 τῶν
2051 3612 2263 3663 tantum
2307 3612 2585 3681 copiarum
2641 3613 3028 3670 Hebraicarum
3090 3617 3370 3675 ductorem
3403 3623 3603 3676 consti‘

387 3696 652 3727 ’πελ-1-...
707 3702 991 3727 ,ος-,πμηρι
1145 3712 1158 3727 .
1205 3710 1249 3727 ευ
1393 3713 1407 3727 ι
1451 3713 1465 3727 ι
1537 3716 1551 3727 .
1607 3716 1620 3727 .
1698 3717 1725 3727 ..
1866 3719 1881 3727 -
2048 3705 2645 3727 ._-.--_--_.__...-J:.-.-__
2705 3723 2818 3727 νη--
2885 3708 2927 3727 ιι-
2960 3711 3127 3727 ,nn-,,,
3326 3713 3363 3727 ,ο
3590 3716 3603 3727 .

387 3696 679 3771 Ἐϐραίων,
707 3702 1103 3776 ὑπολαμϐάνων
1132 3710 1325 3782 ῥᾳδίως
1347 3713 1507 3767 αὐτὸν
1528 3716 1633 3770 ὑπὸ
1657 3717 1764 3771 τῶν
1795 3719 1953 3773 πολε-

2062 3705 2648 3762 Luturum:me’ditatus
2697 3723 2825 3763 eum
2883 3708 3141 3766 facillimo
3185 3713 3423 3783 negotio,
3447 3716 3608 3785 quasi

381 3790 518 3861 μίων
549 3792 936 3866 φθαρήσεσθαι,
960 3800 1035 3864 ὡς
1063 3802 1249 3874 μάχης
1266 3804 1576 3877 ὑπάρχοντα
1601 3808 1845 3882 ἄπειρον.

2062 3792 2256 3847 militia:
2283 3795 2473 3849 rudem
2492 3796 2571 3856 ab.
2584 3797 2831 3854 hostibus
2858 3800 3185 3856 trucidatum
3219 3803 3307 3857 iri.

471 3882 536 3935 Ἡ
562 3860 670 3938 ἠδὲ-
703 3860 870 3941 πολλὰ
929 3860 1337 3963 πῷτὶερὸῗτδν
1384 3860 1949 3972 ι’ἑκατέρα-νκαὶ-’τοὺς

2118 3880 2467 3942 Thermuthis
2517 3888 2680 3956 patri,
2709 3889 3010 3960 scribisque
3051 3892 3404 3961 exprobrans,
3460 3885 3604 3964 quod

376 3978 722 4044 γραμματεῖς
746 3977 1072 4048 ὀνειδίσασα,
1105 3984 1186 4037 ὅτι
1222 3985 1389 4055 ὅνπερ
1420 3985 1496 4051 ὡς
1528 3989 1784 4062 πολέμιον
1816 3994 1948 4047 ἀπο-

376 4064 578 4088 ..-δηω
626 4065 869 4088 ιεηιςη,
993 4071 1020 4082 -
1131 4069 1145 4088 .
1225 4077 1237 4088 .
1299 4077 1310 4088 .
1772 4083 1785 4088 -
1837 4084 1862 4088 _

2062 3987 2207 4042 luem
2259 3976 2426 4030 veluti
2480 3978 2689 4034 hostem
2737 3980 3041 4038 interficere
3083 3986 3428 4056 satagebant,
3457 4002 3605 4042 nunc

2063 4065 2207 4088 __‘.__.,
2279 4066 2572 4088 dmum
2972 4080 2984 4088 ,
3075 4084 3085 4088 -
3453 4077 3503 4088 -.

375 4064 581 4117 κτεῖναι
624 4065 919 4135 ἐϐούλοντο,
959 4071 1053 4126 νῦν
1115 4069 1189 4138 ὡς
1220 4077 1507 4150 ἐπίκουρον
1548 4083 1941 4151 παρακαλοῦσι,

2062 4065 2209 4120 veluti
2277 4066 2578 4136 adjutorem
2622 4071 3028 4142 desiderarent,
3071 4075 3236 4130 tradit
3307 4077 3416 4133 illis
3452 4077 3603 4151 Moy-

374 4155 587 4210 δίδωσιν
644 4159 825 4223 αὐτοῖς
883 4162 974 4215 τὸν
1038 4163 1298 4235 Μωῦσῆν.
1370 4168 1428 4223 Ὀ
1487 4167 1543 4224 δὲ
1599 4172 1694 4226 τοῦ
1744 4176 1943 4230 οἰκείου

2062 4170 2178 4221 ιειη,
2205 4159 2299 4227 qui
2359 4161 2590 4231 propriae
2642 4163 2879 4220 nationis
2934 4164 3045 4220 dux
3102 4167 3328 4233 electus,
3383 4169 3602 4226 ,Δίιὴὶοι

375 4245 560 4314 ἔθνους
587 4251 888 4323 στρατηγὸς
916 4251 1227 4328 προαχθεὶς,
1261 4258 1433 4332 λάθρα
1459 4257 1567 4315 τῶν
1578 4262 1845 4321 Αἰθιόπων
1873 4268 1941 4322 δι’

2062 4247 2200 4303 nibus
2230 4248 2439 4315 insciis,
2471 4251 2655 4322 copias
2709 4253 2859 4309 ducit
2920 4271 3016 4325 per
3052 4256 3212 4310 aliam
3242 4257 3382 4312 viam
3405 4298 3420 4324 ,
3448 4260 3603 4316 inac-

375 4340 566 4413 ἐτέρας
597 4344 717 4398 ὁδοῦ
751 4346 870 4416 ἄγει
900 4347 1297 4422 τὴν.στρατιὰν,
1326 4353 1424 4424 τῆς
1449 4354 1649 4409 ἀϐάτου
1705 4358 1800 4412 καὶ
1848 4359 1942 4432 θη-

2062 4354 2251 4395 'essam
2305 4343 2546 4413 scilicet,
2599 4345 2898 4418 bestiisque
2949 4346 3243 4415 infamem,
3304 4351 3399 4405 alit
3453 4353 3600 4408 enim

375 4435 617 4505 ριοτόκου
676 4434 878 4509 (πᾶσαν
935 4443 1042 4515 γὰρ
1105 4441 1308 4516 θηρίων
1357 4446 1608 4519 ἐκτρέφει
1654 4450 1834 4522 φύσιν,
1864 4453 1940 4518 ὧς

2062 4432 2335 4489 bestiarum
2364 4450 2523 4492 omne
2542 4453 2734 4508 genus,
2758 4439 2832 4493 ita
2863 4447 2920 4493 ut
2939 4439 3184 4510 quaedam
3218 4456 3284 4496 ex
3323 4442 3408 4498 his
3432 4444 3599 4499 etiam

373 4520 511 4580 εἷναί
550 4546 670 4584 τινα
718 4530 775 4586 ἐν
805 4530 941 4606 αὐτῇ
978 4532 1070 4588 καὶ
1098 4537 1410 4610 πετόμενα),
1447 4543 1542 4596 καὶ
1568 4520 1704 4613 προς
1751 4544 1810 4598 τὸ
1859 4547 1933 4617 μὴ

2062 4524 2253 4592 ποιεηῆ
2284 4541 2353 4581 ne
2388 4529 2511 4597 quis
2541 4537 2720 4584 autem
2751 4544 2782 4583 a
2804 4530 2994 4586 bestiis
3034 4529 3350 4597 caederetur,
3400 4547 3600 4604 capsu-

372 4618 699 4703 πλήττεσθαι
730 4619 834 4677 ὑπὸ
986 4622 1188 4699 θηρίων
1219 4590 1659 4698 rivi/ximos;
1699 4590 1936 4701 πλεκτὲς

2063 4631 2123 4672 as
2154 4590 2382 4686 plicatas
2403 4590 2590 4674 ibibus
2624 4620 2829 4690 plenas,
2863 4628 2922 4675 ut
2958 4621 3188 4692 quisque
3241 4590 3424 4678 secum
3465 4590 3598 4680 atie-

373 4693 694 4775 προστάττει
726 4710 952 4770 ἕκαστον
984 4693 1526 4789 ἐπιφέρεσθαι-ῐϐεων
1571 4693 1935 4799 πεπληρωμέ-ἰ

2062 4716 2145 4771 'at,
2168 4709 2342 4778 jubet.
2375 4709 2470 4766 Est
2511 4711 2657 4766 enim
2708 4712 2811 4768 hoc
2842 4714 3041 4768 animal
3081 4715 3256 4784 aspidi
3300 4715 3593 4774 infensum.

370 4812 487 4863 ναςσ
519 4800 631 4855 ἔστι
685 4804 792 4877 γὰρ
841 4807 997 4860 τοῦτο
1025 4807 1085 4861 τὸ
1123 4809 1258 4874 ζῶον
1292 4814 1412 4876 ταῖς
1442 4810 1630 4869 ἀσπίσι
1658 4817 1930 4889 πολέμιον.

2062 4801 2265 4867 Quando
2294 4803 2463 4873 igitur
2506 4818 2602 4874 per
2642 4804 2762 4859 loca
2809 4805 2901 4858 illa
2946 4804 3444 4875 proﬁciscebantur,
3478 4808 3596 4866 ibes

381 4891 468 4956 Ὧς
501 4888 593 4947 οὖν
622 4893 714 4948 τὸν
762 4891 925 4950 τόπον
966 4895 1167 4953 ἐκεῖνον
1197 4901 1464 4968 διώδευον,
1510 4904 1608 4969 τὰς
1636 4888 1933 4973 (65247101;

2062 4909 2093 4947 n
2146 4894 2350 4950 bestias
2400 4895 2745 4960 dimiserunt,
2784 4911 2903 4966 quae
2934 4912 3056 4952 cum
3106 4913 3293 4955 eorum
3334 4899 3595 4968 impetum

369 4981 577 5054 θηρίοις
636 4988 944 5060 ἐπαφῆκαν,
980 4987 1204 5047 κάκεῖνα
1250 4993 1348 5065 τὴν
1378 4995 1563 5065 ἔφοδον
1606 4997 1806 5054 τούτων
1856 5000 1930 5072 μὴ

2062 4999 2180 5039 erre
2207 5001 2317 5041 non
2349 4995 2591 5055 possent,
2635 4990 3201 5054 comsummabantur:
3254 4998 3308 5047 et
3346 4993 3449 5047 hac
3504 5008 3596 5048 ra»

369 5075 751 5147 ὑπομείναντα,
801 5080 1180 5156 διεφθείροντο*
1211 5086 1304 5139 καὶ
1353 5079 1539 5141 τοῦτον
1594 5089 1686 5143 τὸν
1732 5087 1930 5164 τρόπον
2033 5076 3013 5151 ῑὶοιιερηειθνετθεευείηθίερεοιθιιιε
3029 5082 3310 5157 Ᾰῖιιιίορθε
3329 5087 3592 5157 adoritur.

365 5162 641 5232 διοδεύσας
691 5170 843 5238 ἄφνω
890 5167 1221 5243 προσπίπτει
1254 5179 1363 5240 τοῖς
1390 5174 1622 5248 Αἰθίοψι,
1658 5162 1926 5237 καὶὴπολὺ

2062 5169 2252 5240 [lisque
2298 5184 2494 5242 magna
2547 5172 2701 5228 clade
2745 5173 2895 5228 illata
2942 5177 3182 5247 reliquos
3229 5194 3449 5238 aversos
3505 5182 3594 5238 fu-

365 5254 566 5327 πλῆθος
598 5256 775 5316 αὐτῶν
806 5263 1173 5334 κατασφάξας,
1215 5267 1339 5333 τοὺς
1376 5269 1593 5333 λοιποὺς
1623 5272 1702 5335 είς
1751 5274 1927 5347 φυγὴν
2030 5265 2195 5333 gavit.

363 5344 607 5418 ἔτρεψεν.

432 5440 495 5491 ΟΞ
517 5439 574 5492 δέ
600 5433 874 5507 Αἰθίοπες,
899 5444 1050 5515 μόλις
1075 5444 1232 5517 φόνον
1255 5452 1322 5521 τῇ
1352 5446 1496 5521 φυγῇ
1519 5448 1921 5523 διαδράσαντες,

2103 5437 2407 5515 Ethiopes,
2448 5440 2573 5518 fuga
2616 5447 2707 5503 vix
2754 5453 2928 5506 morte
2960 5450 3195 5521 repulsa,
3228 5450 3281 5505 in
3313 5451 3588 5509 civitatem

359 5525 459 5598 τὴν
488 5529 641 5583 πόλιν
687 5532 835 5587 Σαϐὰ
878 5535 1400 5608 καταλαμϐάνουσιν.
1450 5535 1556 5593 Ἦν
1594 5541 1702 5615 γὰρ
1749 5544 1923 5597 αὐτῶν

2062 5539 2170 5594 ὶθὺθ
2201 5538 2550 5632 confugiunt;
2573 5541 2686 5596 haec
2712 5542 2855 5597 enim
2885 5550 3003 5598 erat
3023 5558 3207 5599 eorum
3230 5545 3375 5615 regia
3401 5547 3592 5611 mami-

359 5617 496 5691 αὕτη
565 5619 850 5691 βασίλειος,
909 5626 1241 5703 ὠχυρωμένη
1297 5631 1462 5702 τείχει
1518 5634 1768 5707 κρατερῷ
1828 5634 1923 5691 καὶ

2066 5648 2129 5686 us
2185 5617 2537 5689 validissimis
2585 5634 2979 5704 aggeribusque
3018 5642 3203 5703 septa,
3259 5643 3315 5691 et
3368 5648 3590 5709 propter

359 5706 623 5779 χώμασιν,
657 5713 998 5786 ἀπρόσϐατος
1024 5717 1110 5773 διὰ
1140 5712 1230 5773 τὸν
1262 5721 1449 5775 Νεῖλον
1486 5706 1701 5794 (ἐπειδὴ
1742 5727 1920 5779 πᾶσαν

2062 5723 2202 5779 [ilum
2228 5724 2529 5790 inaccessa,
2564 5726 2781 5796 quando
2805 5736 2926 5781 eam
2955 5726 3317 5799 undequaque
3339 5706 3591 5787 circnma

357 5795 523 5853 αὐτὴν
552 5804 898 5875 περιτειχίζει
923 5806 1002 5877 τῷ
1037 5807 1313 5881 ῥεύματιν
1339 5810 1524 5884 διόπερ
1559 5812 1649 5867 καὶ
1669 5811 1918 5870 δυσπολια

2063 5832 2218 5887 uena,
2252 5830 2404 5893 eque
2449 5831 2516 5872 ac
2572 5795 2760 5874 murus
2788 5817 3086 5890 concludit,
3113 5795 3281 5892 quare
3321 5830 3378 5880 ot
3417 5823 3587 5895 Αῐεγι

2051 3612 2263 3663 tantum
2307 3612 2585 3681 copiarum
2641 3613 3028 3670 Hebraicarum
3090 3617 3370 3675 ductorem
3403 3623 3610 3676 consti‘
