4090 6288
613 277 736 333 ’78³5

1505 273 1562 331 S.
1599 274 2040 333 EUSTATHIUS
2077 277 2567 336 ANTIOCHENUS
2606 279 2996 339 EPISCOPUS.
3737 284 3822 341 7ςό

611 393 756 463 :ptiis
795 391 1024 447 obsessu
1069 388 1299 446 difﬁcilis
1337 400 1474 447 erat.
1520 390 1730 463 Moyses
1781 406 1959 446 rerum
2005 395 2164 450 consi

2285 395 2512 467 όρκητος
2533 397 2644 459 τοῖς
2674 396 2985 465 Αἰγυπτίοις
3014 397 3320 469 ἐτύγχανεν.
3364 397 3422 452 '0
3457 397 3593 468 γοῦν
3643 401 3820 474 Μωσῆς

607 485 794 558 ·ἰὶἰ‹ιιιο
826 485 997 553 inops,
1033 482 1086 537 in
1121 483 1285 552 hujus
1327 483 1620 552 provinciae
1668 482 2000 547 dilﬁcultate,
2025 500 2183 540 exer-

533 571 538 582 ’
601 578 790 631 ‘citum
827 575 895 628 ad
925 575 1109 629 urbem
1151 574 1434 638 conduxit,
1472 576 1726 645 variaque
1767 575 2036 645 Egyptiis
2075 593 2185 632 me-

599 665 918 724 ditantibus
978 680 1102 720 cum
1155 665 1293 720 nihil
1344 668 1423 721 eis
1480 667 1827 731 succederet,
1880 668 1986 720 ﬁlia
2042 669 2185 737 regis

623 758 872 814 Tharmis
900 760 1135 822 nomine,
1167 770 1223 812 ut
1252 775 1346 828 per
1376 767 1552 813 turres
1583 758 1816 829 Moysem
1839 760 1993 826 vidit,
2038 761 2184 818 illius

614 852 814 905 eximia
852 849 1021 904 forma
1060 851 1342 914 delectata,
1377 866 1475 904 nec
1532 866 1638 905 non
1667 858 1720 904 et
1769 851 1822 904 in
1855 851 2019 906 rebus
2067 867 2185 905 man

617 939 738 1010 guis
787 938 1205 1009 cogitationibus
1230 939 1662 1009 pervestigandis
1691 940 1978 993 consilium
2009 940 2183 994 admi-

617 1038 754 1090 rata.
788 1031 908 1100 ejus
937 1045 1121 1085 amore
1150 1031 1357 1094 saucia,
1394 1046 1551 1086 servo
1585 1031 1850 1086 ﬁdissimo
1885 1033 2072 1094 misso.
2116 1033 2182 1088 de

616 1122 820 1190 nuptiis
850 1137 971 1176 cum
1019 1137 1086 1176 eo
1137 1137 1442 1176 sermonem
1490 1121 1722 1176 confert.
1771 1122 1983 1193 Moyses
2024 1123 2078 1176 id
2123 1139 2182 1178 se

613 1211 882 1267 facturum
932 1213 1234 1282 pollicetur,
1280 1215 1326 1268 si
1384 1215 1458 1268 illi
1511 1215 1782 1270 civitatem
1831 1214 2178 1274 tradidisset:

612 1303 702 1358 illa
730 1311 949 1374 repente
980 1303 1154 1359 fmdus
1180 1303 1319 1370 ferit,
1344 1313 1397 1359 et
1417 1307 1604 1361 urbem
1635 1306 1800 1361 dedit.
1834 1306 2017 1376 Itaque
2041 1307 2179 1362 bello

614 1393 848 1455 sublato.
875 1402 928 1449 et
970 1393 1240 1466 Egyptiis
1273 1396 1324 1449 in
1359 1397 1575 1468 propria
1619 1397 1733 1450 loca
1767 1399 2022 1461 reversis,
2059 1414 2175 1452 eam

613 1485 668 1540 in
703 1486 1112 1541 matrimonium
1167 1486 1336 1550 ducit,
1380 1496 1433 1541 et
1482 1487 1753 1541 civitatem
1799 1488 2061 1552 aediﬁcat,
2123 1498 2178 1545 et

613 1576 968 1647 liermupolin
995 1578 1268 1643 nominat;
1309 1579 1382 1632 ita
1415 1579 1558 1633 enim
1589 1579 1655 1632 ab
1681 1578 1948 1651 ngyptiis
1972 1581 2176 1652 Moyses

613 1678 980 1738 nuntnpatur,
1029 1677 1248 1738 propter
1301 1684 1580 1724 sacrarum
1640 1669 1976 1737 litterarum,
2011 1688 2172 1743 quam

611 1759 820 1826 habuit,
853 1759 1372 1828 interpretationem.

678 1957 809 2012 Erat
828 1965 882 2013 et
917 1957 1053 2028 apud
1090 1957 1371 2028 Ethiopas
1409 1966 1630 2027 propter
1669 1957 2037 2013 admirabilem
2070 1971 2172 2012 sa—

600 2050 868 2120 =picntiam
925 2049 980 2103 in
1012 2064 1227 2104 summo
1267 2049 1491 2103 honore.
1527 2048 1691 2105 Usum
1743 2050 1888 2105 enim
1933 2051 2170 2115 navium,

605 2140 886 2195 machinas
920 2138 986 2192 ad
1033 2141 1237 2210 lapides
1282 2141 1630 2201 excidendus.
1664 2149 1966 2196 armaturas
1990 2141 2170 2213 Egy—

606 2236 766 2304 ptias,
793 2235 1148 2288 instrumenta
1179 2232 1245 2286 ad
1269 2233 1596 2287 hauriendus
1627 2248 1816 2299 aquas,
1857 2249 1917 2286 ac
1957 2233 2166 2296 bellica,

603 2328 812 2397 primus
843 2327 1081 2380 omnium
1117 2326 1224 2380 illis
1261 2326 1604 2395 excogitavit.
1642 2325 1814 2378 Etiam
1859 2326 2165 2380 universam

602 2417 892 2490 Egyptum
919 2419 972 2472 in
1013 2419 1232 2487 triginta
1261 2417 1611 2486 praefecturas
1632 2416 1833 2475 divisit,
1855 2415 1920 2468 ad
1945 2432 2164 2486 regnum

600 2511 939 2580 Chenaphrae
964 2508 1364 2572 stabiliendum,
1392 2522 1512 2560 cum
1541 2508 1744 2577 absque
1759 2506 1946 2560 ordine
1972 2521 2000 2557 a
2029 2503 2168 2574 regi-

601 2601 703 2654 bus
730 2605 1044 2668 regerentnr
1068 2612 1164 2666 pro
1179 2595 1342 2648 animi
1367 2595 1590 2652 libidine
1620 2611 1794 2666 regem
1813 2596 2156 2664 appellantes,

597 2700 652 2745 et
671 2693 793 2745 item
820 2691 1162 2760 repudiantes
1173 2701 1333 2758 quem
1353 2684 1523 2754 magis
1537 2682 1754 2738 vellent.
1767 2681 1990 2751 Propter
2003 2687 2118 2743 lucc
2133 2702 2184 2742 a-

601 2779 978 2834 saccrdotibus
1010 2786 1065 2831 ut
1097 2778 1236 2832 deus
1269 2777 1681 2838 observabatur,
1725 2777 1792 2832 ab
1817 2775 2163 2847 Ethiopibus

599 2877 658 2924 ut
694 2886 782 2926 rex
805 2886 818 2922 :
839 2871 1037 2925 etenim
1061 2878 1113 2924 et
1140 2869 1604 2923 circumcisionem
1631 2869 1699 2922 ab
1719 2885 1782 2922 eo
1804 2881 2079 2938 acceptam
2095 2869 2160 2922 ad

596 2964 742 3016 hunc
776 2962 915 3016 diem
955 2967 1299 3016 conservant.
1322 2960 1532 3015 Primus
1563 2975 1795 3030 namque
1826 2968 1884 3014 ut
1915 2961 2159 3015 historiis

596 3051 820 3106 tradidit
853 3051 1197 3121 Eupolemus,
1231 3051 1446 3120 sapiens
1490 3051 1608 3116 fuit,
1635 3059 1688 3106 et
1719 3053 1924 3120 primus
1955 3053 2160 3106 litteras
2188 3082 2227 3138 Ο

594 3143 850 3199 Hebraeos
888 3143 1106 3205 erudiit,
1133 3159 1251 3214 qum
1292 3143 1480 3197 beatus
1535 3143 1804 3196 Abraham
1839 3160 1869 3198 e
1897 3144 2162 3201 Chaldaeis

594 3237 881 3292 detulerat.
914 3235 1116 3288 Harum
1164 3234 1306 3288 enim
1351 3233 1508 3303 primi
1537 3234 1846 3290 inventores
1877 3235 2114 3291 Chaldaei
2141 3254 2156 3303 ;

592 3340 660 3384 ex
715 3326 773 3381 ll.
795 3328 954 3383 braais
988 3325 1271 3381 thnices
1299 3325 1553 3390 habuere,
1586 3327 1929 3397 Cadmnsque
1968 3329 2066 3384 has
2094 3329 2160 3383 ad

594 3421 811 3476 Graecos
836 3419 1132 3474 transtulit.
1173 3417 1302 3473 Post
1330 3418 1590 3474 adversus
1633 3419 1912 3491 Ethiopas
1953 3422 2162 3478 exerci-

593 3518 709 3564 tum
754 3511 974 3564 ductum
1009 3510 1062 3563 in
1112 3507 1402 3580 Egyptum
1445 3511 1682 3579 appellit,
1713 3520 1766 3565 et
1809 3512 2159 3582 Cheuephras

594 3599 776 3655 verbis
830 3615 954 3655 cum
1014 3600 1265 3654 laudibus
1295 3599 1469 3668 plenis
1514 3600 1734 3669 excipit,
1778 3617 1835 3656 re
1873 3611 2052 3658 tamen
2103 3605 2158 3658 in

591 3708 712 3746 eum
748 3702 972 3745 mortem
1006 3691 1444 3758 machinabatnr;
1472 3707 1594 3746 eum
1646 3693 1790 3746 enim
1851 3693 2158 3750 hominibus

589 3774 832 3849 ejusdem
862 3784 1074 3852 generis
1098 3783 1386 3852 spoliatum
1417 3784 1470 3838 in
1506 3783 1792 3854 Memphim
1837 3801 2021 3842 secum
2045 3787 2158 3841 dn-

592 3878 689 3939 cit,
720 3877 1144 3948 interrogatqnc,
1179 3877 1308 3944 quid
1349 3877 1600 3932 humanis
1640 3878 1830 3934 usibus
1857 3888 2003 3935 esset
2053 3895 2160 3935 ac-

592 3967 1022 4033 commodatum;
1080 3975 1134 4021 et
1164 3968 1270 4021 ille
1323 3970 1597 4039 reSpondit
1630 3988 1643 4020 :
1680 3969 1902 4024 Bavium
1960 3986 2153 4041 genus,

588 4059 696 4129 ipsi
723 4060 867 4113 enim
889 4067 1086 4112 terram
1127 4067 1280 4113 arant
1309 4071 1362 4114 et
1388 4062 1591 4116 colunt.
1618 4061 1782 4132 Igitur
1809 4064 2155 4133 Chenephres

591 4150 738 4205 tauri
805 4150 995 4219 Apidis
1052 4149 1235 4204 fanum
1284 4159 1340 4203 ut
1379 4152 1774 4218 exa'diiicaret,
1821 4155 2152 4211 multitudini

587 4259 712 4298 cum
745 4243 1072 4306 mandasset,
1102 4241 1300 4313 Moysis
1329 4243 1545 4300 virtutis
1599 4255 1948 4300 monumenta
1977 4247 2154 4316 (erant

588 4339 768 4386 autem
820 4331 933 4385 haec
979 4347 1084 4386 aere
1124 4332 1354 4386 conﬂata
1405 4333 1550 4387 ibum
1581 4335 2066 4404 excogitationem,
2099 4346 2152 4394 et

2285 487 2525 558 προσῆγε
2553 492 2617 560 τῇ
2647 489 2797 542 πόλει
2816 490 2912 560 τὴν
2939 491 3212 560 στρατιάν,
3238 494 3294 545 ἐν
3309 491 3592 563 ἀμηχανίᾳ
3621 495 3819 569 μεγίστῃ

2282 576 2377 643 ὢν,
2403 579 2490 632 διὰ
2519 579 2580 632 τὸ
2603 575 2739 634 εἶναι
2769 580 3088 635 δυσάλωτον.
3117 582 3539 652 Μηχανωμένων
3563 579 3655 636 οὖν
3680 585 3819 640 πολλά

2281 670 2388 723 τῶν
2410 673 2734 740 Αἰγυπτίων,
2756 674 2850 726 καὶ
2875 673 3038 744 μηδὲν
3069 674 3376 743 ἰσχυόντων,
3412 675 3444 743 ή
3473 673 3717 748 θυγάτηρ
3744 678 3816 730 τοῦ

2283 761 2542 832 βασιλέως
2594 763 2832 836 Θάρμεις
2873 765 3113 834 ὀνόματι,
3171 765 3260 818 τὸν
3303 765 3544 820 Μωῦσέα
3605 766 3689 820 διά
3733 769 3816 820 τῶν

2282 852 2502 924 πύργων
2518 851 2844 925 θεασαμένη,
2869 854 3196 925 καὶὴσθεῖσα
3228 855 3319 906 ὲπί
3343 855 3422 925 τῷ
3448 855 3637 909 κάλλει
3660 857 3815 923 αὐτοῦ,

2281 946 2374 998 καὶ
2395 945 2714 1016 θαυμάσασα
2735 945 2840 1000 τῶν
2865 948 3251 1018 ἐπιχειρήσεων
3277 948 3440 1001 αὐτοῦ
3464 949 3563 1019 τὴν
3586 950 3813 1009 ἐπίνοιαν.

2279 1039 2358 1101 εἰς
2385 1037 2544 1091 πόθον
2585 1038 2814 1110 ἔρχεται·
2849 1039 2942 1091 καὶ
2965 1041 3324 1093 ἀποστείλασα
3359 1041 3472 1094 τῶν
3500 1042 3716 1094 οἰκετῶν
3742 1044 3811 1096 τδν

2279 1131 2615 1196 πιστότατον,
2646 1132 2771 1202 περί
2810 1132 2986 1202 γάμου
3017 1132 3150 1202 πρὸς
3181 1132 3336 1185 αὑτὸν
3358 1132 3625 1203 διελέχθη.
3675 1135 3727 1186 ’0
3769 1133 3812 1186 δὲ

2278 1222 2514 1293 Μωῦσῆς
2541 1223 2784 1293 ποιήσειν
2805 1220 2959 1276 τοῦτο
2981 1224 3262 1294 ὑπέσχετο,
3302 1226 3349 1277 εἰ
3393 1224 3497 1291 τὴν
3522 1223 3670 1277 πόλιν
3695 1226 3805 1296 αὐτῷ

2278 1315 2665 1386 παραδώσειεν.
2703 1315 2766 1366 Ἦ
2793 1313 2849 1367 δὲ
2882 1315 3215 1385 παραχρῆμα
3238 1313 3333 1384 τὴν
3361 1316 3588 1384 εἰρήνην
3629 1316 3809 1367 σπένδε-

2277 1425 2385 1472 ται,
2415 1406 2507 1460 καὶ
2532 1407 2629 1476 τὴν
2657 1407 2808 1458 πόλιν
2833 1405 2978 1476 αὐτῷ
3009 1406 3386 1478 παραδίδωσιν.
3433 1405 3697 1476 Λυθείσης
3737 1402 3806 1462 οὖν

2276 1499 2374 1569 τῆς
2395 1499 2591 1569 μάχης,
2612 1497 2826 1551 καὶτῶν
2841 1497 3147 1566 Αἰγυπτίων
3161 1500 3238 1560 είς
3259 1498 3381 1560 τοὺς
3393 1497 3628 1560 οἰκείους
3646 1499 3805 1561 τόπους

2275 1595 2691 1656 ἐπανελθόντων,
2718 1594 2908 1662 ἄγεται
2943 1595 3076 1666 πρὸς
3113 1595 3287 1666 γάμον
3313 1593 3505 1663 αὐτὴν,
3539 1597 3629 1648 καὶ
3666 1594 3804 1656 κτίζει

2278 1688 2447 1751 πόλιν,
2499 1688 2590 1740 καὶ
2622 1684 2973 1758 Ἐρμούπολιν
3015 1686 3347 1756 ἀναγορεύει·
3401 1687 3545 1739 οὕτω
3598 1686 3697 1757 γὰρ
3723 1685 3802 1738 ὑπὸ

2273 1779 2379 1832 τῶν
2429 1779 2736 1848 Αἰγυπτίων
2777 1780 2806 1831 6
2827 1779 3078 1850 ’Μωῦσῆς
3108 1777 3594 1850 προσαγορεύεται,
3629 1778 3705 1832 διὰ
3725 1778 3796 1847 τὴν

2275 1870 2338 1942 [Γ.
2369 1870 2451 1942 τὸ]
2479 1871 2584 1924 τῶν
2620 1869 2776 1939 ἰερῶν
2795 1870 3135 1941 γραμμάτων
3175 1870 3466 1942 ἑρμηνείαν
3495 1871 3794 1941 ποιήσασθαι.

2355 1964 2606 2033 Ἐτιμᾶτο
2633 1963 2687 2016 δὲ
2712 1965 2802 2016 καὶ
2831 1961 2981 2032 παρά
3013 1965 3123 2025 τοῖς
3142 1961 3381 2030 Αἰθίοψιν
3415 1962 3478 2014 ού
3516 1962 3703 2032 μικρῶς
3729 1961 3794 2015 διὰ

2270 2055 2367 2124 τὴν
2391 2053 2578 2122 σοφίαν
2605 2052 2700 2123 τὴν
2729 2052 3073 2120 ἁξιάγαστον.
3107 2051 3311 2104 Πλοίων
3353 2051 3467 2122 γὰρ
3493 2053 3588 2122 τὴν
3613 2052 3788 2122 χρῆσιν,

2271 2144 2361 2196 καὶ
2393 2142 2635 2214 μηχανὰς
2658 2143 2795 2215 πρὸς
2815 2143 3132 2204 λιθοθεσίαν,
3154 2142 3247 2194 καὶ
3274 2141 3415 2195 ὅπλα
3435 2141 3701 2211 Αἰγύπτια,
3719 2143 3788 2194 καὶ

2269 2235 2474 2307 ὄργανα
2520 2235 2807 2307 ὑδρευτικά
2859 2236 2951 2288 καὶ
2981 2233 3208 2304 πολέμια
3249 2233 3467 2304 πρῶτος
3505 2235 3668 2296 αὐτοῖς
3717 2235 3788 2285 ἐπ-

2269 2325 2504 2395 ενόησεν.
2517 2326 2634 2376 Ἔτι
2655 2325 2710 2378 δὲ
2728 2324 2820 2377 καί.
2838 2324 2934 2396 τὴν
2955 2323 3226 2392 Αἴγυπτον
3250 2324 3430 2378 πᾶσαν
3453 2327 3528 2388 εἰς
3545 2324 3785 2396 τριάκοντα

2265 2413 2425 2466 διεῖλε
2473 2414 2687 2483 νομοὺς,
2734 2412 2868 2485 πρὸς
2916 2412 2975 2466 τὺ
3019 2413 3095 2484 τῷ
3121 2414 3367 2483 Χενεφρῇ
3425 2413 3522 2484 τὴν
3558 2413 3783 2483 βασιλείαν

2273 2505 2576 2574 βεϐαιῶσαι·
2614 2505 2798 2576 ἐπειδὴ
2837 2507 3086 2568 ἀτάκτως
3123 2504 3494 2558 ἐϐασιλεύοντο
3526 2505 3778 2573 Αἰγύπτιοι,

2265 2616 2330 2667 γν
2351 2598 2454 2670 ῦμῃ
2510 2599 2872 2669 προσάγοντες
2912 2598 3005 2651 καὶ
3043 2595 3430 2668 καθαιροῦντες
3466 2597 3520 2650 ὃν
3566 2598 3622 2651 ἂν
3648 2595 3779 2667 ape-1f,-

2267 2706 2446 2761 ρηντο.
2482 2691 2559 2742 Δι’
2590 2688 2626 2743 ἀ
2649 2688 2776 2758 γοῦν
2811 2687 2918 2742 ὑπὸ
2948 2689 3045 2759 μὲν
3071 2688 3178 2740 τῶν
3219 2688 3410 2758 ἱερέων
3442 2688 3511 2752 ὡς
3548 2687 3650 2750 ίεὸς
3687 2689 3773 2739 ἐτι-

2268 2781 2424 2850 μᾶτο,
2456 2779 2559 2832 ὑπὸ
2579 2779 2633 2832 δὲ
2657 2779 2764 2833 τῶν
2791 2779 3059 2833 Αἰθιόπων
3082 2780 3156 2842 ὠς
3186 2779 3454 2848 βασιλεύς·
3485 2779 3674 2850 καὶγὰρ
3700 2780 3773 2831 καὶ

2263 2876 2361 2946 τὴν
2392 2874 2688 2947 περιτομὴν
2714 2877 2840 2946 παρ’
2875 2875 3036 2928 αὐτοῦ
3072 2876 3330 2946 μαθόντες
3366 2877 3489 2948 ἄχρι
3530 2875 3608 2928 τοῦ
3645 2872 3768 2943 δεῦρο

2263 2965 2634 3034 φυλάττουσιν.
2655 2967 2873 3038 Πρῶτος
2899 2967 3006 3038 γὰρ
3033 2962 3184 3031 οὗτος
3217 2967 3377 3036 σοφὸς
3406 2968 3669 3036 γεγένηται,
3705 2964 3767 3026 ὡς

2265 3057 2466 3127 ἱστορεί
2484 3058 2511 3108 6
2532 3056 2862 3126 Εὐπόλεμος,
2889 3057 2980 3109 καὶ
2995 3057 3293 3126 γράμματα
3315 3056 3512 3128 πρῶτος
3542 3051 3761 3122 Ἑϐραίοις

2269 3149 2664 3220 παραδέδωκεν,
2706 3149 2846 3220 άπερ
2881 3149 2908 3203 6
2957 3149 3220 3219 μακάριος
3286 3147 3506 3219 Ἀϐραὰμ
3540 3145 3632 3198 ἀπὸ
3661 3142 3752 3194 τῶν

2266 3237 2539 3291 Χαλδαίων
2570 3238 2811 3308 ὲκόμισεο
2843 3237 3046 3307 πρῶτοι
3103 3238 3210 3310 γάρ
3261 3235 3452 3308 εὐρεταί
3493 3232 3659 3286 τούτων
3698 3231 3741 3282 οι

2265 3329 2514 3382 Χαλδαῖοι
2549 3329 2886 3399 γεγένηνται·
2937 3328 3086 3399 παρὰ
3115 3329 3171 3384 δὲ
3206 3329 3305 3382 τῶν
3332 3324 3558 3399 Ἐϐραίων
3579 3319 3732 3374 ἔλαϐον

2263 3421 2528 3484 Φοίνικες·
2589 3421 2682 3474 καὶ
2733 3421 2951 3492 Κάδμος
2993 3421 3158 3474 ταῦτα
3220 3422 3490 3492 μετήγαγεν
3533 3415 3595 3477 εἰς
3628 3412 3728 3472 τοὺς

2267 3511 2547 3581 Ἕλληνας.
2565 3509 2718 3564 Μετά
2737 3509 2791 3563 δὲ
2813 3511 2910 3582 τὴν
2931 3510 3070 3562 κατά
3087 3511 3192 3562 τῶν
3209 3509 3459 3563 Αἰθιόπων
3475 3501 3736 3577 στρατηγίαν

2263 3603 2565 3670 ἀφικνεῖται
2597 3602 2675 3665 εἰς
2707 3600 2996 3669 Αἴγυπτον·
3029 3601 3121 3653 καὶ
3143 3602 3169 3653 ὁ
3201 3599 3472 3670 Χενεφρῆς
3497 3595 3639 3662 λόγοις
3668 3588 3746 3661 μὶν

2263 3694 2525 3764 εὐφήμοις
2556 3690 2817 3756 ἐδεξιοῦτο
2842 3691 3019 3754 αὑτὸν,
3039 3690 3217 3763 ἔργοις
3240 3690 3293 3742 δὲ
3318 3689 3408 3742 τὸν
3429 3688 3618 3743 θάνατον
3641 3680 3756 3738 κατά

2261 3786 2424 3840 αὐτοῦ
2450 3787 2663 3858 ἤρτυεν
2689 3785 2890 3856 ἔρημον
2912 3783 3018 3854 γὰρ
3041 3783 3147 3836 τῶν
3174 3783 3456 3852 ὁμοφύλων
3479 3780 3760 3848 καταστήσας

2260 3876 2442 3938 αὑτὸν,
2498 3876 2578 3938 εἰς
2618 3875 2838 3945 Μέμφιν
2894 3875 3010 3945 μετ’
3083 3872 3243 3925 αὑτοῦ
3304 3873 3647 3944 παραγίνεται·
3688 3866 3764 3918 καὶ

2260 3968 2437 4039 ἐρωτᾷ
2467 3965 2648 4030 αὑτὸν,
2678 3967 2728 4018 τί
2765 3968 2876 4029 τοῖς
2913 3964 3214 4037 ἀνθρώποις
3243 3965 3478 4037 ὑπάρχει
3502 3961 3764 4034 εύχρηστον.

2270 4059 2328 4113 ὐ
2359 4059 2414 4112 δὲ
2441 4059 2561 4128 ἔφη·
2599 4058 2718 4112 Τῶν
2748 4058 2886 4128 βοῶν
2917 4060 2978 4112 τὸ
3009 4059 3182 4127 γένος,
3209 4056 3295 4112 διά
3317 4057 3378 4110 τὸ
3418 4056 3666 4129 ἀρώσιμον
3691 4051 3770 4120 τὴν

2258 4151 2362 4221 γῆν
2388 4151 2476 4203 ὑπ’
2494 4151 2669 4203 αὐτῶν
2693 4149 3068 4204 καθίστασθαι.
3094 4150 3366 4213 Κελεύσας
3385 4146 3478 4203 οὖν
3511 4150 3608 4210 τοῖς
3631 4143 3770 4216 δχλοιὶ

2257 4243 2287 4294 6
2323 4242 2602 4312 Χενεφρῆς
2633 4240 2831 4312 ταύρου
2873 4241 3092 4304 ’Ἄπιδος
3133 4241 3296 4312 σηκὸν
3334 4237 3688 4309 τεκτήνασθαι,
3720 4231 3772 4286 τὰ

2256 4333 2350 4387 τοῦ
2377 4333 2650 4396 Μωῡσέως
2680 4333 2778 4402 τῆς
2807 4333 3005 4404 ἀρετῆς
3055 4333 3422 4403 ὑπομνήματα
3449 4327 3534 4402 (ἦν
3561 4330 3612 4382 δὲ
3640 4324 3774 4380 ταῦτα

585 4424 868 4480 historiam
888 4438 1064 4478 rerum
1083 4423 1293 4478 fortiter
1308 4425 1567 4479 adversus
1580 4424 1864 4495 Ethiopas
1879 4437 2151 4497 gestarum

2263 4419 2322 4473 ὲκ
2345 4419 2546 4490 χαλκοῦ
2579 4419 2941 4490 πεποιημένα,
2967 4419 3074 4472 τῶν
3111 4418 3267 4470 ἴϐεων
3309 4417 3405 4488 τὴν
3434 4417 3660 4470 ἐπίνοιαν
3678 4452 3689 4474 ,
3714 4409 3785 4461 καὶ

588 4515 886 4585 narrantia)
919 4517 1022 4570 sub
1080 4515 1387 4585 pavimento
1425 4517 1610 4585 templi
1668 4517 1897 4583 abdidit,
1928 4531 1982 4574 ut
2032 4521 2152 4590 ejus

585 4623 676 4663 res
704 4615 886 4677 gestae,
921 4608 1191 4662 oblivione
1220 4608 1641 4662 obscurarentur
1668 4626 1683 4676 ;
1724 4615 1775 4663 et
1805 4608 2151 4666 Hebraeorum

586 4697 1011 4762 multitudinem,
1042 4713 1162 4768 qua:
1191 4713 1312 4752 eum
1346 4698 1615 4764 tuebatur,
1657 4699 1711 4752 in
1754 4699 1889 4756 duas
1920 4702 2154 4771 provin~

584 4791 700 4844 cias
744 4791 978 4860 partitus
1008 4798 1130 4846 est:
1165 4791 1354 4861 partim
1387 4789 1530 4844 enim
1562 4789 1616 4843 in
1647 4788 1938 4860 Ethiopize
1975 4801 2153 4847 custo-

583 4881 728 4938 diam
757 4883 933 4946 misit,
968 4885 1161 4953 partim
1213 4883 1267 4938 in
1297 4881 1451 4939 Jovis
1505 4883 1640 4938 urbe
1697 4882 1764 4936 ad
1822 4891 2150 4939 structuram

585 4972 794 5043 templi,
841 4974 1007 5042 quod,
1054 4982 1236 5028 monte
1256 4974 1436 5029 vicino
1467 4975 1520 5028 in
1555 4973 1758 5045 lapides
1790 4975 1997 5041 exciso,
2035 4984 2153 5029 erat

581 5064 996 5123 exstruendum.
1039 5066 1167 5119 olim
1222 5065 1364 5118 enim
1407 5083 1473 5121 ex
1507 5070 1676 5122 coctis
1708 5067 1984 5123 laterculis
2035 5075 2152 5122 erat

581 5167 953 5230 compactum;
990 5160 1116 5212 item
1147 5174 1268 5212 cum
1305 5159 1572 5230 Egyptiis
1623 5161 1883 5214 nudatum
1936 5161 2148 5223 amicis,

581 5250 888 5306 interﬁcere
917 5250 1506 5320 jubebatjurejnramlo
1531 5252 1686 5306 [idem
1721 5253 2051 5322 astringens,
2084 5269 2151 5308 ne

581 5343 656 5397 illi
685 5344 912 5400 insidias
946 5343 1044 5399 has
1088 5343 1256 5414 Moysi
1299 5344 1616 5398 revelarent.
1659 5344 1922 5400 Omnibus
1969 5345 2152 5414 itaque

581 5433 869 5486 consilium
931 5432 1032 5487 hoc
1092 5432 1472 5487 recusantibus
1502 5433 1882 5489 Chanenothes
1927 5436 2146 5505 quidam

568 5524 867 5578 sentcntiae
899 5524 1056 5594 regia:
1076 5538 1295 5594 operam
1319 5522 1570 5577 daturum
1596 5539 1653 5577 se
1680 5518 1945 5592 promisit.
1983 5525 2149 5580 deio-

583 5629 691 5678 que
739 5615 908 5686 Moysi
952 5625 1180 5672 tnortem
1237 5616 1548 5683 illaturum;
1602 5626 1730 5670 tunc
1788 5619 2047 5687 temporis
2094 5627 2148 5674 et

582 5701 765 5759 Meroe
802 5707 903 5776 (sie
946 5708 1089 5764 enim
1124 5707 1476 5766 Thermutbis
1505 5708 1819 5779 vocabatur)
1866 5710 2142 5778 defuncta,

2259 4516 2356 4588 τὴν
2391 4514 2629 4586 ἱστορίαν
2659 4515 2755 4584 τῆς
2778 4513 2898 4568 κατ’
2931 4512 3200 4567 Αἰθιόπων
3240 4510 3599 4584 ἀνδραγαθίας
3625 4503 3787 4577 κηρύτ-

2259 4606 2437 4674 τοντα)
2482 4603 2586 4658 ὑπὸ
2634 4604 2692 4657 τὸ
2733 4605 2924 4672 ἔδαφος
2962 4603 3223 4675 ἐνέκρυψε
3275 4603 3368 4656 τοῦ
3425 4600 3552 4657 ναοῦ
3597 4597 3714 4669 πρὸς
3744 4591 3789 4644 τὺ

2259 4699 2395 4771 λήθῃ
2434 4697 2764 4769 παραδοῦναι
2799 4697 2866 4751 τά
2915 4697 3100 4751 τούτου
3137 4697 3404 4769 δράματα.
3445 4696 3548 4748 Τὸν
3577 4693 3630 4746 δὲ
3665 4689 3787 4761 δχλον

2257 4790 2365 4844 τῶν
2403 4791 2665 4862 Ἐϐραίων
2695 4789 2784 4843 τὸν
2829 4791 3158 4862 περιέποντα
3199 4790 3380 4856 αὐτὸν,
3425 4793 3506 4855 εἰς
3555 4787 3642 4841 δύο
3682 4785 3786 4856 ἔργα

2257 4884 2489 4954 διένειμε
2512 4899 2524 4912 ·
2577 4882 2705 4947 τοὺς
2737 4884 2836 4952 μὲν
2881 4884 2987 4965 γὰρ
3030 4885 3109 4947 είς
3148 4883 3393 4953 φυλακὴν
3424 4882 3526 4953 τῆς
3549 4875 3789 4936 Αἰθιοπίας

2256 4975 2548 5047 ἐξέπεμψε,
2567 4979 2692 5040 τοὺς
2713 4977 2770 5030 δὲ
2793 4975 2882 5030 τὸν
2903 4979 2970 5044 ,ὲν
2994 4976 3116 5040 Διὸς
3136 4977 3288 5030 πόλει
3318 4975 3444 5029 ναδν
3467 4977 3533 5028 ὲκ
3556 4972 3692 5026 λίθου
3712 4985 3788 5021 καο

2253 5071 2606 5133 τασκευάσαι,
2628 5069 3037 5139 λατομήσαντας
3055 5069 3116 5121 τὸ
3138 5069 3360 5138 πλησίον
3376 5069 3524 5139 ὅρος,
3545 5059 3790 5133 ἐπέτρεψε·

2251 5151 2414 5206 πάλαι
2431 5151 2536 5221 γὰρ
2552 5150 2610 5216 ἐξ
2623 5152 2791 5222 ὀπτῆς
2809 5149 3024 5205 πλίνθου
3039 5152 3066 5203 6
3080 5150 3202 5212 ναὸς
3220 5167 3348 5203 κατε
3357 5151 3637 5203 σκεύασεο·
3656 5149 3784 5198 Ἀποο

2253 5244 2487 5308 ξενὼσας
2501 5244 2557 5296 δὲ
2573 5245 2663 5297 καὶ
2674 5243 2780 5295 τῶν
2796 5243 3100 5312 Αἰγυπτίων
3115 5243 3292 5304 αὑτὸν,
3311 5243 3520 5295 ἀνελεῖν
3535 5241 3686 5295 αὐτὸν
3696 5237 3783 5296 τοῖς

2254 5336 2426 5406 φίλοις
2450 5335 2611 5390 αὑτοῦ
2640 5335 2955 5398 ἐνετέλλετο,
2979 5338 3182 5398 πάντας
3193 5335 3544 5409 ὁρκωμοτῶν,
3567 5334 3638 5406 μὴ
3663 5330 3782 5397 ποιῆ-

2252 5445 2340 5481 σαι
2361 5429 2506 5499 αὑτῷ
2527 5430 2624 5498 τὴν
2648 5429 2940 5482 κατάύτοῦ
2953 5447 3014 5482 τυ
3024 5431 3316 5502 ρευομένην
3334 5427 3651 5499 κατάδηλον.
3666 5424 3782 5478 Πάν·

2247 5541 2356 5576 των
2383 5519 2476 5574 οὖν
2505 5521 2600 5592 τὴν
2617 5521 2808 5592 βουλὴν
2833 5523 3032 5591 ταύτην
3053 5522 3458 5593 ἀπειπαμένων,
3491 5515 3784 5580 Χανενώθης

2246 5633 2330 5678 τις
2358 5613 2745 5683 διακονῆσαιτῇ
2768 5612 2957 5686 γνώμῃ
2983 5613 3074 5666 τοῦ
3094 5613 3350 5684 βασιλέως
3377 5606 3783 5672 κατέθετο,δολο·

2250 5705 2477 5778 φονῆσαι
2499 5706 2587 5758 τὸν
2609 5705 2840 5758 Μωῦσέα
2868 5706 3336 5778 ἐπαγγειλάμενος.
3356 5704 3488 5758 Τότε
3518 5703 3582 5775 δὴ
3608 5701 3696 5755 καὶ
3709 5698 3784 5768 τῆς
