4090 6288
351 426 456 484 735

1265 424 1536 482 SPURIA.
1582 457 1648 470 --
1683 425 2040 484 COMMENT.
2080 427 2148 482 IN
2189 427 2681 486 llEXAEMERON.

3476 429 3577 485 786

342 546 598 618 Μεῤῥόης
627 544 788 616 (οὕτω
799 543 908 616 γὰρ
919 548 952 616 ἠ
966 545 1268 616 Θέρμουθις
1293 547 1556 620 ἐκαλεῖτο)
1600 549 1917 621 τελευτησά-

2020 551 2210 621 ingens
2274 551 2515 608 oblatum
2591 566 2649 607 se
2709 558 2927 605 nactum
2992 547 3200 604 Pharao
3259 549 3578 608 existimans

345 641 696 714 σης,ἓρμαιον
707 644 736 696 6
753 643 831 694 Φα
839 641 951 712 ραὼ
962 641 1052 695 τὸν
1064 642 1252 714 καιρὸν
1267 643 1628 713 ἡγησάμενος,
1647 644 1911 716 προστάτ-

341 752 424 791 τει
455 736 660 806 Μωῡσῇ
683 734 774 788 κα)⁸
816 733 1106 806 Χανενώθῃ
1130 737 1207 798 εἰς
1222 738 1347 799 τοὺς
1370 735 1508 807 ὑπὲρ
1534 734 1806 803 Αἰγύπτου
1827 737 1909 790 τό-

343 845 478 893 πους
498 827 757 898 κηδεῦσαι
778 827 966 900 αὑτήν.
985 828 1234 896 Ἀφικνου
1241 828 1414 898 μένων
1429 827 1484 880 δὲ
1500 827 1692 891 αὐτῶν,
1715 823 1796 892 εἷς
1825 846 1909 893 τις

347 918 456 973 τῶν
477 917 790 971 συνειδότων
819 917 916 989 τὴν
945 917 1167 990 γνώμην
1199 919 1293 972 τοῦ
1324 918 1520 991 Φαραὼ
1536 921 1910 976 ἀνακοινοῦται

343 1009 422 1080 τῷ
451 1011 677 1080 Μωῡσῇ·
709 1009 802 1062 καὶ
833 1008 1071 1079 φυλάξας
1097 1009 1286 1063 ἑαυτὸν
1316 1011 1577 1065 πάντοθεν
1605 1015 1632 1066 6
1653 1014 1911 1084 Μωῡσῆς,

344 1102 444 1172 τὴν
476 1100 728 1172 Μερρόην
756 1100 942 1169 ἔθαψε,
975 1101 1068 1153 καὶ
1089 1100 1180 1153 τὸν
1203 1100 1364 1154 τόπον
1422 1101 1516 1156 καί⁵
1542 1102 1633 1156 τὸν
1673 1105 1913 1174 ποταμὸν

342 1189 598 1260 Μεῤῥόην
633 1189 691 1255 ἐξ
718 1190 886 1260 αὐτῆς
909 1188 1363 1259 προσηγόρευσεν.
1402 1190 1572 1254 Αὐτὸς
1615 1191 1672 1245 δὲ
1713 1195 1777 1246 ὲκ
1819 1193 1916 1264 μὲν

343 1282 620 1352 Μέμφεως
659 1282 750 1334 τὸν
794 1281 980 1334 Νεῖλον
1031 1281 1486 1352 διαπορθμεύσας,
1511 1283 1629 1337 καθ’
1664 1285 1916 1340 ὑπόθεσιν

357 1374 563 1445 Ἀαρὼν
589 1373 682 1428 τοῦ
702 1373 926 1442 ἀδελφοῦ
957 1373 1142 1435 αὐτοῦ,
1174 1377 1253 1438 εἰς
1271 1374 1368 1445 τὴν
1401 1375 1652 1446 ’Δραϐίαν
1680 1377 1917 1445 ἀπέφευ-

344 1483 439 1534 γεν
463 1483 476 1496 ·
504 1467 532 1519 6
563 1466 620 1518 δὲ
652 1463 973 1534 Χανενώθης
1009 1465 1330 1536 πυθόμενος,
1351 1465 1640 1538 γυμνώσας
1662 1469 1722 1521 τὸ
1769 1469 1918 1538 ξίφος

345 1556 658 1620 ύπαντιάξει
687 1556 850 1626 αύτῷ·
893 1558 922 1609 6
974 1556 1031 1609 δὲ
1061 1559 1298 1629 Μωῦσῆς
1339 1561 1586 1628 κατεῖχεν
1615 1560 1778 1614 αὑτοῦ
1819 1560 1917 1631 τὴν

343 1653 522 1721 χεῖρα,
549 1650 642 1702 καὶ
667 1649 947 1712 ὲκσπάσας
966 1649 1027 1701 τὸ
1063 1647 1213 1718 ξίφος
1251 1649 1413 1703 αὐτοῦ
1449 1650 1550 1720 τῆς
1593 1651 1790 1722 χειρὸς,
1838 1651 1916 1722 τῷ

345 1742 528 1812 οἰκείῳ
576 1740 718 1809 ξίφει
760 1741 922 1795 αὐτὸν
974 1741 1354 1812 διεχειρίσατο,
1400 1743 1493 1796 καὶ¹
1523 1744 1603 1805 είς
1663 1743 1916 1815 Ἀραϐἴαν

2015 651 2248 712 tempus,
2305 643 2476 715 Moysi
2524 652 2577 699 et
2618 643 2985 698 Chanenothaa
3029 643 3184 711 jubet
3234 650 3384 696 extra
3445 639 3580 697 ﬁnes

2013 733 2231 808 Egypti
2276 736 2396 792 ﬁliae
2442 738 2588 806 justa
2644 735 2842 791 facere.
2868 733 2987 801 Quo
3017 750 3140 790 cum
3188 735 3579 805 pervenissent,

2015 849 2157 888 unus
2211 848 2276 886 ex
2327 831 2564 886 consciis
2603 839 2838 885 mentem
2891 827 3190 884 Pharaonis
3239 827 3312 882 illi
3343 843 3580 882 commu-

2015 926 2180 981 nicat.
2208 922 2419 994 Moyses
2461 922 2562 978 sibi
2600 920 2961 988 undequaque
2991 932 3189 972 cavens
3227 914 3460 971 Mi-roem
3499 930 3588 970 se-

2014 1016 2197 1086 peliit,
2233 1022 2286 1068 et
2322 1012 2527 1071 locum,
2567 1018 2620 1068 et
2658 1008 2880 1063 ﬂuvium
2923 1005 3155 1062 Meroem
3195 1021 3258 1059 ex
3301 1020 3362 1059 ea
3403 1006 3585 1058 nomi-

2017 1107 2183 1162 navit.
2225 1103 2454 1174 Ipseque
2493 1117 2557 1156 ex
2596 1100 2865 1170 Memphi,
2905 1098 3026 1153 Nilo
3066 1098 3323 1168 trajecta,
3363 1097 3587 1153 nomine

2016 1198 2249 1253 Aaronis
2289 1195 2475 1251 fratris
2523 1193 2578 1248 in
2626 1192 2882 1246 Arabiam
2927 1191 3089 1262 fugit;
3131 1192 3274 1261 quod
3318 1189 3405 1244 ubi
3448 1205 3587 1258 prae,

2017 1290 2188 1346 sensit
2205 1286 2608 1350 Chaneuothes,
2635 1285 2825 1340 stricto
2853 1282 3030 1355 gladio
3055 1283 3312 1337 adversus
3339 1281 3584 1351 impetit:

2020 1395 2204 1431 verum
2275 1378 2486 1448 Moyses
2535 1377 2868 1448 deprehensa
2918 1393 3104 1440 manu,
3143 1390 3378 1444 enseque
3434 1374 3579 1428 illius

2018 1478 2252 1535 arrepto,
2287 1469 2516 1536 ejusmet
2539 1469 2684 1522 illius
2712 1468 2888 1538 gladio
2915 1467 3147 1537 jugulat,
3165 1475 3218 1522 et
3249 1467 3300 1519 in
3323 1464 3578 1519 Arabiam

2017 1561 2082 1614 ad
2116 1558 2406 1630 Raguelem
2447 1559 2682 1629 regionis
2729 1559 3026 1628 principem
3081 1558 3278 1626 migrat
3329 1557 3393 1616 ¹⁰.
3421 1563 3473 1610 et
3512 1570 3578 1609 ex

2015 1651 2135 1720 ejus
2180 1651 2285 1704 ﬁlia
2325 1648 2603 1720 Sepphora
2635 1651 2739 1707 sibi
2771 1651 2824 1704 in
2855 1650 3259 1705 matrimonium
3293 1647 3576 1712 collocata,

2016 1745 2152 1799 duos
2184 1746 2420 1814 suscepit
2442 1745 2598 1800 ﬁlios.

345 1834 484 1905 πρὸς
519 1834 840 1902 Ῥαγουῆλον
859 1833 950 1887 τὸν
975 1833 1083 1887 τῶν
1104 1834 1282 1889 τόπων
1307 1834 1543 1907 ἄρχοντα
1561 1838 1912 1906 παρεγένετο,
1963 1837 2054 1890 καὶ
2080 1835 2176 1907 τὴν
2200 1835 2468 1907 θυγατέρα
2496 1837 2658 1890 αὑτοῦ
2681 1835 2962 1907 Σεπφόραν
2988 1834 3270 1906 ἀγόμενος,
3296 1831 3355 1899 ἐξ
3411 1830 3579 1902 αὐτῆς

344 1922 437 1984 δύο
466 1924 657 1989 παῖδας
685 1924 990 1996 ἐγέννησεν.

427 2019 484 2071 ⁵0
507 2018 562 2070 δὲ
587 2015 803 2088 Φαραὼ,
830 2019 1007 2070 πᾶσαν
1033 2017 1131 2088 τὴν
1155 2016 1592 2089 δραματουργίαν
1619 2015 1716 2070 τοῦ
1742 2017 1907 2071 Μωῦ-

2077 2016 2286 2073 Pharao
2322 2018 2412 2074 ubi
2453 2017 2650 2089 Moysis
2679 2018 2878 2073 factum
2909 2017 3096 2080 audiit,
3126 2016 3262 2070 iram
3288 2017 3340 2070 in
3369 2015 3582 2071 Iudaeo-

345 2107 484 2172 σέως
513 2107 831 2179 πυθόμενος,
859 2109 949 2161 τὸν
980 2107 1144 2179 θυμὸν
1188 2110 1279 2162 ἐπὶ
1313 2109 1373 2162 τὸ
1405 2109 1604 2180 πλῆθος
1639 2109 1748 2164 τῶν
1788 2111 1918 2163 Ἰου-

342 2199 507 2254 δαίων
543 2199 685 2269 ἔχεε,
749 2203 844 2253 καὶ
892 2200 1060 2271 ἄρδην
1099 2200 1320 2264 τούτους
1361 2202 1698 2272 ἀναιρεῖσθαι
1745 2219 1915 2273 προσ-

347 2289 526 2354 έταξε·
559 2291 751 2360 μόνους
779 2290 887 2361 γὰρ
913 2292 1107 2355 αὐτοὺς
1133 2291 1280 2362 λινῆν
1307 2292 1506 2363 ἐσθῆτα
1538 2295 1721 2364 φορεῖν
1737 2292 1920 2347 κελεύ-

350 2396 451 2445 σας
480 2380 569 2435 διὰ
595 2383 656 2435 τὸ
691 2381 949 2454 εὔσημον,
995 2386 1074 2447 εἰς
1105 2383 1314 2453 σφαγὴν
1361 2385 1551 2448 αὐτοὺς
1603 2388 1714 2449 τοῖς
1754 2387 1920 2454 Αἰγυ-

349 2472 525 2535 πτίοις
589 2473 896 2525 ἐκδίδωσιν·
933 2474 1018 2541 ἐφ’
1068 2467 1112 2540 ᾧ
1160 2475 1188 2526 6
1240 2474 1370 2537 Θεὸς
1411 2475 1639 2546 μεγίστῃ
1681 2477 1921 2548 τιμωρίᾳ

348 2561 538 2615 τοῦτον
581 2563 805 2615 ἐκόλασε
825 2579 837 2592 ’
876 2563 1088 2633 πρῶτος
1119 2564 1224 2635 γὰρ
1270 2566 1470 2628 παντὸς
1495 2566 1779 2640 ἀνθρώπου
1807 2568 1919 2620 ἐλε-

350 2653 648 2720 φαντιάσας
676 2655 703 2705 6
734 2651 951 2724 Φαραὼ,
995 2654 1204 2725 αἰσχρῷ
1235 2655 1325 2709 τὸν
1372 2655 1484 2725 βίον
1522 2657 1664 2712 τέλει
1696 2657 1921 2711 κατέλυ-

352 2761 464 2799 σεν.
513 2745 570 2797 Ὀ
603 2744 657 2798 δὲ
709 2745 898 2798 τούτου
944 2744 1040 2815 τὴν
1080 2746 1246 2817 αὐτὴν
1291 2747 1461 2818 ἀρχὴν
1503 2748 1603 2819 τῆς
1649 2749 1920 2820 βασιλείας

349 2834 746 2905 διαδεξάμενος,
775 2836 909 2907 ὁμοῦ
940 2837 1148 2906 καὶτῆς
1176 2840 1436 2910 πονηρίας
1463 2843 1626 2896 αὐτοῦ
1651 2840 1718 2914 ἦν
1749 2844 1921 2898 διάδο-

349 2942 440 2995 χος
458 2941 471 2956 ·
492 2929 602 2988 τοῖς
617 2925 722 2998 γάρ
750 2927 929 2990 αὐτοῖς
960 2929 1146 2991 κακοῖς
1173 2931 1297 2993 τοὺς
1330 2931 1610 2997 Ἰουδαίους
1632 2935 1917 2991 ὑπέϐαλλε.

421 3018 528 3070 Καὶ
561 3017 756 3089 θρήνου
797 3019 986 3074 πολλοῦ
1014 3024 1354 3094 περιέχοντος
1380 3025 1596 3090 αὐτοὺς,
1635 3029 1664 3081 6
1693 3027 1823 3092 Θεὸς
1845 3025 1921 3083 οἷ-

351 3123 475 3159 κτον
519 3107 697 3162 λαϐὼν
743 3109 939 3174 αὐτῶν,
979 3111 1070 3165 τὸν
1116 3113 1353 3184 Μωῦσῆν
1379 3114 1681 3187 ἐξέπεμψεν
1706 3119 1786 3182 είς
1825 3118 1920 3190 τὴν

348 3196 1015 3270 Δίγυπτον,“προστάττων
1037 3202 1112 3274 τῷ
1131 3205 1330 3276 Φαραὼ
1365 3209 1629 3264 ἀπολῦσαι
1658 3211 1764 3264 τῶν
1801 3214 1923 3267 Ἰου-

2017 2126 2137 2164 rum
2167 2110 2566 2165 multitudinem
2590 2109 2798 2174 eﬁudit,
2822 2124 3023 2178 eosque
3056 2107 3407 2162 internecioni
3439 2108 3579 2162 tradi

2017 2217 2242 2272 prorsus
2269 2201 2576 2266 mandavit;
2596 2208 2804 2254 tantum
2821 2199 2964 2255 enim
2993 2214 3086 2254 eos
3105 2199 3241 2252 lineo
3261 2197 3579 2253 vestimento

2019 2295 2168 2348 indui
2227 2295 2414 2364 jussit,
2458 2301 2517 2347 ut
2583 2293 2800 2347 facilius
2861 2296 3340 2360 cognoscerentur,
3391 2289 3581 2357 sicque

2017 2387 2344 2443 occidendos
2373 2384 2640 2456 tEgyptiis
2666 2385 2862 2451 tradit;
2897 2397 2994 2452 pro
3024 2395 3131 2450 quo
3155 2379 3294 2434 Deus
3345 2379 3580 2432 maximo

2020 2476 2286 2546 supplicio
2315 2491 2439 2529 eum
2465 2475 2709 2544 punivit;
2732 2474 2972 2528 omnium
2995 2473 3138 2527 enim
3163 2469 3439 2524 hominum
3465 2468 3578 2538 pri-

2021 2585 2142 2623 mus
2169 2567 2402 2629 Pharao,
2451 2565 2836 2636 elephantiasi,
2895 2563 3196 2618 fredissimo
3254 2560 3378 2624 ﬁne,
3415 2559 3579 2613 vitam

2020 2660 2220 2714 amisit.
2245 2658 2416 2728 Hujus
2438 2658 2492 2711 in
2526 2657 2804 2712 dominatu
2834 2669 3139 2718 successor,
3166 2652 3323 2706 simul
3345 2661 3398 2704 et
3431 2649 3582 2706 illius

2019 2753 2273 2808 vitiorum
2328 2753 2500 2808 haeres
2522 2751 2648 2805 fuit.
2685 2749 2882 2804 Iisdem
2931 2746 3131 2818 quippe
3166 2743 3324 2801 malis
3364 2741 3581 2799 ludatis

2021 2844 2364 2901 conﬁciebat.

2089 3024 2219 3081 lnde
2252 3025 2486 3078 maximo
2519 3023 2738 3093 planctu
2787 3020 3183 3091 interpellante,
3227 3016 3369 3072 Deus
3389 3029 3578 3071 eorum

2019 3117 2278 3172 misertus
2345 3114 2581 3185 Moysem
2604 3115 2657 3168 in
2687 3113 2980 3184 Egyptum
3038 3111 3185 3166 misit
3216 3110 3280 3176 “,
3311 3107 3581 3163 Pharaoni

2021 3207 2340 3278 praecipiens
2380 3205 2689 3260 Judzeorum
2736 3204 3008 3258 nationem
3045 3203 3267 3257 liberam
3311 3199 3581 3255 dimittere

345 3293 508 3348 δαίων
563 3297 624 3349 τὸ
676 3296 828 3362 ἔθνος
871 3301 951 3363 είς
995 3301 1095 3371 τὴν
1154 3301 1386 3374 ἔρημον,
1443 3303 1584 3359 ὥστε
1631 3305 1920 3380 λατρεῦσαι
1952 3369 1986 3380 Α
2023 3299 2076 3353 ill
2114 3299 2410 3362 desertum:
2437 3305 2494 3351 ιιι
2520 3297 2596 3351 illi
2623 3295 2944 3351 ἀθεθτνίτθίο

347 3384 515 3438 αὐτῶ.

429 3475 552 3531 Ἐπὶ
583 3478 712 3545 γοῦν
743 3482 808 3551 τῇ
839 3481 1059 3556 τοιαύτῃ
1085 3483 1237 3555 ῥήσει
1260 3484 1352 3538 τοῦ
1382 3485 1658 3551 Μωῦσέως
1685 3488 1922 3559 χαλεπή-

346 3587 444 3632 νας
483 3572 511 3623 6
552 3570 770 3641 Φαραὼ,
803 3573 882 3636 είς
923 3575 1143 3646 εἱρκτὴν
1207 3578 1546 3648 παραχρῆμα
1588 3578 1920 3650 ἐμϐληθῆναι

347 3661 508 3713 αὑτὸν
538 3661 834 3732 προσέταξε
855 3681 868 3694 ⁸
903 3666 997 3718 καὶ
1028 3666 1114 3718 διὰ
1139 3669 1238 3736 τῆς
1273 3669 1461 3732 νυκτὸς
1493 3668 1698 3740 σεισμῷ
1726 3670 1920 3723 διεσεί-

352 3750 450 3820 σθη
478 3752 624 3803 πᾶσα
651 3754 682 3822 ή
717 3753 806 3822 γῆ,
839 3754 913 3817 ὡς
942 3754 1090 3818 τινὰς
1126 3755 1233 3808 τῶν
1262 3757 1516 3824 φυλάκων
1547 3760 1610 3811 ὲκ
1645 3758 1738 3811 τοῦ
1772 3759 1922 3824 δέους

348 3842 781 3915 ψυχορῤαγῆσαι,
823 3846 974 3909 τινὰς
1013 3847 1069 3900 δὲ
1111 3847 1260 3917 ὕπνῳ
1298 3848 1450 3918 βαθεῖ
1497 3849 1809 3920 παρεθεῖναι
1855 3851 1922 3905 τὰ

355 3937 520 4006 μέλη·
546 3936 715 3998 αὑτὰς
739 3936 795 3988 δὲ
827 3937 926 3998 τὰς
968 3937 1140 4002 πύλας
1172 3939 1268 4008 τῆς
1297 3941 1518 4012 εἱρκτῆς
1558 3943 1923 4015 ἀναπετασθῆ-

350 4041 455 4087 ναι,
513 4025 605 4077 καὶ
647 4025 878 4091 ἐξελθεῖν
919 4026 1009 4081 τὸν
1063 4029 1338 4098 Μωῦσῆν,
1372 4032 1465 4084 καὶ
1519 4033 1920 4103 παραγενέσθαι

349 4115 544 4178 νυκτὸς
577 4118 656 4179 είς
693 4116 758 4170 τὰ
807 4116 1050 4186 βασίλεια
1071 4135 1084 4147 ·
1113 4120 1206 4172 καὶ
1239 4120 1347 4190 γὰρ
1377 4122 1630 4176 κάκείνου
1659 4125 1714 4177 αἱ
1760 4125 1919 4196 θύραι

349 4208 714 4280 κλονουμένης
733 4211 833 4280 τῆς
862 4211 964 4281 γῆς
984 4213 1299 4283 διέστησαν·
1331 4215 1424 4268 καὶ
1447 4214 1661 4270 πάντων
1691 4217 1800 4271 τῶν
1827 4234 1922 4270 σω-

357 4303 746 4374 ματοφυλάκων
803 4306 1198 4370 καθευδόντων,
1250 4309 1509 4382 διύπνησε
1566 4313 1658 4365 τὸν
1723 4311 1921 4384 Φαραὼ

352 4392 594 4461 λέγων’(
630 4393 688 4450 '0
703 4395 834 4459 Θεὸς
871 4396 1212 4462 ἐξαπέστειλε
1238 4415 1304 4468 με
1346 4399 1611 4453 ἀπολῦσαι
1657 4402 1922 4471 προστάτ-

351 4499 460 4536 των
491 4499 572 4536 σοι
617 4485 704 4539 τὸν
735 4485 844 4538 τῶν
883 4487 1147 4541 Ἰουδαίων
1174 4489 1319 4544 λαόν.
1344 4507 1365 4542 ι
1402 4489 1456 4547 Ὀ
1468 4489 1524 4544 δὲ
1554 4491 1919 4560 καταπλαγεὶς

352 4575 540 4647 ἠρώτα
584 4579 680 4631 καὶ
725 4583 873 4643 ποῖος
916 4572 1068 4644 οὗτός
1114 4584 1252 4643 ἐστι,
1294 4582 1388 4636 καὶ
1418 4583 1470 4635 τί
1504 4583 1564 4636 τὸ
1613 4583 1781 4655 ὄνομα
1822 4585 1916 4638 τοῦ

312 4669 760 4734 οὰποστείλαντος
802 4673 959 4726 αὑτὸν
1011 4673 1178 4726 Θεοῦ·
1232 4671 1261 4723 6
1319 4673 1374 4726 δὲ
1415 4675 1670 4746 Μωῦσῆς,
1717 4674 1920 4748 προκύ-

2093 3472 2207 3528 Hoc
2236 3471 2438 3544 Moysis
2472 3470 2674 3527 dictum
2704 3487 2844 3542 aegre
2869 3473 3051 3526 ferens
3081 3465 3290 3522 Pharao
3335 3479 3582 3536 compre-

2020 3566 2252 3620 hensum
2280 3566 2428 3620 illico
2452 3566 2506 3619 in
2531 3565 2834 3620 custodiam
2867 3563 3087 3618 tradidit
3107 3560 3583 3623 includendum,et

2021 3675 2116 3730 per
2149 3667 2361 3714 noctem
2393 3669 2549 3713 terrae
2574 3659 2813 3713 motibus
2859 3656 3149 3711 universus
3199 3661 3463 3708 terrarum
3492 3668 3583 3707 oro

2021 3755 2105 3810 bis
2127 3761 2524 3823 conquassatus
2547 3760 2650 3814 est,
2683 3751 2755 3805 ita
2786 3759 2844 3804 ut
2875 3749 3028 3804 multi
3056 3763 3122 3803 ex
3150 3749 3463 3804 custodibus
3515 3748 3582 3802 ti-

2022 3861 2172 3900 more
2199 3844 2456 3915 perculsi,
2487 3844 2722 3898 animam
2754 3841 3014 3904 efﬂarint,
3041 3841 3195 3895 multi
3227 3841 3391 3894 etiam
3431 3839 3579 3911 gravi

2022 3953 2215 3993 somno
2244 3936 2502 4006 correpti,
2565 3932 2825 3989 membris
2877 3931 3074 3987 fuerint
3128 3932 3399 3997 dissoluti,
3451 3934 3580 3999 ipsa:

2021 4029 2285 4085 custodia:
2316 4027 2464 4082 fores
2488 4042 2645 4096 pares
2671 4033 2914 4096 patentes
2949 4031 3147 4092 aperta:
3179 4025 3308 4083 sint,
3341 4022 3580 4091 Moyses'

2021 4137 2127 4191 que
2160 4129 2382 4191 ereptus
2405 4104 2473 4174 ad
2503 4119 2700 4188 regiam
2725 4118 3048 4187 pervenerit,
3077 4116 3234 4185 cujus
3259 4127 3424 4186 portae
3453 4114 3579 4167 dum

2021 4223 2165 4269 terra
2195 4213 2660 4278 contremisceret,
2693 4211 2880 4264 divisze
2907 4216 3064 4278 sunt;
3094 4220 3146 4264 et
3182 4208 3432 4264 omnibus
3484 4221 3585 4260 cu-

2023 4307 2272 4363 stodibus
2299 4305 2546 4377 corporis
2577 4319 2768 4360 somno
2797 4304 3082 4374 correptis,
3118 4301 3331 4374 Moyses
3376 4300 3581 4356 excita-

2021 4401 2099 4454 vit
2131 4399 2490 4462 Pharaonem,
2515 4397 2704 4455 dicens
2731 4419 2744 4453 :
2773 4418 2792 4451 ι
2820 4397 2960 4453 Deus
2983 4397 3129 4452 misit
3151 4411 3256 4461 me,
3288 4402 3345 4448 ut
3367 4391 3583 4448 Iudaeo-

2020 4507 2140 4546 rum
2176 4491 2433 4561 populum
2465 4492 2728 4553 dimittas,
2763 4490 2859 4544 tibi
2914 4489 3212 4553 mandans;
3256 4506 3275 4539 ι
3331 4486 3420 4540 ille
3462 4501 3584 4555 per-

2021 4583 2345 4638 terrefactus
2378 4584 2671 4652 quaerebat,
2705 4583 2827 4652 quis
2847 4582 2934 4636 hic
2963 4588 3126 4646 esset,
3151 4588 3202 4634 et
3222 4579 3367 4650 quod
3387 4592 3583 4632 nomen

2025 4673 2137 4740 Dei,
2170 4674 2261 4743 qui
2287 4674 2437 4727 illum
2463 4674 2703 4729 miserat.
2739 4672 2949 4744 Moyses
2991 4688 3050 4728 se
3081 4673 3147 4726 ad
3196 4686 3381 4726 aurem
3437 4670 3583 4724 illius

349 4761 454 4831 ῴας
486 4764 566 4824 είς
597 4760 693 4832 τὴν
717 4763 885 4834 ἀκοὴν
924 4763 1107 4828 αὐτοῦ,
1142 4763 1235 4818 τοῦ
1297 4765 1431 4820 Θεοῦ
1465 4766 1526 4819 τὸ
1566 4767 1734 4838 ὄνομα
1772 4766 1917 4836 αὐτῷ

2025 4763 2343 4829 admovens,
2379 4779 2575 4818 nomen
2599 4762 2694 4818 Dei
2723 4764 3122 4831 manifestavit;
3156 4762 3388 4825 Pharao,
3445 4760 3583 4813 tanti

352 4856 674 4926 διεσάφησε·
706 4856 800 4908 καὶ
831 4856 904 4927 μὴ
925 4859 1268 4929 καρτερήσας
1299 4859 1397 4930 τὴν
1431 4859 1596 4930 ἀκοὴν
1629 4863 1657 4913 6
1694 4859 1911 4932 Φαραὼ,

351 4947 442 4999 ἐπὶ
472 4947 571 5018 τῆς
605 4948 708 5016 γῆς
745 4947 937 5000 ἔπεσεν
981 4949 1212 5017 ἄφωνος.
1241 4951 1348 5004 Καὶ
1410 4950 1720 5021 προσελθὼν
1769 4952 1917 5022 ἧγει-

353 5055 446 5110 ραν
483 5039 642 5092 αὑτὸν
689 5042 718 5093 6
758 5039 1016 5110 Μωῦσῆς,
1070 5042 1163 5094 καὶ
1206 5043 1284 5105 εἰς
1333 5042 1512 5096 δέλτον
1541 5042 1601 5096 τὸ
1655 5043 1916 5112 πανάγιον

351 5129 519 5198 δνομα
569 5130 894 5201 ἐγχαράξας,
959 5133 1283 5200 ὲσφράγισε·
1347 5133 1440 5186 καί
1495 5151 1578 5196 τις
1637 5133 1743 5186 τῶν
1786 5135 1915 5206 παρ’

350 5223 665 5291 Αἰγυπτίοις
698 5224 906 5292 ἱερέων,
941 5224 1195 5292 φαυλίσαι
1225 5223 1380 5278 τοῦτο
1411 5225 1684 5298 τολμήσας
1709 5227 1770 5280 τὸ
1802 5227 1915 5280 δνο-

351 5333 450 5387 μα,
491 5317 774 5386 σπασμονῇ
809 5315 1009 5379 εὐθέως
1041 5317 1132 5370 τὸν
1164 5317 1274 5386 βίον
1297 5318 1577 5372 κατέλυσε.

430 5406 488 5458 Ὀ
515 5405 573 5459 δὲ
599 5405 794 5475 Φαραὼ
825 5407 1042 5477 ποιῆσαί
1074 5425 1127 5460 τι
1163 5411 1384 5480 σημεῖον
1414 5409 1505 5462 τὸν
1557 5410 1796 5481 Μωῦσῆν
1826 5413 1916 5464 ἐπ-

349 5497 570 5566 έτρεπε·
605 5499 698 5550 καὶ
724 5501 752 5551 6
778 5499 1036 5570 Μωῦσῆς,
1065 5500 1130 5570 ῆν
1169 5503 1386 5571 κατεῖχε
1417 5500 1610 5571 ῥάϐδον
1641 5503 1798 5571 ἀφεὶς
1824 5504 1915 5556 ἐπὶ

348 5588 448 5658 τῆς
468 5588 590 5658 γῆς,
622 5590 702 5652 είς
734 5588 853 5657 δφιν
885 5588 1053 5660 αὑτὴν
1097 5589 1385 5659 μετέϐαλε·
1422 5591 1514 5643 καὶ
1555 5591 1716 5645 πάλιν
1749 5594 1915 5664 αὐτῆς

351 5679 647 5749 ἁψάμενος,
672 5683 751 5744 είς
775 5681 834 5734 τὸ
851 5682 1084 5752 ἀρχαῖον
1116 5682 1544 5754 ἀποκατέστησε.

429 5861 471 5892 ¹⁶
497 5859 668 5918 Exod.
707 5878 764 5920 ll.
847 5862 887 5896 “
917 5861 1088 5920 Exod.
1137 5880 1216 5922 Ill.
1298 5863 1337 5896 ¹¹
1365 5862 1536 5919 Exod.
1565 5881 1657 5923 vu.

2020 4858 2260 4913 nominis
2285 4856 2539 4912 audiendi
2573 4856 2766 4926 impar,
2807 4870 2936 4910 voce
2955 4856 3156 4910 amissa
3180 4856 3234 4910 in
3267 4863 3463 4910 terram
3490 4853 3584 4908 de—

2021 4951 2174 5012 cidit,
2200 4958 2255 5005 et
2299 4950 2568 5005 accedens
2624 4948 2856 5021 Moyses,
2882 4964 3005 5002 eum
3051 4949 3244 5011 erexit,
3281 4960 3586 5015 nomenque

2021 5041 2428 5097 sanctissimum
2490 5038 2692 5093 chartae
2731 5037 3050 5108 inscriptum
3106 5038 3281 5108 sigillo
3326 5037 3583 5105 obsigna-

2023 5135 2118 5198 vit,
2149 5142 2204 5187 et
2239 5149 2381 5188 unus
2410 5147 2473 5187 ex
2511 5132 2887 5186 sacerdotibus
2917 5130 3209 5202 Egyptiis,
3244 5145 3440 5185 nomen
3480 5128 3583 5182 hoc

2025 5225 2179 5296 parvi
2209 5224 2389 5280 facere
2416 5240 2606 5289 ausus,
2639 5224 2822 5280 statim
2850 5238 3069 5294 spasmo
3091 5224 3254 5278 vitam
3278 5219 3495 5291 ahjecit.

2093 5408 2307 5462 Pharao
2332 5407 2545 5477 signum
2569 5421 2599 5460 a
2618 5404 2801 5478 Moyse
2827 5404 3103 5476 poscebat,
3137 5410 3191 5459 et
3234 5400 3445 5472 Moyses
3487 5398 3583 5453 ba-

2022 5502 2228 5564 culum,
2261 5515 2419 5570 quem
2450 5516 2562 5570 prae
2582 5501 2832 5555 manibus
2859 5498 3110 5560 habebat,
3141 5497 3192 5550 in
3218 5505 3416 5548 terram
3445 5505 3580 5548 cou-

2015 5592 2244 5660 jectum,
2275 5593 2328 5646 in
2352 5602 2653 5662 serpentem
2687 5589 3036 5647 commutavit
3069 5589 3131 5654 ",
3183 5600 3342 5656 quem
3385 5585 3578 5640 iterum

2025 5698 2149 5738 cum
2184 5684 2472 5758 tetigisset,
2503 5684 2786 5758 pristinam
2820 5682 2898 5738 illi
2926 5679 3152 5736 formam
3184 5678 3441 5733 restituit.
