4090 6288
596 427 701 491 τϐτ

1456 431 1514 487 s.
1556 417 1997 488 EUSTA‘THIUS
2033 426 2521 486 ANTIOCHENUS
2556 424 2951 485 EPISCOPUS.

3691 430 3778 492 738

666 545 838 603 Porro
863 560 985 601 cum
1041 560 1216 615 neque
1262 545 1368 602 hoc
1409 548 1624 605 cederet
1661 549 1728 604 ad
1760 548 2017 619 populum
2067 547 2142 602 di-

2320 545 2522 599 Ἰῖούτου
2557 545 2615 599 δὲ
2671 545 2764 599 ἐπὶ
2803 543 2961 598 τοῦτο
3006 544 3080 617 μὴ
3123 542 3366 613 εἴξαντος
3405 543 3663 600 ἀπολῦσαι
3702 557 3780 607 τὸν

596 636 938 696 mittendum.
969 643 1161 690 orante
1183 633 1371 707 Moyse
1384 635 1573 702 Deum,
1607 652 1834 708 magnus
1856 645 2013 692 terrae
2033 654 2151 693 mo-

599 733 690 781 tus
714 739 818 779 una
839 739 959 778 cum
985 724 1251 793 grandine
1280 725 1455 781 factus
1475 734 1559 782 est
1583 734 1640 780 ut
1654 727 1748 797 qui
1773 735 1928 782 terrae
1944 738 2150 783 motum

595 817 893 872 evitandoe
919 815 1172 873 domibus
1193 833 1445 888 egressus
1473 820 1564 882 sit,
1600 835 1631 874 a
1666 820 1928 893 grandine
1958 820 2151 892 perde-

594 916 743 971 rctur
765 927 782 975 ;
808 909 900 978 qui
931 923 1124 963 rursus
1141 909 1456 981 grandinem
1478 911 1822 978 declinando,
1870 913 1926 967 in
1959 913 2151 969 domos

592 1000 897 1071 aufugeret,
923 1010 1080 1058 terra:
1106 1009 1253 1057 motu
1287 1012 1589 1060 corrueret.

661 1093 890 1167 Quando
913 1104 1090 1150 autem
1128 1111 1303 1167 neque
1323 1096 1427 1153 hoc
1452 1097 1593 1153 ﬂecti
1613 1098 1807 1168 potuit,
1829 1098 2023 1154 baculo
2044 1096 2149 1153 Nili

592 1201 732 1256 aqua
754 1201 914 1253 caesa,
932 1194 1098 1240 totam
1117 1185 1229 1243 fere
1240 1187 1530 1259 Egyptum
1550 1189 1823 1245 inundans
1842 1189 2039 1245 ﬂuvius
2057 1205 2152 1260 pa»

591 1290 713 1330 rum
736 1274 911 1331 abfuit
937 1278 1067 1347 quin
1090 1278 1438 1343 immerserit,
1466 1279 1539 1333 ita
1565 1289 1625 1333 ut
1647 1281 1714 1334 ab
1734 1294 1798 1335 eo
1827 1290 2065 1350 tempore
2081 1281 2150 1336 ad

592 1367 694 1423 hoc
712 1384 885 1439 usque
917 1371 1033 1439 ipse
1064 1385 1195 1427 suos
1231 1370 1528 1427 descensus
1554 1372 1733 1427 iteret.
1766 1373 1951 1444 itaque
2006 1372 2151 1430 Pha-

590 1475 687 1516 rao
738 1463 1114 1518 sacerdotibus
1146 1465 1417 1529 omnibus,
1465 1465 1561 1535 qui
1613 1466 1901 1537 Memphim
1944 1468 2150 1524 incole-

591 1553 741 1621 bant,
781 1558 1116 1622 convocatis,
1141 1558 1196 1611 ni
1215 1558 1402 1613 eadem
1424 1574 1544 1629 quae
1569 1569 1622 1615 et
1647 1559 1859 1631 Moyses
1888 1562 2147 1617 miracula

591 1645 889 1710 efﬁcerent,
924 1655 1151 1703 mortem
1184 1649 1311 1712 illis,
1346 1649 1680 1722 deorumque
1729 1651 1870 1708 fanis
1932 1655 2147 1710 ruinam

591 1739 830 1799 minatus
857 1746 961 1794 est.
997 1738 1100 1806 Qui
1122 1742 1455 1801 carminibus
1500 1744 1743 1815 magicis,
1782 1751 1842 1798 ut
1878 1745 2146 1809 solebant,

590 1827 857 1886 dracones
900 1839 959 1885 ut
989 1847 1266 1902 serperent
1305 1833 1569 1899 fecerunt,
1625 1835 1972 1907 ﬂuminisque
2004 1838 2150 1893 colo-

2247 637 2393 703 λαὸν,
2420 636 2716 708 εὐξαμένου
2742 635 2838 688 τοῦ
2870 636 3077 706 Μωῦσῆ
3124 636 3262 708 πρὸς
3284 636 3374 689 τὸν
3397 636 3550 699 Θεὸν,
3592 643 3781 710 σεισμὸς

2251 730 2422 801 μέγας
2455 728 2591 800 μετὰ
2611 725 2851 797 χαλάζης
2875 725 3189 798 ἐνέσκηψεν,
3217 725 3293 789 ὡς
3326 724 3418 778 τὸν
3448 724 3703 794 φεύγοντα
3726 733 3781 791 ἐκ

2246 819 2354 875 τῶν
2384 819 2647 890 δωμάτων
2674 817 2766 870 τὸν
2796 816 3018 887 σεισμὸν
3046 815 3150 869 ὑπὸ
3183 815 3284 885 τῆς
3314 814 3554 885 χαλάζης
3581 816 3781 874 ἀπόλλυη

2248 913 2401 976 σθαι,
2436 912 2561 975 τοὺς
2582 912 2627 964 δ’
2656 905 2723 964 αὖ
2761 909 2919 963 πάλιν
2956 908 3054 980 τὴν
3091 906 3328 979 χάλαζαν
3359 907 3622 962 ἐκκλίνειν
3641 912 3786 966 mli.

2246 1004 2437 1067 δοντας
2464 1002 2569 1055 ὑπὸ
2599 1001 2692 1055 τοῦ
2727 1000 2950 1073 σεισμοῦ
2984 998 3460 1069 καταφθείρεσθαι.

2326 1096 2415 1159 Ὠς
2444 1095 2501 1149 δὲ
2516 1095 2611 1148 καὶ
2637 1092 2901 1147 ἐπὶτοῦτο
2922 1092 3132 1163 ἔμεινεν
3147 1088 3518 1160 ἀδυσώπητος,
3537 1092 3603 1161 τῇ
3630 1093 3785 1167 ρᾲὁδφ

2246 1189 2308 1243 τὸ
2330 1186 2586 1242 Νειλώῖον
2614 1184 2758 1255 ὕδωρ
2789 1181 3043 1247 ἐπάταξε,
3073 1181 3167 1237 καὶ
3192 1181 3292 1249 τὴν
3327 1179 3599 1248 Αἴγυπτον
3629 1181 3781 1255 πλημ-

2251 1299 2323 1354 μυ
2331 1282 2394 1352 ρή
2402 1297 2498 1344 σας
2512 1282 2541 1334 6
2553 1278 2811 1349 ποταμὸς,
2845 1275 3039 1349 μικροῦ
3062 1275 3172 1328 δεῖν
3199 1275 3378 1328 πᾶσαν
3395 1272 3699 1339 ἐπέκλυσεν,
3718 1279 3779 1342 ὡς

2246 1373 2432 1427 ἔκτοτε
2458 1373 2586 1443 ἄχρι
2618 1371 2712 1424 τοῦ
2745 1370 2840 1426 νῦν
2869 1369 3132 1423 ποιεῖσθαι
3163 1368 3322 1421 αὐτὸν
3352 1366 3449 1438 τὴν
3490 1366 3775 1421 κατάϐασιν.

2260 1467 2317 1519 '0
2341 1465 2471 1534 γοῦν
2516 1463 2735 1535 Φαραὼ,
2773 1463 2898 1526 τοὺς
2926 1462 3065 1533 ὑπὲρ
3107 1460 3328 1531 Μέμφιν
3379 1461 3548 1531 ἱερεῖς
3578 1477 3781 1531 προσκα-

2247 1559 2563 1629 λεσάμενος,
2585 1555 2876 1626 ἠπείλησεν
2902 1553 3094 1617 αὐτούς
3112 1570 3171 1606 τε
3196 1553 3291 1606 καὶ
3321 1551 3531 1615 πάντας
3559 1553 3673 1616 τοὺς
3693 1553 3779 1608 τῶν

2247 1647 2477 1701 εἰδώλων
2505 1646 2823 1716 ἐξαφανίσαι
2858 1644 3075 1716 σηκοὺς,
3109 1644 3156 1697 εί
3189 1643 3262 1715 μὴ
3293 1641 3370 1714 τῷ
3398 1643 3606 1713 Μωῦσῇ
3635 1661 3782 1714 παρα-

2247 1739 2491 1811 πλησίως
2544 1738 3053 1810 τερατουργήσειαν.
3100 1737 3161 1790 Οί
3219 1736 3276 1790 δὲ
3293 1775 3307 1799 ,
3362 1737 3482 1798 ταῖς
3544 1734 3780 1800 είωθυίαις

2249 1832 2522 1903 γοητείαις
2553 1832 2905 1904 χρησάμενοι,
2936 1829 3235 1901 δράκοντας
3257 1827 3506 1898 ἐξέρπειν
3534 1827 3780 1898 ἐποίησαν,

591 1936 705 1976 rem
736 1930 1033 1986 mutarunt,
1065 1924 1139 1978 ita
1177 1933 1235 1979 ut
1269 1925 1354 1981 bis
1375 1926 1592 1983 inﬂatus
1616 1927 1848 1991 Pharao,
1896 1929 2142 1986 maximis

2250 1921 2343 1974 καὶ
2375 1920 2465 1973 τὸν
2499 1920 2736 1990 ποταμὸν
2768 1920 2986 1991 δοκήσει
3014 1919 3381 1990 μετέχρωσαν,
3414 1918 3489 1981 ὡς
3519 1920 3586 1974 ἐκ
3620 1919 3781 1973 τούτου

591 2014 868 2082 suppliciis
894 2014 1108 2071 Judaeos
1132 2015 1392 2085 aﬂ'eceril;
1416 2026 1467 2072 et
1485 2018 1694 2091 Moyses
1720 2020 1914 2076 baculo
1935 2022 2148 2090 pulsata

589 2111 754 2166 terra,
787 2104 987 2157 alatum
1024 2106 1224 2160 animal
1266 2107 1541 2177 produxit,
1582 2110 1725 2180 quod
1766 2110 2147 2184 Egyptiorum

587 2195 829 2251 insidens
857 2198 1176 2265 corporibus
1207 2201 1470 2271 operosis,
1501 2203 1852 2274 molestiaque
1871 2205 2147 2261 ulceribus

585 2285 942 2357 defatigabat,
1000 2289 1073 2344 ita
1118 2301 1178 2345 ut
1226 2292 1618 2355 medicamenta
1666 2297 1872 2355 nullam
1922 2305 2146 2367 possent

585 2378 779 2439 θῶπτε
803 2381 1108 2445 utilitatem,

656 2553 725 2608 Ut
756 2563 809 2610 et
839 2556 893 2610 in
928 2556 1029 2612 hac
1053 2558 1207 2630 plaga
1240 2558 1453 2617 Pharao
1484 2562 1773 2618 induratus
1807 2572 1891 2619 est
1925 2565 1989 2631 ¹³,
2021 2573 2146 2619 tan—

583 2641 705 2695 dem
755 2645 1143 2715 primogenitos
1182 2650 1348 2706 totius
1400 2650 1621 2723 Egypti
1677 2663 1849 2710 morte
1901 2656 2140 2712 delevit:

582 2750 752 2803 quare
774 2737 975 2809 ingenti
1008 2740 1153 2803 luctu
1177 2742 1414 2816 Egypto
1437 2754 1701 2816 occupata
1722 2763 1754 2803 e
1778 2756 1922 2802 terra
1954 2764 2144 2805 omnes

583 2819 793 2884 Pharao
813 2826 1027 2887 Iudaeos
1051 2834 1254 2899 emisit,
1282 2836 1375 2906 qui
1406 2839 1629 2892 multam
1673 2839 1813 2893 viam
1847 2841 2140 2910 progressi,

583 2913 1003 3002 ﬂuminibusque
1042 2925 1254 2982 Arabiae
1280 2928 1543 2998 trajectis,
1583 2930 1743 2985 tertia
1769 2930 1857 2986 die
1907 2933 1962 2985 in
1994 2949 2144 2990 mare

582 3006 827 3068 llubrum
865 3018 1212 3073 conveniunt.
1260 3017 1366 3074 Sed
1429 3019 1539 3075 Deo
1582 3038 1678 3076 cor
1727 3022 2029 3079 Pharaonis
2058 3025 2142 3079 in-

580 3097 829 3168 durante,
853 3121 1047 3164 rursus
1102 3108 1365 3181 Egyptii,
1426 3113 1823 3181 praeteritorum
1874 3117 2140 3173 malorum

581 3190 757 3260 obliti,
790 3212 911 3252 cum
945 3198 1519 3259 Pharaouelsraclitas
1567 3208 2037 3277 persequebantur
2074 3209 2138 3264 “tt

2249 2012 2564 2082 τυφωθέντα
2605 2011 2696 2065 τὸν
2731 2010 2929 2082 Φαραὼ
2964 2011 3203 2083 τιμωρίᾳ
3238 2011 3467 2084 μεγίστῃ
3511 2010 3633 2074 τοὺς
3674 2012 3777 2065 Ἰου-

2245 2105 2427 2168 δαίους
2465 2103 2772 2159 ὑποϐαλεῖν.
2811 2103 2922 2157 Καὶ
2965 2105 2994 2156 6
3021 2102 3279 2171 Μωῦσῆς,
3305 2104 3370 2172 τῇ
3399 2101 3583 2172 ῥάϐδῳ
3614 2101 3777 2167 παίσας

2244 2196 2343 2267 τὴν
2367 2197 2488 2267 γῆν,
2513 2197 2713 2267 πτηνόν
2736 2213 2789 2253 τι
2811 2195 2947 2259 ζῶον
2969 2194 3261 2265 ἐξερπύσαι
3287 2194 3452 2265 αὐτὴν
3474 2194 3777 2266 παρεσκεύα-

2248 2305 2358 2353 σεν,
2416 2289 2552 2360 ὅπερ
2594 2290 2704 2351 τοῖς
2751 2286 2994 2356 σώμασιν
3052 2286 3301 2357 ὲφιζάνον
3341 2286 3452 2339 τῶν
3501 2286 3777 2355 Αἰγυπτίων

2245 2380 2502 2444 ὲλκὼσεις
2523 2380 2752 2451 ἀνιαράς
2772 2380 2953 2443 αὐτοῖς
2978 2379 3285 2449 παρείχετο,
3310 2377 3387 2441 ὡς
3417 2378 3675 2448 μηδεμίαν
3696 2377 3775 2448 τὴν

2248 2472 2495 2545 ίατρικὴν
2526 2472 2748 2542 ποιῆσαι
2778 2471 2985 2535 τούτοις
3010 2471 3328 2542 ἐπικουρίαν
3356 2468 3630 2523 δύνασθαι.

2325 2566 2411 2628 Ὧς
2435 2565 2493 2618 δὲ
2540 2564 2635 2617 καὶ
2678 2563 2770 2617 ἐπὶ
2788 2562 2889 2633 τῆς
2942 2562 3201 2633 μάστιγος
3237 2561 3439 2631 ταύτης
3472 2558 3773 2632 ὲσκληρύνθη

2242 2657 2457 2732 Φαραὼ,
2482 2657 2783 2711 τελευταῖον
2813 2654 3026 2726 θανάτῳ
3053 2653 3120 2707 τά
3157 2654 3477 2726 πρωτότοκα
3516 2653 3606 2723 τῆς
3640 2648 3771 2719 Αίγύ-

2244 2765 2376 2802 πτου
2407 2749 2586 2819 πάσης
2617 2745 2873 2799 ὑπέϐαλε.
2905 2746 3014 2799 Καὶ
3029 2745 3257 2808 πένθους
3283 2742 3551 2798 ἐπὶτοῦτο
3571 2743 3771 2814 ἀμέτρου

2242 2841 2636 2905 καταλαϐόντος
2663 2841 2762 2912 τὴν
2785 2840 3079 2909 Αἴγυπτον,
3107 2838 3213 2891 ἀπὸ
3237 2837 3337 2907 τῆς
3358 2835 3541 2908 χώρας
3560 2831 3767 2903 παγγενῆ

2243 2934 2449 2997 πάντας
2479 2936 2507 2986 ὁ
2529 2931 2725 3004 Φαραὼ
2750 2934 2874 2995 τοὺς
2912 2931 3194 2995 Ἰουδαίους
3226 2928 3498 2999 ἐξέπεμψε
3518 2945 3533 2958 ο
3564 2926 3644 2981 καὶ
3663 2924 3768 2978 πολ-

2241 3024 2338 3096 λὴν
2368 3018 2513 3079 οὗτοι
2544 3025 2660 3078 ὁδὸν
2699 3024 3062 3087 διανύσαντες,
3099 3022 3192 3077 καὶ
3228 3023 3355 3083 τοὺς
3409 3019 3644 3091 Ἀραϐίας
3669 3017 3765 3069 δια-

2241 3118 2432 3183 ϐάντες
2464 3119 2758 3189 ποταμοὺς,
2787 3119 3015 3190 τριταῖοι
3060 3116 3153 3170 ἐπὶ
3179 3115 3280 3186 τὴν
3311 3112 3563 3185 Ἐρυθρὰν
3592 3109 3761 3163 θάλασ-

2245 3229 2343 3266 σαν
2377 3213 2752 3285 παρεγένοντο.
2778 3210 2884 3264 Τοῦ
2925 3211 2982 3263 δὲ
3009 3208 3144 3269 Θεοῦ
3182 3209 3280 3281 τὴν
3315 3204 3524 3278 καρδίαν
3551 3197 3760 3270 σκληρύ-

578 3301 766 3381 ναντος
797 3289 892 3343 τοῦ
936 3293 1152 3364 Φαραὼ,
1184 3295 1344 3350 πάλιν
1370 3298 1419 3349 oi
1457 3298 1741 3367 Αἰγύπτιοι
1775 3302 2155 3376 ὲπιλησθέντες
2193 3307 2301 3367 τῶν
2351 3308 2729 3381 προλαϐόντων
2777 3306 2982 3370 κακῶν,
3020 3306 3146 3369 τοὺς
3201 3300 3514 3375 Ἰσραηλίτας
3552 3296 3654 3366 ἅμα
3682 3290 3753 3361 τῷ

574 3378 788 3451 ΦαραὼΔ
813 3382 1125 3445 ἐπεδίωκον.

651 3476 917 3533 Caeterum
947 3495 1107 3536 nemo
1128 3480 1464 3540 Pharaonem
1503 3484 1559 3541 in
1591 3503 1769 3542 rerum
1809 3490 2138 3562 agendarum

578 3574 853 3637 stuporem
878 3586 908 3623 a
933 3570 1040 3626 Deo
1088 3572 1140 3626 vi
1167 3582 1413 3629 coactum
1468 3576 1668 3647 impelli
1701 3580 2006 3648 existimet;
2058 3588 2142 3638 et-

576 3656 721 3713 enim
744 3656 912 3714 Deum
941 3660 989 3716 is
1020 3662 1299 3732 injustitiae
1326 3676 1569 3731 accusat,
1601 3669 1730 3723 dum
1747 3669 1912 3724 dicit:
1945 3670 2002 3726 Si
2025 3674 2142 3743 ipse

576 3761 661 3806 est
692 3753 784 3822 qui
816 3768 912 3811 cor
945 3753 1186 3819 indurat,
1216 3765 1277 3809 ut
1321 3758 1454 3828 quid
1501 3760 1753 3816 indurato
1815 3765 2142 3819 succenset?

579 3842 775 3899 Verum
808 3847 963 3911 sciat,
1004 3848 1104 3903 has
1136 3851 1417 3921 plagarum
1473 3851 1725 3913 inducias
1777 3857 2020 3933 stuporis
2062 3858 2140 3912 illi

579 3951 801 3992 causam
840 3938 1042 4007 fuisse;
1072 3956 1194 3995 cum
1226 3945 1368 3997 enim
1399 3945 1453 3998 in
1485 3960 1606 4000 eum
1632 3947 1819 4017 plagas
1852 3947 2138 4015 inferebat,

580 4030 839 4098 populum
864 4031 1133 4087 dimittere
1158 4036 1530 4104 promittebat;
1562 4054 1747 4094 verum
1782 4039 1873 4095 ubi
1925 4056 1957 4095 a
2011 4057 2143 4121 sup-

579 4121 757 4189 pliciis
787 4123 1111 4189 abstinebat,
1155 4126 1244 4181 ille
1283 4127 1682 4198 indurabatur;
1720 4132 1823 4187 hoc
1867 4134 2036 4198 enim,
2087 4142 2141 4190 et

580 4212 757 4266 verbis
784 4213 919 4282 ipsis
948 4214 1228 4286 Scriptura
1252 4220 1409 4281 nobis
1457 4222 1721 4288 insinuat,
1764 4240 1888 4279 cum
1940 4227 2016 4280 ait
2045 4228 2089 4259 “
2122 4243 2137 4280 :

592 4301 781 4359 Viden:
810 4316 983 4360 autem
1017 4308 1250 4374 Pharao,
1281 4311 1419 4380 quod
1450 4312 1593 4381 facta
1646 4324 1780 4369 esset
1839 4319 2138 4384 respiratio,

580 4400 883 4467 aggravavit
904 4416 994 4454 cor
1019 4417 1194 4464 suum,
1213 4410 1262 4454 et
1292 4419 1395 4456 non
1423 4404 1623 4458 audiuit
1651 4422 1760 4470 eos,
1785 4408 2141 4463 aicut’loculus

576 4500 655 4547 est
673 4492 956 4556 Dominus;
986 4500 1040 4547 et
1063 4493 1107 4523 ¹⁶
1132 4493 1227 4547 :In
1255 4493 1350 4548 hoc
1371 4495 1540 4563 ipsum
1562 4499 1785 4557 excitavi
1807 4509 1872 4566 te,
1894 4508 1951 4553 ut
1979 4510 2143 4555 osten-

577 4583 703 4643 dam
730 4586 781 4640 in
814 4595 861 4639 te
887 4595 1053 4647 totum
1083 4586 1241 4647 robur
1273 4605 1465 4646 meum.

649 4764 780 4831 Quae
812 4767 939 4821 dum
972 4769 1151 4834 audis,
1180 4786 1311 4826 cave
1336 4770 1390 4826 id
1431 4771 1574 4825 malo
1631 4786 1795 4826 sensu
1846 4773 2134 4843 percipias,

2308 3487 2512 3560 Μηδεὶς
2558 3487 2615 3539 δὲ
2645 3483 2890 3556 ὑπολάϐῃ
2938 3483 3029 3537 τὸν
3065 3480 3263 3554 Φαραὼ
3292 3480 3393 3533 ὑπὸ
3429 3476 3508 3530 τοῦ
3530 3471 3644 3528 Θεοῦ
3672 3473 3740 3536 είς

2241 3581 2592 3654 ἀναισθησίαν
2637 3581 2745 3633 τῶν
2786 3578 3168 3652 πραττομένων
3204 3579 3396 3648 χωρεῖν
3426 3570 3748 3634 ἐκϐιάζεσθαι·

2241 3675 2450 3739 ἀδικίας
2474 3674 2585 3746 γάρ
2620 3672 2749 3736 ἴσως
2778 3672 2871 3725 τοῦ
2901 3670 3033 3724 Θεοῦ
3057 3670 3084 3722 ὁ
3112 3668 3350 3731 τοιοῦτος
3379 3662 3764 3735 καταψηφίζεται

2241 3770 2494 3838 φάσκων*
2524 3768 2585 3820 Et
2612 3766 2773 3829 αὐτὸς
2803 3763 3091 3836 σκληρύνει
3114 3762 3209 3834 τὴν
3235 3760 3481 3833 καρδίαν,
3508 3759 3557 3810 τί
3586 3755 3770 3828 μέμφε-

2239 3878 2328 3914 ται
2361 3859 2438 3931 τῷ
2483 3857 2931 3931 σκληρυνομένῳ;
2974 3855 3133 3909 Ἀλλά
3165 3853 3502 3923 γινωσκέτω,
3532 3851 3607 3903 ὅτι
3632 3844 3777 3916 ἀνοχῇ

2240 3952 2346 4005 τῶν
2396 3950 2671 4022 μαστίγων
2718 3949 2869 4009 αἰτία
2899 3949 2996 4019 τῆς
3037 3944 3344 4018 πωρώσεως
3374 3942 3525 4014 αὐτῷ
3569 3940 3776 4009 ὲγίνετιν

2240 4046 2399 4115 ἡνίκα
2434 4044 2543 4115 γάρ
2578 4043 2782 4112 ὲπῆγεν
2829 4043 2915 4095 ἐπ’
2939 4040 3098 4094 αὑτὸν
3140 4039 3237 4101 τὰς
3285 4037 3524 4109 πληγάς,
3556 4030 3783 4089 ἀπολύειν

2238 4137 2329 4189 τὸν
2361 4136 2487 4190 λαὸν
2516 4134 2876 4207 ἐπηγγείλατο
2898 4149 2913 4165 ο
2950 4132 3113 4205 ἡνίκα
3141 4132 3198 4184 δὲ
3227 4131 3378 4201 ⁴ίιφίει
3412 4130 3524 4183 τῶν
3563 4126 3784 4199 βασάνων

2240 4228 2419 4290 αὑτὸν,
2467 4227 2849 4299 ὲσκληρύνετο·
2881 4224 3036 4288 τοῦτο
3062 4223 3169 4295 γάρ
3194 4223 3285 4275 ἐπὶ
3325 4221 3531 4287 λέξεως
3557 4216 3788 4289 σημαίνει

2240 4318 2332 4370 καὶ
2361 4319 2394 4388 ὴ
2416 4317 2606 4390 Γραφὴ
2630 4318 2884 4385 λέγουσαι¹
2918 4314 3170 4381 Ἰδὼν,δὲ
3189 4306 3418 4383 Φαραὼ,
3444 4314 3537 4368 ὅτι
3571 4311 3792 4381 γέγονεν

2239 4409 2560 4478 ἀνάφυξις,
2597 4411 2848 4478 ἐϐάρυνε
2875 4412 2990 4476 τὴν
3034 4408 3287 4477 καρδίαν
3315 4406 3531 4472 αὐτοῦ,
3576 4403 3675 4459 καί
3701 4403 3792 4455 οὐκ

2238 4500 2602 4568 εἰσήκουσεν
2634 4500 2850 4565 αὐτῶν,
2893 4498 3156 4567 καθάπερ
3174 4498 3485 4566 ἐλάλησεν
3514 4501 3549 4551 ό
3580 4497 3792 4563 Κύριος·

2240 4594 2355 4657 καὶ,
2378 4596 2483 4658 Εὶς
2503 4594 2647 4647 αὐτὸ
2661 4592 2836 4646 τοῦτο
2860 4590 3135 4661 ἐξήγειρά
3155 4607 3249 4656 σε,
3275 4590 3438 4657 ὅπως
3462 4588 3797 4654 ἐνδείξωμαι

2246 4687 2319 4740 ἐν
2346 4686 2446 4739 σοὶ
2472 4685 2679 4741 πᾶσαν
2707 4685 2823 4753 τὴν
2845 4685 3103 4754 δύναμιν
3121 4703 3261 4754 μου.

2323 4777 2458 4831 Ἀλλ’
2488 4777 2698 4831 ἀκούων
2727 4779 2799 4849 μὴ
2832 4778 3129 4849 δυσφήμως
3164 4776 3468 4850 ὑπολάϐῃς,
3497 4775 3695 4844 λέγων·
3722 4767 3801 4823 Διᾶ

577 4856 764 4913 dicens
796 4877 809 4914 ε
839 4858 986 4926 Quas
1014 4862 1086 4917 ob
1119 4877 1313 4919 causas
1335 4879 1431 4918 eos
1464 4864 1619 4934 punit
1669 4864 1822 4933 prius
1866 4866 2009 4928 illos,
2073 4875 2131 4919 ut

2240 4870 2286 4924 τί
2302 4873 2616 4942 τιμωρεῖται
2638 4871 2851 4935 αὐτοὺς,
2876 4870 3187 4940 ἀντιστῆναι
3211 4868 3356 4939 αὑτῷ
3379 4863 3801 4940 παρασκευάζων

577 4947 682 5002 sibi
716 4950 951 5015 obstent,
980 4955 1330 5021 praeparans?
1366 4970 1536 5024 quare
1566 4955 1845 5025 vapulant,
1883 4956 1929 5011 si
1953 4958 2021 5011 ab
2050 4957 2134 5012 in-

569 5041 783 5110 justitia
810 5043 951 5099 Deus
975 5047 1265 5101 abhorret?
1289 5047 1393 5102 Sed
1416 5048 1554 5103 scito
1580 5049 1835 5118 primum,
1853 5064 1974 5120 quae
1989 5049 2133 5119 apud

578 5134 913 5206 Scripturam
931 5139 1207 5193 adversari
1224 5142 1326 5196 sibi
1347 5141 1618 5207 videntur,
1640 5158 1749 5207 non
1763 5143 2128 5211 discursibus,

573 5229 669 5289 Sed
698 5231 959 5300 exemplis
982 5231 1326 5289 dissolvenda
1351 5251 1494 5292 esse.

644 5320 1111 5393 Quemadmodum
1144 5326 1288 5379 enim
1314 5328 1643 5384 medicorum
1681 5328 1872 5400 optimi
1905 5329 1999 5399 qui
2030 5329 2134 5393 ltu-

574 5431 737 5470 mano
777 5418 960 5487 generi
1000 5419 1287 5474 commodo
1336 5421 1666 5491 utilitatique
1714 5437 1836 5478 esse
1892 5423 2135 5489 student,

573 5505 791 5569 decreto
816 5509 1005 5563 ultimo
1034 5511 1197 5571 morti
1226 5510 1482 5566 subactos
1508 5515 1935 5582 expostulantes,
1965 5530 2060 5572 eos
2082 5518 2137 5572 in

576 5601 817 5662 membra
843 5602 1108 5670 incidunt,
1145 5613 1203 5667 ut
1226 5619 1322 5673 per
1353 5604 1513 5657 morti
1545 5606 1835 5673 obnoxios,
1886 5609 2137 5665 homines

577 5687 813 5745 fructum
845 5695 1076 5772 aliquem
1101 5702 1508 5767 consequantur
1539 5714 1553 5750 :
1605 5700 1685 5755 sic
1733 5700 1875 5758 Deus
1920 5716 2135 5757 omnem

2239 4962 2435 5027 αὑτόν;
2469 4961 2555 5015 διὰ
2582 4961 2633 5015 τί
2675 4962 2887 5025 τύπτει,
2932 4964 2980 5015 εἰ
3011 4962 3111 5016 οὐκ
3137 4961 3282 5014 ἔστιν
3332 4960 3527 5015 ἀδικία
3568 4957 3719 5030 παρὰ
3741 4952 3803 5022 τῷ

2237 5054 2389 5125 Θεῷ;
2424 5055 2581 5109 Ἀλλά
2603 5057 2914 5124 γινωσκέτω
2936 5054 3171 5126 πρῶτον,
3199 5053 3369 5109 ὅτιτά
3390 5052 3669 5107 δοκοῦντα
3687 5046 3807 5102 εἶναι

2237 5146 2624 5216 ἀντιλεγόμενα
2678 5147 2828 5219 παρὰ
2857 5150 2923 5219 τῇ
2974 5148 3185 5220 Γραφῇ,
3225 5147 3287 5200 οὐ
3330 5146 3653 5217 λογισμοῖς,
3695 5138 3808 5196 ἀλὶὶ

2236 5240 2636 5311 παραδείγμασι
2663 5239 2865 5295 λύεται.

2308 5335 2517 5405 Ὥσπερ
2537 5333 2643 5406 γὰρ
2666 5335 2714 5386 οἱ
2731 5334 2937 5405 ἄριστοι
2954 5333 3061 5386 τῶν
3085 5332 3299 5402 ἰατρῶν,
3327 5330 3625 5403 ὠφέλιμόν
3643 5347 3697 5382 τι
3712 5327 3811 5381 ὲπιο

2237 5424 2424 5494 νοῆσαι
2453 5426 2517 5495 τῇ
2562 5423 2873 5496 ἀνθρωπίνῃ
2907 5424 3065 5495 φύσει
3103 5423 3527 5487 σπουδάζοντες,
3574 5423 3705 5483 τοὺς
3728 5417 3807 5472 θα·

2237 5520 2426 5588 νατικῇ
2454 5517 2722 5585 ἀποφάσει
2773 5516 3171 5586 ὑποϐληθέντας
3198 5514 3575 5586 αἰτησάμενοι
3606 5508 3814 5578 ἀνατέμ·

2235 5626 2437 5668 νουσιν.
2463 5609 2549 5662 ἵνα
2575 5609 2661 5662 διὰ
2685 5608 2792 5663 τῶ)
2825 5599 3091 5662 ὑποδίκων
3112 5607 3187 5678 τῷ
3212 5607 3427 5678 θανάτῳ
3455 5604 3747 5677 ὠφέλιμόν
3768 5616 3812 5653 τι

2236 5705 2347 5768 τοῖς
2376 5701 2679 5777 ἀνθρώποις
2710 5702 3032 5777 ὲφεύρωσιν·
3059 5702 3231 5766 οὑτως
3261 5704 3289 5755 6
3319 5704 3515 5756 πᾶσαν
3550 5693 3820 5775 ἀνθρωπι-

656 5868 699 5903 ¹³
732 5867 899 5931 Exod.
933 5890 1026 5932 xu.
1108 5875 1145 5909 ιδ
1172 5874 1340 5933 Ετοέ.
1394 5893 1499 5937 Inv.
1579 5878 1620 5910 ”‘
1642 5875 1820 5941 Exod.
1849 5893 1965 5936 vui.
2045 5878 2087 5912 “‘
2113 5877 2286 5937 Exod.
2322 5893 2398 5937 ix;
