4090 6288
377 330 480 414 ’ἔδυ

1287 353 1558 412 ΞΡΠΒΙᾹι
1597 383 1664 394 -
1701 351 2052 410 COMMENT.
2093 350 2162 406 IN
2200 349 2695 408 HEXAEMERON.

3497 355 3599 412 790

375 491 473 544 νην
505 471 694 540 σοφίαν
727 467 1068 542 ὑπερϐαίνων
1099 470 1230 535 Θεὸς
1257 471 1344 525 διά
1377 469 1472 524 τοῦ
1513 469 1728 524 ἀνίατον
1766 475 1915 543 ήμαρ

2044 471 2334 526 humanam
2406 469 2726 539 sapientiam
2793 484 3101 541 superans,
3153 487 3249 543 per
3311 488 3432 528 eum
3505 477 3596 544 qui

373 562 599 635 τηκότος
645 560 844 632 Φαραὼ
894 563 1096 633 σημεῖα
1151 563 1358 633 μεγάλα
1403 563 1658 624 δείκνυσι,
1700 565 1790 616 τὸν
1839 567 1938 636 μὲν

373 653 524 719 ἀξιον
573 654 841 724 τιμωρίας
872 651 1134 717 κολάζων,
1166 654 1292 716 τοὺς
1331 653 1387 707 δέ
1434 655 1570 723 μετὰ
1614 655 1787 710 ταῦτα
1811 673 1936 724 γεν-

373 741 644 812 νωμένους
673 741 1010 816 θεραπεύων,
1055 743 1324 814 σωτηρίας
1361 744 1614 800 ὑπόθεσιν
1645 746 1742 818 τὴν
1772 746 1936 802 αὐτοῦ

371 834 640 906 τιμωρίαν
665 835 848 899 αὐτοῖς
870 835 1257 908 παρεχόμενος.

439 1014 767 1084 Συναγαγὼν
797 1009 890 1068 οῦν
929 1017 1108 1070 πᾶσαν
1134 1015 1235 1089 τὴν
1265 1014 1490 1086 δύναμιν
1525 1018 1554 1070 6
1583 1015 1800 1088 Φαραὼ,
1837 1019 1934 1090 ἆρ-

375 1124 518 1176 ματα
563 1108 661 1178 μὲν
703 1106 968 1171 διακόσια,
1037 1107 1246 1161 ἱππέων
1298 1109 1355 1160 δὲ
1409 1109 1672 1180 μυριάδας
1704 1117 1773 1176 κ’,
1809 1113 1944 1174 τοὺς·

383 1199 716 1272 Ἰσραηλίτας
763 1200 999 1254 ἐδίωκεν.
1032 1201 1094 1254 Οἱ
1131 1201 1208 1262 δέ,
1243 1201 1604 1273 διαιρεθείσης
1643 1203 1743 1273 τῆς
1775 1204 1931 1274 Ἐρυ-

371 1293 507 1364 θρᾶς
561 1291 833 1362 θαλάσσης
887 1290 990 1345 ὑπὸ
1017 1291 1312 1356 Μωῦσέως,
1366 1293 1743 1364 προστάγματι
1793 1293 1928 1347 Θεοῦ

370 1385 718 1452 ἐπορεύοντο⁶
752 1383 844 1436 καὶ
883 1381 1167 1450 Αἰγύπτιοι
1217 1384 1443 1436 κατόπιν
1471 1384 1648 1437 αὐτῶν
1687 1383 1933 1438 ἐλαύνον-

370 1491 459 1539 τες
486 1472 988 1544 κατεποντώθησαν,
1010 1475 1076 1544 τῇ
1111 1472 1290 1544 ῥάϐδῳ
1328 1474 1421 1528 τοῦ
1453 1476 1728 1539 Μωῦσέως
1757 1475 1930 1529 πατά-

371 1565 576 1632 ξαντος,
603 1567 695 1620 καὶ
715 1566 1108 1634 συναγαγόντος
1127 1564 1195 1618 τὰ
1225 1565 1413 1619 ὕδατα.

439 1659 515 1729 Τῇ
548 1658 592 1711 δ’
617 1655 871 1728 ὑστεραίᾳ
894 1655 1176 1727 ήμέρᾳ,τὰ
1207 1656 1344 1710 ὅπλα
1375 1657 1484 1712 τῶν
1514 1658 1821 1726 Αἰγυπτίων
1849 1661 1928 1732 τῷ

367 1747 557 1822 πλήθει
578 1750 683 1803 τῶν
718 1750 978 1823 Ἐϐραίων
1001 1751 1338 1821 προσήνεγκε
1371 1751 1429 1804 τὸ
1459 1751 1599 1823 ὕδωρ
1621 1753 1925 1822 ὠθούμενον

365 1843 468 1897 ὑπὸ
494 1843 584 1896 τοῦ
618 1842 936 1913 πνεύματος.
960 1843 1070 1895 Καὶ
1093 1844 1122 1895 6
1144 1842 1379 1913 Μωῦσῆς
1403 1845 1625 1908 είκάσας
1653 1846 1746 1898 καὶ
1769 1845 1926 1899 τοῦτο

363 1938 425 2006 τῇ
459 1935 550 1989 τοῦ
581 1933 714 1988 Θεοῦ
747 1933 1069 2005 γεγενῆσθαι
1100 1936 1344 2006 προνοίᾳ,
1363 1935 1648 1989 ἐκέλευσεν
1672 1937 1810 1990 αὐτὰ
1831 1955 1927 1991 πο-

363 2027 636 2099 ρίσασθαι,
678 2028 826 2090 ὅπως
861 2027 935 2098 μὴ
975 2024 1082 2082 εἷεν
1122 2027 1360 2082 ἄνοπλοι.
1398 2027 1768 2097 Ἀφικνοῦνται
1795 2029 1925 2099 γοῦν

357 2122 439 2184 είς
459 2119 556 2190 τὴν
579 2119 799 2192 ἔρημον.

427 2209 538 2265 Καὶ
565 2210 594 2262 6
633 2208 954 2280 Ῥαγουῆλος
984 2208 1077 2262 καὶ
1122 2208 1304 2280 Ἰοθὼρ
1333 2207 1740 2280 (διώνυμοςιγάρ
1762 2209 1924 2279 ἐτύγ-

357 2303 538 2374 χανεν)
559 2304 862 2371 ἀφικνεῖται
884 2300 1018 2372 πρὸς
1037 2300 1126 2355 τὸν
1141 2301 1396 2372 Μωῦσῆν,
1416 2302 1750 2372 ἐπαγόμενος
1778 2302 1924 2374 αὐτῷ

357 2395 452 2464 τήν
465 2395 696 2462 γυναῖκα
719 2393 811 2445 καὶ
838 2393 964 2454 τοὺς
976 2389 1124 2453 υἱούς
1144 2407 1157 2422 ο
1181 2391 1274 2444 καὶ
1293 2390 1476 2460 μαθὼν
1495 2392 1672 2444 πᾶσαν
1688 2394 1817 2464 παρ’
1829 2394 1926 2445 αύ-

355 2482 449 2537 τοῦ
496 2483 594 2552 τὴν
627 2483 746 2535 κατ’
790 2481 1099 2550 Αίγυπτίων
1142 2480 1236 2534 τοῦ
1281 2479 1414 2533 Θεοῦ
1464 2479 1919 2552 θαυματουργίαν,

357 2573 694 2644 κατεπλάγη,
728 2572 822 2626 καὶ
857 2571 1070 2637 ἐδόξασε
1103 2572 1193 2625 τὸν
1234 2571 1384 2626 Θεόν.
1416 2569 1522 2625 Ἦν
1557 2573 1614 2625 δὲ
1644 2568 1816 2639 οὗτος,
1845 2573 1922 2638 ὥς

356 2685 507 2736 φασι,
553 2666 645 2721 τοῦ
688 2665 936 2737 Ἀϐραὰμ
965 2666 1247 2734 ἀπόγονος,
1285 2665 1343 2731 ἐξ
1387 2666 1503 2730 ἐνὸς
1549 2666 1656 2719 τῶν
1688 2667 1753 2720 ὲκ
1782 2670 1920 2722 Χετ-

355 2760 548 2830 τόυρας
602 2759 964 2830 γεννηθέντων
991 2759 1138 2828 αὐτῷ
1167 2759 1406 2828 τεχθείς·
1439 2761 1500 2812 ἐκ
1545 2760 1652 2830 γὰρ
1680 2759 1773 2813 τοῦ
1820 2761 1918 2813 Ἰε-

356 2851 454 2916 ζὰν
499 2851 712 2921 ἐγένετο
764 2851 952 2915 Δάδαν,
1010 2851 1292 2922 Ῥαγουὴλ,
1339 2850 1523 2922 Ἰοθὼρ
1596 2853 1690 2905 καὶ
1730 2852 1914 2906 Ὀσάϐ.

353 2941 549 3008 Δεξιῶς
580 2937 670 2994 οὖν
715 2939 875 2994 αὐτὸν
910 2940 1436 3010 φιλοφρονησάμενος
1485 2942 1513 2994 6
1541 2941 1800 3009 Μωῦσῆς,
1836 2943 1919 3004 είς

351 3035 477 3097 τοὺς
507 3035 737 3097 οἰκείους
764 3033 960 3096 τόπους
989 3033 1360 3104 προέπεμψεν.

419 3129 591 3192 Αὐτὸς
622 3129 676 3181 δὲ
708 3127 903 3190 πολλάς
943 3127 1078 3196 πρὸς
1105 3127 1164 3178 τὸ
1193 3129 1460 3198 χρήσιμον
1494 3127 1608 3190 τοῖς
1650 3125 1916 3198 Ἑϐραίοις
1939 3151 1982 3210 C

348 3218 712 3291 νομοθετήσας
737 3220 764 3270 6
794 3217 1035 3287 Μωῦσῆς
1063 3217 1400 3289 ἐτελεύτησε,
1437 3216 1636 3286 βιώσας
1665 3218 1756 3289 ἔτη
1793 3218 1875 3290 ρκ’
1893 3235 1908 3250 ο

344 3317 437 3369 καὶ
484 3311 682 3383 Ἰησοῦς
709 3311 736 3363 ὁ
768 3310 924 3380 Ναυῆ
954 3310 1052 3382 τὴν
1081 3309 1372 3380 ἡγεμονίαν
1399 3309 1562 3364 αὐτοῦ
1594 3310 1910 3381 διαδέχεται,

345 3405 438 3458 καὶ
472 3403 653 3472 ἐξάγει
701 3403 798 3472 τῆς
831 3404 1036 3473 ἐρήμου
1061 3401 1150 3455 τὸν
1183 3402 1330 3468 λαὸν,
1357 3401 1451 3472 ἐτη
1480 3402 1532 3472 μ’
1565 3403 1620 3454 ἐν
1639 3403 1783 3473 αὐτῇ.
1797 3404 1913 3456 δια-

343 3496 627 3568 τρίψαντα,
668 3496 750 3564 ἐφ’
779 3490 846 3565 ἧς
873 3494 951 3547 ἔτι
979 3493 1049 3547 τά
1100 3493 1218 3564 ἴχνη
1245 3494 1344 3564 τῆς
1394 3497 1762 3566 κατοικήσεως
1804 3497 1912 3549 τῶν

358 3588 619 3640 Ἰουδαίων
648 3587 894 3652 σώζεται.
921 3589 982 3640 Οἱ
1011 3587 1119 3658 γάρ
1143 3589 1302 3658 χάριν
1333 3587 1573 3656 ἱστορίας
1594 3591 1707 3650 τοῖς
1726 3587 1912 3650 τόποις

344 3676 794 3746 ἐπιδημήσαντες,
823 3675 936 3728 τῶν
971 3676 1182 3745 σκηνῶν
1223 3676 1426 3739 τύπους
1457 3675 1536 3728 ἔτι
1591 3677 1909 3729 συνεστάναι

342 3767 652 3839 διηγοῦνται
696 3768 887 3838 μυρίου
952 3767 1190 3838 πλήθους
1228 3768 1576 3838 ὑπαρχούσας
1639 3761 1912 3840 ’[Ῑ.ὑπαρ-

343 3858 668 3931 χουσῶν],τό
687 3874 748 3912 τε
808 3860 1017 3911 Σιναῖον
1045 3858 1168 3930 ὅρος
1197 3859 1532 3929 θεωρεῖσθαι,
1582 3860 1710 3930 παρ’
1807 3861 1908 3925 τὰς

345 3947 662 4018 νομοθεσίας
714 3951 742 4002 ὁ
777 3947 1021 4018 Μωῦσῆς
1067 3947 1279 4019 εἴληφε,
1322 3949 1415 4000 καὶ
1471 3947 1678 4001 ἕκαστα
1705 3946 1812 4000 τῶν
1851 3948 1910 4001 ἐν

347 4039 416 4108 μέ
425 4056 504 4110 ρει
537 4038 1053 4112 ἀναγεγραμμένων.

412 4130 678 4202 Ζητητέον
715 4131 791 4183 δέ·
813 4133 875 4184 Oi
919 4131 1153 4202 Ἑϐραῖοι
1186 4131 1242 4183 ἐν
1272 4132 1336 4202 τῇ
1368 4127 1626 4200 Αἰγύπτῳ
1652 4128 1910 4201 παρῴκη-

343 4239 442 4275 σαν
467 4221 559 4293 ἔτη
589 4229 632 4274 υ¹
649 4223 740 4275 καὶ
765 4221 827 4286 λ’,
856 4222 950 4274 καὶ
975 4222 1094 4292 οὐχὶ
1115 4227 1172 4273 ιε’
1204 4222 1295 4274 καὶ
1316 4221 1640 4291 διακόσιαοὴ
1681 4222 1776 4292 μὲν
1799 4220 1908 4292 γὰρ

338 4313 448 4367 τῶν
499 4315 701 4385 χρόνων
733 4313 929 4383 ἐφεξῆς
979 4312 1267 4383 ἀναγραφὴ
1316 4320 1409 4366 σιε’
1445 4314 1718 4384 σημαίνει,
1774 4313 1806 4383 ή
1848 4311 1906 4365 δὲ

339 4403 529 4475 Γραφὴ
565 4411 608 4455 υ¹
644 4405 738 4457 καὶ
773 4403 835 4457 λ’.
876 4403 1036 4471 Λέγει
1073 4406 1200 4475 γάρ,
1230 4404 1312 4455 ὅτι
1344 4403 1626 4472 πάροικον
1646 4403 1815 4456 ἔσται
1838 4401 1904 4456 τὸ

333 4494 578 4564 σπέρμα
603 4495 708 4549 τοῦ
735 4494 989 4564 Ἀϐραὰμ
1012 4496 1081 4548 ὲν
1102 4493 1179 4565 τῇ
1198 4495 1486 4562 ἀλλοτρίᾳ
1503 4493 1608 4563 ἔτη
1631 4498 1746 4548 vl’.

408 4589 630 4659 Πρῶτον
661 4589 756 4659 μὲν
783 4585 872 4641 οὖν
903 4589 1278 4659 ἐπιτηρητέον,
1301 4589 1382 4641 ὅτι
1409 4588 1508 4640 οὐκ
1534 4585 1687 4640 εἷπεν
1712 4588 1783 4639 ἐν
1805 4589 1903 4640 Al-

335 4681 557 4750 γύπτῳ,
591 4680 704 4732 ἀλλ’
735 4682 802 4732 ἐν
861 4678 939 4748 τῇ
983 4680 1267 4746 ἀλλοτρίᾳ
1298 4680 1584 4746 πάροικον
1633 4679 1803 4733 ἔσται
1833 4677 1901 4731 τὸ

336 4770 574 4839 σπέρμα
618 4767 725 4822 τοῦ
779 4767 1068 4836 Ἀϐραάμο
1095 4767 1351 4838 ἀλλοτρία
1394 4767 1452 4820 δὲ
1493 4767 1702 4838 ὑπῆρχε
1745 4767 1838 4822 καὶ
1865 4769 1898 4836 ή

334 4861 616 4915 Χαναναία
660 4861 752 4930 γῆ,
796 4863 861 4931 ἦν
894 4860 1218 4931 παρῴκησεν
1251 4862 1278 4912 6
1320 4859 1523 4921 Ἰσαὰκ,
1554 4859 1773 4931 σπέρμα
1803 4859 1896 4911 τοῦ

347 4953 596 5024 Ἀϐραὰμ
651 4953 757 5025 πρὸ
799 4953 1015 5006 πάντων
1058 4951 1218 5015 αὐτὸς
1264 4951 1542 5020 τυγχάνων
1589 4949 1892 5021 ἐξαίρετον·

334 5045 450 5110 υίὸς
465 5045 571 5116 γὰρ
598 5041 686 5116 ἦν.
704 5045 870 5116 Δῆλον
891 5040 1004 5109 οὖν,
1022 5046 1101 5097 ὅτι
1120 5044 1225 5115 πρὸ
1252 5042 1344 5096 τοῦ
1369 5041 1770 5113 κληρονομῆσαι
1789 5041 1896 5094 τῶν

333 5136 644 5205 ἀλλοφύλων
656 5137 754 5207 τὴν
767 5135 890 5206 γῆν,
904 5135 1146 5206 ὑπῆρχον
1163 5133 1411 5205 πάροικοι
1428 5132 1620 5203 μέχρις
1638 5131 1773 5185 ἐτῶν
1799 5131 1894 5195 υλ’,

333 5226 409 5291 ὥς
434 5245 537 5281 που
560 5229 652 5281 καὶ
679 5230 708 5281 6
745 5226 1060 5290 Ἀπόστολος
1077 5227 1241 5294 λέγει·
1272 5223 1567 5292 Διαθήκην
1608 5238 1896 5291 προκεκυ-

323 5321 599 5390 ρωμένην
624 5320 742 5375 ὑπὸ
779 5319 925 5374 Θεοῦ
943 5319 1091 5388 μετὰ
1117 5319 1219 5385 ἐτη
1242 5321 1354 5380 υλ’,
1381 5319 1468 5382 είς
1504 5316 1571 5370 τὸ
1601 5329 1898 5385 καρποφο-

328 5413 511 5482 ρῆσαι
565 5413 681 5481 τὴν
733 5411 1124 5481 ἐπαγγελίαν·
1173 5411 1266 5463 καὶ
1321 5409 1571 5480 ἐπιφέρει
1604 5396 1638 5439 ·’
1687 5408 1769 5473 Τῷ
1827 5407 1896 5460 δὲ

342 5505 595 5572 Ἀϐραὰμ
622 5503 696 5556 δι’
720 5502 1077 5572 ἐπαγγελίας
1112 5500 1431 5568 ἐχαρίσατο
1475 5503 1506 5552 ό
1537 5500 1700 5564 Θεός.
1736 5497 1894 5559 Εἰκὸς

327 5591 440 5660 οὖν,
469 5598 552 5649 ὅτι
585 5595 642 5647 ἐν
675 5595 772 5666 μὲν
822 5597 886 5664 τῇ
922 5592 1198 5663 Χαναναία
1239 5600 1331 5646 σιε¹
1367 5591 1718 5662 παρῴκησαν,
1750 5593 1806 5644 ἐν
1837 5591 1892 5644 δὲ

401 5753 444 5787 ⁸⁷
471 5752 640 5808 Exod.
677 5768 785 5807 xxv.
866 5752 906 5781 ¹¹³
932 5751 1100 5808 Exod.
1129 5768 1280 5806 xvm.
1361 5749 1400 5780 ¹⁹
1431 5749 1578 5804 Deut.
1608 5765 1716 5830 xiv.

1809 5749 1854 5780 ¹⁰
1880 5744 2005 5802 Gen.
2039 5763 2127 5802 xv.

2038 563 2156 618 sine
2203 576 2298 631 spe
2345 562 2452 616 ulla
2489 561 2766 616 medicina
2806 563 3052 633 peccavit
3079 562 3411 622 Pharaonem
3443 568 3596 637 signa

2037 668 2232 723 magna
2292 653 2551 717 ostendit,
2617 668 2741 709 eum
2798 655 2890 723 qui
2950 656 3217 726 supplicio
3266 657 3462 728 dignus
3512 668 3596 716 est

2035 745 2342 814 castigans,
2393 752 2446 799 et
2509 759 2602 800 eos
2658 744 2750 814 qui
2802 746 2880 800 illi
2945 748 3237 802 succedent
3294 750 3483 808 fovens
3539 761 3594 809 et

2034 852 2256 902 sanans,
2311 837 2501 892 salutis
2555 838 2888 908 punitionem
2929 839 3074 895 illius
3123 841 3382 898 exhibens
3432 859 3592 915 argu-

2033 937 2296 984 mentum.

2103 1021 2288 1091 Itaque
2333 1019 2545 1077 Pharao
2571 1024 2611 1054 ιτ
2661 1025 2914 1080 universo
2963 1025 3203 1080 exercitu
3248 1037 3586 1095 convocato,

2030 1112 2282 1168 curribus
2313 1113 2581 1177 ducentis,
2614 1115 2855 1184 equitatu
2886 1115 2952 1169 ad
2980 1117 3197 1186 triginta
3255 1120 3442 1187 millia,
3495 1137 3591 1178 su-

2031 1203 2349 1272 perveniens
2379 1203 2648 1260 lsraelitas
2679 1207 3026 1276 sequebatur,
3056 1210 3148 1279 qui
3186 1225 3334 1265 mare
3377 1210 3585 1280 Rubro,

2030 1293 2105 1345 ita
2133 1291 2357 1360 jubente
2389 1293 2517 1357 Deo,
2553 1295 2606 1348 in
2640 1295 2774 1350 duas
2799 1305 2980 1366 partes
3008 1298 3182 1355 diviso
3207 1317 3303 1370 per
3325 1301 3586 1374 Moysem,

2029 1383 2133 1437 iter
2157 1385 2446 1451 habebant,
2481 1393 2533 1440 et
2556 1385 2796 1457 Egyptii
2831 1403 3050 1444 aversos
3101 1406 3197 1445 eos
3244 1391 3583 1465 invadentes,

2029 1473 2269 1530 immersi
2293 1483 2440 1540 sunt,
2475 1476 2667 1532 baculo
2700 1477 2880 1550 Moyse
2908 1481 3262 1549 percutiente,
3307 1492 3367 1564 ,ει
3415 1501 3584 1557 aquas

2027 1563 2081 1618 in
2123 1581 2288 1619 unum
2316 1577 2695 1638 congregante.

2095 1653 2322 1711 Postero
2346 1655 2433 1712 die
2446 1656 2818 1729 Egyptiorum
2837 1675 2984 1716 arma
2999 1663 3066 1718 ad
3080 1663 3474 1722 multitudinem
3487 1667 3584 1724 Ju-

2026 1748 2262 1802 daaorum
2281 1765 2474 1818 aquam
2492 1760 2651 1806 vento
2668 1752 2916 1822 pellente,
2937 1756 3111 1810 delata
3134 1765 3280 1811 sunt.
3295 1757 3358 1811 Et
3372 1758 3583 1830 Moyses

1958 1821 1998 1875 Β
2026 1839 2130 1894 hoc
2154 1856 2370 1910 quoque
2390 1842 2574 1896 divina
2601 1821 2942 1900 Providentia
2964 1848 3256 1919 contigisse
3278 1859 3428 1907 ratus
3460 1821 3582 1909 illis

2025 1945 2087 1985 ea
2115 1931 2215 1986 sibi
2245 1946 2559 2001 comparare
2579 1935 2873 1998 mandavit,
2897 1953 2967 1992 ne
3017 1938 3136 1994 sine
3171 1941 3337 1997 armis
3377 1941 3576 1998 forent.

2026 2020 2326 2077 Deveniunt
2353 2024 2566 2079 tandem
2591 2025 2647 2080 in
2683 2026 2954 2084 desertum
2987 2029 3052 2084 ³⁸.
3557 2047 3562 2055 ·

2095 2196 2160 2250 Et
2190 2197 2482 2270 Raguelus,
2525 2199 2640 2255 sive
2674 2199 2879 2267 lothor,
2915 2209 3146 2274 utraque
3196 2205 3342 2260 enim
3389 2209 3575 2278 appel-

2023 2288 2224 2343 latione
2257 2291 2690 2360 nuncupabatur,
2717 2295 2864 2349 venit
2895 2294 2962 2349 ad
3011 2295 3268 2368 Moysem,
3320 2298 3395 2353 illi
3442 2315 3579 2355 uxo-

2023 2395 2137 2434 rem
2169 2379 2415 2452 filiosque
2441 2382 2696 2448 alierens;
2719 2385 2812 2454 qui
2839 2401 2960 2439 cum
2989 2393 3161 2440 totum
3195 2387 3285 2442 Dei
3315 2389 3578 2446 adversus

2023 2468 2309 2541 Egyptios
2347 2487 2485 2541 opus
2507 2473 2824 2530 admirabile
2847 2476 3110 2543 audisset,
3144 2479 3573 2549 obstupefactus,

2018 2564 2246 2634 gloriam
2275 2565 2424 2619 dedit
2457 2565 2583 2621 Deo.
2630 2568 2759 2621 Erat
2807 2583 2937 2624 vero
2975 2571 3113 2650 hic“
3143 2579 3200 2625 ut
3250 2571 3449 2639 ferunt,
3509 2590 3576 2630 εκ

2017 2655 2292 2710 Abraham
2335 2658 2622 2722 oriundus,
2654 2675 2722 2715 ex
2764 2677 2871 2715 uno
2912 2661 3324 2734 ﬁliorum,quos
3375 2665 3464 2720 ille
3507 2681 3575 2720 ex

2017 2747 2283 2805 Chettura
2310 2749 2520 2815 habuit,
2550 2760 2740 2819 natus;
2768 2769 2833 2808 ex
2847 2751 3008 2808 Jezan
3021 2755 3164 2810 enim
3187 2767 3346 2814 natus
3367 2765 3450 2812 est
3466 2756 3575 2813 Da-

2017 2841 2143 2905 dan,
2171 2843 2395 2913 Raguel,
2427 2842 2607 2898 lothor
2635 2852 2689 2898 et
2715 2842 2886 2900 Obab.
2921 2843 3076 2900 Hunc
3122 2845 3352 2918 Moyses,
3377 2850 3453 2903 uti
3480 2865 3576 2919 par

2015 2940 2154 2998 erat,
2177 2934 2509 3003 perbumane
2533 2942 2812 3004 acceptum
2836 2935 2890 2989 in
2925 2937 3144 3008 propria
3174 2937 3292 2992 loca
3346 2938 3575 2996 dimisit.

2089 3105 2285 3160 Verum
2316 3106 2528 3178 Moyses
2563 3108 2629 3172 ιθ,
2661 3108 2846 3164 multis
2893 3108 3102 3180 legibus
3156 3111 3391 3168 maximo
3447 3128 3571 3168 cum

2011 3198 2380 3252 emolumento
2410 3196 2610 3254 Judaeis
2635 3199 2780 3265 latis,
2805 3206 3053 3254 mortuus
3080 3209 3179 3263 est,
3207 3203 3381 3257 aetatis
3404 3219 3574 3259 anno-

2011 3304 2133 3343 rum
2154 3303 2280 3356 cxx,
2322 3296 2375 3344 et
2400 3288 2559 3344 Jesus
2585 3289 2886 3344 ﬁliusNavc
2910 3290 3187 3361 copiarum
3220 3292 3414 3346 ductor
3447 3311 3574 3350 suc,

2011 3380 2174 3446 cedit,
2209 3388 2262 3436 et
2291 3382 2546 3451 p0pulum
2574 3381 2627 3435 in
2661 3381 3003 3436 solitudinem
3029 3383 3572 3455 annosquadraginta

2011 3480 2404 3526 commoratum
2433 3472 2638 3540 eduxit,
2667 3473 2720 3525 in
2750 3488 2856 3542 qua
2886 3472 3064 3528 adhuc
3081 3471 3390 3527 Judaaorum
3418 3475 3571 3530 habi-

2009 3561 2231 3616 tationis
2259 3563 2484 3632 vestigia
2541 3561 2747 3632 integra
2785 3571 3101 3616 cernuntur.
3143 3561 3245 3628 Qui
3295 3563 3437 3617 enim
3491 3566 3571 3619 vi-

2011 3655 2163 3709 sendi
2186 3669 2351 3709 causa
2381 3655 2446 3708 ad
2481 3655 2568 3708 illa
2588 3655 2701 3708 loca
2725 3654 2949 3724 profecti
2977 3661 3123 3718 sunt,
3159 3655 3336 3709 adhuc
3367 3655 3570 3712 formas

2011 3746 2362 3800 tentoriorum
2396 3744 2618 3799 infinitae
2648 3745 3013 3799 multitudinis
3059 3746 3300 3816 conspici
3354 3760 3570 3800 asseve-

2008 3845 2152 3902 rant,
2183 3846 2236 3893 et
2257 3837 2498 3894 Sinaium
2547 3845 2784 3893 montem
2815 3839 2990 3893 adhuc
3012 3845 3175 3902 stare,
3204 3839 3260 3892 in
3289 3852 3397 3908 quo
3425 3839 3568 3909 leges

2010 3931 2221 4002 Moyses
2244 3931 2470 4000 accepit,
2529 3938 2584 3986 et
2639 3945 2974 4002 quaecunque
3030 3930 3303 4002 sigillatim
3349 3931 3566 4001 scriptis

2007 4026 2222 4096 prodita
2245 4034 2390 4080 sunt.

2077 4117 2436 4184 Quaerendum
2469 4123 2649 4170 tamen
2672 4121 2754 4169 est
2779 4133 2791 4168 :
2817 4113 3027 4169 Hebraei
3058 4114 3110 4168 in
3141 4113 3374 4187 Egypto
3406 4114 3565 4171 habio

2006 4217 2192 4264 tarunt
2220 4208 2378 4263 annis
2411 4221 2536 4262 cccc
2562 4215 2613 4260 et
2635 4222 2740 4259 xxx
2791 4212 2843 4259 et
2866 4221 2971 4260 non
3020 4206 3330 4276 quindecim
3367 4215 3420 4262 et
3461 4223 3562 4274 cc;

2006 4316 2131 4354 nam
2162 4307 2469 4367 temporum
2501 4296 2813 4352 continuata
2845 4295 3159 4366 descriptio,
3188 4311 3322 4350 ccxv
3364 4297 3562 4364 innuit,

2006 4392 2098 4447 sed
2133 4391 2410 4460 Scriptura
2439 4403 2675 4443 ccccxxx
2701 4404 2715 4452 ;
2749 4387 2823 4440 ait
2852 4402 3083 4456 namque
3105 4387 3149 4418 ὀ
3178 4407 3190 4442 :
3221 4387 3564 4457 Peregrinum

1933 4489 1978 4544 D
2009 4483 2107 4535 erit
2133 4497 2306 4534 semen
2332 4479 2570 4533 'Abraha:
2601 4480 2655 4532 in
2687 4489 2826 4531 terra
2854 4477 3028 4530 aliena
3065 4494 3230 4533 annos
3253 4494 3508 4534 ccccxxx.

2076 4573 2314 4626 Primum
2363 4573 2546 4641 itaque
2606 4570 3026 4633 observandum,
3073 4585 3181 4624 non
3229 4569 3457 4634 dixisse,
3511 4571 3564 4622 in

2005 4664 2256 4736 Egypto,
2279 4665 2369 4720 sed
2391 4667 2444 4717 in
2477 4674 2617 4718 terra
2656 4665 2829 4716 aliena
2867 4663 3194 4733 peregrinum
3244 4664 3343 4716 erit
3391 4679 3566 4716 semen

2004 4759 2250 4813 Abrahae.
2308 4757 2499 4812 Aliena
2545 4767 2726 4811 autem
2780 4763 2900 4811 erat
2952 4763 3007 4811 et
3068 4763 3212 4812 terra
3265 4754 3564 4820 Cbanaam,

2002 4867 2165 4920 quam
2195 4849 2459 4904 habitavit
2481 4848 2652 4912 lsaac,
2677 4848 2769 4917 qui
2814 4862 2925 4917 prae
2947 4846 3200 4902 omnibus
3237 4847 3352 4917 ipse
3379 4863 3564 4901 semen

2000 4941 2232 4996 Abrahae
2259 4950 2374 4995 erat
2403 4940 2681 4994 eximium.
2712 4938 2841 4992 Erat
2883 4939 3083 5008 quippe
3134 4938 3298 4994 filius.
3341 4937 3569 4993 Μειιὶίευ

2002 5043 2146 5088 stum
2177 5034 2358 5102 itaque
2395 5039 2500 5097 est,
2534 5047 2630 5086 eos
2678 5039 2967 5100 antequam
3023 5039 3370 5087 externorum
3408 5040 3566 5087 terra:

2003 5125 2246 5180 heredes
2286 5123 2415 5178 facti
2467 5123 2720 5188 fuissent,
2760 5124 3076 5193 peregrinos
3129 5123 3344 5194 palassc
3391 5137 3564 5175 annos

2000 5236 2260 5284 ccccxxx,
2290 5217 2744 5290 quemadmodum
2763 5226 2816 5272 et
2833 5217 3124 5287 Apostolus
3150 5218 3227 5270 ait
3253 5215 3296 5246 “
3327 5234 3341 5270 :
3381 5215 3561 5268 Testa-

2001 5326 2229 5367 mentum
2255 5310 2762 5382 praideterminatunt
2789 5326 2820 5362 a
2842 5309 2947 5364 Deo
2973 5319 3088 5378 post
3111 5324 3275 5362 annos
3304 5322 3563 5372 cizccxxx,

2000 5413 2057 5456 ut
2089 5403 2433 5472 fructiﬁcaret
2460 5402 2776 5470 promissio;
2823 5410 2877 5456 et
2912 5401 3116 5468 subdit,
3165 5400 3432 5452 Abraham
3465 5415 3564 5452 au—

2001 5507 2103 5550 tent
2138 5512 2229 5564 per
2272 5495 2668 5563 promissionem
2715 5493 2860 5548 dedit
2919 5494 3078 5547 Deus.
3121 5491 3560 5546 Consentaneum

1998 5589 2182 5658 itaque
2209 5594 2313 5649 cst,
2348 5602 2441 5642 eos
2475 5588 2530 5641 in
2557 5586 2862 5642 Chananaca
2891 5584 3164 5639 habitasse
3184 5597 3358 5640 annos
3401 5597 3558 5649 σου.

2234 5748 2275 5778 ²¹
2314 5743 2432 5801 (καί.
2469 5761 2544 5800 ιιι.
