4090 6288
562 372 658 430 791

1415 373 1475 432 S.
1514 370 1954 430 EUSTATHIUS
1993 368 2483 426 ANTIOCHENUS
2519 368 2918 427 EPISCOPUS.

3681 366 3797 423 792

558 503 614 550 et
646 493 701 547 in
732 490 965 564 Egyplo
992 490 1175 546 itidem
1197 506 1352 557 σοιν,
1389 493 1480 563 qui
1519 494 1679 547 simul
1708 500 1836 549 sunt
1853 506 2109 547 ccccxxx.

2214 490 2278 560 τῇ
2309 487 2567 559 Αἰγύπτῳ
2586 487 2654 541 τὰ
2681 486 2821 542 αὐτὰ
2857 493 2974 552 σιε’,
3002 485 3145 556 άπερ
3170 482 3302 555 ὁμοῦ
3324 483 3532 553 γίνεται
3563 483 3656 556 ἐτη
3681 482 3787 540 υλ’.

628 585 894 643 Cancrum
920 583 1151 638 ducente
1172 582 1301 640 Jesu
1321 586 1366 617 “
1392 585 1669 655 populum,
1711 591 1764 639 et
1788 598 1970 638 arcam
2003 582 2111 638 Te-

560 676 813 734 stamenti
842 689 938 745 per
976 672 1292 740 Jordanem,
1317 690 1469 746 aqua:
1490 675 1677 730 divisae
1701 682 1828 730 sunt
1861 676 1917 729 in
1950 689 2112 729 unam

560 766 983 830 concretionem,
1012 767 1266 822 maximis
1295 766 1487 837 spatiis
1508 767 1757 821 dissitam
1784 784 1799 834 ;
1828 782 1960 838 pars
1989 782 2114 822 vero

558 863 749 926 altera,
794 877 914 933 qua:
955 862 1013 916 in
1058 877 1208 917 mare
1254 863 1451 918 salium
1495 863 1813 926 effunditur,
1863 864 1919 916 in
1963 877 2116 917 mare

556 954 795 1010 Arabum
826 952 983 1025 lapsa
1009 961 1112 1019 est,
1150 955 1323 1010 donec
1355 955 1576 1009 omnino
1598 955 1816 1021 defecit,
1843 964 1898 1011 et
1924 971 2115 1014 omnes

556 1050 705 1104 sicco
734 1046 869 1118 pede
900 1048 1269 1118 praetergressi
1320 1053 1467 1102 circa
1516 1047 1769 1103 Hiericho
1815 1056 2117 1105 castrame-

554 1139 651 1193 tati
675 1147 800 1192 sunt
819 1139 884 1191 ³³.
922 1137 1047 1192 Haec
1072 1138 1323 1192 maximis
1353 1148 1504 1209 septa
1529 1141 1801 1195 moenibus
1835 1142 2115 1197 munieba-

552 1239 661 1287 tur.
696 1230 784 1286 Dei
811 1231 991 1300 jussu,
1019 1245 1137 1284 eam
1164 1245 1260 1300 per
1283 1231 1401 1285 dies
1434 1245 1524 1285 sex
1544 1232 1826 1288 obsidione
1853 1235 2112 1298 cinctam.

552 1322 782 1393 septima
812 1329 1099 1393 antequam
1140 1322 1256 1377 dies
1301 1322 1662 1388 illucesceret,
1695 1325 1934 1394 undique
1960 1328 2117 1380 inva-

553 1431 669 1469 sam
708 1415 854 1470 tubis
890 1414 1286 1484 clangentibus,
1327 1414 1688 1485 universeque
1728 1419 1928 1487 popqu
1976 1435 2116 1473 una-

551 1512 683 1566 nimi
712 1526 981 1566 consensu
1017 1509 1081 1564 ad
1126 1509 1466 1564 clamandum
1496 1524 1527 1563 a
1557 1510 1933 1567 sacerdotibus
1961 1513 2112 1567 exci-

551 1612 688 1669 tato,
716 1615 769 1660 et
800 1618 956 1674 opem
1005 1601 1234 1667 ferente,
1262 1594 1627 1671 diripuerunt,
1659 1610 1879 1672 repente
1918 1606 2115 1658 maeni-

552 1696 656 1753 bus
688 1694 967 1765 collapsis,
1003 1702 1280 1763 totamque
1306 1692 1533 1748 Domino
1562 1702 1867 1749 sacrarunt.

623 1784 756 1841 Post
781 1785 827 1818 “
852 1784 1106 1840 Hiericho
1143 1784 1346 1838 civitati
1372 1782 1468 1839 Vai
1502 1785 1851 1852 insidiantur,
1882 1801 2114 1857 eamque

2285 582 2569 651 Διάγοντος
2595 580 2650 634 δὲ
2680 578 2774 633 τοῦ
2807 578 2978 651 Ἰησοῦ
3006 578 3096 631 τὸν
3124 576 3248 630 λαὸν
3301 575 3396 629 καὶ
3422 574 3519 647 τήν
3552 575 3788 631 κιᾶωτὺν

2213 671 2313 742 τῆς
2338 671 2608 742 Διαθήκης
2632 669 2718 725 διὰ
2752 667 2846 723 τοῦ
2891 668 3177 741 Ἰορδάνου,
3208 667 3390 739 διέστη
3416 668 3485 721 τὰ
3518 667 3689 723 ὕδατα
3706 671 3785 732 είς

2215 769 2409 840 πῆγμα
2447 768 2505 821 ἐν
2538 765 2843 836 ἀφεστηκὸς
2887 762 3099 837 μακρὰν
3139 762 3372 835 σφόδρα·
3408 762 3467 816 τὸ
3507 763 3565 817 δέ
3615 780 3784 818 κατα-

2216 858 2398 911 ϐαῖνον
2431 860 2509 920 είς
2534 857 2632 927 τὴν
2664 855 2935 910 θάλασσαν
2965 855 3070 909 τῶν
3093 852 3233 907 ἁλῶν
3259 852 3474 924 Ἀρασα
3493 854 3780 926 κατῆλθεν,

2213 950 2319 1016 ἓως
2346 944 2406 1005 οὗ
2434 953 2514 1014 είς
2537 950 2688 1013 τέλος
2719 948 2952 1014 ἐξέλιπε,
2988 948 3082 1002 καὶ
3114 946 3312 1010 πάντες
3341 945 3431 998 ἐπὶ
3474 945 3642 1018 ξηρᾶς
3674 945 3784 1000 διέ-

2216 1042 2419 1115 6ησαν,
2455 1043 2549 1096 καὶ
2584 1040 3093 1112 στρατοπεδεύουσιν
3141 1038 3235 1091 ἐπὶ
3275 1037 3374 1109 τὴν
3413 1037 3634 1109 Ἰεριχώ.
3670 1035 3780 1092 Ἦν

2214 1132 2271 1186 δέ
2318 1133 2456 1204 αὕτη
2507 1133 2780 1203 μεγίστοις
2838 1131 3170 1202 ὠχυρωμένη
3233 1131 3454 1200 τείχεσι.
3507 1129 3781 1185 Κυκλοῦσι

2213 1226 2343 1295 γοῦν
2373 1225 2539 1297 αὑτὴν
2568 1225 2658 1277 ἐπὶ
2689 1224 2897 1296 ἡμέρας
2937 1223 3015 1289 ἒξ,
3049 1222 3182 1276 Θεοῦ
3216 1220 3614 1295 προστάξαντος
3634 1237 3649 1253 ⁶
3682 1223 3781 1278 καὶ

2213 1319 2278 1387 τῇ
2309 1316 2505 1388 ἑϐδόμη
2528 1315 2721 1386 ὄρθρου
2749 1314 3038 1384 περιῆλθον
3060 1314 3228 1385 αὐτὴν
3251 1312 3477 1384 ἕϐδομον
3498 1312 3776 1377 κυκλόθεν,

2214 1407 2307 1461 καὶ
2349 1409 2397 1460 oi
2433 1409 2595 1478 ἱερεῖς
2636 1404 3026 1475 σαλπίγξαντες
3065 1411 3183 1469 ταῖς
3235 1402 3489 1472 σάλπιγξι
3526 1404 3615 1457 τὸν
3655 1402 3780 1457 λαὸν

2214 1498 2389 1552 πάντα
2423 1496 2682 1562 ἀλαλάξαι
2708 1497 3039 1570 ὁμοθυμαδὸν
3077 1497 3386 1570 διήγειρανο
3424 1498 3519 1551 καὶ
3551 1495 3779 1567 βοησάν-

2212 1607 2318 1644 των
2346 1588 2524 1643 αὑτῶν
2549 1628 2563 1651 ,
2607 1588 2942 1661 παραχρῆμα
2972 1587 3032 1640 τὸ
3068 1590 3242 1659 τεῖχος
3275 1586 3459 1650 ἔπεσε,
3498 1589 3589 1639 καὶ
3638 1584 3779 1639 ἑάλω

2216 1679 2250 1750 ἡ
2282 1677 2456 1740 πόλις,
2486 1677 2580 1731 καὶ
2605 1678 2753 1730 πᾶσα
2778 1678 2855 1747 τῷ
2888 1677 3074 1747 Κυρίῳ
3103 1676 3344 1748 ὑπῆρξεν
3376 1675 3651 1746 ἀνάθημα.

2285 1772 2396 1826 Kal.
2428 1772 2563 1843 μετὰ
2595 1772 2693 1840 τὴν
2724 1768 2929 1842 Ἱεριχὼ
2951 1769 3286 1841 ἐνεδρεύουσι
3318 1771 3414 1841 τὴν
3449 1769 3601 1822 πόλιν
3625 1767 3779 1835 Οὑαῖ,

554 1885 765 1948 captam
795 1878 918 1948 igne
942 1878 1317 1947 absumpsere,
1346 1888 1400 1934 et
1443 1893 1621 1949 regem
1668 1879 1814 1934 illius
1844 1880 1990 1951 ligno
2013 1895 2112 1951 ap-

2215 1865 2308 1918 καὶ
2329 1864 2581 1925 λαϐόντες
2600 1863 2769 1934 αὐτὴν
2791 1862 3116 1934 ἐνέπρησαν,
3141 1863 3233 1915 καὶ
3258 1862 3345 1915 τὸν
3372 1860 3593 1932 βασιλέα
3614 1860 3781 1929 αὐτῆς

552 1984 805 2040 pensum,
843 1969 915 2023 ita
943 1966 1070 2027 Iesu
1117 1973 1486 2042 praecipiente,
1525 1973 1673 2026 cruri
1713 1970 2016 2036 amxerunt,
2059 1979 2115 2026 et

548 2061 833 2122 occidente
869 2065 1002 2132 sole,
1048 2066 1103 2119 in
1142 2065 1335 2119 vallem
1378 2078 1580 2135 corpus
1624 2063 1770 2121 illius
1812 2064 2113 2136 projectum

555 2170 747 2212 acervo
777 2156 1014 2225 lapidum
1044 2156 1361 2209 obruerunt.

623 2333 956 2398 Gabaonitae,
986 2333 1079 2389 ubi
1127 2335 1193 2391 ad
1234 2350 1331 2391 eos
1365 2332 1716 2388 Iudaicarum
1769 2332 2115 2389 obsidionum

553 2426 697 2483 fama
720 2426 895 2481 delata
943 2434 1027 2482 est
1062 2427 1237 2498 (erant
1262 2431 1404 2482 enim
1433 2441 1623 2481 eorum
1655 2425 1869 2480 finitimi
1908 2436 1962 2481 et
1989 2441 2116 2497 pro-

553 2519 791 2590 pinqui),
812 2518 1078 2572 malitiose
1109 2517 1379 2573 Israelilas
1418 2518 1521 2573 hoc
1552 2524 1710 2588 pacto
1748 2518 2112 2573 eluserunt".

556 2609 636 2666 Ne
694 2612 836 2666 enim
889 2608 1331 2679 approximantes
1387 2610 1533 2663 circa
1588 2625 1775 2664 eorum
1843 2610 2115 2665 civitatem

560 2708 1104 2764 castrametarentur,
1137 2709 1436 2756 occurrunt
1473 2701 1609 2766 illis,
1652 2710 1802 2756 veste
1834 2708 1887 2756 et
1919 2701 2117 2757 calceis

555 2792 808 2847 discissis
841 2791 1037 2855 induti,
1071 2796 1230 2860 panis
1257 2791 1389 2846 sicci
1419 2791 1675 2862 carieque
1702 2791 1879 2857 obesi,
1926 2807 2117 2847 saccos

557 2892 818 2952 utresque
855 2889 1101 2938 vetustos
1135 2892 1435 2952 portantes,
1455 2882 1817 2953 quidixerunt
1840 2903 1853 2939 :
1878 2903 1896 2935 ‹
1920 2881 2118 2937 Nostra

554 2972 749 3028 civitas
808 2973 969 3041 longe
1006 2973 1197 3028 dissita
1221 2982 1334 3039 est;
1368 2988 1538 3044 panes
1558 2975 1701 3029 enim
1739 2974 1841 3030 hos
1869 2981 2116 3031 recentes

551 3064 712 3122 nobis
733 3064 1059 3134 paravimus,
1088 3066 1574 3136 vestimentumque
1589 3081 1696 3135 quo
1716 3067 2120 3135 volvimur,.no-

555 3169 678 3209 vum
709 3162 847 3218 erat,
877 3170 1001 3208 cum
1048 3154 1344 3219 induimus,
1377 3156 1656 3227 calceique
1689 3159 1836 3221 novi,
1868 3173 1991 3212 cum
2021 3173 2116 3213 eos

553 3247 781 3316 pedibus
811 3209 1186 3318 adaptavimus
1214 3266 1229 3315 ;
1254 3209 1347 3304 sed
1376 3209 1491 3304 haec
1517 3209 1720 3305 omnia
1743 3209 2115 3321 longum—pro:
2141 3209 2185 3269 ς

553 3338 884 3409 ductumque
932 3340 1037 3395 iter
1083 3337 1319 3395 confecit
1377 3341 1698 3396 inveterata.
1754 3341 1890 3397 lnite
1949 3343 2116 3413 igitur

550 3428 835 3486 nobiscum
860 3445 1071 3501 pacem,
1096 3438 1150 3488 et
1172 3433 1226 3487 in
1241 3432 1532 3488 amicitiam
1562 3432 1845 3503 fmclusque
1873 3440 2115 3489 vestrum

551 3537 653 3579 nos
688 3522 974 3581 admittite.
1013 3542 1032 3576 ι
1054 3525 1501 3581 EtbeatusJesus
1521 3524 1883 3595 jurejurando
1923 3524 2114 3579 amici-

551 3614 679 3669 tiam
717 3630 841 3670 cum
892 3615 1000 3671 illis
1041 3616 1281 3670 habitam
1323 3616 1568 3671 stabiliit.
1612 3615 1898 3686 Deinceps,
1923 3628 2112 3670 eorum

549 3706 675 3763 dolo
723 3717 1022 3779 comperto,
1053 3709 1121 3762 ab
1177 3708 1278 3774 eis,
1326 3723 1395 3764 ne
1429 3709 1814 3780 jusjurandum
1864 3708 2112 3773 violaret,

553 3796 837 3864 abstinuit,
868 3798 961 3853 sed
1011 3798 1154 3868 ligna
1181 3806 1234 3852 et
1269 3814 1463 3868 aquam
1509 3799 1877 3855 lsraelitarum
1917 3797 2115 3871 populo

546 3887 838 3954 advehere,
862 3904 961 3959 pro
988 3889 1178 3944 fraude
1191 3888 1378 3959 jussit.

620 4063 728 4119 Sed
757 4063 1116 4128 AdouibezeC,
1135 4079 1226 4120 rex
1244 4063 1602 4133 Hierusalem,
1625 4065 1964 4132 Gabaonitis,
1992 4075 2114 4123 tan-

549 4171 714 4226 quam
743 4155 851 4211 illis
885 4156 979 4226 qui
1010 4155 1078 4210 ad
1105 4154 1379 4214 Israelitas
1418 4159 1604 4214 hostes
1619 4159 1973 4224 defecissent,
2003 4159 2114 4215 ira-

549 4255 661 4312 tus,
712 4262 902 4302 omnes
953 4248 1212 4303 finitimos
1267 4265 1421 4320 reges
1465 4252 1568 4306 sibi
1604 4252 1809 4306 auxilio
1844 4252 2105 4323 jungens,

548 4337 730 4396 Elam
756 4354 936 4410 regem
969 4338 1243 4406 Chebron,
1268 4348 1322 4396 et
1352 4338 1580 4396 Phidom
1611 4357 1790 4413 regem
1819 4342 2108 4409 Jerimuth,

547 4438 601 4485 et
629 4429 796 4501 Sipha
832 4447 1013 4501 regem
1048 4430 1268 4498 Laehis,
1298 4447 1400 4487 nec
1433 4447 1543 4486 non
1572 4439 1625 4488 et
1650 4432 1764 4487 Dad
1794 4449 1973 4504 regem
2011 4435 2114 4489 Sa-

2215 1956 2309 2010 ἐπὶ⁸
2356 1954 2510 2021 ξύλου
2554 1955 2960 2025 κρεμάσαντες,
3009 1953 3407 2026 προστάξαντος
3444 1952 3539 2006 τοῦ
3584 1951 3777 2020 Ἰησοῦ,

2214 2046 2581 2119 ἐσταύρωσαν.
2603 2046 2710 2100 Καὶ
2731 2045 2974 2109 δύνοντος
2992 2045 3085 2099 τοῦ
3112 2045 3262 2116 ἡλίου
3288 2043 3513 2118 ἔρριψαν
3536 2044 3597 2096 τὸ
3623 2042 3778 2113 σῶμα

2214 2139 2380 2195 αὑτοῦ
2423 2141 2503 2203 είς
2554 2138 2842 2210 φάραγγα,
2871 2139 2964 2192 καὶ
3020 2137 3180 2210 σωρῷ
3224 2135 3354 2190 αὑτὸ
3384 2136 3547 2189 λίθων
3578 2134 3783 2206 ἐπέχω-

2216 2249 2336 2288 σαν.
3311 2274 3355 2295 ν,
3386 2278 3389 2283 .

2286 2325 2350 2380 Οἱ
2377 2324 2433 2378 δέ
2450 2322 2805 2386 Γαϐαωνῖται,
2826 2319 3028 2374 τούτων
3063 2318 3162 2383 τάς
3197 2318 3511 2392 πολιορκίας
3541 2316 3779 2389 πυθόμε-

2216 2432 2297 2469 νοι
2351 2414 2621 2486 (ὑπῆρχον
2655 2413 2763 2485 γὰρ
2799 2410 2977 2465 αὑτῶν
3012 2409 3434 2481 ἀστυγείτονες),
3459 2409 3779 2480 πανούργως

2215 2507 2339 2570 τοὺς
2396 2504 2725 2578 Ἰσραηλίτας
2785 2502 3253 2572 κατασοφίζονται.
3280 2498 3461 2555 'Hcav
3505 2501 3569 2572 (Ι.
3598 2501 3671 2563 ὼς
3693 2498 3778 2571 ἂν]

2215 2597 2325 2675 γάρ
2351 2597 2424 2670 μὴ
2455 2597 2758 2668 φθάσαντες
2811 2600 2877 2668 τῇ
2916 2596 3065 2650 πόλει
3098 2595 3276 2650 αὐτῶν
3326 2594 3778 2667 παρεμϐάλωσιν,

2217 2690 2520 2745 ὑπαντῶσιν
2548 2691 2731 2753 αὑτοῖς
2761 2689 2963 2761 ἐσθῆτα
2987 2691 3077 2743 καὶ
3108 2689 3429 2760 ὑποδήματα
3451 2686 3779 2758 διερρωγότα

2216 2782 2575 2853 ἠμφιεσμένοι
2596 2822 2610 2845 ,
2645 2784 2739 2837 καὶ
2773 2784 3006 2846 σάκκους
3045 2782 3222 2854 ἄρτων
3255 2780 3434 2852 ξηρῶν
3490 2779 3584 2835 καὶ
3612 2780 3778 2850 εὑρω-

2216 2875 2454 2929 τιώντων
2476 2916 2492 2940 ,
2528 2875 2621 2928 καὶ
2671 2876 2873 2938 ἀσκοὺς
2919 2874 3178 2938 παλαιοὺς
3222 2872 3610 2945 ἐπηχθισμένοι
3634 2912 3649 2936 ,
3682 2873 3779 2942 φά-

2218 2984 2438 3031 σκοντες
2466 2967 2647 3031 αὐτοῖς
2666 2982 2682 2999 ο
2710 2985 2728 3018 ι
2764 2968 2829 3021 Ἡ
2858 2966 2956 3038 μὲν
2980 2967 3132 3030 πόλις
3157 2966 3312 3038 ήμῶν
3341 2964 3477 3019 πολὺ
3502 2966 3592 3034 ἀφ’
3614 2963 3768 3035 ἡμῶν

2216 3057 2466 3130 διέστηκε
2484 3075 2497 3090 ο
2528 3060 2654 3123 τοὺς
2686 3057 2794 3131 γάρ
2818 3058 3019 3131 ἄρτους
3038 3057 3258 3122 τούτους
3295 3058 3522 3130 νεαροὺς
3551 3056 3775 3126 ἐφωδιά-

2214 3150 2462 3222 σθημεν,
2521 3153 2612 3206 καὶ
2654 3153 2754 3223 τὴν
2806 3151 3010 3223 ἐσθῆτα
3062 3152 3128 3222 ῆν
3177 3149 3527 3223 περικείμεθα
3591 3149 3773 3220 καινήν

2216 3243 2588 3315 ήμφιέσμεθα,
2624 3245 2718 3298 xal
2748 3245 2815 3298 τὰ
2842 3244 3166 3315 ὑποδήματα
3198 3243 3294 3297 νέα
3331 3245 3437 3306 τοῖς
3468 3242 3620 3294 ποσὶν
3667 3242 3770 3293 ὑπ-

2213 3336 2478 3408 εὸἀλομεν
2497 3353 2511 3367 ·
2540 3338 2633 3391 καὶ
2664 3337 2838 3391 ταῦτα
2864 3336 3041 3391 πάντα
3061 3336 3122 3391 τὸ
3144 3336 3317 3408 μῆκος
3334 3336 3422 3405 τῆς
3465 3330 3583 3386 ὁδοῦ
3630 3348 3760 3385 κατ-

2212 3430 2424 3504 έτριψε.
2450 3433 2543 3484 καὶ
2576 3431 2901 3484 ἐπαλαίωσε.
2930 3428 3186 3484 Διάθεσθε
3211 3424 3302 3482 οὖν
3338 3424 3459 3498 πρὸς
3504 3425 3647 3495 ἡμᾶς
3672 3424 3749 3475 εί-

2216 3523 2407 3594 ρήνην,
2439 3522 2531 3576 καὶ
2550 3522 2738 3592 φίλους
2768 3521 2924 3594 ήμῶν
2946 3523 3339 3593 καταστήσατε.
3365 3538 3382 3571 ›
3411 3517 3514 3571 Kal.
3532 3519 3559 3570 δ
3585 3515 3755 3587 μακά-

2216 3630 2334 3685 ριος
2373 3614 2580 3687 Ἰησοῦς
2623 3616 2805 3687 ὅρκοις
2848 3615 3070 3686 εἰρήνην
3101 3613 3198 3685 τὴν
3241 3613 3376 3684 πρὸς
3420 3612 3611 3674 αὑτοὺς
3652 3612 3768 3662 ἐπι-

2217 3702 2476 3758 στώσατο.
2511 3704 2772 3775 Ὕστερον
2817 3704 2875 3758 δὲ
2928 3703 3024 3775 τὴν
3066 3704 3397 3775 πανουργίαν
3443 3700 3618 3755 αὑτῶν
3661 3702 3774 3753 ἐπι-

2213 3796 2395 3863 γνοὺς,
2417 3796 2671 3863 ἐφείσατο
2702 3795 2798 3867 μὲν
2831 3794 3009 3848 αὑτῶν
3036 3795 3122 3848 διά
3145 3796 3236 3848 τὸν
3264 3795 3445 3866 ὅρκον,
3472 3792 3773 3863 ξυλοφορεῖν

2214 3886 2273 3940 δὲ
2305 3888 2399 3940 καὶ⁵
2430 3887 2743 3960 ὑδροφορεῖν
2763 3889 2874 3950 τοῖς
2907 3886 3264 3959 Ἰσραηλίταις
3285 3887 3409 3941 ἀντὶ
3438 3886 3541 3957 τῆς
3566 3884 3773 3955 ἀπάτης

2214 3977 2570 4050 προσέταξεν.

2298 4067 2602 4140 Ὀργισθεὶς
2629 4068 2685 4121 δὲ
2719 4066 3067 4132 Ἀδωνιϐεζέκ
3085 4067 3114 4120 ὁ
3139 4066 3388 4137 βασιλεὺς
3428 4065 3772 4139 Ἰερουσαλὴμ

2214 4161 2308 4215 ἐπὶ
2331 4160 2391 4213 τὺ
2410 4159 2778 4231 αὐτομολῆσαι
2808 4161 2920 4223 τοῖς
2957 4158 3310 4230 Ἰσραηλίταις
3341 4161 3467 4223 τοὺς
3501 4160 3542 4211 Γ
3542 4158 3771 4212 (1601.)va-

2213 4273 2330 4320 τας,
2364 4254 2682 4326 συμμάχους
2708 4256 2834 4319 τοὺς
2867 4254 3269 4325 πλησιοχώρους
3303 4253 3483 4307 λαϐὼν
3518 4252 3773 4324 βασιλεῖς,

2211 4347 2303 4400 τὸν
2335 4345 2515 4416 Αίλὰμ
2548 4344 2770 4416 βασιλέα
2802 4342 3059 4416 Χεόρὼν,
3087 4344 3180 4397 καὶ
3225 4343 3315 4397 τὸν
3359 4341 3529 4396 Φιδὼν
3556 4342 3648 4396 τὸν
3678 4342 3775 4412 τῆς

2226 4436 2509 4509 ’Ῑεριμοὺδ,
2544 4435 2638 4490 καὶ
2669 4434 2808 4504 Σιφά
2838 4434 2931 4489 τὸν
2960 4435 3176 4506 Λαχεὶς,
3206 4433 3285 4488 ἔτι
3330 4433 3386 4489 δὲ
3423 4434 3520 4489 καὶ
3550 4433 3644 4488 τὸν
3672 4433 3781 4487 Δάδ

546 4521 1505 4588 dollam,castrametatus,obsidione
1521 4524 1798 4594 premebat
1818 4523 2108 4581 Gabaon".

2214 4529 2310 4600 τῆς
2366 4525 2670 4597 Σοδολλὰμ,
2711 4525 3166 4596 ἐστρατοπέδευσε
3206 4525 3341 4598 πρὸς
3397 4525 3628 4591 αὑτοὺς,
3685 4526 3780 4580 καὶ

548 4611 861 4668 Gabaonitaa
888 4613 1045 4667 malis
1061 4615 1329 4684 oppressi,
1347 4614 1552 4685 legatos
1572 4615 1791 4669 mittunt
1811 4614 1876 4668 ad
1899 4614 2106 4680 .lesum,

547 4706 638 4776 qui
670 4706 724 4759 in
757 4704 993 4775 Galgalis
1022 4722 1148 4761 cum
1185 4718 1351 4772 esset,
1395 4706 1511 4762 acie
1544 4722 1610 4762 ex
1649 4705 1879 4761 adverso
1905 4707 2109 4762 instru-

547 4804 656 4859 cta,
682 4812 1008 4867 congressus
1066 4807 1151 4854 est
1210 4797 1487 4870 fugatique
1546 4799 1859 4868 alienigenae
1905 4800 2103 4869 partim

547 4885 726 4957 gladio
771 4887 1097 4949 occubuere,
1157 4888 1354 4958 partim
1415 4886 1697 4957 grandine.
1751 4884 2106 4956 Fugientibus

545 4976 689 5032 enim
717 4977 871 5037 Deus.
891 4979 1207 5048 grandinem
1254 4980 1515 5044 immittit,
1542 4992 1663 5049 qua)
1708 4978 1893 5048 plures
1923 4977 2107 5033 inimi-

545 5084 732 5125 corum
763 5085 924 5140 quam
971 5070 1170 5125 bellum
1211 5072 1523 5128 interemit:
1574 5080 1633 5125 ut
1658 5078 1838 5125 autem
1882 5070 2108 5126 omnino

542 5178 638 5217 eos
670 5161 874 5216 deleret
905 5160 1085 5227 Jesus,
1119 5161 1284 5218 Deum
1315 5161 1508 5227 oravit,
1536 5174 1595 5218 ut
1614 5162 1756 5217 diem
1787 5171 1984 5232 praeter
2012 5178 2110 5216 na-

541 5259 678 5309 tura:
697 5252 940 5308 ordinem
964 5255 1302 5324 protraheret
1315 5270 1503 5311 versus
1529 5253 1771 5320 Gabaon,
1787 5253 1919 5309 solis
1942 5268 2106 5309 cursu

542 5347 828 5419 impedito,
865 5356 919 5403 ct
951 5363 1140 5403 versus
1186 5347 1378 5401 vallem
1417 5351 1626 5412 Arnen,
1664 5348 1842 5413 lunae;
1873 5357 1926 5402 et
1962 5346 2104 5403 Deus

541 5440 712 5496 solem
748 5458 780 5495 a
811 5457 978 5496 cursu
1029 5439 1229 5504 arcuit,
1275 5448 1329 5495 et
1369 5441 1883 5512 lunam,quousque
1920 5442 1976 5496 in
2020 5443 2107 5497 die

544 5531 778 5604 integro,
816 5534 999 5589 hostes
1022 5531 1294 5602 praedatus
1320 5543 1423 5586 est.
1474 5530 1725 5603 Quinque
1750 5542 1933 5588 autem
1969 5549 2103 5603 gen-

543 5623 679 5678 tium
702 5641 859 5696 reges
888 5625 1049 5683 Jesus
1092 5624 1239 5681 Nave
1286 5638 1411 5681 cum
1441 5624 1677 5697 abditos.
1708 5625 2007 5682 invenisset
2049 5625 2107 5679 in

2212 4619 2517 4691 ἐπολιόρκει
2547 4617 2642 4688 τὴν
2671 4617 2914 4673 Γαϐαών.
2949 4620 3010 4672 Ol
3044 4619 3101 4672 δέ
3122 4618 3456 4671 Γαϐαωνῖται
3488 4618 3780 4689 συνεχόμε-

2213 4727 2293 4764 νοι
2324 4709 2711 4782 πρεσόεύονται
2744 4710 2882 4781 πρὸς
2924 4708 3144 4780 Ἰησοῦν.
3198 4709 3254 4762 '0
3295 4708 3351 4762 δὲ
3395 4710 3452 4762 ἐν
3485 4708 3782 4776 Γαλγάλοις

2211 4802 2309 4867 ὢν,
2338 4800 2800 4873 ἀντιπαρετάξαντο
2828 4801 3029 4864 αὑτοῖς,
3053 4801 3145 4854 xal.
3177 4799 3450 4872 συμϐολῆς
3480 4800 3781 4871 γενομένης

2211 4893 2596 4966 ἐτροπώθησαν
2627 4893 2677 4947 οἱ
2737 4891 3056 4961 ἀλλόφυλον
3112 4893 3205 4946 xal.
3257 4893 3306 4945 οἱ
3352 4892 3449 4963 μὲν
3503 4890 3645 4961 ξίφει
3702 4891 3783 4946 δι-

2213 4985 2547 5057 εφθάρησαν,
2586 4987 2635 5039 οἱ
2665 4984 2724 5038 δέ
2756 4984 2982 5056 χαλάζῃ.
3018 4986 3327 5053 Φευγόντων
3357 4983 3469 5056 γάρ
3507 4983 3713 5048 αὐτῶν,
3750 4986 3783 5037 ό

2212 5077 2345 5141 Θεὸς
2375 5077 2615 5148 χάλαζαν
2659 5079 2842 5140 αὐτοῖς
2878 5076 3303 5149 κατώμὸρησεν,
3332 5076 3455 5148 ἥτις
3494 5075 3781 5140 πλείστους

2213 5169 2322 5223 τῶν
2349 5171 2602 5225 ἐναντίων
2638 5171 2836 5233 ἀνεῖλε,
2866 5170 3008 5241 ἥπερ
3035 5172 3063 5223 ὁ
3088 5169 3340 5240 πόλεμος.
3369 5170 3483 5223 Ἵνα
3506 5169 3563 5222 δὲ
3593 5169 3780 5224 τέλεον

2213 5261 2510 5336 ἐξαφανίσῃ
2532 5264 2727 5326 αὐτοὺς
2772 5261 2996 5334 Ἰησοῦς,
3030 5260 3231 5331 ηὔξατο
3248 5261 3325 5331 τῷ
3345 5261 3484 5332 Θεῷ,
3503 5263 3650 5327 ὅπως
3676 5263 3781 5335 τὴν

2209 5354 2422 5426 ἡμέραν
2445 5353 2594 5424 παρὰ
2627 5354 2784 5424 φύσιν
2821 5351 3035 5424 μηκύνῃ
3060 5354 3245 5417 αὐτοῖς
3282 5354 3482 5425 στήσας
3506 5354 3598 5407 τὸν
3626 5354 3779 5426 ἥλιον

2212 5444 2353 5498 κατά
2392 5444 2634 5509 Γαϐαὼν,
2668 5446 2762 5499 καὶ
2790 5446 2890 5512 τὴν
2925 5446 3150 5518 σελήνην
3182 5447 3322 5499 κατά
3360 5445 3624 5516 φάραγγα
3660 5448 3781 5519 Ἀρ-

2210 5535 2336 5587 νῶν.
2371 5536 2481 5589 Kal.
2525 5536 2750 5607 ἔστησεν
2778 5538 2806 5589 ό
2836 5535 2968 5600 Θεὸς
3009 5536 3195 5590 στάσει
3221 5537 3312 5591 τὸν
3342 5537 3491 5608 ήλιον
3536 5537 3633 5591 καὶ
3673 5538 3778 5606 τὴν

2214 5626 2464 5699 σελήνην,
2498 5627 2602 5688 ἓως
2657 5622 2720 5682 οὗ
2771 5629 3106 5702 πανημέριον
3154 5631 3278 5693 τοὺς
3321 5629 3610 5702 πολεμίους
3634 5628 3776 5700 ῆλω.

619 5799 800 5856 "los.
826 5816 908 5859 tu.
978 5802 1166 5867 ."Jos.
1200 5822 1283 5885 γιι
1349 5803 1398 5877 ξι
1423 5802 1539 5860 Ιοε.
1574 5819 1693 5861 vni.
1769 5804 1812 5839 ”
1837 5802 1955 5861 Jos.
1996 5819 2073 5871 lx.
2152 5803 2336 5862 "los.
2366 5822 2430 5886 _x._
