4090 6288
307 394 413 450 793

1225 395 1499 453 SPURIA.
1533 426 1602 438 —
1634 392 1993 452 COMMENT.
2041 390 2108 448 IN
2142 387 2636 448 HEXAEMERON.
2686 419 2688 421 -

3429 387 3532 443 794

302 515 442 578 Τοὺς
476 514 535 568 δέ
587 514 746 569 πέντε
791 514 1028 587 βασιλεῖς
1077 516 1186 570 τῶν
1236 517 1405 570 ἐθνῶν
1450 514 1656 588 Ἰησοῦς
1704 515 1733 567 ὁ
1776 510 1869 566 τοῦ

1977 512 2255 583 spelunca,
2292 509 2519 579 supinos
2549 505 2699 562 humi
2734 504 3028 578 projectos,
3062 511 3116 560 et
3148 519 3177 559 a
3207 505 3404 575 populo
3439 520 3535 559 su-

303 607 458 677 Ναυῆ
513 608 922 678 κρυπτομένους
961 607 1166 682 εὑρὼν,
1219 610 1298 672 είς
1339 608 1596 679 σπήλαιον
1647 605 1873 668 ὑπτίους

1977 620 2070 675 per
2089 603 2230 658 collo
2265 602 2618 658 conculcatos
2653 600 2946 662 interemit,
2989 604 3041 652 et
3083 612 3271 652 eorum
3300 611 3533 666 corpora

305 699 400 751 ἐπὶ
427 699 527 768 τῆς
557 699 678 770 γῆς,
716 700 937 772 ῥιφῆναι
982 701 1177 764 αὐτοὺς
1221 700 1516 772 πρόσεταξε
1537 742 1552 766 ,
1586 699 1677 753 καὶ
1703 714 1875 752 κατας

1977 695 2135 767 lignis
2167 707 2424 764 appensa,
2453 691 2670 746 tandem
2702 691 2756 743 in
2781 690 3040 758 spelunca
3071 687 3301 756 sepeliit,
3331 695 3385 742 et
3416 701 3536 740 om-

305 790 594 844 πατεῖσθαι
625 790 729 843 ὑπὸ
762 792 854 843 τοῦ
885 791 1012 846 λαοῦ
1053 793 1145 847 ἐπὶ
1187 793 1281 852 τοῦ
1308 793 1576 864 τραχήλου
1619 792 1868 863 ποιήσας,

304 883 590 936 ἀπέκτεινε
608 900 619 912 ·
649 884 739 937 καὶ⁵
775 883 845 936 τὰ
871 883 1097 956 σώματα
1122 885 1300 939 αὐτῶν
1325 887 1417 940 ἐπὶ
1449 884 1604 952 ξύλου
1638 883 1868 954 ἀναρτή-

1971 787 2132 844 nibus
2162 800 2348 841 eorum
2395 782 2707 851 civitatibus
2745 781 2996 852 expilatis
3033 789 3344 832 montanam
3387 792 3536 832 cam-

1971 887 2316 948 pestremque
2344 877 2614 946 regionem
2651 873 2881 942 subegit.

307 991 426 1040 σας,
461 975 685 1046 ὕστερον
718 977 797 1040 εἰς
822 977 883 1028 τὸ
922 979 1182 1049 σπήλαιον
1207 977 1345 1032 αὐτὰ
1372 976 1668 1050 κατώρυξε.
1695 975 1879 1038 Πάσας
1900 971 1968 1026 δὲ
2000 970 2098 1034 τὰς
2131 969 2312 1031 πόλεις
2341 968 2683 1038 ἐκπορθήσας
2732 964 2931 1028 αὑτῶν,
2997 965 3173 1018 πᾶσαν
3198 961 3297 1033 τὴν
3325 960 3538 1034 ὀρεινὴν

307 1067 402 1120 καὶ
423 1066 520 1137 τὴν
547 1067 766 1138 πεδινὴν
794 1067 1046 1134 ὑπέταξε.

391 1158 566 1231 Ἀσὼρ
595 1159 673 1222 δέ,
700 1161 728 1212 ὁ
756 1159 1004 1230 βασιλεὺς
1044 1160 1234 1225 Ἰασὶν,
1270 1161 1590 1234 συμμάχους
1622 1160 1746 1224 τοὺς
1777 1157 1874 1212 πέ-

311 1248 395 1321 ριξ
425 1245 606 1302 λαϐὼν
663 1249 898 1320 βασιλεῖς
924 1291 938 1314 ,
979 1251 1174 1323 πολλὴν
1208 1255 1479 1324 συνήγαγε
1510 1253 1758 1323 δύναμιν,
1799 1251 1875 1314 ὡς

306 1337 521 1391 εἰκάσαι
555 1338 615 1391 τὸ
658 1338 863 1407 πλῆθος
894 1339 990 1410 τῆς
1029 1342 1315 1412 στρατείας
1355 1341 1534 1394 αὐτῶν
1578 1344 1644 1410 τῇ
1689 1341 1878 1411 ἀναρι-

308 1428 337 1481 0
347 1432 502 1501 μήτῳ
527 1429 624 1499 τῆς
651 1428 920 1500 Θαλάσσης
943 1429 1172 1501 ψάμμῳ,
1198 1433 1292 1484 καὶ
1307 1431 1769 1503 ἀντιπαρετάξατο
1795 1429 1874 1499 τῷ

319 1521 518 1594 Ἰησοῦ.
557 1522 613 1574 Ὀ
645 1521 700 1574 δὲ
729 1523 908 1585 αὐτοῖς
959 1522 1111 1592 ἄφνω
1162 1521 1435 1576 ἐπιπεσὼν
1472 1522 1677 1593 Ἰησοῦς
1715 1522 1874 1575 αὐτόν

303 1632 366 1668 τε
389 1616 483 1668 καὶ
504 1616 707 1678 πάντας
734 1617 858 1678 τοὺς
884 1615 1203 1686 συμμάχους
1224 1616 1524 1685 πανστρατ).
1548 1613 1871 1682 κατέσφαξε,

307 1708 403 1761 καὶ
446 1709 569 1772 τοὺς
625 1709 823 1770 ἵππους
873 1706 1048 1760 αὐτῶν
1092 1706 1516 1778 ὲνευροκόπησε,
1569 1706 1662 1758 καὶ
1696 1707 1873 1759 πᾶσαν

2046 1148 2218 1204 Porro
2251 1148 2390 1202 Asor
2427 1163 2519 1202 rex
2548 1144 2706 1201 Jabin
2727 1145 2794 1211 ’⁷,
2827 1159 3014 1200 omnes
3055 1159 3212 1214 reges
3241 1143 3451 1201 vicinos
3482 1144 3536 1200 in

1980 1241 2239 1296 auxilium
2259 1247 2480 1294 vocatos
2501 1243 2816 1292 immensam
2833 1237 3113 1306 copiarum
3132 1238 3538 1292 multitudinem

1978 1333 2173 1402 coegit,
2201 1333 2276 1386 ita
2321 1338 2380 1384 ut
2413 1329 2793 1384 innumerabili
2825 1343 3003 1381 arenae
3035 1328 3203 1382 maris
3231 1328 3427 1382 similis
3457 1328 3540 1381 vi-

1979 1424 2221 1486 derctur,
2257 1423 2455 1493 quibus
2484 1438 2543 1476 se
2569 1419 2728 1476 Jesus
2755 1420 3028 1489 opposuit.
3046 1419 3114 1472 At
3141 1419 3228 1472 hic
3246 1420 3540 1490 improviso

1979 1515 2310 1584 irrumpens,
2335 1514 2513 1584 ipsum
2557 1527 2855 1581 onmesque
2882 1510 3002 1580 ejus
3035 1511 3329 1566 auxiliares
3356 1512 3540 1580 copias

1977 1605 2348 1663 internecione
2383 1605 2599 1668 delevit,
2640 1614 2901 1674 artusque
2951 1618 3214 1672 equorum
3267 1603 3538 1669 abscidit,

1977 1710 2032 1757 et
2070 1716 2258 1757 eorum
2295 1707 2494 1754 terram
2529 1701 2836 1752 universam
2877 1695 3134 1751 lsraelitis
3168 1695 3400 1766 partitus
3433 1702 3538 1750 est.

309 1799 487 1854 αὐτῶν
535 1801 631 1870 τὴν
661 1799 762 1868 γῆν
807 1801 918 1862 τοῖς
963 1797 1318 1868 Ἰσραηλίταις
1359 1797 1622 1867 διένειμεο
1670 1799 1736 1868 τῇ
1781 1797 1876 1866 μὲν

1979 1795 2044 1850 Et
2090 1794 2256 1849 tribui
2313 1791 2504 1846 Ruben
2547 1789 2785 1846 sortibus
2827 1787 3091 1856 conjectis
3139 1786 3287 1841 dedit
3339 1795 3540 1842 terram

312 1891 450 1961 φυλῇ
481 1891 573 1943 τοῦ
613 1891 821 1943 Ῥουδὶν
859 1889 954 1961 τὴν
983 1890 1088 1943 τῶν
1125 1891 1462 1962 Ἀμορραίων
1499 1891 1600 1961 γῆν
1630 1890 1874 1961 ἀπεκλή-

315 1999 453 2054 ρωσε
485 1983 577 2036 καὶ
605 1982 702 2054 τὴν
745 1982 1037 2053 Ῥαφασὴν,
1074 1983 1170 2054 τὴν
1207 1983 1262 2036 δέ
1312 1981 1417 2035 Γὰδ
1454 1982 1551 2052 τὴν
1577 1982 1746 2052 αὐτὴν
1774 1981 1876 2052 γῆν

308 2075 415 2128 τῶν
458 2075 821 2147 Ἀμορραίων,
847 2076 938 2128 καὶ
970 2075 1030 2128 τὸ
1062 2075 1232 2146 ⁴ἣμισυ
1296 2075 1435 2146 φυλῇ
1471 2075 1738 2145 Μανασσῆ
1773 2076 1879 2128 άπ-

310 2166 513 2237 ένειμε,
552 2169 646 2220 καὶ
674 2170 740 2239 τῇ
777 2167 916 2238 φυλῇ
957 2166 1122 2220 Ἰούδα
1152 2167 1251 2237 τὴν
1275 2166 1382 2219 τῶν
1438 2166 1698 2238 Ἐϐραίων
1723 2205 1739 2230 ,
1785 2165 1877 2218 καὶ

306 2258 601 2319 Χετταίων,
659 2259 753 2310 καὶ⁹
793 2257 889 2329 τὴν
937 2257 1211 2328 Ἐνακείμ.
1250 2260 1451 2326 Ἤγουν
1499 2258 1664 2311 Ἰούδα
1715 2257 1875 2330 φυλὴ,

308 2351 598 2422 σύμμαχον
633 2351 870 2404 λαϐοῦσα
911 2353 1010 2423 τὴν
1042 2352 1210 2422 φυλὴν
1244 2349 1499 2421 Συμεὼν,
1532 2353 1658 2414 τοὺς
1692 2353 1876 2405 Χανα⁹

306 2446 490 2508 ναίους
521 2445 615 2498 καὶ
664 2445 987 2515 Φερεζαίους
1026 2445 1324 2516 ἐπόρθησε,
1359 2445 1452 2498 καὶ
1493 2445 1761 2515 φεύγοντα
1786 2445 1876 2498 τὸν

318 2536 670 2600 Ἀδωνιϐεζέκ
721 2537 1142 2608 χειρωσάμενοι,
1189 2538 1312 2602 τοὺς
1351 2538 1518 2600 πόδας
1560 2537 1724 2591 αὑτοῦ
1783 2537 1878 2590 καὶ

312 2627 406 2689 τὰς
440 2629 623 2698 χεῖρας
647 2629 1095 2699 ἠκρωτηρίασαν·
1121 2630 1211 2682 καὶ
1241 2631 1660 2701 κατοδυρόμενος
1687 2632 1874 2685 ἑαυτὸν

308 2719 412 2790 ἔφη
437 2737 450 2749 ·
476 2740 493 2770 ι
522 2720 718 2785 Καθὼς
741 2722 988 2792 ἐποίησα,
1003 2721 1141 2775 οὕτω
1161 2740 1248 2793 μοι
1273 2725 1301 2776 6
1330 2723 1460 2787 Θεὸς
1473 2725 1870 2781 άνταπέδωκεν.

321 2810 718 2883 Ἐὅδομήκοντα
749 2813 856 2884 γὰρ
911 2813 1177 2883 βασιλεῖς,
1225 2814 1292 2868 τὰ
1354 2816 1498 2886 ἄκρα
1545 2816 1652 2868 τῶν
1697 2816 1872 2869 ποδῶν

308 2902 489 2955 αὐτῶν
522 2904 613 2956 καὶ
645 2903 751 2958 τῶν
791 2903 987 2976 χειρῶν
1016 2904 1429 2975 ἐκκεκομμένοι,
1457 2905 1712 2959 ὑποκάτω
1735 2901 1872 2977 ἦσαν

306 2994 407 3064 τῆς
451 2994 727 3066 τραπέζης
783 3013 881 3066 μου
935 2996 1001 3050 τὰ
1057 2997 1396 3066 ἐμπίπτοντα
1447 2997 1818 3065 ἀναλέγοντες.
1849 3018 1868 3050 ι

309 3087 604 3157 Κομισθεὶς
623 3085 714 3140 οὖν
727 3091 805 3151 είς
821 3087 1174 3160 Ἰερουσαλὴμ
1193 3089 1505 3160 παραυτίκα
1523 3090 1776 3144 ἀπέθανε.
1791 3091 1868 3162 Τῇ

305 3178 362 3230 δέ
379 3178 513 3248 φυλῇ
543 3180 776 3251 Ἐφραῒμ
808 3180 1026 3252 τὴντῶν
1053 3182 1412 3254 Ἀμοῤῥαίων,
1430 3183 1523 3237 καὶ
1550 3183 1875 3256 Φερεξαίων,
1905 3163 1946 3217 C

307 3271 400 3321 καὶ
423 3270 746 3340 Σαμαραίων
767 3289 778 3300 ’
817 3272 910 3324 καὶ
959 3270 1037 3342 τῷ
1069 3273 1253 3342 ἡμίσει
1283 3275 1452 3346 φυλῆς
1483 3277 1748 3347 Μανασσῆ
1779 3276 1878 3348 τὴν

305 3360 413 3413 τῶν
429 3361 467 3412 Γ
470 3363 720 3432 ερσαίων,
740 3365 832 3417 καὶ
859 3365 1196 3437 Ἀμορραίων
1213 3367 1317 3437 γῆν
1333 3367 1625 3438 ἀπένειμεν
1654 3368 1876 3439 Ἰησοῦς·

307 3453 405 3523 τὴν
441 3453 496 3506 δὲ
525 3454 633 3506 τῶν
677 3455 959 3528 Ἐϐραίων,
1008 3458 1102 3511 καὶ
1143 3459 1503 3531 Ἀμορραίων,
1550 3460 1643 3512 καὶ
1685 3460 1880 3513 Ἰεϐου-

309 3543 474 3596 σαίων
522 3548 588 3615 τῇ
621 3545 713 3598 τοῦ
773 3547 1026 3618 Βενιαμὶν
1076 3548 1500 3622 ἐκληροδότησεο
1560 3553 1622 3622 τῇ
1677 3550 1734 3605 δὲ
1783 3551 1876 3605 τοῦ

305 3635 529 3706 Συμεὼν
568 3638 666 3708 τὴν
706 3639 815 3693 τῶν
853 3641 1115 3711 Ἑϐραίων
1147 3644 1241 3695 καὶ
1287 3643 1627 3712 Φερεζαίων’
1671 3644 1764 3696 καὶ
1807 3647 1876 3717 τῇ

307 3727 400 3780 τοῦ
433 3728 712 3782 Ζαϐουλὼν
741 3731 838 3801 τὴν
881 3732 986 3785 τῶν
1027 3733 1365 3804 Φερεζαίων·
1395 3736 1492 3806 τὴν
1521 3736 1578 3788 δέ
1615 3737 1724 3790 τῶν
1774 3739 1876 3791 Κι-

305 3816 470 3870 ναίων
513 3820 578 3886 τῇ
625 3817 968 3889 Νεφθαλείμο
1029 3824 1121 3875 καὶ
1167 3825 1234 3893 τῇ
1289 3823 1428 3894 φυλῇ
1483 3823 1575 3877 τοῦ
1625 3825 1730 3878 Δὰν
1778 3826 1877 3897 τὴν

322 3909 693 3980 Ἀμοῤῥαίωνο
740 3914 805 3981 τῇ
850 3911 907 3964 δὲ
943 3913 1081 3985 φυλῇ
1145 3915 1432 3986 Ἰσσάχαρ,
1482 3917 1578 3969 καὶ
1629 3919 1692 3988 τῇ
1737 3918 1874 3990 φυλῇ

322 4002 488 4071 Ἀσὴρ
511 4003 610 4073 τὴν
645 4001 752 4055 τῶν
780 4004 1102 4077 Φερεζαίων.
1136 4007 1351 4079 Ταύτην
1386 4011 1564 4063 πᾶσαν
1598 4010 1878 4080 διανείμας

307 4091 404 4161 τὴν
458 4093 560 4161 γῆν
608 4094 811 4164 Ἰησοῦς
860 4103 902 4167 ρ’
945 4096 1040 4150 καὶ⁵
1084 4103 1113 4151 ι’
1158 4097 1356 4168 βιώσας
1413 4100 1536 4171 ἐτη,
1588 4101 1873 4156 ἀπέθανεν.

321 4181 644 4254 Ἐλεαζάρου
675 4185 730 4237 δὲ
761 4187 853 4239 τοῦ
890 4186 1006 4240 υἱοῦ
1061 4187 1269 4260 Ἀαρὼν
1315 4189 1730 4262 τελευτήσαντος
1777 4193 1875 4262 τὴν

309 4273 714 4344 ἀρχιερωσύνην
744 4276 899 4339 Φινές
927 4279 954 4329 ὀ
984 4277 1096 4340 υίὸς
1130 4277 1292 4330 αὑτοῦ
1323 4278 1606 4343 διεδέξατο.
1634 4281 1787 4334 Μετὰ
1818 4281 1875 4335 δέ

307 4366 405 4436 τὴν
437 4366 688 4438 τελευτὴν
733 4368 905 4439 Ἰησοῦ
945 4371 1102 4441 Ναυῆ
1131 4372 1180 4424 οἱ
1222 4371 1577 4443 Ἰσραηλῖται,
1608 4373 1877 4426 ἀποστάν-

306 4473 398 4520 τες
437 4457 527 4510 τοῦ
559 4459 720 4522 Θεοῦ,
770 4463 835 4530 τῇ
883 4462 1150 4536 Ἀστάρτῃ
1209 4463 1538 4535 ἐλάτρευσαν
1586 4464 1679 4517 καὶ
1729 4481 1873 4536 παρ-

1975 1885 2440 1946 Διιιοιιὶιαιοιιιιιι,
2471 1889 2528 1936 et
2557 1881 2870 1951 Raphasen,
2898 1887 2952 1932 et
2981 1877 3093 1932 Gad
3132 1877 3303 1948 ipsam
3337 1886 3540 1932 terram

1974 1977 2435 2038 Amorrhzcorum,
2467 1981 2522 2029 et
2548 1973 2827 2028 dimidium
2860 1970 3022 2025 tribui
3051 1971 3330 2037 Manassre,
3356 1978 3410 2025 et
3441 1971 3540 2030 tris

1979 2070 2071 2125 bui
2100 2068 2253 2123 Iuda:
2286 2066 2636 2122 Hebraeorum
2657 2075 2712 2120 et
2740 2065 3126 2125 Cbettaeorum,
3148 2073 3202 2118 et
3231 2063 3452 2118 Enacim
3470 2063 3538 2118 ³⁸.

1979 2160 2086 2217 Sed
2116 2160 2268 2217 ludat
2301 2161 2500 2222 tribus,
2533 2159 2675 2214 tribu
2707 2157 2940 2228 Symeon
2982 2157 3037 2211 in
3077 2157 3338 2211 auxilium
3369 2155 3541 2210 advo-

1977 2261 2100 2308 cata
2121 2253 2187 2314 ³³.
2246 2251 2616 2315 Chananzeos,
2661 2259 2715 2304 et
2759 2249 3075 2303 Pherezreos
3132 2249 3370 2318 praedata
3425 2254 3540 2314 est;

1977 2359 2213 2415 cumque
2261 2343 2533 2414 cepissent
2563 2343 2853 2413 fugientem
2901 2342 3262 2406 Adonibezec,
3300 2348 3540 2394 extrema

1977 2439 2175 2508 pedum
2219 2453 2282 2493 ac
2312 2453 2573 2492 manuum
2604 2436 3022 2499 obtruncarunt,
3064 2435 3158 2504 qui
3187 2433 3540 2503 semetipsum

1976 2531 2270 2602 deplorans
2316 2530 2494 2585 dixit:
2529 2547 2548 2580 ι
2584 2526 3046 2594 Quemadmodum
3097 2525 3220 2589 feci,
3277 2526 3350 2580 ita
3409 2523 3542 2578 mihi

1981 2623 2124 2679 Deus
2172 2623 2445 2677 retribuit.
2497 2620 2850 2690 Septuaginta
2897 2618 3042 2673 enim
3096 2632 3253 2687 reges
3298 2626 3542 2671 extrema

1981 2715 2211 2788 pedibus
2239 2730 2300 2770 ac
2335 2713 2586 2769 manibus
2616 2712 2811 2774 mutili,
2843 2711 2945 2766 sub
2973 2725 3160 2764 mensa
3187 2725 3305 2762 mea
3339 2723 3400 2762 ea
3422 2721 3544 2778 qua:

1979 2807 2248 2863 cadebant
2295 2808 2639 2878 colligebant.
2681 2824 2700 2857 ι
2740 2803 2920 2858 Hicin
2954 2802 3289 2858 Hierusalem
3333 2801 3544 2857 delatus

1981 2901 2163 2956 subito
2186 2901 2363 2970 periit.
2386 2899 2573 2954 Tribui
2596 2896 3300 2968 EphraimAmorrlmorum
3325 2901 3378 2948 et
3402 2892 3544 2947 Pbe-

1977 3009 2292 3053 rezmorum,
2324 3003 2376 3048 et
2399 2991 2814 3054 Samaraeorum,
2854 2996 2908 3043 et
2935 2988 3172 3042 dimidia:
3199 2987 3339 3058 parti
3367 2986 3546 3042 tribus

1979 3085 2244 3142 Manassae
2275 3083 2637 3146 Gersaeorum,
2670 3091 2724 3138 et
2758 3082 3199 3136 Amorrbaaorum
3232 3079 3422 3134 tribuit
3447 3077 3540 3134 Je-

1979 3193 2075 3234 sus
2108 3197 2121 3233 :
2151 3177 2497 3233 Hebraeorum
2535 3190 2663 3230 vero
2693 3183 2747 3230 et
2788 3174 3248 3235 Amorrhaaorum,
3272 3180 3324 3226 et
3348 3169 3546 3226 Jebus-

1979 3285 2212 3327 satorum
2255 3269 2418 3324 tribui
2457 3269 2774 3338 Benjamin;
2801 3266 2966 3321 tribui
3009 3265 3242 3336 Symeon
3292 3262 3546 3319 Hebraeo-

1977 3379 2122 3426 rum,
2153 3370 2207 3418 et
2229 3361 2662 3422 Pherezaeorum,
2688 3368 2741 3414 et
2769 3357 2932 3414 tribui
2958 3357 3201 3412 Zabulon
3232 3355 3546 3410 Pherezzeo-

1976 3471 2122 3519 rum,
2151 3461 2205 3509 et
2235 3454 2396 3508 tribui
2425 3452 2766 3524 Nephtbalim
2796 3452 3128 3516 (linatorum,
3151 3458 3206 3504 et
3235 3449 3401 3503 tribui
3430 3447 3545 3502 Dan

1978 3547 2441 3612 Amorrliaaorum,
2481 3555 2535 3601 et
2575 3545 2737 3600 tribui
2789 3542 3058 3607 lssachar,
3101 3550 3155 3598 et
3195 3541 3360 3596 tribui
3408 3540 3546 3595 Aser

1979 3637 2414 3692 Pherezzrorum.
2466 3636 2618 3691 Hanc
2648 3636 2958 3690 universam
2995 3643 3194 3687 terram
3235 3645 3360 3684 cum
3405 3628 3546 3683 divi-

1978 3731 2141 3786 sisset
2156 3727 2337 3793 Jesus,
2367 3730 2540 3784 anatis
2564 3742 2827 3781 annorum
2857 3733 3072 3779 centum
3095 3731 3149 3778 et
3176 3722 3361 3777 decem
3381 3736 3412 3775 e
3434 3720 3544 3773 vita

1977 3824 2215 3880 decessit
2233 3825 2297 3878 ³ο.
2337 3823 2399 3877 Et
2429 3823 2685 3878 Eleazaro
2715 3822 2824 3876 lilio
2850 3823 3029 3874 Aaron
3064 3827 3279 3875 mortuo
3310 3819 3364 3872 in
3395 3831 3546 3872 sum-

1979 3931 2068 3970 mo
2095 3917 2402 3971 sacerdotio
2440 3915 2643 3971 Phines
2689 3915 2810 3984 ejus
2858 3915 3004 3969 filius
3048 3912 3331 3969 successit.
3373 3909 3544 3966 Caete-

1976 4021 2096 4060 rum
2135 4017 2257 4076 post
2291 4006 2418 4064 Jesu
2458 4007 2604 4060 Nave
2641 4005 2846 4061 obitum
2867 4005 2911 4036 “
2941 4003 3215 4064 Israelita,
3244 4017 3367 4056 cum
3394 4000 3546 4056 defe-

1976 4099 2182 4154 cissent
2212 4115 2242 4154 a
2270 4099 2400 4166 Deo,
2431 4100 2705 4154 Astartam
2735 4099 2973 4162 coluere,
2997 4105 3051 4152 et
3083 4095 3229 4150 dedit
3255 4095 3378 4149 illos
3399 4091 3543 4148 Deus

1976 4191 2222 4260 captivos
2267 4191 2613 4246 Cbursathan
2662 4189 2922 4261 Syrorum
2959 4190 3093 4260 regi,
3131 4189 3223 4258 qui
3252 4202 3348 4242 eos
3375 4185 3542 4242 variis

1976 4283 2157 4339 modis
2180 4285 2472 4354 multisque
2515 4285 2804 4355 affligebat,
2841 4284 2914 4338 ita
2945 4291 3004 4338 ut
3048 4296 3373 4354 magnopere
3396 4282 3546 4337 cala—

1975 4375 2257 4432 mitatibus
2302 4375 2580 4446 defatigati
2618 4375 2908 4432 clamarint
2953 4372 3023 4428 ad
3069 4372 3276 4440 Deum,
3316 4371 3544 4442 datique

1977 4469 2085 4522 sint
2124 4468 2232 4522 illis
2263 4468 2498 4536 judices.

311 4546 508 4601 έδωκεν
563 4550 754 4615 αὑτοὺς
804 4552 1144 4625 ὑποχειρίους
1195 4557 1224 4608 ὀ
1270 4555 1402 4619 Θεὸς
1425 4555 1744 4629 Χουσαρθὰν
1799 4555 1877 4628 τῷ
1927 4557 2112 4630 Σύρων
2167 4560 2413 4631 βασιλεῖ,
2483 4561 2630 4625 ὅστις
2696 4561 2776 4624 είς
2828 4558 3026 4631 πολλὴν
3081 4557 3307 4629 συνοχὴν
3346 4555 3543 4616 αὐτοὺς

308 4638 658 4711 κατέστησεν,
709 4641 785 4706 ὡς
829 4641 922 4695 ἐπὶ
971 4645 1104 4698 πολὺ
1157 4646 1634 4720 καταπονηθέντας
1702 4647 1901 4711 αὑτοὺς
1955 4647 2149 4720 βοῆσαι
2198 4650 2336 4722 πρὸς
2412 4649 2501 4705 τὸν
2557 4649 2724 4718 Θεὸν,
2775 4651 2872 4706 καὶ
2919 4649 3139 4723 δοθῆναι
3188 4651 3366 4714 αὐτοῖς
3416 4663 3543 4722 κρι-

304 4732 426 4798 τάς.

410 4939 457 4974 ⁸*
477 4937 595 4996 los.
628 4957 706 4998 xl.
783 4941 967 5001 "los.
1000 4959 1123 5001 xm.
1199 4943 1396 5000 "Jud.
1431 4962 1470 5002 ι.
1545 4946 1592 4980 ⁸⁸
1610 4944 1726 5002 los.
1762 4964 1876 5004 xm

1989 4947 2034 4981 “
2063 4945 2197 5004 Iud.
2224 4961 2307 5003 ιιι.
