4090 6288
664 387 774 446 795
1997 388 2242 448 LEONIS
2276 389 2550 449 ALLATII

671 556 3861 595 Μ

1611 706 2174 837 LEONIS
2263 605 2913 835 ALLATI-I

2217 959 2289 1006 IN

865 1113 1643 1232 EUSTATHII
1722 1111 2609 1253 ANTIOCHENI
2687 1115 3669 1237 HEXAEMERON

1480 1352 1729 1420 NOTE
1781 1351 2250 1417 UBERIORES
2271 1350 2390 1413 ET
2415 1352 3038 1424 COLLECTANEA.

717 1598 838 1654 Col.
861 1597 984 1661 707,
1015 1595 1354 1664 in'inscript.
1405 1593 1761 1649 Εὐσταθίου.
1813 1593 1889 1649 De
1922 1593 2205 1649 Enstathio
2235 1601 2282 1657 Α
2309 1599 2509 1653 tionem
2561 1607 2813 1670 exponat,
2851 1601 2943 1657 ubi
2995 1602 3139 1659 hanc
3180 1618 3367 1660 curam
3424 1604 3535 1663 sibi
3574 1604 3744 1663 fuisse
3774 1606 3848 1665 de-

649 1689 1013 1752 Antiooheno,
1032 1692 1086 1742 et
1106 1686 1225 1756 ejus
1255 1686 1493 1756 scriptis,
1507 1688 1661 1755 plura
1679 1687 1732 1740 in
1756 1686 2070 1756 praefatione
2091 1702 2209 1742 mea

652 1783 719 1836 ad
756 1783 1033 1837 lectorem.
1067 1779 1168 1834 Hic
1195 1780 1301 1833 duo
1325 1785 1558 1842 tantum,
1595 1795 1715 1848 quae
1744 1780 1816 1833 ibi
1849 1780 2100 1835 consulto
2132 1778 2210 1835 si-

605 1943 611 1948 ,
651 1873 822 1928 lentio
855 1871 1175 1943 praetermisi
1227 1873 1506 1925 tractanda
1573 1871 1829 1940 suscipio.
1866 1871 1932 1923 Et
1977 1872 2209 1942 primum

651 1966 757 2021 erit
803 1964 1096 2020 discrimen
1144 1962 1284 2018 inter
1323 1962 1468 2016 hunc
1492 1969 1737 2016 nostrum
1763 1962 2125 2029 Eustathium,
2155 1969 2212 2017 et

652 2057 816 2111 alium
855 2055 1217 2120 Eustatltium,
1259 2055 1351 2125 qui
1402 2052 1588 2107 Basilii
1634 2053 1808 2125 Magni
1846 2053 2208 2111 Hexaemeron

650 2151 708 2205 in
745 2150 983 2221 linguam
1010 2147 1256 2203 Latinam
1288 2147 1575 2203 convertit.
1599 2145 1930 2211 Secundum,
1958 2147 2211 2203 ostende-

649 2257 771 2298 mus
824 2250 1098 2296 auctorem
1152 2241 1297 2294 hunc
1325 2248 1596 2305 nostrum,
1618 2239 1867 2310 quisquis
1907 2239 1997 2293 ille
2029 2239 2207 2302 fuerit,

654 2335 828 2389 fuisse
875 2333 1318 2403 antiquissimum
1371 2333 1476 2403 ipsi
1539 2331 1821 2387 Eustathio
1873 2330 2212 2386 Antiocheno

646 2440 908 2480 cozevum.
938 2423 1003 2477 Et
1037 2439 1170 2479 sane
1205 2423 1332 2477 dum
1366 2424 1547 2478 animo
1575 2437 1638 2478 ea
1666 2438 1788 2493 quae
1817 2422 1871 2476 in
1903 2423 2007 2477 hoc
2032 2422 2212 2477 libello

647 2517 1018 2579 continentur,
1054 2515 1336 2584 agitarem,
1370 2513 1779 2583 inveniremque
1806 2512 1993 2568 Basilii
2030 2512 2210 2584 Magni

647 2608 956 2671 sententiis,
990 2608 1278 2678 verbisque
1324 2623 1487 2677 super
1513 2607 1701 2663 eadem
1737 2606 1965 2661 materia
1998 2607 2211 2662 similli-

647 2720 737 2761 ma
782 2721 903 2777 quae
952 2705 1042 2760 hic
1101 2704 1392 2766 habentur,
1425 2704 1516 2757 diu
1554 2718 1642 2757 me
1671 2703 1830 2757 torsit
1856 2701 2126 2771 quomodo
2155 2701 2209 2756 id

649 2799 766 2854 ﬁeri
812 2799 1009 2870 potuit,
1045 2805 1105 2852 ut
1152 2797 1238 2852 vel
1283 2796 1516 2852 Basilius
1547 2795 1616 2851 ab
1651 2794 1958 2861 Eustathio,
1988 2795 2071 2848 vel
2102 2793 2209 2849 En-

649 2892 883 2949 slathius
921 2907 950 2946 a
980 2890 1202 2956 Basilio,
1237 2901 1466 2958 uterque
1490 2895 1544 2943 et
1574 2890 1628 2941 in
1673 2887 1906 2942 dicendo
1945 2887 2210 2957 peritissi-

646 3000 791 3049 mus,
814 2999 915 3037 nec
948 2983 1134 3037 alienae
1159 2981 1483 3055 elocutionis
1517 2979 1760 3034 subsidio
1796 2979 2063 3050 indigens.
2088 2994 2209 3034 eas-

646 3077 769 3131 dem
830 3076 1159 3141 sententias,
1204 3083 1259 3130 et
1308 3074 1504 3143 verba,
1562 3075 1875 3145 luminaque
1941 3073 2207 3130 orationis

646 3167 812 3223 fuerit
841 3175 1138 3223 mutuatus.
1166 3165 1478 3237 Sigebertus
1501 3167 1595 3221 lib.
1629 3166 1708 3221 De
1740 3166 2039 3221 illustribus
2069 3167 2207 3221 scri-

645 3261 882 3329 ptoribus
920 3260 1262 3315 ecclesiaticis
1280 3300 1295 3324 ,
1319 3271 1440 3327 cap.
1465 3258 1556 3325 2i,
1593 3259 1644 3312 in
1680 3259 1780 3313 hac
1808 3275 1867 3314 re
1895 3260 2066 3329 magis
2092 3258 2210 3312 ani-

644 3370 791 3408 mum
841 3354 1065 3408 dubium
1121 3353 1372 3412 faciebat,
1402 3352 1530 3407 dum
1566 3354 1850 3418 scriberet,
1889 3352 2206 3407 Eustathius

647 3447 924 3500 transtulit
955 3445 1020 3500 de
1045 3444 1226 3500 Gra'co
1248 3447 1302 3498 in
1330 3443 1577 3498 Latinum
1613 3442 1985 3499 Hexaemeron
2012 3443 2208 3499 Basilii

643 3538 1010 3593 Cmsariensis.
1034 3537 1246 3604 Quibus
1277 3534 1609 3593 Possevinus
1631 3534 1686 3588 in
1704 3530 1984 3602 Apparatu
1998 3536 2202 3593 hmret:

644 3628 794 3694 Quod
839 3644 958 3682 vero
1007 3626 1304 3697 Sigebertus
1351 3627 1519 3697 inquit
1591 3642 1647 3680 tn
1687 3624 1963 3697 Catatogo,
2008 3626 2206 3681 Eusta-

643 3722 809 3775 thium
839 3722 894 3775 in
934 3719 1182 3774 Latinum
1223 3719 1562 3774 transtulisse
1603 3719 1975 3775 Hexaemeron
2012 3720 2204 3774 Basilii

640 3810 1002 3876 Caesariensis,
1039 3812 1213 3865 nescio
1247 3809 1311 3864 de
1356 3826 1581 3881 quonam
1616 3811 1779 3864 dicat.
1816 3807 2201 3865 Existimabam

641 3899 978 3976 Sigebertum
998 3906 1410 3969 hallucinatum,
1423 3910 1478 3959 et
1497 3903 1838 3959 Eustathium
1858 3902 2037 3972 potius
2054 3916 2203 3957 com-

639 3995 943 4064 pilatorem,
962 3997 1075 4051 sive
1091 3995 1497 4065 epitomatorem
1518 3994 1700 4063 operis
1724 3994 1979 4049 Basiliani
2009 3992 2199 4057 fuisse.

638 4101 749 4140 non
778 4086 1145 4156 interpretem.
1171 4087 1369 4142 Verum
1404 4102 1433 4140 a
1466 4086 1735 4140 sententia
1762 4085 2041 4141 detorsere
2067 4085 2202 4140 Cas-

640 4177 894 4233 siodorus
941 4179 1035 4233 lib.
1086 4179 1161 4234 De
1207 4180 1537 4233 institutione
1565 4178 1863 4233 divinarum
1892 4177 2200 4247 Scriptura-

2309 1688 2615 1742 mandatam
2669 1691 2886 1754 asserit,
2923 1699 2981 1745 ιιι
3026 1709 3164 1765 opus
3219 1696 3427 1752 scilicet
3471 1698 3660 1752 sancti
3688 1697 3847 1754 Basilii

2309 1779 2549 1850 episc0pi
2597 1779 2784 1838 Graeco
2826 1798 3075 1841 sermone
3101 1788 3470 1858 conscriptum
3501 1792 3846 1849 monumentis

2309 1870 2503 1941 lingua:
2535 1871 2757 1930 Latialis
2792 1875 3074 1942 insereret,
3107 1892 3139 1932 a
3171 1877 3476 1951 Syncletica
3527 1880 3839 1946 diacouissa,

2307 1965 2394 2020 cui
2419 1972 2472 2019 et
2502 1967 2700 2036 paruit,
2730 1976 2785 2022 et
2814 1984 3031 2039 operam
3061 1985 3213 2025 suam
3240 1972 3468 2030 ﬁdeliter
3491 1974 3757 2030 exhibuit.

2378 2059 2604 2126 Quidam
2635 2062 3148 2135 allirmarunthujus
3173 2064 3494 2138 Syncleticaz
3518 2066 3834 2125 diaconissz.

2307 2149 2375 2204 ad
2416 2166 2577 2221 quam
2623 2151 2943 2211 Eustathius
2971 2170 3129 2212 suum
3158 2171 3295 2226 opus
3323 2155 3530 2228 dirigit.
3559 2157 3838 2213 meminisse

2311 2240 2612 2308 Sedulium,
2655 2245 2952 2317 multisque
2993 2262 3110 2303 eam
3142 2256 3485 2317 prosecutum
3533 2248 3772 2304 laudibus
3794 2250 3834 2303 in

2309 2335 2624 2406 praefatione
2666 2339 2846 2407 operis
2898 2337 3196 2395 Paschalis.
3245 2338 3375 2406 Quae
3425 2339 3474 2395 si
3543 2355 3670 2395 vera
3714 2348 3830 2403 sunt,

2308 2425 2649 2485 Eustathium
2691 2429 3039 2501 interpretem
3088 2428 3308 2486 Sedulio
3336 2445 3585 2486 coasvum
3629 2438 3831 2501 tempore

2309 2523 2598 2581 Theodosii
2630 2522 2879 2579 ﬂoruisse
2921 2523 3233 2579 necessario
3259 2521 3538 2578 fatendum
3559 2530 3660 2587 est,
3688 2523 3827 2577 maxi-

2309 2633 2505 2688 meque
2558 2632 2655 2673 eos
2705 2616 2885 2688 decipi
2935 2617 3028 2688 qui
3084 2615 3346 2671 Junilium
3387 2632 3457 2672 eo
3504 2617 3825 2687 antiquiorem

2306 2713 2664 2774 constituunt,
2712 2724 2838 2765 cum
2882 2706 3074 2764 Junilii
3132 2714 3187 2764 et
3243 2706 3449 2763 Sedulii
3483 2716 3714 2781 tempora
3738 2723 3824 2763 non

2307 2801 2534 2855 multum
2565 2800 2791 2855 distent.

2379 2891 2485 2948 Sed
2529 2894 2596 2948 de
2633 2891 2970 2947 Antiocheno
2997 2897 3218 2947 auctore
3246 2890 3409 2960 hujus
3438 2897 3707 2953 tractatus,
3731 2903 3822 2960 quo

2309 2989 2515 3044 scilicet
2561 2994 2803 3057 tempore
2830 2987 3047 3051 vixerit,
3080 3000 3384 3042 sermonem
3412 2985 3697 3046 instituere,
3715 2996 3815 3037 cum

2307 3086 2643 3150 compertum
2674 3081 2747 3136 sit
2770 3080 2823 3134 in
2854 3079 3105 3143 historia,
3141 3092 3318 3148 operae
3347 3078 3572 3148 pretium
3609 3080 3812 3130 nonest.

2305 3174 2692 3245 Argumentum
2720 3179 2901 3227 tamen
2929 3170 3393 3228 evidentissimum
3425 3171 3556 3225 illius
3578 3168 3735 3223 aetatis
3761 3166 3809 3220 in

2304 3265 2409 3320 hoc
2440 3265 2558 3335 ipso
2582 3278 2744 3333 opere
2774 3261 3037 3316 habemus
3070 3275 3187 3331 pag.
3217 3260 3308 3323 85.
3336 3258 3434 3322 ubi,
3467 3272 3577 3312 cum
3618 3254 3678 3308 de
3707 3253 3804 3306 line

2305 3364 2359 3413 et
2403 3355 2870 3411 consummatione
2898 3352 3062 3423 hujus
3103 3352 3288 3407 mundi
3328 3348 3690 3419 disputationem
3719 3344 3793 3396 in-

2304 3450 2588 3513 stituisset,
2613 3463 2772 3519 quem
2802 3455 3011 3503 tantum
3045 3446 3111 3501 ad
3144 3461 3406 3501 annorum
3435 3459 3515 3499 sex
3535 3441 3675 3496 millia
3697 3437 3785 3493 du-

2303 3549 2549 3597 raturum
2589 3538 2966 3602 contendebat,
2997 3548 3049 3593 et
3082 3548 3388 3592 accuratam
3420 3547 3647 3589 annorum
3677 3545 3792 3584 cnu-

2302 3630 2654 3686 merationem
2679 3630 3119 3698 prosequeretur,
3151 3633 3212 3680 ut
3239 3627 3329 3697 qui
3356 3625 3678 3696 praeterierat.
3690 3616 3802 3688 quid

2303 3722 2480 3777 adhuc
2498 3719 2736 3775 futurum
2761 3728 2944 3791 posset
2957 3719 3256 3789 exspectari
3280 3717 3475 3788 legenti
3500 3714 3806 3786 signiﬁcaret,

2302 3830 2460 3870 suum
2490 3819 2799 3882 computum
2823 3811 2888 3866 ad
2928 3811 3261 3866 tricesimum
3289 3825 3491 3864 annum
3515 3803 3810 3863 Constantini

2300 3906 2431 3976 imp.
2456 3906 2770 3976 perductum
2801 3904 2937 3968 linit,
2962 3903 3098 3958 alios
3125 3918 3300 3959 annos
3317 3901 3725 3972 praetermittens.
3748 3895 3816 3949 Si-

2298 4012 2461 4067 gnum
2481 4012 2609 4068 ergo
2632 3997 2759 4051 dum
2783 3996 2896 4051 haec
2913 3995 3000 4049 hic
3023 4003 3213 4049 auctor
3240 3996 3523 4059 scriberet,
3539 4006 3698 4047 annos
3714 4000 3814 4042 tan-

2299 4096 2411 4143 tum
2430 4096 2739 4145 numeratos
2763 4105 2862 4143 nec
2879 4088 3063 4158 plures
3085 4088 3250 4143 fuisse
3263 4089 3500 4158 elapsos.
3515 4100 3646 4156 quos
3662 4083 3819 4150 utique

2297 4197 2406 4236 non
2439 4182 2735 4249 tacuisset;
2768 4180 2822 4235 id
2853 4180 2996 4235 enim
3026 4187 3144 4236 erat
3170 4180 3315 4235 illius
3345 4180 3671 4235 institutum.
3691 4170 3817 4240 Quod

638 4284 759 4322 rum
783 4283 801 4322 :
833 4267 1105 4332 Geneseos,
1160 4270 1357 4339 inquit,
1410 4270 1668 4338 principia
1696 4279 1909 4324 sanctus
1960 4268 2198 4323 Basilius
2225 4288 2266 4346 ρ
2301 4275 2429 4329 mihi
2462 4276 2596 4330 satis
2625 4289 2896 4344 superque
2921 4284 3025 4339 est,
3054 4275 3100 4329 si
3127 4276 3339 4330 vivente
3356 4270 3707 4328 Constantino
3727 4266 3817 4320 haec

637 4357 813 4410 Attico
842 4373 1073 4412 sermone
1110 4357 1379 4419 lucidavit,
1409 4373 1560 4427 quem
1596 4357 1907 4413 Eustathius
1928 4361 2007 4413 uir
2027 4359 2194 4415 diser-

639 4447 871 4501 tissimus
910 4448 987 4501 ila
1029 4447 1297 4501 transtulit
1327 4449 1381 4501 in
1408 4446 1676 4514 Latinum,
1710 4459 1766 4502 ut
1800 4451 2062 4520 ingenium
2101 4452 2199 4504 do-

635 4539 858 4592 ctissimi
883 4540 983 4592 uiri
1013 4539 1276 4608 facundia
1295 4556 1408 4593 sua:
1428 4538 1622 4593 viribus
1648 4541 1999 4609 wquiparasse
2017 4542 2195 4596 υἰάεα-

636 4638 725 4683 tur
746 4647 765 4684 :
789 4633 878 4700 qui
905 4648 1066 4701 usque
1086 4632 1154 4685 ad
1182 4631 1412 4686 hominis
1446 4631 1795 4686 conditionem
1823 4650 2002 4687 novem
2033 4634 2194 4689 libros

636 4723 848 4777 tetendit
876 4740 895 4788 ;
938 4733 992 4780 et
1016 4724 1254 4779 Junilius
1300 4728 1590 4797 episcopus
1618 4724 1932 4790 Africanus,
1959 4726 2071 4780 sive
2098 4741 2166 4795 po
2184 4756 2196 4768 -

636 4816 745 4871 tius
798 4815 965 4882 Beda,
1009 4832 1135 4872 nam
1176 4816 1412 4873 Iunilius
1456 4817 1584 4873 Afer
1609 4817 1894 4872 Eustathio
1920 4818 2194 4887 antiquior

634 4902 806 4962 fuisse
830 4909 1148 4978 quibusdam
1180 4912 1329 4967 visus
1359 4918 1464 4976 est,
1496 4912 1549 4965 in
1575 4910 1889 4980 praefatione
1917 4907 2192 4966 Commen-

634 4999 761 5053 tarti
809 5000 863 5053 in
911 4999 1093 5055 Genes.
1118 4999 1506 5072 :Deprincipio
1552 5003 1674 5057 libri
1718 5001 1951 5065 Genesis,
1999 5003 2055 5055 in
2089 5019 2191 5073 quo

631 5091 813 5145 mundi
839 5093 992 5161 hujus
1024 5096 1220 5149 creatio
1247 5096 1509 5165 descripta
1538 5107 1635 5162 est,
1668 5097 1821 5150 multi
1848 5096 2015 5150 multa
2041 5097 2190 5151 dixe-

630 5198 705 5244 re,
721 5193 769 5236 et
788 5185 953 5237 multa
973 5188 1194 5253 posteris
1218 5189 1407 5258 ingenii
1435 5190 1517 5243 sui
1548 5200 1884 5245 monumenta
1914 5190 2184 5261 reliquere.

628 5273 732 5329 Sed
762 5277 1041 5344 praecipue,
1086 5288 1339 5347 quantum
1389 5292 1568 5335 nostra
1612 5282 2024 5352 pusillanimitas
2074 5282 2188 5338 edi-

623 5382 764 5420 scere
801 5369 990 5434 potuit,
1034 5368 1269 5425 Basilius
1296 5369 1657 5440 Caesariensis,
1696 5392 1846 5446 quem
1876 5374 2185 5431 Eustathius

623 5459 880 5528 interpres
925 5459 989 5515 de
1024 5459 1206 5516 Graeco
1245 5461 1369 5531 fecit
1395 5480 1505 5518 esse
1534 5463 1802 5520 Latinum.
1840 5465 2183 5521 Manifestum

622 5549 806 5621 itaque
855 5554 1199 5609 Eustathium
1242 5555 1409 5620 hunc,
1444 5557 1536 5627 qui
1587 5558 1643 5612 in
1687 5560 1943 5615 vertendo
1981 5558 2182 5613 Basilio

624 5641 862 5698 laborem
892 5646 1202 5716 insumpsit,
1223 5648 1387 5702 alium
1417 5664 1538 5704 esse
1563 5649 1632 5703 ab
1653 5648 1937 5703 Eustathio
1958 5651 2062 5704 hoc
2086 5666 2178 5704 no-

623 5743 756 5790 stro.
790 5747 912 5788 cum
939 5743 992 5791 et
1022 5738 1167 5793 illius
1198 5741 1445 5795 versibus
1476 5741 1617 5795 edita
1660 5742 1748 5805 sit,
1773 5749 1827 5795 et
1866 5741 2090 5809 ipsemet
2126 5742 2177 5795 in

623 5821 939 5889 praefatione
980 5843 1091 5883 sua:
1142 5832 1406 5892 versionis
1436 5845 1661 5904 scopum
1708 5847 1887 5895 suum,
1917 5842 1968 5887 et
2005 5832 2179 5888 inten-

2296 4368 2692 4433 scribebantur,
2726 4368 2976 4438 quamvis
3031 4376 3224 4423 auctor
3275 4366 3369 4422 diu
3412 4366 3581 4420 vitam
3627 4361 3817 4417 trahens

2294 4466 2508 4528 tempus
2531 4458 2662 4513 illud
2690 4459 3005 4515 excesserit.
3169 4527 3173 4531 ν

2363 4551 2499 4605 Ibid.
2529 4556 2634 4618 Εὶς
2654 4551 2768 4621 τὴν
2781 4552 3158 4622 Ἐξαήμερον.
3177 4549 3546 4607 Hexaemeron
3569 4546 3813 4603 Graecim-

2292 4653 2509 4710 carunt,
2555 4647 2791 4716 spatium
2836 4647 2968 4701 illud
3017 4662 3110 4701 sex
3161 4645 3394 4707 dierum,
3455 4659 3568 4714 quo
3617 4636 3820 4696 mundus

2292 4737 2543 4793 conditus
2600 4748 2653 4793 et
2709 4738 3005 4795 fabricatus
3055 4737 3331 4804 fuit;non
3396 4736 3543 4807 quod
3594 4729 3821 4801 temporis

2292 4829 2468 4900 spatio
2492 4845 2630 4900 opus
2660 4830 2908 4885 habuerit
2932 4829 3201 4893 conditor,
3222 4828 3364 4884 Deus
3386 4828 3533 4884 enim
3556 4842 3665 4882 non
3689 4826 3817 4894 jussu

2290 4929 2520 4984 tantum,
2552 4922 2646 4978 sed
2673 4930 2726 4977 et
2751 4923 2988 4994 cogitatu
3011 4933 3286 4992 operatur,
3306 4920 3400 4978 sed
3431 4921 3689 4990 quoniam
3709 4929 3819 4985 opus

2288 5022 2404 5070 erat
2434 5030 2523 5071 res
2565 5016 2739 5070 creari
2782 5015 3015 5085 quodam
3040 5014 3230 5070 ordine
3262 5032 3279 5070 :
3309 5013 3488 5069 ordini
3530 5023 3707 5067 autem
3742 5021 3821 5061 nu-

2286 5123 2471 5163 merus
2498 5116 2582 5163 est
2606 5107 2877 5177 proprius.
2909 5105 3065 5162 Philo
3093 5106 3330 5171 Judaaus,
3372 5104 3449 5160 De
3488 5103 3672 5159 mundi
3693 5098 3820 5169 opiﬁ-

2286 5199 2366 5252 cio
2383 5214 2402 5251 :
2420 5198 2518 5264 Ἐξ
2535 5199 2579 5252 δ’
2601 5199 2832 5271 ἡμέραις
2862 5198 3319 5270 δημιουργηθῆναι
3344 5214 3475 5269 φησι
3502 5197 3595 5250 τὸν
3627 5195 3817 5264 κόσμον,

2283 5289 2383 5345 οὐκ
2410 5289 2594 5361 ἐπειδὴ
2630 5289 2935 5363 προσεδεῖτο
2975 5289 3178 5360 χρόνων
3221 5290 3428 5360 μήκους
3453 5289 3482 5340 ὁ
3514 5286 3703 5349 ποιῶν,
3728 5283 3819 5352 ἅμα

2283 5381 2392 5453 γὰρ
2422 5382 2550 5454 δρᾷν
2582 5383 2727 5446 εἰκὸς
2769 5382 2920 5445 Θεὸν,
2961 5385 3020 5436 οὐ
3067 5383 3467 5454 προστάττοντα
3500 5383 3681 5454 μόνον.
3711 5373 3818 5433 ἀλλά

2283 5472 2376 5525 καὶ
2415 5472 2804 5543 διανοούμενον,
2838 5473 2952 5527 ἀλλ’
2999 5473 3184 5545 ἐπειδὴ
3234 5476 3347 5537 τοῖς
3388 5473 3696 5544 γενομένοις
3734 5467 3818 5521 ἔδει

2281 5564 2503 5630 τάξεως,
2537 5564 2686 5628 τάξει
2727 5564 2782 5617 δὲ
2810 5564 3039 5636 ἀριθμὸς
3068 5550 3262 5619 οἰκεῖού
3282 5605 3297 5628 ,
3340 5572 3396 5620 et
3433 5564 3708 5620 senarium
3732 5573 3815 5613 nu-

2285 5670 2491 5709 merum
2544 5655 2685 5709 inter
2727 5656 2864 5711 alios
2909 5657 3022 5727 lege
3076 5665 3284 5712 natura:
3338 5672 3461 5712 esse
3503 5647 3818 5726 generationi

2285 5746 2624 5815 aptissimum
2655 5748 2841 5803 multis
2870 5750 3099 5818 explicat
3143 5750 3362 5805 ibidem.
3396 5747 3819 5815 Quotiescunque

2285 5834 2448 5905 igitur
2473 5835 2738 5910 quispiam
2772 5837 2835 5891 ad
2864 5853 3088 5893 enarrar.
3101 5839 3168 5894 da
3198 5839 3286 5892 illa
3315 5854 3434 5910 quas
3458 5838 3513 5893 in
3540 5837 3636 5893 illo
3664 5833 3817 5907 spatio
