4090 6288
235 412 345 466 797

1246 403 1314 458 IN
1350 401 1718 460 EUSTATHII
1767 398 2236 458 HEXAEMERON
2255 379 2505 457 .NOTIE.

3384 397 3488 454 798

238 531 462 585 fuerunt
489 519 678 576 divina
703 515 959 575 facultate
987 521 1266 590 producta,
1295 521 1534 576 studium
1563 520 1811 576 confere-
1838 573 1841 580 ,

1942 520 2123 590 ,ρόνοις
2165 521 2412 590 ἀκμάσαι
2458 517 2598 572 κατὰ
2629 518 2837 585 Ἴναχον
2878 515 3162 588 εἰρήκασιν
3197 515 3383 587 ἄνδρες
3428 517 3488 568 ὲν

236 620 352 679 hat,
399 617 456 668 in
517 613 884 666 Hexaemeron
940 615 1179 668 scribere
1222 615 1526 675 dicebatur,
1576 627 1807 683 quorum

1942 609 2190 665 ταιδεύσει
2217 609 2507 679 γνώριμοι,
2560 607 2814 676 Κλήμης,
2853 604 3196 677 Ἀφρικανὸς,
3226 604 3486 667 Τατιανδς

237 722 458 766 sutnma
512 713 632 758 toto
683 706 859 773 primo
915 702 1188 760 Gcneseos
1222 706 1400 775 capite
1443 705 1808 768 concluditur,

239 801 403 867 Cujus
436 812 500 851 ea
533 796 636 849 fuit
667 795 808 864 apud
842 811 1031 850 omnes
1087 795 1396 858 diﬂicultas,
1429 804 1490 850 ut
1527 797 1680 850 multi
1718 810 1814 866 ag-

1909 700 2004 752 τοῦ
2040 699 2159 752 καθ’
2191 699 2336 770 ἡμᾶς
2358 697 2537 766 λόγου,
2573 695 2682 749 τῶν
2705 712 2765 748 τε
2799 696 2864 746 ὲκ
2886 693 3184 764 περιτομῆς
3199 692 3480 764 Ἰώσηπος,

1911 792 2008 846 καὶ
2045 790 2295 853 Ἰοῦστος,
2335 789 2477 852 ἰδίως
2509 787 2728 840 ’ἐκαστοι
2748 785 2844 857 τὴν
2866 783 3138 848 ἀπόδειξιν
3161 786 3224 836 ὲκ
3247 784 3486 846 παλαιᾶς

241 889 420 961 gressi
464 888 577 942 sint
625 885 760 939 illud
804 901 962 947 onus,
988 888 1168 941 nullus
1198 895 1377 941 tamen
1421 903 1517 956 pro
1556 885 1818 957 dignitate

1942 882 2240 953 ιποσχόντες
2288 882 2546 952 ἱστορίας.
2580 880 2786 948 Ἴναχον
2831 877 2886 929 δὲ
2910 875 3019 930 τῶν
3065 874 3303 928 Ἰλιακῶν
3337 875 3492 947 ἕστη-

244 978 628 1049 compleverit,
655 976 790 1032 adeo
815 977 995 1030 omnia
1033 985 1159 1030 sunt
1175 975 1554 1030 difficultatum
1577 975 1818 1030 tenebris

239 1070 528 1125 obvoluta.
563 1066 896 1137 Theophilus
923 1067 1292 1121 Antiochenus
1327 1067 1419 1121 lib.
1455 1083 1516 1130 tt,
1553 1065 1620 1118 ad
1654 1067 1821 1119 Auto-

239 1163 418 1231 lycum
449 1177 470 1214 :
497 1161 612 1230 Τῆς
672 1157 770 1229 μδν
809 1153 903 1212 οὖν
931 1155 1296 1227 Ἐξαημέρου
1327 1157 1497 1221 οὐδεὶς
1525 1156 1822 1229 ἀνθρώπων

238 1252 468 1315 δυνατὸς
489 1252 642 1304 κατὰ
671 1250 826 1314 ἀξίαν
855 1248 952 1321 τὴν
983 1248 1243 1321 ἐξήγησιν
1272 1249 1364 1302 καὶ
1389 1249 1487 1320 τὴν
1517 1249 1822 1320 οἰκονομίαν

245 1345 431 1396 πᾶσαν
464 1342 721 1407 ἐξειπεῖν,
753 1340 871 1394 οὐδὲ
895 1343 942 1394 εἰ
968 1341 1135 1412 μυρία
1164 1339 1404 1410 στόματα
1433 1339 1564 1409 έχοι,
1601 1340 1694 1393 καὶ
1727 1355 1827 1410 μυ-

251 1435 376 1506 ρίας
424 1434 699 1503 γλώσσας,
731 1433 841 1486 ἀλλ’
869 1432 989 1486 οὐδὲ
1017 1434 1063 1484 εἰ
1096 1431 1306 1503 μυρίοις
1337 1431 1480 1484 ἔτεσι
1512 1429 1696 1501 βιώσοι
1741 1447 1827 1493 τις

249 1525 540 1596 ὲπιδημῶν
593 1527 651 1578 ὲν
686 1523 816 1594 τῷδε
848 1523 927 1594 τῷ
968 1524 1086 1595 βίῳ,
1117 1523 1236 1576 οὐδὲ
1265 1522 1434 1586 οὕτως
1465 1522 1614 1575 ἔσται
1649 1521 1828 1584 ἱκανὸς

249 1615 390 1685 πρὸς
416 1616 594 1669 ταῦτα
626 1615 788 1679 ἀξίως
809 1633 863 1668 τι
888 1619 1083 1679 εἰπεῖν,
1105 1616 1192 1669 διὰ
1218 1615 1281 1668 τὸ
1313 1615 1647 1686 ὑπερϐάλλον
1677 1614 1830 1684 μέγε-

1918 993 2017 1030 σαν
2059 975 2406 1036 ἑπτακοσίοις
2451 971 2793 1044 πρεσϐεύειν.
2828 968 3030 1022 Horum
3061 969 3349 1044 verborum
3379 969 3491 1036 pri-

1918 1081 2060 1122 mam
2102 1073 2306 1136 partem
2338 1040 2520 1118 omisit
2561 1061 2899 1124 Eustathius,
2926 1057 3220 1115 secundam
3248 1040 3354 1113 su'i-
3376 1067 3494 1111 tra-

1920 1165 2100 1211 ctatus
2132 1155 2349 1209 initium
2381 1167 2506 1207 esse
2535 1152 2726 1212 voluit,
2751 1151 2980 1222 Κλήμης
3005 1149 3101 1220 μὲν
3133 1144 3246 1212 οὖν,
3277 1163 3384 1218 qua
3408 1146 3494 1204 vel

1921 1262 2032 1302 una
2081 1245 2367 1315 particula,
2412 1243 2516 1298 etsi
2566 1241 2837 1296 sententia
2894 1240 2950 1294 in
3007 1238 3236 1308 reliquis
3282 1239 3352 1293 sit
3390 1238 3496 1293 sibi

1923 1343 2184 1391 constans
2221 1347 2274 1388 et
2304 1331 2730 1394 absolutissima,
2762 1330 3000 1385 libellum
3041 1329 3188 1383 hunc
3226 1331 3496 1400 principio

1925 1425 2178 1480 mutilum
2221 1438 2344 1477 esse
2363 1420 2635 1475 dictitant.
2671 1419 2766 1473 Est
2804 1419 2974 1482 enim,
3018 1418 3290 1488 inquiunt,
3333 1420 3498 1474 colle-

1925 1521 2067 1576 ctiva
2111 1525 2167 1574 et
2219 1516 2543 1579 rationalis,
2598 1515 3022 1583 necessarioque
3056 1514 3158 1566 alia
3188 1529 3498 1584 praasuppo‘

1928 1611 2030 1677 nit,
2048 1625 2112 1665 ex
2134 1609 2330 1680 quibus
2346 1605 2550 1661 dictum
2566 1605 2697 1660 illud
2725 1606 2954 1659 infertur
2987 1621 3000 1656 :
3023 1605 3266 1674 adeoque
3299 1606 3405 1660 illis
3429 1606 3498 1660 ab

252 1706 347 1770 θος
376 1707 471 1760 καὶ
504 1707 597 1759 τὸν
649 1707 872 1759 πλοῦτον
904 1707 1003 1778 τῆς
1029 1707 1217 1775 σοφίας
1246 1706 1338 1760 τοῦ
1362 1706 1517 1769 Θεοῦ,
1545 1706 1643 1776 τῆς
1667 1703 1830 1774 οὗσης

1942 1704 2020 1757 illa
2052 1701 2376 1772 principium
2405 1700 2668 1755 orationis
2695 1698 2895 1754 ducere
2922 1712 3133 1753 summa
3172 1699 3360 1768 religio
3391 1707 3494 1753 est.

253 1799 315 1850 ὲν
347 1800 519 1870 ταύτῃ
555 1802 618 1869 τῇ
646 1801 1108 1872 προγεγραμμένῃ
1149 1799 1496 1869 Ἑξαημέρφ·
1522 1798 1708 1856 πολλοί
1735 1799 1832 1871 μὲν

1942 1793 2132 1849 Verum
2159 1793 2252 1863 qui
2278 1793 2571 1862 gratiarum
2594 1789 2896 1844 Atticarum
2927 1805 3033 1843 non
3059 1790 3306 1860 ignarus.
3334 1791 3497 1846 lasci-

253 1886 350 1943 οὖν
373 1869 870 1963 τῶννσυγγραφέων
903 1869 1260 1963 ἐμιμήσαντο,
1288 1893 1378 1946 καὶ
1406 1891 1677 1964 ἠθέλησαν
1704 1869 1833 1961 περὶ

1942 1888 2145 1941 vientes
2201 1885 2488 1938 verborum
2530 1881 2801 1949 modulos,
2847 1897 3125 1951 novosque
3170 1883 3225 1936 in
3256 1884 3499 1939 oratione

254 1981 463 2033 τούτων
493 1982 744 2054 διήγησιν
786 1983 1135 2052 ποιήσασθαι,
1162 1985 1338 2037 καίτοι
1370 1984 1623 2047 λαϐόντες
1655 1982 1834 2037 ἐντεῦ-

1942 1979 2080 2034 sales
2129 1992 2242 2032 non
2294 1978 2573 2036 abhorret,
2597 1974 2856 2030 fatebitur
2905 1973 2958 2028 id
3005 1974 3222 2043 quidem
3252 1976 3369 2030 sine
3392 1976 3500 2030 ulla

257 2073 350 2126 θεν
379 2073 481 2137 τὰς
514 2076 787 2147 ἀφορμὰς,
813 2076 931 2147 ἤτοι
964 2078 1094 2149 περὶ
1123 2078 1325 2147 κόσμου
1365 2077 1615 2140 κτίσεως,
1641 2076 1675 2146 ἢ
1712 2075 1838 2144 περὶ

258 2162 476 2232 φύσεως
511 2165 818 2237 ἀνθρώπου,
847 2168 941 2219 καὶ
967 2166 1083 2218 οὐδὲ
1109 2165 1171 2218 τὸ
1197 2167 1358 2236 τυχὸν
1399 2165 1645 2236 έναυσμα
1693 2165 1840 2232 ἄξιόν

254 2270 309 2305 τι
336 2254 438 2324 τῆς
484 2255 741 2325 ἀληθείας
780 2253 1008 2319 ἐξεῖπον.
1042 2256 1277 2325 Ideoque
1326 2255 1529 2311 Judwis
1569 2257 1839 2326 prohibita

257 2345 383 2413 ejus
437 2347 602 2402 lectio
657 2357 782 2402 ante
828 2348 1161 2403 tricesimum
1213 2364 1438 2404 annum.
1480 2349 1842 2420 Hieronymus

259 2434 487 2508 Prolog.
542 2440 596 2492 in
649 2439 1005 2502 Ezechielem,
1043 2448 1097 2494 et
1144 2439 1455 2496 Ludovicus
1509 2440 1712 2496 Fidelis
1765 2440 1843 2494 De

262 2535 541 2581 structura
568 2529 769 2592 mundi,
797 2530 850 2584 in
881 2531 1121 2600 prologo,
1148 2531 1204 2583 in
1227 2546 1336 2599 quo
1363 2539 1417 2584 et
1447 2529 1839 2591 dillicultatem,

263 2623 321 2668 et
354 2615 523 2683 hujus
555 2619 750 2687 capitis
775 2621 1030 2690 ambages
1061 2623 1131 2674 ita
1160 2621 1430 2692 expressit
1462 2636 1478 2674 :
1509 2620 1656 2674 Hanc
1679 2619 1844 2673 divini

273 2709 416 2761 vatis
471 2708 731 2774 Gcnesim,
797 2729 888 2766 seu
943 2712 1159 2783 hujusce
1203 2713 1527 2784 prtcgrandis
1566 2712 1844 2766 mundana!

269 2799 437 2854 molis
501 2819 594 2856 sea:
635 2803 814 2857 diebus
863 2803 1177 2874 descriptam
1217 2815 1539 2859 structuram
1567 2804 1724 2858 veluti
1749 2805 1844 2858 sil-

269 2911 389 2947 vam
415 2897 700 2966 quamdam
723 2916 960 2968 opacam,
989 2900 1204 2954 densam
1251 2917 1312 2954 ac
1353 2900 1695 2962 tenebrosam,
1723 2899 1845 2953 hor-

271 2986 451 3040 ridam
483 3005 712 3050 accessu,
744 2991 1005 3061 diﬂicilem
1057 2991 1227 3055 aditu,
1270 3002 1319 3045 et
1356 2993 1528 3046 instar
1557 2992 1844 3063 labyrinthi

273 3077 588 3149 ambagibus
630 3081 857 3147 plenam,
883 3091 932 3136 et
976 3085 1139 3136 maris
1188 3084 1476 3137 vastissimi
1508 3084 1734 3152 scopulis
1758 3100 1842 3138 re-

271 3166 641 3236 fertissimam,
684 3190 881 3242 semper
917 3174 1176 3243 judicavi.
1209 3174 1438 3246 Ingenue
1491 3175 1680 3244 fateor,
1716 3191 1844 3228 can-

271 3257 401 3313 dide
453 3261 633 3324 lector,
669 3281 750 3317 me
794 3267 848 3318 in
889 3275 999 3320 tota
1029 3265 1305 3334 Scriptura
1345 3284 1498 3321 sacra
1551 3267 1650 3321 Itac
1693 3284 1846 3320 mun-

271 3350 434 3406 dante
478 3356 632 3409 molis
679 3356 1026 3426 descriptione
1073 3359 1206 3413 nihil
1259 3361 1511 3414 invenisse
1562 3359 1844 3428 difﬁcilius.

273 3443 600 3513 abstrusius,
647 3459 801 3520 atque
850 3452 1127 3518 occultius,
1170 3453 1249 3506 ita
1279 3462 1337 3506 ut
1393 3453 1576 3506 mirari
1631 3468 1845 3515 cessem,

274 3539 572 3608 antiquitus
635 3552 757 3596 ante
819 3544 1139 3598 tricesimum
1185 3562 1382 3598 annum
1425 3545 1559 3599 hanc
1603 3543 1846 3599 Genesim

276 3627 448 3698 legere
506 3647 607 3684 non
664 3631 893 3688 licuisse.
925 3633 1090 3704 Cujus
1146 3637 1436 3706 ingressum
1490 3637 1747 3697 tetricum,
1786 3651 1848 3690 ac

276 3721 695 3786 prosecutionem
749 3731 856 3775 tam
901 3723 1146 3787 arduam,
1191 3734 1265 3778 tot
1303 3726 1559 3794 tantisque
1590 3725 1846 3793 vepribus,

280 3812 575 3875 cuniculis,
607 3813 890 3869 mwandris
922 3833 983 3868 ac
1017 3817 1380 3886 diﬁicultatum
1411 3820 1606 3872 acervis
1646 3827 1850 3872 scaten-

281 3911 384 3955 tem
428 3903 619 3966 inveni,
649 3914 705 3957 ut
741 3922 846 3958 una
875 3924 977 3959 non
1000 3907 1174 3971 modo,
1212 3919 1367 3978 atque
1393 3909 1562 3962 altera
1595 3911 1720 3972 vice,
1761 3908 1849 3963 sed

285 4003 365 4046 ter
385 4002 670 4062 quaterque
695 4011 726 4045 a
749 3995 956 4048 calamo
995 3996 1306 4060 destiterim,
1338 3999 1411 4051 rei
1446 4000 1636 4052 veritus
1667 3999 1850 4052 ardui-

286 4092 469 4146 tatem,
502 4093 549 4137 et
579 4086 953 4154 emergentibus
980 4086 1318 4156 undequaque
1345 4089 1559 4142 obrutus
1587 4090 1848 4159 ambigui—-

286 4175 507 4228 tatibus.
539 4175 644 4230 Nec
680 4177 970 4242 immerito,
1000 4193 1123 4232 cum
1154 4176 1340 4234 Jobius
1365 4181 1664 4236 monachus
1708 4181 1849 4251 apud

285 4263 539 4319 Photium
563 4267 615 4320 in
639 4267 961 4322 Bibliotheca
983 4268 1161 4322 tradat
1189 4284 1328 4338 opus
1357 4270 1460 4325 hoc
1495 4287 1586 4326 sex
1616 4271 1846 4336 dierum,

286 4360 486 4427 quibus
517 4361 700 4414 mundi
734 4363 938 4416 creatio
967 4360 1202 4432 perfecta
1231 4370 1333 4424 est,
1358 4379 1454 4418 sua
1480 4363 1852 4435 magnitudine

287 4466 353 4503 ac
397 4453 797 4521 pulchritudine
854 4453 1129 4508 Creatoris
1168 4469 1288 4508 esse
1341 4456 1648 4525 imaginem,
1687 4464 1742 4509 et
1781 4455 1848 4510 ad

1936 2071 2378 2142 reprehensionis
2403 2078 2530 2124 nota
2563 2069 2675 2123 ﬁeri
2699 2083 2878 2139 posse,
2896 2067 3058 2137 idque
3086 2069 3354 2124 sermonis
3380 2084 3501 2125 esse

1939 2162 2266 2233 principium
2288 2177 2397 2216 non
2439 2161 2865 2216 incommodum.
2898 2159 3006 2215 Nec
3037 2160 3232 2215 desunt
3253 2163 3501 2230 exempla
3533 2140 3550 2160 ”

1939 2255 2080 2324 apud
2109 2254 2430 2320 Himerium,
2474 2253 2791 2324 Gregorium
2819 2252 3214 2307 Nasianzenum
3249 2261 3305 2307 et
3341 2255 3499 2309 alios.

1939 2345 2109 2402 Porro
2127 2343 2456 2403 Clementem
2481 2348 2718 2419 Cyrillus
2747 2346 3146 2402 Alexandrinus
3171 2345 3334 2418 ἄνδρα
3357 2346 3502 2400 ἐλλό-

1938 2453 2098 2508 γιμον
2121 2421 2561 2508 καϊπολυῖστορα
2583 2446 2774 2506 vocat;
2804 2443 2858 2490 et
2884 2449 3074 2490 rursus
3104 2439 3270 2512 ἄνδρα
3298 2435 3504 2503 ἐλλόγι-

1942 2546 2062 2599 μον,
2095 2528 2187 2583 καὶ
2238 2528 2530 2599 φιλομαθῆ,
2565 2527 2656 2581 καὶ
2706 2529 3141 2600 ἀναγνωσμάτων
3183 2526 3504 2600 Ἑλληνικῶν

1940 2621 2536 2692 πολυπραγμονήσαντα
2567 2620 2728 2691 βάθος
2763 2621 2837 2684 ὼς
2873 2620 3040 2689 ὀλίγοι
3071 2621 3210 2690 τάχα
3250 2637 3349 2672 που
3400 2618 3507 2672 τῶν

1940 2714 2046 2786 πρὸ
2070 2713 2252 2767 αὐτοῦ.
2283 2711 2447 2769 Plura
2486 2713 2554 2768 de
2588 2711 2885 2778 Clemente,
2926 2721 2980 2768 et
3009 2713 3129 2784 ejus
3157 2712 3375 2782 scriptis
3401 2711 3509 2764 Eu-

1938 2807 2123 2862 sebius
2155 2805 2229 2860 De
2284 2807 2665 2874 prwparatione
2696 2805 3012 2875 evangelica,
3066 2805 3160 2859 lib.
3202 2818 3238 2857 ll
3269 2821 3282 2869 ;
3321 2801 3509 2856 Eccle-

1940 2899 2094 2954 siast.
2129 2899 2338 2962 histor.,
2369 2898 2464 2953 lib.
2516 2914 2600 2961 ιιι,
2631 2913 2751 2968 cap.
2784 2899 2870 2963 11,
2895 2906 2949 2952 et
2989 2899 3083 2954 lib.
3113 2915 3186 2960 vr,
3222 2915 3345 2968 cap.
3370 2899 3404 2954 5
3456 2907 3511 2951 et

1941 3005 2062 3060 cap.
2096 2991 2154 3045 Η
2179 3009 2192 3057 ;
2218 2989 2577 3062 Hieronymus
2621 2990 2674 3044 in
2703 2989 2954 3060 Catalogo
2988 2991 3169 3060 script.
3190 2990 3508 3056 ecclesiast.;

1941 3083 2301 3138 Cassiodorus
2342 3083 2436 3137 lib.
2491 3099 2506 3137 ι
2569 3081 2755 3136 Divin.
2795 3083 3230 3146 institutionum;
3277 3081 3505 3154 Epipha-

1946 3177 2070 3232 nius
2119 3177 2309 3232 haeresi
2361 3176 2451 3243 32,
2511 3176 2711 3231 Contra
2760 3174 3139 3240 Secundianos,
3199 3175 3292 3245 qui
3347 3176 3512 3230 refert

1947 3269 2212 3338 quosdam
2263 3268 2710 3332 Alexandrinum,
2741 3269 2877 3323 alios
2913 3268 3297 3324 Atheniensem
3344 3268 3512 3324 fuisse

1946 3362 2269 3427 tradidisse;
2320 3361 2550 3418 Photius
2599 3363 2653 3417 in
2696 3362 3058 3426 Bibliotheca;
3087 3361 3426 3432 Nicephorus
3455 3363 3509 3416 in

1949 3453 2092 3508 Hist.
2124 3453 2219 3510 lib.
2239 3469 2312 3516 iv,
2338 3469 2458 3524 cap.
2483 3454 2573 3520 55,
2603 3461 2658 3508 et
2679 3453 2806 3520 alii;
2833 3452 3066 3526 Moysem
3097 3469 3223 3508 vero
3260 3454 3512 3508 omnibus

1946 3545 2168 3601 Graecia:
2195 3545 2530 3616 sapientibus
2560 3546 2921 3615 antiquiorem
2958 3553 3012 3601 et
3058 3544 3240 3600 lnachi
3271 3560 3511 3600 coaevum

1948 3637 2117 3693 fuisse
2173 3637 2510 3692 demonstrat
2554 3637 2693 3691 libro
2756 3653 2978 3692 suorqu
3025 3637 3423 3703 Stromatumt,
3455 3639 3511 3694 in

1947 3744 2055 3799 quo
2098 3735 2172 3797 et,
2189 3728 2437 3782 Cassiani
2467 3726 2748 3796 cujusdam
2774 3728 3182 3800 Χρονογραφίας
3215 3728 3460 3782 meminit
3493 3746 3508 3783 :

1949 3835 2162 3875 necnon
2219 3828 2273 3875 et
2314 3819 2381 3873 de
2399 3819 2602 3874 Judteis
2627 3819 2995 3875 Aristobulum
3023 3819 3308 3890 quemdam
3338 3828 3392 3874 et
3419 3816 3515 3875 De-

1949 3913 2225 3974 metrium,
2255 3918 2308 3966 et
2331 3911 2683 3980 Eupolemum
2705 3913 3002 3981 scriptores
3043 3910 3304 3966 adversus
3324 3919 3511 3981 gentes

1949 4001 2248 4072 refert,qui
2289 4003 2343 4057 in
2383 4004 2788 4058 similitudinem
2812 4002 3037 4073 Josephi
3083 4003 3508 4074 Ἀρχαιογονίας,

1949 4093 2149 4164 Mnysis
2174 4091 2475 4148 etJudaicte
2495 4094 2670 4163 gentis
2691 4093 3068 4163 antiquitatem
3092 4103 3508 4150 asseverarunt:

1949 4183 1997 4240 is
2024 4184 2164 4238 inter
2193 4183 2564 4238 caaterahabet
2583 4203 2594 4237 :
2616 4184 2815 4237 Ἀπίων
2838 4183 3014 4235 τοίνυν
3045 4184 3073 4234 ὀ
3105 4182 3507 4252 γραμματικὸς,

1948 4277 1978 4335 ὁ
2003 4275 2373 4346 πλειστονίκης
2400 4275 2710 4346 ἐπικληθεὶς
2749 4277 2806 4328 ἐν
2841 4277 2904 4346 τῇ
2946 4274 3176 4346 τετάρτῃ
3200 4275 3307 4328 τῶν
3333 4277 3511 4344 Αἰγυ-

1949 4367 2216 4424 πτιακῶν
2261 4367 2554 4439 ἱστοριῶν,
2611 4368 2785 4421 καίτοι
2841 4366 3322 4439 φιλαπεχθημένως
3381 4365 3514 4438 πρὸς

1960 4461 2240 4533 Ἐϐραίους
2285 4461 2642 4532 διακείμενος,
2673 4460 2767 4514 ἅτε
2816 4459 3110 4529 Αἰγύπτιος
3150 4459 3209 4512 τὸ
3241 4459 3412 4527 γένος,
3439 4459 3514 4522 ὡς

289 4545 531 4613 mysterii
551 4543 834 4601 Trinitatis
865 4547 1226 4616 cognitionem
1253 4547 1487 4602 maxime
1519 4547 1841 4615 conducere,

1955 4554 2048 4607 καὶ
2082 4553 2222 4607 κατὰ
2263 4552 2528 4606 Ἰουδαίων
2569 4552 2824 4618 συντάξαι
2858 4551 3078 4622 βιϐλίον,
3119 4551 3383 4620 Ἀμὼσιος
3420 4549 3512 4602 τοῦ

286 4643 338 4687 et
374 4651 469 4703 per
507 4635 647 4689 hanc
691 4637 1045 4702 materialem,
1079 4647 1238 4707 atque
1266 4641 1622 4708 compositam
1659 4641 1847 4710 cogni-

289 4728 516 4792 tionem,
566 4731 830 4800 simplicis
873 4738 1034 4800 atque
1079 4733 1450 4804 incompositae
1478 4744 1688 4790 natura:
1715 4737 1848 4792 sub—

290 4818 611 4886 stantiaque
674 4821 918 4874 notitiam
977 4822 1251 4886 advenire,
1283 4825 1442 4893 idque
1489 4841 1659 4880 sacrae
1704 4825 1851 4880 Scri—

295 4918 468 4979 ptura:
502 4912 829 4967 teStimoniis
852 4913 1156 4970 conﬁrmat.
1195 4916 1343 4970 Multi
1381 4928 1558 4971 tamen
1589 4933 1695 4970 non
1729 4928 1852 4972 tan-

295 5009 410 5054 tum
454 5018 521 5056 ex
565 5005 965 5072 antiquioribus
986 5008 1319 5074 provinciam
1371 5008 1510 5063 hanc
1545 5010 1849 5077 subierunt,

293 5093 390 5151 sed
421 5111 483 5149 ex
526 5098 917 5153 recentioribus
943 5098 1216 5156 Viventius
1251 5101 1616 5157 Belluacensis
1639 5104 1854 5173 episco-

294 5201 398 5255 pus
420 5187 599 5239 omnia
627 5188 828 5258 ingenti
850 5192 1143 5256 volumine,
1163 5193 1382 5261 triginta
1408 5195 1620 5251 duobus
1643 5199 1853 5265 magnis

297 5278 451 5332 libris
495 5277 692 5344 diviso,
729 5281 831 5335 sub
881 5281 1092 5351 Speculi
1135 5286 1398 5340 naturalis
1429 5287 1648 5343 nomine
1699 5303 1851 5342 com-

295 5370 485 5438 plexus
513 5377 616 5424 est.

365 5461 483 5516 Col.
529 5462 774 5526 708,lin.
811 5465 862 5518 l.
913 5469 1164 5536 Κλήμης
1197 5471 1313 5538 μὲν
1338 5468 1472 5527 οὖν.
1502 5472 1767 5527 Eusebius
1800 5473 1855 5526 in

296 5552 577 5615 Chronico,
595 5556 829 5609 Μωϋσέα
855 5559 1005 5624 γένος
1021 5560 1266 5630 Ἐϐραῖον
1292 5565 1580 5634 προφητῶν
1604 5565 1855 5618 ἁπάντων

294 5645 509 5716 πρῶτον
543 5647 684 5716 ἀμφὶ
709 5648 800 5701 τοῦ
835 5650 1084 5722 Σωτῆρος
1113 5654 1290 5722 ἡμῶν,
1326 5654 1468 5723 λέγω
1499 5655 1555 5708 δὲ
1586 5655 1678 5707 τοῦ
1721 5656 1854 5723 Χρι-

295 5737 444 5800 στοῦ,
477 5739 616 5808 ἀμφί
667 5757 724 5792 τε
781 5744 879 5811 τῆς
907 5741 1013 5793 τῶν
1051 5743 1218 5796 ἐθνῶν
1250 5745 1316 5799 δι’
1348 5746 1507 5798 αὐτὸν
1535 5745 1856 5813 θεογνωσίας

296 5833 572 5900 χρησμοὺς
607 5832 696 5888 καὶ
723 5833 874 5901 λόγια
908 5833 1026 5907 θείᾳ
1059 5836 1241 5909 Γραφῇ
1282 5839 1712 5912 παραδεδωκότα,
1746 5839 1854 5901 τοῖς

1946 4645 2256 4714 Αἰγυπτίων
2285 4644 2545 4715 βασιλέως
2569 4643 2932 4715 μεμνημένος,
2954 4644 3047 4696 καί
3075 4643 3180 4696 τῶν
3209 4643 3326 4697 κατ’
3353 4641 3514 4694 αὐτὸν

1949 4735 2216 4810 πράξεων,
2237 4737 2484 4809 μάρτυρα
2497 4735 2882 4810 παρατίθεσθαι
2911 4734 3236 4804 Πτολεμαῖον
3258 4733 3348 4787 τὸν
3371 4734 3513 4786 Μεν-

1948 4829 2148 4901 δήσιον,
2199 4830 2292 4883 καὶ
2345 4829 2416 4883 τὰ
2457 4829 2559 4898 τῆς
2606 4827 2800 4892 λέξεως
2845 4826 3006 4880 αὑτοῦ
3059 4820 3161 4880 ὧδε
3204 4825 3335 4896 ἔχει’
3363 4826 3512 4878 Κατο

1950 4917 2151 4988 έσκαψε
2179 4918 2235 4971 δὲ
2263 4917 2359 4988 τὴν
2394 4917 2644 4988 Ἀθυρίαν
2669 4918 2930 4986 Ἀμωσις,
2975 4915 3114 4969 κατὰ
3144 4915 3234 4969 τὸν
3275 4917 3515 4987 Ἀργεῖον

1951 5011 2237 5080 γενόμενος
2283 5012 2511 5080 Ἴναχον,
2555 5009 2628 5072 ὡς
2663 5012 2721 5064 ὲν
2767 5012 2878 5072 τοῖς
2924 5009 3131 5078 χρόνοις
3155 5007 3458 5081 ἀνέγραψεν
3485 5011 3516 5062 ό

1951 5102 2245 5171 Μενδήσιος
2294 5102 2642 5172 Πτολεμαῖος.
2685 5100 2741 5153 '0
2782 5099 2839 5152 δὲ
2883 5098 3210 5170 Πτολεμαῖος
3251 5096 3404 5162 οὗτος
3443 5101 3516 5152 ἰε-

1953 5194 2079 5267 ρεὺς
2107 5194 2203 5264 μὲν
2233 5189 2299 5264 ἦν
2318 5211 2330 5224 ·
2355 5193 2452 5256 τάς
2471 5193 2527 5246 δὲ
2553 5192 2661 5245 τῶν
2681 5193 2988 5261 Αἰγυπτίων
3010 5192 3269 5262 βασιλέων
3291 5190 3512 5262 πράξεις

1953 5287 2008 5338 ὲν
2023 5285 2196 5354 τρισὶν
2212 5284 2356 5348 ὅλαις
2371 5284 2656 5354 ἐκθέμενος
2678 5284 2896 5355 βίϐλοις,
2918 5284 3058 5338 κατὰ
3071 5283 3311 5355 Ἀμωσίν
3328 5299 3507 5352 φησιν,

1953 5376 2226 5444 Αἰγύπτου
2289 5375 2530 5446 βασιλέα,
2575 5377 2848 5438 Μωῦσέως
2894 5375 3190 5446 ἡγουμένου
3237 5371 3540 5441 γεγονέναι’

1967 5467 2237 5530 Ἰουδαίοις
2257 5467 2356 5538 τὴν
2385 5466 2445 5532 ἐξ
2466 5467 2738 5536 Αἰγύπτου
2769 5467 3015 5538 πορείανκ
3039 5465 3098 5530 ἐξ
3129 5458 3202 5518 ὧν
3236 5463 3510 5517 συνῶπται

1955 5557 2096 5613 κατὰ
2130 5559 2337 5628 Ἴναχον
2381 5558 2686 5628 ἠκμακέναι
2724 5559 2814 5611 τὸν
2851 5557 3071 5611 Μωσέα.
3102 5554 3341 5609 Firmum
3391 5571 3513 5623 pro-

1957 5650 2098 5705 fecto
2125 5657 2500 5720 argumentum
2528 5651 2594 5704 ad
2625 5650 2985 5721 probandum,
3003 5655 3055 5701 et
3083 5662 3146 5702 ex
3177 5647 3295 5716 ipso
3325 5646 3510 5701 adver-

1954 5743 2100 5798 sario
2146 5742 2389 5798 ductum.
2435 5743 2652 5796 Amosis
2721 5750 2960 5810 tempore
3023 5738 3205 5794 Inachi
3261 5739 3508 5808 vivebat;

1957 5834 2166 5908 Moyses
2210 5845 2452 5907 tempore
2503 5832 2793 5891 Amosidis.
2826 5830 2956 5897 Quis
2992 5830 3097 5889 nisi
3141 5830 3364 5890 demens
3395 5831 3514 5886 lna‘
