4090 6288
614 336 722 391 ⁷99

1960 331 2203 391 ιΕοΝιε
2231 330 2510 388 ΑιιΑτιῐ

3778 326 3883 379 800

615 455 779 506 chum
825 460 878 506 et
931 449 1167 522 Moysem
1193 443 1400 509 iisdem
1440 452 1778 524 temporibus
1806 453 2059 510 ﬂoruisse
2087 470 2188 510 ne-
2213 461 2258 516 Α
2289 453 2342 505 in
2369 449 2631 512 Tacticis,
2668 447 2771 504 nisi
2807 446 2974 502 semel
3001 460 3125 500 cum
3156 443 3276 514 ejus
3304 442 3484 513 carpit
3514 442 3880 500 sententiam.

617 545 768 616 gabit
793 545 817 596 ?

688 634 819 689 Ibid.
853 635 958 688 Kal
998 636 1366 704 Ἀφρικανός.
1406 635 1482 692 De
1508 635 1787 701 Africano,
1825 639 1949 693 vide
1991 637 2187 694 Hiero-

615 742 858 794 nymum,
895 725 1239 789 Tritemium,
1303 729 1548 793 Suidam,
1576 730 1787 783 Sixtum
1815 730 2108 786 Senensem
2133 739 2186 786 et

615 819 749 873 alios
769 837 782 873 :
803 818 967 871 rnulta
990 833 1054 872 ac
1075 820 1220 872 varia
1248 820 1446 889 ingenii
1467 822 1547 875 sui
1573 832 1922 876 monumenta
1949 825 2186 878 maximo

615 911 978 990 litterajorum
1023 911 1308 965 commodo
1359 914 1620 983 reliquit;
1685 930 1916 984 quormn
1980 916 2183 984 passim

613 998 820 1054 mentio
847 1002 986 1069 apud
1017 1009 1272 1056 auctores
1301 999 1518 1057 Graecos
1565 1015 1619 1057 et
1656 1002 1900 1056 Latinos.
1935 1003 2186 1073 Legatio-

612 1105 734 1145 ncm
768 1107 864 1161 pro
889 1094 1284 1148 instauratione
1320 1096 1469 1149 urbis
1498 1094 1753 1150 Emmaus
1785 1097 2186 1166 suscepit;quae

610 1192 798 1254 postea
823 1182 1096 1255 Νἰοοιιοιὶε
1126 1187 1392 1255 appellata
1415 1199 1518 1249 est,
1546 1198 1599 1242 et
1622 1186 1874 1240 obtinuit.
1914 1187 2182 1242 Eusebius

610 1271 964 1338 luChrouico,
987 1277 1345 1348 Παλαιστίνης
1379 1279 1670 1342 Νικόπολις
1700 1282 1731 1352 ὴ
1769 1283 2028 1352 πρότερον
2062 1282 2187 1349 Ἐμ·

613 1370 782 1440 μαοὺς
814 1369 1034 1440 ἐκτίσθη
1080 1371 1252 1436 πόλις,
1289 1371 1681 1442 πρεσϐεύοντος
1725 1374 1864 1443 ὑπὲρ
1897 1374 2064 1442 αὐτῆς
2090 1371 2181 1426 καὶ

608 1462 1004 1532 προῖσταμὲνου
1073 1462 1288 1516 Ἰουλίου
1351 1463 1676 1533 Ἀφρικανοῦ
1726 1464 1894 1517 ταῦτα
1925 1465 2183 1533 Χρονικά

610 1554 1040 1626 συγγράψαντος.
1077 1553 1189 1608 Sub
1223 1555 1546 1626 imperatore
1598 1555 1780 1610 Marco
1815 1556 2034 1611 Aurelio
2067 1557 2182 1610 An-

611 1647 820 1708 tonino,
853 1647 945 1716 qui
987 1645 1224 1700 Macrino
1261 1656 1621 1701 successerat.
1668 1645 1919 1716 Quinque
1952 1647 2018 1701 de
2043 1654 2180 1700 temo

610 1736 836 1805 poribus
860 1735 1128 1788 volumina
1163 1736 1510 1803 conscripsit;
1549 1735 1738 1806 incipit
1760 1752 1790 1788 a
1821 1736 2006 1790 mundi
2031 1752 2179 1789 crea-

2287 541 2498 613 Optima
2533 541 2716 596 Dionis
2743 538 3012 596 sententia
3059 539 3304 591 oratione
3349 535 3652 596 Rhodiaca,
3702 533 3784 586 Τό
3823 533 3881 592 δὲ

2287 637 2395 689 τῶν
2443 634 2679 705 ἀρίστων
2727 631 2936 702 ἀνδρῶν
2983 627 3447 691 ἐπιλανθάνεσθαι,
3504 629 3598 681 καὶ
3649 626 3719 679 τὰ
3774 626 3878 694 τῆς

2288 728 2490 799 ἀρετῆς
2534 722 2672 779 ἆθλα
2714 725 3031 793 ἀποστερεῖν
3081 722 3180 775 οὐκ
3234 721 3312 774 ἔνι
3346 721 3638 791 τυγχάνειν
3712 719 3875 772 οὐδε-

2292 821 2418 890 μιᾶς
2451 817 2736 888 εὐπρεπῶς
2763 815 3104 886 προφάσεως,
3140 813 3266 866 ἀλλ’
3299 811 3608 882 ἀχαριστία,
3650 809 3874 880 φθόνος,

2289 910 2605 981 μικρολογία
2655 908 2824 961 ἅπασι
2867 909 2979 967 τοῖς
3031 904 3328 974 αἰσχίστοις
3389 903 3599 972 ἀνάγκη
3654 903 3872 971 προσήσ

2286 1018 2421 1056 κειν.
2458 1001 2641 1070 Neque
2675 1000 2854 1052 minus
2885 997 2970 1052 fur
2998 1005 3101 1059 est,
3138 997 3228 1066 qui
3262 997 3402 1050 bona
3434 996 3670 1050 aliorum
3697 995 3875 1049 surri-

2286 1097 2384 1166 pit,
2415 1111 2576 1164 quam
2601 1094 2691 1163 qui
2723 1092 2920 1146 mentis
2954 1090 3306 1151 monimenta,
3336 1096 3390 1143 et
3420 1089 3650 1142 aliorum
3681 1087 3871 1141 studia

2285 1188 2603 1246 sull'uratur,
2628 1191 2682 1236 et
2712 1193 2986 1236 auctorem
3024 1180 3242 1235 silentio
3271 1183 3525 1248 prmlerit.
3571 1177 3645 1232 De
3677 1194 3794 1247 quo
3821 1180 3869 1232 si

2283 1281 2408 1350 quis
2451 1279 2604 1348 plura
2638 1273 2932 1336 desiderat,
2971 1271 3126 1326 adeat
3160 1279 3376 1326 nostros
3415 1271 3468 1324 in
3504 1269 3746 1340 Longini
3785 1270 3864 1324 De

2283 1370 2496 1424 sublimi
2561 1382 2746 1437 genere
2779 1363 3032 1417 orationis
3091 1361 3330 1416 libellum
3397 1359 3863 1416 Commentarios.

2281 1461 2676 1518 Clirouicorum
2708 1456 2950 1510 Africani
2994 1453 3422 1522 άποσπασμάτια
3466 1453 3722 1522 quaedam
3754 1469 3864 1508 una

2282 1571 2404 1609 cum
2433 1551 2740 1607 Eusebiano
2771 1548 3027 1604 Chronico
3061 1545 3203 1600 edita
3245 1553 3372 1600 sunt
3406 1560 3436 1598 a
3462 1540 3709 1614 Josepho
3737 1543 3865 1599 Sca-

2281 1648 2468 1718 ligero.
2496 1645 2668 1698 Porro
2691 1642 2851 1695 verba
2877 1638 3140 1701 Africani,
3163 1637 3362 1707 quibus
3385 1635 3621 1706 Moysen:
3650 1639 3862 1692 Inacho

2281 1756 2526 1795 coaevum
2561 1736 2774 1794 scribit.
2811 1734 2976 1788 habes
3001 1733 3140 1802 apud
3169 1731 3456 1786 Eusebium
3485 1733 3538 1784 in
3569 1729 3857 1798 Chronico,

611 1826 759 1879 tione
800 1823 940 1895 apud
976 1824 1230 1895 Moysen],
1266 1826 1620 1894 pervenitque
1655 1839 1827 1892 usque
1868 1824 1932 1876 ad
1975 1820 2158 1877 Christ

2281 1835 2418 1888 libro
2483 1831 2671 1902 priori.
2733 1827 2842 1883 Nec
2908 1827 3040 1880 illud
3097 1825 3315 1879 silentio
3375 1826 3854 1894 praetereundum,

609 1917 921 1980 adventum,
960 1917 1238 1973 succincte
1271 1932 1486 1986 quoque
1517 1925 1666 1986 gesta
1700 1931 1728 1968 a
1773 1915 1974 1970 Christi
2021 1923 2177 1970 aetate

609 2026 781 2080 usque
812 2011 876 2063 ad
909 2009 1130 2064 Macriui
1158 2009 1498 2080 imperatoris
1529 2019 1770 2078 tempora
1803 2009 2172 2078 prosequitur,

607 2100 682 2153 ita
712 2108 890 2155 tamen
927 2110 981 2153 ut
1015 2102 1221 2156 nullum
1269 2105 1632 2157 necessarium
1682 2104 1903 2173 cognitu
1936 2102 2170 2154 omittat.

606 2189 828 2246 Photius
873 2193 925 2245 in
948 2191 1238 2248 Biblioth.:
1270 2193 1608 2264 Ἀνεγνώσθη
1655 2193 1980 2265 Ἀφρικανοῦ
2019 2193 2176 2244 ίστο-

607 2283 776 2354 ρικόν.
813 2279 980 2347 Οὗτός
1012 2287 1158 2338 ἐστιν
1185 2287 1214 2339 ὁ
1245 2287 1338 2338 καὶ
1374 2289 1499 2350 τοὺς
1545 2287 1869 2357 λεγομένους
1903 2273 2172 2349 Κεστοὺς

601 2377 660 2428 ὲν
686 2375 860 2445 λόγοις
890 2377 1153 2442 συντάξας
1187 2377 1266 2432 ιδ’.
1294 2379 1449 2430 Ἔστι
1478 2378 1534 2430 δὲ
1583 2378 1844 2448 σύντομος
1885 2377 2000 2446 μὲν,
2037 2376 2172 2430 ἀλλὰ

606 2468 770 2539 μηδὲν
810 2468 916 2520 τῶν
972 2469 1280 2537 ἀναγκαίων
1324 2469 1672 2540 ἱστορηθῆναι
1717 2469 2164 2540 παραλιμπάνων.

603 2561 862 2633 Ἀρχεται
902 2559 958 2612 δὲ
1008 2560 1115 2616 ἀπὺ
1153 2561 1252 2631 τῆς
1302 2561 1598 2630 Μωσαῖκῆς
1649 2560 2025 2631 κοσμογονίας,
2076 2561 2169 2613 καὶ

600 2653 843 2707 κάτεισιν
873 2652 976 2713 ἕως
1019 2653 1118 2722 τῆς
1157 2653 1391 2724 Χριστοῦ
1422 2654 1736 2724 παρουσίας.
1781 2654 2168 2724 Ἐπιτροχάδην

598 2744 654 2800 δὲ
681 2744 1030 2816 διαλαμϐάνει
1072 2745 1163 2797 καὶ
1205 2745 1275 2798 τά
1315 2747 1421 2799 ἀπὸ
1458 2745 1691 2816 Χριστοῦ
1725 2745 1884 2822 μέχρι
1911 2745 2009 2815 τῆς
2045 2747 2167 2799 Μα-

598 2837 784 2909 κρίνου
816 2837 909 2891 τοῦ
951 2839 1234 2908 Ῥωμαίων
1268 2837 1528 2908 βασιλέως
1555 2837 1847 2907 βασιλείας,
1877 2839 1964 2891 ὅτε
1992 2838 2162 2910 αὐτῷ,

595 2927 673 2992 ὣς
730 2945 890 2999 φησι,
955 2929 1050 2982 καὶ
1098 2929 1191 3000 ἥδε
1240 2932 1273 3000 ἡ
1324 2929 1612 3000 συγγραφὴ
1659 2929 1987 2983 συνετελεττο
2027 2930 2164 2984 ἐτῶν

595 3019 727 3075 οὖσα
761 3022 944 3092 ,εψκγκ
983 3023 1158 3094 Τεύχη
1204 3023 1259 3077 δὲ
1288 3023 1380 3076 τοῦ
1419 3021 1622 3092 βιϐλίου
1651 3023 1837 3076 πέντε.
1879 3023 1936 3078 In
1971 3025 2074 3090 his,
2105 3031 2162 3078 ut

595 3113 815 3184 quidam
843 3114 1082 3179 tradunt,
1101 3117 1280 3170 omnia
1304 3131 1613 3186 regnorum,
1645 3118 1945 3180 nationum,
1977 3131 2156 3169 rerum

593 3203 933 3275 publicarum
985 3205 1139 3259 initia
1185 3221 1216 3259 a
1249 3209 1426 3276 capite
1476 3207 1700 3276 repetita
1750 3205 1816 3259 ad
1865 3205 2022 3259 linem
2066 3206 2160 3259 de-

590 3296 746 3350 duxit
791 3315 806 3350 :
849 3298 1044 3353 deinde
1101 3313 1196 3368 per
1252 3307 1400 3354 certa
1445 3299 1767 3362 intervalla,
1833 3313 1972 3368 quas
2025 3298 2161 3368 ὁμά-

585 3384 687 3450 δας
720 3395 936 3446 vocant.
971 3403 1032 3442 ea
1084 3388 1224 3442 inter
1253 3403 1313 3442 se
1343 3389 1717 3458 comparavit;
1757 3397 2030 3457 postremo
2067 3402 2162 3440 eo-

591 3494 714 3532 rum
748 3479 979 3534 indicem
1008 3479 1228 3548 adjecit,
1263 3495 1421 3549 quem
1445 3479 1670 3533 Canona
1700 3479 1934 3541 vocavit,
1971 3479 2025 3533 in
2051 3493 2161 3548 quo

587 3581 714 3636 quae
765 3565 1108 3637 καθ”ὁμάδα
1155 3569 1208 3621 in
1265 3569 1640 3637 superioribus
1698 3569 1852 3622 libris
1902 3576 2160 3637 congesta

587 3666 768 3721 erant,
805 3673 898 3728 per
944 3673 1121 3713 annos
1169 3674 1460 3728 expansos,
1492 3675 1612 3729 qum
1655 3658 1825 3714 Graeci
1876 3659 2022 3725 ἁπλᾶ
2065 3659 2158 3732 ἐτη

588 3759 930 3820 nuncupant,
964 3752 1210 3821 digessit,
1245 3767 1384 3821 quos
1431 3752 1564 3815 falli,
1613 3766 1746 3822 pace
1773 3760 2047 3806 tantorum
2081 3753 2160 3804 vi-

582 3856 774 3896 rorum
804 3842 1056 3908 dixerim,
1109 3843 1313 3898 nemini
1360 3843 1588 3898 dubium
1617 3859 1743 3899 esse
1771 3843 1966 3908 debet;
2014 3844 2159 3898 aliud

585 3935 733 3988 enim
757 3942 841 3988 est
867 3950 1044 3990 canon
1061 3936 1115 3989 in
1136 3936 1444 4002 Chronicis,
1462 3945 1514 3990 et
1532 3936 1679 3990 aliud
1705 3936 1886 3998 index,
1915 3953 2014 3991 nec
2029 3937 2162 4008 ὁμά-

585 4025 677 4079 διιι
707 4041 786 4081 θαι
815 4035 941 4080 sunt
970 4042 1108 4096 quas
1137 4028 1240 4097 ipsi
1271 4029 1482 4092 dicunt,
1530 4029 1625 4084 sed
1657 4037 1865 4082 tantum
1903 4031 2159 4100 pleraque

587 4132 698 4171 non
729 4117 802 4170 ita
835 4120 1166 4180 necessaria,
1202 4134 1300 4173 nec
1320 4135 1552 4190 quorum
1599 4129 1748 4174 certa
1782 4122 2042 4191 temporis
2071 4138 2161 4176 ra-

582 4210 667 4262 tio
713 4211 887 4279 potuit
937 4211 1126 4265 haberi
1179 4211 1284 4265 sub
1328 4213 1506 4282 aliqua
1539 4214 1680 4267 serie
1739 4221 2042 4283 temporum
2101 4217 2158 4268 in

587 4317 755 4356 unum
803 4312 1084 4374 congesta,
1115 4303 1292 4374 ὁμάδα
1339 4304 1517 4359 facere
1566 4307 1722 4361 facile
1775 4309 2154 4372 existimarint,

583 4395 1048 4466 quemadmodum
1074 4404 1204 4452 sunt
1247 4413 1368 4467 qua:
1399 4398 1452 4451 iu
1494 4398 1752 4454 Chronico
1801 4400 2155 4456 Eustathiano

2275 1926 2495 1997 quando
2523 1925 2589 1978 de
2622 1921 2866 1977 historiis
2903 1920 2969 1972 ab
3009 1917 3265 1971 Africano
3294 1917 3513 1985 scriptis
3539 1932 3853 1972 sermonem

2277 2017 2560 2077 habemus,
2584 2011 2843 2067 Jaeobum
2865 2009 3330 2078 archiepiscopum
3355 2005 3728 2071 Genuensem,
3760 2009 3850 2062 lib.

2275 2107 2584 2160 Annuarum
2664 2103 3088 2163 solemuitatum,
3131 2108 3183 2154 et
3246 2097 3462 2154 Petrum
3524 2101 3848 2170 episcopum

2273 2197 2608 2267 Equilinum,
2666 2195 2761 2250 lib.
2813 2210 2867 2247 Ix
2938 2189 3184 2260 Catalogi
3229 2200 3553 2255 sanctarum,
3618 2191 3844 2248 referre.

2271 2289 2498 2344 Abdiam
2545 2288 2777 2359 primum
2814 2284 3106 2356 Babylonis
3134 2283 3472 2352 episcOpum,
3507 2292 3565 2338 et
3593 2283 3666 2336 ab
3710 2285 3846 2354 ipsis

2272 2382 2534 2451 apostolis
2579 2379 2912 2435 ordinatum.
2943 2376 3084 2430 vitas
3131 2375 3416 2430 duodecim
3471 2377 3840 2445 apostolorum

2271 2473 2583 2542 scripsisse,
2609 2485 2745 2539 quas
2775 2467 3066 2537 Eutropius
3086 2466 3270 2520 Abdiae
3289 2465 3593 2535 discipulus
3609 2475 3840 2521 transtu-

2270 2564 2332 2617 lit
2362 2579 2426 2618 ex
2449 2561 2671 2616 Hebraeo
2705 2561 2758 2614 in
2784 2556 3314 2620 Graseum,etJu!ius
3329 2557 3622 2614 Africanus
3654 2560 3707 2612 in
3739 2559 3840 2614 La-

2269 2654 2442 2707 tinum
2479 2673 2492 2708 :
2525 2665 2578 2707 et
2612 2653 2714 2706 sub
2743 2651 2900 2705 titulo
2933 2650 3094 2718 hujus
3125 2649 3310 2703 Abdiae
3343 2651 3527 2704 emissi
3563 2659 3693 2704 sunt
3736 2651 3838 2706 Ba-

2267 2745 2415 2800 sit'ea:
2444 2759 2609 2816 Opera
2637 2741 2908 2811 Wolfangi
2941 2740 3086 2795 Lazii
3122 2743 3190 2794 ab
3217 2740 3458 2810 Oporino
3489 2743 3611 2797 libri
3651 2746 3834 2801 decem

2265 2835 2584 2889 certaminis
2601 2831 2908 2903 apostolici,
2922 2845 3062 2900 quos
3080 2837 3138 2882 ut
3168 2831 3269 2885 lide
3289 2823 3565 2902 indignos,
3584 2836 3835 2903 quemad.

2264 2929 2485 2980 modum
2506 2925 2672 2980 refert
2694 2925 2880 2979 Sixtus
2911 2921 3171 2977 Senensis
3189 2923 3243 2977 in
3261 2923 3608 2990 Bibliotheca,
3635 2928 3727 2983 lib.
3757 2943 3797 2981 ιι
3814 2971 3827 2988 ,

2262 3019 2466 3074 Paulus
2511 3035 2648 3091 papa
2695 3017 2788 3082 Ν,
2828 3019 2969 3072 inter
3012 3017 3216 3086 scripta
3277 3033 3308 3071 a
3373 3033 3434 3073 se
3463 3019 3715 3074 damnata
3746 3037 3829 3077 re-

2259 3112 2412 3182 jecit.

2330 3204 2464 3259 Ibid.
2527 3203 2639 3256 Kal
2700 3203 2850 3273 πρὸς
2903 3207 3135 3272 τούτοις
3204 3205 3486 3277 Τατιανός.
3563 3202 3819 3258 Clemens
3914 3212 3925 3226 '

2261 3294 2663 3350 Alexandrinus
2709 3296 2803 3350 lib.
2841 3293 3076 3352 tSlrom.
3111 3308 3129 3347 :
3160 3297 3412 3368 Πρότερον
3445 3293 3497 3345 δὲ
3523 3293 3654 3363 ὅπερ
3681 3293 3809 3345 ἀκό-

2259 3387 2446 3441 λουθον
2477 3384 2544 3460 ἦν
2569 3389 2697 3459 περὶ
2720 3389 2827 3442 τῶν
2849 3389 2986 3444 κατὰ
3016 3389 3217 3444 Μωσέα
3242 3389 3435 3460 χρόνων
3457 3386 3550 3456 ΙΙξδη
3571 3385 3794 3446 λεκτέον,

2259 3480 2324 3534 δι’
2354 3473 2428 3534 ὧν
2470 3479 2807 3551 δειχθήσεται
2841 3479 3264 3552 ἀναμφηρίστως
3293 3479 3470 3547 πάσης
3511 3475 3687 3541 σοφίας
3709 3475 3805 3544 ἀρ-

2259 3573 2517 3643 χαιοτάτη
2550 3575 2582 3642 ή
2615 3571 2753 3624 κατὰ
2799 3571 3081 3643 Ἐϐραίους
3111 3569 3416 3639 φιλοσοφία.
3463 3566 3682 3637 Εἴρηται
3721 3563 3814 3634 μιν

2258 3661 2349 3718 οὖν
2383 3667 2506 3736 περὶ
2530 3664 2732 3718 τούτων
2757 3663 2995 3735 ἀκριϐῶς
3035 3660 3282 3731 Τατιανῷ
3311 3663 3369 3713 ὲν
3404 3658 3484 3729 τῷ
3511 3657 3660 3726 πρὸς
3685 3658 3819 3708 ’Ἑλ-

2258 3762 2470 3825 ληνας·
2510 3757 2722 3827 εἴρηται
2743 3756 2798 3808 δὲ
2832 3756 2923 3808 καὶ
2939 3753 3198 3824 Κασιανῴ
3214 3755 3272 3805 ἐν
3301 3749 3501 3824 πρώτῳ
3523 3749 3631 3802 τῶν
3665 3746 3824 3815 Ἐξη-

2256 3847 2546 3917 τητικῶνο
2582 3851 2801 3902 άπαιτεῖ
2839 3847 2894 3900 δὲ
2937 3849 3084 3916 ὅμως
3117 3846 3176 3899 τὸ
3213 3845 3510 3915 ὑπόμνημα
3553 3843 3646 3895 καὶ
3683 3843 3826 3912 ἡμᾶς

2257 3942 2576 4012 ἐπιδραμεῖν
2594 3941 2660 3994 τὰ
2689 3940 2827 3993 κατὰ
2852 3940 2942 3992 τὸν
2968 3939 3130 3992 τόπον
3171 3937 3456 4009 εἰρημένα.
3487 3935 3823 3989 Sententia!“

2257 4033 2325 4088 de
2354 4043 2510 4088 aetate
2539 4033 2736 4104 Moysis
2757 4031 3018 4086 Tatianus
3051 4038 3342 4100 pertractat
3373 4029 3426 4082 in
3455 4028 3711 4082 Oratione
3732 4024 3826 4079 ad-

2257 4142 2433 4180 versus
2462 4125 2667 4184 Gentes.
2700 4125 2766 4180 de
2800 4141 2906 4195 qua
2944 4124 3192 4179 inferius.
3241 4121 3314 4178 De
3341 4121 3593 4183 Tatiano,
3625 4132 3678 4176 et
3705 4119 3829 4189 ejus

2257 4217 2448 4271 haeresi
2493 4225 2547 4270 et
2584 4215 2802 4286 scriptis
2855 4216 3006 4284 plura
3038 4213 3396 4283 llierouymus
3432 4212 3483 4264 in
3527 4209 3827 4280 Catalogo;

2256 4307 2512 4371 lreuazus,
2560 4307 2655 4362 lib.
2704 4322 2743 4367 ι,
2776 4321 2897 4374 cap.
2925 4306 3026 4372 5i;
3080 4304 3367 4366 Eusebius,
3404 4304 3499 4358 lib.
3547 4320 3624 4366 vi,
3675 4301 3828 4356 Hist.

2254 4403 2462 4464 eccles,
2498 4415 2617 4468 cap.
2670 4399 2756 4462 l6,
2816 4399 2905 4461 l7,
2942 4399 3042 4462 l9;
3097 4397 3431 4468 Epiphanius
3476 4397 3673 4451 barres.
3719 4395 3830 4462 46;

579 4487 742 4542 titulo
785 4489 1060 4560 σποράδην
1106 4490 1466 4559 explicantur.
1513 4489 1784 4559 Quidquid
1831 4499 2010 4545 tamen
2062 4492 2154 4558 sit,
2190 4510 2230 4564 ι)
2263 4492 2584 4563 Rodiginus,
2638 4493 2728 4546 lib.
2770 4507 2850 4553 ιιι,
2878 4506 2996 4560 cap.
3030 4490 3127 4556 10;
3161 4489 3475 4544 Chrouirum
3501 4487 3836 4542 Alexandri-

581 4576 948 4632 certissimum
978 4585 1061 4632 est
1087 4577 1382 4634 Eusebium
1407 4581 1588 4633 omnia
1621 4580 1864 4634 Africani
1907 4582 1961 4634 in
1992 4598 2149 4636 suum

581 4665 897 4722 Chronicum
948 4672 1403 4742 transcripsisse,
1453 4673 1521 4726 ab
1565 4688 1738 4742 eoque
1786 4674 1971 4728 omnia
2017 4673 2152 4728 hau-

581 4759 741 4815 sisse.
762 4760 942 4827 Quare
961 4762 1128 4832 hujus
1143 4764 1508 4836 chronologici
1533 4767 1714 4836 operis
1733 4766 2012 4835 potissima
2033 4767 2150 4822 laus

578 4849 838 4906 Africano
866 4852 1116 4918 debetur,
1153 4855 1311 4926 cujus
1356 4864 1410 4912 et
1441 4857 1612 4922 labor,
1647 4873 1753 4911 non
1788 4856 2022 4912 Eusebio
2051 4859 2150 4912 tri-

579 4941 828 5009 buenda;
866 4961 1041 5015 neque
1070 4947 1364 5003 defuerunt
1403 4949 1498 5018 qui
1537 4949 1825 5004 Eusebiqu
1852 4949 2148 5018 reprehen-

578 5035 790 5100 derent,
824 5038 970 5107 quod
1011 5047 1160 5093 tanta
1207 5043 1505 5096 securitate
1549 5043 1782 5096 alienam
1818 5041 2142 5095 industriam

576 5128 686 5184 sibi
735 5128 1056 5190 vindicaret,
1091 5147 1268 5201 neque
1313 5133 1523 5187 crimen
1572 5132 1768 5203 ingrati
1805 5133 1970 5186 animi
2019 5133 2148 5206 hor»

575 5221 771 5286 ruerit,
813 5237 938 5276 cum
969 5222 1058 5277 vix
1090 5223 1235 5278 illius
1264 5226 1594 5290 meminerit,
1626 5226 1728 5281 nisi
1764 5224 1818 5278 in
1852 5225 1918 5280 iis
1947 5226 2000 5278 in
2033 5223 2148 5294 qui-

576 5314 680 5370 bus
702 5315 770 5369 ab
797 5314 917 5384 ejus
952 5314 1220 5370 sententia
1248 5315 1500 5382 discedit,
1525 5317 1657 5386 quin
1689 5324 1743 5372 et
1770 5317 1978 5386 optimo
2009 5317 2146 5370 scri-

574 5405 720 5474 ptori
746 5404 990 5460 fraudem
1024 5404 1241 5470 fecisse,
1274 5421 1399 5459 cum
1428 5406 1590 5460 verba
1630 5406 1873 5461 Africani
1906 5407 2147 5476 interpo-

577 5495 741 5551 Iando
787 5497 1039 5554 invertat.
1082 5495 1333 5553 Solemne
1365 5499 1556 5551 vitium
1590 5499 1692 5553 hoc
1734 5499 1980 5570 pluribus
2023 5499 2142 5564 fuit,

578 5598 1010 5662 magnorumque
1060 5572 1308 5646 virorum.
1355 5591 1565 5646 animos
1615 5593 1809 5664 tetigit,
1861 5592 2004 5647 inter
2048 5607 2144 5647 eos

577 5675 777 5736 Leonis
813 5684 1156 5754 imperatoris
1194 5684 1286 5755 qui
1330 5674 1639 5739 Onosandri
1683 5700 1898 5748 nomen,
1953 5700 1982 5738 a
2035 5700 2144 5752 quo

577 5771 808 5828 multum
853 5774 1183 5845 profecerat,
1219 5776 1433 5852 ingrato
1460 5791 1674 5847 semper
1701 5776 1883 5832 obruit
1925 5777 2142 5833 silentio

2253 4603 2400 4648 num,
2431 4602 2550 4655 pag.
2582 4584 2685 4638 6l0
2710 4594 2763 4639 et
2791 4585 2928 4650 6l2;
2960 4583 3320 4653 Nicephorus.
3357 4585 3451 4639 lib.
3488 4599 3563 4645 Iv,
3594 4597 3720 4650 cap.
3758 4581 3832 4647 4;

2253 4677 2649 4738 Theodoretus.
2679 4677 2770 4730 lib.
2798 4674 3210 4743 1-,Philastrius,
3238 4675 3602 4730 Damascenus
3628 4680 3682 4726 et
3703 4672 3833 4726 alii.

2251 4769 2407 4824 lluuc
2445 4769 2665 4839 quidam
2709 4776 2996 4831 vocarunt,
3045 4769 3224 4838 inepte
3270 4775 3472 4829 tamen,
3497 4764 3839 4819 Alexandri-

2249 4879 2413 4929 num;
2471 4863 2561 4915 alii
2603 4861 2920 4934 Assyrium;
2974 4860 3170 4933 Syrum
3224 4859 3393 4915 fuisse
3441 4859 3663 4912 tradunt
3708 4858 3839 4912 Cle-

2248 4970 2402 5008 mens
2429 4953 2826 5008 Alexandrinus
2857 4953 2952 5006 lib.
2991 4967 3050 5006 ιιι
3083 4952 3366 5014 Stromat.,
3399 4961 3451 5004 et
3480 4949 3834 5019 Epiphanius

2247 5047 2336 5116 qui
2391 5047 2502 5099 hsce
2549 5045 2746 5100 addit:
2786 5044 3038 5098 Scholam
3079 5059 3232 5097 suam
3302 5043 3474 5098 erexit
3519 5043 3590 5096 ab
3662 5043 3834 5096 initio

2247 5136 2300 5189 in
2335 5134 2716 5204 Mesopotamia
2751 5136 2896 5188 circa
2933 5147 3006 5186 xu
3049 5134 3158 5189 fere
3190 5148 3391 5187 annum
3438 5130 3705 5187 Antonini
3740 5132 3830 5189 Pii

2246 5228 2500 5290 Caesaris,
2532 5227 2819 5280 maximam
2838 5241 2965 5280 vero
2983 5235 3183 5294 partem
3212 5226 3746 5296 prmdicatiouissua:
3770 5227 3828 5280 in

2245 5319 2553 5382 Antiochia,
2599 5334 2720 5388 quae
2763 5319 2826 5373 ad
2872 5318 3150 5388 Daphnem
3187 5321 3292 5374 sita
3332 5327 3436 5382 est,
3476 5319 3623 5381 fecit,
3658 5328 3718 5375 et
3768 5321 3829 5378 in

2244 5410 2470 5465 Cilicum
2504 5411 2764 5480 partibus,
2791 5411 3018 5463 multum
3050 5418 3228 5463 autem
3263 5419 3318 5464 et
3361 5411 3415 5463 in
3442 5409 3666 5470 Pisidia.
3699 5411 3831 5477 ubi,

2244 5511 2367 5550 cum
2403 5505 2646 5567 tempora
2683 5497 2884 5567 quibus
2914 5498 3046 5552 vi-xit
3081 5498 3350 5568 signiﬁcat
3384 5499 3487 5554 sub
3511 5499 3828 5563 Antonino,

2245 5605 2472 5646 necesse
2511 5598 2596 5644 est
2640 5591 2893 5645 mendum
2927 5606 3049 5645 esse
3077 5593 3130 5645 in
3176 5591 3468 5646 Philastrio
3497 5592 3654 5655 illud,
3682 5591 3834 5647 Post

2245 5683 2391 5738 Decii
2460 5686 2903 5752 persecutionem,
2974 5700 3073 5755 pro
3132 5699 3242 5754 quo
3309 5683 3448 5739 forte
3522 5685 3831 5753 legendum

2245 5777 2490 5844 Adriani,
2523 5791 2646 5834 nam
2686 5777 2790 5834 sub
2821 5779 2914 5838 illo
2945 5793 3166 5852 passum
3205 5775 3482 5834 Iustinum
3517 5777 3828 5848 Martyrem
