4090 6288
273 363 378 422 801

1287 365 1354 420 IN
1395 361 1766 423 EUSTA‘I‘HH
1804 363 2278 421 HEXAEMERON
2312 364 2544 424 NOTE.

3420 372 3526 428 802

274 479 435 536 test-is
464 483 550 533 est
592 483 790 548 praeter
831 477 969 533 alios
1011 476 1366 550 Epiphanius.
1415 477 1603 550 Neque
1649 479 1849 534 mirum
1879 486 1926 544 Α
1951 477 2112 534 detur
2136 494 2282 545 esse,
2329 481 2376 536 si
2409 495 2582 552 pauca
2623 482 2692 538 de
2722 497 2790 539 eo
2828 481 3152 551 edisseram,
3183 493 3243 538 ut
3282 490 3521 542 maxima

273 572 450 626 videri
487 571 647 626 debet
681 585 848 624 unum
871 579 925 626 et
944 571 1195 626 eumdem
1224 579 1528 637 auctorem,
1557 573 1721 628 modo
1743 573 1846 628 As-

273 664 509 735 syrium,
553 662 712 717 modo
756 659 953 732 Syrum
986 666 1311 732 nuncupari.
1343 661 1480 716 Nam
1509 662 1733 734 Assyria
1791 669 1847 718 et

276 755 434 828 Syria
485 765 668 826 partes
717 753 862 808 Asiae
914 753 1050 809 adeo
1085 755 1227 809 inter
1265 770 1324 809 se
1371 762 1502 810 sunt
1550 755 1744 809 vicinae
1786 761 1847 807 ut

275 863 420 919 saepe
459 845 888 911 confundantur,
931 848 1074 900 unde
1117 845 1442 910 Herodotus,
1491 847 1582 901 lib.
1626 863 1702 900 vn
1735 866 1748 900 :
1783 845 1846 900 Oi

275 939 382 992 ὑπὸ
416 937 683 1008 Ἑλλήνων
718 937 998 990 ἐκαλέοντο
1043 938 1244 1008 Σύριοι,
1277 939 1380 991 ὑπὸ
1414 939 1522 992 τῶν
1560 937 1847 1010 βαρϐάρων

289 1029 562 1102 ’Δσσύριοι
595 1028 922 1099 ἐκλήθησαν,
977 1044 1137 1098 quem
1199 1029 1377 1082 locum
1429 1029 1610 1083 laudat
1659 1028 1849 1083 Eusta-

273 1121 422 1177 thius
443 1122 498 1174 in
519 1120 826 1192 Dionysium
849 1136 868 1173 :
895 1122 1014 1173 Ὅτι
1043 1119 1099 1174 δὲ
1130 1119 1278 1174 ἄλλοι
1300 1120 1448 1191 παρὰ
1472 1121 1598 1183 τοὺς
1624 1120 1848 1191 Συρίους

269 1215 323 1267 οἱ
365 1213 658 1284 Ἀσσύριοι,
702 1213 853 1284 δηλοῖ
895 1215 986 1266 καὶ
1030 1212 1277 1281 Ξενοφῶν
1320 1215 1376 1265 ὲν
1421 1215 1532 1277 τοῖς
1573 1213 1844 1278 Ἐλληνι-

273 1305 423 1372 κοῖς.
467 1305 749 1378 Ἡρόδοτος
772 1305 827 1359 δὲ
852 1305 997 1358 δοκεῖ
1027 1304 1180 1373 ἄγειν
1208 1305 1404 1369 αὐτοὺς
1445 1307 1525 1369 εἰς
1561 1304 1756 1359 ταύτὸν
1788 1303 1848 1356 ὲν

271 1392 355 1464 οἷς
387 1417 572 1471 φησιν,
598 1401 680 1454 ὅτι
725 1397 1014 1470 ’Λσσύριοι,
1039 1409 1169 1462 etc.,
1193 1407 1247 1454 et
1273 1397 1522 1454 Justinus
1559 1397 1654 1451 lib.
1690 1412 1728 1460 I,
1753 1396 1845 1466 qui

271 1508 306 1547 a
352 1494 600 1548 barbaris
632 1491 861 1564 Assyrii,
891 1507 920 1545 a
965 1491 1176 1546 Graecis
1209 1491 1353 1562 Syri,
1397 1499 1452 1546 et
1492 1499 1551 1544 ut
1599 1491 1848 1545 scribunt

272 1584 478 1648 Acron,
525 1591 580 1638 et
621 1583 956 1654 Porphyrius
1009 1598 1173 1653 super
1229 1583 1334 1637 0.1.
1390 1582 1458 1636 l2
1509 1580 1747 1648 Horatii,
1791 1591 1846 1637 et

271 1676 592 1732 Ammianus
625 1674 971 1732 Marcellinus
1001 1675 1093 1728 lib.
1137 1689 1293 1738 nm,
1338 1673 1470 1739 Qua:
1497 1690 1633 1726 nunc
1665 1673 1843 1743 Syria,

271 1771 404 1826 olim
429 1770 648 1840 Assyria
681 1767 986 1824 uocabatur.
1016 1766 1260 1838 Hyginus
1291 1766 1468 1820 fabula
1500 1765 1629 1832 9.75,
1672 1763 1842 1820 Semi-

1946 571 2257 636 tlitiicultas,
2287 588 2410 643 quae
2453 573 2596 629 inter
2621 583 2874 632 auctores
2902 576 3125 630 maximi
3169 577 3408 633 nominis
3435 587 3526 636 est

1945 665 2190 718 tollatur.
2215 662 2274 718 In
2299 663 2634 720 Bibliotheca
2660 665 2877 721 Patrum
2901 666 3031 722 editi
3056 669 3361 724 suntlibelli
3387 669 3518 736 duo,

1946 773 2090 812 unus
2122 756 2502 822 inscriptione,
2531 756 2846 812 Sanctorum
2863 768 3093 828 quatuor
3111 756 3518 828 Evangeliorum

1945 852 2223 906 harmonia
2249 851 2476 906 Tatiano
2498 852 2860 907 Alexandrino
2896 861 3131 917 auctore;
3155 852 3313 917 alter,
3345 850 3521 905 Euan-

1943 940 2199 1012 geliorum
2253 949 2481 1010 quatuor
2523 941 2761 994 narratio
2809 941 3086 995 Ammonio
3132 935 3518 1005 Alexandrino,

1945 1039 2053 1086 etc.
2091 1030 2441 1085 Harmoniam
2478 1029 2667 1086 Victor
2702 1033 2996 1102 Capuanus
3038 1033 3370 1100 coniecturis
3395 1032 3520 1103 qui-

1945 1123 2175 1179 busdam
2222 1123 2411 1178 tribuit
2472 1122 2720 1188 Tatiano,
2769 1133 2823 1180 et
2867 1140 2976 1178 non
3020 1125 3328 1191 Ammonio,
3356 1140 3519 1196 quem

1946 1215 2180 1269 maxime
2204 1215 2333 1280 labi,
2357 1223 2410 1270 et
2433 1215 2485 1268 in
2519 1231 2576 1270 re
2605 1224 2789 1286 aperta
2817 1216 3069 1270 caecutire
3094 1217 3248 1287 plura
3274 1225 3403 1272 sunt
3429 1231 3524 1270 ar-

1945 1315 2224 1378 gumento,
2264 1314 2316 1362 et
2360 1307 2413 1360 in
2461 1307 2564 1363 hoc
2612 1323 2828 1363 errasse
2852 1306 3125 1362 Victorem
3169 1308 3517 1364 manili-stum

1944 1405 2049 1464 est,
2075 1415 2182 1452 non
2215 1402 2342 1468 quia
2369 1415 2508 1470 opus
2563 1399 2640 1453 De
2663 1401 2951 1454 canonibus
3021 1401 3329 1469 euangelicis
3355 1401 3521 1456 ascri-

1945 1490 2116 1560 pserit
2149 1489 2398 1556 Tatiano,
2433 1491 2576 1561 quod
2612 1492 2746 1546 falso
2775 1492 2850 1545 illi
2887 1491 3118 1562 imputat
3161 1491 3518 1558 Possevinus,

1945 1598 2215 1651 nusquam
2247 1583 2378 1636 illud
2404 1582 2707 1638 allirmante
2735 1582 2974 1648 Victore,
3019 1585 3129 1638 imo
3157 1586 3516 1648 contrarium,

1945 1672 1992 1728 si
2021 1681 2168 1728 recte
2197 1678 2360 1728 verba
2390 1675 2535 1729 illius
2557 1675 2973 1730 considerentur
2992 1691 3006 1738 ;
3026 1673 3108 1728 ait
3133 1674 3280 1728 enim
3315 1675 3370 1728 in
3388 1673 3522 1729 Prte-

1948 1762 2182 1816 latione:
2209 1763 2343 1816 Dum
2375 1764 2596 1832 fortuito
2615 1765 2668 1816 in
2694 1780 2883 1817 manus
2921 1779 3062 1816 meas
3096 1760 3522 1816 incideretunum

274 1867 440 1918 rantis
490 1832 722 1916 Dercetis
760 1861 876 1931 ﬁlia
921 1862 975 1914 in
1023 1832 1186 1930 Sijria
1218 1859 1539 1929 Babylonem
1584 1858 1840 1912 condidit.
1875 1832 1919 1889 Β
1948 1870 2012 1907 ea:
2032 1865 2261 1925 quatuor
2289 1854 2627 1926 Evangelium
2659 1856 3090 1923 compositum,et
3121 1852 3332 1907 absente
3365 1852 3522 1906 titulo

273 1955 634 2026 Hieronymus
653 1952 805 2010 Isaia:
832 1969 921 2018 xx,
939 1953 1081 2018 Quos
1099 1963 1289 2007 veteres
1305 1953 1574 2024 Assyrios,
1593 1967 1733 2004 nunc
1751 1968 1844 2006 nos

271 2065 512 2105 uocamus
536 2048 719 2120 Syros.
746 2045 1074 2103 Transmisit
1098 2047 1187 2101 hic
1212 2046 1377 2100 multa
1397 2046 1702 2116 posteritati
1737 2061 1831 2099 vo-

271 2143 580 2205 lumina,ex
603 2141 801 2214 quibus
835 2139 1064 2210 insignis
1097 2139 1186 2194 ille
1201 2138 1282 2192 Ad
1311 2147 1482 2208 gentes
1516 2137 1653 2191 liber
1685 2152 1844 2207 quem

269 2231 412 2302 apud
459 2233 658 2287 multos
721 2231 956 2284 maximo
994 2229 1172 2284 fuisse
1219 2231 1274 2282 in
1322 2228 1496 2298 pretio
1539 2237 1594 2281 et
1641 2227 1848 2281 honore

269 2324 642 2378 monumentis
685 2322 940 2377 traditum
975 2328 1080 2382 est,
1132 2319 1187 2373 in
1219 2335 1328 2390 quo
1359 2320 1426 2375 de
1470 2318 1670 2390 Moysis
1711 2319 1848 2373 anti-

269 2415 480 2482 quitate
519 2415 687 2467 multa
721 2413 964 2468 disserit.
998 2410 1297 2466 Chronicon
1325 2409 1743 2464 Alexandrinum
1777 2423 1844 2463 ex

270 2502 491 2558 Eusebii
528 2504 603 2558 De
636 2503 758 2558 hist.
784 2503 1076 2558 ecclesiasl.
1108 2504 1183 2558 lib
1213 2517 1289 2569 tv,
1319 2517 1439 2572 cap.
1472 2502 1542 2556 27
1571 2501 1849 2555 εΚαταλέ-

271 2594 424 2646 λοιπε
462 2595 519 2648 δὲ
557 2587 710 2657 οὗτος
756 2593 888 2647 πολύ
929 2612 980 2648 τι
1022 2593 1222 2666 πλῆθος
1267 2593 1732 2665 συγγραμμάτων,
1771 2587 1846 2648 ὧν

273 2684 507 2755 μάλιστα
538 2685 690 2756 παρὰ
723 2685 932 2746 πολλοῖς
960 2685 1354 2757 μνημονεύεται
1373 2685 1652 2757 διαϐόητος
1682 2685 1843 2740 αὐτοῦ

271 2778 424 2847 λόγος
450 2779 480 2832 ὁ
518 2779 998 2849 πρὸςἜλληνας,
1035 2781 1092 2832 ὲν
1115 2773 1159 2846 ᾧ
1179 2781 1272 2833 καὶ
1301 2779 1410 2832 τῶν
1431 2779 1690 2833 ἀνέκαθεν
1721 2779 1846 2851 χρό-

271 2886 377 2921 νων
431 2870 841 2942 μνημονεύσας,
886 2870 993 2924 τῶν
1050 2873 1180 2941 παρ’
1233 2871 1490 2941 Ἕλλησιν
1539 2871 1842 2941 εὐδοκίμων

271 2960 524 3014 ἁπάντων
574 2961 776 3015 Μωσέα
824 2977 885 3014 τε
927 2961 1020 3014 καὶ
1065 2961 1192 3024 τοὺς
1251 2960 1516 3032 Ἐϐραίων
1557 2962 1843 3032 προφήτας

269 3054 514 3124 ἀπέφηνε
560 3052 1043 3125 προγενεστέρους’
1073 3053 1132 3116 ὃς
1159 3051 1222 3122 δὴ
1259 3053 1352 3106 καὶ
1387 3053 1535 3106 δοκεῖ
1569 3053 1676 3106 τῶν
1708 3069 1840 3121 συγ-

266 3147 607 3217 γραμμάτων
637 3145 801 3218 αύτοῑι
833 3147 1047 3200 πάντων
1080 3145 1310 3200 καλλίων
1337 3163 1397 3199 τε
1426 3147 1517 3200 καὶ
1549 3145 1838 3218 ὠφελιμώ-

262 3252 424 3299 τατος
453 3215 823 3307 ὑπάρχεινειῖι
850 3251 916 3291 eo
939 3251 1062 3290 cum
1095 3244 1240 3290 retro
1269 3246 1388 3290 acta
1416 3245 1659 3307 tempora
1691 3253 1840 3291 com-

265 3335 643 3392 memorasset,
694 3329 949 3382 omnibus
987 3328 1130 3397 apud
1173 3327 1392 3384 Graecos
1431 3330 1686 3392 laudatis,
1721 3346 1844 3400 pro-

271 3418 521 3488 batisque
543 3419 639 3490 (ita
664 3421 808 3474 enim
831 3429 1006 3485 verto,
1036 3435 1144 3474 non
1176 3429 1234 3474 ut
1275 3420 1568 3492 interpres)
1599 3420 1839 3493 Moysem

261 3516 320 3563 et
362 3509 712 3565 Hebraeorum
739 3523 893 3566 vates
932 3511 1265 3568 vetustiores
1311 3515 1570 3568 ostendit.
1608 3514 1841 3585 Scripsit

265 3599 575 3655 Orationem
607 3603 676 3655 ad
715 3601 923 3668 Gentes,
973 3605 1063 3674 qui
1097 3605 1235 3661 liber
1280 3607 1454 3676 ipsius
1483 3623 1549 3662 ex
1586 3609 1839 3664 omnibus

262 3707 404 3762 quos
448 3695 670 3764 scripsit
715 3696 870 3766 longe
923 3698 1322 3766 pulcherrimus
1369 3706 1472 3764 est,
1521 3708 1575 3753 et
1621 3700 1843 3753 utilissi-

262 3800 412 3851 mus,
447 3797 500 3840 et
532 3787 621 3839 hic
649 3786 783 3841 liber
809 3787 946 3841 idem
973 3798 1025 3844 et
1049 3807 1191 3846 unus
1221 3799 1325 3853 est,
1358 3807 1467 3844 non
1499 3792 1748 3845 diversus
1781 3799 1840 3844 ut

261 3877 594 3946 opinabatur
630 3877 985 3943 Possevinus,
1019 3896 1142 3935 cum
1191 3881 1283 3934 illo
1306 3889 1540 3936 tractatu
1576 3883 1840 3938 adversus

263 3974 510 4036 eosdem,
529 3972 623 4041 qui
650 3971 796 4026 linit:
829 3971 1012 4024 Ταῦτα
1033 3973 1151 4042 μὲν,
1187 3965 1232 4025 ὦ
1260 3972 1452 4043 ἄνδρες
1483 3973 1762 4045 Ἕλληνες,
1811 3975 1840 4028 6

265 4061 406 4115 κατὰ
435 4062 742 4135 βαρϐάρους
770 4063 1072 4134 φιλοσοφῶν
1097 4065 1355 4129 Τατιανὸς
1388 4065 1670 4132 συνέταξα,
1712 4083 1837 4134 γεν-

266 4154 447 4223 νηθεὶς
483 4155 580 4226 μὲν
607 4157 663 4209 ὲν
683 4157 749 4228 τῇ
769 4157 878 4210 τῶν
915 4157 1212 4229 Ἀσσυρίων
1238 4159 1330 4228 γῇ,
1360 4156 1668 4221 παιδευθεὶς
1690 4157 1841 4230 πρῶ-

263 4263 354 4299 τον
387 4246 484 4318 μὲν
509 4247 580 4300 τὰ
609 4247 872 4320 ὑμέτερα,
903 4248 1129 4319 δεύτερα
1165 4249 1222 4302 δὲ
1255 4250 1411 4303 ἆτινα
1439 4248 1535 4303 νῦν
1574 4249 1838 4320 κρύπτειν

266 4339 416 4410 (fort.
454 4340 763 4414 κηρύττειν)
795 4341 1217 4412 ἐπαγγέλλομαι.
1254 4342 1541 4397 Γινώσκων
1576 4344 1633 4397 δὲ
1655 4343 1839 4398 λοιπὸν

262 4433 347 4497 τίς
370 4434 397 4485 ὁ
416 4433 567 4498 Θεὸς,
592 4435 685 4488 καὶ
712 4435 796 4498 τίς
819 4435 959 4489 κατὰ
984 4437 1145 4490 αὐτὸν
1178 4438 1412 4508 ποίησις,
1441 4436 1656 4507 ἕτοιμον
1678 4439 1842 4509 ἐμαυ-

1951 1963 2053 1999 non
2090 1947 2374 2001 invenirem
2408 1964 2593 2001 nomen
2632 1947 2892 2006 auctoris,
2934 1944 3212 2015 diligenter
3250 1944 3520 2014 inquirens

1947 2040 2037 2109 qui
2064 2049 2209 2109 gesta
2231 2039 2308 2093 vel
2329 2041 2472 2093 dicta
2502 2039 2718 2093 Domini
2755 2049 2802 2092 et
2827 2037 3125 2093 Saluatoris
3149 2038 3316 2091 nostri
3365 2053 3522 2090 evan-

1945 2130 2114 2201 gelica
2151 2131 2366 2185 lectione
2396 2131 2644 2191 discreta.
2695 2132 2749 2185 in
2783 2130 3020 2184 ordinem
3051 2146 3151 2201 quo
3192 2147 3246 2184 se
3277 2129 3521 2199 consequi

1947 2222 2276 2282 uidebantur,
2311 2239 2414 2276 non
2454 2223 2671 2277 minimo
2716 2221 2880 2276 studii
2914 2222 3093 2276 labore
3123 2220 3397 2291 redegerit,
3437 2238 3519 2275 re-

1944 2314 2056 2382 peri
2093 2315 2429 2368 Ammonium
2458 2315 2736 2385 quemdam
2776 2313 3218 2378 Alexandrinum,
3240 2313 3329 2385 qui
3354 2328 3522 2368 cuto-

1945 2420 2053 2459 ιιιιιι
2081 2421 2287 2468 quoque
2343 2421 2630 2460 erucem
2687 2421 2897 2460 rea-run
2933 2421 3230 2468 mvesrou,
3273 2403 3521 2458 Hatthavi

1947 2495 2234 2565 Evangelia
2273 2498 2597 2567 reliquorum
2626 2499 2786 2550 trium
2815 2508 3056 2566 excerpta
3073 2497 3339 2566 junxisse,
3371 2513 3434 2551 ac
3462 2497 3518 2550 in

1945 2605 2107 2642 unam
2153 2591 2342 2643 seriem
2383 2588 2729 2660 Euangelium
2773 2591 3037 2652 nexuisse,
3082 2599 3218 2644 sicut
3261 2588 3520 2644 Eusebius

1943 2682 2219 2749 episcopus
2269 2679 2540 2748 Carpiano
2585 2679 2799 2732 cuidam
2845 2679 3076 2733 scribens
3115 2682 3170 2732 in
3207 2679 3520 2748 prtefatione

1944 2772 2192 2826 editionis
2213 2789 2345 2838 sure,
2377 2789 2480 2844 qua
2523 2789 2747 2826 canones
2786 2773 3063 2825 memorati
3105 2771 3378 2843 Evangelii
3405 2771 3520 2825 edi-

1944 2865 2044 2924 dit,
2083 2865 2373 2935 supradicti
2405 2867 2501 2921 uiri
2533 2867 2774 2920 imitatus
2803 2863 3068 2929 studium,
3102 2864 3260 2934 refert
3289 2865 3342 2918 in
3379 2863 3519 2918 hunc

1945 2958 2191 3011 modum:
2208 2959 2516 3014 Ammonius
2539 2959 2756 3030 quidam
2782 2958 3432 3023 Alexandrinus,multum
3459 2966 3536 3019 ut.

1944 3045 2177 3100 arbitror
2209 3045 2406 3102 laboris
2439 3057 2489 3102 et
2525 3050 2692 3104 studii
2727 3051 3054 3118 impendens,
3095 3063 3256 3102 unum
3298 3063 3364 3101 ea:
3393 3063 3521 3117 qua-

1947 3151 2066 3192 tuor
2109 3138 2258 3194 nobis
2297 3140 2508 3211 reliquit
2536 3139 2882 3210 Evangelium
2912 3157 3017 3205 ;ea:
3057 3139 3283 3195 historia
3319 3153 3522 3210 quoque

1941 3232 2056 3300 ejus
2089 3235 2340 3302 comperi,
2369 3245 2473 3288 etc.
2503 3232 2691 3287 Graeca
2734 3233 2952 3290 Eusebii
2996 3235 3162 3288 verba
3206 3231 3297 3286 illa
3343 3239 3516 3287 sunt:

1954 3321 2260 3394 Ἀμμώνιος
2304 3324 2402 3395 μὲν
2455 3326 2484 3378 6
2519 3323 2921 3396 Ἀλεξανδρεὺς,
2960 3323 3180 3394 πολλὴν,
3227 3323 3303 3386 ὡς
3349 3321 3516 3384 εἰκὸς.

1942 3412 2255 3482 φιλοπονίαν
2279 3414 2372 3466 καὶ
2397 3413 2633 3484 σπουδὴν
2663 3413 3022 3484 εἰσαγηοχὼς,
3044 3413 3102 3466 τὸ
3126 3413 3212 3466 διὰ
3238 3411 3520 3482 τεσσάρων

1942 3508 2073 3578 ἡμῖν
2102 3507 2487 3562 καταλέλοιπεν
2535 3509 2888 3578 Εὑαγγὲλιον,
2926 3506 3004 3578 τῷ
3053 3506 3192 3559 κατὰ
3242 3504 3519 3558 Ματϐαῶν

1939 3600 2039 3664 τὰς
2064 3599 2379 3672 ὁμοφώνους
2408 3601 2516 3654 τῶν
2545 3601 2746 3654 λοιπῶν
2787 3598 3187 3668 εὐαγγελιστῶν
3217 3595 3520 3668 περικοπὰς

1941 3691 2231 3764 παραθεὶς.
2260 3693 2336 3758 ὡς
2367 3693 2426 3759 ἐξ
2457 3693 2703 3764 ἀνάγκης
2744 3692 3016 3764 συμϐῆναι
3058 3691 3148 3746 τὸν
3173 3691 3274 3760 τῆς
3297 3689 3522 3743 ἀκολου-

1941 3785 2062 3849 Θίας
2098 3786 2285 3858 εἱρμὸν
2317 3786 2425 3838 τῶν
2449 3785 2615 3858 τριῶν
2637 3785 3000 3856 διαφθαρῆναι
3025 3785 3146 3838 ὅσον
3169 3783 3263 3835 ἐπὶ
3287 3781 3365 3851 τῷ
3393 3779 3518 3848 ὕφει

1939 3878 2038 3948 τῆς
2068 3876 2447 3947 ἀναγνώσεως,
2484 3877 2803 3934 οιοὶηΐειίιιε
2841 3877 2982 3932 idem
3029 3874 3234 3938 Victor,
3263 3873 3515 3927 Arbitror

1938 3972 2077 4025 enim
2105 3981 2377 4040 propterea
2402 3989 2504 4026 non
2533 3972 2822 4038 Ammonii,
2865 3969 2955 4024 sed
2996 3969 3152 4037 hujus
3182 3983 3294 4022 esse
3335 3965 3521 4020 editio-

1942 4081 2060 4117 nem
2090 4065 2368 4118 memorati
2414 4066 2716 4129 uoluminis,
2755 4063 2896 4134 quod
2931 4063 3240 4117 Ammonius
3275 4058 3518 4112 Matt/uri

1939 4153 2111 4223 fertur
2143 4156 2420 4219 relationi,
2457 4155 2894 4226 evangelistarum
2951 4155 3270 4223 reliquorum
3301 4151 3518 4206 relatio-

1939 4262 2064 4299 num
2099 4247 2354 4301 discretos
2386 4249 2700 4301 annexuisse
2725 4263 3008 4301 sermones.
3049 4246 3152 4299 Hic
3192 4262 3311 4308 uero
3348 4243 3520 4300 sancti

1941 4338 2098 4393 Luca'
2135 4341 2398 4409 principia
2445 4352 2744 4409 assumpta,
2789 4343 3115 4412 reliquorum
3165 4340 3324 4393 trium
3373 4338 3518 4392 dicta

1940 4433 2270 4501 conjunxcrit
2298 4443 2354 4485 ut
2367 4433 2490 4502 jure
2519 4433 2716 4503 ambigi
2739 4434 2903 4503 possit
2935 4442 3112 4486 utrum
3137 4431 3422 4491 Ammonii,
3447 4446 3519 4483 an

262 4525 356 4577 τὸν
402 4526 532 4596 ἡμῖν
578 4526 711 4595 πρὸς
745 4526 844 4597 τὴν
897 4525 1180 4598 ἀνάκρισιν
1234 4527 1342 4580 τῶν
1392 4527 1675 4598 δογμάτων
1705 4544 1843 4600 παρ-

1948 4523 2160 4577 Tatiani
2204 4525 2430 4578 inventio
2489 4525 2724 4595 ejusdem
2765 4527 2935 4595 operis
2993 4524 3176 4578 debeat
3238 4523 3514 4578 testimari.

267 4617 477 4687 ίστημι,
545 4617 810 4688 μενούσης
856 4634 946 4688 μοι
984 4617 1124 4672 κατὰ
1153 4617 1286 4671 Θεὸν
1313 4617 1588 4683 πολιτείας
1625 4618 1846 4691 ἀνεξαρ-

265 4707 446 4777 νήτου.
486 4704 720 4778 Scripsit
747 4717 800 4762 et
829 4707 976 4760 aliud
1016 4723 1156 4777 opus
1177 4709 1319 4778 quod
1375 4707 1711 4765 Dmtessaron
1750 4724 1845 4779 ap-

267 4798 509 4868 pellavit,
539 4813 604 4855 ex
637 4807 874 4868 quatuor
915 4799 1274 4870 Evangelistis
1303 4800 1590 4855 collectum
1620 4815 1634 4864 ;
1667 4800 1734 4856 de
1778 4815 1844 4855 eo

267 4890 381 4944 haec
421 4891 582 4946 habet
605 4892 899 4946 Chronicon
935 4891 1348 4946 Alexandrinum
1379 4908 1443 4946 ex
1474 4891 1707 4946 Eusebio
1741 4910 1754 4945 :
1783 4892 1840 4946 Ὀ

268 4981 519 5053 μέντοιγε
570 4984 833 5055 πρότερος
872 4983 1050 5036 αὐτῶν
1097 4984 1358 5047 Τατιανὸς
1405 4984 1696 5052 συνάφειάν
1723 5001 1844 5038 τινα

265 5074 364 5130 καὶ
397 5075 737 5147 συναγωγὴν,
764 5078 862 5130 οὑκ
887 5075 983 5129 οἶδ’
1001 5078 1167 5142 ὅπως,
1191 5076 1298 5129 τῶν
1323 5076 1666 5145 Εὑαγγελίων
1689 5094 1845 5147 ποιη-

267 5167 523 5238 σάμενος,
561 5167 622 5220 τὸ
660 5168 762 5222 Διὰ
798 5167 1110 5235 τεσσάρων
1153 5168 1311 5221 τοῦτο
1338 5170 1785 5240 προσωνόμασεν,
1815 5172 1844 5223 6

264 5259 419 5331 παρά
445 5276 587 5313 τισιν
623 5261 790 5314 είσέτι
832 5263 925 5316 καὶ
964 5261 1059 5316 νῦν
1112 5262 1356 5332 φέρεται.
1393 5266 1524 5328 Quae
1557 5263 1632 5316 ita
1677 5263 1840 5316 verti-

263 5368 390 5407 mus
452 5370 466 5406 :
536 5352 825 5408 Enimvero
877 5353 962 5408 his
1017 5354 1293 5423 antiquior
1341 5353 1606 5408 Tatianus
1656 5355 1842 5410 nescio

265 5459 374 5515 qua
418 5444 837 5516 Evangeliorum
867 5447 1214 5510 cohaerentia,
1265 5455 1320 5502 et
1370 5447 1689 5502 collectione
1719 5464 1842 5518 per-

266 5539 429 5597 fecta,
456 5543 907 5600 quam,etc.,non
927 5537 1282 5606 confusionem
1313 5549 1361 5594 et
1392 5538 1744 5610 Synaqogam,
1781 5549 1841 5594 ut

265 5638 386 5699 ejus
415 5630 812 5702 interpres,sed
845 5647 968 5684 cum
1008 5636 1212 5687 mentio
1242 5633 1314 5688 sit
1341 5633 1408 5687 de
1436 5633 1574 5687 libro
1605 5635 1704 5688 hoc
1735 5632 1842 5686 Ta-

268 5723 400 5776 tiaui
437 5739 594 5793 quem
628 5724 1027 5796 Διατεσσάρων,
1071 5739 1179 5778 non
1212 5733 1270 5778 ut
1314 5725 1480 5780 rel'ert
1517 5723 1702 5780 Victor
1734 5724 1839 5780 Ca-

275 5830 506 5886 puanus,
549 5816 822 5888 Diapente,
873 5817 1170 5888 inscripsit,
1204 5833 1310 5873 non
1346 5819 1444 5875 abs
1472 5834 1532 5875 re
1577 5809 1713 5874 mihi
1744 5820 1839 5874 vi-

1944 4615 2138 4671 Nullus
2168 4632 2232 4671 ex
2278 4618 2366 4672 his
2411 4615 2654 4673 Victoris
2705 4634 2861 4673 error
2913 4617 3360 4688 deprehenditur,
3393 4631 3518 4670 cum

1943 4723 2082 4779 opus
2108 4709 2182 4763 De
2227 4710 2521 4765 canonibus
2563 4713 2894 4780 apostolicis,
2927 4710 3071 4782 quod
3115 4710 3286 4766 fuisse
3339 4709 3518 4764 diver-

1943 4817 2064 4856 sum
2095 4802 2163 4856 ab
2193 4818 2357 4872 opere
2392 4813 2446 4858 et
2477 4802 2774 4858 Harmonia
2821 4805 3067 4872 ejusdem
3112 4803 3520 4874 Euangeliorum

1945 4909 2171 4949 necesse
2201 4894 2322 4957 iuit,
2353 4911 2461 4950 non
2493 4903 2646 4966 putat
2672 4912 2794 4952 esse
2821 4895 3041 4950 Tatiani
3081 4895 3175 4951 sed
3221 4894 3518 4950 Ammonii.

1945 4984 2050 5040 Sed
2080 5002 2236 5041 error
2266 4989 2414 5043 illius
2454 4997 2539 5043 est
2567 5005 2730 5059 quem
2767 5004 2876 5042 non
2908 4997 2993 5042 est
3025 4989 3287 5044 odoratus
3325 4987 3519 5044 Posse-

1941 5076 2124 5140 vinus,
2156 5077 2409 5146 quamvis
2459 5078 2596 5132 alios
2645 5078 2896 5133 habuerit
2948 5085 3074 5134 ante
3119 5087 3394 5142 auctores,
3424 5077 3518 5147 qui

1943 5164 2094 5220 illum
2119 5166 2457 5228 adnotarint,
2492 5167 2639 5236 quod
2680 5167 3031 5222 Harmoniam
3080 5167 3511 5239 Evangeliorunt,

1942 5275 2065 5328 quae
2087 5270 2205 5314 erat
2247 5259 2548 5328 legitimum
2593 5276 2733 5331 opus
2768 5262 3066 5324 Ammonii,
3099 5261 3332 5316 Tut-iano
3380 5261 3518 5315 falso

1940 5351 2284 5421 ascripserit.
2338 5351 2624 5405 Consimili
2675 5351 2915 5409 Victoris
2965 5369 3153 5408 errore
3202 5352 3336 5422 lapsi
3389 5359 3516 5407 sunt

1941 5442 2240 5512 Gregorius
2272 5442 2481 5498 Ederus
2517 5444 2610 5499 lib.
2645 5459 2706 5498 ιιι
2763 5443 3099 5501 (Economite
3116 5445 3432 5511 Bibliorum,
3464 5453 3515 5501 et

1942 5544 2130 5598 Sixtus
2156 5542 2416 5599 Senensis
2441 5544 2535 5599 lib.
2568 5560 2621 5598 ιν
2668 5544 3008 5600 Bibliotheete
3037 5547 3089 5600 in
3120 5544 3411 5599 Ammonio
3458 5553 3514 5601 et

1942 5633 2191 5690 Tatiauo.
2245 5635 2546 5692 Reddimus
2590 5638 2775 5707 itaque
2818 5638 3055 5707 genuino
3088 5637 3298 5706 parenti
3354 5651 3516 5692 suum

1940 5727 2132 5790 fetum,
2163 5735 2218 5782 et
2241 5728 2467 5784 mutatis
2501 5729 2555 5782 in
2581 5729 2937 5797 inscriptione
2983 5726 3320 5792 nominibus,
3360 5727 3515 5784 libelc

1941 5821 2051 5876 lum
2083 5821 2197 5877 sive
2224 5819 2640 5892 Evangeliorum
2681 5818 3158 5886 concordantiam,
3195 5828 3251 5876 et
3289 5821 3496 5877 Hormo
