4064 6290
657 349 765 408 803

1992 321 2242 400 LEONIS
2276 340 2552 396 ALLATll

3798 341 3886 396 8οι

654 471 821 532 niam,
846 482 967 538 qua:
992 467 1095 522 sub
1121 467 1334 522 Tatiani
1363 468 1584 522 nomine
1615 465 2021 529 circumfertur,
2048 475 2102 519 et
2133 466 2217 518 in-
2246 470 2290 524 Α
2322 463 2530 526 sebius,
2554 461 2757 516 Eccles.
2789 463 2914 518 hist.
2944 463 3040 519 lib.
3061 479 3142 526 ιιι,
3173 477 3294 533 cap.
3322 463 3389 531 9;
3423 462 3824 533 Hieronymus,
3843 466 3884 521 in

655 564 806 633 cipit,
837 562 1098 628 Quoniam
1119 559 1327 630 quidem
1350 561 1504 613 multi
1543 560 1720 613 conati
1758 568 1900 620 sunt,
1934 573 2096 628 quam
2133 557 2217 611 Vi-

657 661 778 706 ctor
805 651 1051 714 Tatiano,
1095 657 1150 704 et
1191 666 1316 704 eum
1346 666 1412 705 eo
1439 652 1623 720 plures
1659 651 1750 704 alii
1799 648 2062 712 referunt,
2087 649 2218 702 Am-

658 743 841 796 monio
889 743 1258 796 Alexandrino
1288 744 1365 796 uti
1410 744 1707 813 genuinum
1755 743 1923 798 fetum
1967 742 2216 798 restitui-

657 834 1038 896 mus,alteram
1084 849 1234 900 vero,
1275 850 1393 903 quae
1435 835 1650 905 praefert
1681 851 1879 890 nomen
1919 835 2215 898 Ammonii,

656 923 886 977 Tatiano
918 925 984 978 de
1003 941 1111 994 quo
1137 926 1294 980 nobis
1325 934 1408 981 est
1437 943 1636 991 sermo,
1670 934 1722 981 et
1743 927 1952 997 incipit,
1991 926 2050 980 In
2071 928 2220 996 prin-

656 1014 789 1081 cipio
823 1023 940 1067 erat
963 1013 1204 1070 Verbum.
1240 1015 1449 1069 Etenim
1506 1031 1625 1086 quae
1659 1015 1950 1082 Eusebius,
1995 1018 2217 1073 Chroni-

653 1123 771 1160 cum
817 1107 1257 1176 Alexandrinum,
1303 1108 1709 1176 Theodoretus,
1757 1112 1824 1166 de
1873 1112 2218 1168 Diatessaron

657 1200 869 1254 Tatiani
897 1200 1182 1270 prodidere
1199 1202 1324 1257 huic
1343 1205 1694 1259 conveniunt.
1724 1205 2012 1273 Eusebius,
2039 1206 2136 1262 lib.
2170 1219 2225 1258 Iv

659 1291 800 1346 Hist.
837 1293 1044 1358 eccles.,
1077 1309 1199 1363 cap.
1231 1293 1320 1358 27,
1354 1296 1429 1348 ita
1464 1298 1694 1352 scribit:
1730 1299 1988 1354 Tatianus
2015 1299 2105 1354 ille
2129 1300 2219 1371 qui

655 1392 770 1437 erat
793 1385 994 1452 primus
1027 1401 1206 1438 eorum
1224 1396 1428 1451 auctor,
1458 1396 1509 1441 et
1541 1391 1777 1460 princeps
1806 1392 2218 1460 conjunctionem

657 1476 962 1546 quamdam,
991 1478 1151 1530 etiam
1201 1479 1560 1533 collectionem
1605 1480 2009 1552 Evangeliorum
2049 1485 2221 1538 nescio

657 1563 918 1632 quomodo
963 1568 1273 1633 composuit,
1309 1568 1542 1639 illudque
1567 1586 1693 1639 opus
1734 1555 1837 1626 Διὰ
1868 1571 2180 1643 τεσσάρων
2204 1615 2219 1641 ,

659 1652 715 1705 id
743 1663 843 1717 est,
886 1652 1057 1708 Unum
1081 1655 1420 1727 Evangelium
1446 1676 1509 1713 ea:
1535 1671 1762 1730 quatuor
1790 1662 2065 1718 collectum
2090 1682 2225 1718 nun-

657 1747 887 1815 cupavit,
921 1747 1058 1816 quod
1098 1750 1257 1803 etiam
1309 1751 1482 1806 adhuc
1513 1755 1863 1823 quorumdam
1910 1757 2132 1812 habetur
2167 1761 2222 1813 in

2327 553 2420 607 lib.
2445 553 2525 607 De
2551 555 2897 623 scriptoribus
2941 555 3145 617 eccles.,
3177 565 3231 611 et
3257 554 3497 624 Epistola
3531 553 3606 607 ad
3623 553 3882 628 Magnum,

2323 653 2593 700 oratorem
2613 645 2940 709 Romanum;
2965 645 3319 710 Sozomenus,
3343 647 3436 700 lib.
3463 663 3502 709 ι,
3529 660 3660 715 cap.
3685 647 3735 712 ις
3763 646 3882 701 Era-

2326 738 2498 807 grius,
2535 739 2628 794 lib.
2657 757 2708 802 ν,
2741 755 2860 810 cap.
2891 739 2990 806 24;
3017 739 3259 804 Photius,
3294 741 3346 793 in
3369 738 3752 798 Bibliotheca;
3778 738 3880 794 Sui»

2326 829 2447 892 das,
2479 830 2595 899 ipse
2623 830 2690 884 de
2721 846 2779 885 se
2795 832 3041 900 pluribus
3060 832 3111 885 in
3142 832 3312 897 locis;
3341 827 3628 901 Iosephus
3661 828 3881 902 Scaliger

2325 918 2378 972 in
2403 918 2705 990 Prolegom.
2734 924 2786 975 in
2822 924 2913 976 lib.
2948 921 3025 976 De
3040 923 3400 976 emendatione
3435 933 3762 987 temporum,
3808 927 3874 978 vi-

2324 1027 2446 1065 rum
2473 1012 2619 1065 hunc
2651 1029 2994 1082 summopere
3041 1015 3244 1078 laudat,
3285 1015 3688 1083 historicisque
3723 1016 3875 1069 omni-

2325 1103 2429 1158 bus
2465 1102 2669 1157 Graacis
2736 1114 2790 1158 et
2827 1104 3034 1161 Latinis
3076 1107 3374 1177 anteponit.
3409 1106 3870 1176 Diligentissimus,

2323 1191 2519 1261 inquit,
2551 1193 2644 1246 καὶ
2683 1193 3132 1264 φιλαληθέστατος
3168 1199 3404 1251 omnium
3438 1200 3766 1268 scriptorum
3793 1199 3872 1254 Jo-

2327 1286 2534 1353 sephus,
2571 1286 2635 1340 de
2673 1304 2772 1357 quo
2803 1305 2897 1341 nos
2938 1289 3190 1344 audacter
3219 1291 3466 1356 dicimus,
3501 1308 3614 1345 non
3645 1292 3804 1346 solum
3827 1296 3867 1348 in

2327 1376 2480 1432 rebus
2502 1377 2770 1445 Iudaicis,
2795 1381 2885 1434 sed
2905 1383 3064 1435 etiam
3087 1383 3141 1436 in
3167 1385 3394 1437 externis
3419 1385 3595 1437 tutius
3627 1384 3708 1437 illi
3732 1386 3864 1450 credi,

2331 1486 2490 1539 quam
2526 1471 2768 1525 omnibus
2816 1471 3015 1527 Gra'cis
3078 1484 3127 1528 et
3166 1473 3374 1529 Latinis
3410 1493 3429 1530 :
3466 1477 3655 1546 itaque
3695 1479 3862 1532 desinat

2328 1563 2516 1616 mirari
2547 1563 2730 1616 doctus
2764 1564 2842 1618 vir
2865 1607 2879 1628 ,
2913 1581 3002 1619 cur
3035 1574 3110 1618 tot
3153 1568 3350 1621 eruditi
3373 1578 3420 1622 et
3452 1585 3553 1622 nos
3583 1586 3776 1638 quoque
3797 1573 3863 1640 qui

2331 1667 2435 1704 non
2466 1653 2520 1706 in
2565 1653 2674 1708 illis
2714 1657 2960 1720 eruditis,
2999 1658 3086 1711 sed
3129 1657 3284 1728 hujus
3338 1660 3628 1728 scriptoris
3681 1660 3860 1714 lectione

2329 1745 2586 1813 peregrini
2615 1762 2717 1799 non
2760 1764 2963 1809 sumus,
2999 1758 3204 1802 tantum
3238 1751 3320 1803 illi
3365 1751 3696 1820 deferamus,
3741 1769 3858 1821 cujus

659 1838 924 1892 manibus.
966 1841 1041 1894 Ex
1077 1840 1310 1898 Eusebio
1349 1845 1528 1900 locum
1559 1847 1703 1902 hunc
1726 1855 1896 1902 totum
1932 1850 2223 1921 descripsit
2254 1831 2294 1884 Β
2329 1832 2458 1901 ﬁdes
2485 1844 2535 1888 et
2564 1835 2793 1890 eruditio
2839 1839 2894 1890 in
2920 1839 3160 1894 omnibus
3204 1841 3392 1895 elucet.
3437 1841 3670 1896 Gaudeo
3707 1845 3853 1899 laudes

658 1928 976 1985 Chronicum
1011 1932 1419 1990 Alexandrinum
1458 1947 1511 1992 et
1547 1938 1904 2011 Nicephorius,
1929 1941 2070 1998 Hist.
2094 1945 2221 2000 eccl.

659 2020 696 2074 l.
736 2038 807 2078 Iv.
839 2037 887 2076 c.
924 2023 978 2088 4,
1011 2025 1065 2079 in
1094 2042 1203 2097 quo
1248 2043 1381 2084 sane
1419 2030 1572 2098 illud,
1606 2029 1798 2088 Nescio
1821 2035 2097 2104 quomodo,
2124 2037 2225 2090 οὐκ

655 2109 752 2166 οἶδ’
782 2115 949 2180 ὅπως,
987 2119 1442 2176 considerandum
1473 2132 1593 2191 est;
1623 2125 1772 2181 fraus
1807 2127 1974 2181 enim
1996 2129 2081 2184 vel
2126 2130 2225 2183 do-

657 2206 742 2262 lus
803 2207 1038 2264 haeretici
1101 2214 1338 2269 auctoris
1402 2215 1658 2272 indecore
1708 2225 1763 2273 et
1820 2233 1959 2283 non,
2003 2227 2063 2274 ut
2127 2235 2228 2290 par

655 2304 807 2365 erat,
860 2314 998 2369 opus
1044 2301 1177 2358 illud
1221 2306 1607 2362 concinnantis
1661 2309 1822 2364 nobis
1865 2310 2222 2379 signiﬁcatur,

655 2390 804 2459 quod
850 2389 1228 2450 Theodoretus
1281 2397 1458 2465 palam
1501 2401 1742 2468 exponit,
1787 2402 1881 2456 lib.
1934 2419 1950 2456 ι
2021 2401 2247 2457 ﬂaret.

660 2481 854 2550 fabul.,
885 2484 970 2540 his
999 2487 1177 2542 verbis
1212 2489 1501 2545 :Tatianus
1535 2496 1822 2562 composuit
1862 2497 2020 2549 etiam
2051 2495 2226 2551 Evan-

657 2576 855 2644 gelium
883 2579 1023 2647 quod
1070 2580 1265 2634 dicitur
1301 2584 1404 2636 Δνὰ
1446 2585 1776 2654 τεσσάρων,
1818 2590 2105 2657 amputatis
2146 2607 2229 2661 ge-

660 2667 916 2738 nealogiis
951 2678 999 2722 et
1043 2671 1190 2735 aliis,
1239 2689 1558 2745 quaecunque
1607 2678 1886 2732 ostendunt
1943 2680 2225 2734 Dominum

659 2770 848 2814 natum
885 2777 996 2817 esse
1032 2779 1096 2817 ea:
1145 2765 1312 2821 David
1339 2769 1628 2824 secundum
1669 2789 1898 2830 carnem.
1939 2773 2016 2830 Eo
2052 2785 2226 2830 autem

662 2854 748 2906 usi
771 2865 913 2918 sunt,
947 2871 1048 2909 non
1070 2857 1109 2909 ii
1137 2859 1238 2910 soli
1270 2861 1358 2928 qui
1386 2877 1506 2915 sunt
1533 2863 1679 2916 illius
1696 2874 1871 2928 seetse,
1893 2867 1983 2918 sed
2005 2867 2044 2918 ii
2068 2867 2227 2920 etiam

645 2948 752 3016 .qui
780 2946 1028 3018 dogmata
1048 2952 1337 3019 apostolica
1354 2968 1641 3025 sequuntur
1658 2959 2048 3027 compositionis
2073 2960 2228 3028 {rau-

664 3038 783 3092 dem
827 3057 930 3094 non
965 3055 1350 3111 cognoscentes,
1393 3047 1482 3101 sed
1527 3050 1820 3118 simplicius
1866 3067 1926 3104 eo
1976 3061 2228 3121 tanquam

667 3131 802 3187 libro
847 3137 1214 3202 compendiosa
1252 3146 1472 3196 utentes.
1505 3139 1617 3211 Ego
1644 3159 1856 3212 quoque
1883 3144 2054 3197 inveni
2083 3144 2228 3213 plus-

663 3242 819 3295 quam
844 3225 1095 3282 ducentos
1126 3228 1426 3298 hujusmodi
1449 3231 1632 3297 libros,
1659 3234 1748 3304 qui
1760 3235 1826 3303 _in
1849 3234 2044 3290 honore
2067 3237 2226 3290 habe-

665 3318 858 3372 bantur
893 3321 949 3375 in
987 3323 1182 3378 nostris
1220 3321 1492 3391 Ecclesiis,
1532 3342 1660 3397 quos
1692 3343 1810 3379 cum
1854 3342 2030 3381 omnes
2067 3327 2228 3382 simul

664 3413 962 3483 coegissem,
1012 3415 1251 3484 deposui,
1276 3426 1330 3472 et
1361 3419 1473 3472 loco
1520 3436 1700 3473 eorum
1751 3421 1956 3488 reposui
2001 3433 2231 3492 quatuor

663 3506 1103 3575 eoangelistaram
1126 3509 1563 3580 anngelia.-Sed
1593 3511 1648 3565 in
1677 3512 1779 3567 hoc
1803 3513 2042 3568 secundo
2066 3528 2230 3583 opere

665 3603 851 3665 aperte
880 3598 1085 3654 recisas
1109 3601 1454 3672 genealogias
1476 3617 1665 3657 omnes
1688 3601 1924 3668 Domini,
1952 3619 2072 3673 quae
2103 3619 2228 3660 eum

664 3701 732 3742 ex
785 3686 953 3742 David
982 3691 1281 3745 secundum
1321 3708 1540 3748 carnem
1575 3695 1816 3764 genitum
1853 3695 2230 3750 demonstrant

664 3782 1033 3850 comperimus
1081 3791 1136 3838 et
1175 3785 1281 3838 alia
1327 3787 1511 3840 omnia
1566 3786 1928 3856 detruncata,
1977 3800 2032 3845 et
2088 3805 2229 3845 nova

667 3870 841 3925 forma
871 3883 1252 3947 structuraque
1277 3878 1541 3932 orationis
1563 3893 1845 3945 conversa,
1878 3897 1986 3935 non
2015 3881 2142 3938 item
2173 3883 2229 3937 in

667 3963 865 4036 primo,
890 3969 946 4019 in
971 3982 1078 4035 quo
1105 3968 1286 4022 omnia
1317 3975 1549 4040 quatuor
1580 3973 2034 4042 evangelistarum
2061 3973 2226 4040 dicta,

666 4056 818 4109 nullo
852 4055 963 4111 fere
991 4059 1356 4126 praetermisso
1399 4061 1466 4116 ad
1505 4063 1729 4116 verbum
1773 4064 2048 4134 descripta
2077 4066 2232 4135 repe-

670 4148 902 4202 riuntur.
934 4147 1136 4205 Deinde
1175 4152 1408 4220 primum
1448 4168 1589 4218 opus
1619 4170 1742 4208 cum
1782 4157 1940 4210 titulo
1971 4172 2080 4226 quo
2125 4158 2233 4211 cir-

667 4239 989 4307 cumfertur,
1011 4241 1307 4297 Harmonia
1335 4245 1563 4309 scilicet,
1597 4262 1663 4300 ex
1696 4249 1970 4316 expressis
1998 4247 2235 4319 Evange-

671 4332 866 4385 liorum
898 4333 1080 4388 verbis
1107 4334 1494 4388 concinnatum
1530 4337 1661 4390 illud
1703 4353 1826 4393 esse
1870 4339 2235 4408 deprehendi-

668 4433 759 4477 tur
786 4423 1058 4476 Ammonii
1099 4422 1475 4489 Alexandrini,
1507 4427 1650 4495 quod
1678 4426 1970 4482 Zacharias
1995 4428 2235 4500 Chryso—

670 4515 945 4585 politanus
969 4515 1258 4586 episcopus
1288 4524 1413 4571 ante
1434 4519 1762 4588 quingentos
1795 4535 1965 4576 annos
1989 4522 2232 4577 illustra-
2262 4531 2308 4587 ι)

670 4607 748 4660 vit
787 4609 1232 4673 commentariis,
1277 4625 1417 4680 quos
1461 4627 1525 4665 ex
1570 4615 1859 4669 sententiis
1914 4623 2230 4670 sanctorum

671 4694 890 4751 Patrum
917 4699 972 4753 in
1001 4716 1163 4754 unam
1187 4708 1436 4756 catenam
1453 4703 1721 4758 contextis
1750 4702 1979 4772 pulchro
2001 4704 2234 4760 artificio

672 4789 964 4858 coaptavit.
998 4789 1266 4847 Praaterea
1313 4793 1438 4861 quis
1467 4793 1641 4848 nescit
1685 4792 1976 4848 Tatianum
2034 4795 2231 4866 Syrum

673 4881 756 4932 vel
787 4881 1091 4952 Assyrium,
1132 4899 1240 4937 non
1277 4892 1457 4938 autem
1506 4884 1954 4951 Alexandrinum,
2013 4887 2236 4943 Ammo-

675 4971 823 5024 nium
854 4987 981 5026 vero
1009 4973 1430 5028 Alemndrinum
1469 4973 1679 5030 fuisse?
1711 4974 2084 5030 Restituamus
2105 4993 2236 5047 ergo

675 5062 863 5116 titulos
913 5063 1096 5127 libris,
1140 5065 1311 5118 libros
1363 5065 1702 5135 parentibus,
1751 5073 1812 5119 ut
1861 5068 2237 5137 unusquisque

677 5169 806 5208 suos
862 5153 1006 5209 fetus
1066 5161 1358 5225 agnoscat,
1415 5155 1885 5226 inscribamusque
1935 5158 1988 5211 in
2035 5158 2233 5228 primo,

678 5243 997 5308 Sanctorum
1026 5255 1252 5314 quatuor
1277 5243 1676 5314 Erangeliorum
1707 5245 2003 5301 Harmonia
2029 5252 2238 5302 Ammo-

678 5335 765 5388 nio
791 5334 1150 5388 Alexandrino
1185 5344 1425 5397 auctore;
1455 5337 1507 5388 in
1547 5337 1811 5402 secundo,
1836 5335 2239 5406 Evangeliorum

677 5425 1025 5482 Dialessaron
1059 5425 1283 5479 Tatiano
1321 5425 1537 5496 Assyrio
1567 5438 1798 5482 auctore.
1842 5429 1898 5482 Si
1930 5431 2052 5498 quis
2083 5431 2238 5500 plura

677 5520 952 5574 desiderat
983 5519 1139 5572 adeat
1179 5516 1446 5572 Caesarem
1471 5517 1788 5584 Baronium,
1814 5529 1963 5576 tomo
2005 5523 2048 5575 ll
2068 5561 2082 5584 ,
2111 5540 2236 5577 αηη.

666 5612 803 5676 174,
831 5613 920 5666 ubi
951 5620 1203 5666 accurate
1230 5611 1460 5680 plurima
1483 5611 1550 5665 de
1571 5627 1635 5665 eo
1649 5628 1811 5681 opere
1837 5615 2237 5668 animadvertit.

748 5704 864 5757 Col.
898 5704 1020 5768 708,
1044 5705 1138 5758 lin.
1159 5705 1212 5758 ‘2.
1254 5703 1376 5757 Τῶν
1401 5703 1468 5756 δὲ
1485 5705 1552 5757 ἐκ
1586 5705 1906 5774 περιτομῆς
1943 5705 2238 5774 Ἰώσηπος.

677 5791 753 5849 De
776 5792 1010 5862 Josepho
1035 5795 1315 5862 historico,
1346 5796 1465 5867 ejus
1483 5797 1592 5852 vita
1623 5805 1676 5852 et
1707 5799 1927 5866 scriptis
1947 5798 2100 5866 plura
2136 5797 2240 5852 Eu-

2328 1924 2494 1980 hasce
2530 1924 2769 1997 Josepho
2809 1930 3125 1987 decantatas
3159 1932 3415 1988 audacter
3457 1932 3642 1989 dictas
3677 1949 3783 1989 esse
3806 1935 3854 1989 ab

2322 2019 2441 2087 ipso
2479 2020 2642 2074 etiam
2680 2020 2966 2076 laudatore
3005 2024 3289 2092 cognosci.
3321 2023 3459 2090 Quis
3507 2040 3666 2095 aequo
3709 2025 3850 2078 animo

2319 2103 2485 2160 ferret
2514 2106 2810 2171 hominem,
2851 2109 2945 2178 qui
2980 2112 3188 2164 nesciat
3229 2111 3331 2165 sibi
3373 2111 3670 2179 imperare,
3705 2125 3762 2162 ne
3790 2110 3848 2161 di-

2325 2204 2414 2251 cat
2435 2197 2578 2266 quod
2615 2206 2810 2252 contra
2846 2215 3062 2271 acquum
3095 2217 3255 2257 omne
3277 2217 3401 2256 esse
3439 2202 3685 2256 fatetur:
3718 2202 3844 2255 auda-

2325 2287 2462 2342 citer
2488 2289 2692 2344 dicitur
2713 2331 2728 2354 ,
2769 2307 2898 2362 ergo
2943 2309 3128 2347 verum
3182 2308 3288 2346 non
3334 2301 3436 2357 est,
3463 2293 3599 2363 ergo
3629 2293 3715 2364 qui
3748 2294 3844 2347 dicit

2326 2377 2614 2449 decipitur,
2649 2382 2694 2437 si
2734 2382 3010 2438 Aristoteli
3066 2385 3342 2440 credimus
3383 2384 3673 2440 Moralium
3708 2385 3841 2439 Eude-

2327 2471 2553 2524 miorum
2582 2473 2674 2528 lib.
2704 2491 2787 2537 ιιι,
2815 2491 2934 2545 cap.
2970 2477 3032 2542 5;
3070 2493 3158 2532 res
3203 2478 3345 2531 enim
3377 2480 3540 2532 aliter
3567 2494 3629 2532 ac
3656 2487 3766 2534 sunt
3786 2480 3840 2532 vi-

2328 2559 2543 2618 denlur.
2587 2563 2772 2620 Tutius
2812 2566 2895 2619 illi
2942 2568 3085 2621 credi
3125 2585 3283 2638 quam
3318 2571 3561 2625 omnibus
3603 2568 3775 2626 Graecis
3804 2580 3838 2624 et

2329 2651 2558 2722 Latinis,
2588 2672 2865 2728 nunquam
2915 2659 3311 2714 existimassem
3369 2663 3642 2717 hominem
3674 2663 3737 2717 ita
3769 2677 3839 2716 au-

2329 2747 2517 2802 dacter
2543 2749 2725 2805 dicere
2757 2767 2936 2821 posse,
2966 2760 3022 2806 et
3048 2753 3337 2807 humanam
3367 2753 3743 2818 bistoriam,ab
3764 2755 3837 2808 ho-

2333 2841 2483 2895 mine
2511 2851 2564 2896 et
2602 2841 2850 2898 fortassis
2891 2845 3128 2914 pessimo
3169 2849 3538 2917 conscriptam
3573 2848 3838 2903 divinasse-

2331 2945 2542 3000 crchue
2573 2931 2831 3000 praeferri.
2859 2932 3049 2990 Tutius
3066 2935 3244 2992 credis
3271 2935 3507 3005 Josepho
3526 2952 3670 3006 quam
3697 2931 3838 2989 Evan-

2331 3023 2513 3093 gelio?
2572 3027 2746 3081 tutius
2799 3027 3024 3090 homini,
3061 3043 3220 3098 quam
3271 3028 3414 3084 Deo?
3453 3028 3599 3085 Dices
3641 3029 3722 3084 sed
3763 3043 3837 3080 au-

2333 3116 2520 3172 dacter
2565 3117 2745 3182 dices,
2798 3121 2943 3189 quod
2991 3121 3154 3176 etiam
3205 3125 3358 3191 prius
3408 3123 3578 3176 animo
3614 3119 3833 3174 audacter

2332 3215 2655 3278 conceptum
2681 3212 2938 3267 audacter
2960 3220 3013 3265 et
3039 3213 3265 3276 evomis,
3302 3229 3449 3268 sacra
3478 3212 3607 3267 omni
3634 3208 3829 3264 historia

2333 3300 2585 3353 tutiorem
2615 3315 2738 3355 csse
2780 3299 3020 3372 losephi,
3051 3302 3135 3357 vis
3163 3302 3342 3357 dicam
3369 3318 3464 3356 uno
3495 3299 3670 3355 verbo?
3698 3299 3740 3352 si
3771 3305 3820 3349 ut

2329 3408 2493 3448 verus
2524 3399 2609 3448 est
2649 3393 2701 3447 in
2729 3393 2957 3449 historia
2987 3394 3276 3465 Iosephus,
3303 3397 3375 3450 ita
3398 3403 3446 3450 ct
3462 3405 3512 3448 tu
3533 3394 3579 3447 in
3599 3389 3815 3446 emenda-

2330 3484 2477 3538 tione
2528 3491 2851 3554 temporum,
2900 3493 3059 3540 ruent
3109 3496 3374 3556 tempora.
3431 3485 3597 3539 Multos
3630 3479 3812 3550 loseplii

2333 3591 2550 3632 errores
2580 3578 2634 3630 in
2663 3577 2912 3640 historia,
2947 3585 3002 3632 et
3030 3578 3480 3633 hallucinationes
3520 3571 3820 3648 prudentissi-

2333 3683 2420 3722 me
2441 3670 2620 3740 magni
2647 3671 2749 3724 viri
2767 3671 3148 3732 observarunt,
3173 3679 3226 3726 et
3248 3677 3605 3732 correxerunt,
3624 3667 3740 3720 inter
3751 3677 3829 3717 eos

2332 3758 2516 3814 Caesar
2554 3758 2854 3823 Baronius,
2899 3760 2952 3813 in
2988 3760 3310 3827 Annalibus;
3351 3759 3613 3824 Pererius,
3640 3758 3687 3810 in
3708 3752 3830 3815 Gens“

2335 3851 2673 3923 Hegesippus
2717 3859 2770 3908 et
2806 3853 2922 3906 alii.
2965 3851 3030 3906 Et
3081 3869 3214 3908 sane
3281 3853 3498 3908 etiamsi
3540 3848 3835 3906 concederem

2334 3943 2630 4016 Josephum
2659 3944 3109 4016 φιλαληθέστατον
3148 3945 3203 3999 in
3235 3945 3423 4010 rebus,
3455 3960 3588 4015 quas
3611 3947 3708 4013 ipse
3726 3937 3838 3993 vide-

2336 4037 2428 4101 rit,
2458 4053 2736 4110 nunquam
2765 4045 2946 4093 tamen
2996 4038 3190 4093 adduci
3237 4054 3459 4109 possum
3493 4047 3553 4092 ut
3579 4033 3765 4091 credam
3797 4030 3838 4083 in

2335 4139 2484 4185 tanta
2516 4132 2849 4187 obscuritate
2879 4131 3232 4202 scriptorum,
3275 4132 3542 4186 varietate
3569 4137 3838 4196 temporum.

2338 4223 2652 4279 diversitate
2679 4224 3095 4291 sententiarum,
3139 4240 3407 4280 annorum
3455 4225 3594 4279 serie
3613 4220 3839 4276 veritatem

2339 4317 2395 4371 in
2441 4317 2694 4371 omnibus
2743 4316 3107 4388 κατορθῶσαι,
3172 4317 3386 4372 etiamsi
3449 4311 3842 4387 diligentissimus

2342 4407 2524 4461 fuerit.
2561 4405 2696 4461 Illud
2723 4415 2983 4476 praeterea
3029 4405 3220 4459 addam
3259 4405 3403 4474 quod
3434 4405 3545 4472 jam
3581 4402 3696 4456 olim
3719 4396 3843 4452 Joan-

2342 4510 2441 4549 nes
2473 4493 2636 4549 Picus
2667 4495 2896 4563 epistola
2939 4493 3172 4564 quadam
3201 4493 3267 4546 ad
3298 4495 3542 4564 ignotum
3571 4491 3774 4544 amicum
3797 4481 3844 4534 de

2339 4585 2578 4652 Josepho
2631 4583 3114 4639 animadverterat.
3161 4581 3314 4648 Quod
3366 4583 3495 4649 petis
3552 4579 3613 4632 de
3648 4572 3841 4640 Joseplw.

2338 4676 2476 4729 scias
2506 4676 2712 4742 justum
2742 4670 3026 4742 Josephum
3073 4675 3209 4738 apud
3247 4671 3495 4725 Hebrn’os
3519 4687 3618 4724 non
3659 4660 3843 4735 reperiri.

2340 4767 2429 4822 sed
2467 4765 2681 4835 Iosephi
2724 4767 3000 4834 epitomen,
3043 4764 3098 4818 id
3125 4775 3222 4828 est,
3253 4762 3568 4817 breviarium
3614 4755 3845 4832 quoddam.

2340 4860 2397 4912 in
2419 4875 2519 4928 quo
2553 4868 2603 4912 et
2631 4857 2799 4911 multa
2835 4867 2955 4912 sunt
2987 4857 3363 4917 commentitia,
3391 4866 3442 4909 et
3471 4871 3586 4926 quo:
3632 4853 3689 4906 de
3715 4850 3846 4902 decem

2345 4950 2582 5003 tribubus
2613 4950 2685 5002 ibi
2718 4950 2981 5018 leguntur,
3012 4965 3128 5020 qua:
3153 4947 3659 5017 postBabylonicam
3685 4935 3849 5008 captivi-

2345 5056 2505 5099 tatem
2558 5043 2882 5113 postliminio
2916 5059 3017 5096 non
3054 5042 3343 5104 redierunt,
3386 5057 3448 5094 ea
3485 5056 3597 5094 esse
3640 5038 3778 5090 notha
3814 5037 3846 5080 et

2345 5134 2670 5200 aduherina,
2714 5149 2778 5187 ex
2813 5132 3049 5187 Hebra’is
3089 5132 3216 5185 mihi
3261 5131 3438 5199 plures
3494 5128 3710 5199 confessi
3743 5128 3848 5177 sunt.

2344 5235 2658 5296 quapropter
2687 5225 2900 5278 illorum
2929 5223 3156 5292 Josepho
3179 5223 3329 5277 nulla
3361 5224 3572 5276 omnino
3601 5220 3719 5290 ﬁdes
3739 5211 3850 5267 adhi-

2347 5319 2532 5373 benda.
2567 5318 2630 5372 In
2654 5316 2880 5386 Josepho
2915 5314 3094 5370 Gnaeo
3122 5316 3229 5368 scio
3262 5331 3372 5368 esse
3410 5313 3668 5385 quadam,
3697 5321 3790 5378 qua
3809 5301 3850 5350 dt

2348 5411 2558 5466 Christo
2589 5420 2639 5465 et
2668 5408 2845 5479 ﬁdem,
2876 5419 2923 5462 et
2954 5408 3295 5477 honoriﬁcam
3329 5407 3531 5476 faciant
3573 5401 3849 5457 mentionem.

2348 5507 2435 5559 sed
2474 5503 2652 5558 eadem
2686 5517 2796 5555 esse
2827 5501 3032 5568 penitus
3065 5516 3180 5552 cum
3212 5497 3314 5559 his,
3347 5512 3462 5568 qua:
3503 5498 3555 5550 in
3587 5490 3769 5548 Latinis
3790 5498 3851 5534 ω’

2350 5596 2552 5650 dicibus
2586 5595 2827 5663 leguntur
2857 5610 2960 5646 non
3007 5607 3293 5645 assererem
3328 5591 3430 5643 nisi
3469 5589 3726 5656 exemplar
3747 5576 3856 5631 Grtt'

2351 5704 2490 5750 cum,
2519 5685 2668 5753 cujus
2699 5683 2780 5736 hic
2819 5683 2946 5735 mihi
2977 5682 3123 5735 nulla
3155 5691 3231 5735 est
3255 5682 3428 5750 copia,
3457 5694 3628 5733 recens
3663 5675 3856 5742 ιεςενενηι

2423 5778 2555 5832 lbid.
2588 5775 2696 5830 Kal
2741 5774 3031 5839 Ἰοῦστος.
3072 5773 3248 5845 Hujus
3298 5780 3572 5844 parentes,
3617 5756 3860 5822 πολιτείανε
