4064 6290
295 357 404 412 805

1327 353 1396 409 ΙΝ
1424 351 1795 409 EUSTATHII
1836 350 2301 406 HEXAEMER’ON
2345 350 2579 409 NOTE.

3425 359 3532 414 806

295 476 606 543 historiam,
639 483 694 530 et
735 475 935 546 stylum
974 474 1244 547 expressit
1289 476 1520 531 Pbotius
1570 474 1624 527 in
1672 473 1863 528 Biblio-
1900 478 1946 534 Α
1975 473 2162 529 sebius
2195 474 2266 528 de
2301 475 2601 544 semetipso
2629 475 2684 529 in
2729 475 2954 545 prologo
3011 473 3266 532 Historite
3292 477 3543 531 ecclesia-

296 565 465 620 tlteca.
495 563 708 634 Oppido
731 562 1089 625 Tiberiensis,
1116 569 1338 632 parente
1357 561 1508 615 Pisto
1541 559 1760 614 homine
1781 574 1870 612 ne-

293 657 589 727 quissimo,
641 656 690 711 si
737 653 976 725 Josepbo
1023 655 1324 718 credimus,
1376 668 1574 724 genere
1623 649 1866 715 Jutlaaus,

295 751 615 820 auspicatus
655 756 740 804 est
769 748 1052 803 historiam
1084 763 1114 800 a
1151 747 1356 817 Moyse,
1395 744 1758 816 perduxitque
1799 743 1868 797 ad

295 843 502 896 exitum
544 854 718 910 usque
746 839 1002 910 Agrippa:
1035 839 1251 908 septimi
1285 853 1316 892 e
1361 836 1566 890 familia
1612 835 1865 897 Herodis,

295 941 351 989 et
399 930 754 986 Judaicorum
807 946 995 1000 regum
1055 929 1354 1000 postremi;
1406 929 1581 1000 stylus
1633 927 1870 983 maxime

297 1025 576 1088 concisus,
599 1031 654 1078 et
697 1023 953 1093 pleraque
979 1023 1149 1076 relatu
1179 1038 1300 1077 cum
1335 1022 1529 1092 primis
1562 1020 1868 1075 necessaria

298 1115 660 1184 praetermisit.
685 1113 880 1169 Adesis
907 1112 1292 1184 Hieronymum
1323 1114 1376 1167 in
1407 1113 1681 1182 Catalogo,
1711 1111 1869 1167 lose-

298 1206 462 1275 phum
487 1206 541 1258 in
578 1203 698 1259 Vita
715 1219 836 1267 sua,
864 1203 1106 1258 Suidam.
1141 1203 1450 1274 Stephanus
1471 1205 1597 1258 item
1626 1205 1693 1258 de
1721 1203 1871 1258 urbi-

301 1299 404 1353 bus
435 1297 552 1351 haac
579 1295 646 1351 de
671 1311 737 1351 eo
763 1315 775 1350 :
813 1295 907 1350 Ἐκ
922 1295 1122 1366 ταύτης
1138 1295 1256 1368 [τῆς
1285 1295 1620 1368 Τιϐερίαδος]
1652 1292 1720 1367 ἦν
1744 1295 1871 1349 Ἰοῦ-

301 1406 423 1453 στος
451 1389 480 1440 ὁ
501 1387 592 1440 τὸν
607 1387 894 1441 Ἰουδαϊκὸν
918 1387 1152 1459 πόλεμον
1171 1388 1262 1440 τὸν
1299 1387 1442 1440 κατὰ
1466 1387 1866 1441 Οὐεσπασιανοῦ

301 1481 610 1552 ιστορήσας.
650 1477 848 1533 Verum
873 1493 983 1532 non
1017 1487 1228 1532 tantum
1262 1477 1329 1532 de
1354 1477 1511 1534 Justo
1540 1478 1663 1542 hoc,
1698 1478 1793 1533 sed
1818 1487 1871 1533 et

298 1574 367 1628 de
406 1572 644 1642 Josepho
671 1568 883 1636 Judteo,
936 1568 1192 1637 Tatiano,
1231 1570 1513 1634 Africano,
1565 1568 1868 1633 Clemente,

300 1664 558 1722 Eusebio.
613 1678 828 1719 necnon
872 1670 928 1717 et
969 1663 1094 1718 aliis
1130 1662 1510 1732 scriptoribus,
1545 1676 1777 1731 quorum
1813 1662 1868 1715 in

1967 569 2134 628 sticte,
2169 565 2307 636 Ἤδη
2337 567 2434 636 μὲν
2471 563 2565 619 οὖν
2593 567 2796 620 τούτων
2839 569 2933 620 καὶ
2962 567 3223 638 πρότερον
3246 570 3303 621 ἐν
3327 560 3407 630 οἷς
3435 567 3542 619 διε-

1964 657 2308 726 τυπωσάμην
2351 661 2624 728 χρονικοῖς
2665 659 2882 712 κανόσιν
2914 658 3179 729 ἐπιτομὴν
3209 657 3544 728 κατεστησά-

1969 766 2095 820 μην·
2113 749 2494 820 πληρεστάτην
2520 750 2565 803 δ’
2584 747 2675 803 οὖν
2696 751 2844 822 ὅμως
2864 749 3040 804 αὐτῶν
3061 750 3152 802 ἐπὶ
3165 749 3256 802 τοῦ
3279 749 3544 821 παρόντος

1965 839 2228 911 ὡρμήθην
2259 839 2358 911 τὴν
2381 841 2654 912 ἀφήγησιν
2705 841 3054 912 ποιήσασθαι.
3081 840 3273 894 Mirum
3305 855 3434 895 sane
3460 845 3546 893 est

1968 941 2028 986 ut
2056 931 2325 1002 .losephus
2357 931 2600 1004 Scaliger
2629 934 2684 987 in
2739 934 2934 989 horum
2976 933 3269 989 verborum
3351 947 3538 1001 perce-

1967 1025 2152 1096 ptione
2179 1026 2448 1089 otecutiat,
2469 1036 2522 1082 et
2554 1026 2783 1080 aliorum
2820 1027 3064 1081 omnium
3116 1039 3318 1080 censor
3351 1024 3404 1077 in
3451 1022 3540 1078 his

1967 1113 2293 1169 clarissimis
2325 1115 2506 1170 verbis
2539 1117 2779 1188 indigeat
2818 1134 3048 1173 censore
3072 1137 3087 1185 ;
3112 1119 3189 1171 ait
3210 1131 3443 1186 namque
3480 1116 3537 1170 in

1969 1203 2538 1260 animadversionibus
2582 1207 2649 1259 ad
2700 1205 3032 1271 Eusebium,
3087 1222 3210 1260 cum
3265 1205 3332 1260 de
3392 1205 3539 1260 illius

1968 1294 2150 1364 operis
2199 1295 2358 1349 titulo
2412 1303 2631 1363 tractat,
2691 1295 2947 1352 Eusebius
2988 1297 3236 1366 prooemio
3285 1293 3542 1350 Historiae

1967 1386 2338 1441 ecclesiastica:
2365 1387 2693 1456 simpliciter,
2725 1405 2786 1441 ac
2810 1389 2865 1442 in
2899 1401 3079 1455 genere
3099 1384 3337 1458 Χρονικά
3360 1386 3540 1456 appel-

1971 1482 2079 1546 lat,
2145 1497 2425 1551 eorumque
2489 1499 2600 1536 sese
2647 1483 2908 1550 epitomen
2961 1483 3332 1551 conscripsisse
3386 1479 3538 1534 dicit.

1967 1572 2244 1643 Nusquam
2268 1572 2383 1627 haec
2409 1574 2676 1628 sententia
2703 1575 2758 1627 in
2793 1571 3012 1627 Eusebii
3041 1572 3242 1636 verbis,
3269 1586 3540 1641 nusquam

1968 1664 2366 1718 Chronicorum
2403 1662 2670 1732 Epitome.
2703 1661 2809 1718 Sed
2837 1661 2907 1718 de
2929 1671 3113 1716 mente
3141 1651 3364 1716 Eusebii
3397 1659 3541 1714 infe-

300 1755 405 1810 hoc
439 1760 676 1810 tractatu
709 1752 767 1806 ﬁt
794 1754 1022 1818 mentio,
1051 1761 1105 1809 et
1128 1769 1315 1808 eorum
1359 1753 1581 1822 scriptis
1608 1751 1784 1808 fusius
1813 1752 1867 1807 in
1898 1817 1929 1822 _
1970 1755 2108 1809 rius.
2138 1754 2350 1821 Quibus
2383 1753 2604 1810 Eusebii
2632 1755 2834 1819 verbis,
2883 1770 3008 1809 cum
3039 1769 3148 1808 non
3190 1753 3538 1807 animadver-

302 1857 488 1904 nostra
547 1847 614 1902 de
682 1847 1043 1916 scriptoribus
1109 1845 1494 1901 ecclesiasticis
1544 1843 1868 1904 Bibliotheca

301 1956 464 2010 quam
505 1939 827 2009 jamdudum
872 1954 1150 2008 paramus.
1194 1937 1295 1993 Hic
1327 1953 1392 1992 ea
1437 1945 1654 1992 tantum
1695 1937 1871 2009 tetigi-

302 2047 425 2086 mus
453 2048 574 2102 quae
601 2032 671 2086 ad
710 2046 824 2086 rem
859 2030 1040 2084 facere
1071 2029 1414 2084 videbantur.

367 2125 485 2180 Col.
523 2125 648 2189 708,
685 2124 782 2178 lin.
831 2122 884 2178 6.
922 2120 1042 2176 Τῶν
1085 2121 1150 2174 δὲ
1199 2121 1384 2190 ἁγίων
1419 2137 1529 2186 τις.
1576 2118 1868 2174 Eusebium

298 2234 422 2274 esse
460 2219 598 2273 nulli
629 2217 878 2281 dubium,
920 2231 1080 2286 quem
1116 2215 1284 2268 tacito
1333 2214 1558 2268 nomine
1605 2211 1868 2283 praeterit,

301 2306 464 2377 idque
500 2307 629 2362 odio
655 2316 711 2362 et
760 2305 1038 2361 simultate
1061 2305 1298 2375 quadam
1329 2302 1570 2358 oﬁ‘ensus
1616 2301 1871 2357 consulto

299 2400 434 2469 agit.
463 2397 641 2452 lictno
668 2397 984 2468 apostolica:
1032 2396 1282 2451 veritatis
1323 2401 1594 2465 rectaeque
1625 2393 1748 2448 ﬁdei
1783 2409 1872 2449 se-

299 2498 495 2556 ctator,
519 2497 755 2543 tutorem
781 2505 845 2544 ac
875 2489 1144 2544 vindicem
1170 2487 1388 2542 Ariana:
1426 2487 1722 2551 haereseos,
1761 2486 1873 2539 vnl-

299 2590 485 2652 gatum
512 2589 568 2636 et
611 2587 804 2634 notum
841 2581 1096 2636 omnibus
1126 2579 1347 2635 Eusebii
1395 2581 1710 2651 negotium:
1745 2578 1870 2633 illu-

301 2674 434 2729 stris
482 2674 537 2728 in
569 2673 674 2727 ﬁde
694 2673 1069 2729 conservanda
1101 2672 1370 2726 Eustathii
1407 2671 1686 2742 provincia
1707 2686 1873 2741 syno-

301 2767 406 2822 dus
436 2766 528 2820 illa
571 2764 789 2819 Nicaena
820 2766 846 2819 1
914 2775 968 2821 et
1003 2764 1058 2828 2,
1091 2765 1346 2834 dictaque
1374 2774 1616 2820 veterum
1648 2765 1873 2822 histori-

303 2873 494 2912 corum
543 2857 873 2911 conﬁrmant
921 2857 1052 2926 ipsa:
1101 2854 1320 2910 Eusebii
1374 2855 1722 2926 scriptiones.
1774 2855 1872 2910 Pio

306 2958 608 3019 sanctoque
629 2948 810 3002 animo
833 2946 900 3001 ad
925 2945 1340 3016 concipiendum
1371 2945 1554 3000 odium
1576 2961 1740 3000 causa
1758 2946 1870 3001 haec

307 3041 432 3110 plus
449 3041 611 3094 etiam
639 3040 794 3094 satis.
827 3037 1003 3108 Hujus
1031 3040 1195 3093 etiam
1220 3035 1434 3092 dissidii
1466 3037 1728 3108 Origenes
1755 3038 1872 3108 ipse

309 3148 478 3188 causa
513 3134 682 3186 altera
715 3140 769 3187 et
823 3131 1138 3202 singularis.
1174 3128 1444 3184 Eusebius
1482 3138 1630 3186 totus
1679 3138 1766 3185 est
1813 3131 1868 3183 in

303 3222 538 3294 Origene
587 3223 977 3288 defendendo;.
1007 3238 1168 3278 suum
1235 3221 1475 3277 studium
1541 3229 1596 3276 et
1647 3237 1867 3292 operam

304 3313 570 3384 impendit
602 3319 656 3367 in
686 3313 937 3376 historia;
972 3313 1138 3366 etiam
1164 3312 1550 3381 Apologeticos
1583 3325 1613 3363 a
1645 3325 1704 3364 se
1733 3309 1870 3365 scri—

303 3411 448 3474 ptos,
486 3411 545 3457 ut
578 3405 657 3458 eis
688 3405 850 3458 addat
882 3412 936 3459 et
969 3404 1138 3458 robur
1197 3411 1251 3457 et
1280 3400 1492 3470 pondus
1522 3401 1870 3456 sanctissimo

298 3494 585 3564 Pamphilo
639 3495 863 3567 martyri
919 3495 1167 3550 ascribit.
1217 3491 1433 3564 Susque
1483 3493 1658 3563 deque
1709 3501 1872 3548 ruant

301 3589 510 3654 omnia,
540 3596 750 3642 tantum
785 3589 861 3641 illi
890 3588 1042 3643 solus
1083 3593 1332 3643 servetur
1367 3585 1659 3640 incolumis
1687 3583 1873 3657 Orige-

305 3694 426 3744 nes,
452 3679 520 3733 ab
555 3679 997 3735 accusationibus
1058 3685 1112 3734 et
1137 3693 1168 3732 a
1195 3677 1408 3733 delictis
1448 3677 1602 3732 liber.
1636 3675 1870 3732 Tantum

307 3771 605 3832 hominem,
638 3777 692 3823 et
724 3777 930 3823 tantum
960 3771 1123 3823 heroa
1147 3771 1202 3822 in
1225 3768 1465 3824 Ecclesia
1491 3767 1700 3838 (quidni
1723 3769 1868 3822 enim

307 3861 550 3917 dubitem
586 3861 667 3915 sic
713 3858 1001 3929 Origenem
1035 3859 1328 3929 appellare,
1364 3859 1660 3912 multorum
1691 3867 1744 3912 et
1781 3873 1869 3914 ve-

305 3954 762 4019 tustissimorum,
802 3967 1100 4022 eorumque
1151 3952 1624 4008 sanctissimorum
1647 3951 1868 4006 Patrum

307 4046 624 4102 testimonio
676 4045 870 4116 fultus)
903 4060 933 4099 a
962 4044 1256 4100 calumniis
1306 4045 1640 4099 vindicatum
1680 4045 1871 4100 defen-

308 4142 438 4196 dere
466 4142 616 4211 pium
652 4148 755 4204 est,
780 4139 1048 4208 amicique
1077 4138 1262 4201 animi,
1287 4138 1382 4193 sed
1427 4138 1480 4192 in
1506 4137 1750 4194 criminis
1778 4139 1872 4194 de-

309 4235 595 4299 fensione,
651 4241 704 4288 et
744 4231 1030 4302 dignitatis
1092 4229 1525 4299 prOpugnatione
1583 4230 1870 4284 veritatem

301 4327 610 4388 obvertere,
636 4332 690 4380 et
729 4324 929 4377 malum
967 4321 1110 4376 malo
1136 4321 1353 4375 trudere
1395 4319 1590 4390 pejori,
1637 4319 1870 4376 Eusebio

304 4423 538 4480 tantum,
581 4423 635 4470 et
684 4415 831 4469 illius
875 4414 1064 4468 farinae
1116 4410 1428 4466 liolninibus
1481 4411 1866 4466 concedamus.

1968 1847 2129 1902 tisset
2161 1845 2380 1905 Suidas.
2415 1845 2520 1901 sibi
2553 1846 2786 1915 aliisque
2821 1845 3090 1915 pluribus,
3125 1843 3264 1897 forte
3288 1842 3452 1897 etiam
3481 1847 3538 1895 et

1971 1936 2246 2006 Scaligero
2277 1935 2427 1989 varia
2458 1935 2862 1990 commentandi
2891 1943 3082 1988 auctor
3109 1934 3243 2001 fuit;
3271 1931 3539 2004 χρονικῶν

1968 2028 2208 2081 κανόνων
2237 2026 2584 2098 παντοδαπῆς
2634 2027 2894 2098 ἱστορίας,
2930 2026 3024 2079 καὶ
3051 2025 3255 2078 τούτων
3285 2024 3536 2096 ὲπιτομή.

2041 2118 2219 2174 Unum
2253 2135 2391 2189 opus
2421 2119 2720 2190 perfectum
2759 2119 3182 2188 absolutumque
3231 2117 3284 2170 in
3315 2117 3424 2171 duo
3451 2132 3542 2173 se-

1966 2211 2216 2282 junctum
2263 2211 2472 2273 divisit,
2506 2226 2739 2281 quorum
2775 2211 3004 2266 alterum
3054 2215 3199 2264 esset
3247 2207 3542 2264 Chronicon

1971 2306 2079 2360 late
2109 2312 2322 2375 patens,
2354 2304 2584 2358 alterum
2613 2303 2802 2359 eadem
2829 2318 2949 2373 qua:
2981 2311 3038 2357 et
3062 2300 3324 2372 primum,
3343 2297 3540 2353 decur—

1971 2405 2081 2452 tata
2105 2405 2309 2460 tamen,
2327 2403 2380 2450 et
2409 2395 2460 2449 in
2488 2395 2762 2466 epitomen
2783 2396 3000 2451 redacta
3025 2388 3538 2448 contineretJoam

1970 2507 2069 2546 nes
2100 2489 2383 2545 Curterius
2418 2490 2473 2543 in
2507 2490 2736 2560 epistola
2764 2505 2926 2560 quam
2961 2488 3190 2559 praeﬁxit
3220 2486 3539 2558 fragmentis

1969 2581 2190 2638 Eusebii
2235 2581 2288 2636 in
2333 2582 2571 2636 editione
2618 2582 2884 2637 librorum
2944 2580 3083 2635 Hist.
3131 2579 3536 2643 ecclesiasticis,

1971 2673 2168 2730 asserit
2211 2673 2383 2726 solam
2429 2673 2702 2743 epitomen
2750 2673 2908 2728 nobis
2947 2688 3260 2744 superesse,
3297 2685 3540 2728 canones

1970 2775 2150 2821 autem
2201 2765 2496 2820 chronicos
2533 2765 2826 2830 excidisse,
2859 2777 3178 2836 argumento
3219 2772 3438 2836 sumpto
3465 2778 3536 2819 ex

1971 2861 2079 2916 illis
2111 2858 2432 2930 fragmentis
2466 2873 2586 2929 quae
2607 2858 2843 2913 citantur
2867 2860 2935 2914 ab
2963 2859 3250 2914 Anastasio
3280 2861 3541 2928 episcOpo

1969 2951 2220 3019 Nicaeno,
2271 2948 2386 3004 Lib.
2429 2957 2612 3018 quaest.
2655 2949 2711 3001 in
2745 2945 2804 3004 S.
2831 2944 3163 3015 Scripturam
3211 2966 3276 3004 ea:
3307 2951 3532 3008 Eusebio

1969 3046 2026 3100 in
2045 3045 2337 3106 Chronicis,
2388 3055 2509 3110 qua:
2535 3046 2715 3093 tamen
2742 3053 2850 3093 non
2885 3037 3157 3092 habentur
3187 3039 3240 3092 in
3271 3038 3538 3094 Eusebia-

1970 3136 2057 3189 nis
2095 3132 2383 3194 Chronicis
2413 3147 2534 3200 qua:
2581 3131 3064 3186 circumferuntur.
3109 3129 3248 3184 Huic
3293 3131 3536 3201 opinioni

1970 3224 2184 3280 videtur
2207 3223 2387 3277 favere
2411 3221 2766 3286 Tritbemius,
2791 3221 2943 3285 dum,
2961 3222 3056 3277 lib.
3091 3221 3170 3276 De
3195 3223 3536 3292 scriptoribus

1969 3315 2339 3370 ecclesiasticis
2373 3313 2592 3368 Eusebii
2622 3329 2788 3384 opera
2839 3329 3190 3379 enumerans,
3241 3326 3400 3371 vocat
3431 3317 3536 3371 hoc

1969 3408 2146 3478 ipsum
2191 3423 2329 3476 opus
2367 3403 2585 3460 Eusebii
2630 3423 2738 3461 non
2791 3404 3108 3469 Chronicon,
3147 3408 3240 3461 sed
3263 3405 3540 3476 Epitomen

1966 3500 2242 3558 Chronica:
2269 3516 2288 3554 :
2321 3499 2400 3555 sic
2437 3499 2583 3553 enim
2619 3498 2729 3560 ille,
2777 3497 3044 3567 Epitomes
3088 3497 3362 3551 Chronica;
3407 3495 3540 3550 liber

1967 3608 2103 3645 unus
2136 3606 2254 3644 cum
2279 3588 2375 3642 hoc
2405 3587 2562 3641 initio
2585 3601 2606 3639 .°
2629 3585 2862 3656 Moysem
2896 3588 3062 3656 gentis
3096 3584 3393 3639 Hebraicw.
3433 3584 3539 3639 Alii

1967 3676 2690 3738 existimaruntC/zronicum
2712 3676 2859 3745 quod
2893 3683 3068 3730 exstat
3094 3691 3203 3730 non
3244 3692 3365 3731 esse
3392 3676 3536 3728 illam

1968 3775 2035 3828 ab
2068 3772 2302 3827 Eusebio
2331 3768 2636 3825 confectam
2667 3767 2976 3839 Epitomen,
3009 3782 3105 3821 nec
3143 3767 3534 3837 Hieronymum

1969 3868 2114 3922 illam
2143 3853 2370 3920 ver'tisse
2404 3883 2417 3917 :
2456 3863 2549 3917 sed
2579 3876 2703 3917 esse
2739 3876 2930 3915 verum
2962 3859 3271 3915 Chronicon
3300 3857 3541 3913 historiae

1969 3958 2170 4012 factum
2219 3956 2286 4010 ab
2328 3953 2584 4018 Eusebio,
2620 3963 2675 4008 et
2713 3953 3037 4008 translatum
3091 3951 3158 4004 ab
3183 3949 3537 4020 Hieronymo,

1969 4051 2093 4106 licet
2125 4050 2179 4104 in
2199 4049 2360 4104 aliam
2393 4047 2618 4102 formam
2667 4047 2947 4102 redactum
2993 4054 3046 4098 et
3073 4044 3398 4098 mutilatum.
3430 4041 3542 4096 Ln-

1968 4141 2195 4197 dovicus
2231 4136 2394 4192 Vives
2440 4136 2494 4191 in
2524 4137 2759 4206 August.
2792 4135 2888 4189 lib.
2931 4149 3085 4198 xvm,
3124 4132 3199 4187 De
3241 4133 3383 4186 civit.
3418 4131 3536 4195 Dei,

1969 4247 2093 4301 cap.
2125 4231 2180 4295 8,
2223 4239 2276 4285 et
2303 4229 2583 4283 Arnoldus
2627 4227 2904 4282 Pontacus
2947 4227 3192 4282 sentiunt
3244 4233 3539 4294 utrumque

1969 4333 2184 4378 exstare
2225 4329 2279 4376 et
2322 4321 2642 4385 Cltronicon,
2688 4327 2743 4374 et
2789 4317 3083 4388 Epitomen,
3126 4327 3180 4373 et
3209 4319 3312 4373 hoc
3356 4319 3535 4388 ipsum

1970 4429 2093 4469 esse
2135 4412 2268 4467 illud
2309 4428 2448 4482 opus
2492 4411 2636 4480 quod
2678 4411 2946 4466 habemus
2989 4425 3101 4481 pra:
3146 4409 3430 4474 manibus,
3483 4417 3538 4462 et

307 4506 476 4576 IEgre
504 4507 605 4562 fert
633 4507 734 4561 hoc
763 4507 1033 4576 ingenuus
1060 4503 1332 4558 Eustathii
1356 4503 1578 4566 candor,
1594 4512 1646 4557 et
1660 4518 1756 4573 pro
1779 4518 1872 4558 ve-
1905 4527 1946 4581 ι)
1973 4505 2118 4575 quod
2144 4513 2373 4558 vocatur
2403 4519 2432 4557 a
2466 4502 2796 4574 Hieronymo
2826 4511 2882 4556 et
2905 4503 3028 4556 aliis
3073 4500 3288 4555 Eusebii
3316 4499 3540 4555 Chroni-

312 4607 495 4668 ritate,
527 4602 671 4673 quod
695 4602 869 4667 aiunt,
895 4602 1075 4672 γυμνῇ
1106 4598 1311 4670 κεφαλῇ
1346 4614 1469 4652 cum
1503 4599 1738 4669 Origene
1758 4615 1876 4656 cep-

313 4705 496 4750 tamen
519 4696 656 4748 init:
691 4694 975 4766 palamque
1010 4701 1064 4747 et
1100 4706 1254 4755 voce,
1301 4699 1356 4745 et
1393 4691 1615 4760 scriptis
1656 4705 1874 4748 errores

308 4790 458 4844 illius
508 4788 807 4858 impugnat,
844 4792 898 4840 et
938 4794 1178 4854 apertam
1209 4783 1459 4838 veritatis
1508 4782 1720 4847 faciem,
1764 4799 1873 4837 non

315 4881 637 4950 ambagibus
685 4885 741 4934 et
785 4879 928 4934 dolis
973 4884 1282 4946 suspectam
1333 4876 1669 4930 amatoribus
1716 4891 1877 4945 ett-po.

309 4977 411 5040 nit,
442 4971 1138 5042 volentibusquejudicium
1157 4967 1467 5022 committit.
1501 4965 1877 5036 ldeoquequoo

307 5084 427 5123 rum
470 5067 673 5137 scripta
705 5065 809 5120 sibi
848 5064 1096 5125 molesta,
1141 5068 1196 5116 et
1225 5061 1446 5114 nomina
1483 5060 1668 5113 odiosa
1701 5059 1870 5113 ducit.

306 5162 384 5216 Ne
406 5171 585 5215 tamen
602 5160 823 5214 omnino
841 5157 997 5212 famas
1017 5157 1302 5211 detrahere
1322 5154 1595 5208 videretur
1612 5152 1876 5211 illius.co-

307 5263 578 5324 natusque
606 5268 714 5307 non
745 5254 1036 5312 aestimare,
1062 5251 1163 5303 hoc
1191 5263 1314 5303 eum
1346 5246 1544 5316 elogio.
1572 5243 1680 5296 τῶν
1704 5245 1873 5312 ἁγίων

305 5363 412 5408 τις,
445 5360 553 5415 quo
585 5353 640 5398 et
668 5342 1168 5413 perniciosissimos
1207 5337 1458 5393 homines
1500 5341 1756 5404 exceptos
1798 5333 1875 5387 le.-

305 5439 508 5510 gimns,
545 5436 844 5491 decoravit.

373 5530 507 5586 Ibid.
553 5527 1006 5599 Ἆκριόεστάτην
1029 5526 1150 5580 τῶν
1171 5525 1424 5593 χρόνων.
1445 5518 1709 5588 Georgius
1733 5518 1874 5588 Syn-

305 5627 502 5689 cellus,
545 5627 603 5678 Ὀ
632 5626 816 5695 μέντοι
837 5619 1115 5683 Εὐσέϐιος,
1140 5618 1342 5688 καίπερ
1403 5613 1784 5686 πραγματείαν
1812 5611 1870 5664 οὐ

291 5721 402 5789 ’τὴν
427 5719 695 5789 τυχοῦσαν
736 5714 1122 5784 συλλεξάμενος
1182 5711 1502 5780 φιλοπόνως,
1536 5708 1632 5761 καὶ
1669 5705 1873 5777 aquam

299 5813 401 5885 τὴν
413 5813 606 5868 ἑαυτοῦ
625 5811 879 5885 χρονικὴν
898 5805 1216 5880 συγγραφὴν
1233 5801 1658 5874 κατασεμνὺνας.
1681 5798 1742 5854 Et
1764 5797 1872 5854 Eu-
1925 5871 1928 5875 Ι

1973 4614 2088 4651 con.
2116 4595 2321 4650 Horum
2358 4595 2538 4649 varias
2566 4594 2807 4648 rationes
2831 4602 2883 4646 et
2913 4593 3305 4662 explicationes
3339 4592 3385 4646 si
3412 4593 3537 4662 quis

1973 4689 2268 4751 desiderat,
2297 4689 2439 4758 legat
2469 4687 2792 4756 Apparatum
2811 4683 3032 4740 Pontaci
3052 4685 3106 4738 in
3139 4693 3297 4740 notas
3335 4684 3399 4738 ad
3424 4684 3536 4738 Eu-

1974 4782 2111 4838 sebii
2143 4781 2458 4837 Chronicon.
2478 4778 2550 4833 lbi
2576 4779 2742 4842 enim,
2768 4777 2896 4832 dum
2929 4777 3028 4833 has
3051 4793 3188 4847 quas
3217 4778 3538 4848 scripsimus

1974 4873 2261 4944 opiniones
2297 4871 2515 4933 refellit,
2560 4884 2713 4924 suam
2751 4869 2965 4938 probat,
3007 4876 3060 4922 et
3101 4877 3162 4923 ut
3206 4869 3324 4938 ipse
3350 4868 3539 4924 existi-

1975 4970 2087 5016 mat
2117 4961 2470 5016 validissimis
2511 4958 2812 5013 rationibus
2829 4959 3152 5013 conﬁrmare
3183 4959 3398 5025 nititur,
3430 4976 3538 5014 non

1975 5053 2120 5125 quod
2169 5055 2272 5110 sibi
2313 5058 2694 5124 proposuerat,
2731 5051 2827 5106 sed
2860 5053 3007 5106 aliud
3041 5059 3239 5122 prseter
3282 5069 3431 5123 spem
3485 5065 3539 5108 et

1973 5145 2437 5216 exspectationem
2471 5142 2838 5208 demonstrat;
2875 5144 2950 5196 ait
2976 5153 3242 5212 namque:
3285 5143 3538 5198 Eusebius

1975 5243 2112 5296 enim
2130 5241 2407 5310 distinguit
2432 5237 2593 5292 libros
2613 5237 2864 5294 Historiis
2879 5239 3266 5294 ecclesiastica:
3314 5255 3345 5291 a
3373 5237 3541 5292 Chro-

1975 5335 2121 5398 nico,
2169 5334 2393 5402 quodin
2435 5332 2547 5386 illis
2589 5333 2815 5402 plenius,
2850 5333 2905 5386 in
2939 5333 3034 5386 hoc
3075 5332 3300 5393 brevius,
3332 5331 3386 5383 in
3431 5330 3541 5384 illis

1977 5427 2314 5498 singillatim,
2346 5427 2400 5479 in
2424 5425 2519 5478 hoc
2543 5428 2866 5483 summatim.
2897 5435 2945 5478 et
2976 5427 3156 5493 utipse
3174 5424 3420 5493 loquitur.
3450 5437 3543 5491 per

1973 5521 2250 5588 epitomen,
2280 5527 2328 5572 et
2360 5519 2435 5571 ita
2461 5516 2746 5573 Chronicos
2775 5533 3000 5570 canones
3030 5525 3079 5570 et
3112 5516 3365 5584 epitomen
3404 5513 3540 5568 idem

1974 5625 2103 5678 opus
2130 5625 2243 5662 esse
2276 5607 2424 5662 docet
2456 5609 2917 5676 manifestissime;
2952 5621 3072 5674 quae
3098 5619 3221 5658 eum
3246 5619 3372 5658 vera
3403 5604 3538 5667 sint,

1975 5718 2084 5757 non
2120 5709 2301 5756 tamen
2338 5703 2676 5772 propositum
2709 5701 2856 5758 illius
2900 5697 3172 5767 probant:
3205 5697 3350 5753 aliud
3391 5698 3537 5752 enim

1974 5807 2060 5856 est
2114 5814 2221 5854 una
2264 5813 2387 5854 cum
2441 5796 2719 5853 Ludovico
2763 5793 2926 5848 Vives
2973 5793 3199 5859 sentire,
3247 5795 3542 5865 utrumque
