4064 6290
577 354 683 412 807
1915 343 2159 400 LEOle

2259 344 2472 402 [.LA'I'II
3824 334 3919 390 303

578 470 798 529 Eusebii
817 484 977 541 opus,
1011 475 1066 524 et
1087 466 1386 523 Chronieon
1426 474 1480 520 et
1509 463 1788 534 Epitomen
1821 473 2058 525 exstare,
2094 469 2148 515 et
2175 469 2224 523 Α
2250 468 2379 520 suas
2410 473 2590 529 notas,
2619 463 2932 533 multosque
2947 461 3075 517 dum
3103 462 3240 518 alios
3255 461 3642 531 corrigunt.
3679 453 3774 508 νει
3794 468 3915 508 ειπ-

580 565 728 619 aliud
785 561 1078 618 Eusebium
1121 561 1294 615 libros
1335 573 1447 614 suae
1489 557 1750 611 Historia:
1792 571 1824 608 a
1883 551 2147 608 Chronico
2249 557 2441 626 gitant,
2468 571 2695 627 peccare
2727 564 2781 611 et
2813 555 3112 610 foedissime
3141 555 3611 625 deprehensum
3636 557 3780 610 est;
3812 545 3915 598 ﬂo-

580 653 914 716 distinxisse,
959 661 1014 706 et
1061 652 1116 705 in
1163 651 1256 704 illa
1311 651 1526 720 plenius
1601 657 1653 702 et
1700 645 2044 716 singillatim.
2093 644 2150 697 in
2249 650 2414 703 mines
2447 665 2651 712 sumus,
2697 649 2880 703 aiebat
2924 649 3036 711 ille,
3072 665 3174 702 non
3209 649 3306 702 dii.
3348 643 3536 701 Illud
3587 649 3807 694 tamen
3837 649 3911 695 est

582 746 840 802 Chronico
864 743 1084 799 brevius
1103 751 1157 798 et
1185 742 1527 804 summatim,
1556 755 1645 794 res
1674 747 1879 808 gestas,
1905 745 1959 792 et
1983 751 2153 790 anno-
2249 741 2430 808 aliqua
2463 741 2904 796 consideratione
2944 755 3054 794 non
3107 741 3396 810 indignum
3437 753 3462 791 :
3501 749 3674 790 num
3717 733 3908 787 videli-

582 851 704 890 rum
733 836 930 889 seriem
963 849 1272 888 enarrasse.
1308 831 1619 887 Ridiculum
1652 832 1779 884 item
1827 835 1974 884 esset
2001 843 2153 882 asse-
2247 839 2335 886 cet
2380 831 2646 888 Eusebius
2679 833 2875 902 dignus
2907 848 3005 887 sua
3039 833 3196 887 laude
3218 833 3312 895 sit,
3340 832 3513 885 dum
3567 834 3793 898 spreta
3837 835 3908 882 tot

584 924 888 993 rere,quod
911 923 1130 994 quidam
1153 922 1552 984 existimarunt,
1581 923 1655 975 ita
1677 935 1818 989 opus
1850 919 1952 973 hoc
1985 917 2152 972 Chro-
2250 922 2582 991 scriptorum
2627 921 2938 978 Iudaeorum
2984 933 3040 978 et
3087 923 3584 978 Christianorum
3632 920 3719 974 de
3747 928 3906 974 aetate

583 1016 734 1070 nieon
758 1016 812 1069 in
839 1016 978 1070 duas
1010 1023 1193 1085 partes
1236 1014 1555 1084 digessisse,
1588 1022 1644 1066 ut
1673 1013 1728 1066 in
1753 1013 1922 1082 priori
1967 1019 2153 1066 essent
2250 1013 2452 1085 Moysis
2485 1016 2774 1081 sententia,
2798 1016 2862 1068 ad
2889 1030 3025 1069 nova
3058 1016 3302 1086 quaedam
3322 1024 3595 1086 reperta
3628 1011 3899 1067 recurrit.

583 1109 720 1163 certi
749 1121 991 1162 canones
1025 1121 1119 1160 seu
1151 1105 1376 1160 ordines
1415 1114 1510 1159 aut
1544 1105 1832 1165 columnae,
1864 1104 1916 1156 in
1953 1101 2152 1172 quibus
2251 1107 2395 1162 Sane
2418 1108 2728 1163 veneranda
2761 1107 3082 1177 antiquitas,
3114 1115 3169 1162 et
3197 1108 3550 1178 sapientum
3589 1104 3898 1158 hominum

586 1198 722 1253 nihil
761 1195 907 1251 aliud
948 1197 1298 1257 cernebatur,
1335 1210 1498 1265 quam
1534 1209 1731 1248 nomen
1763 1192 1928 1261 regis,
1967 1199 2021 1246 et
2052 1207 2154 1244 nu-
2251 1199 2533 1255 sementim
2570 1200 2747 1270 digna;
2799 1207 2946 1263 sum,
2983 1215 3123 1270 quas
3155 1209 3208 1255 ει
3239 1201 3670 1256 admiremur.
3708 1206 3768 1251 ει
3809 1196 3897 1250 ho.

585 1289 722 1342 meri
741 1301 1006 1341 annorum
1033 1286 1236 1356 ipsius;
1258 1285 1312 1338 in
1336 1283 1626 1352 posteriori
1651 1283 2066 1337 continerentur
2088 1297 2154 1336 ea
2249 1306 2528 1353 noremus,
2548 1299 2603 1346 et
2637 1301 2788 1345 extra
2804 1306 2898 1346 eas
2919 1291 3099 1361 vagari
3127 1291 3288 1347 nimis
3316 1291 3765 1362 periculi-sum
3794 1295 3891 1343 est.

586 1382 788 1444 omnia.
813 1394 934 1450 quae
962 1377 1027 1432 ad
1057 1377 1340 1432 historiam
1368 1375 1719 1444 Ρεΐιίιιθτθηιν
1753 1390 1980 1444 quaeque
2007 1389 2154 1428 nunc
2250 1383 2432 1450 Quare
2459 1382 2725 1454 Georgius
2757 1383 3045 1455 Syncellus
3074 1385 3270 1438 mirum
3305 1385 3357 1438 in
3390 1383 3681 1437 modum
3727 1379 3889 1436 Euse-

587 1473 838 1528 diversas
869 1471 968 1524 has
995 1469 1279 1523 columnas
1309 1476 1596 1536 occupant.
1643 1465 1774 1520 Rem
1815 1467 1976 1536 igitur
2015 1467 2154 1521 hanc

2259 1477 2323 1531 bii
2354 1476 2643 1530 consilium
2662 1477 2900 1547 exagitat
2933 1477 3018 1532 his
3042 1477 3224 1532 verbis
3260 1496 3274 1531 :
3303 1477 3433 1530 Ὀτι
3477 1476 3612 1546 μὲν
3656 1470 3761 1528 οὗν
3788 1477 3881 1528 αὐ-

588 1564 778 1618 multis
799 1560 1207 1644 diliicultatibus
1248 1558 1606 1621 obstructam,
1647 1558 1732 1612 vel
1763 1573 1830 1612 ex
1875 1558 1988 1612 seta
2032 1573 2154 1611 ver-

2259 1569 2343 1632 τδς
2390 1566 2565 1640 ἑαυτῷ
2613 1569 2712 1638 τὴν
2765 1568 2995 1622 ἀτοπίαν
3039 1568 3131 1622 τοῦ
3183 1567 3341 1636 λόγου
3392 1567 3882 1640 μεμαρτύρηκεν

589 1652 783 1708 borum
818 1650 1034 1706 Eusebii
1063 1650 1528 1720 interpretatione,
1560 1649 1931 1718 planissimam
1960 1647 2158 1704 elﬁcie-

2259 1658 2533 1722 Εὐσέϐιος,
2551 1660 2712 1729 ἀρκεῖ
2741 1659 2876 1728 πρὸς
2899 1660 3222 1731 κατανόησιν
3251 1662 3363 1723 τοῖς
3391 1677 3466 1729 γε
3491 1660 3720 1722 ποσῶς
3753 1678 3874 1728 μετ-

591 1759 738 1808 mus,
769 1745 814 1799 si
855 1758 975 1814 quas
1001 1742 1113 1812 jam
1157 1741 1400 1812 praedicti
1440 1749 1692 1796 auctores
1722 1741 1774 1794 in
1810 1739 2042 1795 Eusebio
2072 1741 2156 1796 di-

2259 1749 2510 1822 εσχηκόσι
2568 1749 2922 1814 παιδεύσεως,
2965 1751 3129 1822 ἄλλης
3181 1768 3242 1804 τε
3285 1751 3379 1805 καὶ
3433 1753 3570 1823 τῆς
3624 1752 3697 1804 ἐν
3743 1753 3872 1805 im

593 1829 806 1888 vidunt,
833 1837 887 1883 et
926 1829 1002 1882 uti
1042 1829 1179 1884 duos
1216 1837 1483 1883 tractatus
1520 1836 1860 1899 agnoscunt,
1897 1845 2064 1883 unum
2099 1837 2153 1884 et

2259 1841 2398 1912 ρίαις
2425 1840 2678 1904 παλαιαῖς
2727 1843 3178 1914 ὁμολογουμένης.
3221 1844 3315 1896 Ἐν
3353 1842 3476 1915 γὰρ
3525 1843 3708 1914 αὐτῷ
3741 1844 3866 1914 πρός

593 1918 842 1973 eumdem
873 1933 995 1973 esse
1024 1917 1410 1973 existimarint.
1446 1915 1656 1971 Etenim
1681 1916 1947 1972 Eusebius
1975 1932 2154 1972 rerum

2259 1931 2561 2001 ἀνατροπὴν
2614 1929 2721 1984 τῶν
2775 1931 3273 2002 συγγεγραμμένων
3319 1931 3494 2002 ἢρκει
3551 1929 3758 1990 τοῦτο,
3783 1932 3861 1982 καὶ

595 2010 990 2080 praeteritarum
1023 2009 1408 2078 peritissimus,
1439 2009 1493 2062 in
1525 2005 1768 2060 Historia
1801 2008 2157 2062 ecclesiastica

595 2115 775 2155 rerum
809 2100 991 2155 varios
1023 2109 1253 2156 eventus
1290 2100 1518 2168 prolixe,
1553 2106 1607 2153 et
1641 2106 1700 2153 ut
1731 2099 1997 2155 historico
2031 2115 2153 2154 mu-

593 2189 711 2246 neri
752 2191 1118 2252 incumbebat,
1142 2190 1438 2256 enarravit,
1483 2190 1618 2245 nulli
1664 2190 1978 2253 verborum,
2022 2190 2155 2244 nulli

592 2294 820 2348 parcens
843 2281 1238 2335 sententiarum
1264 2288 1574 2335 structuras.
1603 2278 1726 2334 Haec
1749 2280 1931 2334 omnia
1959 2287 2017 2334 ut
2039 2296 2158 2334 me-

594 2369 702 2425 lius
735 2371 948 2434 lectori,
980 2369 1305 2440 faciliusque
1345 2378 1570 2442 possent
1603 2385 1916 2435 occurrere,
1967 2385 2160 2440 super-

593 2458 720 2514 ﬂuis
774 2460 1038 2514 detractis
1078 2463 1373 2531 minusque
1423 2463 1751 2516 necessariis
1802 2461 2155 2524 detruncatis,

597 2562 885 2623 antequam
907 2553 1197 2609 Historiam
1211 2553 1606 2617 conscriberet,
1635 2553 1806 2614 veluti,
1830 2553 1884 2606 in
1919 2554 2161 2622 epitome

598 2648 656 2700 in
698 2660 798 2701 suo
833 2644 1088 2700 Chronico
1116 2645 1438 2714 digesserat.
1476 2640 1590 2696 Hoc
1637 2643 1783 2698 enim
1835 2644 1997 2697 verba
2042 2641 2160 2711 ipsa

601 2735 820 2791 Eusebii
842 2737 1000 2791 nobis
1029 2736 1283 2800 innuunt,
1310 2751 1432 2806 quae
1467 2736 1608 2791 male
1637 2736 1993 2804 interpretum
2026 2735 2160 2787 vitio

597 2842 848 2902 excerpta
883 2833 1014 2887 viris
1053 2831 1442 2890 eruditissimis
1499 2846 1708 2902 magna:
1743 2830 1894 2886 fuere
1940 2829 2163 2885 dillicul-

599 2927 717 2980 tati.
768 2923 1046 2979 Sententia
1088 2924 1290 2995 quippe
1336 2923 1556 2978 illorum
1602 2923 1892 2978 verborum
1942 2930 2087 2976 recte
2129 2936 2160 2975 a

600 3015 810 3070 Ruliino
850 3029 1109 3084 expressa
1142 3030 1205 3069 ea
1233 3020 1316 3070 est
1343 3031 1357 3068 :
1393 3013 1646 3080 Quamvis
1667 3012 1786 3082 jam
1829 3011 1893 3064 de
1923 3011 2011 3074 his
2029 3011 2160 3081 ipsis

599 3108 854 3164 nonnulla
877 3107 1035 3162 etiam
1060 3109 1112 3160 in
1145 3104 1420 3161 Chronicis
1455 3103 1530 3174 (id
1561 3111 1660 3166 est,
1688 3105 1742 3155 in
1761 3118 1819 3155 eo
1853 3117 2003 3170 opere
2023 3102 2159 3172 quod

599 3197 664 3252 de
697 3206 983 3267 temporum
1013 3197 1218 3251 ratione
1242 3195 1668 3264 conscripsimus)
1699 3193 1918 3246 breviter
1952 3194 2156 3246 succin-

598 3301 775 3362 cteque
793 3288 1207 3358 perstrinxerim,
1228 3288 1431 3356 plenius
1462 3295 1634 3338 tamen
1665 3287 1717 3338 in
1738 3285 1985 3352 prwsenti
2008 3299 2157 3354 opere

599 3383 925 3454 singulorum
948 3380 1304 3434 narrationem
1326 3380 1526 3447 aperire
1550 3376 1883 3430 tentabimus.
1912 3376 2159 3446 Epitome

602 3475 784 3544 itaque
810 3487 972 3543 quam
994 3472 1082 3526 hic
1108 3472 1292 3526 laudat
1314 3470 1601 3536 Eusebius,
1636 3485 1746 3523 non
1773 3477 1857 3524 est
1878 3469 1962 3524 sui
1991 3468 2160 3524 Chro-

603 3563 709 3617 nici
734 3564 989 3634 epitome,
1016 3574 1074 3614 ut
1108 3559 1219 3614 fere
1255 3573 1446 3612 omnes
1486 3557 1694 3626 opinati
1735 3562 1866 3610 sunt
1896 3553 1966 3608 ad
2013 3555 2158 3608 hunc

601 3654 765 3718 diem,
794 3653 888 3708 sed
911 3661 996 3708 est
1021 3653 1255 3722 epitome
1284 3665 1486 3712 rerum,
1515 3664 1650 3718 quas
1679 3647 1911 3717 plenius,
1947 3654 2000 3700 et
2034 3662 2159 3715 pro-

604 3744 783 3798 lixiori
816 3744 1100 3798 verborum
1129 3751 1183 3797 et
1209 3741 1601 3797 sententiarum
1644 3740 1849 3794 ambitu
1884 3743 1937 3791 in
1975 3736 2157 3791 Histo-

604 3837 688 3890 ria
713 3835 887 3890 fuerat
917 3840 1258 3904 prosecutus.
1295 3830 1484 3902 Neque
1529 3828 1750 3885 Suidam
1782 3831 1828 3885 si
1877 3830 2159 3884 minimam

602 3929 890 3982 verborum
920 3927 1115 3981 seriem
1148 3927 1409 3990 invertas,
1450 3923 1519 3978 ab
1546 3922 1647 3977 hac
1675 3935 1860 3977 nostra
1889 3924 2159 3978 sententia

602 4019 869 4074 dissidere
912 4021 995 4074 vel
1044 4019 1360 4073 discordare
1406 4017 1750 4087 comperies;
1785 4016 1862 4070 ait
1899 4018 2043 4072 enim
2092 4016 2159 4071 de

604 4110 917 4174 Eusebio,et
927 4111 1048 4179 ejus
1061 4113 1276 4185 scriptis
1295 4133 1308 4168 :
1340 4109 1886 4179 Ἐκκλησιαστικῆς
1898 4111 2162 4180 ἱστορίας

605 4201 754 4270 λόγοι
779 4199 831 4266 ι’,
866 4199 1144 4269 Χρονικῶν
1215 4201 1451 4254 κανόνων
1497 4202 1842 4273 παντοδαπῆς
1899 4203 2158 4274 ἱστορίας,

607 4297 702 4350 καὶ
732 4293 933 4350 τούτων
953 4290 1388 4363 ἐπιτομή.Τιι.ἱιο
1407 4290 1596 4364 legito:
1628 4289 2170 4358 Ἔκκλησιαστικῆς

606 4375 870 4444 ἱστορίας
884 4380 1028 4449 λόγοι
1062 4380 1112 4444 ι’,
1141 4381 1234 4434 καὶ
1265 4381 1466 4436 τούτων
1495 4383 1726 4454 ἐπιτομὴ
1754 4384 2028 4456 Χρονικῶν
2061 4401 2162 4439 κα-

2257 2023 2414 2093 μόνον
2431 2022 2489 2075 τὸ
2515 2025 2634 2086 ταῖς
2656 2022 2941 2083 τοσαύταις
2960 2022 3290 2094 τηλικούτων
3317 2023 3516 2089 δόξαις
3533 2022 3770 2094 ἀνδρῶν
3788 2040 3855 2089 cpt-

2253 2113 2495 2183 λοσόφων
2549 2115 2876 2179 ἀντιπεσεῖν,
2928 2115 3241 2186 ἀμάρτυρόν
3269 2131 3328 2167 τε
3359 2115 3468 2185 τὴν
3525 2114 3848 2185 παράὐταῦ

2255 2207 2704 2277 παρεισαγαγεῖν.
2740 2206 2820 2259 Τὰ
2851 2204 2958 2276 γὰρ
2991 2208 3110 2269 ταῖς
3136 2204 3244 2258 τῶν
3273 2205 3522 2269 πολλῶν,
3566 2205 3837 2276 μᾶλλωῶ

2252 2297 2363 2350 τῶν
2391 2297 2602 2352 πάντων
2617 2297 2796 2362 δόξαις
2816 2297 3240 2369 ἀντεισαγόμενα
3261 2297 3414 2369 μόλις
3430 2297 3536 2364 ἂν,
3582 2297 3692 2350 καὶ
3729 2295 3827 2365 μετὰ

2255 2386 2458 2456 πολλῆς
2483 2387 2859 2458 προσδεχθεὴν
2887 2387 2954 2440 ἂν
2985 2385 3308 2450 ἀποδείξεως
3337 2386 3500 2459 παρὰ
3536 2389 3668 2451 τοῖς
3698 2383 3752 2440 εὖ
3771 2389 3822 2439 ti-

2255 2474 2368 2528 δόσι
2399 2474 2571 2528 ταῦτα
2603 2475 2827 2546 κρίνειν.
2851 2473 3123 2543 Josephus
3155 2473 3396 2546 Scaliger
3423 2475 3755 2530 Eusebium
3778 2475 3829 2526 ali

2259 2569 2361 2623 hac
2411 2566 2629 2638 Georgii
2677 2568 3115 2636 expostulatione
3167 2567 3426 2623 vindicat.
3498 2567 3666 2621 Nam
3713 2565 3825 2634 quod

2257 2662 2488 2715 omnium
2517 2677 2768 2714 consensu
2804 2669 3062 2728 receptum
3075 2669 3174 2724 est,
3202 2669 3250 2714 et
3279 2671 3518 2726 tempore
3542 2659 3732 2729 fidem,
3757 2667 3830 2711 elo

2257 2769 2355 2825 que
2385 2754 2755 2806 auctoritatem
2787 2754 2997 2819 meruit,
3039 2769 3144 2805 non
3175 2753 3410 2822 sequitur
3430 2752 3825 2807 necessariam-

2259 2860 2376 2897 rum
2427 2861 2557 2898 esse.
2619 2843 2766 2898 Bona
2822 2845 2984 2908 ratio,
3038 2845 3225 2899 nescio
3257 2861 3326 2898 an
3373 2860 3402 2898 a
3438 2855 3602 2900 recta
3633 2851 3822 2898 mente.

2259 2937 2468 2992 Nollem
2501 2936 2838 3008 Scaligerum
2871 2938 2975 2993 hoc
3023 2940 3244 2993 nomine
3282 2949 3536 2992 veterum
3608 2935 3816 3008 P.atrurn

2260 3028 2646 3097 catholicaeque
2695 3027 2949 3083 Ecclesiae
2977 3043 3008 3082 a
3038 3043 3140 3082 suo
3189 3027 3416 3083 exordio
3473 3028 3816 3083 continuam

2263 3121 2564 3175 sententias
2603 3122 3038 3190 auctoritateque
3071 3121 3278 3173 ﬁrmata
3310 3119 3566 3188 dogmata
3625 3117 3809 3186 rejioe-

2260 3227 2319 3268 re
2339 3253 2356 3278 ,
2403 3212 2732 3267 intrudendo
2762 3227 2900 3266 nova
2928 3229 2942 3266 :
2975 3211 3102 3282 quia
3130 3228 3230 3264 non
3264 3212 3500 3280 sequitur
3524 3208 3804 3264 necessario

2261 3321 2382 3358 sera
2406 3321 2538 3360 esse.
2564 3303 2926 3360 Novatoribus
2943 3303 3087 3360 favet
3108 3303 3225 3375 ipse
3244 3311 3489 3358 novatur.
3509 3300 3643 3355 Sciat
3657 3313 3787 3354 nova

2261 3397 2446 3453 omnia
2480 3408 2732 3468 suspecta
2769 3412 2910 3453 esse.
3675 3403 3679 3405 ’

2332 3491 2494 3554 lbid.,
2530 3491 2625 3544 lin.
2651 3491 2704 3546 9.
2732 3487 3022 3558 Χρονικοῦ
3050 3490 3327 3554 κανόνος.
3355 3483 3667 3545 Ex‘Eusebio,
3694 3477 3772 3532 Ἐν

2261 3581 2318 3635 δὲ
2343 3581 2421 3652 τῷ
2450 3582 2675 3651 παρόντι
2707 3582 2798 3634 ἐπὶ
2820 3581 2882 3634 τὸ
2908 3580 3038 3635 αὐτὸ
3071 3581 3196 3644 τοὺς
3223 3580 3446 3652 χρόνους
3476 3572 3781 3645 συναγαγὼν.

2261 3673 2650 3746 ἀντιπαραθεὶς
2677 3675 2741 3727 ὲκ
2771 3673 3112 3745 παραλλήλου
3148 3672 3238 3725 τὸν
3266 3673 3392 3744 παρ’
3408 3671 3612 3741 ἑκάστῳ
3664 3665 3787 3718 {livet

2261 3765 2370 3820 τῶν
2394 3765 2529 3818 ἐτῶν
2559 3765 2808 3836 ἀριθμὸν,
2838 3765 3086 3837 χρονικοῦ
3113 3765 3336 3826 κανόνος
3360 3762 3607 3826 σύνταξιν
3631 3761 3796 3826 ἐποιη-

2266 3855 2636 3927 σάμην.’ορυε
2661 3857 2760 3909 hoc
2799 3854 3017 3909 Eusebii
3043 3854 3211 3908 variis
3245 3853 3434 3917 titulis,
3466 3867 3562 3907 seu
3590 3846 3795 3904 nomini-

2263 3943 2366 4000 bus
2421 3945 2740 4016 insignitur;
2787 3944 3115 4015 quibusdam
3151 3944 3293 3997 enim
3324 3943 3528 3996 dicitur
3560 3937 3795 3995 Chronica

2264 4037 2320 4090 in
2355 4037 2616 4108 singulari
2662 4037 2942 4099 feminino,
2977 4035 3098 4090 aliis
3121 4031 3414 4093 Chronicae,
3443 4033 3568 4086 aliis
3596 4026 3795 4085 Chroni-

2263 4144 2402 4188 cum.
2432 4130 2554 4184 aliis
2589 4127 2858 4191 Chronici,
2891 4128 3014 4182 aliis
3044 4127 3328 4188 Chronica,
3362 4124 3486 4178 aliis
3522 4121 3791 4178 Chronico-

2263 4236 2381 4273 rum
2413 4221 2555 4284 libri,
2587 4221 2710 4275 aliis
2741 4219 2967 4273 historia
3008 4216 3290 4278 Chronica,
3335 4215 3578 4270 Historia
3623 4223 3794 4277 tempo-

2264 4328 2400 4378 rum,
2434 4311 2677 4366 Historia
2707 4310 3109 4377 Chronieorum,
3146 4311 3398 4372 Annales,
3428 4307 3590 4363 Liber
3626 4316 3797 4371 tempo-

2263 4420 2404 4468 rum,
2471 4403 2850 4459 Chronicorum
2910 4403 3183 4458 Canonum
3231 4403 3508 4470 multiplex
3565 4396 3796 4454 historia.

605 4470 772 4524 νόνων
814 4470 1160 4541 παντοδαπῆς
1199 4471 1482 4542 ἱστορίαςε
1521 4488 1715 4542 nempe
1762 4473 2159 4530 Ecclesiasticaa

2265 4494 2560 4550 Chronicon
2608 4494 2922 4549 omnimodis
2974 4495 3229 4549 historia.
3286 4493 3484 4548 Verum
3527 4500 3591 4546 ut
3621 4490 3799 4546 clarius

608 4561 850 4616 historia:
873 4560 995 4613 libri
1020 4560 1212 4620 decem,
1230 4573 1280 4614 et
1303 4561 1486 4615 horum
1513 4560 1756 4632 Epitome
1786 4562 2162 4619 Chronicorum

608 4669 868 4708 canonum
899 4651 1211 4706 omnimodis
1240 4653 1496 4718 historiae,
1523 4659 1680 4724 quasi
1729 4655 1956 4719 diceret,
1988 4656 2164 4712 Cano—

609 4759 710 4800 nes
739 4743 1065 4798 omnimodae
1093 4743 1340 4798 historia:
1375 4743 1641 4798 librorum
1685 4742 2162 4810 decem,Historite

611 4833 981 4889 ecclesiastica:
1055 4843 1188 4890 sunt
1257 4837 1512 4906 epitome.
1576 4834 1916 4906 Conscripsit
1975 4839 2162 4910 itaque

608 4923 900 4978 Chronicon
951 4923 1218 4980 Eusebius
1266 4927 1413 4997 quod
1457 4938 1542 4983 est
1569 4928 1732 4982 veluti
1779 4931 2158 4999 cornipendium

607 5029 790 5068 rerum
826 5029 856 5067 a
886 5030 946 5070 se
979 5017 1306 5086 scriptarum
1339 5020 1392 5073 in
1429 5018 1670 5074 Historia
1701 5021 2077 5086 ecclesiastica,
2108 5035 2163 5078 et

606 5122 714 5162 non
744 5106 1072 5171 Chronicon,
1099 5118 1154 5164 et
1192 5111 1582 5182 Compendium
1611 5115 1887 5182 chronici,
1919 5127 1978 5171 ut
2005 5119 2160 5172 multi

606 5209 808 5255 temere
837 5200 1046 5270 Opinati
1079 5208 1228 5256 sunt.

677 5291 795 5346 Col.
833 5291 956 5356 708,
994 5293 1088 5373 lin.
1116 5294 1165 5347 7.
1211 5295 1338 5360 Τοῖς
1354 5300 1593 5366 χρόνοις
1633 5299 1864 5370 Ἰνάχου
1887 5304 1993 5358 τὸν
2018 5304 2157 5375 μέν.

604 5375 896 5434 Eusebium
921 5379 975 5434 in
1000 5396 1099 5435 suo
1123 5380 1380 5440 Chronico
1414 5389 1466 5441 in
1495 5391 1682 5444 multis
1711 5408 1833 5447 esse
1864 5394 2163 5448 hallucina-

604 5477 717 5522 tum
751 5471 950 5541 reperit
978 5471 1250 5544 Jositphus
1282 5474 1548 5548 Scaliger,
1597 5491 1650 5536 et
1683 5485 1796 5548 alii,
1832 5495 1884 5540 et
1918 5497 2044 5543 ante
2067 5505 2162 5546 eos

603 5559 868 5634 Georgius
902 5564 1211 5637 Synccllus.
1268 5569 1380 5624 Nec
1415 5573 1612 5630 mirum
1665 5585 1749 5630 est
1795 5578 2068 5634 hominem
2107 5583 2162 5638 in

606 5661 754 5742 tanta
789 5673 968 5712 rerum
995 5660 1355 5723 obscuritate,
1389 5679 1452 5718 ac
1482 5667 1823 5736 ignoratione
1869 5673 2162 5742 aliquando

604 5741 816 5810 lapsum
848 5751 1033 5812 fuisse.
1067 5755 1276 5814 Habent
1309 5766 1364 5815 et
1391 5760 1582 5832 reliqui
1623 5777 1814 5821 omnes
1864 5767 2161 5840 scriptores

2262 4586 2444 4641 omnia
2500 4586 2615 4640 haec
2663 4587 3031 4649 innotescant,
3087 4602 3156 4640 ne
3195 4586 3361 4640 variis
3392 4585 3569 4640 titulis
3593 4599 3680 4639 res
3711 4593 3799 4634 una

2260 4678 2560 4748 eademque
2579 4679 2923 4745 obscuretur,
2947 4693 3122 4747 opera:
3145 4679 3378 4749 pretium
3404 4680 3508 4732 erit
3523 4678 3798 4746 explicare.

2261 4770 2512 4840 quisnam
2570 4769 2734 4825 fuerit
2762 4770 2850 4824 hic
2891 4769 3112 4825 Eusebii
3163 4779 3450 4830 tractatus,
3493 4778 3545 4824 et
3595 4770 3651 4823 in
3701 4777 3800 4835 qua:

2261 4862 2501 4916 membra
2526 4861 2754 4928 divisus,
2784 4871 2839 4917 et
2870 4863 2995 4933 quis
3026 4863 3332 4934 praecipuus
3364 4863 3683 4933 primusque
3699 4857 3800 4926 ejus

2261 4967 2481 5022 scapus.
2549 4951 2726 5006 Unum
2805 4953 2990 5022 itaque
3045 4953 3344 5022 perfectura
3401 4953 3799 5017 absolutumque

2260 5043 2364 5098 fuit
2393 5043 2608 5099 Eusebii
2639 5042 2950 5102 Chronicon.
2973 5043 3143 5110 Quod,
3175 5052 3232 5098 ut
3264 5044 3614 5099 Marcellinus
3639 5051 3800 5098 comes

2261 5137 2316 5190 in
2353 5135 2666 5206 pra-ratione
2691 5139 2776 5191 sui
2806 5135 3053 5190 Chronici
3088 5137 3306 5199 asserit,
3343 5155 3376 5189 a
3408 5135 3592 5190 mundi
3618 5133 3798 5206 fabrica

2259 5243 2422 5296 usque
2473 5228 2541 5280 ad
2598 5225 3000 5282 Constantinum
3056 5229 3342 5297 principem
3401 5226 3661 5281 Eusebius
3702 5222 3800 5278 Cte-

2261 5321 2510 5374 sariensis
2533 5321 2689 5389 hujus
2717 5321 2898 5374 sa'cuti
2920 5321 3195 5389 originem,
3229 5332 3480 5389 tempora.
3516 5336 3700 5380 annos,
3733 5329 3798 5367 τε·

2262 5428 2385 5481 gna,
2417 5415 2728 5482 virtutesque
2757 5413 3081 5476 mortalium,
3118 5422 3168 5466 et
3194 5414 3463 5466 variarum
3509 5413 3703 5464 artium
3730 5422 3800 5459 re-

2262 5513 2514 5569 pertores.
2543 5504 2872 5572 omniumque
2897 5520 3023 5572 pene
3060 5505 3446 5571 provinciarum
3487 5507 3800 5557 monumenta

2265 5589 2445 5644 erco
2469 5591 2631 5645 edidit
2657 5596 2816 5663 stylo,
2853 5606 3127 5666 nosterque
3161 5595 3512 5667 Hieronymus
3548 5592 3798 5649 transtulit

2245 5683 2313 5735 in
2340 5681 2608 5744 Latinum,
2635 5695 2684 5738 et
2718 5701 2876 5755 usque
2900 5688 2954 5740 in
2991 5687 3258 5742 Valentem
3287 5689 3549 5744 Cwsarem
3584 5687 3798 5742 Romano

2263 5773 2453 5841 adjecit
2508 5772 2736 5840 eloquio.
2790 5777 2964 5846 Igitur
3008 5786 3220 5848 uterque
3258 5778 3412 5847 hujus
3440 5780 3609 5847 operis
3637 5784 3799 5832 auctor

3973 2887 3979 3014 ἱ

3973 3025 3980 3091 l
