4064 6290
243 376 354 431 809

1279 370 1344 426 IN
1384 364 1752 425 EUSTATHll
1786 361 2253 420 HEXAEMERON
2292 360 2516 417 NOTAE.

3355 357 3461 416 850

243 474 901 546 vuuuxxvm'annoram
939 487 1077 542 hunc
1108 486 1360 541 mundum
1384 494 1507 539 tunc
1536 485 1650 554 fore
1674 484 1809 537 miro
1838 491 1885 548 Α
1908 490 1963 536 et
1984 480 2062 535 rei
2089 477 2526 535 demonstrandae
2552 476 2894 549 propositum
2921 476 3100 547 potius
3128 474 3180 530 id
3205 490 3468 545 exposce-

244 583 575 653 eompataeit
619 581 845 653 ingenio.
903 580 1077 650 Hujus
1150 579 1464 635 excellentis
1522 586 1578 633 et
1642 577 1807 631 unius
1911 555 2044 651 bant
2074 579 2132 625 ιιι
2155 571 2224 625 ab
2265 572 2458 635 Adam,
2486 571 2572 626 vel
2603 568 2651 625 si
2703 584 2734 623 a
2780 568 2999 640 regibus
3039 582 3070 621 a
3120 566 3268 631 Belo,
3302 571 3382 622 \‘cl
3431 580 3470 623 a

245 677 438 748 operis
480 682 666 747 partes
701 675 839 729 duas
865 681 1055 728 auctor
1091 672 1254 728 fecit:
1294 671 1527 742 priorem
1573 669 1815 734 Κανόνας

245 762 608 832 παντοδαπῆς
655 762 891 833 ἱστορίας
915 778 930 793 ’
981 762 1352 831 posteriorem,
1382 759 1594 813 Κανόνα
1633 776 1814 831 χρονι-

246 852 347 907 κόν
378 852 682 923 inscripsit.
700 850 759 905 ln
787 852 1021 922 priorem
1048 853 1290 906 omnium
1322 851 1584 921 gentium,
1620 865 1818 922 regno-

247 960 399 1008 rum,
437 944 743 1008 civitatum,
790 943 1081 1006 cunabula,
1142 942 1402 1012 origines,
1462 943 1816 1012 antiquitates

248 1036 569 1091 contulerat
594 1052 611 1093 :
636 1034 693 1089 in
717 1033 1010 1091 secundam
1028 1033 1204 1089 solum
1228 1036 1421 1088 seriem
1440 1048 1814 1100 numerorum,

252 1142 354 1183 seu
374 1140 650 1181 annorum
685 1125 1091 1195 imperatorum,
1119 1130 1172 1177 et
1197 1122 1459 1177 nonnulla
1484 1122 1609 1176 alia.
1633 1120 1818 1177 Prima

252 1234 389 1290 pars
435 1218 704 1290 prolixior
760 1232 827 1272 ex
872 1214 1041 1269 variis
1102 1213 1419 1269 auctoribus
1473 1212 1814 1280 concinnata,

254 1309 422 1381 quasi
470 1307 688 1372 dill‘usa,
732 1313 787 1361 et
828 1319 964 1375 pene
1020 1304 1327 1358 communis
1362 1302 1430 1357 ad
1467 1317 1820 1373 quascunque

254 1402 398 1456 alias
428 1400 670 1455 rationes
699 1404 1002 1466 temporum
1030 1396 1187 1451 nobis
1220 1394 1567 1466 proponitur.
1610 1394 1820 1449 Secun-

258 1493 332 1549 da
365 1492 611 1549 strictior
634 1497 687 1545 et
714 1489 957 1560 pressior
998 1489 1100 1544 soli
1129 1486 1578 1543 demonstrationi
1608 1485 1813 1552 dedita,

261 1600 443 1639 annos
481 1596 773 1651 eorumque
826 1580 1027 1636 seriem
1075 1595 1171 1650 per
1217 1580 1414 1650 strigas
1467 1586 1522 1634 et
1580 1578 1820 1647 virgulas

261 1674 612 1740 manifestat;
644 1672 813 1727 multa
853 1687 974 1741 quae
1026 1670 1083 1724 in
1123 1670 1291 1741 priori
1344 1678 1497 1742 parte
1552 1669 1814 1737 confusa,

264 1767 325 1823 in
403 1765 643 1823 secunda
704 1762 960 1821 distincta
1038 1766 1338 1816 cernuntur
1393 1779 1407 1816 :
1480 1761 1534 1815 in
1608 1759 1824 1815 Conone

1916 664 2172 729 Saturno,
2199 664 2285 719 vel
2308 662 2431 718 aliis
2453 660 2858 732 antiquioribus
2896 660 3110 716 initium
3140 659 3353 715 dicendi
3387 659 3470 714 l’a-

1914 766 2081 814 ceret.
2126 757 2249 828 ipse
2289 770 2420 812 vero
2481 771 2511 808 a
2544 755 2683 810 Nino
2713 770 2809 812 seu
2865 754 3137 808 Abraham
3169 752 3469 810 exorditur.

1914 848 2182 905 Caeterum
2214 848 2471 913 Eusebio,
2504 847 2754 918 aliisque,
2797 846 2891 917 qui
2918 860 3017 916 pro
3048 845 3390 914 antiquitate,
3417 853 3472 898 et

1914 943 2157 997 veritatis
2188 940 2453 1011 religione
2486 954 2610 994 cum
2636 940 2888 1010 gentibus
2916 937 3220 1001 certabant,
3249 950 3472 992 necesse

1916 1040 2062 1101 erat,
2095 1041 2156 1087 ut
2185 1048 2252 1087 ex
2305 1033 2469 1089 rebus
2498 1032 2639 1103 apud
2680 1033 2802 1087 illos
2832 1031 2996 1093 notis,
3060 1028 3304 1099 nullique
3336 1042 3472 1082 con-

1918 1125 2178 1181 troversis
2198 1125 2397 1195 scripta
2413 1132 2814 1195 componerent.
2834 1122 3075 1177 Ethnieis
3099 1129 3277 1175 autem
3298 1120 3474 1176 histo-

1917 1218 2246 1288 riographis,
2298 1226 2409 1272 tam
2461 1217 2663 1273 Graecis
2715 1230 2877 1286 quam
2938 1213 3146 1269 Latinis
3188 1224 3477 1267 commune

1920 1308 2043 1375 fuit,
2075 1318 2134 1365 ut
2162 1318 2393 1365 testatur
2420 1308 2624 1364 Paulus
2658 1308 2906 1372 Orosius,
2938 1315 2999 1361 ut
3038 1305 3262 1360 annales
3289 1319 3418 1359 suos
3443 1318 3474 1358 a

1919 1401 2060 1457 Nino
2082 1401 2403 1471 inciperent,
2428 1410 2551 1455 cum
2575 1400 2757 1455 omnia
2790 1406 2914 1453 ante
2933 1412 3056 1453 eum
3089 1396 3304 1466 penitus
3325 1395 3480 1465 igno-

1922 1500 2124 1555 rarent,
2154 1508 2254 1547 nec
2284 1492 2538 1562 gentilem
2578 1491 2746 1545 ullam
2780 1490 3042 1544 baberent
3073 1486 3375 1542 historiam.
3413 1484 3481 1541 Et

1923 1583 2041 1653 ipse
2073 1581 2338 1637 Eusebius
2371 1582 2428 1637 in
2466 1579 2781 1652 praefatione
2814 1597 2826 1633 :
2862 1578 2949 1631 Ἐν
2975 1570 3056 1639 οἷς
3105 1576 3254 1629 οὐδὲν
3289 1574 3477 1645 ἐπίση-

1927 1693 2022 1747 μον
2055 1674 2274 1744 γεγονὸς
2310 1675 2599 1747 ἱστορεῖται
2639 1673 2767 1744 παρ’
2789 1672 3064 1743 Ἕλλησιν.
3088 1669 3226 1724 Hinc
3265 1667 3483 1723 Tertul-

1925 1766 2104 1821 liauus
2152 1765 2246 1820 lib.
2300 1765 2378 1819 De
2417 1763 2636 1834 pallio:
2690 1763 2842 1832 I’iget
2892 1762 3071 1815 tristia
3122 1776 3224 1813 non
3282 1758 3478 1821 minus,

261 1859 414 1915 enim
481 1856 721 1912 chronico
798 1853 1180 1911 consideratur
1242 1863 1298 1909 et
1364 1853 1535 1910 series
1599 1860 1654 1908 et
1728 1867 1811 1907 re-
1850 1854 1894 1908 Β
1921 1874 2078 1928 quam
2113 1874 2387 1927 regnorum
2431 1858 2561 1910 vices
2599 1871 2879 1910 recensere.
2917 1854 3131 1921 Quoties
3158 1862 3208 1907 et
3237 1853 3342 1906 ista
3371 1866 3488 1904 mu-

260 1959 387 2006 ctus
448 1949 584 2004 ordo
654 1962 1004 2003 numerorum
1083 1961 1181 2002 Seu
1244 1961 1511 2001 annorum
1538 1983 1554 2011 ,
1613 1959 1825 2000 necnon

258 2041 582 2098 earumdem
615 2039 886 2110 oppositio
918 2039 1257 2095 diversorum
1303 2037 1575 2093 ordinum.
1626 2036 1822 2090 Arual-

258 2133 367 2188 dus
401 2131 678 2188 Pontacus
726 2139 878 2201 putat
919 2129 1171 2186 Canones
1228 2129 1518 2183 chronicos
1550 2127 1628 2182 nil
1676 2126 1823 2181 aliud

257 2239 409 2287 esse,
438 2237 603 2294 quam
631 2223 845 2277 tabulas
869 2222 1101 2291 aliquas,
1140 2218 1195 2274 id
1224 2226 1329 2283 est,
1389 2218 1606 2273 diversa
1647 2216 1824 2286 spatia

257 2313 515 2369 dimensa
549 2312 709 2368 lineis
737 2327 802 2367 ac
823 2310 1121 2373 laterculis,
1172 2324 1292 2379 quae
1315 2307 1601 2363 continent
1634 2320 1824 2360 nume-
1854 2332 1859 2337 -

257 2417 358 2457 ros
388 2403 495 2458 sibi
533 2403 810 2473 oppositos
844 2416 911 2456 ex
956 2399 1206 2466 adverso,
1267 2399 1467 2468 quibus
1515 2397 1825 2451 indicantur

258 2498 518 2562 tempora
547 2508 644 2547 seu
670 2491 799 2545 anui
834 2491 1173 2545 diversorum
1206 2504 1393 2559 regum
1428 2488 1657 2542 invicem
1692 2501 1825 2542 con-

259 2590 577 2645 currentes,
606 2596 701 2636 seu
742 2579 1158 2643 concordantes,
1211 2586 1264 2631 et
1289 2594 1355 2632 ex
1401 2592 1628 2647 quorum
1659 2575 1826 2630 colla-

254 2674 433 2736 tio'ne,
467 2688 562 2729 seu
589 2671 1009 2741 computatione,
1031 2669 1303 2741 colligitur
1321 2670 1600 2734 canonica,
1620 2683 1715 2723 seu
1738 2681 1826 2721 re—

256 2767 478 2838 gularis
505 2773 560 2821 et
588 2771 736 2819 certa
762 2774 1066 2832 temporum
1103 2761 1435 2831 supputatio,
1467 2768 1520 2815 et
1555 2759 1823 2815 collectio.

261 2854 506 2928 Ideoque
534 2857 684 2922 uuio,
729 2872 822 2911 seu
855 2853 1146 2907 concordia
1194 2860 1428 2921 quatuor
1473 2851 1829 2921 evangelista-

267 2964 420 3013 rum,
458 2964 578 3019 quae
613 2949 681 3002 ab
714 2945 947 3000 Eusebio
986 2943 1335 3005 describitur,
1388 2956 1483 3012 per
1517 2940 1825 3010 huiusmodi

268 3040 452 3096 lineas
502 3049 679 3095 rectas
726 3048 781 3092 et
826 3046 1192 3099 transversas,
1243 3049 1364 3105 qua:
1395 3035 1826 3102 complectuntur

270 3141 458 3187 certos
499 3139 553 3185 et
584 3131 827 3186 diversos
858 3143 1115 3182 numeros
1137 3128 1369 3180 invicem
1395 3124 1497 3179 sibi
1521 3126 1822 3195 oppositos,

267 3223 475 3294 quibus
534 3220 843 3274 indicantur
896 3219 1111 3273 diversa
1162 3218 1340 3288 capita
1392 3216 1448 3270 in
1486 3217 1683 3286 quibus
1718 3216 1825 3286 ipsi

264 3311 616 3383 evangelistae
643 3311 996 3373 conveniunt,
1044 3310 1280 3365 Canones
1315 3308 1592 3379 evangelici
1632 3307 1825 3363 dicun-

265 3415 380 3462 tur.
413 3406 521 3461 Sed
547 3405 677 3476 quid
705 3405 882 3459 verbis
910 3418 1207 3474 opus,cum
1236 3402 1322 3455 hic
1349 3402 1461 3471 ipse
1490 3400 1826 3465 Eustathius,

266 3499 527 3568 quisnam
572 3496 732 3551 fuerit
764 3494 1056 3550 Chronicus
1085 3511 1250 3548 canon
1281 3492 1500 3548 Eusebii
1528 3493 1831 3548 clarissime

266 3591 547 3661 explicet?
574 3588 836 3659 Χρονικοῦ
869 3588 978 3660 γὰρ
1013 3588 1232 3651 κανόνος
1261 3586 1509 3650 σύνταξιν
1542 3587 1830 3656 ἐπινοήσας

269 3684 338 3736 ἐκ
367 3680 708 3753 παραλλήλου
737 3681 1136 3751 ἀντιπαρέθηκε
1167 3680 1255 3732 τὸν
1285 3681 1410 3749 παρ’
1443 3679 1653 3748 ἑκάστῳ
1690 3677 1832 3730 ἔθνει

268 3770 681 3827 δυναστεύοντα.
714 3769 965 3826 Omnium
1001 3770 1203 3840 optime
1226 3770 1277 3824 id
1301 3771 1538 3825 declarat
1563 3769 1831 3824 Eusebius

271 3862 330 3917 in
359 3859 625 3932 procemio
648 3859 900 3915 secundae
920 3860 1111 3927 partis,
1145 3860 1197 3910 in
1227 3873 1334 3927 quo
1355 3857 1483 3926 quid
1510 3858 1681 3926 prima
1706 3873 1831 3927 pars

282 3971 312 4008 a
358 3950 599 4009 secunda
629 3950 841 4005 diﬂ‘erat
864 3949 1014 4003 hisce
1036 3950 1255 4018 exponit
1287 3947 1454 4015 ιἘγὼ
1479 3948 1534 4001 δὲ
1556 3948 1682 4018 περὶ
1702 3947 1832 4000 πολ·

273 4042 371 4097 λοῦ
392 4041 482 4096 τὸν
508 4040 678 4111 ἀληθῆ
712 4041 865 4109 λόγον
893 4040 1216 4112 τιμώμενος,
1261 4041 1353 4093 καὶ
1382 4040 1441 4093 τὸ
1475 4040 1696 4111 ἀκριϐὲς
1722 4041 1835 4093 ἀνι-

275 4135 499 4208 χνεῦσαι
531 4134 619 4189 διὰ
639 4136 871 4207 σπουδῆς
898 4136 1230 4208 προύθέμην.
1258 4135 1449 4189 Ἔνθεν
1470 4136 1751 4209 ὁρμηθεὶς,
1778 4139 1834 4192 ἐν

279 4228 381 4298 μὲν
415 4228 481 4298 τῇ
511 4227 613 4298 πρὸ
644 4227 847 4298 ταύτης
868 4227 1114 4293 συντάξει
1144 4226 1271 4291 ὔλας
1300 4228 1599 4299 ἐκπορίζων
1619 4229 1835 4299 ἐμαυτῷ

278 4316 484 4389 χρόνων
521 4315 836 4386 ἀναγραφὰς
871 4316 1254 4388 συνελεξάμην,
1279 4318 1533 4380 παντοίας
1568 4317 1836 4387 βασιλείας

275 4411 388 4464 τῶν
401 4408 695 4475 Χαλδαίων,
715 4410 1029 4482 Ἀσσυρίων,
1043 4410 1258 4481 Μήδων,
1279 4409 1519 4480 Περσῶν,
1535 4410 1738 4475 Λυδῶν,
1754 4412 1838 4463 Ἐ-

1927 1952 2166 2013 taverint,
2189 1949 2299 2014 iam
2326 1948 2446 2002 inde
2496 1966 2529 2001 a
2573 1946 2714 2000 Nino
2750 1946 2863 2000 Beli
2909 1945 3186 2016 progenie!
3234 1946 3281 1998 si
3309 1953 3487 1997 tamen

1926 2039 2100 2094 Ninus
2124 2040 2357 2110 regnavit
2384 2039 2608 2109 primus,
2648 2046 2703 2091 ut
2735 2046 2976 2090 autumat
3008 2037 3331 2105 superiorum
3357 2051 3486 2105 pro-

1926 2132 2144 2201 fanitas,
2184 2133 2442 2200 fermequc
2481 2129 2620 2200 apud
2665 2146 2751 2182 vos
2801 2128 2947 2182 ultra
2998 2129 3167 2198 stylus
3227 2143 3329 2180 non
3361 2141 3486 2195 pro-

1924 2222 2174 2293 greditur.
2202 2222 2267 2277 Et
2288 2223 2541 2279 Albertus
2572 2224 2739 2279 abbas
2767 2220 3050 2277 Stadensis
3084 2220 3139 2273 in
3173 2217 3432 2274 Chronico
3463 2231 3486 2273 .'

1925 2312 1964 2364 Α
1995 2313 2165 2379 primo
2203 2322 2416 2381 parente
2466 2313 2734 2366 hominum
2778 2329 2939 2383 usque
2968 2310 3035 2364 ad
3081 2297 3283 2363 Ninum
3311 2308 3485 2363 nullos

1927 2412 2072 2457 actus
2111 2421 2284 2457 rerum
2306 2404 2633 2458 mundalium
2661 2402 3068 2475 liistoriographi
3090 2403 3310 2472 posteris
3339 2410 3485 2455 attu-

1929 2496 2120 2575 lerunt.
2153 2495 2377 2567 Ideoque
2408 2497 2471 2550 ab
2510 2498 2624 2564 ipso
2667 2508 2952 2565 coeperunt,
2981 2496 3105 2567 quia
3142 2496 3252 2565 ipse
3282 2496 3484 2562 primus

1927 2587 2101 2642 aliena
2133 2587 2381 2641 invadens
2413 2589 2625 2642 minime
2651 2590 2762 2642 suis
2792 2589 3025 2642 terminis
3057 2596 3171 2640 erat
3190 2595 3483 2641 contentus.

1927 2678 2041 2733 "ac
2065 2681 2249 2750 itaque
2292 2680 2500 2734 ratione
2534 2678 2687 2734 ducti
2734 2694 2944 2743 omnes,
2977 2689 3028 2734 et
3064 2679 3179 2747 ipse
3214 2676 3484 2734 Eusebius

1928 2783 1958 2823 a
1994 2768 2131 2823 Nino
2161 2768 2393 2825 orditur.
2425 2768 2560 2824 Vide
2615 2769 2913 2836 Justinum,
2985 2767 3303 2835 Diodorum,
3349 2768 3487 2825 Oro.

1929 2863 2092 2923 sium,
2110 2861 2499 2917 Cassiodorum
2525 2870 2578 2916 et
2604 2862 2760 2917 alios.

1999 2953 2116 3011 Col.
2150 2953 2272 3017 708,
2304 2954 2399 3008 lin.
2429 2954 2516 3009 Η.
2561 2953 2869 3024 Συνήγαγε
2895 2951 2963 3006 δὲ
2993 2954 3267 3022 χρόνους.
3310 2948 3489 3008 Verba

1931 3052 2061 3101 sunt
2092 3044 2308 3101 Eusebii
2345 3045 2402 3099 in
2443 3046 2708 3115 prommio
2754 3046 2840 3100 sui
2868 3043 3115 3100 Chronici
3152 3046 3403 3109 canonis,
3434 3053 3489 3100 ct

1932 3152 1962 3191 a
1993 3137 2150 3192 nobis
2202 3139 2452 3207 superius
2490 3138 2738 3192 recitata.
2798 3136 2876 3191 Ex
2922 3137 3119 3207 quibus
3166 3138 3349 3207 regnis
3380 3137 3488 3194 duo

1929 3228 2245 3283 exciderunt
2274 3229 2329 3282 in
2361 3226 2602 3294 Canonc,
2633 3227 2984 3284 Chaldaicum
3010 3236 3066 3283 et
3091 3228 3487 3285 Thessalicum.

1933 3316 2037 3375 Sed
2064 3318 2439 3374 Chaldaeorum
2462 3334 2689 3390 regnum
2719 3320 2930 3375 salvum
2953 3320 3131 3375 adhuc
3154 3331 3402 3391 superest
3432 3323 3486 3377 in

1931 3411 2176 3481 reliquiis
2204 3408 2407 3466 Graecis
2429 3410 2626 3480 prioris
2651 3410 2799 3476 libri,
2818 3409 3205 3467 Thessalorum
3237 3413 3489 3467 neutrubi

1930 3511 2128 3557 exstat.

2001 3592 2161 3657 lbid.,
2197 3593 2295 3646 lin.
2339 3591 2425 3647 i6.
2486 3592 2596 3648 Καὶ
2634 3593 2858 3647 τούτων
2902 3593 3042 3661 τοὺς
3095 3596 3367 3664 χρόνους.
3414 3595 3492 3655 Ita

1931 3696 2061 3757 puto
2101 3686 2482 3756 supplendum,
2534 3687 2644 3740 Kal.
2671 3685 2874 3740 τούτων
2904 3690 3030 3752 τοὺς
3063 3689 3287 3760 χρόνους
3316 3690 3406 3742 ἐπὶ
3431 3690 3494 3743 τὸ

1930 3779 2062 3831 αὐτὸ
2122 3778 2475 3850 συναθροίσας
2536 3778 2763 3832 ἑκάστου
2827 3779 3011 3844 ἔθνους
3065 3781 3173 3835 τῶν
3234 3781 3493 3852 βασιλέων

1933 3871 2304 3937 συνεξελέξατο
2322 3871 2561 3942 χρόνους,
2592 3877 2684 3925 aut
2716 3870 2846 3941 quid
2879 3871 3075 3927 simile.

2002 3962 2163 4025 lbid.,
2192 3963 2286 4018 lin.
2313 3962 2402 4017 20.
2433 3963 2596 4018 Κατὰ
2636 3963 2747 4031 γὰρ
2784 3961 2900 4032 τὴν
2925 3965 3263 4035 Σεμίραμιν.
3329 3964 3497 4022 Euse-

1931 4054 2058 4110 bius
2087 4072 2101 4108 :
2130 4053 2276 4125 Πλὴν
2317 4053 2453 4108 ἀλλὰ
2498 4055 2591 4108 καὶ
2628 4052 2798 4118 οὕτως
2847 4054 2988 4109 κατὰ
3043 4056 3140 4126 μὲν
3172 4058 3401 4127 Ἴναχον,
3433 4057 3492 4110 ὃν

1935 4142 2149 4215 πρῶτον
2199 4143 2455 4215 Ἕλληνες
2511 4144 2745 4215 ’Ἄργους
2804 4141 3114 4214 βασιλεῦσαί
3169 4161 3328 4213 φασι,
3401 4146 3493 4200 τὸν

1947 4236 2208 4308 Ἐϐραίων
2236 4237 2552 4309 προπάτορα
2582 4236 2797 4308 Ἰσραὴλ
2824 4236 3109 4308 γενόμενον
3139 4234 3315 4310 εὖρον,
3350 4238 3408 4306 ἐξ
3430 4231 3493 4292 οὗ

1934 4324 1996 4378 τὸ
2010 4324 2380 4395 δωδεκάφυλον
2412 4326 2505 4379 τοῦ
2533 4326 2799 4380 Ἰουδαίων
2827 4326 3013 4390 ἔθνους
3041 4327 3140 4396 τῆς
3161 4327 3256 4379 τοῦ
3282 4327 3498 4399 Ἰσραὴλ

1939 4418 2250 4486 ἐπωνυμίας
2276 4416 2476 4488 ἠξιώθη
2517 4418 2656 4472 κατὰ
2687 4418 2743 4471 δὲ
2766 4420 3065 4490 Σεμίραμιν
3101 4418 3193 4473 τὸν
3226 4420 3492 4491 Ἀϐραὰμ,

280 4502 1181 4575 δραίων,Δίγυπτίων,Ἀθηναίων,
1198 4501 1476 4572 Ἀργείων,
1507 4501 1833 4566 Σικυωνίων,
1867 4521 1910 4576 ι)
1937 4505 2201 4560 Χαλδαῖον
2237 4506 2333 4578 μὲν
2374 4507 2435 4561 τὸ
2466 4508 2639 4576 γένος,
2657 4507 2828 4572 ἄλλως
2858 4526 2920 4578 γε
2952 4509 3119 4581 ἄνδρα
3149 4510 3496 4580 θεοφιλῆ,καὶ

277 4594 735 4665 Λακεδαιμονίων,
791 4593 1104 4665 Κορινθίων,
1155 4592 1456 4660 Θετταλῶν,
1493 4595 1833 4661 Μακεδόνων,

277 4685 543 4752 Λατίνων,
557 4680 636 4748 οἷς
652 4685 775 4738 ὕστε
782 4702 872 4757 ρον
887 4687 1103 4756 γέγονεν
1116 4688 1338 4761 ἐπίκλην
1359 4690 1528 4761 ὄνομα
1550 4691 1804 4761 Ῥωμαῖοι
1818 4707 1832 4720 ⁸

278 4776 417 4846 ὁμοῦ
435 4776 671 4845 γίνονται
703 4784 760 4829 ιε’
779 4794 792 4807 ο
824 4779 881 4830 ἐν
909 4778 965 4831 δὲ
996 4779 1072 4849 τῷ
1095 4781 1339 4851 παρόντι,
1362 4783 1451 4834 ἐπὶ
1482 4782 1541 4835 τὸ
1563 4783 1692 4835 αὐτὸ
1714 4782 1838 4847 τοὺς

281 4866 507 4937 χρόνους
533 4865 869 4936 συναγαγὼν,
887 4869 979 4922 καὶ
1003 4870 1386 4940 ἀντιπαραθεὶς
1412 4874 1474 4925 ἐκ
1496 4872 1837 4943 παραλλήλου

280 4956 373 5008 τὸν
402 4958 530 5027 παρ’
549 4956 762 5028 ἑκάστῳ
810 4957 951 5011 ἔθνει
983 4959 1089 5012 τῶν
1127 4959 1263 5012 ἐτῶν
1295 4961 1543 5031 ἀριθμὸν,
1589 4961 1838 5033 χρονικοῦ

282 5048 508 5113 κανόνος
538 5048 786 5116 σύνταξιν
822 5051 1185 5122 ἐποιησάμην.
1216 5050 1296 5105 En
1330 5051 1488 5107 unius
1509 5054 1688 5121 operis
1720 5068 1832 5122 pcr-

282 5139 411 5195 fccti
445 5155 508 5195 ex
538 5141 656 5211 ipso
687 5150 909 5198 auctore
938 5142 1046 5197 duo
1073 5143 1312 5197 membra
1343 5142 1620 5204 distincta.
1649 5151 1703 5198 et
1727 5160 1843 5198 am-

282 5233 477 5287 borum
511 5248 759 5303 scopum,
809 5242 971 5304 atque
1002 5236 1364 5305 propositum,
1413 5236 1612 5305 quibus
1641 5235 1842 5305 optime

278 5324 445 5380 nobis
465 5328 588 5394 quis
619 5326 691 5382 sit
716 5327 978 5399 Κρονικὸς
1005 5324 1180 5380 κανών
1212 5327 1525 5383 innotescit.

348 5415 472 5472 Col.
508 5417 632 5481 708,
676 5418 770 5473 lin.
808 5419 895 5472 10.
940 5420 1033 5472 Ἐκ
1075 5418 1471 5487 παραλλήλου
1526 5419 1841 5488 ἀντιπαρέ-

277 5510 446 5576 θηκε.
504 5507 715 5579 Optime
746 5518 930 5565 noster
974 5509 1294 5565 Eustathius
1347 5511 1529 5566 verbis
1585 5512 1758 5574 hisce.
1810 5528 1842 5568 a

278 5614 522 5669 quonam
545 5600 627 5654 vel
652 5601 795 5655 unde
821 5600 905 5656 sui
936 5600 1191 5656 Chronici
1222 5603 1446 5657 canonis
1474 5602 1685 5657 initium
1725 5604 1842 5658 fue-

279 5692 351 5746 rit
388 5693 703 5763 auspicatus
735 5694 976 5763 exponit,
1011 5693 1264 5748 videlicet
1309 5696 1374 5747 ἐκ
1415 5694 1514 5766 τῆς
1540 5696 1841 5767 ἀντιπαρα-

287 5781 506 5848 θέσεως*
540 5782 710 5836 series
743 5783 883 5837 enim
931 5790 1260 5852 temporum,
1301 5784 1512 5841 ratione
1547 5799 1836 5853 annorum,

604 5877 873 5952 Ρηιιοι..
911 5873 1024 5938 Gn.
1066 5874 1294 5936 XVIII.

1936 4597 2147 4671 πρῶτον
2174 4599 2281 4652 τῶν
2326 4602 2453 4672 παρ’
2493 4600 2761 4672 Ἑϐραίοις
2802 4600 3091 4673 προφητῶν
3140 4599 3276 4656 εἶναι
3330 4597 3496 4657 πεπι-

1938 4703 2062 4740 στευ
2070 4688 2245 4759 μένον.
2281 4688 2345 4742 Et
2365 4687 2601 4744 Joannes
2625 4688 2994 4746 Antiochenus
3017 4691 3073 4745 in
3090 4690 3455 4762 Archwologia
3475 4710 3496 4749 :

1938 4779 2060 4833 ’Ότι
2110 4779 2250 4833 κατὰ
2281 4781 2405 4844 τοὺς
2446 4780 2694 4853 Ἀϐραὰμ
2733 4783 2951 4853 χρόνους
2994 4783 3174 4850 Νίνος,
3217 4785 3311 4839 καὶ
3335 4786 3500 4858 Σεμί-

1939 4888 2106 4942 ραμις
2134 4870 2461 4926 ἐϐασίλευον.

2007 4959 2167 5026 lbid.,
2194 4962 2290 5018 lin.
2313 4962 2402 5017 25.
2454 4963 2712 5031 Μωῢσῆς
2742 4962 2810 5017 δὲ
2840 4965 2991 5020 κατὰ
3020 4968 3310 5035 Κέκροπα.
3332 4970 3503 5027 Euse—

1937 5053 2099 5109 bius:
2135 5054 2346 5107 Τούτων
2378 5054 2486 5126 γὰρ
2528 5056 2780 5111 ἁπάντων
2815 5057 2916 5129 τὴν
2950 5059 3186 5133 ἱστορίαν
3229 5064 3502 5135 νεωτέραν

1937 5146 2038 5216 τῆς
2073 5146 2356 5218 Κέκροπος
2409 5147 2625 5217 ἡλικίας
2671 5150 2854 5215 παῖδες
2903 5152 3165 5225 Ἑλλήνων
3194 5154 3503 5230 παραδεδώ-

1938 5251 2085 5289 κασι.
2118 5238 2353 5291 Μωῦσέα
2391 5238 2447 5291 δέ
2483 5241 2516 5310 ή
2562 5239 2811 5311 παροῦσα
2854 5243 3097 5311 ἐξέτασις
3137 5247 3243 5302 τῶν
3295 5247 3503 5322 χρόνων

1939 5328 2190 5397 γενέσθαι
2228 5330 2368 5385 κατὰ
2398 5332 2659 5405 Κέκροπα
2702 5335 2792 5390 τὸν
2818 5337 3001 5411 διφυῆ,
3035 5340 3094 5394 δν
3127 5340 3340 5410 πρῶτόν
3370 5357 3506 5410 φασι

1938 5420 2038 5491 τῆς
2064 5421 2312 5492 Ἀττικῆς
2358 5422 2690 5493 βασιλεῦσαι,
2729 5429 3005 5501 συνίστησι
3058 5430 3163 5501 πρὸ
3195 5430 3301 5483 τῶν
3347 5430 3507 5484 Ἰλια-

1917 5512 2049 5583 ,κῶν
2081 5513 2223 5583 ἀμφὶ
2284 5519 2360 5567 τν¹
2412 5514 2528 5587 ἔτη.
2584 5515 2663 5571 Ex
2717 5520 2916 5588 quibus
2962 5519 3258 5589 supplenda
3309 5521 3504 5576 lacuna

1941 5607 1996 5659 in
2039 5613 2229 5660 nostro
2271 5604 2556 5662 Eustathio
2594 5628 2606 5663 :
2639 5611 2735 5664 Ὃν
2789 5610 2895 5682 πρὸ
2925 5610 3030 5663 τῶν
3075 5611 3315 5665 Ἰλιακων
3359 5611 3511 5666 ἔτεσι
3597 5600 3602 5606 ’

1940 5697 2266 5770 τριακοσίοις
2320 5701 2656 5771 πεντήκοντα
2717 5697 3131 5771 παραδεδώκασι
3195 5700 3511 5773 βασιλεῦσαι

1941 5788 2155 5861 πρῶτον
2186 5782 2285 5861 τῆς
2314 5792 2562 5857 Ἀττικῆς
2600 5791 2865 5860 Ἐλλήνων
2907 5790 3112 5855 παῖδες.
3167 5795 3276 5851 Imo
3307 5805 3512 5855 utrum-

3148 5887 3227 5949 26
