  <div class='ocr_page' id='page_1' title='image "/cluster/home/n/w/nwhite01/storage/ocr_20150623/18/mdp.39015008168943/417.png"; bbox 0 0 4064 6290; ppageno 0'>
   <div class='ocr_carea' id='block_1_1' title="bbox 1976 355 2524 413">
    <p class='ocr_par' dir='ltr' id='par_1_1' title="bbox 1976 355 2524 413">
     <span class='ocr_line' id='line_1_1' title="bbox 1976 355 2524 413; baseline -0.002 -1"><span class='ocrx_word' id='word_1_1' title='bbox 1976 355 2223 413; x_wconf 85' lang='lat' dir='ltr'><strong>LEONIS</strong></span> <span class='ocrx_word' id='word_1_2' title='bbox 2251 355 2524 411; x_wconf 75' lang='lat' dir='ltr'><strong>ALLATII</strong></span> 
     </span>
    </p>
   </div>
   <div class='ocr_carea' id='block_1_2' title="bbox 3768 351 3861 411">
    <p class='ocr_par' dir='ltr' id='par_1_2' title="bbox 3768 351 3861 411">
     <span class='ocr_line' id='line_1_2' title="bbox 3768 351 3861 411; baseline 0.011 -1"><span class='ocrx_word' id='word_1_3' title='bbox 3768 351 3861 411; x_wconf 64' lang='lat'><strong>813</strong></span> 
     </span>
    </p>
   </div>
   <div class='ocr_carea' id='block_1_3' title="bbox 649 464 3861 552">
    <p class='ocr_par' dir='ltr' id='par_1_3' title="bbox 649 464 3861 552">
     <span class='ocr_line' id='line_1_3' title="bbox 649 464 3861 552; baseline -0.002 -16"><span class='ocrx_word' id='word_1_4' title='bbox 649 497 756 552; x_wconf 92' lang='lat' dir='ltr'><strong>que</strong></span> <span class='ocrx_word' id='word_1_5' title='bbox 798 482 1168 552; x_wconf 70' lang='lat' dir='ltr'><strong>corrigamus:</strong></span> <span class='ocrx_word' id='word_1_6' title='bbox 1227 480 1426 536; x_wconf 84' lang='lat' dir='ltr'><strong>misere</strong></span> <span class='ocrx_word' id='word_1_7' title='bbox 1459 464 1613 536; x_wconf 76' lang='lat' dir='ltr'><strong>enim</strong></span> <span class='ocrx_word' id='word_1_8' title='bbox 1664 481 1718 535; x_wconf 92' lang='lat' dir='ltr'><strong>in</strong></span> <span class='ocrx_word' id='word_1_9' title='bbox 1748 479 2005 545; x_wconf 88' lang='lat' dir='ltr'><strong>Eusebio,</strong></span> <span class='ocrx_word' id='word_1_10' title='bbox 2037 495 2068 534; x_wconf 91' lang='lat' dir='ltr'><strong>a</strong></span> <span class='ocrx_word' id='word_1_11' title='bbox 2091 496 2202 552; x_wconf 82' lang='lat' dir='ltr'><strong>quo</strong></span> <span class='ocrx_word' id='word_1_12' title='bbox 2228 487 2274 544; x_wconf 77' lang='grc' dir='ltr'><strong>Α</strong></span> <span class='ocrx_word' id='word_1_13' title='bbox 2302 481 2556 551; x_wconf 90' lang='lat' dir='ltr'><strong>placent;</strong></span> <span class='ocrx_word' id='word_1_14' title='bbox 2591 479 2722 549; x_wconf 91' lang='lat' dir='ltr'><strong>quid</strong></span> <span class='ocrx_word' id='word_1_15' title='bbox 2773 476 3014 532; x_wconf 86' lang='lat' dir='ltr'><strong>mirum?</strong></span> <span class='ocrx_word' id='word_1_16' title='bbox 3043 475 3340 548; x_wconf 89' lang='lat' dir='ltr'><strong>displicuit</strong></span> <span class='ocrx_word' id='word_1_17' title='bbox 3360 480 3516 528; x_wconf 91' lang='lat' dir='ltr'><strong>antea</strong></span> <span class='ocrx_word' id='word_1_18' title='bbox 3557 480 3616 528; x_wconf 87' lang='lat' dir='ltr'><strong>et</strong></span> <span class='ocrx_word' id='word_1_19' title='bbox 3663 471 3861 529; x_wconf 83' lang='lat' dir='ltr'><strong>divino-</strong></span> 
     </span>
    </p>
   </div>
   <div class='ocr_carea' id='block_1_4' title="bbox 649 563 3860 639">
    <p class='ocr_par' dir='ltr' id='par_1_4' title="bbox 649 563 3860 639">
     <span class='ocr_line' id='line_1_4' title="bbox 649 563 3860 639; baseline -0.002 -9"><span class='ocrx_word' id='word_1_20' title='bbox 649 583 855 639; x_wconf 88' lang='lat' dir='ltr'><strong>noster,</strong></span> <span class='ocrx_word' id='word_1_21' title='bbox 893 589 998 628; x_wconf 91' lang='lat' dir='ltr'><strong>non</strong></span> <span class='ocrx_word' id='word_1_22' title='bbox 1024 582 1232 633; x_wconf 87' lang='lat' dir='ltr'><strong>tantum</strong></span> <span class='ocrx_word' id='word_1_23' title='bbox 1260 573 1317 627; x_wconf 89' lang='lat' dir='ltr'><strong>in</strong></span> <span class='ocrx_word' id='word_1_24' title='bbox 1346 574 1528 639; x_wconf 78' lang='lat' dir='ltr'><strong>editis,</strong></span> <span class='ocrx_word' id='word_1_25' title='bbox 1577 573 1671 629; x_wconf 90' lang='lat' dir='ltr'><strong>sed</strong></span> <span class='ocrx_word' id='word_1_26' title='bbox 1713 573 1766 626; x_wconf 87' lang='lat' dir='ltr'><strong>in</strong></span> <span class='ocrx_word' id='word_1_27' title='bbox 1795 573 2051 629; x_wconf 89' lang='lat' dir='ltr'><strong>omnibus</strong></span> <span class='ocrx_word' id='word_1_28' title='bbox 2092 574 2205 630; x_wconf 85' lang='lat' dir='ltr'><strong>fere</strong></span> <span class='ocrx_word' id='word_1_29' title='bbox 2304 589 2424 627; x_wconf 89' lang='lat' dir='ltr'><strong>rum</strong></span> <span class='ocrx_word' id='word_1_30' title='bbox 2469 571 2742 626; x_wconf 89' lang='lat' dir='ltr'><strong>hominum</strong></span> <span class='ocrx_word' id='word_1_31' title='bbox 2791 583 2914 624; x_wconf 88' lang='lat' dir='ltr'><strong>acre</strong></span> <span class='ocrx_word' id='word_1_32' title='bbox 2964 569 3410 638; x_wconf 90' lang='lat' dir='ltr'><strong>inculpatumque</strong></span> <span class='ocrx_word' id='word_1_33' title='bbox 3463 563 3776 634; x_wconf 86' lang='lat' dir='ltr'><strong>judicium;</strong></span> <span class='ocrx_word' id='word_1_34' title='bbox 3817 579 3860 623; x_wconf 92' lang='lat' dir='ltr'><strong>et</strong></span> 
     </span>
    </p>
   </div>
   <div class='ocr_carea' id='block_1_5' title="bbox 648 665 2202 736">
    <p class='ocr_par' dir='ltr' id='par_1_5' title="bbox 648 665 2202 736">
     <span class='ocr_line' id='line_1_5' title="bbox 648 665 2202 736; baseline 0 -15"><span class='ocrx_word' id='word_1_35' title='bbox 648 665 1028 735; x_wconf 87' lang='lat' dir='ltr'><strong>manuscriptis</strong></span> <span class='ocrx_word' id='word_1_36' title='bbox 1058 665 1292 736; x_wconf 81' lang='lat' dir='ltr'><strong>positum</strong></span> <span class='ocrx_word' id='word_1_37' title='bbox 1318 674 1402 721; x_wconf 90' lang='lat' dir='ltr'><strong>est</strong></span> <span class='ocrx_word' id='word_1_38' title='bbox 1431 673 1504 720; x_wconf 87' lang='grc' dir='ltr'>τν¹</span> <span class='ocrx_word' id='word_1_39' title='bbox 1523 679 1671 728; x_wconf 66' lang='lat' dir='ltr'><strong>cccc,</strong></span> <span class='ocrx_word' id='word_1_40' title='bbox 1691 680 1791 736; x_wconf 88' lang='lat' dir='ltr'><strong>pro</strong></span> <span class='ocrx_word' id='word_1_41' title='bbox 1811 680 2078 733; x_wconf 75' lang='lat' dir='ltr'><strong>ccccxxv;</strong></span> <span class='ocrx_word' id='word_1_42' title='bbox 2109 666 2202 721; x_wconf 91' lang='lat' dir='ltr'><strong>sed</strong></span> 
     </span>
    </p>
   </div>
   <div class='ocr_carea' id='block_1_6' title="bbox 645 745 2201 831">
    <p class='ocr_par' dir='ltr' id='par_1_6' title="bbox 645 745 2201 831">
     <span class='ocr_line' id='line_1_6' title="bbox 645 745 2201 831; baseline -0.001 -16"><span class='ocrx_word' id='word_1_43' title='bbox 645 760 927 831; x_wconf 74' lang='lat' dir='ltr'><strong>castigatio</strong></span> <span class='ocrx_word' id='word_1_44' title='bbox 951 760 1063 814; x_wconf 72' lang='lat' dir='ltr'><strong>haec</strong></span> <span class='ocrx_word' id='word_1_45' title='bbox 1093 745 1228 814; x_wconf 88' lang='lat' dir='ltr'><strong>inita</strong></span> <span class='ocrx_word' id='word_1_46' title='bbox 1269 762 1651 831; x_wconf 75' lang='lat' dir='ltr'><strong>supputatione</strong></span> <span class='ocrx_word' id='word_1_47' title='bbox 1691 759 1956 816; x_wconf 87' lang='lat' dir='ltr'><strong>ﬁrmatur.</strong></span> <span class='ocrx_word' id='word_1_48' title='bbox 1987 759 2120 813; x_wconf 88' lang='lat' dir='ltr'><strong>Nam</strong></span> <span class='ocrx_word' id='word_1_49' title='bbox 2154 761 2201 814; x_wconf 96' lang='lat' dir='ltr'><strong>si</strong></span> 
     </span>
    </p>
   </div>
   <div class='ocr_carea' id='block_1_7' title="bbox 645 849 2201 920">
    <p class='ocr_par' dir='ltr' id='par_1_7' title="bbox 645 849 2201 920">
     <span class='ocr_line' id='line_1_7' title="bbox 645 849 2201 920; baseline 0.001 -16"><span class='ocrx_word' id='word_1_50' title='bbox 645 865 789 904; x_wconf 87' lang='lat' dir='ltr'><strong>anno</strong></span> <span class='ocrx_word' id='word_1_51' title='bbox 829 865 1025 905; x_wconf 69' lang='lat' dir='ltr'><strong>cccccx</strong></span> <span class='ocrx_word' id='word_1_52' title='bbox 1077 851 1146 906; x_wconf 92' lang='lat' dir='ltr'><strong>ab</strong></span> <span class='ocrx_word' id='word_1_53' title='bbox 1171 850 1444 905; x_wconf 83' lang='lat' dir='ltr'><strong>Abraham</strong></span> <span class='ocrx_word' id='word_1_54' title='bbox 1482 851 1537 904; x_wconf 92' lang='lat' dir='ltr'><strong>in</strong></span> <span class='ocrx_word' id='word_1_55' title='bbox 1584 865 1742 920; x_wconf 86' lang='lat' dir='ltr'><strong>quem</strong></span> <span class='ocrx_word' id='word_1_56' title='bbox 1795 849 1983 904; x_wconf 87' lang='lat' dir='ltr'><strong>incidit</strong></span> <span class='ocrx_word' id='word_1_57' title='bbox 2027 865 2201 906; x_wconf 91' lang='lat' dir='ltr'><strong>annus</strong></span> 
     </span>
    </p>
   </div>
   <div class='ocr_carea' id='block_1_8' title="bbox 643 939 2200 1010">
    <p class='ocr_par' dir='ltr' id='par_1_8' title="bbox 643 939 2200 1010">
     <span class='ocr_line' id='line_1_8' title="bbox 643 939 2200 1010; baseline 0.001 -18"><span class='ocrx_word' id='word_1_58' title='bbox 643 955 784 993; x_wconf 78' lang='lat' dir='ltr'><strong>xxxv</strong></span> <span class='ocrx_word' id='word_1_59' title='bbox 839 939 1057 1010; x_wconf 83' lang='lat' dir='ltr'><strong>Moysis,</strong></span> <span class='ocrx_word' id='word_1_60' title='bbox 1111 945 1164 994; x_wconf 89' lang='lat' dir='ltr'><strong>et</strong></span> <span class='ocrx_word' id='word_1_61' title='bbox 1226 939 1436 1009; x_wconf 83' lang='lat' dir='ltr'><strong>primus</strong></span> <span class='ocrx_word' id='word_1_62' title='bbox 1489 939 1770 1009; x_wconf 89' lang='lat' dir='ltr'><strong>Cecropis,</strong></span> <span class='ocrx_word' id='word_1_63' title='bbox 1824 939 2200 1010; x_wconf 85' lang='lat' dir='ltr'><strong>aggregaveris</strong></span> 
     </span>
    </p>
   </div>
   <div class='ocr_carea' id='block_1_9' title="bbox 637 1027 2200 1100">
    <p class='ocr_par' dir='ltr' id='par_1_9' title="bbox 637 1027 2200 1100">
     <span class='ocr_line' id='line_1_9' title="bbox 637 1027 2200 1100; baseline 0.001 -17"><span class='ocrx_word' id='word_1_64' title='bbox 637 1043 894 1094; x_wconf 69' lang='lat' dir='ltr'><strong>cccnxxv,</strong></span> <span class='ocrx_word' id='word_1_65' title='bbox 937 1030 1176 1099; x_wconf 84' lang='lat' dir='ltr'><strong>reperies</strong></span> <span class='ocrx_word' id='word_1_66' title='bbox 1202 1044 1375 1086; x_wconf 87' lang='lat' dir='ltr'><strong>annos</strong></span> <span class='ocrx_word' id='word_1_67' title='bbox 1419 1044 1715 1091; x_wconf 70' lang='lat' dir='ltr'><strong>ncccxxxv,</strong></span> <span class='ocrx_word' id='word_1_68' title='bbox 1751 1045 1859 1100; x_wconf 92' lang='lat' dir='ltr'><strong>quo</strong></span> <span class='ocrx_word' id='word_1_69' title='bbox 1904 1027 2200 1098; x_wconf 89' lang='lat' dir='ltr'><strong>Trojanum</strong></span> 
     </span>
    </p>
   </div>
   <div class='ocr_carea' id='block_1_10' title="bbox 636 1119 2200 1192">
    <p class='ocr_par' dir='ltr' id='par_1_10' title="bbox 636 1119 2200 1192">
     <span class='ocr_line' id='line_1_10' title="bbox 636 1119 2200 1192; baseline 0.002 -18"><span class='ocrx_word' id='word_1_70' title='bbox 636 1122 868 1192; x_wconf 77' lang='lat' dir='ltr'><strong>contigit</strong></span> <span class='ocrx_word' id='word_1_71' title='bbox 893 1119 1186 1185; x_wconf 79' lang='lat' dir='ltr'><strong>excidium,</strong></span> <span class='ocrx_word' id='word_1_72' title='bbox 1215 1128 1268 1176; x_wconf 89' lang='lat' dir='ltr'><strong>et</strong></span> <span class='ocrx_word' id='word_1_73' title='bbox 1302 1121 1390 1176; x_wconf 89' lang='lat' dir='ltr'><strong>hic</strong></span> <span class='ocrx_word' id='word_1_74' title='bbox 1415 1138 1536 1192; x_wconf 66' lang='lat' dir='ltr'><strong>quae</strong></span> <span class='ocrx_word' id='word_1_75' title='bbox 1561 1122 1756 1176; x_wconf 87' lang='lat' dir='ltr'><strong>scribit</strong></span> <span class='ocrx_word' id='word_1_76' title='bbox 1782 1120 2052 1177; x_wconf 88' lang='lat' dir='ltr'><strong>Eusebius</strong></span> <span class='ocrx_word' id='word_1_77' title='bbox 2083 1121 2200 1191; x_wconf 91' lang='lat' dir='ltr'><strong>ipse</strong></span> 
     </span>
    </p>
   </div>
   <div class='ocr_carea' id='block_1_11' title="bbox 634 1211 2199 1278">
    <p class='ocr_par' dir='ltr' id='par_1_11' title="bbox 634 1211 2199 1278">
     <span class='ocr_line' id='line_1_11' title="bbox 634 1211 2199 1278; baseline -0.001 -11"><span class='ocrx_word' id='word_1_78' title='bbox 634 1212 783 1268; x_wconf 90' lang='lat' dir='ltr'><strong>circa</strong></span> <span class='ocrx_word' id='word_1_79' title='bbox 815 1228 1017 1268; x_wconf 91' lang='lat' dir='ltr'><strong>annum</strong></span> <span class='ocrx_word' id='word_1_80' title='bbox 1058 1213 1126 1268; x_wconf 90' lang='lat' dir='ltr'><strong>ab</strong></span> <span class='ocrx_word' id='word_1_81' title='bbox 1155 1213 1426 1267; x_wconf 88' lang='lat' dir='ltr'><strong>Abraham</strong></span> <span class='ocrx_word' id='word_1_82' title='bbox 1464 1228 1758 1267; x_wconf 82' lang='lat' dir='ltr'><strong>ncccxxxv.</strong></span> <span class='ocrx_word' id='word_1_83' title='bbox 1792 1212 1948 1278; x_wconf 85' lang='lat' dir='ltr'><strong>Quod</strong></span> <span class='ocrx_word' id='word_1_84' title='bbox 1979 1223 2034 1266; x_wconf 91' lang='lat' dir='ltr'><strong>ut</strong></span> <span class='ocrx_word' id='word_1_85' title='bbox 2067 1211 2199 1266; x_wconf 85' lang='lat' dir='ltr'><strong>faci-</strong></span> 
     </span>
    </p>
   </div>
   <div class='ocr_carea' id='block_1_12' title="bbox 633 1300 2194 1370">
    <p class='ocr_par' dir='ltr' id='par_1_12' title="bbox 633 1300 2194 1370">
     <span class='ocr_line' id='line_1_12' title="bbox 633 1300 2194 1370; baseline 0 -13"><span class='ocrx_word' id='word_1_86' title='bbox 633 1304 742 1358; x_wconf 88' lang='lat' dir='ltr'><strong>lius</strong></span> <span class='ocrx_word' id='word_1_87' title='bbox 787 1304 1005 1359; x_wconf 89' lang='lat' dir='ltr'><strong>credam</strong></span> <span class='ocrx_word' id='word_1_88' title='bbox 1046 1305 1172 1358; x_wconf 81' lang='lat' dir='ltr'><strong>facit</strong></span> <span class='ocrx_word' id='word_1_89' title='bbox 1205 1305 1447 1359; x_wconf 88' lang='lat' dir='ltr'><strong>Africani</strong></span> <span class='ocrx_word' id='word_1_90' title='bbox 1497 1305 1796 1359; x_wconf 85' lang='lat' dir='ltr'><strong>auctoritas</strong></span> <span class='ocrx_word' id='word_1_91' title='bbox 1833 1305 1887 1358; x_wconf 91' lang='lat' dir='ltr'><strong>in</strong></span> <span class='ocrx_word' id='word_1_92' title='bbox 1917 1300 2194 1370; x_wconf 84' lang='lat' dir='ltr'><strong>Chronico,</strong></span> 
     </span>
    </p>
   </div>
   <div class='ocr_carea' id='block_1_13' title="bbox 632 1394 2198 1468">
    <p class='ocr_par' dir='ltr' id='par_1_13' title="bbox 632 1394 2198 1468">
     <span class='ocr_line' id='line_1_13' title="bbox 632 1394 2198 1468; baseline -0.001 -18"><span class='ocrx_word' id='word_1_93' title='bbox 632 1397 723 1451; x_wconf 84' lang='lat' dir='ltr'><strong>ubi</strong></span> <span class='ocrx_word' id='word_1_94' title='bbox 755 1397 830 1451; x_wconf 95' lang='lat' dir='ltr'><strong>ait</strong></span> <span class='ocrx_word' id='word_1_95' title='bbox 860 1417 872 1452; x_wconf 90' lang='lat'>:</span> <span class='ocrx_word' id='word_1_96' title='bbox 925 1398 1054 1451; x_wconf 85' lang='grc' dir='ltr'><strong>Ἀπὸ</strong></span> <span class='ocrx_word' id='word_1_97' title='bbox 1085 1397 1372 1468; x_wconf 84' lang='grc' dir='ltr'>Κέκροπος</span> <span class='ocrx_word' id='word_1_98' title='bbox 1411 1398 1504 1451; x_wconf 70' lang='grc' dir='ltr'>ἐπὶ</span> <span class='ocrx_word' id='word_1_99' title='bbox 1534 1397 1632 1468; x_wconf 86' lang='grc' dir='ltr'><strong>τὴν</strong></span> <span class='ocrx_word' id='word_1_100' title='bbox 1665 1394 1819 1450; x_wconf 87' lang='grc' dir='ltr'>Ἰλίου</span> <span class='ocrx_word' id='word_1_101' title='bbox 1850 1396 2047 1450; x_wconf 73' lang='grc' dir='ltr'>ἅλωσιν</span> <span class='ocrx_word' id='word_1_102' title='bbox 2076 1413 2198 1448; x_wconf 82' lang='grc' dir='ltr'>συν-</span> 
     </span>
    </p>
   </div>
   <div class='ocr_carea' id='block_1_14' title="bbox 631 1488 1521 1562">
    <p class='ocr_par' dir='ltr' id='par_1_14' title="bbox 631 1488 1521 1562">
     <span class='ocr_line' id='line_1_14' title="bbox 631 1488 1521 1562; baseline 0.001 -21"><span class='ocrx_word' id='word_1_103' title='bbox 631 1488 853 1556; x_wconf 80' lang='grc' dir='ltr'>άγονται</span> <span class='ocrx_word' id='word_1_104' title='bbox 890 1488 1068 1562; x_wconf 87' lang='grc' dir='ltr'>μικρῷ</span> <span class='ocrx_word' id='word_1_105' title='bbox 1101 1490 1290 1543; x_wconf 84' lang='grc' dir='ltr'>δέοντα</span> <span class='ocrx_word' id='word_1_106' title='bbox 1327 1489 1420 1558; x_wconf 75' lang='grc' dir='ltr'><strong>ἔτη</strong></span> <span class='ocrx_word' id='word_1_107' title='bbox 1455 1494 1521 1542; x_wconf 73' lang='grc' dir='ltr'><strong>υν.</strong></span> 
     </span>
    </p>
   </div>
   <div class='ocr_carea' id='block_1_15' title="bbox 699 1575 2194 1647">
    <p class='ocr_par' dir='ltr' id='par_1_15' title="bbox 699 1575 2194 1647">
     <span class='ocr_line' id='line_1_15' title="bbox 699 1575 2194 1647; baseline -0.003 -12"><span class='ocrx_word' id='word_1_108' title='bbox 699 1581 817 1636; x_wconf 89' lang='lat' dir='ltr'><strong>Col.</strong></span> <span class='ocrx_word' id='word_1_109' title='bbox 851 1582 973 1645; x_wconf 84' lang='lat'><strong>708,</strong></span> <span class='ocrx_word' id='word_1_110' title='bbox 992 1583 1086 1636; x_wconf 91' lang='lat' dir='ltr'><strong>lin.</strong></span> <span class='ocrx_word' id='word_1_111' title='bbox 1117 1581 1207 1636; x_wconf 73' lang='grc'><strong>24.</strong></span> <span class='ocrx_word' id='word_1_112' title='bbox 1225 1581 1320 1646; x_wconf 87' lang='grc' dir='ltr'>Ὡς</span> <span class='ocrx_word' id='word_1_113' title='bbox 1338 1576 1489 1634; x_wconf 78' lang='grc' dir='ltr'>εἶναι</span> <span class='ocrx_word' id='word_1_114' title='bbox 1515 1577 1633 1632; x_wconf 77' lang='grc' dir='ltr'><strong>τῶν</strong></span> <span class='ocrx_word' id='word_1_115' title='bbox 1665 1578 1798 1647; x_wconf 80' lang='grc' dir='ltr'>παρ’</span> <span class='ocrx_word' id='word_1_116' title='bbox 1819 1580 2096 1646; x_wconf 58' lang='lat' dir='ltr'><strong>&quot;Ellum.</strong></span> <span class='ocrx_word' id='word_1_117' title='bbox 2121 1575 2194 1631; x_wconf 80' lang='lat' dir='ltr'><strong>Ex</strong></span> 
     </span>
    </p>
   </div>
   <div class='ocr_carea' id='block_1_16' title="bbox 628 1669 2194 1742">
    <p class='ocr_par' dir='ltr' id='par_1_16' title="bbox 628 1669 2194 1742">
     <span class='ocr_line' id='line_1_16' title="bbox 628 1669 2194 1742; baseline -0.001 -17"><span class='ocrx_word' id='word_1_118' title='bbox 628 1671 898 1728; x_wconf 90' lang='lat' dir='ltr'><strong>Eusebio:</strong></span> <span class='ocrx_word' id='word_1_119' title='bbox 926 1672 1161 1725; x_wconf 82' lang='grc' dir='ltr'>Μωῡσέα</span> <span class='ocrx_word' id='word_1_120' title='bbox 1193 1672 1268 1736; x_wconf 86' lang='grc' dir='ltr'>δὲ,</span> <span class='ocrx_word' id='word_1_121' title='bbox 1301 1670 1604 1742; x_wconf 81' lang='grc' dir='ltr'>φιλαλήθως</span> <span class='ocrx_word' id='word_1_122' title='bbox 1641 1672 1834 1733; x_wconf 78' lang='grc' dir='ltr'>εἰπεῖν,</span> <span class='ocrx_word' id='word_1_123' title='bbox 1856 1669 2059 1722; x_wconf 86' lang='grc' dir='ltr'>τούτων</span> <span class='ocrx_word' id='word_1_124' title='bbox 2097 1669 2194 1740; x_wconf 86' lang='grc' dir='ltr'><strong>μὲν</strong></span> 
     </span>
    </p>
   </div>
   <div class='ocr_carea' id='block_1_17' title="bbox 2302 657 3858 736">
    <p class='ocr_par' dir='ltr' id='par_1_17' title="bbox 2302 657 3858 736">
     <span class='ocr_line' id='line_1_17' title="bbox 2302 657 3858 736; baseline -0.004 -16"><span class='ocrx_word' id='word_1_125' title='bbox 2302 665 2467 736; x_wconf 90' lang='lat' dir='ltr'><strong>quod,</strong></span> <span class='ocrx_word' id='word_1_126' title='bbox 2502 664 2705 718; x_wconf 89' lang='lat' dir='ltr'><strong>utinam</strong></span> <span class='ocrx_word' id='word_1_127' title='bbox 2738 662 2883 716; x_wconf 93' lang='lat' dir='ltr'><strong>bono</strong></span> <span class='ocrx_word' id='word_1_128' title='bbox 2913 676 3013 716; x_wconf 91' lang='lat' dir='ltr'><strong>suo</strong></span> <span class='ocrx_word' id='word_1_129' title='bbox 3047 661 3242 714; x_wconf 87' lang='lat' dir='ltr'><strong>falsum</strong></span> <span class='ocrx_word' id='word_1_130' title='bbox 3262 659 3365 714; x_wconf 84' lang='lat' dir='ltr'><strong>siti</strong></span> <span class='ocrx_word' id='word_1_131' title='bbox 3397 672 3538 713; x_wconf 66' lang='lat' dir='ltr'><strong>verae</strong></span> <span class='ocrx_word' id='word_1_132' title='bbox 3568 657 3858 714; x_wconf 59' lang='lat' dir='ltr'><strong>catholica-</strong></span> 
     </span>
    </p>
   </div>
   <div class='ocr_carea' id='block_1_18' title="bbox 2301 753 3856 828">
    <p class='ocr_par' dir='ltr' id='par_1_18' title="bbox 2301 753 3856 828">
     <span class='ocr_line' id='line_1_18' title="bbox 2301 753 3856 828; baseline -0.002 -18"><span class='ocrx_word' id='word_1_133' title='bbox 2301 773 2407 828; x_wconf 91' lang='lat' dir='ltr'><strong>que</strong></span> <span class='ocrx_word' id='word_1_134' title='bbox 2452 757 2731 821; x_wconf 80' lang='lat' dir='ltr'><strong>veritatis;</strong></span> <span class='ocrx_word' id='word_1_135' title='bbox 2767 753 2860 810; x_wconf 92' lang='lat' dir='ltr'><strong>sed</strong></span> <span class='ocrx_word' id='word_1_136' title='bbox 2915 754 2982 808; x_wconf 90' lang='lat' dir='ltr'><strong>ad</strong></span> <span class='ocrx_word' id='word_1_137' title='bbox 3020 753 3139 822; x_wconf 88' lang='lat' dir='ltr'><strong>ejus</strong></span> <span class='ocrx_word' id='word_1_138' title='bbox 3171 753 3312 808; x_wconf 86' lang='lat' dir='ltr'><strong>sicut</strong></span> <span class='ocrx_word' id='word_1_139' title='bbox 3358 759 3410 806; x_wconf 90' lang='lat' dir='ltr'><strong>et</strong></span> <span class='ocrx_word' id='word_1_140' title='bbox 3453 758 3773 805; x_wconf 67' lang='lat' dir='ltr'><strong>caeterorum</strong></span> <span class='ocrx_word' id='word_1_141' title='bbox 3811 753 3856 807; x_wconf 91' lang='lat' dir='ltr'><strong>in</strong></span> 
     </span>
    </p>
   </div>
   <div class='ocr_carea' id='block_1_19' title="bbox 2301 843 3855 904">
    <p class='ocr_par' dir='ltr' id='par_1_19' title="bbox 2301 843 3855 904">
     <span class='ocr_line' id='line_1_19' title="bbox 2301 843 3855 904; baseline -0.005 1"><span class='ocrx_word' id='word_1_142' title='bbox 2301 849 2592 904; x_wconf 87' lang='lat' dir='ltr'><strong>Homerum</strong></span> <span class='ocrx_word' id='word_1_143' title='bbox 2619 856 2850 903; x_wconf 88' lang='lat' dir='ltr'><strong>conatus</strong></span> <span class='ocrx_word' id='word_1_144' title='bbox 2888 854 2943 901; x_wconf 91' lang='lat' dir='ltr'><strong>et</strong></span> <span class='ocrx_word' id='word_1_145' title='bbox 2980 846 3237 904; x_wconf 87' lang='lat' dir='ltr'><strong>rationes.</strong></span> <span class='ocrx_word' id='word_1_146' title='bbox 3273 845 3326 898; x_wconf 91' lang='lat' dir='ltr'><strong>in</strong></span> <span class='ocrx_word' id='word_1_147' title='bbox 3367 843 3605 899; x_wconf 88' lang='lat' dir='ltr'><strong>Homero</strong></span> <span class='ocrx_word' id='word_1_148' title='bbox 3636 850 3855 898; x_wconf 80' lang='lat' dir='ltr'><strong>nostroa</strong></span> 
     </span>
    </p>
   </div>
   <div class='ocr_carea' id='block_1_20' title="bbox 2300 935 3852 1006">
    <p class='ocr_par' dir='ltr' id='par_1_20' title="bbox 2300 935 3852 1006">
     <span class='ocr_line' id='line_1_20' title="bbox 2300 935 3852 1006; baseline -0.003 -9"><span class='ocrx_word' id='word_1_149' title='bbox 2300 941 2588 997; x_wconf 84' lang='lat' dir='ltr'><strong>calumniis</strong></span> <span class='ocrx_word' id='word_1_150' title='bbox 2616 940 2914 1006; x_wconf 87' lang='lat' dir='ltr'><strong>vindicato,</strong></span> <span class='ocrx_word' id='word_1_151' title='bbox 2944 945 3003 991; x_wconf 92' lang='lat' dir='ltr'><strong>ut</strong></span> <span class='ocrx_word' id='word_1_152' title='bbox 3033 937 3235 993; x_wconf 88' lang='lat' dir='ltr'><strong>veritas</strong></span> <span class='ocrx_word' id='word_1_153' title='bbox 3277 951 3456 991; x_wconf 69' lang='lat' dir='ltr'><strong>causae</strong></span> <span class='ocrx_word' id='word_1_154' title='bbox 3505 935 3757 1006; x_wconf 82' lang='lat' dir='ltr'><strong>exposcit</strong></span> <span class='ocrx_word' id='word_1_155' title='bbox 3783 951 3852 992; x_wconf 85' lang='lat' dir='ltr'><strong>re-</strong></span> 
     </span>
    </p>
   </div>
   <div class='ocr_carea' id='block_1_21' title="bbox 2300 1014 3852 1104">
    <p class='ocr_par' dir='ltr' id='par_1_21' title="bbox 2300 1014 3852 1104">
     <span class='ocr_line' id='line_1_21' title="bbox 2300 1014 3852 1104; baseline -0.003 -16"><span class='ocrx_word' id='word_1_156' title='bbox 2300 1033 2645 1104; x_wconf 87' lang='lat' dir='ltr'><strong>spondemus.</strong></span> <span class='ocrx_word' id='word_1_157' title='bbox 2679 1029 2752 1085; x_wconf 91' lang='lat' dir='ltr'><strong>De</strong></span> <span class='ocrx_word' id='word_1_158' title='bbox 2791 1030 3011 1085; x_wconf 83' lang='lat' dir='ltr'><strong>Homeri</strong></span> <span class='ocrx_word' id='word_1_159' title='bbox 3054 1039 3107 1084; x_wconf 88' lang='lat' dir='ltr'><strong>et</strong></span> <span class='ocrx_word' id='word_1_160' title='bbox 3139 1014 3357 1083; x_wconf 73' lang='lat' dir='ltr'><strong>Hesiodi</strong></span> <span class='ocrx_word' id='word_1_161' title='bbox 3387 1027 3732 1097; x_wconf 88' lang='lat' dir='ltr'><strong>temporibus</strong></span> <span class='ocrx_word' id='word_1_162' title='bbox 3759 1029 3852 1083; x_wconf 70' lang='lat' dir='ltr'><strong>haec</strong></span> 
     </span>
    </p>
   </div>
   <div class='ocr_carea' id='block_1_22' title="bbox 2299 1119 3850 1189">
    <p class='ocr_par' dir='ltr' id='par_1_22' title="bbox 2299 1119 3850 1189">
     <span class='ocr_line' id='line_1_22' title="bbox 2299 1119 3850 1189; baseline -0.003 -11"><span class='ocrx_word' id='word_1_163' title='bbox 2299 1124 2458 1179; x_wconf 90' lang='lat' dir='ltr'><strong>habet</strong></span> <span class='ocrx_word' id='word_1_164' title='bbox 2494 1121 2730 1177; x_wconf 78' lang='lat' dir='ltr'><strong>Joannes</strong></span> <span class='ocrx_word' id='word_1_165' title='bbox 2776 1121 3168 1185; x_wconf 85' lang='lat' dir='ltr'><strong>Antiochenus,</strong></span> <span class='ocrx_word' id='word_1_166' title='bbox 3203 1120 3256 1173; x_wconf 89' lang='lat' dir='ltr'><strong>in</strong></span> <span class='ocrx_word' id='word_1_167' title='bbox 3285 1119 3658 1189; x_wconf 72' lang='lat' dir='ltr'><strong>Archwologia</strong></span> <span class='ocrx_word' id='word_1_168' title='bbox 3693 1121 3850 1175; x_wconf 65' lang='grc' dir='ltr'><strong>εφασί</strong></span> 
     </span>
    </p>
   </div>
   <div class='ocr_carea' id='block_1_23' title="bbox 2297 1211 3848 1285">
    <p class='ocr_par' dir='ltr' id='par_1_23' title="bbox 2297 1211 3848 1285">
     <span class='ocr_line' id='line_1_23' title="bbox 2297 1211 3848 1285; baseline -0.002 -18"><span class='ocrx_word' id='word_1_169' title='bbox 2297 1231 2439 1278; x_wconf 88' lang='grc' dir='ltr'>τινες</span> <span class='ocrx_word' id='word_1_170' title='bbox 2468 1214 2712 1285; x_wconf 80' lang='grc' dir='ltr'>Ὅμηρον</span> <span class='ocrx_word' id='word_1_171' title='bbox 2749 1213 2842 1267; x_wconf 75' lang='grc' dir='ltr'>καὶ</span> <span class='ocrx_word' id='word_1_172' title='bbox 2875 1211 3111 1265; x_wconf 85' lang='grc' dir='ltr'>Ἡσίοδον</span> <span class='ocrx_word' id='word_1_173' title='bbox 3131 1211 3294 1264; x_wconf 79' lang='grc' dir='ltr'>Δαϐὶδ</span> <span class='ocrx_word' id='word_1_174' title='bbox 3317 1211 3668 1282; x_wconf 87' lang='grc' dir='ltr'>συνακμάσαι</span> <span class='ocrx_word' id='word_1_175' title='bbox 3692 1250 3706 1276; x_wconf 91' lang='grc'><strong>,</strong></span> <span class='ocrx_word' id='word_1_176' title='bbox 3738 1212 3782 1264; x_wconf 83' lang='grc' dir='ltr'><strong>οί</strong></span> <span class='ocrx_word' id='word_1_177' title='bbox 3804 1213 3848 1264; x_wconf 81' lang='grc' dir='ltr'><strong>δὲ</strong></span> 
     </span>
    </p>
   </div>
   <div class='ocr_carea' id='block_1_24' title="bbox 2296 1303 3633 1378">
    <p class='ocr_par' dir='ltr' id='par_1_24' title="bbox 2296 1303 3633 1378">
     <span class='ocr_line' id='line_1_24' title="bbox 2296 1303 3633 1378; baseline -0.001 -18"><span class='ocrx_word' id='word_1_178' title='bbox 2296 1308 2461 1378; x_wconf 81' lang='grc' dir='ltr'><strong>ὀλίγῳ</strong></span> <span class='ocrx_word' id='word_1_179' title='bbox 2502 1303 2783 1378; x_wconf 86' lang='grc' dir='ltr'>πρότερον,</span> <span class='ocrx_word' id='word_1_180' title='bbox 2821 1307 2868 1358; x_wconf 79' lang='grc' dir='ltr'>οἱ</span> <span class='ocrx_word' id='word_1_181' title='bbox 2889 1306 2945 1358; x_wconf 83' lang='grc' dir='ltr'>δὲ</span> <span class='ocrx_word' id='word_1_182' title='bbox 2980 1305 3116 1376; x_wconf 83' lang='grc' dir='ltr'>μετὰ</span> <span class='ocrx_word' id='word_1_183' title='bbox 3154 1304 3322 1358; x_wconf 82' lang='grc' dir='ltr'>ταῦτα</span> <span class='ocrx_word' id='word_1_184' title='bbox 3357 1304 3633 1374; x_wconf 86' lang='grc' dir='ltr'>γενέσθαι.</span> 
     </span>
    </p>
   </div>
   <div class='ocr_carea' id='block_1_25' title="bbox 2365 1395 3842 1466">
    <p class='ocr_par' dir='ltr' id='par_1_25' title="bbox 2365 1395 3842 1466">
     <span class='ocr_line' id='line_1_25' title="bbox 2365 1395 3842 1466; baseline -0.001 -12"><span class='ocrx_word' id='word_1_185' title='bbox 2365 1399 2525 1463; x_wconf 88' lang='lat' dir='ltr'><strong>lbid.,</strong></span> <span class='ocrx_word' id='word_1_186' title='bbox 2560 1399 2656 1453; x_wconf 92' lang='lat' dir='ltr'><strong>lin.</strong></span> <span class='ocrx_word' id='word_1_187' title='bbox 2701 1399 2789 1451; x_wconf 78' lang='lat'><strong>27.</strong></span> <span class='ocrx_word' id='word_1_188' title='bbox 2821 1399 2947 1451; x_wconf 86' lang='grc' dir='ltr'><strong>Ἔτι</strong></span> <span class='ocrx_word' id='word_1_189' title='bbox 2984 1413 3048 1450; x_wconf 83' lang='grc' dir='ltr'>τε</span> <span class='ocrx_word' id='word_1_190' title='bbox 3077 1397 3386 1465; x_wconf 81' lang='grc' dir='ltr'>Χείρωνος.</span> <span class='ocrx_word' id='word_1_191' title='bbox 3419 1395 3698 1466; x_wconf 83' lang='lat' dir='ltr'><strong>Josephus</strong></span> <span class='ocrx_word' id='word_1_192' title='bbox 3735 1395 3842 1453; x_wconf 81' lang='lat' dir='ltr'><strong>Sca-</strong></span> 
     </span>
    </p>
   </div>
   <div class='ocr_carea' id='block_1_26' title="bbox 2295 1487 3838 1563">
    <p class='ocr_par' dir='ltr' id='par_1_26' title="bbox 2295 1487 3838 1563">
     <span class='ocr_line' id='line_1_26' title="bbox 2295 1487 3838 1563; baseline -0.002 -17"><span class='ocrx_word' id='word_1_193' title='bbox 2295 1492 2428 1563; x_wconf 86' lang='lat' dir='ltr'><strong>liger</strong></span> <span class='ocrx_word' id='word_1_194' title='bbox 2453 1489 2828 1546; x_wconf 86' lang='lat' dir='ltr'><strong>Animadvers.</strong></span> <span class='ocrx_word' id='word_1_195' title='bbox 2867 1487 2923 1542; x_wconf 89' lang='lat' dir='ltr'><strong>in</strong></span> <span class='ocrx_word' id='word_1_196' title='bbox 2953 1487 3172 1543; x_wconf 87' lang='lat' dir='ltr'><strong>Eusebii</strong></span> <span class='ocrx_word' id='word_1_197' title='bbox 3204 1487 3547 1549; x_wconf 84' lang='lat' dir='ltr'><strong>Chronicum,</strong></span> <span class='ocrx_word' id='word_1_198' title='bbox 3586 1489 3774 1544; x_wconf 82' lang='lat' dir='ltr'><strong>acriter</strong></span> <span class='ocrx_word' id='word_1_199' title='bbox 3796 1490 3838 1543; x_wconf 92' lang='lat' dir='ltr'><strong>in</strong></span> 
     </span>
    </p>
   </div>
   <div class='ocr_carea' id='block_1_27' title="bbox 2293 1581 3834 1656">
    <p class='ocr_par' dir='ltr' id='par_1_27' title="bbox 2293 1581 3834 1656">
     <span class='ocr_line' id='line_1_27' title="bbox 2293 1581 3834 1656; baseline -0.003 -16"><span class='ocrx_word' id='word_1_200' title='bbox 2293 1583 2680 1656; x_wconf 85' lang='lat' dir='ltr'><strong>Hieronymum</strong></span> <span class='ocrx_word' id='word_1_201' title='bbox 2725 1581 3018 1646; x_wconf 87' lang='lat' dir='ltr'><strong>invehitur,</strong></span> <span class='ocrx_word' id='word_1_202' title='bbox 3074 1581 3368 1650; x_wconf 89' lang='lat' dir='ltr'><strong>multisque</strong></span> <span class='ocrx_word' id='word_1_203' title='bbox 3415 1595 3546 1634; x_wconf 90' lang='lat' dir='ltr'><strong>eum</strong></span> <span class='ocrx_word' id='word_1_204' title='bbox 3600 1582 3834 1652; x_wconf 84' lang='lat' dir='ltr'><strong>exagitat,</strong></span> 
     </span>
    </p>
   </div>
   <div class='ocr_carea' id='block_1_28' title="bbox 2295 1673 3836 1747">
    <p class='ocr_par' dir='ltr' id='par_1_28' title="bbox 2295 1673 3836 1747">
     <span class='ocr_line' id='line_1_28' title="bbox 2295 1673 3836 1747; baseline -0.003 -16"><span class='ocrx_word' id='word_1_205' title='bbox 2295 1677 2434 1747; x_wconf 91' lang='lat' dir='ltr'><strong>quod</strong></span> <span class='ocrx_word' id='word_1_206' title='bbox 2467 1677 2636 1730; x_wconf 88' lang='lat' dir='ltr'><strong>multa</strong></span> <span class='ocrx_word' id='word_1_207' title='bbox 2674 1675 2730 1728; x_wconf 89' lang='lat' dir='ltr'><strong>in</strong></span> <span class='ocrx_word' id='word_1_208' title='bbox 2759 1673 2849 1729; x_wconf 90' lang='lat' dir='ltr'><strong>illa</strong></span> <span class='ocrx_word' id='word_1_209' title='bbox 2885 1673 3328 1742; x_wconf 84' lang='lat' dir='ltr'><strong>interpretatione</strong></span> <span class='ocrx_word' id='word_1_210' title='bbox 3376 1673 3697 1726; x_wconf 85' lang='lat' dir='ltr'><strong>necessaria</strong></span> <span class='ocrx_word' id='word_1_211' title='bbox 3731 1674 3836 1726; x_wconf 89' lang='lat' dir='ltr'><strong>omi-</strong></span> 
     </span>
    </p>
   </div>
   <div class='ocr_carea' id='block_1_29' title="bbox 629 1760 2181 1838">
    <p class='ocr_par' dir='ltr' id='par_1_29' title="bbox 629 1760 2181 1836">
     <span class='ocr_line' id='line_1_29' title="bbox 629 1760 2181 1836; baseline -0.003 -19"><span class='ocrx_word' id='word_1_212' title='bbox 629 1763 911 1836; x_wconf 83' lang='grc' dir='ltr'>νεώτερον,</span> <span class='ocrx_word' id='word_1_213' title='bbox 943 1762 1054 1815; x_wconf 88' lang='grc' dir='ltr'><strong>τῶν</strong></span> <span class='ocrx_word' id='word_1_214' title='bbox 1097 1762 1152 1815; x_wconf 79' lang='grc' dir='ltr'>δὲ</span> <span class='ocrx_word' id='word_1_215' title='bbox 1193 1763 1320 1834; x_wconf 84' lang='grc' dir='ltr'>παρ’</span> <span class='ocrx_word' id='word_1_216' title='bbox 1361 1761 1614 1831; x_wconf 86' lang='grc' dir='ltr'>Ἕλλησιν</span> <span class='ocrx_word' id='word_1_217' title='bbox 1665 1760 2181 1832; x_wconf 59' lang='grc' dir='ltr'>ἀρχαιολογουμένωκ</span> 
     </span>
    </p>
   </div>
   <div class='ocr_carea' id='block_1_30' title="bbox 2283 1760 3832 1838">
    <p class='ocr_par' dir='ltr' id='par_1_30' title="bbox 2293 1764 3832 1838">
     <span class='ocr_line' id='line_1_30' title="bbox 2293 1764 3832 1838; baseline -0.003 -15"><span class='ocrx_word' id='word_1_218' title='bbox 2293 1769 2444 1832; x_wconf 86' lang='lat' dir='ltr'><strong>serit,</strong></span> <span class='ocrx_word' id='word_1_219' title='bbox 2497 1769 2650 1838; x_wconf 91' lang='lat' dir='ltr'><strong>plura</strong></span> <span class='ocrx_word' id='word_1_220' title='bbox 2692 1767 2760 1822; x_wconf 92' lang='lat' dir='ltr'><strong>de</strong></span> <span class='ocrx_word' id='word_1_221' title='bbox 2806 1781 2905 1822; x_wconf 92' lang='lat' dir='ltr'><strong>suo</strong></span> <span class='ocrx_word' id='word_1_222' title='bbox 2939 1764 3226 1832; x_wconf 82' lang='lat' dir='ltr'><strong>addiderit,</strong></span> <span class='ocrx_word' id='word_1_223' title='bbox 3257 1765 3314 1818; x_wconf 92' lang='lat' dir='ltr'><strong>in</strong></span> <span class='ocrx_word' id='word_1_224' title='bbox 3345 1765 3536 1818; x_wconf 91' lang='lat' dir='ltr'><strong>multis</strong></span> <span class='ocrx_word' id='word_1_225' title='bbox 3565 1764 3726 1818; x_wconf 89' lang='lat' dir='ltr'><strong>etiam</strong></span> <span class='ocrx_word' id='word_1_226' title='bbox 3750 1780 3832 1818; x_wconf 89' lang='lat' dir='ltr'><strong>non</strong></span> 
     </span>
    </p>
   </div>
   <div class='ocr_carea' id='block_1_31' title="bbox 629 1834 2181 1929">
    <p class='ocr_par' dir='ltr' id='par_1_31' title="bbox 629 1834 2181 1929">
     <span class='ocr_line' id='line_1_31' title="bbox 629 1834 2181 1929; baseline -0.005 -18"><span class='ocrx_word' id='word_1_227' title='bbox 629 1834 1016 1929; x_wconf 68' lang='grc' dir='ltr'>πρεσϐύτατον,</span> <span class='ocrx_word' id='word_1_228' title='bbox 1047 1855 1178 1926; x_wconf 86' lang='grc' dir='ltr'><strong>Ὀμή</strong></span> <span class='ocrx_word' id='word_1_229' title='bbox 1189 1871 1280 1926; x_wconf 92' lang='grc' dir='ltr'><strong>ρου</strong></span> <span class='ocrx_word' id='word_1_230' title='bbox 1311 1852 1471 1922; x_wconf 81' lang='grc' dir='ltr'>λέγω,</span> <span class='ocrx_word' id='word_1_231' title='bbox 1490 1853 1583 1906; x_wconf 75' lang='grc' dir='ltr'>καὶ</span> <span class='ocrx_word' id='word_1_232' title='bbox 1609 1854 1873 1914; x_wconf 81' lang='grc' dir='ltr'>Ἠσιόδου,</span> <span class='ocrx_word' id='word_1_233' title='bbox 1899 1853 1991 1906; x_wconf 85' lang='grc' dir='ltr'><strong>καὶ</strong></span> <span class='ocrx_word' id='word_1_234' title='bbox 2015 1852 2181 1906; x_wconf 60' lang='grc' dir='ltr'>αὐτῶν</span> 
     </span>
    </p>
   </div>
   <div class='ocr_carea' id='block_1_32' title="bbox 2283 1834 3828 1929">
    <p class='ocr_par' dir='ltr' id='par_1_32' title="bbox 2293 1856 3828 1917">
     <span class='ocr_line' id='line_1_32' title="bbox 2293 1856 3828 1917; baseline -0.004 0"><span class='ocrx_word' id='word_1_235' title='bbox 2293 1863 2363 1917; x_wconf 91' lang='lat' dir='ltr'><strong>sit</strong></span> <span class='ocrx_word' id='word_1_236' title='bbox 2395 1860 2613 1917; x_wconf 88' lang='lat' dir='ltr'><strong>Eusebii</strong></span> <span class='ocrx_word' id='word_1_237' title='bbox 2661 1867 2894 1915; x_wconf 90' lang='lat' dir='ltr'><strong>mentem</strong></span> <span class='ocrx_word' id='word_1_238' title='bbox 2943 1866 3229 1914; x_wconf 88' lang='lat' dir='ltr'><strong>assecutus</strong></span> <span class='ocrx_word' id='word_1_239' title='bbox 3266 1875 3281 1912; x_wconf 89' lang='lat'><strong>:</strong></span> <span class='ocrx_word' id='word_1_240' title='bbox 3323 1856 3403 1912; x_wconf 89' lang='lat' dir='ltr'><strong>sic</strong></span> <span class='ocrx_word' id='word_1_241' title='bbox 3447 1856 3624 1911; x_wconf 89' lang='lat' dir='ltr'><strong>etiam</strong></span> <span class='ocrx_word' id='word_1_242' title='bbox 3663 1856 3754 1910; x_wconf 88' lang='lat' dir='ltr'><strong>hoc</strong></span> <span class='ocrx_word' id='word_1_243' title='bbox 3789 1857 3828 1911; x_wconf 88' lang='lat' dir='ltr'><strong>in</strong></span> 
     </span>
    </p>
   </div>
   <div class='ocr_carea' id='block_1_33' title="bbox 626 1946 2188 2021">
    <p class='ocr_par' dir='ltr' id='par_1_33' title="bbox 626 1946 2188 2021">
     <span class='ocr_line' id='line_1_33' title="bbox 626 1946 2188 2021; baseline -0.004 -18"><span class='ocrx_word' id='word_1_244' title='bbox 626 1950 735 2003; x_wconf 78' lang='grc' dir='ltr'><strong>τῶν</strong></span> <span class='ocrx_word' id='word_1_245' title='bbox 778 1949 1071 2021; x_wconf 84' lang='grc' dir='ltr'>Τρωῖκῶν,</span> <span class='ocrx_word' id='word_1_246' title='bbox 1119 1947 1213 2000; x_wconf 79' lang='grc' dir='ltr'><strong>καὶ</strong></span> <span class='ocrx_word' id='word_1_247' title='bbox 1269 1947 1348 2000; x_wconf 76' lang='grc' dir='ltr'>ἔτι</span> <span class='ocrx_word' id='word_1_248' title='bbox 1403 1946 1738 2017; x_wconf 85' lang='grc' dir='ltr'><strong>Διοσκούρων</strong></span> <span class='ocrx_word' id='word_1_249' title='bbox 1764 1987 1777 2012; x_wconf 94' lang='grc'><strong>,</strong></span> <span class='ocrx_word' id='word_1_250' title='bbox 1831 1946 2188 2016; x_wconf 79' lang='grc' dir='ltr'><strong>Ἀσκληπιοῦ,</strong></span> 
     </span>
    </p>
   </div>
   <div class='ocr_carea' id='block_1_34' title="bbox 624 2037 2191 2111">
    <p class='ocr_par' dir='ltr' id='par_1_34' title="bbox 624 2037 2191 2111">
     <span class='ocr_line' id='line_1_34' title="bbox 624 2037 2191 2111; baseline -0.001 -19"><span class='ocrx_word' id='word_1_251' title='bbox 624 2039 896 2104; x_wconf 86' lang='grc' dir='ltr'>Διονύσου,</span> <span class='ocrx_word' id='word_1_252' title='bbox 916 2039 1109 2111; x_wconf 77' lang='grc' dir='ltr'>ἡρώων</span> <span class='ocrx_word' id='word_1_253' title='bbox 1135 2056 1194 2090; x_wconf 91' lang='grc' dir='ltr'><strong>τε</strong></span> <span class='ocrx_word' id='word_1_254' title='bbox 1222 2039 1456 2100; x_wconf 82' lang='grc' dir='ltr'>πάντων,</span> <span class='ocrx_word' id='word_1_255' title='bbox 1473 2038 1673 2110; x_wconf 88' lang='grc' dir='ltr'><strong>Ἑρμοῦ</strong></span> <span class='ocrx_word' id='word_1_256' title='bbox 1713 2055 1773 2090; x_wconf 87' lang='grc' dir='ltr'><strong>τε</strong></span> <span class='ocrx_word' id='word_1_257' title='bbox 1799 2038 1892 2090; x_wconf 77' lang='grc' dir='ltr'><strong>καὶ</strong></span> <span class='ocrx_word' id='word_1_258' title='bbox 1929 2037 2191 2090; x_wconf 79' lang='grc' dir='ltr'>Ἀπόλλωο</span> 
     </span>
    </p>
   </div>
   <div class='ocr_carea' id='block_1_35' title="bbox 623 2129 2191 2201">
    <p class='ocr_par' dir='ltr' id='par_1_35' title="bbox 623 2129 2191 2201">
     <span class='ocr_line' id='line_1_35' title="bbox 623 2129 2191 2201; baseline -0.002 -16"><span class='ocrx_word' id='word_1_259' title='bbox 623 2149 729 2195; x_wconf 90' lang='grc' dir='ltr'>νος,</span> <span class='ocrx_word' id='word_1_260' title='bbox 769 2130 877 2183; x_wconf 83' lang='grc' dir='ltr'><strong>τῶν</strong></span> <span class='ocrx_word' id='word_1_261' title='bbox 918 2148 974 2183; x_wconf 90' lang='grc' dir='ltr'><strong>τε</strong></span> <span class='ocrx_word' id='word_1_262' title='bbox 1016 2129 1215 2183; x_wconf 83' lang='grc' dir='ltr'>λοιπῶν</span> <span class='ocrx_word' id='word_1_263' title='bbox 1262 2133 1388 2201; x_wconf 82' lang='grc' dir='ltr'>παρ’</span> <span class='ocrx_word' id='word_1_264' title='bbox 1416 2129 1636 2200; x_wconf 84' lang='grc' dir='ltr'>Ἕλλησι</span> <span class='ocrx_word' id='word_1_265' title='bbox 1673 2130 1829 2190; x_wconf 85' lang='grc' dir='ltr'>θεῶν,</span> <span class='ocrx_word' id='word_1_266' title='bbox 1878 2129 2191 2201; x_wconf 76' lang='grc' dir='ltr'>μυστηρίων</span> 
     </span>
    </p>
   </div>
   <div class='ocr_carea' id='block_1_36' title="bbox 618 2219 2189 2294">
    <p class='ocr_par' dir='ltr' id='par_1_36' title="bbox 618 2219 2189 2294">
     <span class='ocr_line' id='line_1_36' title="bbox 618 2219 2189 2294; baseline -0.002 -17"><span class='ocrx_word' id='word_1_267' title='bbox 618 2240 700 2285; x_wconf 78' lang='grc' dir='ltr'><strong>τε,</strong></span> <span class='ocrx_word' id='word_1_268' title='bbox 737 2224 830 2277; x_wconf 76' lang='grc' dir='ltr'>καὶ</span> <span class='ocrx_word' id='word_1_269' title='bbox 873 2223 1122 2287; x_wconf 79' lang='grc' dir='ltr'>τελετῶν,</span> <span class='ocrx_word' id='word_1_270' title='bbox 1147 2223 1266 2286; x_wconf 84' lang='grc' dir='ltr'>Διός</span> <span class='ocrx_word' id='word_1_271' title='bbox 1308 2239 1367 2276; x_wconf 86' lang='grc' dir='ltr'><strong>τε</strong></span> <span class='ocrx_word' id='word_1_272' title='bbox 1411 2222 1572 2275; x_wconf 78' lang='grc' dir='ltr'>αὐτοῦ</span> <span class='ocrx_word' id='word_1_273' title='bbox 1624 2219 1871 2294; x_wconf 81' lang='grc' dir='ltr'>πράξεων</span> <span class='ocrx_word' id='word_1_274' title='bbox 1910 2221 2019 2274; x_wconf 84' lang='grc' dir='ltr'>τῶν</span> <span class='ocrx_word' id='word_1_275' title='bbox 2061 2223 2189 2292; x_wconf 80' lang='grc' dir='ltr'>παρ’</span> 
     </span>
    </p>
   </div>
   <div class='ocr_carea' id='block_1_37' title="bbox 620 2313 2188 2387">
    <p class='ocr_par' dir='ltr' id='par_1_37' title="bbox 620 2313 2188 2387">
     <span class='ocr_line' id='line_1_37' title="bbox 620 2313 2188 2387; baseline -0.001 -19"><span class='ocrx_word' id='word_1_276' title='bbox 620 2315 842 2387; x_wconf 66' lang='grc' dir='ltr'>Ἕλλησι</span> <span class='ocrx_word' id='word_1_277' title='bbox 867 2315 1389 2387; x_wconf 81' lang='grc' dir='ltr'>’μνημονευομένων.</span> <span class='ocrx_word' id='word_1_278' title='bbox 1437 2313 1502 2368; x_wconf 89' lang='grc' dir='ltr'>Ει</span> <span class='ocrx_word' id='word_1_279' title='bbox 1540 2314 1806 2370; x_wconf 84' lang='lat' dir='ltr'><strong>inferius:</strong></span> <span class='ocrx_word' id='word_1_280' title='bbox 1838 2315 2049 2368; x_wconf 81' lang='grc' dir='ltr'>Γίνεται</span> <span class='ocrx_word' id='word_1_281' title='bbox 2081 2313 2188 2387; x_wconf 81' lang='grc' dir='ltr'>γὰρ</span> 
     </span>
    </p>
   </div>
   <div class='ocr_carea' id='block_1_38' title="bbox 621 2404 2188 2481">
    <p class='ocr_par' dir='ltr' id='par_1_38' title="bbox 621 2404 2188 2481">
     <span class='ocr_line' id='line_1_38' title="bbox 621 2404 2188 2481; baseline -0.002 -20"><span class='ocrx_word' id='word_1_282' title='bbox 621 2408 762 2479; x_wconf 75' lang='grc' dir='ltr'>μετὰ</span> <span class='ocrx_word' id='word_1_283' title='bbox 789 2408 1048 2481; x_wconf 81' lang='grc' dir='ltr'>Κέκροπα</span> <span class='ocrx_word' id='word_1_284' title='bbox 1073 2410 1101 2462; x_wconf 85' lang='grc' dir='ltr'><strong>ὁ</strong></span> <span class='ocrx_word' id='word_1_285' title='bbox 1128 2408 1268 2462; x_wconf 83' lang='grc' dir='ltr'>κατὰ</span> <span class='ocrx_word' id='word_1_286' title='bbox 1292 2409 1634 2462; x_wconf 83' lang='grc' dir='ltr'>Δευκαλίωνα</span> <span class='ocrx_word' id='word_1_287' title='bbox 1663 2407 2064 2478; x_wconf 82' lang='grc' dir='ltr'>κατακλυσμὸς,</span> <span class='ocrx_word' id='word_1_288' title='bbox 2092 2404 2188 2459; x_wconf 76' lang='grc' dir='ltr'>καὶ</span> 
     </span>
    </p>
   </div>
   <div class='ocr_carea' id='block_1_39' title="bbox 617 2499 2184 2572">
    <p class='ocr_par' dir='ltr' id='par_1_39' title="bbox 617 2499 2184 2572">
     <span class='ocr_line' id='line_1_39' title="bbox 617 2499 2184 2572; baseline -0.001 -20"><span class='ocrx_word' id='word_1_289' title='bbox 617 2500 653 2571; x_wconf 85' lang='grc' dir='ltr'><strong>ή</strong></span> <span class='ocrx_word' id='word_1_290' title='bbox 685 2501 776 2553; x_wconf 72' lang='grc' dir='ltr'><strong>ἐπὶ</strong></span> <span class='ocrx_word' id='word_1_291' title='bbox 805 2501 1092 2563; x_wconf 79' lang='grc' dir='ltr'>Φαέθοντος</span> <span class='ocrx_word' id='word_1_292' title='bbox 1118 2501 1443 2572; x_wconf 75' lang='grc' dir='ltr'>ἐκπύρωσις,</span> <span class='ocrx_word' id='word_1_293' title='bbox 1481 2500 1808 2570; x_wconf 78' lang='grc' dir='ltr'>Ἐριχθονίου</span> <span class='ocrx_word' id='word_1_294' title='bbox 1850 2516 1910 2551; x_wconf 86' lang='grc' dir='ltr'><strong>τε</strong></span> <span class='ocrx_word' id='word_1_295' title='bbox 1954 2499 2184 2567; x_wconf 77' lang='grc' dir='ltr'>γένεσις,</span> 
     </span>
    </p>
   </div>
   <div class='ocr_carea' id='block_1_40' title="bbox 617 2590 2188 2664">
    <p class='ocr_par' dir='ltr' id='par_1_40' title="bbox 617 2590 2188 2664">
     <span class='ocr_line' id='line_1_40' title="bbox 617 2590 2188 2664; baseline -0.002 -19"><span class='ocrx_word' id='word_1_296' title='bbox 617 2595 712 2646; x_wconf 72' lang='grc' dir='ltr'>καὶ</span> <span class='ocrx_word' id='word_1_297' title='bbox 741 2595 773 2663; x_wconf 86' lang='grc' dir='ltr'>ἡ</span> <span class='ocrx_word' id='word_1_298' title='bbox 807 2592 908 2644; x_wconf 83' lang='grc' dir='ltr'><strong>ὑπὸ</strong></span> <span class='ocrx_word' id='word_1_299' title='bbox 935 2593 1206 2664; x_wconf 71' lang='grc' dir='ltr'>Δαρδάνου</span> <span class='ocrx_word' id='word_1_300' title='bbox 1241 2593 1338 2662; x_wconf 81' lang='grc' dir='ltr'>τῆς</span> <span class='ocrx_word' id='word_1_301' title='bbox 1381 2591 1673 2664; x_wconf 79' lang='grc' dir='ltr'>Δαρδανίας</span> <span class='ocrx_word' id='word_1_302' title='bbox 1716 2590 1908 2653; x_wconf 81' lang='grc' dir='ltr'>κτίσις,</span> <span class='ocrx_word' id='word_1_303' title='bbox 1944 2590 2002 2643; x_wconf 82' lang='grc' dir='ltr'>ὃν</span> <span class='ocrx_word' id='word_1_304' title='bbox 2049 2591 2188 2661; x_wconf 85' lang='grc' dir='ltr'>πρῶ-</span> 
     </span>
    </p>
   </div>
   <div class='ocr_carea' id='block_1_41' title="bbox 614 2685 1203 2756">
    <p class='ocr_par' dir='ltr' id='par_1_41' title="bbox 614 2685 1203 2756">
     <span class='ocr_line' id='line_1_41' title="bbox 614 2685 1203 2756; baseline 0.002 -21"><span class='ocrx_word' id='word_1_305' title='bbox 614 2699 706 2738; x_wconf 83' lang='grc' dir='ltr'><strong>τον</strong></span> <span class='ocrx_word' id='word_1_306' title='bbox 747 2685 910 2754; x_wconf 67' lang='grc' dir='ltr'>φησιν</span> <span class='ocrx_word' id='word_1_307' title='bbox 936 2685 1003 2737; x_wconf 88' lang='grc' dir='ltr'><em>Ὅ</em></span> <span class='ocrx_word' id='word_1_308' title='bbox 1011 2702 1082 2754; x_wconf 83' lang='grc' dir='ltr'>μη</span> <span class='ocrx_word' id='word_1_309' title='bbox 1092 2701 1203 2756; x_wconf 90' lang='grc' dir='ltr'>ρος,</span> 
     </span>
    </p>
   </div>
   <div class='ocr_carea' id='block_1_42' title="bbox 689 2763 1924 2843">
    <p class='ocr_par' dir='ltr' id='par_1_42' title="bbox 689 2763 1924 2843">
     <span class='ocr_line' id='line_1_42' title="bbox 689 2763 1924 2843; baseline 0.01 -17"><span class='ocrx_word' id='word_1_310' title='bbox 689 2813 705 2828; x_wconf 93' lang='grc'><strong>.</strong></span> <span class='ocrx_word' id='word_1_311' title='bbox 785 2815 797 2827; x_wconf 94' lang='grc'><strong>.</strong></span> <span class='ocrx_word' id='word_1_312' title='bbox 878 2814 890 2825; x_wconf 93' lang='grc'><strong>.</strong></span> <span class='ocrx_word' id='word_1_313' title='bbox 971 2814 985 2828; x_wconf 93' lang='grc'><strong>.</strong></span> <span class='ocrx_word' id='word_1_314' title='bbox 1067 2775 1267 2828; x_wconf 83' lang='grc' dir='ltr'>Τέκετο</span> <span class='ocrx_word' id='word_1_315' title='bbox 1293 2771 1724 2843; x_wconf 70' lang='grc' dir='ltr'><strong>νεφεληγερέτα</strong></span> <span class='ocrx_word' id='word_1_316' title='bbox 1747 2763 1924 2838; x_wconf 84' lang='grc' dir='ltr'><strong>Ζεύς’</strong></span> 
     </span>
    </p>
   </div>
   <div class='ocr_carea' id='block_1_43' title="bbox 614 2863 2185 2938">
    <p class='ocr_par' dir='ltr' id='par_1_43' title="bbox 614 2863 2185 2938">
     <span class='ocr_line' id='line_1_43' title="bbox 614 2863 2185 2938; baseline -0.001 -19"><span class='ocrx_word' id='word_1_317' title='bbox 614 2866 798 2938; x_wconf 86' lang='grc' dir='ltr'>Κόρης</span> <span class='ocrx_word' id='word_1_318' title='bbox 821 2883 880 2920; x_wconf 86' lang='grc' dir='ltr'><strong>τε</strong></span> <span class='ocrx_word' id='word_1_319' title='bbox 907 2866 1147 2937; x_wconf 81' lang='grc' dir='ltr'>ἁρπαγὴ,</span> <span class='ocrx_word' id='word_1_320' title='bbox 1177 2867 1268 2919; x_wconf 75' lang='grc' dir='ltr'><strong>καὶ</strong></span> <span class='ocrx_word' id='word_1_321' title='bbox 1311 2868 1594 2936; x_wconf 87' lang='grc' dir='ltr'>Δήμητρος</span> <span class='ocrx_word' id='word_1_322' title='bbox 1623 2867 1914 2935; x_wconf 84' lang='grc' dir='ltr'>μυστήρια,</span> <span class='ocrx_word' id='word_1_323' title='bbox 1947 2872 2049 2919; x_wconf 86' lang='lat' dir='ltr'><strong>etc.</strong></span> <span class='ocrx_word' id='word_1_324' title='bbox 2081 2863 2185 2930; x_wconf 85' lang='lat' dir='ltr'><strong>Qui</strong></span> 
     </span>
    </p>
   </div>
   <div class='ocr_carea' id='block_1_44' title="bbox 613 2958 2185 3029">
    <p class='ocr_par' dir='ltr' id='par_1_44' title="bbox 613 2958 2185 3029">
     <span class='ocr_line' id='line_1_44' title="bbox 613 2958 2185 3029; baseline -0.001 -15"><span class='ocrx_word' id='word_1_325' title='bbox 613 2959 767 3014; x_wconf 92' lang='lat' dir='ltr'><strong>locus</strong></span> <span class='ocrx_word' id='word_1_326' title='bbox 797 2958 1015 3015; x_wconf 87' lang='lat' dir='ltr'><strong>Eusebii</strong></span> <span class='ocrx_word' id='word_1_327' title='bbox 1053 2976 1119 3015; x_wconf 77' lang='lat' dir='ltr'><strong>ex</strong></span> <span class='ocrx_word' id='word_1_328' title='bbox 1156 2963 1258 3014; x_wconf 91' lang='lat' dir='ltr'><strong>hoc</strong></span> <span class='ocrx_word' id='word_1_329' title='bbox 1308 2967 1497 3015; x_wconf 92' lang='lat' dir='ltr'><strong>nostro</strong></span> <span class='ocrx_word' id='word_1_330' title='bbox 1529 2959 1814 3014; x_wconf 88' lang='lat' dir='ltr'><strong>Eustathio</strong></span> <span class='ocrx_word' id='word_1_331' title='bbox 1857 2958 2185 3029; x_wconf 78' lang='lat' dir='ltr'><strong>Hieronymo</strong></span> 
     </span>
    </p>
   </div>
   <div class='ocr_carea' id='block_1_45' title="bbox 613 3049 2184 3123">
    <p class='ocr_par' dir='ltr' id='par_1_45' title="bbox 613 3049 2184 3123">
     <span class='ocr_line' id='line_1_45' title="bbox 613 3049 2184 3123; baseline -0.004 -16"><span class='ocrx_word' id='word_1_332' title='bbox 613 3051 752 3107; x_wconf 87' lang='lat' dir='ltr'><strong>duce</strong></span> <span class='ocrx_word' id='word_1_333' title='bbox 796 3053 1130 3122; x_wconf 84' lang='lat' dir='ltr'><strong>supplendus</strong></span> <span class='ocrx_word' id='word_1_334' title='bbox 1191 3060 1311 3117; x_wconf 87' lang='lat' dir='ltr'><strong>est,</strong></span> <span class='ocrx_word' id='word_1_335' title='bbox 1367 3051 1692 3123; x_wconf 85' lang='grc' dir='ltr'>Ἐριχθονίου</span> <span class='ocrx_word' id='word_1_336' title='bbox 1759 3067 1818 3102; x_wconf 82' lang='grc' dir='ltr'><strong>τε</strong></span> <span class='ocrx_word' id='word_1_337' title='bbox 1856 3050 2066 3118; x_wconf 84' lang='grc' dir='ltr'>γένεσις</span> <span class='ocrx_word' id='word_1_338' title='bbox 2126 3049 2184 3116; x_wconf 83' lang='grc' dir='ltr'><strong>ἐξ</strong></span> 
     </span>
    </p>
   </div>
   <div class='ocr_carea' id='block_1_46' title="bbox 624 3143 2178 3214">
    <p class='ocr_par' dir='ltr' id='par_1_46' title="bbox 624 3143 2178 3214">
     <span class='ocr_line' id='line_1_46' title="bbox 624 3143 2178 3214; baseline 0.001 -18"><span class='ocrx_word' id='word_1_339' title='bbox 624 3143 914 3213; x_wconf 77' lang='grc' dir='ltr'>Ἡφαίστου</span> <span class='ocrx_word' id='word_1_340' title='bbox 968 3146 1060 3198; x_wconf 76' lang='grc' dir='ltr'><strong>καὶ</strong></span> <span class='ocrx_word' id='word_1_341' title='bbox 1104 3145 1242 3214; x_wconf 83' lang='grc' dir='ltr'>Γῆς,</span> <span class='ocrx_word' id='word_1_342' title='bbox 1278 3159 1397 3213; x_wconf 73' lang='lat' dir='ltr'><strong>qua:</strong></span> <span class='ocrx_word' id='word_1_343' title='bbox 1442 3143 1822 3199; x_wconf 88' lang='lat' dir='ltr'><strong>desiderantur</strong></span> <span class='ocrx_word' id='word_1_344' title='bbox 1867 3145 1923 3198; x_wconf 90' lang='lat' dir='ltr'><strong>in</strong></span> <span class='ocrx_word' id='word_1_345' title='bbox 1971 3143 2178 3200; x_wconf 69' lang='lat' dir='ltr'><strong>Graeco.</strong></span> 
     </span>
    </p>
   </div>
   <div class='ocr_carea' id='block_1_47' title="bbox 615 3233 2173 3307">
    <p class='ocr_par' dir='ltr' id='par_1_47' title="bbox 615 3233 2173 3307">
     <span class='ocr_line' id='line_1_47' title="bbox 615 3233 2173 3307; baseline 0 -21"><span class='ocrx_word' id='word_1_346' title='bbox 615 3233 756 3288; x_wconf 91' lang='lat' dir='ltr'><strong>Idem</strong></span> <span class='ocrx_word' id='word_1_347' title='bbox 789 3233 1052 3290; x_wconf 88' lang='lat' dir='ltr'><strong>Eusebius</strong></span> <span class='ocrx_word' id='word_1_348' title='bbox 1084 3235 1138 3288; x_wconf 93' lang='lat' dir='ltr'><strong>in</strong></span> <span class='ocrx_word' id='word_1_349' title='bbox 1169 3235 1271 3290; x_wconf 92' lang='lat' dir='ltr'><strong>hoc</strong></span> <span class='ocrx_word' id='word_1_350' title='bbox 1299 3235 1487 3290; x_wconf 89' lang='lat' dir='ltr'><strong>eodem</strong></span> <span class='ocrx_word' id='word_1_351' title='bbox 1513 3233 1774 3289; x_wconf 88' lang='lat' dir='ltr'><strong>Chronico</strong></span> <span class='ocrx_word' id='word_1_352' title='bbox 1796 3244 1948 3305; x_wconf 90' lang='lat' dir='ltr'><strong>parte</strong></span> <span class='ocrx_word' id='word_1_353' title='bbox 1966 3237 2173 3307; x_wconf 87' lang='lat' dir='ltr'><strong>prima:</strong></span> 
     </span>
    </p>
   </div>
   <div class='ocr_carea' id='block_1_48' title="bbox 609 3325 2180 3398">
    <p class='ocr_par' dir='ltr' id='par_1_48' title="bbox 609 3325 2180 3398">
     <span class='ocr_line' id='line_1_48' title="bbox 609 3325 2180 3398; baseline 0 -18"><span class='ocrx_word' id='word_1_354' title='bbox 609 3326 767 3380; x_wconf 83' lang='grc' dir='ltr'>Πᾶσα</span> <span class='ocrx_word' id='word_1_355' title='bbox 814 3329 941 3398; x_wconf 83' lang='grc' dir='ltr'>παρ’</span> <span class='ocrx_word' id='word_1_356' title='bbox 984 3327 1206 3397; x_wconf 80' lang='grc' dir='ltr'>Ἕλλησι</span> <span class='ocrx_word' id='word_1_357' title='bbox 1257 3325 1643 3397; x_wconf 81' lang='grc' dir='ltr'>θαυμαζομένη</span> <span class='ocrx_word' id='word_1_358' title='bbox 1694 3326 1890 3397; x_wconf 77' lang='grc' dir='ltr'>πρᾶξις</span> <span class='ocrx_word' id='word_1_359' title='bbox 1927 3328 2034 3380; x_wconf 79' lang='grc' dir='ltr'>ἀπὸ</span> <span class='ocrx_word' id='word_1_360' title='bbox 2073 3327 2180 3380; x_wconf 86' lang='grc' dir='ltr'><strong>τῶν</strong></span> 
     </span>
    </p>
   </div>
   <div class='ocr_carea' id='block_1_49' title="bbox 622 3415 2178 3488">
    <p class='ocr_par' dir='ltr' id='par_1_49' title="bbox 622 3415 2178 3488">
     <span class='ocr_line' id='line_1_49' title="bbox 622 3415 2178 3488; baseline 0.001 -20"><span class='ocrx_word' id='word_1_361' title='bbox 622 3415 824 3487; x_wconf 79' lang='grc' dir='ltr'>Ἰνάχου</span> <span class='ocrx_word' id='word_1_362' title='bbox 877 3417 1116 3488; x_wconf 85' lang='grc' dir='ltr'>χρόνων,</span> <span class='ocrx_word' id='word_1_363' title='bbox 1161 3417 1254 3470; x_wconf 71' lang='grc' dir='ltr'><strong>καὶ</strong></span> <span class='ocrx_word' id='word_1_364' title='bbox 1295 3417 1583 3488; x_wconf 81' lang='grc' dir='ltr'>Φορωνέως</span> <span class='ocrx_word' id='word_1_365' title='bbox 1628 3418 1708 3479; x_wconf 78' lang='grc' dir='ltr'><strong>είς</strong></span> <span class='ocrx_word' id='word_1_366' title='bbox 1746 3417 1835 3470; x_wconf 82' lang='grc' dir='ltr'><strong>τὸν</strong></span> <span class='ocrx_word' id='word_1_367' title='bbox 1888 3418 2178 3488; x_wconf 79' lang='grc' dir='ltr'>μετέπειτα</span> 
     </span>
    </p>
   </div>
   <div class='ocr_carea' id='block_1_50' title="bbox 609 3507 2177 3580">
    <p class='ocr_par' dir='ltr' id='par_1_50' title="bbox 609 3507 2177 3580">
     <span class='ocr_line' id='line_1_50' title="bbox 609 3507 2177 3580; baseline 0.001 -20"><span class='ocrx_word' id='word_1_368' title='bbox 609 3509 852 3579; x_wconf 80' lang='grc' dir='ltr'>φέρεται.</span> <span class='ocrx_word' id='word_1_369' title='bbox 895 3509 984 3561; x_wconf 82' lang='grc' dir='ltr'>Διὸ</span> <span class='ocrx_word' id='word_1_370' title='bbox 1010 3509 1102 3561; x_wconf 71' lang='grc' dir='ltr'><strong>καὶ</strong></span> <span class='ocrx_word' id='word_1_371' title='bbox 1138 3508 1359 3562; x_wconf 88' lang='grc' dir='ltr'>Πλάτων</span> <span class='ocrx_word' id='word_1_372' title='bbox 1392 3510 1448 3560; x_wconf 79' lang='grc' dir='ltr'>ἐν</span> <span class='ocrx_word' id='word_1_373' title='bbox 1479 3508 1686 3577; x_wconf 82' lang='grc' dir='ltr'>Τιμαίῳ</span> <span class='ocrx_word' id='word_1_374' title='bbox 1723 3507 1799 3578; x_wconf 81' lang='grc' dir='ltr'><strong>τῷ</strong></span> <span class='ocrx_word' id='word_1_375' title='bbox 1826 3508 2053 3580; x_wconf 80' lang='grc' dir='ltr'>διαλόγῳ</span> <span class='ocrx_word' id='word_1_376' title='bbox 2085 3509 2177 3562; x_wconf 80' lang='grc' dir='ltr'>τοῦ</span> 
     </span>
    </p>
   </div>
   <div class='ocr_carea' id='block_1_51' title="bbox 606 3598 2175 3669">
    <p class='ocr_par' dir='ltr' id='par_1_51' title="bbox 606 3598 2175 3669">
     <span class='ocr_line' id='line_1_51' title="bbox 606 3598 2175 3669; baseline 0.002 -18"><span class='ocrx_word' id='word_1_377' title='bbox 606 3599 893 3669; x_wconf 83' lang='grc' dir='ltr'>Φορωνέως</span> <span class='ocrx_word' id='word_1_378' title='bbox 937 3599 1300 3668; x_wconf 73' lang='grc' dir='ltr'>ἐπιμέμνηται</span> <span class='ocrx_word' id='word_1_379' title='bbox 1342 3598 1567 3669; x_wconf 87' lang='grc' dir='ltr'>χρόνων,</span> <span class='ocrx_word' id='word_1_380' title='bbox 1609 3599 1682 3661; x_wconf 85' lang='grc' dir='ltr'>ὡς</span> <span class='ocrx_word' id='word_1_381' title='bbox 1731 3599 1869 3652; x_wconf 83' lang='grc' dir='ltr'>πάνυ</span> <span class='ocrx_word' id='word_1_382' title='bbox 1915 3601 2175 3665; x_wconf 82' lang='grc' dir='ltr'>παλαιῶν,</span> 
     </span>
    </p>
   </div>
   <div class='ocr_carea' id='block_1_52' title="bbox 608 3688 2179 3761">
    <p class='ocr_par' dir='ltr' id='par_1_52' title="bbox 608 3688 2179 3761">
     <span class='ocr_line' id='line_1_52' title="bbox 608 3688 2179 3761; baseline 0.001 -18"><span class='ocrx_word' id='word_1_383' title='bbox 608 3691 704 3744; x_wconf 81' lang='grc' dir='ltr'>καὶ</span> <span class='ocrx_word' id='word_1_384' title='bbox 726 3690 945 3761; x_wconf 77' lang='grc' dir='ltr'>Νιόϐης,</span> <span class='ocrx_word' id='word_1_385' title='bbox 972 3690 1062 3742; x_wconf 76' lang='grc' dir='ltr'><strong>καὶ</strong></span> <span class='ocrx_word' id='word_1_386' title='bbox 1091 3689 1184 3741; x_wconf 81' lang='grc' dir='ltr'>τοῦ</span> <span class='ocrx_word' id='word_1_387' title='bbox 1217 3689 1335 3742; x_wconf 78' lang='grc' dir='ltr'>κατ’</span> <span class='ocrx_word' id='word_1_388' title='bbox 1371 3688 1594 3758; x_wconf 81' lang='grc' dir='ltr'>Ὠγύγου</span> <span class='ocrx_word' id='word_1_389' title='bbox 1631 3690 1984 3761; x_wconf 82' lang='grc' dir='ltr'>ἀρχαιοτάτου</span> <span class='ocrx_word' id='word_1_390' title='bbox 2011 3709 2179 3745; x_wconf 85' lang='grc' dir='ltr'>κατα-</span> 
     </span>
    </p>
   </div>
   <div class='ocr_carea' id='block_1_53' title="bbox 606 3781 1233 3852">
    <p class='ocr_par' dir='ltr' id='par_1_53' title="bbox 606 3781 1233 3852">
     <span class='ocr_line' id='line_1_53' title="bbox 606 3781 1233 3852; baseline -0.003 -17"><span class='ocrx_word' id='word_1_391' title='bbox 606 3783 868 3852; x_wconf 80' lang='grc' dir='ltr'>κλυσμοῦ,</span> <span class='ocrx_word' id='word_1_392' title='bbox 893 3783 966 3846; x_wconf 80' lang='grc' dir='ltr'>ὼς</span> <span class='ocrx_word' id='word_1_393' title='bbox 997 3781 1233 3850; x_wconf 84' lang='grc' dir='ltr'>λέγεται.</span> 
     </span>
    </p>
   </div>
   <div class='ocr_carea' id='block_1_54' title="bbox 677 3874 2176 3945">
    <p class='ocr_par' dir='ltr' id='par_1_54' title="bbox 677 3874 2176 3945">
     <span class='ocr_line' id='line_1_54' title="bbox 677 3874 2176 3945; baseline 0.003 -18"><span class='ocrx_word' id='word_1_394' title='bbox 677 3874 836 3938; x_wconf 89' lang='lat' dir='ltr'><strong>lbid.,</strong></span> <span class='ocrx_word' id='word_1_395' title='bbox 855 3876 947 3931; x_wconf 89' lang='lat' dir='ltr'><strong>lin.</strong></span> <span class='ocrx_word' id='word_1_396' title='bbox 967 3875 1053 3929; x_wconf 77' lang='lat'><strong>25.</strong></span> <span class='ocrx_word' id='word_1_397' title='bbox 1073 3875 1319 3943; x_wconf 81' lang='grc' dir='ltr'>Ὁμήρου</span> <span class='ocrx_word' id='word_1_398' title='bbox 1345 3877 1537 3945; x_wconf 76' lang='grc' dir='ltr'>λέγων</span> <span class='ocrx_word' id='word_1_399' title='bbox 1557 3875 1653 3929; x_wconf 78' lang='grc' dir='ltr'>καὶ</span> <span class='ocrx_word' id='word_1_400' title='bbox 1681 3876 1971 3930; x_wconf 84' lang='grc' dir='ltr'>Ἡσιόδου.</span> <span class='ocrx_word' id='word_1_401' title='bbox 1995 3875 2069 3932; x_wconf 91' lang='lat' dir='ltr'><strong>De</strong></span> <span class='ocrx_word' id='word_1_402' title='bbox 2092 3877 2176 3933; x_wconf 85' lang='lat' dir='ltr'><strong>his</strong></span> 
     </span>
    </p>
   </div>
   <div class='ocr_carea' id='block_1_55' title="bbox 607 3965 2178 4025">
    <p class='ocr_par' dir='ltr' id='par_1_55' title="bbox 607 3965 2178 4025">
     <span class='ocr_line' id='line_1_55' title="bbox 607 3965 2178 4025; baseline 0.001 -3"><span class='ocrx_word' id='word_1_403' title='bbox 607 3975 662 4022; x_wconf 90' lang='lat' dir='ltr'><strong>et</strong></span> <span class='ocrx_word' id='word_1_404' title='bbox 701 3967 822 4021; x_wconf 90' lang='lat' dir='ltr'><strong>aliis</strong></span> <span class='ocrx_word' id='word_1_405' title='bbox 861 3967 1177 4021; x_wconf 86' lang='lat' dir='ltr'><strong>auctoribus</strong></span> <span class='ocrx_word' id='word_1_406' title='bbox 1216 3968 1282 4021; x_wconf 93' lang='lat' dir='ltr'><strong>ab</strong></span> <span class='ocrx_word' id='word_1_407' title='bbox 1327 3965 1611 4021; x_wconf 88' lang='lat' dir='ltr'><strong>Eustathio</strong></span> <span class='ocrx_word' id='word_1_408' title='bbox 1645 3970 2080 4025; x_wconf 85' lang='lat' dir='ltr'><strong>commemoratis</strong></span> <span class='ocrx_word' id='word_1_409' title='bbox 2120 3970 2178 4024; x_wconf 91' lang='lat' dir='ltr'><strong>in</strong></span> 
     </span>
    </p>
   </div>
   <div class='ocr_carea' id='block_1_56' title="bbox 610 4059 2176 4131">
    <p class='ocr_par' dir='ltr' id='par_1_56' title="bbox 610 4059 2176 4131">
     <span class='ocr_line' id='line_1_56' title="bbox 610 4059 2176 4131; baseline 0.003 -20"><span class='ocrx_word' id='word_1_410' title='bbox 610 4065 796 4112; x_wconf 90' lang='lat' dir='ltr'><strong>nostra</strong></span> <span class='ocrx_word' id='word_1_411' title='bbox 849 4059 916 4112; x_wconf 90' lang='lat' dir='ltr'><strong>de</strong></span> <span class='ocrx_word' id='word_1_412' title='bbox 964 4059 1319 4128; x_wconf 83' lang='lat' dir='ltr'><strong>scriptoribus</strong></span> <span class='ocrx_word' id='word_1_413' title='bbox 1366 4059 1610 4129; x_wconf 79' lang='lat' dir='ltr'><strong>profanis</strong></span> <span class='ocrx_word' id='word_1_414' title='bbox 1659 4060 1985 4114; x_wconf 83' lang='lat' dir='ltr'><strong>Bibliotheca</strong></span> <span class='ocrx_word' id='word_1_415' title='bbox 2022 4063 2176 4131; x_wconf 90' lang='lat' dir='ltr'><strong>plura</strong></span> 
     </span>
    </p>
   </div>
   <div class='ocr_carea' id='block_1_57' title="bbox 608 4145 2176 4220">
    <p class='ocr_par' dir='ltr' id='par_1_57' title="bbox 608 4145 2176 4220">
     <span class='ocr_line' id='line_1_57' title="bbox 608 4145 2176 4220; baseline 0.003 -21"><span class='ocrx_word' id='word_1_416' title='bbox 608 4145 873 4201; x_wconf 90' lang='lat' dir='ltr'><strong>dicemus.</strong></span> <span class='ocrx_word' id='word_1_417' title='bbox 900 4147 1017 4200; x_wconf 83' lang='lat' dir='ltr'><strong>Non</strong></span> <span class='ocrx_word' id='word_1_418' title='bbox 1051 4149 1194 4202; x_wconf 91' lang='lat' dir='ltr'><strong>enim</strong></span> <span class='ocrx_word' id='word_1_419' title='bbox 1235 4148 1449 4202; x_wconf 89' lang='lat' dir='ltr'><strong>videtur</strong></span> <span class='ocrx_word' id='word_1_420' title='bbox 1478 4151 1760 4219; x_wconf 66' lang='lat' dir='ltr'><strong>praesentis</strong></span> <span class='ocrx_word' id='word_1_421' title='bbox 1791 4151 1990 4220; x_wconf 79' lang='lat' dir='ltr'><strong>negotii</strong></span> <span class='ocrx_word' id='word_1_422' title='bbox 2021 4151 2176 4220; x_wconf 87' lang='lat' dir='ltr'><strong>plura</strong></span> 
     </span>
    </p>
   </div>
   <div class='ocr_carea' id='block_1_58' title="bbox 610 4235 2176 4306">
    <p class='ocr_par' dir='ltr' id='par_1_58' title="bbox 610 4235 2176 4306">
     <span class='ocr_line' id='line_1_58' title="bbox 610 4235 2176 4306; baseline 0.004 -16"><span class='ocrx_word' id='word_1_423' title='bbox 610 4236 678 4290; x_wconf 89' lang='lat' dir='ltr'><strong>de</strong></span> <span class='ocrx_word' id='word_1_424' title='bbox 703 4235 808 4292; x_wconf 89' lang='lat' dir='ltr'><strong>illis</strong></span> <span class='ocrx_word' id='word_1_425' title='bbox 840 4237 1064 4300; x_wconf 85' lang='lat' dir='ltr'><strong>referre,</strong></span> <span class='ocrx_word' id='word_1_426' title='bbox 1101 4238 1553 4306; x_wconf 86' lang='lat' dir='ltr'><strong>quemadmodum</strong></span> <span class='ocrx_word' id='word_1_427' title='bbox 1585 4247 1639 4294; x_wconf 91' lang='lat' dir='ltr'><strong>et</strong></span> <span class='ocrx_word' id='word_1_428' title='bbox 1669 4240 1738 4294; x_wconf 91' lang='lat' dir='ltr'><strong>de</strong></span> <span class='ocrx_word' id='word_1_429' title='bbox 1764 4240 1886 4296; x_wconf 88' lang='lat' dir='ltr'><strong>aliis</strong></span> <span class='ocrx_word' id='word_1_430' title='bbox 1917 4241 2176 4296; x_wconf 83' lang='lat' dir='ltr'><strong>fabulosis</strong></span> 
     </span>
    </p>
   </div>
   <div class='ocr_carea' id='block_1_59' title="bbox 608 4328 2177 4402">
    <p class='ocr_par' dir='ltr' id='par_1_59' title="bbox 608 4328 2177 4402">
     <span class='ocr_line' id='line_1_59' title="bbox 608 4328 2177 4402; baseline 0.004 -22"><span class='ocrx_word' id='word_1_431' title='bbox 608 4343 840 4398; x_wconf 91' lang='lat' dir='ltr'><strong>quorum</strong></span> <span class='ocrx_word' id='word_1_432' title='bbox 891 4329 978 4382; x_wconf 92' lang='lat' dir='ltr'><strong>hic</strong></span> <span class='ocrx_word' id='word_1_433' title='bbox 1025 4329 1081 4382; x_wconf 85' lang='lat' dir='ltr'><strong>fit</strong></span> <span class='ocrx_word' id='word_1_434' title='bbox 1128 4329 1350 4384; x_wconf 90' lang='lat' dir='ltr'><strong>mentio.</strong></span> <span class='ocrx_word' id='word_1_435' title='bbox 1379 4328 1521 4399; x_wconf 89' lang='lat' dir='ltr'><strong>Lege</strong></span> <span class='ocrx_word' id='word_1_436' title='bbox 1561 4331 1606 4384; x_wconf 88' lang='lat' dir='ltr'><strong>si</strong></span> <span class='ocrx_word' id='word_1_437' title='bbox 1655 4332 1827 4400; x_wconf 89' lang='lat' dir='ltr'><strong>placet</strong></span> <span class='ocrx_word' id='word_1_438' title='bbox 1885 4333 2177 4402; x_wconf 81' lang='lat' dir='ltr'><strong>Apollodo-</strong></span> 
     </span>
    </p>
   </div>
   <div class='ocr_carea' id='block_1_60' title="bbox 607 4420 2175 4495">
    <p class='ocr_par' dir='ltr' id='par_1_60' title="bbox 607 4420 2175 4495">
     <span class='ocr_line' id='line_1_60' title="bbox 607 4420 2175 4495; baseline 0.003 -19"><span class='ocrx_word' id='word_1_439' title='bbox 607 4436 751 4489; x_wconf 88' lang='lat' dir='ltr'><strong>rum,</strong></span> <span class='ocrx_word' id='word_1_440' title='bbox 783 4421 1142 4486; x_wconf 87' lang='lat' dir='ltr'><strong>Phoruutum,</strong></span> <span class='ocrx_word' id='word_1_441' title='bbox 1187 4420 1508 4486; x_wconf 86' lang='lat' dir='ltr'><strong>Palcfatum,</strong></span> <span class='ocrx_word' id='word_1_442' title='bbox 1544 4422 1810 4493; x_wconf 80' lang='lat' dir='ltr'><strong>Hyginum</strong></span> <span class='ocrx_word' id='word_1_443' title='bbox 1841 4431 2175 4495; x_wconf 61' lang='lat' dir='ltr'><strong>casterosque</strong></span> 
     </span>
    </p>
   </div>
   <div class='ocr_carea' id='block_1_61' title="bbox 2293 1946 3828 2004">
    <p class='ocr_par' dir='ltr' id='par_1_61' title="bbox 2293 1946 3828 2004">
     <span class='ocr_line' id='line_1_61' title="bbox 2293 1946 3828 2004; baseline -0.001 -1"><span class='ocrx_word' id='word_1_444' title='bbox 2293 1951 2411 2004; x_wconf 94' lang='lat' dir='ltr'><strong>loco</strong></span> <span class='ocrx_word' id='word_1_445' title='bbox 2457 1949 2524 2003; x_wconf 88' lang='lat' dir='ltr'><strong>de</strong></span> <span class='ocrx_word' id='word_1_446' title='bbox 2569 1947 2794 2003; x_wconf 82' lang='lat' dir='ltr'><strong>Chirone</strong></span> <span class='ocrx_word' id='word_1_447' title='bbox 2831 1949 2904 2002; x_wconf 90' lang='lat' dir='ltr'><strong>ait</strong></span> <span class='ocrx_word' id='word_1_448' title='bbox 2937 1963 3135 2002; x_wconf 88' lang='lat' dir='ltr'><strong>nomen</strong></span> <span class='ocrx_word' id='word_1_449' title='bbox 3192 1947 3294 2001; x_wconf 89' lang='lat' dir='ltr'><strong>hoc</strong></span> <span class='ocrx_word' id='word_1_450' title='bbox 3347 1946 3410 2000; x_wconf 86' lang='lat' dir='ltr'><strong>de</strong></span> <span class='ocrx_word' id='word_1_451' title='bbox 3457 1962 3561 2000; x_wconf 90' lang='lat' dir='ltr'><strong>suo</strong></span> <span class='ocrx_word' id='word_1_452' title='bbox 3605 1946 3828 2001; x_wconf 70' lang='lat' dir='ltr'><strong>addidisse</strong></span> 
     </span>
    </p>
   </div>
   <div class='ocr_carea' id='block_1_62' title="bbox 2291 2040 3825 2111">
    <p class='ocr_par' dir='ltr' id='par_1_62' title="bbox 2291 2040 3825 2111">
     <span class='ocr_line' id='line_1_62' title="bbox 2291 2040 3825 2111; baseline -0.003 -15"><span class='ocrx_word' id='word_1_453' title='bbox 2291 2042 2684 2111; x_wconf 85' lang='lat' dir='ltr'><strong>Hieronymum,</strong></span> <span class='ocrx_word' id='word_1_454' title='bbox 2718 2057 2878 2109; x_wconf 86' lang='lat' dir='ltr'><strong>neque</strong></span> <span class='ocrx_word' id='word_1_455' title='bbox 2902 2057 2993 2110; x_wconf 90' lang='lat' dir='ltr'><strong>per</strong></span> <span class='ocrx_word' id='word_1_456' title='bbox 3031 2042 3207 2094; x_wconf 83' lang='lat' dir='ltr'><strong>omnia</strong></span> <span class='ocrx_word' id='word_1_457' title='bbox 3241 2040 3474 2095; x_wconf 80' lang='lat' dir='ltr'><strong>auctoris</strong></span> <span class='ocrx_word' id='word_1_458' title='bbox 3520 2041 3613 2093; x_wconf 79' lang='lat' dir='ltr'><strong>sui</strong></span> <span class='ocrx_word' id='word_1_459' title='bbox 3639 2041 3825 2110; x_wconf 69' lang='lat' dir='ltr'><strong>uestigiis</strong></span> 
     </span>
    </p>
   </div>
   <div class='ocr_carea' id='block_1_63' title="bbox 2290 2133 3822 2201">
    <p class='ocr_par' dir='ltr' id='par_1_63' title="bbox 2290 2133 3822 2201">
     <span class='ocr_line' id='line_1_63' title="bbox 2290 2133 3822 2201; baseline 0 -14"><span class='ocrx_word' id='word_1_460' title='bbox 2290 2135 2565 2188; x_wconf 79' lang='lat' dir='ltr'><strong>institisse.</strong></span> <span class='ocrx_word' id='word_1_461' title='bbox 2597 2133 2757 2188; x_wconf 83' lang='lat' dir='ltr'><strong>Aliud</strong></span> <span class='ocrx_word' id='word_1_462' title='bbox 2791 2143 2872 2188; x_wconf 89' lang='lat' dir='ltr'><strong>est</strong></span> <span class='ocrx_word' id='word_1_463' title='bbox 2901 2133 3173 2189; x_wconf 92' lang='lat' dir='ltr'><strong>infensum</strong></span> <span class='ocrx_word' id='word_1_464' title='bbox 3214 2149 3335 2188; x_wconf 91' lang='lat' dir='ltr'><strong>esse</strong></span> <span class='ocrx_word' id='word_1_465' title='bbox 3366 2133 3581 2187; x_wconf 89' lang='lat' dir='ltr'><strong>nomini</strong></span> <span class='ocrx_word' id='word_1_466' title='bbox 3614 2133 3822 2201; x_wconf 81' lang='lat' dir='ltr'><strong>alicujus,</strong></span> 
     </span>
    </p>
   </div>
   <div class='ocr_carea' id='block_1_64' title="bbox 2290 2221 3823 2294">
    <p class='ocr_par' dir='ltr' id='par_1_64' title="bbox 2290 2221 3823 2294">
     <span class='ocr_line' id='line_1_64' title="bbox 2290 2221 3823 2294; baseline 0.002 -20"><span class='ocrx_word' id='word_1_467' title='bbox 2290 2221 2437 2275; x_wconf 90' lang='lat' dir='ltr'><strong>aliud</strong></span> <span class='ocrx_word' id='word_1_468' title='bbox 2459 2222 2738 2277; x_wconf 82' lang='lat' dir='ltr'><strong>veritatem</strong></span> <span class='ocrx_word' id='word_1_469' title='bbox 2763 2237 2882 2290; x_wconf 70' lang='lat' dir='ltr'><strong>qua:</strong></span> <span class='ocrx_word' id='word_1_470' title='bbox 2913 2224 2966 2276; x_wconf 90' lang='lat' dir='ltr'><strong>in</strong></span> <span class='ocrx_word' id='word_1_471' title='bbox 3002 2223 3220 2291; x_wconf 86' lang='lat' dir='ltr'><strong>scriptis</strong></span> <span class='ocrx_word' id='word_1_472' title='bbox 3248 2232 3332 2276; x_wconf 91' lang='lat' dir='ltr'><strong>est</strong></span> <span class='ocrx_word' id='word_1_473' title='bbox 3363 2222 3663 2294; x_wconf 83' lang='lat' dir='ltr'><strong>indagare;</strong></span> <span class='ocrx_word' id='word_1_474' title='bbox 3695 2225 3823 2277; x_wconf 77' lang='lat' dir='ltr'><strong>multa</strong></span> 
     </span>
    </p>
   </div>
   <div class='ocr_carea' id='block_1_65' title="bbox 2289 2314 3824 2387">
    <p class='ocr_par' dir='ltr' id='par_1_65' title="bbox 2289 2314 3824 2387">
     <span class='ocr_line' id='line_1_65' title="bbox 2289 2314 3824 2387; baseline 0.001 -20"><span class='ocrx_word' id='word_1_475' title='bbox 2289 2329 2522 2384; x_wconf 90' lang='lat' dir='ltr'><strong>namque</strong></span> <span class='ocrx_word' id='word_1_476' title='bbox 2577 2314 2713 2370; x_wconf 89' lang='lat' dir='ltr'><strong>forte</strong></span> <span class='ocrx_word' id='word_1_477' title='bbox 2761 2316 2815 2370; x_wconf 92' lang='lat' dir='ltr'><strong>in</strong></span> <span class='ocrx_word' id='word_1_478' title='bbox 2851 2315 3038 2371; x_wconf 89' lang='lat' dir='ltr'><strong>codice</strong></span> <span class='ocrx_word' id='word_1_479' title='bbox 3070 2331 3230 2386; x_wconf 90' lang='lat' dir='ltr'><strong>quem</strong></span> <span class='ocrx_word' id='word_1_480' title='bbox 3281 2315 3651 2387; x_wconf 82' lang='lat' dir='ltr'><strong>Hieronymus</strong></span> <span class='ocrx_word' id='word_1_481' title='bbox 3692 2317 3824 2371; x_wconf 85' lang='lat' dir='ltr'><strong>inter-</strong></span> 
     </span>
    </p>
   </div>
   <div class='ocr_carea' id='block_1_66' title="bbox 2288 2407 3816 2478">
    <p class='ocr_par' dir='ltr' id='par_1_66' title="bbox 2288 2407 3816 2478">
     <span class='ocr_line' id='line_1_66' title="bbox 2288 2407 3816 2478; baseline 0.003 -18"><span class='ocrx_word' id='word_1_482' title='bbox 2288 2407 2606 2478; x_wconf 85' lang='lat' dir='ltr'><strong>pretabatur</strong></span> <span class='ocrx_word' id='word_1_483' title='bbox 2654 2407 2812 2462; x_wconf 89' lang='lat' dir='ltr'><strong>aliter</strong></span> <span class='ocrx_word' id='word_1_484' title='bbox 2854 2408 2958 2478; x_wconf 82' lang='lat' dir='ltr'><strong>legi</strong></span> <span class='ocrx_word' id='word_1_485' title='bbox 3009 2415 3279 2478; x_wconf 89' lang='lat' dir='ltr'><strong>poterant,</strong></span> <span class='ocrx_word' id='word_1_486' title='bbox 3323 2420 3443 2478; x_wconf 70' lang='lat' dir='ltr'><strong>qua:</strong></span> <span class='ocrx_word' id='word_1_487' title='bbox 3486 2408 3609 2478; x_wconf 89' lang='lat' dir='ltr'><strong>ipse</strong></span> <span class='ocrx_word' id='word_1_488' title='bbox 3655 2407 3816 2464; x_wconf 87' lang='lat' dir='ltr'><strong>Latinis</strong></span> 
     </span>
    </p>
   </div>
   <div class='ocr_carea' id='block_1_67' title="bbox 2288 2497 3814 2569">
    <p class='ocr_par' dir='ltr' id='par_1_67' title="bbox 2288 2497 3814 2569">
     <span class='ocr_line' id='line_1_67' title="bbox 2288 2497 3814 2569; baseline -0.003 -14"><span class='ocrx_word' id='word_1_489' title='bbox 2288 2499 2452 2564; x_wconf 88' lang='lat' dir='ltr'><strong>dedit,</strong></span> <span class='ocrx_word' id='word_1_490' title='bbox 2506 2499 2610 2553; x_wconf 92' lang='lat' dir='ltr'><strong>etsi</strong></span> <span class='ocrx_word' id='word_1_491' title='bbox 2653 2498 2813 2552; x_wconf 89' lang='lat' dir='ltr'><strong>modo</strong></span> <span class='ocrx_word' id='word_1_492' title='bbox 2845 2497 2900 2551; x_wconf 88' lang='lat' dir='ltr'><strong>in</strong></span> <span class='ocrx_word' id='word_1_493' title='bbox 2948 2505 3098 2552; x_wconf 78' lang='lat' dir='ltr'><strong>textu</strong></span> <span class='ocrx_word' id='word_1_494' title='bbox 3139 2514 3299 2569; x_wconf 85' lang='lat' dir='ltr'><strong>quem</strong></span> <span class='ocrx_word' id='word_1_495' title='bbox 3335 2513 3447 2569; x_wconf 69' lang='lat' dir='ltr'><strong>pra:</strong></span> <span class='ocrx_word' id='word_1_496' title='bbox 3477 2499 3721 2554; x_wconf 89' lang='lat' dir='ltr'><strong>manibus</strong></span> <span class='ocrx_word' id='word_1_497' title='bbox 3745 2499 3814 2553; x_wconf 84' lang='lat' dir='ltr'><strong>ha-</strong></span> 
     </span>
    </p>
   </div>
   <div class='ocr_carea' id='block_1_68' title="bbox 2286 2588 3813 2661">
    <p class='ocr_par' dir='ltr' id='par_1_68' title="bbox 2286 2588 3813 2661">
     <span class='ocr_line' id='line_1_68' title="bbox 2286 2588 3813 2661; baseline -0.001 -15"><span class='ocrx_word' id='word_1_498' title='bbox 2286 2591 2479 2647; x_wconf 84' lang='lat' dir='ltr'><strong>bemus</strong></span> <span class='ocrx_word' id='word_1_499' title='bbox 2523 2590 2608 2644; x_wconf 89' lang='lat' dir='ltr'><strong>vel</strong></span> <span class='ocrx_word' id='word_1_500' title='bbox 2651 2604 2929 2661; x_wconf 88' lang='lat' dir='ltr'><strong>superare,</strong></span> <span class='ocrx_word' id='word_1_501' title='bbox 2959 2590 3042 2643; x_wconf 87' lang='lat' dir='ltr'><strong>vel</strong></span> <span class='ocrx_word' id='word_1_502' title='bbox 3069 2588 3299 2645; x_wconf 89' lang='lat' dir='ltr'><strong>delicere</strong></span> <span class='ocrx_word' id='word_1_503' title='bbox 3327 2597 3660 2658; x_wconf 88' lang='lat' dir='ltr'><strong>cernuntur;</strong></span> <span class='ocrx_word' id='word_1_504' title='bbox 3689 2590 3813 2660; x_wconf 86' lang='lat' dir='ltr'><strong>idque</strong></span> 
     </span>
    </p>
   </div>
   <div class='ocr_carea' id='block_1_69' title="bbox 2286 2680 3811 2752">
    <p class='ocr_par' dir='ltr' id='par_1_69' title="bbox 2286 2680 3811 2752">
     <span class='ocr_line' id='line_1_69' title="bbox 2286 2680 3811 2752; baseline -0.003 -15"><span class='ocrx_word' id='word_1_505' title='bbox 2286 2699 2352 2738; x_wconf 83' lang='lat' dir='ltr'><strong>ex</strong></span> <span class='ocrx_word' id='word_1_506' title='bbox 2395 2684 2496 2737; x_wconf 91' lang='lat' dir='ltr'><strong>hoc</strong></span> <span class='ocrx_word' id='word_1_507' title='bbox 2550 2683 2770 2737; x_wconf 90' lang='lat' dir='ltr'><strong>nomine</strong></span> <span class='ocrx_word' id='word_1_508' title='bbox 2813 2680 3068 2737; x_wconf 85' lang='lat' dir='ltr'><strong>Chironis</strong></span> <span class='ocrx_word' id='word_1_509' title='bbox 3106 2689 3274 2751; x_wconf 88' lang='lat' dir='ltr'><strong>patet,</strong></span> <span class='ocrx_word' id='word_1_510' title='bbox 3317 2681 3463 2752; x_wconf 91' lang='lat' dir='ltr'><strong>quod</strong></span> <span class='ocrx_word' id='word_1_511' title='bbox 3514 2682 3558 2736; x_wconf 91' lang='lat' dir='ltr'><strong>si</strong></span> <span class='ocrx_word' id='word_1_512' title='bbox 3604 2682 3656 2735; x_wconf 89' lang='lat' dir='ltr'><strong>in</strong></span> <span class='ocrx_word' id='word_1_513' title='bbox 3695 2689 3811 2736; x_wconf 77' lang='lat' dir='ltr'><strong>textu</strong></span> 
     </span>
    </p>
   </div>
   <div class='ocr_carea' id='block_1_70' title="bbox 2286 2772 3810 2844">
    <p class='ocr_par' dir='ltr' id='par_1_70' title="bbox 2286 2772 3810 2844">
     <span class='ocr_line' id='line_1_70' title="bbox 2286 2772 3810 2844; baseline 0.001 -17"><span class='ocrx_word' id='word_1_514' title='bbox 2286 2774 2590 2830; x_wconf 82' lang='lat' dir='ltr'><strong>Eusebiano</strong></span> <span class='ocrx_word' id='word_1_515' title='bbox 2621 2791 2730 2829; x_wconf 93' lang='lat' dir='ltr'><strong>non</strong></span> <span class='ocrx_word' id='word_1_516' title='bbox 2758 2773 2969 2837; x_wconf 89' lang='lat' dir='ltr'><strong>fuisset,</strong></span> <span class='ocrx_word' id='word_1_517' title='bbox 3000 2785 3280 2844; x_wconf 90' lang='lat' dir='ltr'><strong>nunquam</strong></span> <span class='ocrx_word' id='word_1_518' title='bbox 3311 2772 3624 2829; x_wconf 89' lang='lat' dir='ltr'><strong>Eustathius</strong></span> <span class='ocrx_word' id='word_1_519' title='bbox 3651 2775 3698 2830; x_wconf 92' lang='lat' dir='ltr'><strong>in</strong></span> <span class='ocrx_word' id='word_1_520' title='bbox 3721 2775 3810 2830; x_wconf 88' lang='lat' dir='ltr'><strong>suis</strong></span> 
     </span>
    </p>
   </div>
   <div class='ocr_carea' id='block_1_71' title="bbox 2287 2865 3806 2936">
    <p class='ocr_par' dir='ltr' id='par_1_71' title="bbox 2287 2865 3806 2936">
     <span class='ocr_line' id='line_1_71' title="bbox 2287 2865 3806 2936; baseline -0.002 -14"><span class='ocrx_word' id='word_1_521' title='bbox 2287 2867 2505 2936; x_wconf 90' lang='lat' dir='ltr'><strong>scriptis</strong></span> <span class='ocrx_word' id='word_1_522' title='bbox 2544 2868 2838 2922; x_wconf 88' lang='lat' dir='ltr'><strong>retulisset.</strong></span> <span class='ocrx_word' id='word_1_523' title='bbox 2882 2865 2972 2920; x_wconf 90' lang='lat' dir='ltr'><strong>Sic</strong></span> <span class='ocrx_word' id='word_1_524' title='bbox 3018 2866 3252 2921; x_wconf 91' lang='lat' dir='ltr'><strong>dicimus</strong></span> <span class='ocrx_word' id='word_1_525' title='bbox 3293 2872 3346 2922; x_wconf 88' lang='lat' dir='ltr'><strong>et</strong></span> <span class='ocrx_word' id='word_1_526' title='bbox 3382 2867 3441 2921; x_wconf 88' lang='lat' dir='ltr'><strong>in</strong></span> <span class='ocrx_word' id='word_1_527' title='bbox 3489 2867 3622 2922; x_wconf 90' lang='lat' dir='ltr'><strong>aliis.</strong></span> <span class='ocrx_word' id='word_1_528' title='bbox 3671 2868 3731 2922; x_wconf 85' lang='lat' dir='ltr'><strong>At</strong></span> <span class='ocrx_word' id='word_1_529' title='bbox 3764 2865 3806 2919; x_wconf 87' lang='lat' dir='ltr'><strong>in</strong></span> 
     </span>
    </p>
   </div>
   <div class='ocr_carea' id='block_1_72' title="bbox 2286 2959 3807 3031">
    <p class='ocr_par' dir='ltr' id='par_1_72' title="bbox 2286 2959 3807 3031">
     <span class='ocr_line' id='line_1_72' title="bbox 2286 2959 3807 3031; baseline 0 -17"><span class='ocrx_word' id='word_1_530' title='bbox 2286 2961 2470 3015; x_wconf 92' lang='lat' dir='ltr'><strong>multis</strong></span> <span class='ocrx_word' id='word_1_531' title='bbox 2503 2960 2703 3013; x_wconf 84' lang='lat' dir='ltr'><strong>erravit</strong></span> <span class='ocrx_word' id='word_1_532' title='bbox 2735 2959 3116 3031; x_wconf 90' lang='lat' dir='ltr'><strong>Hieronymus,</strong></span> <span class='ocrx_word' id='word_1_533' title='bbox 3161 2975 3262 3014; x_wconf 88' lang='lat' dir='ltr'><strong>nec</strong></span> <span class='ocrx_word' id='word_1_534' title='bbox 3313 2959 3490 3016; x_wconf 88' lang='lat' dir='ltr'><strong>fidelis</strong></span> <span class='ocrx_word' id='word_1_535' title='bbox 3538 2959 3807 3030; x_wconf 90' lang='lat' dir='ltr'><strong>interpretis</strong></span> 
     </span>
    </p>
   </div>
   <div class='ocr_carea' id='block_1_73' title="bbox 2285 3049 3806 3120">
    <p class='ocr_par' dir='ltr' id='par_1_73' title="bbox 2285 3049 3806 3120">
     <span class='ocr_line' id='line_1_73' title="bbox 2285 3049 3806 3120; baseline -0.001 -17"><span class='ocrx_word' id='word_1_536' title='bbox 2285 3065 2528 3115; x_wconf 89' lang='lat' dir='ltr'><strong>munere,</strong></span> <span class='ocrx_word' id='word_1_537' title='bbox 2561 3049 2637 3102; x_wconf 92' lang='lat' dir='ltr'><strong>uti</strong></span> <span class='ocrx_word' id='word_1_538' title='bbox 2669 3065 2766 3120; x_wconf 87' lang='lat' dir='ltr'><strong>par</strong></span> <span class='ocrx_word' id='word_1_539' title='bbox 2795 3059 2932 3117; x_wconf 89' lang='lat' dir='ltr'><strong>erat,</strong></span> <span class='ocrx_word' id='word_1_540' title='bbox 2965 3049 3186 3105; x_wconf 89' lang='lat' dir='ltr'><strong>functus</strong></span> <span class='ocrx_word' id='word_1_541' title='bbox 3229 3057 3333 3106; x_wconf 84' lang='lat' dir='ltr'><strong>est.</strong></span> <span class='ocrx_word' id='word_1_542' title='bbox 3381 3050 3560 3105; x_wconf 89' lang='lat' dir='ltr'><strong>Dicam</strong></span> <span class='ocrx_word' id='word_1_543' title='bbox 3601 3049 3806 3119; x_wconf 81' lang='lat' dir='ltr'><strong>Scaliger</strong></span> 
     </span>
    </p>
   </div>
   <div class='ocr_carea' id='block_1_74' title="bbox 2284 3139 3798 3210">
    <p class='ocr_par' dir='ltr' id='par_1_74' title="bbox 2284 3139 3798 3210">
     <span class='ocr_line' id='line_1_74' title="bbox 2284 3139 3798 3210; baseline -0.001 -17"><span class='ocrx_word' id='word_1_544' title='bbox 2284 3139 2427 3209; x_wconf 89' lang='lat' dir='ltr'><strong>quod</strong></span> <span class='ocrx_word' id='word_1_545' title='bbox 2488 3139 2682 3194; x_wconf 89' lang='lat' dir='ltr'><strong>sentio.</strong></span> <span class='ocrx_word' id='word_1_546' title='bbox 2733 3139 2924 3193; x_wconf 89' lang='lat' dir='ltr'><strong>Errata</strong></span> <span class='ocrx_word' id='word_1_547' title='bbox 2979 3141 3512 3210; x_wconf 72' lang='lat' dir='ltr'><strong>praeclarissimorum</strong></span> <span class='ocrx_word' id='word_1_548' title='bbox 3559 3139 3798 3194; x_wconf 76' lang='lat' dir='ltr'><strong>hominum</strong></span> 
     </span>
    </p>
   </div>
   <div class='ocr_carea' id='block_1_75' title="bbox 2285 3231 3796 3302">
    <p class='ocr_par' dir='ltr' id='par_1_75' title="bbox 2285 3231 3796 3302">
     <span class='ocr_line' id='line_1_75' title="bbox 2285 3231 3796 3302; baseline -0.003 -16"><span class='ocrx_word' id='word_1_549' title='bbox 2285 3241 2584 3302; x_wconf 88' lang='lat' dir='ltr'><strong>stuporem,</strong></span> <span class='ocrx_word' id='word_1_550' title='bbox 2620 3247 2728 3286; x_wconf 94' lang='lat' dir='ltr'><strong>non</strong></span> <span class='ocrx_word' id='word_1_551' title='bbox 2759 3239 3128 3302; x_wconf 84' lang='lat' dir='ltr'><strong>contemptum</strong></span> <span class='ocrx_word' id='word_1_552' title='bbox 3149 3240 3515 3293; x_wconf 87' lang='lat' dir='ltr'><strong>commovent;</strong></span> <span class='ocrx_word' id='word_1_553' title='bbox 3538 3232 3608 3285; x_wconf 85' lang='lat' dir='ltr'><strong>sic</strong></span> <span class='ocrx_word' id='word_1_554' title='bbox 3633 3231 3681 3283; x_wconf 89' lang='lat' dir='ltr'><strong>in</strong></span> <span class='ocrx_word' id='word_1_555' title='bbox 3715 3245 3796 3283; x_wconf 89' lang='lat' dir='ltr'><strong>ro-</strong></span> 
     </span>
    </p>
   </div>
   <div class='ocr_carea' id='block_1_76' title="bbox 2279 3321 3784 3395">
    <p class='ocr_par' dir='ltr' id='par_1_76' title="bbox 2279 3321 3784 3395">
     <span class='ocr_line' id='line_1_76' title="bbox 2279 3321 3784 3395; baseline -0.003 -17"><span class='ocrx_word' id='word_1_556' title='bbox 2279 3323 2441 3378; x_wconf 90' lang='lat' dir='ltr'><strong>busto</strong></span> <span class='ocrx_word' id='word_1_557' title='bbox 2469 3323 2686 3379; x_wconf 88' lang='lat' dir='ltr'><strong>homine</strong></span> <span class='ocrx_word' id='word_1_558' title='bbox 2718 3324 2936 3395; x_wconf 84' lang='lat' dir='ltr'><strong>gravior</strong></span> <span class='ocrx_word' id='word_1_559' title='bbox 2961 3323 3208 3389; x_wconf 88' lang='lat' dir='ltr'><strong>morbus,</strong></span> <span class='ocrx_word' id='word_1_560' title='bbox 3239 3332 3294 3378; x_wconf 90' lang='lat' dir='ltr'><strong>et</strong></span> <span class='ocrx_word' id='word_1_561' title='bbox 3321 3338 3448 3377; x_wconf 89' lang='lat' dir='ltr'><strong>mors</strong></span> <span class='ocrx_word' id='word_1_562' title='bbox 3468 3321 3657 3391; x_wconf 85' lang='lat' dir='ltr'><strong>inopina</strong></span> <span class='ocrx_word' id='word_1_563' title='bbox 3682 3335 3784 3374; x_wconf 87' lang='lat' dir='ltr'><strong>me-</strong></span> 
     </span>
    </p>
   </div>
   <div class='ocr_carea' id='block_1_77' title="bbox 2281 3413 3775 3486">
    <p class='ocr_par' dir='ltr' id='par_1_77' title="bbox 2281 3413 3775 3486">
     <span class='ocr_line' id='line_1_77' title="bbox 2281 3413 3775 3486; baseline -0.002 -18"><span class='ocrx_word' id='word_1_564' title='bbox 2281 3420 2394 3468; x_wconf 86' lang='lat' dir='ltr'><strong>tum</strong></span> <span class='ocrx_word' id='word_1_565' title='bbox 2423 3415 2638 3481; x_wconf 92' lang='lat' dir='ltr'><strong>incutit,</strong></span> <span class='ocrx_word' id='word_1_566' title='bbox 2673 3415 2923 3470; x_wconf 66' lang='lat' dir='ltr'><strong>humanae</strong></span> <span class='ocrx_word' id='word_1_567' title='bbox 2959 3415 3270 3486; x_wconf 83' lang='lat' dir='ltr'><strong>fragilitatis</strong></span> <span class='ocrx_word' id='word_1_568' title='bbox 3317 3431 3415 3470; x_wconf 91' lang='lat' dir='ltr'><strong>non</strong></span> <span class='ocrx_word' id='word_1_569' title='bbox 3443 3415 3597 3468; x_wconf 88' lang='lat' dir='ltr'><strong>minus</strong></span> <span class='ocrx_word' id='word_1_570' title='bbox 3622 3413 3775 3466; x_wconf 82' lang='lat' dir='ltr'><strong>valen-</strong></span> 
     </span>
    </p>
   </div>
   <div class='ocr_carea' id='block_1_78' title="bbox 2280 3503 3777 3571">
    <p class='ocr_par' dir='ltr' id='par_1_78' title="bbox 2280 3503 3777 3571">
     <span class='ocr_line' id='line_1_78' title="bbox 2280 3503 3777 3571; baseline -0.002 -11"><span class='ocrx_word' id='word_1_571' title='bbox 2280 3515 2381 3571; x_wconf 89' lang='lat' dir='ltr'><strong>tes,</strong></span> <span class='ocrx_word' id='word_1_572' title='bbox 2411 3507 2504 3562; x_wconf 91' lang='lat' dir='ltr'><strong>sed</strong></span> <span class='ocrx_word' id='word_1_573' title='bbox 2536 3519 2588 3563; x_wconf 89' lang='lat' dir='ltr'><strong>et</strong></span> <span class='ocrx_word' id='word_1_574' title='bbox 2613 3509 3027 3563; x_wconf 87' lang='lat' dir='ltr'><strong>robustissimos</strong></span> <span class='ocrx_word' id='word_1_575' title='bbox 3054 3508 3311 3562; x_wconf 90' lang='lat' dir='ltr'><strong>admonet</strong></span> <span class='ocrx_word' id='word_1_576' title='bbox 3337 3515 3390 3562; x_wconf 90' lang='lat' dir='ltr'><strong>et</strong></span> <span class='ocrx_word' id='word_1_577' title='bbox 3421 3505 3649 3561; x_wconf 86' lang='lat' dir='ltr'><strong>cautiores</strong></span> <span class='ocrx_word' id='word_1_578' title='bbox 3671 3503 3777 3559; x_wconf 88' lang='lat' dir='ltr'><strong>red-</strong></span> 
     </span>
    </p>
   </div>
   <div class='ocr_carea' id='block_1_79' title="bbox 2278 3597 3787 3666">
    <p class='ocr_par' dir='ltr' id='par_1_79' title="bbox 2278 3597 3787 3666">
     <span class='ocr_line' id='line_1_79' title="bbox 2278 3597 3787 3666; baseline -0.004 -11"><span class='ocrx_word' id='word_1_579' title='bbox 2278 3603 2372 3656; x_wconf 73' lang='lat' dir='ltr'><strong>dit.</strong></span> <span class='ocrx_word' id='word_1_580' title='bbox 2399 3600 2502 3666; x_wconf 85' lang='lat' dir='ltr'><strong>Qui</strong></span> <span class='ocrx_word' id='word_1_581' title='bbox 2540 3602 2798 3654; x_wconf 79' lang='lat' dir='ltr'><strong>Catonem</strong></span> <span class='ocrx_word' id='word_1_582' title='bbox 2838 3601 3050 3654; x_wconf 90' lang='lat' dir='ltr'><strong>ebrium</strong></span> <span class='ocrx_word' id='word_1_583' title='bbox 3095 3600 3378 3664; x_wconf 85' lang='lat' dir='ltr'><strong>viderunt,</strong></span> <span class='ocrx_word' id='word_1_584' title='bbox 3432 3614 3532 3652; x_wconf 91' lang='lat' dir='ltr'><strong>non</strong></span> <span class='ocrx_word' id='word_1_585' title='bbox 3567 3597 3787 3661; x_wconf 84' lang='lat' dir='ltr'><strong>riserunt,</strong></span> 
     </span>
    </p>
   </div>
   <div class='ocr_carea' id='block_1_80' title="bbox 2279 3687 3796 3763">
    <p class='ocr_par' dir='ltr' id='par_1_80' title="bbox 2279 3687 3796 3763">
     <span class='ocr_line' id='line_1_80' title="bbox 2279 3687 3796 3763; baseline -0.003 -16"><span class='ocrx_word' id='word_1_586' title='bbox 2279 3692 2372 3747; x_wconf 91' lang='lat' dir='ltr'><strong>sed</strong></span> <span class='ocrx_word' id='word_1_587' title='bbox 2412 3691 2764 3747; x_wconf 90' lang='lat' dir='ltr'><strong>erubuerunt.</strong></span> <span class='ocrx_word' id='word_1_588' title='bbox 2819 3689 3052 3762; x_wconf 89' lang='lat' dir='ltr'><strong>Ideoque</strong></span> <span class='ocrx_word' id='word_1_589' title='bbox 3097 3693 3298 3763; x_wconf 82' lang='lat' dir='ltr'><strong>Optime</strong></span> <span class='ocrx_word' id='word_1_590' title='bbox 3344 3691 3565 3755; x_wconf 87' lang='lat' dir='ltr'><strong>dictum,</strong></span> <span class='ocrx_word' id='word_1_591' title='bbox 3603 3704 3700 3744; x_wconf 89' lang='lat' dir='ltr'><strong>non</strong></span> <span class='ocrx_word' id='word_1_592' title='bbox 3739 3687 3796 3743; x_wconf 80' lang='lat' dir='ltr'><strong>ab</strong></span> 
     </span>
    </p>
   </div>
   <div class='ocr_carea' id='block_1_81' title="bbox 2275 3778 3798 3852">
    <p class='ocr_par' dir='ltr' id='par_1_81' title="bbox 2275 3778 3798 3852">
     <span class='ocr_line' id='line_1_81' title="bbox 2275 3778 3798 3852; baseline -0.003 -14"><span class='ocrx_word' id='word_1_593' title='bbox 2275 3785 2384 3839; x_wconf 92' lang='lat' dir='ltr'><strong>illis</strong></span> <span class='ocrx_word' id='word_1_594' title='bbox 2407 3782 2687 3848; x_wconf 89' lang='lat' dir='ltr'><strong>Catonem,</strong></span> <span class='ocrx_word' id='word_1_595' title='bbox 2721 3782 2816 3838; x_wconf 90' lang='lat' dir='ltr'><strong>sed</strong></span> <span class='ocrx_word' id='word_1_596' title='bbox 2850 3784 2972 3839; x_wconf 88' lang='lat' dir='ltr'><strong>illos</strong></span> <span class='ocrx_word' id='word_1_597' title='bbox 3001 3797 3032 3837; x_wconf 87' lang='lat' dir='ltr'><strong>a</strong></span> <span class='ocrx_word' id='word_1_598' title='bbox 3065 3782 3270 3839; x_wconf 88' lang='lat' dir='ltr'><strong>Catone</strong></span> <span class='ocrx_word' id='word_1_599' title='bbox 3309 3783 3676 3852; x_wconf 88' lang='lat' dir='ltr'><strong>deprehensos.</strong></span> <span class='ocrx_word' id='word_1_600' title='bbox 3707 3778 3798 3835; x_wconf 83' lang='lat' dir='ltr'><strong>Nec</strong></span> 
     </span>
    </p>
   </div>
   <div class='ocr_carea' id='block_1_82' title="bbox 2277 3872 3795 3944">
    <p class='ocr_par' dir='ltr' id='par_1_82' title="bbox 2277 3872 3795 3944">
     <span class='ocr_line' id='line_1_82' title="bbox 2277 3872 3795 3944; baseline -0.005 -14"><span class='ocrx_word' id='word_1_601' title='bbox 2277 3878 2456 3930; x_wconf 90' lang='lat' dir='ltr'><strong>minus</strong></span> <span class='ocrx_word' id='word_1_602' title='bbox 2495 3890 2646 3944; x_wconf 65' lang='lat' dir='ltr'><strong>aeque</strong></span> <span class='ocrx_word' id='word_1_603' title='bbox 2694 3872 2899 3929; x_wconf 88' lang='lat' dir='ltr'><strong>Seneca</strong></span> <span class='ocrx_word' id='word_1_604' title='bbox 2942 3875 3036 3930; x_wconf 93' lang='lat' dir='ltr'><strong>lib.</strong></span> <span class='ocrx_word' id='word_1_605' title='bbox 3090 3874 3167 3929; x_wconf 88' lang='lat' dir='ltr'><strong>De</strong></span> <span class='ocrx_word' id='word_1_606' title='bbox 3221 3875 3597 3944; x_wconf 80' lang='lat' dir='ltr'><strong>tranquillitate</strong></span> <span class='ocrx_word' id='word_1_607' title='bbox 3643 3872 3795 3931; x_wconf 85' lang='lat' dir='ltr'><strong>animi,</strong></span> 
     </span>
    </p>
   </div>
   <div class='ocr_carea' id='block_1_83' title="bbox 2276 3963 3800 4037">
    <p class='ocr_par' dir='ltr' id='par_1_83' title="bbox 2276 3963 3800 4037">
     <span class='ocr_line' id='line_1_83' title="bbox 2276 3963 3800 4037; baseline -0.003 -15"><span class='ocrx_word' id='word_1_608' title='bbox 2276 3983 2395 4037; x_wconf 90' lang='lat' dir='ltr'><strong>cap.</strong></span> <span class='ocrx_word' id='word_1_609' title='bbox 2432 3968 2499 4021; x_wconf 81' lang='grc'><strong>15</strong></span> <span class='ocrx_word' id='word_1_610' title='bbox 2521 3989 2532 4022; x_wconf 93' lang='lat'>:</span> <span class='ocrx_word' id='word_1_611' title='bbox 2553 3967 2744 4021; x_wconf 81' lang='lat' dir='ltr'><strong>Catoni</strong></span> <span class='ocrx_word' id='word_1_612' title='bbox 2767 3966 2990 4020; x_wconf 84' lang='lat' dir='ltr'><strong>ebrietas</strong></span> <span class='ocrx_word' id='word_1_613' title='bbox 3022 3966 3223 4033; x_wconf 72' lang='lat' dir='ltr'><strong>obiecta</strong></span> <span class='ocrx_word' id='word_1_614' title='bbox 3251 3977 3343 4023; x_wconf 87' lang='lat' dir='ltr'><strong>est.</strong></span> <span class='ocrx_word' id='word_1_615' title='bbox 3376 3968 3444 4019; x_wconf 82' lang='lat' dir='ltr'><strong>At</strong></span> <span class='ocrx_word' id='word_1_616' title='bbox 3478 3966 3675 4035; x_wconf 80' lang='lat' dir='ltr'><strong>facilius</strong></span> <span class='ocrx_word' id='word_1_617' title='bbox 3703 3963 3800 4032; x_wconf 74' lang='lat' dir='ltr'><strong>efﬁ-</strong></span> 
     </span>
    </p>
   </div>
   <div class='ocr_carea' id='block_1_84' title="bbox 2277 4057 3807 4130">
    <p class='ocr_par' dir='ltr' id='par_1_84' title="bbox 2277 4057 3807 4130">
     <span class='ocr_line' id='line_1_84' title="bbox 2277 4057 3807 4130; baseline -0.005 -16"><span class='ocrx_word' id='word_1_618' title='bbox 2277 4063 2372 4114; x_wconf 83' lang='lat' dir='ltr'><strong>ciet</strong></span> <span class='ocrx_word' id='word_1_619' title='bbox 2405 4060 2638 4130; x_wconf 83' lang='lat' dir='ltr'><strong>quisquis</strong></span> <span class='ocrx_word' id='word_1_620' title='bbox 2679 4058 2923 4128; x_wconf 86' lang='lat' dir='ltr'><strong>objecerit</strong></span> <span class='ocrx_word' id='word_1_621' title='bbox 2980 4057 3075 4112; x_wconf 87' lang='lat' dir='ltr'><strong>hoc</strong></span> <span class='ocrx_word' id='word_1_622' title='bbox 3121 4061 3318 4113; x_wconf 85' lang='lat' dir='ltr'><strong>crimen</strong></span> <span class='ocrx_word' id='word_1_623' title='bbox 3367 4060 3652 4123; x_wconf 83' lang='lat' dir='ltr'><strong>honestum,</strong></span> <span class='ocrx_word' id='word_1_624' title='bbox 3678 4070 3807 4126; x_wconf 73' lang='lat' dir='ltr'><strong>quant</strong></span> 
     </span>
    </p>
   </div>
   <div class='ocr_carea' id='block_1_85' title="bbox 2277 4144 3807 4220">
    <p class='ocr_par' dir='ltr' id='par_1_85' title="bbox 2277 4144 3807 4220">
     <span class='ocr_line' id='line_1_85' title="bbox 2277 4144 3807 4220; baseline -0.005 -15"><span class='ocrx_word' id='word_1_625' title='bbox 2277 4161 2475 4220; x_wconf 77' lang='lat' dir='ltr'><strong>turpem</strong></span> <span class='ocrx_word' id='word_1_626' title='bbox 2514 4151 2785 4204; x_wconf 84' lang='lat' dir='ltr'><strong>Catonem.</strong></span> <span class='ocrx_word' id='word_1_627' title='bbox 2817 4149 3184 4205; x_wconf 88' lang='lat' dir='ltr'><strong>Humanitatis</strong></span> <span class='ocrx_word' id='word_1_628' title='bbox 3226 4158 3309 4205; x_wconf 86' lang='lat' dir='ltr'><strong>est</strong></span> <span class='ocrx_word' id='word_1_629' title='bbox 3343 4148 3619 4202; x_wconf 89' lang='lat' dir='ltr'><strong>hominem</strong></span> <span class='ocrx_word' id='word_1_630' title='bbox 3651 4144 3712 4199; x_wconf 90' lang='lat' dir='ltr'><strong>de</strong></span> <span class='ocrx_word' id='word_1_631' title='bbox 3739 4159 3807 4197; x_wconf 88' lang='lat' dir='ltr'><strong>re-</strong></span> 
     </span>
    </p>
   </div>
   <div class='ocr_carea' id='block_1_86' title="bbox 2277 4236 3810 4313">
    <p class='ocr_par' dir='ltr' id='par_1_86' title="bbox 2277 4236 3810 4313">
     <span class='ocr_line' id='line_1_86' title="bbox 2277 4236 3810 4313; baseline -0.005 -17"><span class='ocrx_word' id='word_1_632' title='bbox 2277 4244 2513 4313; x_wconf 87' lang='lat' dir='ltr'><strong>publica,</strong></span> <span class='ocrx_word' id='word_1_633' title='bbox 2543 4243 2609 4297; x_wconf 89' lang='lat' dir='ltr'><strong>de</strong></span> <span class='ocrx_word' id='word_1_634' title='bbox 2645 4243 2858 4303; x_wconf 90' lang='lat' dir='ltr'><strong>litteris,</strong></span> <span class='ocrx_word' id='word_1_635' title='bbox 2899 4241 2966 4296; x_wconf 89' lang='lat' dir='ltr'><strong>de</strong></span> <span class='ocrx_word' id='word_1_636' title='bbox 3007 4241 3273 4305; x_wconf 87' lang='lat' dir='ltr'><strong>historia,</strong></span> <span class='ocrx_word' id='word_1_637' title='bbox 3305 4240 3372 4295; x_wconf 90' lang='lat' dir='ltr'><strong>de</strong></span> <span class='ocrx_word' id='word_1_638' title='bbox 3419 4239 3670 4294; x_wconf 91' lang='lat' dir='ltr'><strong>omnibus</strong></span> <span class='ocrx_word' id='word_1_639' title='bbox 3700 4236 3810 4291; x_wconf 79' lang='lat' dir='ltr'><strong>bene</strong></span> 
     </span>
    </p>
   </div>
   <div class='ocr_carea' id='block_1_87' title="bbox 2275 4327 3810 4404">
    <p class='ocr_par' dir='ltr' id='par_1_87' title="bbox 2275 4327 3810 4404">
     <span class='ocr_line' id='line_1_87' title="bbox 2275 4327 3810 4404; baseline -0.005 -17"><span class='ocrx_word' id='word_1_640' title='bbox 2275 4335 2549 4397; x_wconf 84' lang='lat' dir='ltr'><strong>meritum,</strong></span> <span class='ocrx_word' id='word_1_641' title='bbox 2582 4342 2636 4388; x_wconf 87' lang='lat' dir='ltr'><strong>et</strong></span> <span class='ocrx_word' id='word_1_642' title='bbox 2677 4334 2950 4404; x_wconf 85' lang='lat' dir='ltr'><strong>praecipue</strong></span> <span class='ocrx_word' id='word_1_643' title='bbox 2991 4332 3395 4404; x_wconf 89' lang='lat' dir='ltr'><strong>Hieronymum,</strong></span> <span class='ocrx_word' id='word_1_644' title='bbox 3429 4331 3477 4386; x_wconf 86' lang='lat' dir='ltr'><strong>si</strong></span> <span class='ocrx_word' id='word_1_645' title='bbox 3506 4329 3714 4402; x_wconf 90' lang='lat' dir='ltr'><strong>quando</strong></span> <span class='ocrx_word' id='word_1_646' title='bbox 3737 4327 3810 4381; x_wconf 83' lang='lat' dir='ltr'><strong>de-</strong></span> 
     </span>
    </p>
   </div>
   <div class='ocr_carea' id='block_1_88' title="bbox 2278 4422 3810 4495">
    <p class='ocr_par' dir='ltr' id='par_1_88' title="bbox 2278 4422 3810 4495">
     <span class='ocr_line' id='line_1_88' title="bbox 2278 4422 3810 4495; baseline -0.005 -17"><span class='ocrx_word' id='word_1_647' title='bbox 2278 4424 2410 4490; x_wconf 87' lang='lat' dir='ltr'><strong>licit,</strong></span> <span class='ocrx_word' id='word_1_648' title='bbox 2442 4427 2709 4480; x_wconf 88' lang='lat' dir='ltr'><strong>venerari.</strong></span> <span class='ocrx_word' id='word_1_649' title='bbox 2754 4424 2862 4480; x_wconf 87' lang='lat' dir='ltr'><strong>Sed</strong></span> <span class='ocrx_word' id='word_1_650' title='bbox 2909 4425 3216 4480; x_wconf 90' lang='lat' dir='ltr'><strong>machinam</strong></span> <span class='ocrx_word' id='word_1_651' title='bbox 3267 4424 3532 4495; x_wconf 82' lang='lat' dir='ltr'><strong>aperiam.</strong></span> <span class='ocrx_word' id='word_1_652' title='bbox 3560 4422 3810 4478; x_wconf 77' lang='lat' dir='ltr'><strong>Existimat</strong></span> 
     </span>
    </p>
   </div>
   <div class='ocr_carea' id='block_1_89' title="bbox 608 4511 3812 4587">
    <p class='ocr_par' dir='ltr' id='par_1_89' title="bbox 608 4511 3812 4587">
     <span class='ocr_line' id='line_1_89' title="bbox 608 4511 3812 4587; baseline -0.001 -19"><span class='ocrx_word' id='word_1_653' title='bbox 608 4514 914 4570; x_wconf 82' lang='lat' dir='ltr'><strong>fabularum</strong></span> <span class='ocrx_word' id='word_1_654' title='bbox 969 4516 1282 4586; x_wconf 87' lang='lat' dir='ltr'><strong>scriptores.</strong></span> <span class='ocrx_word' id='word_1_655' title='bbox 1327 4513 1445 4568; x_wconf 88' lang='lat' dir='ltr'><strong>Non</strong></span> <span class='ocrx_word' id='word_1_656' title='bbox 1489 4517 1694 4585; x_wconf 89' lang='lat' dir='ltr'><strong>patitur</strong></span> <span class='ocrx_word' id='word_1_657' title='bbox 1740 4524 1916 4571; x_wconf 87' lang='lat' dir='ltr'><strong>tamen</strong></span> <span class='ocrx_word' id='word_1_658' title='bbox 1958 4515 2174 4571; x_wconf 85' lang='lat' dir='ltr'><strong>Homeri</strong></span> <span class='ocrx_word' id='word_1_659' title='bbox 2207 4527 2250 4582; x_wconf 75' lang='grc' dir='ltr'><strong>ι)</strong></span> <span class='ocrx_word' id='word_1_660' title='bbox 2281 4513 2540 4587; x_wconf 82' lang='lat' dir='ltr'><strong>Scaliger,</strong></span> <span class='ocrx_word' id='word_1_661' title='bbox 2579 4524 2638 4570; x_wconf 92' lang='lat' dir='ltr'><strong>ut</strong></span> <span class='ocrx_word' id='word_1_662' title='bbox 2677 4523 2730 4572; x_wconf 91' lang='lat' dir='ltr'><strong>et</strong></span> <span class='ocrx_word' id='word_1_663' title='bbox 2773 4516 2866 4570; x_wconf 91' lang='lat' dir='ltr'><strong>alii</strong></span> <span class='ocrx_word' id='word_1_664' title='bbox 2897 4517 3076 4580; x_wconf 92' lang='lat' dir='ltr'><strong>multi,</strong></span> <span class='ocrx_word' id='word_1_665' title='bbox 3113 4517 3159 4572; x_wconf 91' lang='lat' dir='ltr'><strong>si</strong></span> <span class='ocrx_word' id='word_1_666' title='bbox 3196 4516 3674 4586; x_wconf 86' lang='lat' dir='ltr'><strong>interpretationes</strong></span> <span class='ocrx_word' id='word_1_667' title='bbox 3714 4511 3812 4567; x_wconf 82' lang='lat' dir='ltr'><strong>Ilie-</strong></span> 
     </span>
    </p>
   </div>
   <div class='ocr_carea' id='block_1_90' title="bbox 607 4605 2172 4677">
    <p class='ocr_par' dir='ltr' id='par_1_90' title="bbox 607 4605 2172 4677">
     <span class='ocr_line' id='line_1_90' title="bbox 607 4605 2172 4677; baseline -0.001 -16"><span class='ocrx_word' id='word_1_668' title='bbox 607 4608 841 4677; x_wconf 89' lang='lat' dir='ltr'><strong>dignitas</strong></span> <span class='ocrx_word' id='word_1_669' title='bbox 882 4609 954 4660; x_wconf 89' lang='lat' dir='ltr'><strong>ita</strong></span> <span class='ocrx_word' id='word_1_670' title='bbox 982 4607 1126 4662; x_wconf 89' lang='lat' dir='ltr'><strong>sicce</strong></span> <span class='ocrx_word' id='word_1_671' title='bbox 1161 4605 1458 4676; x_wconf 68' lang='lat' dir='ltr'><strong>praeteriri;</strong></span> <span class='ocrx_word' id='word_1_672' title='bbox 1493 4620 1663 4676; x_wconf 89' lang='lat' dir='ltr'><strong>quare</strong></span> <span class='ocrx_word' id='word_1_673' title='bbox 1692 4623 1810 4676; x_wconf 64' lang='lat' dir='ltr'><strong>quae</strong></span> <span class='ocrx_word' id='word_1_674' title='bbox 1839 4607 1905 4662; x_wconf 92' lang='lat' dir='ltr'><strong>de</strong></span> <span class='ocrx_word' id='word_1_675' title='bbox 1932 4623 1996 4662; x_wconf 91' lang='lat' dir='ltr'><strong>eo</strong></span> <span class='ocrx_word' id='word_1_676' title='bbox 2032 4607 2172 4664; x_wconf 91' lang='lat' dir='ltr'><strong>scri-</strong></span> 
     </span>
    </p>
   </div>
   <div class='ocr_carea' id='block_1_91' title="bbox 608 4696 2173 4767">
    <p class='ocr_par' dir='ltr' id='par_1_91' title="bbox 608 4696 2173 4767">
     <span class='ocr_line' id='line_1_91' title="bbox 608 4696 2173 4767; baseline 0.001 -16"><span class='ocrx_word' id='word_1_677' title='bbox 608 4701 714 4767; x_wconf 86' lang='lat' dir='ltr'><strong>ptis</strong></span> <span class='ocrx_word' id='word_1_678' title='bbox 749 4699 973 4753; x_wconf 88' lang='lat' dir='ltr'><strong>tradidit</strong></span> <span class='ocrx_word' id='word_1_679' title='bbox 1005 4697 1246 4754; x_wconf 77' lang='lat' dir='ltr'><strong>Velleius</strong></span> <span class='ocrx_word' id='word_1_680' title='bbox 1277 4698 1364 4752; x_wconf 92' lang='lat' dir='ltr'><strong>hic</strong></span> <span class='ocrx_word' id='word_1_681' title='bbox 1391 4698 1752 4752; x_wconf 89' lang='lat' dir='ltr'><strong>trauscribam</strong></span> <span class='ocrx_word' id='word_1_682' title='bbox 1775 4696 2173 4752; x_wconf 87' lang='lat' dir='ltr'><strong>:Clarissimum</strong></span> 
     </span>
    </p>
   </div>
   <div class='ocr_carea' id='block_1_92' title="bbox 581 4787 2174 4859">
    <p class='ocr_par' dir='ltr' id='par_1_92' title="bbox 581 4787 2174 4859">
     <span class='ocr_line' id='line_1_92' title="bbox 581 4787 2174 4859; baseline 0.001 -18"><span class='ocrx_word' id='word_1_683' title='bbox 581 4789 790 4844; x_wconf 85' lang='lat' dir='ltr'><strong>-deinde</strong></span> <span class='ocrx_word' id='word_1_684' title='bbox 829 4790 1046 4844; x_wconf 81' lang='lat' dir='ltr'><strong>Homeri</strong></span> <span class='ocrx_word' id='word_1_685' title='bbox 1079 4789 1258 4844; x_wconf 77' lang='lat' dir='ltr'><strong>illuxit</strong></span> <span class='ocrx_word' id='word_1_686' title='bbox 1309 4789 1577 4859; x_wconf 86' lang='lat' dir='ltr'><strong>ingenium</strong></span> <span class='ocrx_word' id='word_1_687' title='bbox 1602 4788 1713 4842; x_wconf 86' lang='lat' dir='ltr'><strong>sine</strong></span> <span class='ocrx_word' id='word_1_688' title='bbox 1735 4787 1968 4857; x_wconf 72' lang='lat' dir='ltr'><strong>exemplo</strong></span> <span class='ocrx_word' id='word_1_689' title='bbox 2003 4791 2174 4843; x_wconf 78' lang='lat' dir='ltr'><strong>maxi-</strong></span> 
     </span>
    </p>
   </div>
   <div class='ocr_carea' id='block_1_93' title="bbox 606 4878 2174 4951">
    <p class='ocr_par' dir='ltr' id='par_1_93' title="bbox 606 4878 2174 4951">
     <span class='ocr_line' id='line_1_93' title="bbox 606 4878 2174 4951; baseline 0 -18"><span class='ocrx_word' id='word_1_690' title='bbox 606 4898 749 4934; x_wconf 84' lang='lat' dir='ltr'><strong>mum</strong></span> <span class='ocrx_word' id='word_1_691' title='bbox 781 4897 797 4934; x_wconf 90' lang='lat'><em>:</em></span> <span class='ocrx_word' id='word_1_692' title='bbox 828 4883 915 4951; x_wconf 86' lang='lat' dir='ltr'><strong>qui</strong></span> <span class='ocrx_word' id='word_1_693' title='bbox 969 4881 1320 4951; x_wconf 81' lang='lat' dir='ltr'><strong>magnitudine</strong></span> <span class='ocrx_word' id='word_1_694' title='bbox 1353 4895 1564 4949; x_wconf 88' lang='lat' dir='ltr'><strong>operum</strong></span> <span class='ocrx_word' id='word_1_695' title='bbox 1584 4920 1598 4944; x_wconf 94' lang='lat'><strong>,</strong></span> <span class='ocrx_word' id='word_1_696' title='bbox 1645 4888 1696 4933; x_wconf 87' lang='lat' dir='ltr'><strong>et</strong></span> <span class='ocrx_word' id='word_1_697' title='bbox 1741 4878 1945 4949; x_wconf 78' lang='lat' dir='ltr'><strong>fulgore</strong></span> <span class='ocrx_word' id='word_1_698' title='bbox 1978 4879 2174 4933; x_wconf 84' lang='lat' dir='ltr'><strong>carmi-</strong></span> 
     </span>
    </p>
   </div>
   <div class='ocr_carea' id='block_1_94' title="bbox 605 4971 2173 5043">
    <p class='ocr_par' dir='ltr' id='par_1_94' title="bbox 605 4971 2173 5043">
     <span class='ocr_line' id='line_1_94' title="bbox 605 4971 2173 5043; baseline -0.001 -16"><span class='ocrx_word' id='word_1_699' title='bbox 605 4991 729 5028; x_wconf 86' lang='lat' dir='ltr'><strong>num</strong></span> <span class='ocrx_word' id='word_1_700' title='bbox 760 4974 902 5028; x_wconf 89' lang='lat' dir='ltr'><strong>solus</strong></span> <span class='ocrx_word' id='word_1_701' title='bbox 931 4975 1181 5043; x_wconf 81' lang='lat' dir='ltr'><strong>appellari</strong></span> <span class='ocrx_word' id='word_1_702' title='bbox 1207 4985 1360 5043; x_wconf 86' lang='lat' dir='ltr'><strong>poeta</strong></span> <span class='ocrx_word' id='word_1_703' title='bbox 1404 4975 1615 5028; x_wconf 87' lang='lat' dir='ltr'><strong>meruit.</strong></span> <span class='ocrx_word' id='word_1_704' title='bbox 1653 4971 1722 5026; x_wconf 88' lang='lat' dir='ltr'><strong>In</strong></span> <span class='ocrx_word' id='word_1_705' title='bbox 1751 4987 1849 5043; x_wconf 83' lang='lat' dir='ltr'><strong>quo</strong></span> <span class='ocrx_word' id='word_1_706' title='bbox 1881 4972 1976 5025; x_wconf 87' lang='lat' dir='ltr'><strong>huc</strong></span> <span class='ocrx_word' id='word_1_707' title='bbox 2008 4973 2173 5026; x_wconf 74' lang='lat' dir='ltr'><strong>maxi-</strong></span> 
     </span>
    </p>
   </div>
   <div class='ocr_carea' id='block_1_95' title="bbox 604 5065 2163 5137">
    <p class='ocr_par' dir='ltr' id='par_1_95' title="bbox 604 5065 2163 5137">
     <span class='ocr_line' id='line_1_95' title="bbox 604 5065 2163 5137; baseline -0.002 -16"><span class='ocrx_word' id='word_1_708' title='bbox 604 5084 748 5121; x_wconf 90' lang='lat' dir='ltr'><strong>mum</strong></span> <span class='ocrx_word' id='word_1_709' title='bbox 776 5076 872 5130; x_wconf 89' lang='lat' dir='ltr'><strong>est,</strong></span> <span class='ocrx_word' id='word_1_710' title='bbox 905 5067 1041 5137; x_wconf 88' lang='lat' dir='ltr'><strong>quod</strong></span> <span class='ocrx_word' id='word_1_711' title='bbox 1069 5083 1226 5135; x_wconf 87' lang='lat' dir='ltr'><strong>neque</strong></span> <span class='ocrx_word' id='word_1_712' title='bbox 1270 5076 1388 5120; x_wconf 88' lang='lat' dir='ltr'><strong>ante</strong></span> <span class='ocrx_word' id='word_1_713' title='bbox 1413 5067 1588 5128; x_wconf 88' lang='lat' dir='ltr'><strong>illum,</strong></span> <span class='ocrx_word' id='word_1_714' title='bbox 1625 5082 1774 5135; x_wconf 83' lang='lat' dir='ltr'><strong>quem</strong></span> <span class='ocrx_word' id='word_1_715' title='bbox 1819 5065 1906 5118; x_wconf 86' lang='lat' dir='ltr'><strong>ille</strong></span> <span class='ocrx_word' id='word_1_716' title='bbox 1932 5065 2163 5118; x_wconf 84' lang='lat' dir='ltr'><strong>imitare-</strong></span> 
     </span>
    </p>
   </div>
   <div class='ocr_carea' id='block_1_96' title="bbox 606 5157 2169 5227">
    <p class='ocr_par' dir='ltr' id='par_1_96' title="bbox 606 5157 2169 5227">
     <span class='ocr_line' id='line_1_96' title="bbox 606 5157 2169 5227; baseline -0.001 -17"><span class='ocrx_word' id='word_1_717' title='bbox 606 5167 710 5224; x_wconf 85' lang='lat' dir='ltr'><strong>tur,</strong></span> <span class='ocrx_word' id='word_1_718' title='bbox 743 5173 902 5227; x_wconf 83' lang='lat' dir='ltr'><strong>neque</strong></span> <span class='ocrx_word' id='word_1_719' title='bbox 941 5167 1058 5225; x_wconf 88' lang='lat' dir='ltr'><strong>post</strong></span> <span class='ocrx_word' id='word_1_720' title='bbox 1093 5157 1266 5221; x_wconf 90' lang='lat' dir='ltr'><strong>illum,</strong></span> <span class='ocrx_word' id='word_1_721' title='bbox 1299 5159 1390 5226; x_wconf 87' lang='lat' dir='ltr'><strong>qui</strong></span> <span class='ocrx_word' id='word_1_722' title='bbox 1416 5175 1533 5212; x_wconf 87' lang='lat' dir='ltr'><strong>eum</strong></span> <span class='ocrx_word' id='word_1_723' title='bbox 1558 5157 1758 5210; x_wconf 89' lang='lat' dir='ltr'><strong>imitari</strong></span> <span class='ocrx_word' id='word_1_724' title='bbox 1787 5158 1950 5224; x_wconf 83' lang='lat' dir='ltr'><strong>possit</strong></span> <span class='ocrx_word' id='word_1_725' title='bbox 1991 5157 2169 5209; x_wconf 86' lang='lat' dir='ltr'><strong>inven-</strong></span> 
     </span>
    </p>
   </div>
   <div class='ocr_carea' id='block_1_97' title="bbox 605 5248 2166 5319">
    <p class='ocr_par' dir='ltr' id='par_1_97' title="bbox 605 5248 2166 5319">
     <span class='ocr_line' id='line_1_97' title="bbox 605 5248 2166 5319; baseline 0.001 -18"><span class='ocrx_word' id='word_1_726' title='bbox 605 5257 686 5303; x_wconf 87' lang='lat' dir='ltr'><strong>tus</strong></span> <span class='ocrx_word' id='word_1_727' title='bbox 717 5257 830 5306; x_wconf 85' lang='lat' dir='ltr'><strong>est:</strong></span> <span class='ocrx_word' id='word_1_728' title='bbox 861 5265 1019 5318; x_wconf 87' lang='lat' dir='ltr'><strong>neque</strong></span> <span class='ocrx_word' id='word_1_729' title='bbox 1039 5264 1345 5319; x_wconf 87' lang='lat' dir='ltr'><strong>quemquam</strong></span> <span class='ocrx_word' id='word_1_730' title='bbox 1377 5248 1562 5314; x_wconf 86' lang='lat' dir='ltr'><strong>alium,</strong></span> <span class='ocrx_word' id='word_1_731' title='bbox 1596 5248 1744 5318; x_wconf 85' lang='lat' dir='ltr'><strong>cujus</strong></span> <span class='ocrx_word' id='word_1_732' title='bbox 1774 5248 1942 5316; x_wconf 86' lang='lat' dir='ltr'><strong>operis</strong></span> <span class='ocrx_word' id='word_1_733' title='bbox 1967 5249 2166 5317; x_wconf 82' lang='lat' dir='ltr'><strong>primus</strong></span> 
     </span>
    </p>
   </div>
   <div class='ocr_carea' id='block_1_98' title="bbox 603 5336 2168 5408">
    <p class='ocr_par' dir='ltr' id='par_1_98' title="bbox 603 5336 2168 5408">
     <span class='ocr_line' id='line_1_98' title="bbox 603 5336 2168 5408; baseline -0.002 -15"><span class='ocrx_word' id='word_1_734' title='bbox 603 5352 790 5393; x_wconf 86' lang='lat' dir='ltr'><strong>auctor</strong></span> <span class='ocrx_word' id='word_1_735' title='bbox 834 5339 1012 5408; x_wconf 85' lang='lat' dir='ltr'><strong>fuerit,</strong></span> <span class='ocrx_word' id='word_1_736' title='bbox 1057 5339 1112 5391; x_wconf 89' lang='lat' dir='ltr'><strong>in</strong></span> <span class='ocrx_word' id='word_1_737' title='bbox 1146 5353 1205 5391; x_wconf 87' lang='lat' dir='ltr'><strong>eo</strong></span> <span class='ocrx_word' id='word_1_738' title='bbox 1243 5338 1696 5406; x_wconf 80' lang='lat' dir='ltr'><strong>perfectissimum,</strong></span> <span class='ocrx_word' id='word_1_739' title='bbox 1744 5349 1934 5406; x_wconf 67' lang='lat' dir='ltr'><strong>praeter</strong></span> <span class='ocrx_word' id='word_1_740' title='bbox 1973 5336 2168 5390; x_wconf 81' lang='lat' dir='ltr'><strong>Horae-</strong></span> 
     </span>
    </p>
   </div>
   <div class='ocr_carea' id='block_1_99' title="bbox 601 5429 2170 5500">
    <p class='ocr_par' dir='ltr' id='par_1_99' title="bbox 601 5429 2170 5500">
     <span class='ocr_line' id='line_1_99' title="bbox 601 5429 2170 5500; baseline -0.003 -14"><span class='ocrx_word' id='word_1_741' title='bbox 601 5449 719 5486; x_wconf 85' lang='lat' dir='ltr'><strong>rum</strong></span> <span class='ocrx_word' id='word_1_742' title='bbox 751 5442 800 5486; x_wconf 83' lang='lat' dir='ltr'><strong>et</strong></span> <span class='ocrx_word' id='word_1_743' title='bbox 831 5431 1197 5485; x_wconf 82' lang='lat' dir='ltr'><strong>Archilochum</strong></span> <span class='ocrx_word' id='word_1_744' title='bbox 1236 5430 1562 5497; x_wconf 84' lang='lat' dir='ltr'><strong>reperiemus.</strong></span> <span class='ocrx_word' id='word_1_745' title='bbox 1599 5429 1698 5482; x_wconf 84' lang='lat' dir='ltr'><strong>Hic</strong></span> <span class='ocrx_word' id='word_1_746' title='bbox 1733 5432 1935 5500; x_wconf 83' lang='lat' dir='ltr'><strong>longius</strong></span> <span class='ocrx_word' id='word_1_747' title='bbox 1974 5448 2006 5484; x_wconf 92' lang='lat' dir='ltr'><strong>a</strong></span> <span class='ocrx_word' id='word_1_748' title='bbox 2039 5441 2170 5483; x_wconf 87' lang='lat' dir='ltr'><strong>tem-</strong></span> 
     </span>
    </p>
   </div>
   <div class='ocr_carea' id='block_1_100' title="bbox 599 5520 2165 5592">
    <p class='ocr_par' dir='ltr' id='par_1_100' title="bbox 599 5520 2165 5592">
     <span class='ocr_line' id='line_1_100' title="bbox 599 5520 2165 5592; baseline -0.001 -16"><span class='ocrx_word' id='word_1_749' title='bbox 599 5525 809 5586; x_wconf 80' lang='lat' dir='ltr'><strong>poribus</strong></span> <span class='ocrx_word' id='word_1_750' title='bbox 842 5525 964 5578; x_wconf 84' lang='lat' dir='ltr'><strong>belli</strong></span> <span class='ocrx_word' id='word_1_751' title='bbox 1007 5522 1144 5592; x_wconf 86' lang='lat' dir='ltr'><strong>quod</strong></span> <span class='ocrx_word' id='word_1_752' title='bbox 1185 5522 1493 5589; x_wconf 86' lang='lat' dir='ltr'><strong>composuit,</strong></span> <span class='ocrx_word' id='word_1_753' title='bbox 1546 5520 1738 5584; x_wconf 83' lang='lat' dir='ltr'><strong>Troici,</strong></span> <span class='ocrx_word' id='word_1_754' title='bbox 1766 5539 1922 5589; x_wconf 87' lang='lat' dir='ltr'><strong>quam</strong></span> <span class='ocrx_word' id='word_1_755' title='bbox 1953 5521 2165 5586; x_wconf 77' lang='lat' dir='ltr'><strong>quidam</strong></span> 
     </span>
    </p>
   </div>
   <div class='ocr_carea' id='block_1_101' title="bbox 600 5613 2168 5686">
    <p class='ocr_par' dir='ltr' id='par_1_101' title="bbox 600 5613 2168 5686">
     <span class='ocr_line' id='line_1_101' title="bbox 600 5613 2168 5686; baseline -0.001 -19"><span class='ocrx_word' id='word_1_756' title='bbox 600 5626 799 5678; x_wconf 84' lang='lat' dir='ltr'><strong>rentur,</strong></span> <span class='ocrx_word' id='word_1_757' title='bbox 835 5616 1042 5686; x_wconf 73' lang='lat' dir='ltr'><strong>abfuit;</strong></span> <span class='ocrx_word' id='word_1_758' title='bbox 1083 5633 1204 5670; x_wconf 89' lang='lat' dir='ltr'><strong>nam</strong></span> <span class='ocrx_word' id='word_1_759' title='bbox 1250 5614 1429 5684; x_wconf 82' lang='lat' dir='ltr'><strong>ferme,</strong></span> <span class='ocrx_word' id='word_1_760' title='bbox 1468 5622 1573 5668; x_wconf 88' lang='lat' dir='ltr'><strong>etc.</strong></span> <span class='ocrx_word' id='word_1_761' title='bbox 1612 5613 1684 5668; x_wconf 90' lang='lat' dir='ltr'><strong>De</strong></span> <span class='ocrx_word' id='word_1_762' title='bbox 1733 5613 1851 5682; x_wconf 87' lang='lat' dir='ltr'><strong>ejus</strong></span> <span class='ocrx_word' id='word_1_763' title='bbox 1892 5621 2068 5677; x_wconf 70' lang='lat' dir='ltr'><strong>mtate,</strong></span> <span class='ocrx_word' id='word_1_764' title='bbox 2113 5620 2168 5668; x_wconf 89' lang='lat' dir='ltr'><strong>et</strong></span> 
     </span>
    </p>
   </div>
   <div class='ocr_carea' id='block_1_102' title="bbox 602 5702 2167 5774">
    <p class='ocr_par' dir='ltr' id='par_1_102' title="bbox 602 5702 2167 5774">
     <span class='ocr_line' id='line_1_102' title="bbox 602 5702 2167 5774; baseline -0.001 -16"><span class='ocrx_word' id='word_1_765' title='bbox 602 5707 883 5759; x_wconf 77' lang='lat' dir='ltr'><strong>excellenti</strong></span> <span class='ocrx_word' id='word_1_766' title='bbox 920 5715 1112 5761; x_wconf 88' lang='lat' dir='ltr'><strong>natura</strong></span> <span class='ocrx_word' id='word_1_767' title='bbox 1141 5707 1432 5774; x_wconf 88' lang='lat' dir='ltr'><strong>divinaque</strong></span> <span class='ocrx_word' id='word_1_768' title='bbox 1458 5744 1472 5769; x_wconf 94' lang='lat'><strong>,</strong></span> <span class='ocrx_word' id='word_1_769' title='bbox 1507 5704 1632 5759; x_wconf 87' lang='lat' dir='ltr'><strong>vide</strong></span> <span class='ocrx_word' id='word_1_770' title='bbox 1674 5702 1813 5758; x_wconf 83' lang='lat' dir='ltr'><strong>Justi</strong></span> <span class='ocrx_word' id='word_1_771' title='bbox 1851 5703 2018 5773; x_wconf 87' lang='lat' dir='ltr'><strong>Lipsii</strong></span> <span class='ocrx_word' id='word_1_772' title='bbox 2048 5704 2167 5757; x_wconf 87' lang='lat' dir='ltr'><strong>ani-</strong></span> 
     </span>
    </p>
   </div>
   <div class='ocr_carea' id='block_1_103' title="bbox 606 5791 2162 5863">
    <p class='ocr_par' dir='ltr' id='par_1_103' title="bbox 606 5791 2162 5863">
     <span class='ocr_line' id='line_1_103' title="bbox 606 5791 2162 5863; baseline 0.001 -17"><span class='ocrx_word' id='word_1_773' title='bbox 606 5792 1004 5851; x_wconf 86' lang='lat' dir='ltr'><strong>madversiones</strong></span> <span class='ocrx_word' id='word_1_774' title='bbox 1054 5795 1272 5852; x_wconf 87' lang='lat' dir='ltr'><strong>ibidem.</strong></span> <span class='ocrx_word' id='word_1_775' title='bbox 1327 5793 1450 5848; x_wconf 69' lang='lat' dir='ltr'><strong>[hec</strong></span> <span class='ocrx_word' id='word_1_776' title='bbox 1505 5791 1649 5849; x_wconf 79' lang='lat' dir='ltr'><strong>Julio</strong></span> <span class='ocrx_word' id='word_1_777' title='bbox 1709 5793 1987 5863; x_wconf 82' lang='lat' dir='ltr'><strong>Scaligcro</strong></span> <span class='ocrx_word' id='word_1_778' title='bbox 2050 5809 2162 5849; x_wconf 89' lang='lat' dir='ltr'><strong>non</strong></span> 
     </span>
    </p>
   </div>
   <div class='ocr_carea' id='block_1_104' title="bbox 2276 4607 3813 4679">
    <p class='ocr_par' dir='ltr' id='par_1_104' title="bbox 2276 4607 3813 4679">
     <span class='ocr_line' id='line_1_104' title="bbox 2276 4607 3813 4679; baseline -0.004 -19"><span class='ocrx_word' id='word_1_779' title='bbox 2276 4608 2489 4679; x_wconf 89' lang='lat' dir='ltr'><strong>ronymi</strong></span> <span class='ocrx_word' id='word_1_780' title='bbox 2539 4609 2859 4678; x_wconf 83' lang='lat' dir='ltr'><strong>exagitando</strong></span> <span class='ocrx_word' id='word_1_781' title='bbox 2900 4607 3172 4670; x_wconf 88' lang='lat' dir='ltr'><strong>refellant,</strong></span> <span class='ocrx_word' id='word_1_782' title='bbox 3216 4607 3362 4663; x_wconf 88' lang='lat' dir='ltr'><strong>illius</strong></span> <span class='ocrx_word' id='word_1_783' title='bbox 3407 4608 3508 4661; x_wconf 88' lang='lat' dir='ltr'><strong>viri</strong></span> <span class='ocrx_word' id='word_1_784' title='bbox 3552 4607 3813 4662; x_wconf 47' lang='lat' dir='ltr'><strong>auctoritas</strong></span> 
     </span>
    </p>
   </div>
   <div class='ocr_carea' id='block_1_105' title="bbox 2273 4695 3814 4768">
    <p class='ocr_par' dir='ltr' id='par_1_105' title="bbox 2273 4695 3814 4768">
     <span class='ocr_line' id='line_1_105' title="bbox 2273 4695 3814 4768; baseline -0.003 -15"><span class='ocrx_word' id='word_1_785' title='bbox 2273 4707 2381 4754; x_wconf 92' lang='lat' dir='ltr'><strong>tem</strong></span> <span class='ocrx_word' id='word_1_786' title='bbox 2414 4699 2677 4760; x_wconf 87' lang='lat' dir='ltr'><strong>minuere,</strong></span> <span class='ocrx_word' id='word_1_787' title='bbox 2711 4707 2763 4754; x_wconf 91' lang='lat' dir='ltr'><strong>et</strong></span> <span class='ocrx_word' id='word_1_788' title='bbox 2798 4701 2852 4753; x_wconf 91' lang='lat' dir='ltr'><strong>in</strong></span> <span class='ocrx_word' id='word_1_789' title='bbox 2886 4697 3006 4768; x_wconf 88' lang='lat' dir='ltr'><strong>ejus</strong></span> <span class='ocrx_word' id='word_1_790' title='bbox 3035 4699 3378 4753; x_wconf 89' lang='lat' dir='ltr'><strong>vcrsionibus</strong></span> <span class='ocrx_word' id='word_1_791' title='bbox 3423 4698 3587 4754; x_wconf 84' lang='lat' dir='ltr'><strong>ﬁdem</strong></span> <span class='ocrx_word' id='word_1_792' title='bbox 3631 4695 3814 4752; x_wconf 54' lang='lat' dir='ltr'><strong>deside.</strong></span> 
     </span>
    </p>
   </div>
   <div class='ocr_carea' id='block_1_106' title="bbox 2273 4787 3816 4859">
    <p class='ocr_par' dir='ltr' id='par_1_106' title="bbox 2273 4787 3816 4859">
     <span class='ocr_line' id='line_1_106' title="bbox 2273 4787 3816 4859; baseline -0.001 -17"><span class='ocrx_word' id='word_1_793' title='bbox 2273 4803 2395 4842; x_wconf 85' lang='lat' dir='ltr'><strong>rare</strong></span> <span class='ocrx_word' id='word_1_794' title='bbox 2423 4807 2436 4842; x_wconf 88' lang='lat'><strong>:</strong></span> <span class='ocrx_word' id='word_1_795' title='bbox 2469 4803 2636 4857; x_wconf 87' lang='lat' dir='ltr'><strong>quare</strong></span> <span class='ocrx_word' id='word_1_796' title='bbox 2659 4796 2843 4856; x_wconf 87' lang='lat' dir='ltr'><strong>postea</strong></span> <span class='ocrx_word' id='word_1_797' title='bbox 2889 4787 3218 4842; x_wconf 89' lang='lat' dir='ltr'><strong>concludant</strong></span> <span class='ocrx_word' id='word_1_798' title='bbox 3254 4796 3308 4845; x_wconf 93' lang='lat' dir='ltr'><strong>et</strong></span> <span class='ocrx_word' id='word_1_799' title='bbox 3351 4789 3630 4859; x_wconf 85' lang='lat' dir='ltr'><strong>vulgatam</strong></span> <span class='ocrx_word' id='word_1_800' title='bbox 3677 4799 3816 4842; x_wconf 66' lang='lat' dir='ltr'><strong>sacra</strong></span> 
     </span>
    </p>
   </div>
   <div class='ocr_carea' id='block_1_107' title="bbox 2275 4879 3816 4953">
    <p class='ocr_par' dir='ltr' id='par_1_107' title="bbox 2275 4879 3816 4953">
     <span class='ocr_line' id='line_1_107' title="bbox 2275 4879 3816 4953; baseline -0.003 -19"><span class='ocrx_word' id='word_1_801' title='bbox 2275 4879 2568 4950; x_wconf 62' lang='lat' dir='ltr'><strong>Scriptura</strong></span> <span class='ocrx_word' id='word_1_802' title='bbox 2618 4881 2906 4935; x_wconf 90' lang='lat' dir='ltr'><strong>editionem</strong></span> <span class='ocrx_word' id='word_1_803' title='bbox 2954 4895 3064 4935; x_wconf 89' lang='lat' dir='ltr'><strong>non</strong></span> <span class='ocrx_word' id='word_1_804' title='bbox 3103 4896 3225 4936; x_wconf 89' lang='lat' dir='ltr'><strong>esse</strong></span> <span class='ocrx_word' id='word_1_805' title='bbox 3296 4881 3443 4937; x_wconf 92' lang='lat' dir='ltr'><strong>illius</strong></span> <span class='ocrx_word' id='word_1_806' title='bbox 3485 4880 3736 4953; x_wconf 89' lang='lat' dir='ltr'><strong>ponderis</strong></span> <span class='ocrx_word' id='word_1_807' title='bbox 3774 4883 3816 4930; x_wconf 84' lang='lat' dir='ltr'><strong>et</strong></span> 
     </span>
    </p>
   </div>
   <div class='ocr_carea' id='block_1_108' title="bbox 2272 4967 3814 5040">
    <p class='ocr_par' dir='ltr' id='par_1_108' title="bbox 2272 4967 3814 5040">
     <span class='ocr_line' id='line_1_108' title="bbox 2272 4967 3814 5040; baseline -0.003 -17"><span class='ocrx_word' id='word_1_808' title='bbox 2272 4968 2585 5040; x_wconf 88' lang='lat' dir='ltr'><strong>dignitatis,</strong></span> <span class='ocrx_word' id='word_1_809' title='bbox 2637 4977 2799 5040; x_wconf 86' lang='lat' dir='ltr'><strong>prout</strong></span> <span class='ocrx_word' id='word_1_810' title='bbox 2848 4971 2994 5024; x_wconf 90' lang='lat' dir='ltr'><strong>illam</strong></span> <span class='ocrx_word' id='word_1_811' title='bbox 3027 4971 3186 5025; x_wconf 91' lang='lat' dir='ltr'><strong>habet</strong></span> <span class='ocrx_word' id='word_1_812' title='bbox 3232 4971 3500 5025; x_wconf 88' lang='lat' dir='ltr'><strong>catholica</strong></span> <span class='ocrx_word' id='word_1_813' title='bbox 3565 4967 3814 5028; x_wconf 86' lang='lat' dir='ltr'><strong>Ecclesia;</strong></span> 
     </span>
    </p>
   </div>
   <div class='ocr_carea' id='block_1_109' title="bbox 2269 5061 3817 5132">
    <p class='ocr_par' dir='ltr' id='par_1_109' title="bbox 2269 5061 3817 5132">
     <span class='ocr_line' id='line_1_109' title="bbox 2269 5061 3817 5132; baseline -0.003 -17"><span class='ocrx_word' id='word_1_814' title='bbox 2269 5077 2438 5130; x_wconf 87' lang='lat' dir='ltr'><strong>quare</strong></span> <span class='ocrx_word' id='word_1_815' title='bbox 2478 5077 2646 5116; x_wconf 88' lang='lat' dir='ltr'><strong>novas</strong></span> <span class='ocrx_word' id='word_1_816' title='bbox 2685 5061 2789 5132; x_wconf 89' lang='lat' dir='ltr'><strong>ipsi</strong></span> <span class='ocrx_word' id='word_1_817' title='bbox 2831 5063 3124 5116; x_wconf 88' lang='lat' dir='ltr'><strong>moliantur</strong></span> <span class='ocrx_word' id='word_1_818' title='bbox 3159 5063 3660 5132; x_wconf 87' lang='lat' dir='ltr'><strong>interpretationes,</strong></span> <span class='ocrx_word' id='word_1_819' title='bbox 3691 5073 3817 5115; x_wconf 85' lang='lat' dir='ltr'><strong>vera-</strong></span> 
     </span>
    </p>
   </div>
   <div class='ocr_carea' id='block_1_110' title="bbox 2269 5152 3818 5224">
    <p class='ocr_par' dir='ltr' id='par_1_110' title="bbox 2269 5152 3818 5224">
     <span class='ocr_line' id='line_1_110' title="bbox 2269 5152 3818 5224; baseline -0.004 -18"><span class='ocrx_word' id='word_1_820' title='bbox 2269 5169 2373 5224; x_wconf 92' lang='lat' dir='ltr'><strong>que</strong></span> <span class='ocrx_word' id='word_1_821' title='bbox 2401 5153 2651 5223; x_wconf 84' lang='lat' dir='ltr'><strong>dogmata</strong></span> <span class='ocrx_word' id='word_1_822' title='bbox 2684 5153 2795 5222; x_wconf 90' lang='lat' dir='ltr'><strong>jam</strong></span> <span class='ocrx_word' id='word_1_823' title='bbox 2826 5152 2920 5206; x_wconf 91' lang='lat' dir='ltr'><strong>diu</strong></span> <span class='ocrx_word' id='word_1_824' title='bbox 2954 5153 3272 5208; x_wconf 84' lang='lat' dir='ltr'><strong>conﬁrmata</strong></span> <span class='ocrx_word' id='word_1_825' title='bbox 3302 5169 3364 5207; x_wconf 89' lang='lat' dir='ltr'><strong>ea</strong></span> <span class='ocrx_word' id='word_1_826' title='bbox 3403 5155 3748 5216; x_wconf 90' lang='lat' dir='ltr'><strong>conturbent,</strong></span> <span class='ocrx_word' id='word_1_827' title='bbox 3775 5157 3818 5202; x_wconf 90' lang='lat' dir='ltr'><strong>ut</strong></span> 
     </span>
    </p>
   </div>
   <div class='ocr_carea' id='block_1_111' title="bbox 2269 5243 3818 5314">
    <p class='ocr_par' dir='ltr' id='par_1_111' title="bbox 2269 5243 3818 5314">
     <span class='ocr_line' id='line_1_111' title="bbox 2269 5243 3818 5314; baseline -0.004 -16"><span class='ocrx_word' id='word_1_828' title='bbox 2269 5260 2404 5298; x_wconf 91' lang='lat' dir='ltr'><strong>uova</strong></span> <span class='ocrx_word' id='word_1_829' title='bbox 2433 5259 2532 5299; x_wconf 90' lang='lat' dir='ltr'><strong>sua</strong></span> <span class='ocrx_word' id='word_1_830' title='bbox 2563 5243 2988 5314; x_wconf 87' lang='lat' dir='ltr'><strong>simplicioribus</strong></span> <span class='ocrx_word' id='word_1_831' title='bbox 3018 5246 3458 5300; x_wconf 88' lang='lat' dir='ltr'><strong>communicent:</strong></span> <span class='ocrx_word' id='word_1_832' title='bbox 3496 5246 3596 5300; x_wconf 81' lang='lat' dir='ltr'><strong>sed</strong></span> <span class='ocrx_word' id='word_1_833' title='bbox 3624 5243 3818 5300; x_wconf 88' lang='lat' dir='ltr'><strong>stabunt</strong></span> 
     </span>
    </p>
   </div>
   <div class='ocr_carea' id='block_1_112' title="bbox 2267 5333 3818 5407">
    <p class='ocr_par' dir='ltr' id='par_1_112' title="bbox 2267 5333 3818 5407">
     <span class='ocr_line' id='line_1_112' title="bbox 2267 5333 3818 5407; baseline 0.001 -21"><span class='ocrx_word' id='word_1_834' title='bbox 2267 5334 2456 5402; x_wconf 91' lang='lat' dir='ltr'><strong>quales</strong></span> <span class='ocrx_word' id='word_1_835' title='bbox 2510 5334 2697 5404; x_wconf 92' lang='lat' dir='ltr'><strong>quales</strong></span> <span class='ocrx_word' id='word_1_836' title='bbox 2756 5343 2884 5389; x_wconf 92' lang='lat' dir='ltr'><strong>sunt</strong></span> <span class='ocrx_word' id='word_1_837' title='bbox 2942 5333 3252 5407; x_wconf 86' lang='lat' dir='ltr'><strong>Hieronymi</strong></span> <span class='ocrx_word' id='word_1_838' title='bbox 3317 5337 3818 5407; x_wconf 88' lang='lat' dir='ltr'><strong>interpretationes;</strong></span> 
     </span>
    </p>
   </div>
   <div class='ocr_carea' id='block_1_113' title="bbox 2269 5425 3819 5500">
    <p class='ocr_par' dir='ltr' id='par_1_113' title="bbox 2269 5425 3819 5500">
     <span class='ocr_line' id='line_1_113' title="bbox 2269 5425 3819 5500; baseline -0.001 -22"><span class='ocrx_word' id='word_1_839' title='bbox 2269 5425 2524 5496; x_wconf 81' lang='lat' dir='ltr'><strong>Scaligeri</strong></span> <span class='ocrx_word' id='word_1_840' title='bbox 2556 5426 2601 5480; x_wconf 93' lang='lat' dir='ltr'><strong>si</strong></span> <span class='ocrx_word' id='word_1_841' title='bbox 2630 5442 2749 5496; x_wconf 71' lang='lat' dir='ltr'><strong>quae</strong></span> <span class='ocrx_word' id='word_1_842' title='bbox 2776 5434 2903 5481; x_wconf 88' lang='lat' dir='ltr'><strong>sunt</strong></span> <span class='ocrx_word' id='word_1_843' title='bbox 2942 5428 3193 5497; x_wconf 72' lang='lat' dir='ltr'><strong>perbella:</strong></span> <span class='ocrx_word' id='word_1_844' title='bbox 3216 5437 3271 5484; x_wconf 90' lang='lat' dir='ltr'><strong>et</strong></span> <span class='ocrx_word' id='word_1_845' title='bbox 3297 5430 3604 5500; x_wconf 87' lang='lat' dir='ltr'><strong>elegantes,</strong></span> <span class='ocrx_word' id='word_1_846' title='bbox 3627 5438 3681 5484; x_wconf 91' lang='lat' dir='ltr'><strong>et</strong></span> <span class='ocrx_word' id='word_1_847' title='bbox 3708 5427 3819 5481; x_wconf 81' lang='lat' dir='ltr'><strong>alio-</strong></span> 
     </span>
    </p>
   </div>
   <div class='ocr_carea' id='block_1_114' title="bbox 2268 5518 2929 5573">
    <p class='ocr_par' dir='ltr' id='par_1_114' title="bbox 2268 5518 2929 5573">
     <span class='ocr_line' id='line_1_114' title="bbox 2268 5518 2929 5573; baseline 0 -2"><span class='ocrx_word' id='word_1_848' title='bbox 2268 5533 2387 5571; x_wconf 89' lang='lat' dir='ltr'><strong>rum</strong></span> <span class='ocrx_word' id='word_1_849' title='bbox 2422 5518 2679 5572; x_wconf 84' lang='lat' dir='ltr'><strong>similium</strong></span> <span class='ocrx_word' id='word_1_850' title='bbox 2713 5518 2929 5573; x_wconf 86' lang='lat' dir='ltr'><strong>cadent.</strong></span> 
     </span>
    </p>
   </div>
   <div class='ocr_carea' id='block_1_115' title="bbox 2335 5605 3820 5677">
    <p class='ocr_par' dir='ltr' id='par_1_115' title="bbox 2335 5605 3820 5677">
     <span class='ocr_line' id='line_1_115' title="bbox 2335 5605 3820 5677; baseline -0.003 -14"><span class='ocrx_word' id='word_1_851' title='bbox 2335 5609 2452 5664; x_wconf 90' lang='lat' dir='ltr'><strong>Col.</strong></span> <span class='ocrx_word' id='word_1_852' title='bbox 2499 5610 2618 5676; x_wconf 85' lang='lat'><strong>709,</strong></span> <span class='ocrx_word' id='word_1_853' title='bbox 2661 5611 2758 5664; x_wconf 92' lang='lat' dir='ltr'><strong>lin.</strong></span> <span class='ocrx_word' id='word_1_854' title='bbox 2798 5610 2851 5665; x_wconf 81' lang='grc'><strong>5.</strong></span> <span class='ocrx_word' id='word_1_855' title='bbox 2905 5605 3091 5677; x_wconf 84' lang='grc' dir='ltr'>Οὗτος</span> <span class='ocrx_word' id='word_1_856' title='bbox 3121 5613 3348 5665; x_wconf 80' lang='grc' dir='ltr'>τοίνυν.</span> <span class='ocrx_word' id='word_1_857' title='bbox 3397 5610 3659 5666; x_wconf 87' lang='lat' dir='ltr'><strong>Justinus</strong></span> <span class='ocrx_word' id='word_1_858' title='bbox 3701 5607 3820 5661; x_wconf 73' lang='lat' dir='ltr'><strong>Mar-</strong></span> 
     </span>
    </p>
   </div>
   <div class='ocr_carea' id='block_1_116' title="bbox 2266 5700 3817 5772">
    <p class='ocr_par' dir='ltr' id='par_1_116' title="bbox 2266 5700 3817 5772">
     <span class='ocr_line' id='line_1_116' title="bbox 2266 5700 3817 5772; baseline -0.003 -15"><span class='ocrx_word' id='word_1_859' title='bbox 2266 5715 2350 5772; x_wconf 80' lang='lat' dir='ltr'><strong>tyr</strong></span> <span class='ocrx_word' id='word_1_860' title='bbox 2405 5701 2775 5756; x_wconf 80' lang='lat' dir='ltr'><strong>Cohortatione</strong></span> <span class='ocrx_word' id='word_1_861' title='bbox 2820 5703 2888 5756; x_wconf 85' lang='lat' dir='ltr'><strong>ad</strong></span> <span class='ocrx_word' id='word_1_862' title='bbox 2924 5700 3135 5757; x_wconf 72' lang='lat' dir='ltr'><strong>Grmcos</strong></span> <span class='ocrx_word' id='word_1_863' title='bbox 3166 5742 3180 5767; x_wconf 92' lang='lat'><strong>,</strong></span> <span class='ocrx_word' id='word_1_864' title='bbox 3241 5702 3308 5756; x_wconf 86' lang='lat' dir='ltr'><strong>dc</strong></span> <span class='ocrx_word' id='word_1_865' title='bbox 3351 5701 3548 5756; x_wconf 90' lang='lat' dir='ltr'><strong>eodem</strong></span> <span class='ocrx_word' id='word_1_866' title='bbox 3604 5702 3817 5771; x_wconf 77' lang='lat' dir='ltr'><strong>Moyse:</strong></span> 
     </span>
    </p>
   </div>
   <div class='ocr_carea' id='block_1_117' title="bbox 2266 5785 3819 5863">
    <p class='ocr_par' dir='ltr' id='par_1_117' title="bbox 2266 5785 3819 5863">
     <span class='ocr_line' id='line_1_117' title="bbox 2266 5785 3819 5863; baseline 0.001 -17"><span class='ocrx_word' id='word_1_867' title='bbox 2266 5791 2448 5862; x_wconf 82' lang='grc' dir='ltr'>Τούτῳ</span> <span class='ocrx_word' id='word_1_868' title='bbox 2492 5793 2703 5862; x_wconf 78' lang='grc' dir='ltr'>πρῶτον</span> <span class='ocrx_word' id='word_1_869' title='bbox 2753 5795 2780 5846; x_wconf 85' lang='grc' dir='ltr'>ὁ</span> <span class='ocrx_word' id='word_1_870' title='bbox 2832 5793 2981 5857; x_wconf 77' lang='grc' dir='ltr'>Θεὸς,</span> <span class='ocrx_word' id='word_1_871' title='bbox 3033 5793 3126 5845; x_wconf 81' lang='grc' dir='ltr'><strong>καὶ</strong></span> <span class='ocrx_word' id='word_1_872' title='bbox 3175 5792 3272 5863; x_wconf 78' lang='grc' dir='ltr'><strong>τὴν</strong></span> <span class='ocrx_word' id='word_1_873' title='bbox 3321 5790 3524 5848; x_wconf 81' lang='grc' dir='ltr'>ἄνωθεν</span> <span class='ocrx_word' id='word_1_874' title='bbox 3578 5792 3675 5846; x_wconf 81' lang='grc' dir='ltr'><strong>ἐπὶ</strong></span> <span class='ocrx_word' id='word_1_875' title='bbox 3714 5785 3819 5847; x_wconf 70' lang='grc' dir='ltr'>τοὺς</span> 
     </span>
    </p>
   </div>
  </div>
