4064 6290
274 401 383 462 813

1264 393 1329 447 ΙΝ
1369 387 1737 447 EUSTATHII
1780 385 2246 442 HEXAEMERON
2286 388 2515 444 NOTE.

3391 398 3497 457 ειι

276 522 462 593 ἁγίους
485 518 679 588 ἄνδρας
719 515 866 570 θείαν
905 515 998 568 καὶ
1033 512 1368 582 προφητικὴν
1400 509 1700 580 τηνικαῦτα
1740 523 1830 560 κα-

1938 507 2243 561 cellentiam
2297 507 2497 578 Moysis
2545 508 2940 564 demonstrant.
2995 508 3070 564 De
3119 510 3319 584 Moysis
3365 531 3497 572 vero

273 617 491 670 τιοῦσαν
521 612 821 683 παρέσχετο
856 607 1080 680 δωρεὰν,
1111 609 1204 660 καὶ
1252 606 1464 678 πρῶτον
1503 605 1604 673 τῆς
1656 603 1838 655 θεοσε-

275 709 426 772 ϐείας
449 705 602 778 ἡμῶν
629 701 939 758 διδάσκαλον
967 700 1214 769 γενέσθαι
1251 697 1656 770 παρεσκεύασεν
1679 713 1690 725 ·
1721 691 1839 748 εἶτα

277 801 393 871 μετ’
423 795 586 850 αὑτὸν
608 795 734 856 τοὺς
758 793 974 854 λοιποὺς
1011 791 1308 860 προφήτας,
1346 788 1482 850 τοὺς
1514 787 1607 840 καὶ
1643 785 1838 848 αὐτοὺς

273 889 370 958 τῆς
395 885 562 955 αὐτῆς
593 882 740 952 αὐτῷ
768 881 1026 951 τυχόντας
1063 879 1290 948 δωρεᾶς,
1322 878 1415 931 καὶ
1441 876 1511 929 τά
1546 874 1684 929 αὺτά
1712 875 1839 943 περὶ

273 971 380 1025 τῶν
408 968 584 1023 αὐτῶν
610 966 921 1032 διδάξαντας
946 965 1112 1034 ἡμᾶς.
1147 963 1237 1016 Sic
1284 963 1411 1016 item
1452 961 1685 1016 Basilius
1724 958 1840 1011 Ma-

272 1078 412 1133 gnus
442 1077 472 1115 a
499 1060 699 1132 Moysis
741 1059 1049 1113 laudatione
1073 1071 1199 1112 suas
1225 1054 1667 1128 indlexaemeron
1691 1050 1840 1117 ordi_

272 1165 362 1211 tur
393 1154 824 1224 explanationes.

339 1247 457 1304 Col.
486 1246 605 1311 709,
630 1246 724 1299 lin.
747 1245 798 1299 5.
826 1243 942 1313 Τὴν
959 1243 1069 1314 γὰρ
1088 1244 1207 1299 τῶν
1225 1247 1580 1316 Αἰγυπτίων.
1606 1244 1838 1300 Basilius

269 1338 459 1393 homil.
510 1337 537 1392 1
593 1337 644 1389 in
701 1333 951 1388 Hexaem.
996 1351 1013 1387 :
1051 1337 1145 1388 Ὃν
1192 1336 1596 1404 εἰσεποιήσαντο
1649 1334 1746 1405 μὲν
1803 1338 1836 1406 ἡ

271 1428 514 1500 θυγάτηρ
555 1427 647 1480 τοῦ
683 1424 908 1496 Φαραὼ,
946 1423 1202 1496 ἐξέθρεψε
1236 1425 1292 1477 δὲ
1335 1424 1656 1494 βασιλικῶς,
1713 1426 1838 1488 τοὺς

275 1523 468 1589 σοφοὺς
499 1519 606 1572 τῶν
649 1517 959 1586 Αἰγυπτίων
1005 1517 1353 1580 διδασκάλους
1389 1518 1535 1587 αὐτῷ
1568 1519 1664 1588 τῆς
1713 1535 1838 1572 παι-

269 1615 504 1677 δεύσεως
551 1615 902 1684 ὲπιστήσασα.
950 1611 1204 1667 Pluribus
1262 1611 1376 1666 haec
1426 1612 1610 1666 eadem
1669 1611 1764 1666 lib.
1817 1625 1835 1664 ι

270 1709 468 1762 Strom.
499 1707 746 1761 Clemens
799 1704 1217 1769 Alexandrinus,
1270 1715 1323 1759 et
1369 1720 1618 1776 quaenam
1676 1705 1838 1761 fuerit

267 1799 642 1870 [Egyptiorum
689 1795 963 1860 doctrina,
1006 1795 1239 1852 laudatis
1288 1796 1515 1851 Philone
1553 1805 1608 1850 et
1647 1795 1828 1867 Eupo-

1937 600 2273 668 parentibus,
2298 617 2512 670 genere,
2540 603 2734 671 patria,
2760 602 2902 657 infra
2935 603 3138 675 aliquid
3162 621 3227 660 ex
3254 619 3496 665 veterum

1935 691 2156 760 scriptis
2194 691 2572 748 delibabimus.

2007 782 2162 846 lbid.,
2197 784 2292 837 lin.
2342 785 2389 838 7.
2443 787 2557 838 Ταῖ’
2603 788 2788 842 αὑτοῦ
2833 787 3132 855 δηλονότι.
3186 787 3310 844 Ηκο
3353 791 3497 846 enim

1936 890 2059 928 cum
2116 877 2486 931 occultissima
2520 891 2724 943 essent,
2764 890 2818 935 et
2857 896 3071 936 omnem
3125 881 3376 937 humanas
3412 885 3499 938 in-

1937 965 2246 1035 telligentiae
2269 976 2484 1037 captum
2517 971 2862 1036 excederent,
2908 987 3016 1026 non
3054 981 3264 1042 poterat
3295 991 3502 1046 cogno-

1937 1072 2089 1111 scere
2115 1057 2217 1113 nisi
2245 1059 2447 1115 lumine
2473 1063 2788 1132 prophetico
2826 1063 3150 1120 illustratus.
3183 1065 3300 1120 Non
3331 1065 3504 1126 defuit

1936 1155 2116 1204 tamen
2154 1157 2206 1203 et
2246 1151 2478 1206 humana
2520 1154 2810 1219 industria,
2852 1164 2906 1210 et
2956 1157 3126 1213 solers
3159 1160 3502 1230 prudensquc

1937 1244 2074 1295 tanti
2104 1241 2207 1295 viri
2235 1244 2523 1298 consilium
2551 1263 2564 1309 ;
2607 1247 2804 1300 etenim
2841 1264 2960 1318 quae
3001 1249 3296 1320 scripserat
3326 1254 3502 1320 potuit

1936 1347 1968 1386 a
1995 1333 2120 1388 ﬁliis
2155 1335 2238 1388 vel
2285 1336 2571 1404 nepotibus
2609 1336 2827 1408 Josephi
2870 1342 3189 1409 patriarchae
3232 1346 3500 1414 excipere,

1936 1439 2058 1478 cum
2105 1425 2245 1480 inter
2290 1425 2510 1496 Joseplii
2562 1437 2788 1484 mortem
2828 1439 2882 1486 et
2917 1441 3097 1486 ortum
3131 1433 3330 1506 Moysis
3375 1439 3505 1492 anni

1935 1531 2042 1570 non
2090 1518 2272 1587 plures
2314 1530 2546 1588 quatuor
2599 1529 2653 1574 et
2700 1524 2977 1592 sexaginta
3021 1527 3507 1586 interfuerint.Jo-

1934 1607 2134 1677 sephus
2185 1609 2372 1663 habuit
2418 1626 2448 1663 a
2497 1620 2649 1680 patre
2704 1628 2804 1669 suo
2849 1604 3073 1677 Iacobo,
3138 1615 3374 1674 Jacobus
3433 1621 3504 1675 ab

1934 1700 2141 1767 lsaaco,
2173 1703 2389 1760 lsaacus
2438 1708 2505 1761 ab
2554 1708 2844 1773 Abraham,
2886 1711 3156 1765 Abraham
3203 1728 3232 1766 a
3275 1712 3398 1768 Sem
3449 1722 3505 1769 et

1933 1792 2068 1859 Noe,
2113 1794 2224 1850 Noe
2270 1798 2338 1851 ab
2380 1813 2482 1852 avo
2525 1815 2624 1854 suo
2665 1799 3015 1857 Mathusalem
3053 1805 3143 1873 qui
3185 1805 3346 1860 simul
3377 1821 3504 1860 cum

268 1865 428 1957 lenio,
470 1890 719 1960 explicat,
767 1903 950 1958 quem,
1001 1889 1047 1942 si
1107 1889 1258 1953 libet,
1295 1889 1420 1955 adi;
1464 1899 1518 1944 et
1557 1892 1641 1945 his
1687 1865 2101 1944 anti-BAdam
2153 1889 2413 1946 ducentos
2468 1899 2523 1946 et
2575 1893 2928 1964 quadraginta
2978 1865 3090 1951 tres
3138 1912 3312 1953 annos
3345 1899 3501 1962 vixit,

267 1982 424 2053 quior
469 1980 719 2035 Justinus
769 1979 1141 2035 Cohortatione
1184 1982 1252 2034 ad
1303 1990 1474 2050 gentes
1505 1996 1524 2034 :
1557 1983 1693 2052 Παρ’
1725 1977 1827 2046 οἷς,

265 2073 534 2145 Ᾱὲἰεγρῑὶἰε
563 2073 794 2138 scilicet,
827 2073 925 2125 οὐκ
968 2071 1159 2143 ἐτέχθη
1215 2072 1455 2142 Μωῦσῆς
1488 2073 1666 2142 μόνον,
1696 2071 1830 2125 ἀλλά

263 2165 358 2218 καὶ
409 2163 590 2233 πάσης
652 2161 750 2234 τῆς
806 2162 1114 2230 Αἰγυπτίων
1163 2161 1491 2224 παιδεύσεως
1545 2164 1830 2232 μετασχεῖν

261 2255 466 2328 ἠξιώθη
517 2255 605 2308 διὰ
651 2254 712 2307 τὸ
754 2255 857 2307 ὑπὸ
895 2254 1160 2325 θυγατρὸς
1205 2254 1464 2324 βασιλέως
1516 2256 1594 2317 είς
1643 2254 1831 2317 παιδὸς

259 2346 569 2419 ᾠκειῶσθαι
615 2345 815 2418 χώραν,
849 2347 943 2400 καὶ
991 2345 1079 2399 διὰ
1123 2345 1219 2417 τὴν
1263 2346 1660 2418 προειρημένην
1698 2345 1831 2417 πρό-

263 2455 428 2508 φασιν
473 2438 669 2508 πολλῆς
709 2437 970 2509 ἠξιῶσθαι
1019 2438 1272 2507 σπουδῆς,
1317 2439 1391 2502 ὡς
1443 2437 1738 2509 ἱστοροῦσιν
1779 2439 1828 2490 οἱ

264 2532 562 2600 σοφώτατοι
587 2529 694 2582 τῶν
733 2531 1177 2602 ἱστοριογράφων,
1206 2532 1255 2583 οἱ
1289 2531 1497 2583 καὶτὸν
1528 2529 1640 2600 βίον
1664 2528 1828 2583 αὑτοῦ

263 2623 364 2676 καὶ·
384 2621 482 2686 τάς
514 2621 760 2692 πράξεις,
790 2623 883 2676 καὶ
911 2623 971 2675 τὸ
1000 2622 1090 2675 τοῦ
1124 2625 1311 2692 γένους
1348 2623 1560 2694 ἀξίωμα
1596 2623 1833 2694 ἀναγρά-

264 2710 468 2782 ψασθαι
501 2711 869 2783 προελόμενοι,
896 2710 1067 2764 Φίλων
1112 2729 1172 2764 τε
1215 2713 1307 2765 καὶ
1345 2712 1618 2783 Ἰώσηπος.
1652 2712 1833 2768 Philo-

264 2806 354 2860 nis
378 2806 532 2860 locus
556 2813 640 2860 est
672 2806 708 2858 Ι.
744 2821 760 2859 ι
792 2804 869 2859 De
893 2805 999 2858 vita
1030 2804 1250 2875 Moysis,
1278 2821 1400 2876 pag.
1427 2807 1531 2860 M0
1557 2824 1570 2872 ;
1609 2804 1831 2875 Josephi

212 2948 216 2953 .
264 2896 304 2949 l.
336 2911 375 2949 ιι
404 2895 662 2950 Archwol.
699 2895 938 2960 Judaic.,
967 2912 1020 2954 c.
1049 2898 1082 2952 5
1114 2918 1126 2951 :
1154 2905 1208 2951 et
1239 2897 1376 2968 Aug.
1409 2899 1446 2951 l.
1490 2913 1622 2951 xvm
1653 2897 1728 2951 De
1757 2898 1833 2951 ci-

263 2991 356 3045 vit.
395 2989 512 3053 Dei,
536 3004 588 3044 c.
619 2989 685 3044 37
714 3007 728 3045 :
769 2989 958 3044 Verum
981 2990 1119 3061 quod
1156 2991 1426 3060 fatendum
1455 2999 1554 3055 est,
1583 3007 1684 3044 non
1721 2991 1833 3058 qui-

265 3082 384 3136 dem
412 3083 468 3136 in
505 3081 730 3148 Grazcia,
773 3081 862 3136 sed
911 3083 966 3136 in
1010 3082 1252 3135 barbaris
1299 3082 1558 3152 gentibus,
1592 3083 1729 3136 sicut
1776 3083 1831 3136 in

263 3175 519 3246 zE'gypto,
529 3176 646 3245 jam
665 3176 839 3244 fuerat
870 3185 990 3230 ante
1017 3174 1251 3245 Moysem
1283 3176 1537 3229 nonnulla
1564 3176 1827 3240 doctrina,

261 3283 383 3336 qua:
414 3266 628 3320 illorum
663 3268 922 3336 sapientia
967 3265 1514 3338 diceretur;alioquin
1553 3285 1656 3321 non
1691 3268 1828 3322 scri-

260 3367 410 3428 ptum
451 3367 587 3413 esset
618 3360 672 3413 in
699 3358 846 3414 libris
888 3360 1085 3413 sanctis
1115 3358 1349 3428 Moysem
1379 3361 1644 3413 eruditum
1669 3360 1831 3428 fuisse

259 3455 409 3510 omni
447 3455 702 3523 sapientia
725 3453 1119 3524 lEgyptiorum,
1153 3461 1274 3505 tunc
1312 3454 1487 3523 utique
1523 3452 1731 3522 quando
1760 3451 1831 3505 ibi

258 3556 420 3602 natus
451 3555 549 3609 est,
576 3555 625 3601 et
656 3561 690 3598 a
731 3545 846 3614 ﬁlia
885 3543 1185 3598 Pharaonis
1219 3543 1520 3612 adoptatus,
1551 3554 1704 3615 atque
1741 3560 1834 3598 nu-

259 3640 424 3693 tritus
445 3639 603 3691 etiam
631 3637 918 3691 liberaliter
939 3635 1190 3690 educatus
1235 3645 1333 3691 est.
1368 3637 1444 3690 Ex
1484 3636 1681 3706 quibus
1706 3653 1831 3691 ver-

260 3732 370 3796 bis,
396 3730 538 3784 sicut
564 3729 728 3784 etiam
752 3736 806 3784 et
843 3744 906 3784 ex
940 3729 1008 3783 iis
1035 3743 1156 3798 qua:
1188 3743 1351 3798 supra
1381 3744 1478 3798 pro
1509 3729 1832 3798 antiquitate

260 3823 470 3893 Moysis
501 3822 664 3874 allata
692 3830 836 3885 sunt,
871 3822 1191 3876 manifestus
1236 3837 1389 3876 error
1434 3820 1680 3876 Philonis
1711 3823 1830 3876 loco

257 3920 376 3989 jam
407 3916 572 3982 dicto,
592 3915 685 3986 qui
718 3917 784 3969 ad
811 3914 1162 3970 erudiendum
1198 3914 1434 3984 Moysem
1470 3927 1830 3984 praeceptores

262 4025 380 4065 non
430 4017 639 4064 tantum
687 4023 716 4063 e
754 4005 1091 4078 praefecturis
1145 4005 1360 4076 Egypti
1405 4007 1685 4075 proximis,
1735 4008 1829 4062 sed

261 4102 430 4157 etiam
474 4102 685 4170 magnis
731 4100 966 4170 praemiis
1021 4115 1052 4154 e
1091 4098 1296 4153 Graecia
1343 4099 1511 4154 fuisse
1536 4099 1828 4153 invitatos:

263 4191 580 4248 Διδάσκαλοι
605 4192 650 4245 δ’
677 4191 838 4255 εὐθὺς
864 4189 1152 4261 ἀλλαχόθεν
1181 4189 1326 4244 ἄλλοι
1353 4191 1624 4261 παρῆσαν,
1655 4192 1702 4242 οἱ
1734 4191 1830 4261 μὲν

265 4269 377 4341 ἀπδ
401 4284 508 4338 τῶν
538 4282 940 4356 πλησιοχώρων,
973 4284 1063 4336 καὶ
1087 4281 1192 4335 τῶν
1213 4283 1332 4335 κατ’
1357 4283 1626 4350 Αἴγυπτον
1654 4282 1830 4352 νομῶν

264 4377 694 4442 αὐτοκέλευστοι,
715 4380 764 4430 οἱ
801 4377 846 4430 δ’
882 4377 989 4431 ἀπὸ
1028 4377 1127 4447 τῆς
1161 4376 1403 4441 Ἑλλάδος
1441 4378 1535 4430 ἐπὶ
1570 4375 1831 4447 μεγάλαις

262 4473 493 4542 δωρεαῖς
548 4469 1038 4541 μεταπεμφθέντες.
1084 4468 1150 4522 Et
1198 4468 1423 4524 inferius
1463 4487 1475 4522 :
1546 4468 1829 4540 Ἀριθμοὺς

1929 1994 2088 2048 quem
2125 1995 2495 2050 saepenumero
2536 1991 2590 2037 et
2638 1984 2769 2038 vidit
2820 1994 3162 2053 praesentem,
3189 1995 3243 2042 et
3277 1989 3506 2058 loquen-

1931 2086 2038 2138 tem
2086 2073 2324 2137 audivit,
2375 2073 2716 2145 plurimaque
2769 2077 2837 2131 ab
2875 2093 2938 2133 eo
2985 2079 3054 2134 de
3096 2081 3259 2136 rebus
3305 2081 3503 2145 divinis

1930 2163 2157 2218 edoctus
2190 2171 2292 2218 est.
2334 2161 2517 2218 Potuit
2553 2181 2683 2234 ergo
2717 2166 2928 2239 Moyses
2981 2170 3095 2224 haec
3127 2173 3376 2239 quamvis
3416 2172 3504 2226 di—

1929 2256 2055 2308 vina
2091 2255 2324 2308 humana
2355 2257 2566 2310 ratione
2599 2259 2896 2328 percipere,
2921 2268 2974 2313 et
3005 2259 3379 2331 (Egyptiorum
3415 2263 3507 2318 do-

1930 2345 2104 2398 ctrina
2135 2345 2414 2414 explorata
2452 2346 2740 2402 verissima
2785 2355 2836 2402 et
2887 2348 3192 2403 certissima
3235 2349 3359 2405 aliis
3391 2358 3504 2404 tra-

1930 2438 2078 2493 dere.

2001 2528 2160 2594 lbid.,
2191 2527 2285 2584 lin.
2342 2528 2429 2582 l0.
2476 2527 2584 2582 Καὶ
2623 2529 2846 2583 πολλοὶ
2894 2528 3010 2582 τῶν
3055 2530 3188 2600 παρ’
3220 2533 3501 2602 Ἕλλησι.

1935 2618 2129 2673 Eadem
2149 2618 2356 2673 ratione
2382 2627 2436 2674 et
2456 2617 2786 2688 Theophilus
2812 2620 2878 2674 ad
2902 2622 3212 2692 Autolycum
3235 2624 3271 2676 1.
3297 2637 3358 2688 ιι,
3378 2625 3505 2694 phi-

1935 2711 2287 2780 losOphorum
2340 2725 2404 2766 ac
2458 2719 2737 2780 poetarum
2788 2727 2952 2781 super
2998 2729 3177 2767 rerum
3227 2717 3506 2772 creatione

1933 2803 2128 2871 placita
2157 2818 2334 2857 meras
2381 2818 2502 2858 esse
2550 2819 2743 2873 nugas,
2790 2814 2951 2873 atque
2992 2807 3335 2874 garrulitates
3370 2805 3506 2864 fate-

1930 2903 2040 2956 tur,
2078 2895 2132 2949 in
2171 2897 2370 2965 quibus
2408 2912 2582 2966 neque
2627 2895 2950 2966 particulam
2990 2898 3232 2952 veritatis
3277 2913 3504 2956 cernere

1931 2989 2054 3058 quis
2085 2996 2277 3057 potest,
2324 2987 2485 3058 idque
2513 2989 2760 3043 venenati
2809 3003 2873 3041 ac
2912 2989 3177 3044 mortiferi
3222 2991 3502 3060 pharmaci

1931 3082 2174 3151 exemplo
2205 3081 2508 3135 conﬁrmat.
2545 3083 2699 3134 Δοκεῖ
2725 3081 2778 3134 δὲ
2807 3081 2873 3134 τὰ
2902 3080 3006 3134 ὑπὸ
3041 3082 3148 3134 τῶν
3178 3081 3498 3154 φιλοσόφων,

1933 3173 1964 3244 ἢ
1993 3172 2369 3244 συγγραφέων,
2401 3172 2494 3226 καὶ
2531 3171 2766 3242 ποιητῶν
2796 3172 3058 3244 εἰρημένα
3089 3173 3375 3239 ἀξιόπιστα
3403 3175 3502 3246 μὲν

1930 3261 2090 3330 εἷναι,
2126 3264 2278 3335 παρὰ
2310 3265 2370 3317 τὸ
2401 3263 2596 3335 φράσει
2624 3263 3083 3316 κεκαλλωπίσθαι·
3121 3265 3300 3336 μωρὸς
3323 3266 3377 3318 δὲ
3406 3266 3502 3319 καὶ

1933 3354 2087 3417 κενὸς
2117 3357 2145 3408 ὁ
2183 3355 2336 3422 λόγος
2365 3354 2540 3406 αὐτῶν
2568 3355 2839 3408 δείκνυται
2859 3371 2872 3384 °
2917 3355 3000 3408 ὅτι
3042 3355 3206 3426 πολλὴ
3249 3356 3346 3427 μὲν
3375 3357 3502 3427 πλη-

1933 3447 2028 3510 θὺς
2052 3447 2151 3516 τῆς
2190 3445 2453 3516 φλυαρίας
2487 3445 2662 3498 αὐτῶν
2707 3447 2843 3508 ἐστι,
2873 3446 2933 3499 τὸ
2962 3444 3118 3516 τυχὸν
3157 3447 3212 3500 δὲ
3240 3447 3342 3518 τῆς
3371 3447 3503 3520 ἀλη-

1931 3536 2078 3600 θείας
2105 3540 2161 3589 ὲν
2197 3539 2377 3600 αὐτοῖς
2409 3538 2505 3607 οὐχ
2543 3539 2873 3608 εὑρίσκεται.
2923 3540 3030 3591 Καὶ
3051 3540 3158 3610 γὰρ
3187 3539 3241 3592 εἴ
3272 3558 3325 3592 τι
3356 3541 3503 3594 δοκεῖ

1931 3629 2126 3701 ἀληθὲς
2153 3629 2217 3682 δι’
2248 3631 2424 3683 αὐτῶν
2469 3630 2906 3700 ὲκπεφωνῆσθαι,
2940 3632 3238 3702 σύγκρασιν
3282 3633 3392 3704 ἔχει
3430 3637 3497 3706 τῇ

1932 3723 2126 3794 πλάνῃ.
2164 3722 2424 3794 Καθάπερ
2454 3722 2562 3793 γὰρ
2601 3724 2888 3795 φάρμακόν
2925 3742 2974 3777 τι
3023 3724 3342 3796 δηλητήριον
3375 3742 3502 3794 συγ-

1931 3812 2129 3884 κραθὲν
2171 3812 2364 3883 μέλιτι,
2401 3813 2431 3884 ἢ
2469 3815 2612 3884 οἴνῳ,
2653 3814 2686 3886 ἢ
2739 3816 2908 3888 ἑτέρῳ
2942 3817 3067 3876 τινὶ,
3115 3815 3174 3869 τὸ
3210 3819 3314 3870 πᾶν
3359 3818 3502 3870 ποιεῖ

1934 3906 2190 3978 βλαϐερὸν
2228 3908 2320 3960 καὶ
2348 3907 2636 3978 ἄχρηστον,
2666 3905 2806 3960 οὕτω
2849 3907 2942 3961 καὶ
2987 3911 3018 3978 ὴ
3051 3909 3107 3960 ἐν
3136 3909 3317 3972 αὐτοῖς
3345 3910 3502 3962 πολυ-

1929 4001 2082 4070 λογία
2111 4001 2418 4072 εὑρίσκεται
2449 4002 2825 4071 ματαιοπόνια,
2847 4003 2940 4055 καὶ
2968 4003 3133 4073 βλάϐη
3167 4003 3365 4073 μᾶλλον
3386 4006 3500 4067 τοῖς

1931 4092 2268 4162 πειθομένοις
2296 4093 2451 4164 αὐτῇ.
2485 4091 2848 4148 Dill'erentiam
2890 4095 3038 4160 item,
3066 4110 3186 4165 qua
3231 4104 3314 4150 est
3359 4095 3501 4150 inter

1932 4186 2308 4255 philosophum
2349 4187 2622 4241 ethnicum
2672 4188 2819 4242 omni
2868 4189 3053 4242 divino
3099 4189 3299 4244 lumine
3330 4189 3501 4244 desti-

1930 4286 2129 4340 tutum,
2178 4287 2232 4334 et
2281 4281 2661 4349 philosophum
2712 4280 2831 4335 ﬁdei
2868 4275 3236 4335 fundamentis
3277 4281 3496 4345 fultum,

1929 4372 2092 4425 etiam
2127 4372 2181 4425 in
2213 4371 2502 4426 Moralibus
2538 4373 2939 4442 elegantissime
2983 4376 3252 4444 expressit
3285 4374 3497 4429 Probus

1929 4461 2581 4533 Constantinopolitanus,
2617 4464 2788 4532 Epist.
2823 4465 2891 4518 ad
2928 4467 3221 4531 Armenios,
3257 4468 3322 4522 de
3350 4466 3493 4522 ﬁde:

267 4563 366 4635 μὲν
392 4559 482 4648 ούν
517 4563 611 4615 καὶ
638 4561 972 4632 γεωμετρίαν
990 4600 1004 4624 ,
1053 4563 1152 4632 τήν
1193 4576 1251 4613 τε
1283 4558 1570 4631 ῥυθμικὴν,
1601 4559 1692 4611 καὶ
1729 4559 1826 4628 ἀρ·
1857 4561 1900 4615 D
1928 4557 2206 4628 Διαφόρως
2227 4558 2282 4610 δὲ
2308 4558 2572 4630 ὡρίσαντο
2607 4559 2732 4629 περὶ
2752 4559 2954 4631 ταύτης
2994 4561 3050 4613 οῖ
3079 4578 3137 4612 τε
3163 4561 3266 4613 ὑπὸ
3289 4561 3498 4631 πλάνης

267 4656 515 4728 μονικὴν,
547 4655 642 4708 καὶ
685 4653 942 4725 μετρικὴν
977 4652 1228 4722 θεωρίαν,
1274 4653 1368 4704 καὶ
1421 4649 1681 4720 μουσικὴν
1726 4648 1825 4719 τὴν

265 4747 557 4817 σύμπασαν
584 4746 672 4799 διά
706 4764 765 4799 τε
795 4747 1038 4817 χρήσεως
1085 4744 1347 4816 ὀργάνων,
1379 4743 1473 4796 καὶ
1512 4741 1683 4810 λόγων
1718 4739 1824 4793 τῶν

262 4842 326 4894 ὲν
374 4841 492 4901 ταῖς
528 4838 766 4908 τέχναις,
811 4837 901 4889 καὶ
945 4835 1192 4900 διεξόδοις
1238 4834 1624 4905 τοπικωτέραις
1660 4833 1824 4900 Λίγυ-

263 4928 436 4984 πτίων
459 4931 507 4981 οἱ
534 4927 700 4995 λόγιοι
731 4925 1048 4996 παρέδοσαν,
1080 4925 1173 4978 καὶ
1203 4923 1423 4994 προσέτι
1452 4923 1546 4993 τὴν
1574 4921 1660 4975 διά
1693 4939 1825 4991 συμ-

264 5021 437 5075 ϐόλων
465 5018 876 5090 φιλοσοφίαν,ἣν
905 5020 960 5069 ὲν
989 5020 1098 5080 τοῖς
1125 5015 1430 5086 λεγομένοις
1462 5015 1622 5086 ἱεροῖς
1648 5014 1826 5082 γράμ-

268 5128 432 5185 μασιν
466 5109 875 5172 ἐπιδείκνυνται,
908 5108 999 5160 καὶ
1047 5105 1134 5158 διὰ
1174 5105 1271 5174 τῆς
1315 5104 1421 5156 τῶν
1458 5103 1607 5167 ζώων
1635 5101 1825 5155 ἀποδο-

262 5198 390 5272 χῆς,
437 5196 473 5250 ἃ
520 5198 612 5250 καί
654 5195 789 5248 θεῶν
834 5197 1015 5265 τιμαῖς
1064 5194 1413 5264 γεραίρουσι·
1445 5192 1540 5264 τὴν
1584 5193 1628 5245 δ’
1661 5192 1822 5262 ἄλλην

261 5288 815 5358 ἐγκύκλιον-παιδείαν
842 5288 1094 5356 ’Έλληνες
1120 5287 1390 5340 ἐδίδασκον
1407 5305 1418 5317 ·
1459 5289 1506 5340 οἱ
1534 5287 1590 5339 δὲ
1615 5288 1678 5339 ἐκ
1716 5286 1823 5340 τῶν

264 5379 652 5452 πλησιοχώρων
696 5380 767 5433 τά
812 5397 868 5432 τε
903 5379 1157 5451 Ἀσσύρια
1203 5379 1539 5450 γράμματα,
1587 5380 1679 5431 καὶ
1725 5379 1822 5449 τὴν

259 5470 371 5526 τῶν
427 5470 688 5541 οὐρανίων
745 5470 1048 5540 Χαλδαῖκὴν
1099 5472 1424 5542 ἐπιστήμην.
1479 5469 1635 5524 Nulla
1697 5481 1823 5525 ante

263 5564 503 5634 Moysem
533 5564 588 5618 in
619 5563 825 5619 Graecia
855 5565 1120 5628 doctrina,
1153 5565 1314 5618 nullae
1349 5565 1665 5635 disciplima.
1701 5580 1823 5630 quas

259 5658 306 5712 si
335 5655 583 5720 fuissent,
613 5657 798 5728 utique
829 5656 1036 5727 Moyses
1062 5672 1169 5710 non
1199 5659 1451 5712 omnibus
1483 5655 1702 5712 Graeciaa
1733 5671 1824 5711 sa-

264 5749 538 5819 pientibus
563 5749 831 5820 antiquior
857 5768 870 5816 ;
901 5749 1090 5819 sicque
1128 5759 1348 5804 ruerent
1383 5749 1562 5803 omnia
1588 5749 1820 5804 chrono-

264 5841 589 5912 graphorum
618 5852 952 5915 argumenta,
981 5844 1178 5914 quibus
1225 5843 1596 5914 antiquitatem
1645 5853 1698 5898 ct
1727 5859 1820 5898 ex-

1931 4649 2218 4719 ἀγχόμενοι
2247 4650 2504 4719 ’Έλληνες
2535 4693 2548 4716 ,
2575 4652 2668 4703 καὶ
2708 4650 2767 4703 τὸ
2795 4652 3018 4723 ἀκριϐὲς
3049 4652 3150 4722 τῆς
3174 4652 3497 4724 διακρίσεως

1931 4743 2035 4796 ὑπὸ
2072 4743 2170 4814 τῆς
2204 4743 2332 4814 περὶ⁵
2369 4743 2430 4795 τὸ
2475 4743 2627 4796 Θεῖον
2671 4743 2890 4811 ἀγνοίας
2919 4743 3375 4816 ὲπισκοτούμενοι,
3401 4745 3496 4798 καὶ

1927 4837 1977 4888 οἱ
2009 4834 2094 4887 διὰ
2122 4834 2352 4898 πίστεως
2380 4836 2503 4897 τοὺς
2531 4835 2836 4904 ὀφθαλμοὺς
2860 4836 2958 4904 τῆς
2999 4836 3231 4900 διανοίας
3261 4854 3497 4907 πεφωτι-

1932 4926 2114 4996 σμένοι
2163 4925 2514 4996 Χριστιανοὶ,
2553 4927 2648 4978 καὶ
2688 4925 2822 4996 πρὸς
2867 4926 2956 4978 τὸν
3003 4927 3101 4997 τῆς
3154 4926 3497 5000 δικαιοσύνης

1928 5017 2076 5086 ἥλιον
2107 5016 2316 5087 τρανῶς
2343 5016 2430 5069 διά
2457 5015 2555 5086 τῆς
2595 5016 2880 5085 ὁμολογίας
2903 5016 3163 5080 ἀτενίζειν
3187 5019 3490 5090 δυνάμενοι.

1930 5112 1992 5162 Οἱ
2028 5109 2123 5178 μὲν
2152 5109 2260 5180 γὰρ
2288 5113 2398 5173 τοῖς
2427 5109 2646 5172 οἰκείοις
2689 5109 2962 5180 λογισμοῖς
3001 5109 3185 5182 ὥσπερ
3215 5113 3273 5165 ὲν
3312 5113 3492 5166 σκότει

1930 5201 2370 5270 προσπταίοντες,
2403 5200 2497 5253 καὶ
2529 5199 2956 5269 ἀνηγεμόνευτον
2983 5201 3194 5271 ἔχοντες
3231 5202 3334 5255 ὑπὸ
3368 5219 3494 5272 προ-

1928 5291 2138 5361 λήψεως
2165 5291 2252 5343 τὸν
2291 5291 2412 5342 νοῦν
2435 5290 2744 5358 ἐπισφαλῶς
2771 5291 3008 5345 ὁδεύουσι
3046 5297 3155 5356 τοῖς
3191 5294 3488 5362 λογισμοῖς,

1932 5382 2097 5453 μόνην
2126 5383 2184 5434 ὲν
2214 5377 2294 5444 οἷς
2324 5381 2702 5451 δογματίζουσι
2740 5383 3092 5454 ψηλαφῶντες
3131 5385 3226 5455 τὴν
3263 5385 3489 5456 ῥέουσαν

1929 5477 2020 5530 καὶ
2047 5476 2271 5529 ἄστατον
2300 5475 2405 5529 τῶν
2431 5475 2719 5548 ὁρωμένων
2745 5475 2932 5546 φύσιν·
2963 5478 3022 5530 τὸ
3050 5479 3105 5530 δὲ
3133 5478 3232 5546 τῆς
3256 5477 3489 5548 ἀληθοῦς

1929 5569 2158 5640 θεωρίας
2186 5569 2355 5638 ὄμμα,
2397 5567 2429 5640 ἣ
2462 5567 2897 5639 ἀμϐλυώττοντες
2929 5571 3033 5623 ὑπὸ
3070 5570 3274 5639 χρόνου,
3312 5572 3344 5642 ἢ
3383 5590 3490 5644 πη-

1929 5661 2188 5731 ρωθέντες
2221 5659 2324 5712 ὑπὸ
2381 5659 2607 5730 πλάνης,
2637 5660 2938 5712 ἀπώλεσαν.
2979 5660 3223 5729 Legenda
3264 5663 3488 5718 omnino

1926 5763 2009 5808 est
2041 5753 2372 5821 lepidissima
2419 5752 2916 5821 facundissimaque
2965 5751 3195 5809 Hermia:
3245 5757 3490 5826 philoso-

1928 5846 2017 5917 phi
2053 5834 2495 5919 philosophorum
2529 5845 2811 5917 gentilium
2850 5843 3050 5910 irrisio,
3082 5845 3136 5900 in
3176 5865 3280 5918 qua
3319 5849 3490 5905 multa
