4064 6290
644 392 751 448 815

1966 377 2143 435 LEON
2150 375 2211 430 IS
2250 372 2524 428 ALLATII

3781 360 3869 421 816

649 514 888 566 enarrat,
932 508 988 556 ut
1035 499 1473 554 contrarietatem
1527 512 1648 568 quae
1695 496 1748 550 in
1781 510 1968 550 eorum
2013 493 2219 564 opinio—
2247 495 2290 550 Α
2316 490 2559 554 Pererio,
2587 491 2631 547 si
2683 486 2964 545 sententia:
2991 484 3218 540 Joannis
3243 481 3356 537 Pici
3388 481 3458 536 ita
3497 479 3803 535 elaborata:
3826 473 3870 535 ei

534 598 547 613 ⁸
626 600 813 669 ﬁnibus
840 601 923 651 cst
953 591 1258 664 patefaciat,
1297 600 1349 646 et
1384 590 1791 660 inquisitionem
1835 601 2017 642 rerum
2053 600 2213 656 quam

652 684 954 752 suscipiunt
1003 680 1056 732 in
1102 679 1374 732 inﬁnitum
1411 677 1631 747 vagari,
1674 684 1728 731 et
1775 675 1926 730 nullo
1985 673 2217 729 termino

649 774 1249 841 contineri,eorumque
1273 770 1430 825 ﬁnem
1455 784 1577 825 esse
1600 767 2027 838 inexplicabilem
2057 773 2217 835 atque

650 867 914 926 inutilem,
950 864 1150 934 quippe
1179 863 1322 932 quod
1370 862 1515 915 nulla
1549 874 1606 915 re
1634 860 1890 924 evidenti,
1927 865 1980 913 et
2010 859 2219 912 ratione

649 958 934 1030 perspicua
965 955 1337 1010 conﬁrmetur.
1371 952 1473 1018 Qui
1516 967 1625 1006 non
1652 958 1862 1006 tantum
1891 965 2070 1005 rerum
2109 957 2221 1005 sta-

651 1063 763 1106 tum
795 1050 1121 1118 modumque
1162 1062 1268 1100 non
1301 1053 1691 1116 cognoverunt,
1725 1044 1819 1098 sed
1863 1042 2099 1096 maxima
2139 1042 2223 1095 in—

651 1143 807 1198 scitia
850 1142 1121 1210 stultaque
1166 1138 1329 1192 animi
1360 1137 1706 1192 contentione
1737 1134 2015 1190 veritatem
2050 1133 2222 1203 ipsam

650 1249 965 1307 oppugnare
1013 1247 1222 1286 summa
1269 1245 1370 1300 ope
1416 1229 1598 1284 conati
1649 1235 1811 1291 sunt,
1869 1226 2221 1296 Porphyrius,

650 1327 915 1389 Proclus,
962 1323 1272 1393 Eunapius,
1305 1321 1577 1387 Zosimus,
1625 1321 1973 1389 sexcentique
2017 1317 2108 1371 alii
2156 1315 2225 1371 de

651 1419 852 1490 quibus
882 1419 936 1471 in
970 1416 1197 1471 historia
1228 1429 1507 1469 sermones
1532 1411 1751 1482 prolixi.

726 1512 843 1565 Col.
865 1508 988 1572 709,
1012 1508 1110 1561 lin.
1138 1505 1226 1559 i2.
1260 1503 1335 1559 Τὰ
1358 1504 1468 1574 γὰρ
1502 1503 1571 1569 ἐξ
1597 1501 1995 1572 ἀνθρωπίνης.
2020 1498 2227 1554 Tamen

655 1602 1093 1677 quandocunque
1126 1597 1576 1667 philosophorum
1607 1595 1807 1666 placita
1841 1602 2002 1663 atque
2021 1592 2230 1648 doctri-

656 1710 741 1750 nae
768 1709 798 1746 a
829 1693 1054 1747 veritate
1086 1704 1196 1743 non
1225 1689 1498 1754 vacillant,
1523 1689 1613 1743 ubi
1645 1688 1784 1742 ratio
1815 1702 2004 1742 eorum
2037 1685 2229 1739 mani-

634 1777 798 1845 .festa
839 1793 943 1852 est,
990 1792 1307 1854 certumque
1359 1782 1810 1852 experimentum,
1869 1795 1993 1834 cum
2055 1778 2228 1834 sacris

622 1912 633 1917 -
660 1880 859 1935 litteris
893 1877 1113 1931 minime
1137 1874 1426 1929 contraria
1456 1874 1585 1938 sint,
1632 1888 1742 1927 non
1787 1879 1873 1927 est
1916 1886 2016 1926 cur
2047 1872 2115 1926 ab
2146 1871 2227 1926 eis

661 1971 1052 2024 abhorreamus
1096 1982 1109 2017 :
1160 1965 1360 2020 veritas
1394 1964 1538 2020 enim
1582 1978 1870 2019 sacrarum
1922 1963 2227 2017 litterarum

661 2077 930 2132 nusquam
960 2058 1212 2114 humanis
1236 2057 1540 2112 rationibus
1571 2063 1625 2111 et
1675 2055 2062 2125 experimentis
2099 2070 2231 2109 con-

660 2155 829 2209 traria
858 2159 962 2208 est.
1012 2149 1152 2204 Tuta
1181 2157 1265 2205 est
1290 2163 1455 2220 super
1484 2148 1586 2203 hoc
1609 2146 1898 2218 Augustini
1940 2146 2228 2210 sententia,

662 2249 756 2306 lib.
782 2264 800 2301 ι
826 2245 1089 2302 in.Genes.
1127 2245 1193 2301 ad
1216 2244 1400 2309 litter.,
1437 2258 1557 2313 cap.
1583 2242 1646 2296 2|
1688 2264 1703 2297 ι
1741 2240 1853 2295 Hoc
1878 2240 2234 2295 indubitanter

664 2339 941 2395 tenendum
970 2348 1067 2403 est,
1098 2346 1155 2391 ut
1186 2334 1436 2408 quidquid
1463 2337 1723 2404 sapientes
1755 2334 1918 2404 hujus
1964 2337 2145 2388 mundi
2169 2335 2234 2389 de

664 2442 860 2487 natura
886 2446 1059 2485 rerum
1088 2431 1339 2484 veraciter
1359 2426 1719 2482 demonstrare
1741 2430 2024 2496 potuerint.
2057 2437 2201 2482 osten
2219 2457 2235 2470 -

667 2524 857 2579 damus
891 2523 1084 2575 nostris
1110 2521 1293 2575 litteris
1321 2532 1425 2573 non
1448 2535 1559 2574 esse
1586 2521 1911 2574 contrarium
1936 2536 1957 2585 ;
1984 2519 2234 2590 quidquid

670 2626 846 2670 autem
868 2615 951 2668 illi
979 2615 1033 2668 in
1065 2613 1177 2667 suis
1213 2609 1562 2666 voluminibus
1595 2612 1921 2665 contrarium
1960 2614 2127 2665 sacris
2150 2612 2238 2664 lit-

669 2709 798 2764 teris
823 2706 1028 2773 docent,
1045 2706 1156 2760 sine
1182 2703 1297 2758 ulla
1321 2702 1645 2757 dubitatione
1661 2703 1934 2758 credamus
1959 2702 2012 2756 id
2042 2703 2238 2772 falsum

671 2816 805 2864 esse,
845 2807 893 2853 et
932 2813 1136 2869 quoquo
1180 2794 1332 2851 modo
1363 2811 1638 2865 possumus
1670 2796 1829 2849 etiam
1854 2794 2185 2850 ostendamus
2217 2811 2238 2851 :

675 2900 830 2961 atque
874 2889 951 2942 ita
975 2896 1236 2941 teneamus
1263 2887 1420 2955 ﬁdem
1441 2885 1655 2940 Domini
1677 2885 1866 2948 nostri,
1897 2886 1954 2938 in
1989 2901 2091 2954 quo
2115 2877 2239 2938 sun‘

677 2981 971 3037 absconditi
999 2996 1176 3034 omnes
1207 2980 1437 3033 thesauri
1471 2980 1760 3048 sapientite,
1800 2989 1859 3034 ut
1896 2996 2055 3049 neque
2087 2980 2241 3049 falsae

676 3071 1016 3143 philosophice
1062 3070 1380 3141 loquacitate
1434 3070 1747 3124 seducamur
1777 3087 1937 3141 neque
1980 3072 2242 3127 simulata:

2316 584 2596 653 explicata:
2622 581 2909 636 dissonant
2953 594 2984 632 a
3017 575 3301 632 sententiis
3334 572 3568 644 Moysis,
3597 578 3869 642 textusque

2316 675 2463 728 illius
2493 672 2839 729 discordant?
2873 671 2918 727 si
2954 667 3291 732 discordant,
3324 680 3442 736 quae
3483 670 3581 719 est
3631 662 3749 716 haec
3775 662 3869 719 dis-

2317 766 2633 823 cordantia?
2666 763 2919 827 fateatur,
2977 757 3173 816 deinde
3205 755 3637 812 animadvertat.
3706 751 3762 808 Si
3798 754 3865 810 in-

2317 861 2526 914 haerent
2559 857 2839 915 sententia:
2863 853 3084 925 Moysis,
3112 859 3168 907 et
3202 849 3384 906 verbis
3409 855 3545 904 sunt
3578 859 3863 901 accommo-

2320 952 2482 1016 datas,
2518 958 2573 1006 et
2617 953 2949 1020 congruunt,
2991 959 3094 1001 nec
3124 959 3153 998 a
3184 940 3468 998 Catholica
3501 938 3758 1001 veritate,
3784 952 3863 990 nec

2320 1050 2632 1098 sanctorum
2664 1040 2884 1109 Patru.
2916 1038 3078 1093 dictis
3107 1036 3421 1091 abhorrent.
3466 1028 3681 1099 utquid
3710 1028 3862 1100 culpat

2323 1132 2695 1204 inculpatum?
2744 1130 3088 1187 Tentandum
3119 1134 3205 1202 est
3255 1125 3462 1196 aliquid
3511 1120 3768 1177 maximis
3791 1119 3861 1174 in-

2320 1226 2517 1297 geniis,
2547 1239 2667 1295 quae
2698 1222 2850 1278 frena
2884 1222 2996 1293 pati
3027 1220 3281 1277 nesciunt
3312 1260 3326 1285 ,
3355 1214 3614 1271 laxanda
3647 1219 3768 1267 sunt
3789 1209 3858 1266 in-

2321 1318 2466 1391 genii
2488 1318 2651 1380 vires,
2676 1331 2777 1372 nec
2818 1315 3208 1386 angustissimo
3235 1311 3597 1382 antiquorum
3639 1320 3763 1378 gyro
3786 1320 3858 1361 eo-

2324 1425 2443 1465 rum
2485 1410 2717 1479 impetus
2749 1406 3099 1478 refringendi.
3154 1404 3279 1459 Haec
3313 1402 3476 1459 sicuti
3515 1396 3704 1461 laudo,
3734 1395 3855 1451 sicet

2324 1499 2571 1571 Cajetani
2633 1498 2957 1554 sententiam
3005 1496 3161 1550 initio
3194 1489 3727 1549 Commentariorum
3755 1500 3852 1541 suo-

2325 1606 2446 1645 rum
2497 1591 2551 1643 in
2610 1586 2850 1643 Genesim
2925 1583 3221 1648 accusavi;
3266 1598 3329 1637 ea
3381 1588 3573 1635 autem
3630 1586 3714 1632 est
3761 1572 3853 1630 :Si

2326 1681 2533 1752 quando
2571 1679 2856 1734 occurrerit
2915 1676 3106 1746 aliquis
3160 1689 3339 1728 sensus
3389 1669 3564 1725 textui
3613 1683 3846 1729 consonus,

2327 1773 2562 1844 quamvis
2591 1789 2625 1826 a
2658 1778 2883 1825 torrente
2927 1767 3201 1821 doctorum
3229 1764 3462 1828 alienus,
3488 1761 3656 1814 lector
3686 1774 3847 1827 aqua

2327 1882 2381 1919 se
2415 1865 2645 1935 prazbeat
2677 1878 2961 1927 censorem,
2988 1859 3263 1928 nullusque
3284 1855 3594 1916 detestetur,
3617 1850 3743 1921 quod
3763 1849 3842 1901 dis-

2328 1967 2473 2013 sonet
2507 1974 2539 2011 a
2560 1956 2746 2026 priscis
2777 1952 3099 2009 doctoribus.
3141 1948 3264 2004 Non
3303 1949 3443 2002 enim
3469 1943 3710 2014 alligauit
3741 1939 3842 1994 Das

2328 2052 2704 2120 expositionem
2724 2048 3010 2116 Scriptum
3028 2046 3322 2114 priscorum
3338 2039 3616 2094 doctorum
3637 2033 3836 2093 sensilia.

2332 2145 2566 2216 alioquin
2595 2160 2708 2213 spes
2743 2140 2890 2196 nobis
2926 2140 3196 2193 tolleretur
3218 2133 3511 2203 exponendi
3542 2129 3838 2197 Scripturam,

2333 2238 2435 2291 nisi
2483 2233 2866 2303 transferendo,
2912 2240 2970 2284 ut
3003 2232 3175 2292 aiunt,
3204 2227 3266 2281 de
3297 2223 3430 2279 libro
3462 2223 3522 2276 in
3543 2219 3833 2291 quintemn.

2334 2327 2565 2383 Textum
2599 2334 2782 2380 autem
2814 2322 3083 2379 Eustathii
3126 2318 3372 2373 Graecum
3397 2315 3477 2369 ita
3511 2312 3727 2368 restituo
3752 2306 3835 2361 :Ti

2333 2421 2444 2492 γὰρ
2470 2420 2528 2486 ἐξ
2562 2416 2903 2489 ἀνθρωπίνης
2936 2412 3172 2476 διανοίας
3213 2407 3613 2482 περιφερόμενα
3651 2402 3832 2471 δόγματα

2337 2513 2520 2583 ἀσαφῆ
2547 2512 2803 2581 τυγχάνει
2831 2508 2925 2563 καὶ
2953 2506 3343 2577 ἀνερμάτιστα.
3393 2501 3646 2556 Consona
3671 2493 3829 2549 tandem

2338 2613 2467 2661 sunt
2500 2606 2663 2660 verba
2695 2601 2882 2658 Basilii
2938 2599 2994 2653 in
3025 2595 3397 2669 philosophos,
3430 2592 3581 2647 hom.
3613 2592 3632 2643 l
3663 2608 3675 2642 :
3704 2584 3828 2639 [lolii

2337 2697 2467 2769 περὶ
2494 2696 2708 2767 φύσεως
2741 2688 3262 2765 ἐπραγματεύσαντο
3299 2687 3347 2738 οἱ
3373 2684 3485 2738 τῶν
3517 2682 3747 2751 Ἐλλήνων
3768 2693 3829 2730 σο-

2339 2790 2450 2858 φοὶ,
2475 2789 2570 2842 καὶ
2602 2786 2720 2839 οὐδὲ
2753 2780 2833 2849 εἷς
2861 2783 2989 2854 παρ’
3014 2780 3194 2842 αὐτοῖς
3218 2777 3372 2846 λόγος
3395 2774 3615 2844 ἕστηκεν
3638 2770 3827 2837 ἀκίνητος

2340 2884 2434 2937 καὶ
2458 2882 2773 2945 ἀσάλευτος,
2790 2880 2876 2932 ἀεὶ
2900 2875 2993 2931 τοῦ
3019 2874 3270 2946 δευτέρου
3298 2872 3390 2927 τὸν
3410 2871 3518 2942 πρὸ
3546 2866 3685 2923 αὐτοῦ
3708 2877 3829 2916 κατα-

2342 2974 2625 3037 ϐάλλοντος
2650 2990 2665 3004 ο
2689 2971 2828 3025 ὥστε
2856 2971 2986 3041 ἡμῖν
3028 2964 3191 3038 μηδὲν
3219 2963 3378 3035 ἔργον
3410 2957 3546 3015 εἶναι
3568 2958 3627 3012 τὰ
3658 2952 3826 3008 ἐκείνων

2343 3068 2615 3140 ἐλέγχειν
2655 3062 2880 3137 ἀρκοῦσι
2920 3061 3027 3132 γὰρ
3073 3058 3321 3129 ἀλλήλοις
3374 3055 3509 3126 πρὸς
3549 3052 3632 3123 τὴν
3669 3044 3826 3100 οἰκείαν

678 3165 948 3236 religionis
979 3164 1349 3233 superstitione
1373 3172 1681 3218 terreamur.
1709 3162 1776 3216 Et
1809 3172 1870 3217 ut
1904 3165 1959 3218 in
1992 3178 2053 3217 re
2080 3165 2243 3220 nimis

2345 3161 2674 3232 ἀνατροπὴν.
2708 3157 2772 3210 Et
2807 3158 2953 3211 hom.
2994 3155 3029 3208 5
3059 3169 3073 3206 :
3101 3153 3212 3207 Καὶ
3241 3150 3294 3204 τί
3321 3150 3403 3203 δεῖ
3439 3150 3685 3239 spatium
3710 3141 3821 3239 Exetv

678 3261 879 3332 agitata
904 3266 958 3314 et
982 3266 1351 3320 controversa,
1380 3253 1555 3310 dicam
1583 3254 1725 3325 quod
1752 3254 1982 3311 sentiam
2017 3256 2185 3310 libere
2226 3271 2242 3309 :

682 3354 909 3424 Semper
941 3352 1065 3406 illos
1093 3348 1451 3405 stultissimos
1484 3346 1812 3409 existimavi,
1866 3346 1960 3416 qui
2017 3346 2090 3399 ita
2123 3351 2251 3400 sunt

680 3444 1040 3517 philosophia:
1084 3450 1140 3498 et
1163 3439 1486 3496 cultioribus
1520 3438 1713 3494 litteris
1736 3436 1957 3502 infensi,
1979 3445 2038 3491 ut
2063 3453 2131 3492 ne
2155 3453 2252 3492 au-

680 3541 852 3596 ditum
885 3536 1102 3609 quidem
1128 3550 1315 3591 earum
1347 3533 1682 3604 permittant.
1710 3532 1828 3586 Alia
1848 3532 2028 3585 omnia
2055 3532 2123 3587 ab
2145 3531 2252 3588 illis

682 3632 905 3687 habent.
941 3628 1344 3699 Scripturazque
1380 3625 1545 3679 verba
1575 3624 1648 3678 ita
1687 3624 2013 3694 detorquent
2056 3632 2116 3677 ut
2142 3639 2253 3679 non

685 3724 836 3779 illius
866 3720 1218 3784 sententiam,
1244 3717 1338 3773 sed
1366 3717 1496 3787 quid
1526 3715 1699 3771 exteri
1735 3716 2008 3771 senserint
2035 3716 2253 3771 curiose

684 3814 1024 3885 perquiraut,
1056 3818 1110 3866 et
1133 3810 1207 3864 ita
1239 3810 1454 3865 illorum
1483 3809 1764 3864 sententiae
1788 3806 2125 3878 Scripturam
2157 3823 2251 3862 ac-

687 3905 1059 3962 commodant.
1094 3902 1189 3957 Nae
1217 3917 1431 3973 semper
1452 3902 1529 3956 uti
1559 3900 2014 3972 prudentissimos
2039 3899 2251 3954 laudavi

689 4014 786 4056 eos
813 3999 906 4068 qui
930 3996 1175 4052 rationes
1202 3995 1472 4049 humanas
1518 4009 1755 4064 veraque
1784 3994 2156 4064 experimenta
2181 3994 2256 4048 ita

691 4090 986 4160 explicant,
1011 4096 1072 4142 ut
1107 4087 1249 4142 idem
1281 4101 1405 4141 cum
1432 4085 1632 4140 divinis
1678 4086 1877 4140 litteris
1911 4088 2112 4143 sentire
2140 4088 2255 4143 cla-

692 4181 912 4238 rissime
941 4180 1336 4241 demonstrent,
1371 4186 1426 4233 et
1455 4185 1688 4233 mentem
1730 4177 1943 4233 illorum
1973 4194 2095 4234 cum
2129 4195 2257 4235 vero

697 4274 996 4344 Scriptura:
1043 4286 1211 4327 sensu
1259 4284 1559 4341 congruere
1600 4268 1972 4326 efﬁcacissime
2000 4272 2253 4341 probant.

696 4362 958 4431 Quamvis
1002 4361 1146 4416 enim
1186 4360 1384 4416 divinae
1435 4361 1629 4416 litterae
1658 4363 1807 4417 nullo
1848 4361 2122 4432 indigeant
2161 4377 2258 4417 ex--

697 4465 857 4511 terno
885 4454 1148 4520 subsidio,
1186 4453 1280 4509 sed
1306 4460 1518 4507 suomet
1550 4452 1733 4507 divino
1761 4454 1953 4523 spiritu
1992 4453 2143 4508 fulta:
2168 4468 2256 4509 ve-

2350 3230 2497 3326 ήμᾶξ
2535 3251 2595 3304 τὸ
2614 3230 2617 3231 ν
2636 3248 2825 3319 ψευδὲς
2874 3246 3050 3300 αὐτῶν
3098 3243 3476 3313 διελέγχοντας,
3520 3232 3586 3299 οἷς
3623 3230 3816 3326 ἐξαρκεῖ,

2348 3320 2448 3408 τὰς
2464 3341 2643 3397 αὐτῶν
2666 3340 2887 3393 ἐκείνων
2909 3336 3119 3408 βίϐλους
3141 3333 3386 3402 ἀλλήλαις
3408 3320 3805 3395 ἁντιπαραθέντας,

2351 3439 2407 3490 ὲν
2423 3435 2621 3508 ἡσυχίᾳ
2644 3433 2810 3502 πολλῇ
2831 3428 3026 3492 θεατὰς
3047 3426 3222 3482 αὐτῶν
3238 3424 3330 3478 τοῦ
3357 3421 3552 3489 πολέμου
3566 3410 3797 3508 καθῆτϐαις

2351 3506 2488 3584 οὔτε
2530 3506 2647 3597 ίγὰρ
2689 3522 2906 3596 ἀριθμῷ
2949 3520 3221 3583 ἐλάττους,
3272 3517 3393 3571 οὔτε
3445 3510 3653 3581 ἀξιώματι
3683 3506 3802 3597 ὑφεί-

2355 3622 2524 3694 μένοι,
2548 3594 2858 3688 πολυφὼνίᾳ
2878 3615 2934 3669 δὲ
2957 3614 3051 3668 καὶ
3070 3612 3218 3684 παρὰ
3244 3610 3376 3664 πολὺ
3406 3606 3690 3677 διαφέροντες
3710 3594 3815 3668 πρὸς

2350 3711 2411 3764 τὸ
2440 3706 2677 3763 ὲναντίον
2710 3706 2893 3767 αὐτοῖς
2927 3699 3399 3755 ἀντικαθίστανται
3428 3695 3589 3762 λόγον.

2422 3805 2582 3866 lbid.,
2612 3802 2708 3856 lin.
2757 3797 2842 3853 l9.
2900 3795 3218 3862 Ἐποίησεν
3246 3794 3278 3845 ὁ
3312 3789 3453 3855 Θεὸς
3493 3785 3588 3840 τὸν
3617 3775 3821 3848 οὐραγόν.

2353 3898 2511 3953 Circa
2557 3894 2720 3965 hujus
2776 3891 2882 3945 loci
2936 3885 3331 3959 expositionem
3367 3897 3399 3936 a
3438 3867 3826 3965 quibusdam“-

2354 3990 2606 4062 gustinus
2632 3961 2976 4056 VEugubinus
3033 3979 3226 4034 acerbe
3281 3972 3568 4030 admodum
3610 3961 3828 4062 reprelien-

2355 4051 2524 4147 ditur,
2554 4087 2609 4135 et
2651 4051 2771 4147 eius
2803 4073 3074 4145 expositio
3104 4069 3269 4126 veluti
3309 4067 3446 4122 falsa
3477 4075 3533 4121 et
3561 4051 3827 4134 perabsurda.

2356 4185 2408 4232 et
2449 4190 2480 4229 a
2523 4172 2829 4229 Christiana
2879 4167 3169 4238 disciplina
3217 4163 3520 4219 abhorrens
3562 4171 3655 4212 non
3690 4151 3828 4207 solum,

2357 4268 2452 4323 sed
2481 4274 2739 4333 tauquam
2776 4273 3090 4332 perversum
3130 4266 3183 4311 et
3225 4254 3449 4324 impium
3504 4251 3679 4321 dogma
3702 4238 3831 4333 etplih

2359 4362 2526 4417 ditur.
2560 4324 2660 4411 Hic
2696 4324 2933 4423 namque
2959 4351 3016 4405 in
3054 4364 3152 4405 sua
3184 4344 3530 4415 Cosmopwia,
3557 4349 3605 4398 et
3632 4343 3758 4393 tract.
3784 4324 3833 4381 Dc

2361 4452 2565 4506 naturis
2610 4445 2950 4515 incorporeis,
2981 4441 3171 4497 scribit
3214 4439 3412 4494 cmlum
3457 4434 3833 4505 empyreumesse

697 4549 915 4603 ritatem
951 4544 1085 4600 nulli
1142 4542 1360 4599 dubiam
1404 4543 1658 4598 omnibus
1709 4543 2059 4599 manifestam
2101 4560 2260 4599 :non
2291 4527 2641 4609 unidpiam
2691 4545 2951 4589 aeternum
2997 4539 3050 4585 et
3115 4529 3436 4589 increatum,
3483 4524 3586 4578 hoc
3633 4524 3718 4582 est,
3757 4524 3834 4609 esst

699 4646 786 4695 est
813 4646 991 4694 tamen
1023 4638 1092 4692 ab
1116 4634 1618 4705 earum\majestate
1636 4641 1691 4688 et
1713 4634 1975 4705 dignitate
2023 4635 2262 4691 alienum

699 4740 756 4787 et
794 4730 1132 4793 indecorum,
1172 4730 1219 4784 si
1271 4727 1418 4782 illius
1451 4725 1693 4782 veritatis
1744 4733 1951 4780 tantam
1992 4741 2113 4782 esse
2152 4728 2263 4781 vim

700 4837 1097 4894 cognoscamus
1122 4822 1195 4876 ita
1242 4828 1298 4876 ut
1326 4829 1380 4875 et
1412 4818 1534 4873 aliis
1564 4819 1696 4873 satis
1728 4825 1920 4889 patens
1949 4818 2113 4873 fuerit
2144 4833 2263 4873 ma-

705 4914 980 4972 nifestata.
1002 4914 1278 4969 Immerito
1307 4912 1489 4983 itaque
1510 4911 1565 4965 in
1594 4909 1802 4975 Genes.,
1820 4910 1916 4965 lib.
1944 4926 1982 4974 ι,
2014 4909 2264 4967 Pererius

704 5005 1052 5077 reprehendit
1107 5004 1370 5059 Joannem
1422 5002 1610 5056 Picum
1665 5002 2124 5067 Mirandulanum,
2172 5004 2266 5074 qui

705 5113 873 5169 super
900 5105 1063 5168 caput
1116 5099 1349 5167 primum
1390 5096 1664 5152 Geneseos
1697 5095 2017 5165 Heptaplum
2046 5110 2268 5165 compo-

708 5196 915 5256 suerat,
946 5197 1001 5243 et
1028 5195 1235 5258 septem
1268 5202 1436 5242 novas
1481 5185 1871 5257 expositiones,
1903 5187 2269 5257 doctrinaeque

710 5282 909 5354 Moysis
940 5280 1007 5336 de
1062 5279 1319 5348 operibus
1352 5292 1444 5332 sex
1499 5276 1711 5333 dierum
1745 5292 1776 5333 a
1824 5278 1976 5332 nullo
2026 5279 2268 5348 priorum

709 5374 1038 5445 scriptorum
1075 5378 1330 5434 tentatas,
1368 5383 1398 5421 a
1429 5382 1489 5422 se
1529 5379 1711 5425 autem
1766 5369 1944 5439 primo
1980 5371 2268 5440 cogitatas,

710 5467 981 5525 inventas,
1006 5463 1333 5526 elaboratas,
1371 5462 1747 5530 perfectasque
1777 5461 2153 5532 pertractavit,
2205 5461 2273 5515 li-

712 5557 977 5627 brumque
1010 5555 1159 5609 illum
1195 5566 1385 5622 parum
1424 5550 1489 5605 ad
1508 5550 1811 5605 doctrinam
1843 5550 2044 5622 Moysis
2069 5549 2272 5604 intelli-

713 5648 941 5719 gendam
991 5645 1315 5701 conducere.
1368 5642 1698 5710 Qumsissem
1747 5643 1933 5713 utique
1975 5642 2206 5697 libenter
2237 5656 2268 5695 a

796 5825 817 5861 '
848 5824 997 5882 Psal.
1033 5842 1148 5894 cui,
1179 5829 1235 5884 2.
1310 5830 1330 5861 ⁸
1359 5827 1387 5881 1
1427 5826 1559 5883 Tim.
1577 5842 1651 5894 vt,
1680 5824 1763 5881 16.
1837 5824 1855 5855 ³
1876 5822 2037 5879 Ιοαη.
2072 5821 2275 5890 xvu,5.

2365 4600 2562 4693 lucem,
2609 4636 2662 4682 et
2708 4623 3007 4680 claritatem
3048 4620 3337 4692 quamdam
3384 4622 3677 4672 manantem
3707 4623 3758 4662 ex
3779 4600 3835 4656 Ι)ρί

2366 4719 2621 4782 essentia,
2668 4716 2723 4770 in
2765 4728 2870 4784 qua
2911 4712 3054 4767 Deus
3095 4720 3199 4776 est,
3240 4717 3295 4765 et
3330 4708 3395 4763 ad
3435 4707 3592 4777 cujus
3631 4695 3837 4773 participa-

2368 4814 2570 4867 tionem
2620 4816 2783 4879 atque
2833 4804 3147 4860 fruitionem
3191 4809 3304 4855 tam
3356 4800 3483 4855 boni
3531 4792 3690 4866 angeli
3730 4793 3837 4879 qualn

2366 4905 2469 4961 viri
2507 4903 2639 4975 justi
2678 4873 3057 4955 admittuntur.
3112 4894 3237 4949 llaec
3281 4892 3426 4947 enim
3457 4898 3563 4953 est,
3600 4881 3763 4955 inquit,
3785 4873 3840 4975 illa

2368 4968 2569 5054 aiterna
2594 4996 2685 5050 lux
2714 5001 2770 5048 et
2798 4991 3023 5047 claritas
3056 4988 3171 5050 Dei,
3205 5001 3327 5055 quae
3368 4984 3423 5038 in
3454 4982 3711 5052 Scriptura
3735 4968 3841 5062 toties

2367 5090 2529 5162 justis
2574 5085 2885 5142 hominibus
2919 5095 3018 5152 pro
3065 5077 3316 5133 mercede
3366 5074 3609 5128 laborum
3653 5058 3842 5162 promitli'

2371 5150 2492 5238 tur:
2527 5182 2594 5237 de
2613 5195 2720 5251 qua
2746 5150 3151 5247 intelligendum
3186 5176 3338 5241 putat
3375 5165 3505 5221 illud
3534 5162 3667 5235 quod
3694 5159 3746 5213 de

2371 5280 2427 5333 in
2445 5275 2582 5348 psal.
2601 5242 2694 5328 ciu
2739 5270 2887 5327 canit
2911 5242 3099 5331 David,
3133 5264 3373 5317 Amictus
3396 5261 3588 5315 lumine
3607 5258 3722 5312 sicut
3747 5242 3842 5301 usti

2373 5347 2543 5425 mento
2578 5370 2593 5399 ³
2619 5386 2634 5433 ;
2665 5372 2718 5421 et
2748 5362 2878 5418 illud
2909 5359 3097 5414 Pauli:
3119 5356 3224 5423 Qui
3248 5355 3413 5409 lucem
3458 5352 3656 5406 habitat
3683 5347 3845 5433 iuncti?

2374 5461 2574 5518 sibilem
2600 5426 2654 5526 ’u;
2684 5464 2737 5512 et
2763 5454 2890 5510 illud
2924 5451 3137 5506 Domini
3172 5447 3312 5519 apud
3346 5445 3640 5501 Joannem:
3669 5426 3848 5526 Clarii?

2376 5567 2485 5616 me,
2550 5558 2606 5602 tu
2641 5524 2860 5611 iPater,
2914 5541 3157 5595 claritate
3206 5552 3362 5608 quam
3414 5533 3574 5588 habui
3624 5524 3846 5616 primu“

2377 5614 2601 5699 mundus
2647 5641 2814 5710 ﬁeret,
2864 5634 3001 5705 apud
3045 5643 3092 5687 te
3125 5627 3443 5701 '.Ejusdem
3481 5625 3619 5681 lucis
3638 5614 3848 5690 .spccimen
