4064 6290
273 441 377 500 δι’]

1255 439 1322 493 IN
1362 436 1731 494 EUSTATHII
1775 433 2242 491 HEXAEMERON
2275 432 2505 491 NOTAE.

270 557 548 632 quoddam
598 556 783 611 datum
838 562 923 610 est
970 554 1026 609 in
1080 551 1562 625 transfiguratione
1614 549 1832 605 Domini
1861 556 1908 613 Α
1934 548 2178 604 Platonis
2226 550 2371 603 varie
2407 546 2663 618 explicat,
2698 557 2753 601 et
2796 547 3033 601 rationes
3075 544 3244 616 aperit
3276 544 3500 598 Prorlus

271 649 469 713 nostri,
484 657 538 704 et
552 648 606 703 in
624 648 760 701 rubo
782 645 1000 718 Moysls,
1014 653 1068 701 et
1092 646 1144 699 in
1166 644 1286 714 ejus
1301 645 1450 699 vultu
1466 659 1530 698 ex
1547 642 1835 713 colloquio,

275 750 329 795 et
363 738 759 796 consuetudine
796 723 919 792 cum
961 736 1067 793 Deo
1102 736 1287 791 habita
1333 751 1497 807 supra
1539 736 1838 790 humanum

273 831 529 887 obtutum
582 828 992 903 resplendente;
1042 835 1097 882 et
1143 828 1283 883 hanc
1331 842 1484 884 suam
1529 828 1838 898 Opinionem

274 920 564 975 confirmat
606 919 918 974 testimonio
969 917 1154 973 Basilii
1210 917 1410 988 Magni.
1455 919 1546 989 qui
1606 917 1753 972 hom.
1805 918 1841 970 2

275 1024 433 1079 super
483 1007 725 1064 Genesim
771 1009 938 1063 tradit
968 1009 1155 1064 eadem
1198 1009 1381 1064 omnia
1427 1009 1618 1065 iisdem
1660 1009 1841 1064 verbis

279 1117 403 1172 qua:
438 1109 493 1157 et
538 1108 728 1157 noster
764 1099 1083 1156 Eustathius
1117 1114 1240 1170 pag.
1276 1100 1365 1156 50.
1395 1098 1547 1154 Hanc
1577 1098 1842 1171 Eugubiui

278 1193 606 1249 sententiam
635 1192 683 1248 si
706 1193 827 1263 quis
852 1192 980 1247 velit
1006 1191 1316 1256 defendere,
1336 1193 1487 1247 omni
1515 1192 1631 1262 ipse
1662 1191 1844 1247 defen-

279 1286 436 1339 sione
475 1283 733 1355 indignus
778 1282 905 1338 erit.
937 1281 1148 1337 (Icelum
1194 1297 1505 1354 empyreum
1551 1281 1692 1337 Deus
1733 1297 1843 1336 non

281 1381 388 1440 est,
417 1374 691 1445 quomodo
725 1389 853 1445 ergo
882 1380 1168 1438 aeternum,
1203 1375 1476 1444 quomodo
1507 1374 1844 1430 increatum?

282 1462 402 1518 Lux
453 1464 569 1519 haec
615 1472 796 1516 manat
845 1478 913 1517 ex
958 1460 1055 1518 Dei
1098 1462 1358 1524 essentia,
1395 1460 1666 1531 quomodo
1716 1473 1846 1529 ergo

283 1555 485 1611 caelum
528 1554 881 1626 empyreum?
924 1562 979 1610 et
1028 1554 1075 1609 si
1110 1554 1307 1609 emtum
1353 1567 1666 1623 empyreum
1703 1550 1844 1604 Deus

284 1655 392 1713 est,
428 1646 697 1718 quomodo
728 1644 1009 1716 Scriptura
1037 1661 1149 1701 non
1177 1644 1381 1700 insanit
1417 1643 1484 1698 de
1514 1645 1607 1698 illo
1633 1644 1843 1707 dicens,

287 1741 355 1796 In
388 1742 640 1811 principio
677 1740 869 1794 creavit
908 1738 1046 1794 Deus
1075 1738 1260 1794 cwlum
1289 1739 1310 1770 ⁸
1332 1739 1356 1792 ?
1379 1753 1657 1808 nunquam
1698 1737 1847 1791 dice-

289 1847 407 1888 rem
436 1847 550 1888 rem
579 1831 819 1902 ejusdem
849 1845 970 1885 cum
993 1829 1103 1885 Deo
1125 1829 1374 1886 essentia:
1396 1844 1502 1884 non
1519 1845 1640 1883 esse
1656 1827 1843 1882 Deum.

284 1922 407 1978 Lux
452 1937 578 1994 ergo
617 1922 731 1977 haec
768 1929 885 1987 tua,
913 1928 965 1976 et
1006 1922 1202 1977 caelum
1231 1937 1541 1994 empyreum
1577 1920 1720 1975 Deus
1749 1928 1853 1988 est,
1887 1910 1927 1964 Β

284 2023 340 2069 et
382 2023 617 2079 creator,
645 2022 698 2070 et
723 2029 942 2069 rursum
972 2012 1251 2069 diversum
1295 2028 1324 2066 a
1362 2012 1470 2067 Deo
1500 2022 1553 2067 et
1582 2019 1851 2067 creatura.

282 2104 469 2176 Neque
517 2107 782 2163 sententia
835 2104 1104 2161 Eustathii
1151 2112 1205 2158 et
1258 2104 1465 2171 Basilii,
1511 2120 1647 2175 quos
1691 2105 1856 2157 etiam

283 2198 501 2253 videtur
527 2205 750 2253 secutus
779 2195 1157 2251 Theodoretus
1189 2195 1244 2248 in
1281 2194 1540 2258 Cenesim,
1577 2202 1631 2251 et
1660 2194 1860 2250 Metho-

282 2289 450 2353 dius,
490 2290 605 2345 sive
649 2287 974 2343 Timotheus
1017 2289 1303 2359 presbyter
1338 2286 1858 2358 Ilierosolymitanus

284 2382 533 2435 oratione
561 2381 617 2433 in
647 2382 1037 2450 Hypapantem,
1074 2379 1221 2434 illius
1237 2380 1561 2433 sententiam
1602 2381 1856 2448 probant,

286 2484 395 2525 nec
441 2469 656 2540 pondus
708 2470 937 2537 addunt,
993 2484 1095 2524 nec
1151 2470 1483 2525 firmitatem.
1542 2467 1753 2524 Etenim
1802 2466 1860 2524 hi

286 2558 482 2614 Patres
524 2560 700 2615 lucem
739 2560 885 2614 illam
946 2562 1010 2632 et:
1035 2562 1336 2615 claritatem
1367 2578 1527 2632 quam
1563 2562 1859 2616 increatam

286 2654 561 2712 statuunt,
611 2648 882 2704 diversam
929 2650 997 2704 ab
1045 2664 1109 2705 ea
1152 2666 1275 2720 quae
1318 2666 1422 2704 una
1456 2666 1577 2705 cum
1614 2651 1773 2715 cmlo,
1807 2658 1862 2704 et

279 2747 464 2802 terra,
498 2748 552 2795 ct
587 2740 774 2795 eadem
814 2741 1025 2796 ratione
1066 2757 1173 2811 qua
1219 2742 1415 2797 caelum
1445 2749 1499 2796 et
1545 2748 1690 2796 terra
1731 2755 1860 2812 pro-

288 2832 459 2889 ducta
502 2840 610 2898 est,
676 2835 924 2904 quamvis
983 2834 1150 2889 nullis
1209 2833 1485 2900 tenebris,
1537 2834 1673 2889 nulli
1735 2848 1861 2888 cor-

291 2923 554 2995 ruptioni,
592 2924 728 2979 nulli
774 2924 1003 2994 tempori
1041 2923 1276 2979 obnoxia
1311 2924 1401 2989 sit,
1448 2939 1557 2980 non
1596 2923 1862 2979 afﬁrmant

290 3028 417 3070 esse
459 3015 655 3070 caelum
701 3029 1034 3087 empyreum,
1080 3030 1182 3071 nec
1224 3015 1420 3070 coelum
1465 3015 1599 3070 illud
1642 3016 1709 3071 de
1748 3022 1862 3086 'quo

296 3105 532 3170 dicitur,
564 3105 629 3159 In
668 3106 920 3175 principio
954 3106 1147 3159 creavit
1177 3103 1318 3159 Deus
1352 3104 1536 3159 caelum
1563 3113 1613 3159 et
1643 3114 1858 3160 terram.

295 3195 408 3251 Sed
458 3196 526 3252 de
572 3197 674 3252 hac
726 3196 949 3251 Patrum
1007 3196 1279 3252 sententia
1336 3196 1469 3267 quid
1516 3198 1861 3254 sentiendum

296 3287 390 3355 sit,
424 3294 478 3343 et
504 3302 574 3343 an
613 3289 684 3346 sit
726 3288 870 3345 inter
909 3288 1305 3355 memorabilia,
1341 3294 1395 3341 et
1434 3289 1706 3358 paradoxa
1733 3289 1863 3358 reji-

295 3380 515 3448 cienda,
552 3381 608 3436 in
646 3383 901 3453 prasenti
926 3396 1034 3436 non
1060 3381 1248 3452 judico
1279 3400 1291 3432 :
1326 3380 1553 3437 inferius
1580 3384 1723 3437 enim
1756 3398 1863 3438 una

294 3487 422 3527 cum
450 3471 735 3527 Eustatbio
762 3489 883 3544 pag.
912 3472 1010 3537 60,
1035 3473 1278 3528 dicemus
1321 3472 1521 3542 aliqua,
1554 3484 1865 3529 reverenter

291 3572 501 3618 tamen.
523 3561 768 3620 Veneror
788 3580 1022 3635 namque
1048 3565 1189 3620 dicta
1205 3565 1425 3619 Patrum
1448 3565 1862 3630 catholicorum,

297 3659 353 3707 et
382 3666 573 3706 verum
601 3653 801 3717 dicam,
837 3654 1025 3708 adoro.

376 3745 495 3801 Col.
512 3744 636 3808 709,
654 3744 752 3799 lin.
768 3744 857 3799 20.
889 3746 950 3798 '0
966 3745 1200 3813 στήσας
1214 3747 1320 3800 τὸν
1340 3749 1616 3815 οὴρανόν.
1635 3746 1872 3801 Basilius

301 3838 451 3893 hom.
504 3836 526 3890 l
580 3836 637 3889 in
689 3835 1049 3891 Hexaemeron
1080 3838 1225 3891 :Kat
1285 3839 1411 3908 περὶ
1453 3838 1546 3892 τοῦ
1595 3840 1869 3910 σχήματος

302 3932 361 3985 δὲ
392 3929 553 3985 ἱκανὰ
590 3930 720 4000 ἡμῖν
753 3928 820 3982 τὰ
857 3930 986 4002 παρ’
1032 3930 1196 3984 αὐτοῦ
1229 3931 1470 3994 εἰπόντος
1511 3934 1570 3985 ὲν
1597 3932 1871 4005 δοξολογίᾳ

304 4019 461 4087 Θεοῦ,
501 4022 564 4074 '0
613 4017 850 4087 στήσας
879 4018 984 4073 τὸν
1021 4020 1278 4088 οὐρανὸν
1308 4020 1449 4074 ὡσεὶ
1473 4021 1760 4091 καμάραν.
1790 4022 1872 4076 Τὰ

306 4114 447 4168 αὐτὰ
474 4114 531 4167 δὲ
562 4112 733 4167 ταῦτα
764 4115 856 4167 καὶ
886 4114 1130 4185 περὶτῆς
1154 4115 1257 4185 γῆς
1294 4114 1727 4186 συμϐουλεύομεν
1748 4115 1872 4169 ἐαυ-

306 4209 436 4271 τοῖς,
471 4207 545 4278 μὴ
579 4206 1052 4279 πολυπραγμονεῖν
1081 4208 1250 4278 αὐτῆς
1276 4208 1374 4279 τὴν
1400 4208 1583 4262 οὐσίαν
1601 4209 1724 4279 ἥτις
1743 4210 1871 4263 ποτὲ

309 4299 475 4351 ἐστιν.
510 4295 588 4352 De
635 4295 808 4367 ﬁgura
845 4297 973 4352 caeli
1010 4297 1153 4367 apud
1192 4304 1407 4353 veteres
1444 4298 1738 4352 maximum
1773 4299 1873 4354 fuit

310 4386 628 4451 dissidium;
662 4403 850 4443 eorum
895 4388 1089 4458 placita
1133 4395 1331 4458 printer
1373 4389 1508 4445 alios
1537 4389 1705 4444 refert
1744 4388 1873 4444 Plu-

307 4478 554 4542 tarchus,
578 4479 674 4534 lib.
697 4494 733 4534 n
756 4479 828 4534 De
842 4481 1022 4549 placit.
1041 4480 1755 4551 philosoph.;Theodoretus,
1775 4483 1869 4537 lib.

1937 640 2290 697 Commentar.
2308 643 2364 695 in
2382 640 2659 706 Timceum,
2671 646 2723 694 et
2739 638 3094 694 Ciceroetiam
3111 653 3149 693 ιι
3168 636 3241 692 De
3253 647 3364 692 nat.
3381 636 3487 692 deo-

1938 750 2077 796 rum,
2094 734 2254 802 Quid,
2269 733 2467 803 inquit,
2485 731 2755 801 pulchrius
2767 746 2829 783 ea
2845 730 3038 800 ﬁgura,
3061 744 3176 800 qua:
3195 727 3310 782 sola
3328 744 3502 782 omnes

1943 831 2081 886 alias
2099 830 2298 900 ﬁguras
2320 825 2587 891 complexa
2608 825 3082 893 continet,qua’que
3102 820 3230 875 nihil
3249 822 3508 891 asperita-

1944 924 2012 978 tis
2026 920 2235 985 habere,
2258 918 2387 974 nihil
2410 916 2712 987 offensionis
2746 912 3082 985 potest,nihil
3101 912 3322 966 incisum
3348 927 3510 983 angu-

1944 1016 2031 1081 lis,
2058 1013 2190 1068 nihil
2207 1009 2555 1081 anfractibus,
2575 1007 2708 1062 nihil
2731 1007 2983 1068 eminens,
3007 1003 3139 1058 nihil
3165 1003 3508 1057 lacunosum?

1942 1106 2233 1163 Alcinoriae
2280 1102 2685 1157 lntroductione
2720 1099 2777 1153 in
2808 1096 3054 1152 Platonis
3088 1094 3507 1167 philosophiam,

1943 1199 2135 1270 Σχῆμα
2154 1196 2198 1250 δ’
2215 1193 2361 1265 αὐτῷ
2376 1191 2666 1264 περιέθηκε
2677 1191 2738 1244 τὸ
2749 1187 3100 1260 σῳαιροειδὲς,
3116 1185 3514 1258 εὐμορφότατον

1947 1288 2260 1360 σχημάτων,
2278 1286 2370 1339 καὶ
2386 1280 2825 1354 πολυχωρότατον
2837 1279 2932 1333 καὶ
2941 1278 3367 1348 εὐκινητᾶτατον.
3385 1275 3515 1342 Quae

1946 1397 2057 1435 non
2090 1393 2394 1449 repugnare
2434 1374 2638 1431 divinis
2683 1371 2902 1435 littoris,
2933 1370 3066 1440 quin
3115 1370 3242 1425 inde
3277 1383 3387 1422 non
3416 1369 3515 1421 ob-

1948 1487 2107 1528 scure
2135 1469 2341 1539 colligi,
2390 1464 2705 1523 confirmari
2747 1471 2928 1534 potest
2959 1478 3026 1517 ex
3060 1460 3169 1516 illis
3200 1461 3381 1515 verbis
3410 1459 3515 1513 ini-

1947 1564 2025 1618 tio
2056 1561 2454 1616 Ecclesiastes:
2488 1557 2582 1614 Sol
2615 1556 2827 1618 occidit,
2858 1565 2908 1610 et
2949 1556 3001 1609 in
3044 1553 3215 1607 locum
3253 1568 3404 1606 suum
3434 1569 3516 1606 re-

1949 1655 2188 1717 vertitur,
2209 1651 2380 1722 ibique
2401 1665 2678 1704 renascens
2704 1657 2859 1720 gyrat
2887 1662 2977 1715 per
3022 1643 3297 1700 meridiem
3322 1653 3373 1699 et
3418 1645 3514 1712 ﬂe-

1951 1747 2111 1801 ctitur
2156 1744 2223 1798 ad
2257 1743 2593 1814 aquilonem:
2626 1742 2860 1794 lustrans
2906 1739 3148 1793 uniuersa
3194 1737 3250 1790 in
3295 1737 3519 1791 circuitu

1952 1837 2117 1908 pergit
2140 1836 2380 1905 spiritus,
2412 1843 2460 1889 et
2483 1835 2538 1887 in
2563 1833 2790 1887 circulos
2820 1847 2942 1885 suos
2968 1829 3244 1884 revertitur
3269 1829 3313 1884 ⁸.
3344 1826 3520 1894 Quare

1954 1929 2316 2000 Hieronymus
2360 1928 2416 1982 in
2456 1926 2656 1982 Comm.
2690 1940 2811 1995 cap.
2838 1941 2871 1979 v
2914 1922 3086 1993 Epist.
3138 1921 3205 1976 ad
3269 1920 3519 1990 Ephesios

1958 2020 2196 2091 graviter
2232 2034 2326 2074 eos
2358 2019 2624 2087 increpat,
2656 2017 2752 2086 qui
2796 2017 2992 2069 coelum
3019 2029 3129 2068 non
3157 2012 3395 2081 undique
3429 2026 3520 2064 ro-

1958 2111 2208 2175 tundum,
2235 2108 2331 2163 sed
2353 2106 2578 2162 fornicis
2608 2107 2769 2161 modo
2796 2112 3082 2160 curvatum
3107 2102 3331 2157 faciunt.
3365 2100 3520 2168 Quod

1959 2205 2181 2259 omnino
2210 2208 2416 2257 certum
2441 2208 2526 2255 est
2543 2215 2665 2255 cum
2689 2214 2798 2254 non
2819 2197 3125 2251 rationibus
3153 2202 3365 2249 tantum
3392 2209 3523 2247 con-

1960 2295 2233 2358 vincatur,
2276 2292 2370 2347 sed
2415 2291 2787 2361 experimento
2831 2290 2993 2344 etiam
3050 2297 3385 2356 compertum
3429 2287 3521 2348 sit,

1960 2383 2159 2454 duplex
2207 2383 2311 2438 hoc
2352 2380 2790 2451 hemisphaerium
2826 2396 2968 2443 esse,
3010 2387 3064 2434 et
3107 2378 3391 2450 antipodas
3429 2376 3526 2431 ad-

1960 2491 2116 2531 versa
2146 2475 2305 2530 nobis
2353 2473 2584 2545 vestigia
2616 2486 2881 2544 premere,
2935 2472 3002 2527 de
3035 2470 3237 2541 quibus
3274 2467 3525 2524 Manilius

1962 2581 2017 2636 in
2048 2583 2350 2635 Astronom.
2367 2596 2385 2633 :

2034 2671 2145 2726 Nec
2167 2672 2339 2725 minor
2368 2679 2443 2724 est
2472 2670 2578 2723 illis
2612 2668 2857 2732 mundus,
2886 2685 2974 2721 nec
3002 2667 3195 2721 lumine
3223 2665 3369 2736 pejor
3395 2681 3416 2729 ;

2034 2740 2147 2797 Nec
2170 2750 2444 2795 numerosa
2474 2741 2646 2793 minus
2672 2748 2960 2794 nascuntur
2987 2737 3162 2792 sidera
3192 2735 3243 2789 in
3282 2735 3404 2789 orbe
3435 2749 3455 2788 :

1962 2851 2016 2898 et
2055 2842 2145 2897 alii
2177 2855 2408 2912 quorum
2437 2839 2677 2894 rationes
2712 2839 2856 2909 leges
2896 2836 2953 2890 in
2991 2835 3127 2891 locis
3153 2849 3183 2887 a
3208 2832 3526 2888 nobis-lau-

1962 2933 2125 2990 datis.
2152 2932 2276 2986 ch
2311 2948 2532 3002 namque
2559 2932 2753 3002 ﬁgura,
2776 2938 2837 2984 ut
2858 2929 2933 2982 ait
2949 2927 3158 2981 Plinius
3183 2925 3275 2979 lib.
3299 2939 3358 2988 tt,
3396 2938 3447 2979 c.
3468 2925 3526 2990 2,

1964 3027 2203 3091 omnibus
2233 3026 2344 3078 suis
2374 3024 2611 3093 partibus
2639 3022 2799 3090 vergit
2834 3023 2890 3075 in
2920 3035 3050 3083 sese,
3089 3034 3154 3071 ac
3171 3016 3271 3071 sibi
3292 3017 3408 3085 ipsa
3448 3024 3530 3069 to-

1963 3117 2184 3173 leranda
2232 3126 2330 3183 est,
2371 3133 2523 3187 seque
2578 3113 2820 3181 includit,
2863 3122 2913 3168 et
2969 3113 3217 3176 continet,
3258 3109 3529 3163 nullarum

1964 3228 2114 3283 egens
2144 3210 2531 3280 compaginum.
2584 3206 2695 3262 Nec
2738 3207 2896 3277 ﬁnem
2933 3214 3026 3258 aut
3062 3203 3379 3273 principium
3403 3200 3528 3255 ullis

1964 3303 2074 3357 suis
2090 3302 2330 3372 partibus
2369 3302 2618 3362 sentiens,
2649 3314 2740 3352 nec
2767 3298 2892 3368 quia
2915 3296 2984 3349 ad
3014 3306 3232 3357 motum,
3264 3310 3364 3365 quo
3402 3292 3528 3346 sub-

1964 3393 2083 3448 inde
2109 3394 2237 3448 uerti
2287 3392 2490 3452 debeat,
2512 3400 2569 3443 ut
2600 3405 2722 3444 mox
2760 3389 3049 3458 apparebit,
3089 3386 3213 3440 talis
3251 3384 3531 3454 aptissima

1963 3494 2062 3549 est,
2095 3484 2183 3539 sed
2215 3483 2484 3539 oculorum
2523 3497 2725 3552 quoque
2750 3478 3056 3548 probatione
3077 3475 3216 3548 quod
3252 3490 3528 3539 convexus,

1966 3576 2268 3647 mediusque
2315 3589 2620 3645 quacunque
2667 3581 2932 3635 cernatur,
2969 3587 3089 3623 cum
3129 3569 3184 3622 id
3221 3568 3452 3622 accidere
3474 3570 3533 3621 in

1968 3671 2078 3724 alia
2127 3685 2232 3723 non
2281 3667 2447 3733 possit
2481 3667 2674 3736 ﬁgura.
2718 3663 2785 3717 Et
2831 3661 3151 3717 Theodorus
3198 3659 3534 3714 Prodromus

1967 3760 2173 3830 Dialog.
2210 3757 2277 3813 de
2309 3758 2472 3812 amic.
2506 3756 2691 3810 exsule
2724 3775 2737 3809 :
2772 3754 2843 3807 Ἣ
2875 3753 2956 3817 τίς
2991 3751 3081 3805 τὸν
3105 3752 3268 3823 εὐρὺν
3310 3750 3535 3822 οὐρανὸν

1967 3849 2063 3902 καὶ
2102 3849 2193 3903 τὸν
2227 3847 2398 3918 μέγαν
2444 3846 2730 3916 ἄκαμπτον
2775 3843 2903 3896 ὗντα
2948 3844 3007 3896 τὸ
3047 3846 3175 3912 πρὶν
3210 3839 3531 3911 εὐθυωρίαν,

1969 3942 2112 4013 ἀρχῇ
2147 3938 2409 3992 πυθέσθαι
2439 3936 2532 3991 τοῦ
2578 3937 2756 4005 λόγοις
2778 3934 2870 3988 τοῦ
2898 3935 3137 4007 φαμένου
3180 3932 3423 4003 ἔκαμψεν
3456 3935 3536 3995 εἰς

1968 4030 2066 4100 τὴν
2099 4030 2332 4099 σφαῖραν
2371 4028 2419 4080 εί
2446 4027 2520 4097 μὴ
2549 4024 2727 4095 φιλία;
2764 4020 2876 4080 οἷον
2903 4024 3011 4096 γὰρ
3039 4026 3211 4078 εἰπεῖν
3249 4025 3326 4086 ὡς
3367 4023 3534 4076 καλοῦ

1970 4121 2065 4173 καὶ
2094 4119 2320 4189 κοσμίου
2360 4119 2500 4190 ἐρῶν
2541 4118 2733 4171 ἑαυτοῦ
2768 4117 2903 4191 πρὸς
2945 4116 3142 4170 κύκλον
3170 4115 3534 4187 συνεστράφη.

1972 4207 2161 4261 ἑαυτὸν
2210 4206 2359 4277 αὐτῷ
2411 4207 2599 4277 φιλιῶν
2678 4205 3010 4276 πανταχόθεν
3077 4206 3171 4259 καὶ
3226 4206 3537 4258 παντάπασι

1974 4297 2458 4369 συμπερισφίγγων
2491 4298 2650 4369 μέρη.
2681 4296 2737 4351 hi
2760 4296 2903 4351 hanc
2931 4296 3255 4350 sententiam
3286 4295 3388 4364 legi
3415 4309 3539 4364 pos-

1973 4396 2103 4444 sunt
2136 4398 2189 4444 et
2219 4404 2340 4459 qua:
2366 4389 2528 4443 habet
2556 4389 2804 4443 Clemens
2845 4387 3145 4449 Romanus,
3173 4387 3268 4440 lib.
3293 4401 3388 4439 vm
3437 4385 3540 4439 Re-

1974 4481 2169 4552 cognit.
2199 4480 2399 4535 Verum
2450 4481 2689 4550 antiquis
2729 4478 2987 4533 Patrihus
3027 4480 3200 4533 mirus
3229 4478 3282 4531 in
3308 4477 3409 4530 hoc
3439 4477 3539 4531 fuit

310 4570 390 4625 De
416 4581 609 4626 natura
636 4582 685 4628 et
729 4573 960 4639 mundo;
1004 4575 1344 4640 Aristoteles,
1373 4575 1467 4630 lib.
1518 4591 1556 4630 ιι
1593 4575 1668 4630 De
1721 4577 1868 4641 coelo,
1903 4612 1947 4666 Β
1976 4589 2300 4638 consensus,
2343 4573 2541 4627 caelum
2583 4573 2795 4627 scilicet
2824 4588 2932 4626 nou
2971 4588 3093 4627 esse
3125 4571 3412 4626 rotundum
3443 4569 3539 4624 sed

312 4679 428 4734 cap.
460 4664 528 4729 4;
561 4663 902 4731 Ptolemaeus,
937 4667 1032 4723 lib.
1080 4684 1116 4732 ι,
1155 4683 1207 4722 c.
1242 4668 1276 4721 5
1306 4666 1561 4722 editionis
1602 4681 1768 4736 mag.,
1817 4674 1873 4720 et

313 4755 433 4824 ejus
456 4766 848 4813 commentator
873 4757 1058 4813 Theon
1095 4758 1526 4825 Alexandrinus;
1558 4757 1871 4813 Cleomedes

314 4846 372 4900 in
400 4845 621 4901 Meteor.
650 4848 744 4904 lib.
768 4865 807 4913 ι,
833 4857 889 4904 et
915 4850 1003 4904 alii
1034 4850 1220 4905 multis
1244 4850 1547 4904 rationibus
1578 4859 1632 4905 et
1656 4853 1870 4921 experi-

315 4939 515 4994 mentis
547 4940 872 5010 sphazricum
904 4956 1026 4997 esse
1049 4941 1302 5010 probant.
1333 4939 1485 4995 Plato
1515 4957 1578 4996 ea
1617 4943 1683 4997 de
1712 4958 1771 4997 re
1796 4943 1870 4996 ita

316 5028 534 5099 scripsit
569 5030 626 5084 in
657 5029 852 5084 Timwo
878 5044 896 5082 :
923 5030 1013 5101 Τῷ
1038 5029 1146 5102 γὰρ
1185 5028 1253 5082 τὰ
1278 5030 1453 5084 πάντα
1491 5031 1551 5082 ὲν
1588 5031 1735 5101 αὐτῷ
1760 5032 1872 5096 ζῶα

314 5120 583 5194 περιέχειν
608 5121 850 5193 μέλλοντι
883 5120 1006 5193 ζὼῳ
1050 5121 1255 5192 πρέπον
1288 5121 1351 5175 ἂν
1378 5120 1463 5194 εἴη
1488 5124 1669 5193 σχῆμα
1694 5123 1755 5176 τὸ
1780 5142 1875 5176 πε-

321 5209 591 5282 ριειληφὸς
623 5214 680 5265 ἐν
731 5212 1086 5285 αὑτῷπάντα
1130 5214 1299 5267 enisa
1335 5215 1611 5284 σχήματασ
1654 5214 1733 5266 διὸ
1781 5216 1874 5269 καὶ

320 5301 651 5371 σφαιροειδὲς
687 5303 750 5355 ἐκ
783 5304 946 5374 μέσον
986 5305 1160 5375 πάντη
1193 5304 1328 5376 πρὸς
1360 5305 1455 5367 τὰς,
1485 5305 1737 5369 τελευτὰς
1767 5307 1878 5359 ἴσον

321 5394 521 5464 ἀπέχον
544 5395 864 5468 κυκλοτερὲς
895 5395 1024 5450 αὐτὸ
1055 5396 1405 5468 ὲτορνεύσατο
1432 5397 1648 5451 πάντων
1687 5399 1880 5451 τελειό-

319 5500 499 5550 τατον,
532 5484 842 5555 ὁμοιότατόν
869 5503 929 5538 τε
954 5486 1083 5538 αὐτὸ
1108 5485 1282 5556 ἐαυτῷ
1317 5488 1627 5558 σχημάτων,
1655 5490 1879 5559 νομίσας

324 5578 500 5651 μυρίῳ
528 5577 740 5632 κάλλιον
765 5579 948 5649 ὅμοιον
992 5578 1242 5648 ἀνομοίου
1260 5596 1273 5607 ν
1301 5576 1440 5632 λεῖον
1464 5578 1520 5631 δὲ
1558 5578 1741 5649 κύκλῳ
1770 5580 1877 5632 πᾶν

319 5670 674 5738 ἔξωθενδαύτὸ
704 5669 1073 5742 ἁπηκριόοὖτο
1098 5670 1305 5725 πολλῶν
1328 5672 1503 5743 χάριν.
1547 5671 1671 5728 Haec
1716 5673 1877 5728 verba

392 5825 415 5861 ⁸
453 5827 581 5881 Gen.
620 5845 671 5897 I,
721 5830 771 5883 1.
846 5828 865 5857 ⁵
912 5827 1080 5881 Eccle.
1124 5827 1269 5893 1,5,
1308 5828 1359 5880 ti.

1979 4666 2153 4720 instar
2169 4663 2416 4727 fornicis,
2438 4671 2497 4717 ut
2522 4663 2786 4717 habemus
2810 4662 2899 4717 hic
2919 4678 2983 4717 ex
3014 4669 3201 4716 nostro
3231 4660 3542 4724 Eustathio.

1978 4755 2211 4819 Basilio,
2268 4754 2659 4826 Chrysostomo
2720 4754 2868 4808 hom.
2935 4753 3003 4807 M
3065 4761 3118 4807 et
3178 4752 3244 4805 Π
3299 4752 3368 4805 ad
3428 4751 3539 4805 lle-

1978 4846 2166 4910 brwos,
2207 4845 2535 4916 Augustino,
2565 4846 2599 4898 Ι.
2635 4858 2673 4898 ιι
2723 4843 2800 4898 De
2837 4842 3023 4898 Cenes.
3061 4844 3130 4897 ad
3161 4845 3411 4907 litteram,
3444 4843 3540 4914 qui

1978 4945 2032 4994 et
2065 4940 2194 4993 alibi
2230 4938 2304 4992 ait
2334 4954 2393 4993 se
2425 4938 2692 5002 dubitare,
2726 4938 2810 4991 An
2835 4949 2976 4992 terra
3018 4937 3145 4992 cmlo
3182 4937 3407 5008 undique
3443 4938 3544 4990 cir-

1978 5030 2217 5100 cumfuso
2244 5031 2592 5084 contineatur.
2621 5029 2878 5098 Ejusdem
2904 5030 3187 5084 sententias
3219 5029 3320 5083 fuit
3351 5036 3542 5082 auctor

1976 5123 2102 5179 libri
2150 5122 2588 5178 Christianorum
2632 5121 2950 5189 nuncupali,
3006 5131 3064 5174 ut
3109 5121 3274 5175 refert
3316 5120 3541 5174 Pbotius

1974 5213 2030 5266 in
2062 5212 2314 5266 Biblioth.
2347 5212 2501 5266 ς”Οτι
2533 5213 2561 5263 ὁ
2587 5210 2809 5283 οὐρανὸς
2824 5211 2921 5264 οὐκ
2937 5210 3050 5263 ἔστι
3085 5209 3390 5282 σφαιρικὸς,
3419 5206 3541 5259 οὐδὲ

1976 5307 2007 5374 ἡ
2036 5305 2129 5376 γῆν
2165 5304 2278 5358 ἀλλ’
2303 5306 2331 5358 ὁ
2365 5305 2466 5375 μὲν
2495 5303 2627 5356 ὡσεὶ
2656 5302 2905 5374 καμάρα,
2937 5304 3029 5373 ἡδὲ
3054 5303 3411 5374 ἑτερομήκης,
3446 5299 3540 5350 καὶ

1975 5397 2294 5468 κεκόλληται
2336 5396 2405 5450 τὰ
2433 5396 2644 5467 πέρατα
2667 5394 2761 5449 τοῦ
2799 5394 3026 5468 ούρανοῦ
3060 5394 3193 5465 πρὸς
3221 5393 3288 5445 τὰ
3328 5390 3543 5462 πέρατα
3614 5446 3615 5449 η

1973 5492 2072 5561 τῆς
2092 5490 2214 5559 γῆς.
2249 5488 2566 5545 Theodorus
2591 5489 2717 5544 item
2744 5489 3039 5559 episcopus
3092 5481 3377 5538 Tarsensis
3408 5482 3442 5534 l.
3476 5497 3539 5536 ιη

1974 5579 2176 5635 Contra
2225 5580 2391 5635 fatum
2428 5582 2613 5636 multis
2653 5580 2756 5635 hoc
2795 5579 2938 5633 idem
2983 5575 3251 5644 capitibus
3289 5573 3543 5643 essequi-

1975 5680 2085 5740 tur,
2111 5680 2169 5727 ut
2201 5674 2428 5731 habetur
2458 5674 2600 5744 apud
2630 5674 2876 5728 Photiutn
2900 5690 2910 5724 :
2933 5671 3016 5723 Ἐν
3042 5668 3098 5720 δὲ
3120 5666 3196 5738 τῷ
3224 5666 3391 5738 τρίτῳ
3422 5684 3543 5721 mis
3576 5722 3579 5723 ν

3392 427 3493 484 818
3594 468 3600 476 .
