4064 6290
705 347 811 404 819
944 402 953 415 ,
2030 339 2277 397 LEONIS

2030 339 2277 397 LEONIS
2314 329 2587 396 Αιιᾉτιι

707 466 868 539 ρᾶται
900 456 996 536 μὲν
1019 463 1107 517 διά
1129 479 1188 515 τε
1216 460 1310 515 τοῦ
1350 468 1434 515 κα⁹
1467 461 1618 516 κάτω
1646 462 1738 516 καὶ
1769 460 1863 515 τοῦ
1901 458 2005 531 κβ¹,
2032 462 2126 514 καί
2154 461 2259 533 μὴν
2287 466 2312 523 Δ

2287 466 2335 523 Α
2361 459 2575 515 Elenchi
2590 466 2771 515 contra
2786 462 2968 514 limes.
2992 474 3009 512 :
3029 455 3315 525 Γεγονέναι
3340 456 3420 519 δὲ,
3441 454 3540 508 τὰ
3576 453 3798 539 ἄστρα
3825 452 3872 506 ἐι

702 558 800 612 καὶ
830 555 923 610 τοῦ
965 549 1147 626 τρίτου
1178 555 1272 608 καὶ
1305 554 1573 620 εἰκοστοῦ,
1614 555 1705 608 καὶ
1743 560 1790 607 κ’
1826 553 1920 607 καὶ
1948 553 1989 607 δ’
2021 554 2262 624 ἐλέγχειν
2361 551 2448 607 διὰ
2474 552 2533 606 τὸ
2554 552 2651 624 τὴν
2676 552 2872 624 ἰκμάδα
2902 552 2966 606 ὲκ
3002 548 3200 621 ταύτης
3229 547 3607 612 ἐνίστασθαι,
3658 546 3746 618 ἧς
3787 546 3874 615 ἀρι

701 649 824 712 τοὺς
852 648 941 701 τὸν
977 646 1204 717 οὐρανὸν
1238 647 1522 718 σφαιρικὸν
1563 646 1996 717 ὑποτιθεμένους.
2029 646 2102 700 Οὐ
2138 645 2263 717 μέν·
2364 645 2528 719 μένης
2554 645 2613 698 τὸ
2639 644 2749 716 πῦρ
2779 644 3050 715 γίνεσθαι·
3081 643 3144 695 ὲκ
3180 641 3237 694 δὲ
3268 639 3362 694 τοῦ
3398 638 3615 710 πυρὸς
3653 654 3874 710 μετεωε

696 754 842 807 τοιγε
867 736 954 791 διὰ
993 736 1099 793 τῶν
1136 739 1286 809 ἰσχὺν
1325 739 1554 809 ἐχόντων
1594 740 1642 791 οί
1680 738 1887 809 ἔλεγχοι
1921 738 2150 809 πρόεισι.
2187 738 2259 791 Τὸ
2363 737 2523 808 μένου
2559 738 2683 801 τοὺς
2714 738 2943 808 ἀστέρας
2978 732 3343 788 συνίστασθαι.
3373 727 3557 785 Εἶναι
3601 729 3673 782 δὲ
3714 732 3822 783 καὶ
3863 748 3876 796 1

696 829 978 900 σφαιρικὸν
991 829 1048 883 δὲ
1080 830 1138 883 οὐ
1171 829 1409 900 βούλεται
1437 834 1733 901 συγχωρεῖν
1756 830 1832 899 τῷ
1866 830 2095 901 οὐρανῷ
2127 830 2256 884 διότι
2356 829 2467 892 δεις
2498 828 2684 899 φύσεις
2713 829 2769 881 ὲν
2812 827 2889 899 τῷ
2916 827 3063 897 τόπῳ
3084 824 3192 879 τῶν
3220 824 3472 895 ἀστέρων
3523 832 3876 895 συμφερομε

691 919 900 991 νομίζει
930 920 1027 993 τὴν
1073 922 1409 993 εἱμαρμένην
1438 923 1502 975 ἐκ
1535 923 1631 993 τῆς
1669 923 1918 996 τοιαύτης
1945 922 2255 990 εἰσάγεσθαι

2356 922 2601 984 ἐκείνοις.
2629 918 2781 975 Hanc
2801 918 3071 989 Eustatbii
3096 917 3426 974 sententiam
3458 923 3689 971 tuetur
3714 924 3777 972 et
3801 916 3875 988 Ol;

692 1009 908 1074 θέσεως.
948 1010 1210 1077 Quamvis
1260 1012 1422 1081 hujus
1455 1013 1724 1068 rationem
1768 1013 1843 1067 uti
1883 1013 2094 1068 minimi
2140 1030 2257 1068 mo-
2355 1010 2614 1082 piodorus
2639 1009 2809 1065 inJob
2825 1024 2988 1081 super
3010 1009 3117 1065 illis
3145 1008 3327 1065 verbis
3348 1022 3482 1079 cap.
3510 1007 3876 1076 turmam;

686 1102 854 1156 menti
881 1101 1094 1157 refellat
1124 1104 1262 1158 idem
1291 1103 1520 1159 Photius
1542 1104 1739 1159 ibidem
1773 1123 1787 1158 :
1819 1105 2010 1158 Καίτοι
2031 1105 2253 1176 οὐδεμία
2353 1119 2468 1156 sum
2499 1112 2673 1156 autem
2701 1102 2789 1157 est
2820 1102 2953 1155 sicut
2988 1110 3140 1156 terra:
3178 1101 3311 1155 cinis
3341 1101 3385 1155 ⁸.
3415 1098 3705 1155 Notanda
3733 1099 3878 1156 Joani

683 1192 841 1246 τοῦτο
872 1195 1140 1260 ἀπόδειξις
1169 1196 1506 1260 ἐκϐιάζεταιο
1537 1199 1597 1250 οὐ
1641 1198 1769 1269 γὰρ,
1802 1196 1856 1250 εί
1882 1214 1944 1266 γε
1972 1198 2253 1268 σφαιρικὸς

2351 1189 2730 1262 Chrysostomi
2771 1193 3060 1261 sententia,
3108 1194 3226 1247 Ὅτι
3283 1194 3380 1265 μὲν
3429 1192 3724 1266 καμάρας
3769 1192 3877 1249 εῖκό

685 1285 714 1336 ὁ
740 1284 985 1354 οὐρανὸς,
1027 1288 1121 1340 καὶ
1149 1287 1208 1340 τδ
1234 1289 1332 1358 τῆς
1374 1288 1713 1359 εῖμαρμένης
1765 1287 1822 1355 ἐξ
1851 1289 2093 1360 ἀνάγκης
2128 1305 2251 1342 συν.
2349 1282 2621 1348 διασώζει,
2652 1284 2835 1354 ἴσμενο
2857 1283 2940 1347 τίς
2977 1283 3034 1336 δέ
3076 1286 3191 1338 ἐστι
3221 1284 3319 1357 τὴν
3338 1285 3565 1353 οὐσίαν,
3614 1290 3878 1360 ἀγνοοῦμε

689 1372 920 1429 ίσταται.
956 1374 1273 1430 Lactantius
1297 1376 1332 1429 l.
1369 1392 1401 1428 v
1433 1375 1610 1431 Diuin.
1651 1378 1800 1440 inst,
1840 1392 1891 1432 c.
1917 1377 2008 1441 24,
2041 1376 2249 1433 deridet
2352 1369 2748 1431 Stolidissimus
2774 1374 3110 1431 Mohametus
3145 1372 3375 1430 alﬁrmat
3404 1391 3599 1432 aerem
3630 1376 3833 1434 factum
3860 1396 3880 1434 ε

681 1479 777 1521 eos
801 1467 896 1535 qui
926 1466 1122 1522 ca-lum
1181 1467 1499 1536 rotundum,
1530 1478 1583 1524 et
1612 1469 1670 1525 in
1715 1485 1903 1526 omnes
1934 1478 2118 1540 partes
2150 1470 2247 1526 de-

2348 1462 2518 1529 fumo,
2554 1464 2761 1521 fumum
2780 1483 2868 1523 .ex
2894 1482 3109 1536 vvapore
3157 1473 3254 1521 aut
3300 1468 3659 1526 exhalatione
3693 1474 3879 1527 marina

677 1570 878 1610 vexum
928 1556 1297 1615 crediderunt.
1331 1558 1631 1630 Procopius
1678 1576 1798 1616 eam
1847 1561 2128 1619 mordicus
2172 1561 2247 1616 ita
2344 1551 2587 1610 Primum
2616 1556 2813 1612 cmlum
2849 1572 2915 1611 ex
2944 1570 3083 1626 aqua
3104 1555 3268 1611 viridi
3296 1566 3578 1625 constare.
3612 1561 3880 1616 secundm!

677 1646 922 1704 defendit
953 1647 1158 1718 Comm,
1191 1650 1243 1704 in
1271 1649 1425 1718 Gem,
1458 1660 1520 1707 ut
1548 1668 1737 1708 eorum
1767 1654 2117 1717 sententiam,
2149 1654 2244 1723 qui
2344 1659 2410 1700 εἰ
2440 1659 2582 1716 aqua
2625 1647 2793 1712 Clara.
2824 1647 3048 1702 tertium
3083 1662 3151 1702 εἰ
3198 1650 3502 1719 smaragdo,
3537 1660 3795 1721 quartum
3834 1668 3880 1706 el

678 1738 877 1793 cmlum
911 1739 1210 1809 prmdicant
1238 1744 1553 1810 rotundum,
1586 1759 1617 1798 a
1661 1745 1929 1800 catholica
1959 1744 2243 1816 disciplina
2345 1750 2497 1801 auro.
2543 1738 2792 1807 quintum
2831 1754 2899 1794 ex
2926 1738 3242 1810 hiacynthO.
3274 1750 3464 1794 sextum
3488 1757 3557 1796 ex
3592 1742 3779 1798 tabula
3805 1743 3882 1797 lu-

674 1842 832 1887 vocet
863 1833 1131 1899 alienam;
1160 1836 1237 1898 ait
1274 1836 1416 1890 enim
1446 1854 1459 1892 :
1493 1837 1742 1893 Assertio
1784 1836 2079 1892 dicentium
2130 1851 2241 1891 οω-
2271 1822 2314 1877 Β
2342 1828 2485 1894 cida.
2512 1830 2799 1905 septimum
2831 1846 2899 1886 ex
2945 1831 3196 1886 claritate
3225 1832 3367 1901 ignis,
3391 1839 3441 1886 et
3476 1831 3543 1887 de
3578 1849 3691 1888 uno
3733 1837 3874 1892 catlo

671 1924 785 1979 lum
827 1941 948 1983 esse
977 1926 1162 1997 ﬁgura:
1207 1930 1504 1998 sphaericae,
1542 1937 1595 1984 et
1637 1930 1891 1984 circulari
1919 1935 2069 1982 motu
2104 1943 2237 1983 con-
2343 1921 2411 1976 ad
2445 1921 2590 1976 aliud
2630 1936 2752 1978 esse
2780 1920 3092 1979 distantiam
3121 1921 3721 1993 itinerisquingentorum
3761 1940 3863 1981 an-

668 2017 828 2082 vcrti,
865 2034 972 2073 non
1003 2020 1297 2073 concordat
1341 2019 1652 2075 orthodoxa:
1688 2020 1927 2087 veritati,
1970 2021 2063 2075 sed
2104 2035 2235 2075 con-
2340 2026 2557 2069 norum.
2579 2010 2711 2081 Quis
2727 2014 3075 2069 nonmiretur
3097 2013 3336 2069 hominis
3354 2013 3604 2083 ingenium,
3634 2015 3845 2071 in.his-

667 2106 885 2163 tradicit
929 2107 1121 2178 Moysi,
1169 2110 1464 2179 prophetis,
1513 2108 1698 2179 paulo,
1745 2119 1800 2165 ει
1846 2110 2090 2176 Christo,
2139 2110 2233 2181 qui
2340 2113 2509 2170 ceque
2554 2099 2927 2158 describendis
2956 2102 3315 2173 patientiam?
3348 2110 3406 2156 ut
3430 2103 3723 2160 oculatusest
3747 2107 3835 2161 vir

663 2196 806 2253 hanc
835 2200 1147 2271 opinionem
1179 2202 1380 2272 ubique
1425 2203 1480 2256 in
1507 2202 1709 2257 divinis
1743 2202 2040 2273 Scripturis
2071 2202 2233 2258 refel-

2211 2233 2233 2245 -
2338 2192 2482 2249 iste!
2516 2201 2576 2248 ut
2618 2195 2789 2249 multa
2817 2196 2997 2252 videt!
3043 2197 3253 2253 Abeant
3280 2211 3409 2267 ergo
3437 2197 3731 2253 mathematici
3763 2207 3816 2256 et

663 2280 799 2345 lunt.
855 2283 1114 2340 docentes
1152 2287 1374 2349 coelum,
1415 2302 1591 2357 neque
1620 2287 1827 2343 circulo
1874 2288 2024 2356 ferri,
2056 2303 2233 2358 neque
2337 2292 2628 2355 geometrae
2671 2302 2794 2342 cum
2838 2288 2955 2342 suis
2996 2288 3269 2344 mensuris
3323 2296 3380 2343 et
3426 2291 3647 2344 numeris.
3677 2289 3807 2348 Solus

663 2371 984 2441 sphmricam
1031 2374 1261 2430 formam
1296 2376 1519 2439 habere,
1546 2377 1641 2432 sed
1679 2376 1959 2433 immobile
2001 2394 2230 2449 prorsus
2335 2376 2472 2432 vidit
2495 2376 2811 2433 distantiam
2856 2394 3018 2449 quam
3048 2394 3157 2435 non
3194 2380 3389 2451 reliqui
3420 2395 3593 2436 omnes
3621 2381 3818 2438 homines

662 2477 807 2518 esse.
838 2466 1015 2533 Atque
1036 2465 1178 2521 idem
1210 2468 1312 2523 hoc
1341 2469 1536 2537 repetit
1570 2468 1733 2533 infra,
1758 2484 1879 2538 cap.
1912 2469 1962 2534 7,
1998 2477 2052 2524 et
2080 2470 2230 2525 vide-
2335 2484 2439 2524 nec
2472 2478 2664 2526 auctor
2692 2471 2807 2542 ipse
2835 2480 3067 2529 naturae.

661 2562 752 2609 tur
778 2564 1059 2627 mutuatus
1087 2574 1116 2613 a
1146 2559 1557 2630 Chrysostomo,
1590 2576 1621 2615 a
1652 2576 1760 2632 quo
1792 2562 1920 2617 item
1965 2577 2065 2617 sua
2094 2561 2231 2617 hau-

2229 2593 2231 2602 ›
2404 2560 2566 2628 lbid.,
2614 2563 2709 2618 lin.
2754 2563 2843 2618 25.
2890 2563 3006 2633 Τὴν
3038 2564 3106 2617 δὲ
3134 2562 3249 2634 γῆν
3276 2565 3511 2634 φάσκει.
3538 2563 3743 2620 Basilius
3761 2571 3834 2618 ta-

660 2658 854 2705 serunt
901 2648 1336 2720 TlteOphylactus
1385 2659 1437 2706 ct
1481 2651 1876 2709 Theodoretns.-
1932 2652 2067 2710 Vide
2117 2653 2228 2711 Da-
2332 2672 2459 2713 men
2500 2656 2577 2711 ait
2616 2656 2764 2711 hom.
2804 2656 2857 2721 1,
2898 2664 3057 2715 terra:
3084 2655 3439 2712 fundamenta
3476 2665 3668 2711 natura:
3695 2654 3837 2710 homi-

657 2752 976 2795 mascenum
1012 2741 1108 2798 lib.
1145 2757 1181 2796 ιι
1227 2740 1381 2798 Fidei
1431 2742 1661 2806 arthod.,
1703 2760 1824 2815 cap.
1857 2745 1910 2800 6.
1952 2744 2031 2800 lta
2066 2746 2227 2802 indu—
2332 2762 2463 2802 num
2494 2762 2615 2803 esse
2644 2746 2938 2818 incognita,
2965 2754 3019 2803 et
3047 2748 3224 2802 locum
3256 2745 3452 2811 Palmi,
3485 2761 3634 2816 quem
3662 2746 3739 2799 hic
3757 2744 3833 2799 δάε

655 2832 923 2889 cebantur
958 2842 1015 2887 ut
1050 2834 1361 2900 crederent,
1403 2836 1713 2892 testimonio
1742 2838 1889 2893 ducti
1924 2837 2225 2909 Scriptum

2330 2839 2481 2896 ducit
2510 2838 2849 2903 Eustathius,
2880 2838 3130 2908 explicat.
3156 2837 3228 2891 Td
3261 2838 3389 2909 γὰρ,
3406 2838 3533 2891 Ἐπί
3563 2834 3835 2891 datadari:-

657 2923 798 2992 psal.
830 2939 945 2990 cm,
981 2924 1278 2995 Extendens
1326 2928 1509 2997 cwlum
1528 2929 1665 2984 sicut
1687 2929 1872 2998 pellem
1895 2930 1936 2993 °,
1968 2938 2022 2984 et
2050 2929 2221 2998 Isaias,

2328 2932 2720 3000 ἐθεμελίωσεν
2758 2930 2971 2998 αὐτὴν,
3016 2931 3069 2984 τί
3110 2930 3262 3001 δηλοῖ
3292 2930 3327 3000 ἢ
3357 2929 3417 2983 τὸ
3447 2928 3684 2983 πάντοθεν
3708 2944 3832 2998 περι-

654 3011 927 3087 Expandit
950 3018 1104 3071 caelos
1129 3019 1267 3071 sicut
1297 3018 1656 3074 habitaculum
1702 3020 1769 3074 ad
1803 3021 2147 3075 habitandum
2177 3023 2219 3078 ".

2329 3019 2588 3090 κεχύσθαι
2609 3022 2674 3091 τῇ
2708 3023 2777 3091 γῇ
2810 3020 2908 3090 τὴν
2935 3018 3028 3072 τοῦ
3059 3018 3249 3083 ὓδατος
3273 3018 3434 3090 φύσιν
3457 3036 3473 3085 ;
3507 3019 3620 3081 Πῶς
3637 3011 3733 3081 οὖν,
3758 3020 3831 3087 ῥυ-

724 3106 982 3172 (3013709,
1004 3110 1098 3163 lin.
1122 3110 1206 3165 15.
1225 3112 1421 3165 Αὐτοῦ
1436 3112 1686 3179 λεπτὴν.
1708 3112 1937 3169 Basilius
1952 3113 2221 3169 hom.viin
2326 3133 2329 3148 ι

2326 3112 2416 3167 τὸν
2449 3112 2690 3183 ὑπάρχον
2731 3111 2792 3165 τὸ
2829 3110 2994 3182 ὕδωρ,
3038 3109 3134 3165 καὶ
3178 3110 3271 3163 tut
3307 3110 3370 3163 τὸ
3410 3111 3601 3181 πρανὲς
3634 3106 3829 3176 πεφυκὸς

651 3199 906 3255 Hexaem.
925 3216 943 3253 :
960 3200 1117 3254 Ἀλλὰ
1133 3203 1259 3273 περί
1274 3203 1369 3272 μὲν
1384 3204 1481 3271 τῆς
1492 3204 1674 3267 οὐσίας
1684 3203 1777 3257 τοῦ
1794 3204 2018 3276 οὐρανοῦ
2029 3205 2226 3277 ἀρκού-
2252 3192 2298 3254 C
2329 3203 2706 3271 καταπίπτειν,
2735 3201 2881 3274 μένει
2900 3201 3335 3273 ἁπεωρούμενον,
3358 3202 3454 3256 καὶ
3472 3199 3673 3271 οὐδαμοῦ
3690 3199 3830 3268 ἀπορέ

652 3291 791 3362 μεθα
804 3295 916 3355 τοῖς
933 3284 1184 3364 παρὰτοῦ
1215 3294 1430 3347 Ἡσαΐου
1456 3295 1778 3366 εἰρημένοις,
1795 3296 1852 3360 ὃς
1866 3298 1921 3351 ὲν
1941 3296 2223 3363 ἰδιωτικοῖς
2323 3296 2479 3367 ρέονς
2504 3296 2577 3349 Σὺ
2604 3295 2661 3348 δὲ
2688 3294 2748 3347 οὐ
2774 3293 2995 3363 λογίζει,
3022 3294 3102 3346 ὅτι
3121 3293 3217 3365 τὴν
3240 3293 3433 3364 αὐτὴν,
3453 3294 3535 3346 καὶ
3552 3291 3616 3344 ἔτι
3636 3289 3822 3343 πλείονα

649 3383 886 3453 ῥήμασιν
918 3384 1105 3455 ἱκανὴν
1137 3387 1269 3456 ἡμῖν
1292 3385 1391 3455 τῆς
1423 3386 1638 3454 φύσεως
1663 3387 1823 3442 αὑτοῦ
1851 3388 1951 3460 τὴν
1982 3389 2218 3445 διάνοιαν
2321 3385 2550 3456 ἀπορίαν
2590 3384 2666 3455 τῷ
2697 3383 2837 3454 λόγῳ
2877 3383 3102 3455 παρέχει
3133 3385 3166 3454 ἡ
3196 3382 3268 3453 γῆ
3301 3383 3424 3439 καθ’
3459 3380 3619 3452 ἑαυτὴν
3640 3395 3813 3451 κρεμα-

645 3475 990 3547 ἐνεποίησεν,
1043 3476 1241 3530 εἱπών·
1298 3478 1361 3530 '0
1418 3477 1754 3546 στερεώσας
1800 3479 1906 3534 τὸν
1962 3481 2221 3548 οὐρανὸν

2205 3499 2221 3517 ~
2324 3476 2457 3548 μένη
2495 3475 2767 3548 βαρυτέρα
2792 3475 2889 3546 τὴν
2925 3475 3084 3545 φύσιν
3113 3472 3266 3529 οὖσα.
3306 3473 3639 3530 Externorum
3662 3478 3810 3524 tamen

644 3564 786 3619 ὡσεὶ
821 3568 1077 3633 καπνὸν,
1115 3569 1361 3623 τουτέστι
1398 3568 1599 3641 λεπτὴν
1645 3570 1829 3639 φύσιν·
1888 3572 1982 3626 καί
2003 3574 2063 3625 οὐ
2097 3590 2217 3626 στε-

2214 3605 2217 3613 ι
2318 3569 2762 3640 philosophorum
2799 3570 2982 3639 opinio
3010 3577 3095 3624 est
3121 3567 3291 3639 magis
3319 3576 3539 3638 recepta
3565 3563 3819 3621 :Fundasse

648 3656 796 3728 ρεὰν,
842 3659 963 3719 οὐδὲ
1024 3663 1252 3730 παχεῖαν
1286 3662 1345 3724 ἐς
1376 3661 1475 3733 τὴν
1529 3662 1623 3715 τοῦ
1671 3663 1899 3734 οὐρανοῦ
1959 3666 2215 3720 σύστασιν

2214 3694 2215 3697 η
2317 3659 2486 3715 Deum
2525 3669 2727 3715 terram
2772 3660 2827 3714 in
2874 3660 3115 3730 sphzerae,
3161 3673 3281 3729 qua:
3330 3659 3589 3713 mundum
3631 3652 3819 3722 undique

642 3749 928 3815 οὐσιώσας.
958 3751 1035 3807 Ex
1065 3754 1223 3822 cujus
1251 3755 1436 3810 verbis
1468 3756 1647 3811 locum
1675 3756 1819 3811 hunc
1842 3757 1915 3810 ita
1945 3756 2211 3812 restituo:
2315 3754 2711 3822 complectitur,
2760 3761 2970 3818 centro,
3028 3752 3227 3823 quippe
3276 3768 3399 3822 qua:
3458 3760 3663 3821 propter
3696 3759 3818 3799 suum

641 3841 825 3912 Τὴνᾰὲ
850 3844 1038 3905 οὐσίαν
1068 3846 1253 3914 αὐτοῦ,
1278 3848 1362 3902 vel
1401 3847 1498 3919 τὴν
1529 3848 1723 3916 φύσιν;
1761 3848 1817 3902 in
1859 3847 2061 3919 quibus
2086 3848 2211 3901 illu-

2313 3845 2674 3915 mquilibrium
2717 3860 2783 3900 ex
2828 3844 2975 3899 omni
3024 3851 3179 3914 parte
3238 3842 3572 3898 tantumdem
3622 3838 3758 3893 distat
3792 3849 3816 3887 a

641 3942 808 3988 strom
838 3936 985 3990 illam
1030 3941 1460 3996 controversiam
1507 3941 1855 4005 determinat,
1897 3941 2021 3996 caeli
2063 3941 2213 3996 vide-
2312 3938 2473 4002 caelo,
2508 3944 2567 3993 ut
2604 3937 2676 3992 ob
2714 3936 2768 3991 id
2799 3937 2977 4007 ipsum
3008 3942 3063 3991 et
3090 3934 3300 3989 ﬁrmam
3331 3934 3519 3989 sedem
3555 3926 3815 3990 obtinuerit,

638 4023 766 4078 licet
806 4027 1169 4083 substantiam
1197 4044 1306 4084 non
1334 4044 1457 4086 esse
1488 4031 1726 4096 mistam,
1759 4033 1854 4087 sed
1882 4032 2206 4102 simplicem,
2310 4036 2364 4085 et
2397 4029 2620 4086 immota
2649 4030 2876 4094 nitatur,
2909 4035 2964 4083 et
2990 4028 3148 4082 lixam
3176 4028 3247 4082 sit
3273 4036 3432 4080 nacta
3462 4024 3723 4090 basim;et
3740 4019 3815 4072 hoc

640 4112 709 4168 de
735 4130 842 4184 qua
867 4119 1036 4173 multa
1083 4119 1245 4175 nobis
1287 4128 1342 4175 et
1370 4120 1620 4182 Plotinus
1665 4121 1743 4176 De
1770 4123 1984 4188 mundo,
2017 4132 2072 4179 et
2116 4123 2208 4178 alii
2311 4137 2351 4176 ll
2397 4120 2469 4176 De
2494 4124 2620 4176 calo
2653 4137 2779 4193 cap.
2827 4122 2894 4178 M
2944 4120 3295 4177 validissimis
3343 4118 3643 4174 rationibus
3671 4111 3815 4185 probat

641 4205 1006 4265 tradiderunt.
1032 4208 1262 4275 Quidam
1285 4211 1429 4267 enim
1469 4213 1668 4267 cmlum
1700 4214 1942 4283 ejusdem
1965 4231 2089 4272 esse
2118 4230 2208 4269 na—
2307 4213 2651 4280 Aristoteles,
2684 4221 2739 4269 et
2788 4229 2920 4270 sane
2965 4212 3344 4284 despicaciori,
3381 4221 3434 4266 et
3467 4206 3708 4266 deteriori
3733 4204 3810 4259 ele-

639 4304 779 4352 turat
826 4313 953 4354 cum
1002 4301 1283 4358 elementis
1338 4303 1586 4358 arbitrati
1631 4313 1779 4368 sunt,
1824 4306 1980 4374 quod
2039 4305 2206 4360 refert
2306 4314 2509 4371 mento,
2538 4306 2758 4367 inﬁmus
2787 4307 2942 4365 locus
2961 4306 3277 4371 debebatur,
3301 4313 3461 4359 terrae
3482 4304 3809 4359 elementorum

638 4383 1012 4455 Theodoretus
1044 4390 1119 4445 De
1148 4393 1375 4446 materia
1401 4402 1452 4447 et
1480 4395 1696 4458 mundo,
1724 4404 1778 4449 et
1805 4394 1958 4452 Philo
1987 4395 2205 4455 Judaeus
2305 4396 2628 4463 deterrimae,
2657 4398 2811 4454 locus
2834 4398 2929 4469 qui
2954 4398 3187 4453 maxime
3218 4412 3245 4450 a
3277 4395 3417 4449 caelo
3440 4395 3603 4451 distat
3622 4389 3807 4446 inﬁmus.

634 4475 714 4531 De
745 4495 947 4545 somno,
984 4488 1039 4535 et
1077 4480 1427 4538 Plutarchus.
1462 4482 1567 4537 Alii
1608 4483 1778 4554 ignea:
1806 4501 1928 4541 esse
1969 4496 2198 4552 naturae,
2232 4543 2272 4561 ﬂ
2305 4486 2561 4545 Centrum
2597 4490 2785 4545 mundi
2818 4491 3055 4561 maxime
3086 4506 3117 4544 a
3150 4490 3289 4545 cutio
3325 4490 3515 4554 distat,
3552 4487 3750 4554 ideoque
3771 4478 3808 4531 in

633 4568 792 4638 cujus
827 4543 1101 4643 opinionis
1132 4582 1387 4629 auctores
1432 4572 1598 4637 tradit
1628 4543 1917 4647 :Egyptios
1945 4578 2199 4635 Albertus
2231 4543 2275 4597 Β
2303 4596 2370 4637 eo
2401 4591 2516 4635 erat
2548 4581 2867 4636 collocanda
2902 4556 3002 4643 sua
3044 4588 3264 4647 natura,
3306 4581 3452 4636 unde
3490 4590 3630 4635 terra
3663 4586 3805 4645 σφωε.

633 4659 860 4732 Magnus
904 4673 1059 4721 tract.
1106 4667 1132 4720 1
1168 4665 1244 4722 De
1295 4668 1444 4732 caelo,
1489 4684 1610 4738 cap.
1648 4668 1703 4722 4.
1764 4667 2009 4733 Platonis
2053 4672 2201 4726 circa
2301 4686 2412 4726 non
2451 4686 2482 4726 e
2521 4673 2802 4726 contrario
2839 4680 3040 4735 terram
3076 4689 3228 4743 aqua:
3275 4678 3601 4728 sustentant.
3640 4666 3705 4721 En
3736 4677 3806 4718 no-

628 4752 735 4807 ltoc
766 4755 1075 4824 Opinionem
1115 4758 1361 4815 habesin
1409 4760 1664 4825 Alcinoo;
1698 4759 1974 4815 Macrohio
2019 4763 2111 4818 lib.
2146 4763 2200 4818 in
2262 4794 2266 4798 -
2300 4781 2423 4822 vam
2462 4764 2757 4822 Nebulonis
2796 4766 3207 4838 physiologiam.
3243 4764 3437 4829 Terra,
3478 4754 3554 4820 ait
3590 4762 3805 4817 hlohamc-

630 4842 812 4900 Somn.
866 4847 1133 4916 Scipion.,'
1169 4851 1493 4921 Augustino.
1534 4868 1634 4906 vm
1687 4851 1767 4906 De
1821 4853 2029 4907 civitate
2078 4854 2196 4923 Dei,
2301 4866 2410 4923 tus,
2453 4860 2753 4913 sustinetur
2776 4874 2807 4912 a
2841 4874 3034 4928 magno
3062 4858 3197 4913 hove
3228 4857 3386 4927 cujus
3422 4866 3585 4929 caput
3614 4846 3805 4909 extendi-

627 4951 748 5007 (οι).
776 4939 833 4991 11
859 4956 873 5004 ;
907 4939 1204 5012 Philopono
1248 4942 1314 4997 ad
1338 4960 1389 4997 vi
1425 4951 1478 4999 et
1503 4959 1600 4997 xm
1625 4941 1825 4997 Procli.
1855 4941 1958 4999 Sed
1994 4944 2062 4997 de
2099 4944 2200 5000 hoc
2302 4957 2392 5003 tur
2412 4950 2466 5003 in
2488 4950 2777 5014 orientem,
2806 4951 2978 5005 cauda
3009 4951 3063 5004 in
3086 4951 3449 5015 occidentem,
3471 4957 3691 5021 quatuor
3711 4952 3803 4993 vero

626 5030 785 5098 plura
814 5028 1043 5086 inferius
1084 5041 1273 5089 noster
1301 5033 1619 5091 Eustathius
1661 5050 1729 5090 ex
1763 5036 1964 5105 quibus
1994 5037 2194 5092 coelum
2298 5041 2464 5112 pedes
2515 5042 2823 5096 innituntur
2869 5042 3034 5112 lapidi
3081 5042 3332 5097 candido.
3376 5039 3433 5094 In
3469 5040 3644 5110 capite
3681 5030 3800 5087 habet

625 5129 943 5178 concretum
965 5123 1037 5180 sit
1059 5125 1182 5181 aliis
1215 5125 1599 5184 declarandum
1647 5128 1982 5199 relinquens,
2011 5129 2193 5185 verbis
2296 5134 2651 5204 quadraginta
2678 5148 2907 5198 cornua,
2937 5149 3169 5204 quorum
3198 5148 3365 5188 unum
3395 5133 3465 5188 ab
3497 5134 3654 5187 altero
3677 5124 3799 5178 distat

621 5212 778 5271 Isaiae
813 5214 934 5285 ejus
982 5224 1237 5275 naturam
1283 5226 1519 5282 tenuem,
1564 5235 1673 5274 non
1721 5220 1971 5282 solidam,
2015 5235 2191 5289 neque
2292 5226 2489 5284 itinere
2531 5226 2680 5281 mille
2724 5242 3014 5281 annorum.
3064 5225 3268 5285 Subtus
3321 5226 3552 5296 lapidem
3598 5232 3709 5277 vero
3740 5216 3799 5266 est

622 5320 866 5362 crassam
890 5310 1221 5374 essetradit,
1250 5325 1445 5369 eorum.
1466 5312 1780 5382 opinionem
1812 5313 2063 5369 refellens
2095 5313 2186 5383 qui
2293 5334 2453 5385 mons
2494 5319 2780 5375 infernalis
2832 5319 3012 5374 dictus
3067 5319 3223 5382 Zoth,
3275 5334 3435 5390 quem
3486 5306 3795 5373 conscendam

622 5397 820 5452 coelum
888 5400 1122 5456 solidum
1166 5401 1334 5456 veluti
1398 5404 1715 5474 crystallum
1770 5405 2083 5476 ponebant,
2132 5412 2188 5459 et
2292 5420 2563 5481 coguntur
2592 5420 2927 5480 peccatores,
2956 5419 3011 5467 et
3038 5412 3129 5468 ubi
3164 5413 3301 5468 bene
3335 5419 3589 5466 oneratus
3621 5411 3693 5456 “st
3720 5392 3797 5450 co"

621 5500 810 5543 eorum
845 5491 938 5563 qui
965 5499 1227 5557 terreum,
1250 5508 1597 5567 gravemque,
1627 5502 1681 5549 et
1707 5495 2062 5551 Anaximenis
2091 5497 2186 5566 qui
2292 5500 2541 5564 labascit,
2563 5516 2765 5571 eosque
2795 5503 3112 5559 submersos
3137 5502 3191 5557 in
3215 5500 3487 5558 infernum
3511 5488 3790 5570 praecipitat:

624 5573 758 5634 illud
789 5597 821 5637 e
865 5593 1010 5640 terra
1055 5584 1441 5653 fabricaverat,
1476 5586 1544 5642 de
1589 5602 1697 5656 quo
1740 5587 2000 5659 Origenes
2042 5587 2137 5644 lib.
2169 5603 2185 5641 ι
2294 5590 2395 5647 sub
2425 5589 2527 5646 hoc
2560 5602 2741 5649 monte
2768 5602 2910 5648 terra
2940 5600 3025 5649 cst
3056 5605 3111 5649 et
3145 5601 3330 5664 postea
3368 5605 3536 5657 mare,
3570 5592 3620 5643 et
3644 5580 3792 5637 rursBS

696 5736 718 5769 '
755 5736 906 5797 Psal.
942 5757 1065 5808 crit,
1098 5745 1155 5804 2.
1224 5742 1249 5797 ἔ
1290 5745 1401 5802 lsa.
1436 5762 1537 5813 XL,
1577 5745 1665 5801 22.
1742 5748 1764 5781 ⁸
1800 5745 1901 5802 Job
1932 5764 2158 5817 xxxviii,
2195 5749 2279 5805 58.
