4064 6290
61 485 98 534 τά
114 490 172 549 i2:

51 576 118 640 551i.
135 576 174 644 ἶες

52 1251 70 1262 ιε
92 1254 123 1267 ι..

54 3855 62 3890 ι

54 4041 72 4080 ι

54 4137 63 4173 l

54 4225 80 4278 ιε

54 4311 80 4361 επ

54 4417 80 4459 ll

62 4511 80 4548 ι

56 4603 83 4645 εἰ.

56 4703 80 4738 ιι

65 4775 78 4827 l

56 4875 78 4927 li

56 4983 78 5020 ς

259 473 372 532 821

1268 471 1337 525 IN
1375 469 1744 526 EUSTATHII
1783 468 1820 524 ll

1926 465 2250 531 AEMERON
2289 463 2518 522 ΝΟΤιΕ.
3380 459 3486 516 822

260 597 428 645 terra
457 585 710 656 aliudque
741 601 891 641 mare
929 602 1100 657 usque
1137 587 1203 642 ad
1244 593 1448 657 septem
1479 596 1743 642 terrarum
1778 595 1820 641 et

1932 583 2032 654 τῆς
2059 582 2338 645 εὐσεϐείας
2373 578 2657 650 χαρακτὴρ
2689 575 2917 640 ἐνιζάνει
2946 572 3120 626 αύτῶν
3143 573 3250 636 τοῖς
3278 573 3484 643 ἤθεσιν,

51 675 170 747 ³9ᾞῖ
260 679 512 734 marium
544 690 849 730 numerum.
885 673 1081 730 Ultima
1124 692 1250 731 vero
1291 685 1556 731 terrarum
1595 685 1677 734 est
1714 677 1834 730 alba

75 770 163 826 12:2;
265 777 332 823 ut
363 769 474 832 lac,
509 767 688 822 mollis
707 773 767 820 ut
785 754 999 831 crocus,
1033 766 1199 821 odora
1224 775 1282 821 ut
1313 768 1588 834 unoschus,
1613 776 1666 822 et
1689 769 1835 822 clara

88 876 158 920 .2:
263 865 335 914 ut
365 859 520 923 luna,
550 857 690 912 infra
734 872 855 912 eam
901 873 1132 929 magnus
1173 858 1338 928 piscis
1375 858 1534 928 cujus
1577 867 1742 928 caput
1778 860 1835 914 in

263 953 566 1016 orientem,
594 951 764 1005 cauda
791 966 981 1006 versus
1017 949 1351 1005 occidentem
1388 951 1703 1022 porrigitur,
1737 968 1835 1007 su-

265 1055 375 1110 per
414 1041 571 1109 cujus
607 1041 772 1096 dorso
805 1041 1101 1095 fundantur
1127 1055 1188 1095 ac
1223 1040 1406 1110 jacent
1435 1049 1612 1105 terrae,
1642 1042 1832 1104 maria,

266 1144 396 1196 aer,
430 1147 602 1201 usque
631 1131 699 1185 ad
735 1130 895 1186 ﬁnem
927 1129 1134 1184 mundi.
1166 1127 1372 1184 Subtus
1409 1131 1608 1201 piscem
1644 1141 1835 1185 ventus

264 1230 384 1289 est,
410 1223 503 1292 qui
533 1238 658 1278 eum
692 1222 946 1286 sustinet,
982 1222 1178 1279 subtus
1213 1223 1357 1277 hunc
1382 1223 1610 1288 tonitru,
1642 1238 1834 1277 rursus

254 1316 376 1372 sub
424 1315 528 1370 hoc
572 1330 720 1370 mare
762 1314 1076 1378 obscurum,
1128 1316 1470 1384 postmodum
1516 1314 1722 1380 laudes,
1765 1314 1835 1368 ab

251 1405 430 1460 hisce
473 1405 666 1475 gloria,
718 1404 974 1473 deinceps
1017 1404 1272 1472 thronus,
1322 1418 1445 1477 post
1489 1423 1612 1461 eum
1651 1405 1832 1461 tabula

251 1497 444 1569 picta,
475 1503 530 1551 et
558 1510 755 1566 penna.
783 1505 838 1550 et
865 1494 1090 1553 inferius
1115 1512 1312 1568 magna
1333 1497 1426 1553 Dei
1454 1498 1670 1552 nomina
1703 1516 1716 1551 :
1740 1497 1834 1552 sed

255 1592 421 1662 piget
452 1589 798 1658 ineptiarum,
826 1605 1060 1660 quarum
1090 1590 1274 1646 nullus
1301 1590 1493 1645 modus
1517 1590 1658 1662 apud
1689 1591 1834 1644 hunc

263 1689 618 1752 nugatorem.

348 1769 608 1828 Col.709.
641 1771 736 1825 litt.
767 1771 854 1825 9.6.
883 1772 992 1826 Καὶ
1019 1771 1086 1826 τὸ
1122 1771 1247 1838 πῶς
1281 1773 1351 1826 οὐ
1383 1771 1478 1825 δεῖ
1508 1773 1690 1834 πολύ.
1729 1772 1833 1829 Ubi

271 1876 517 1931 namque
536 1860 668 1918 ﬁdes
697 1863 997 1918 humanum
1019 1864 1350 1920 intellectum
1370 1861 1760 1929 informaverit,
1778 1870 1834 1922 et

1934 672 2304 745 ἀναζωπυρῶν
2328 671 2387 724 τὸ
2415 673 2478 724 ἐκ
2506 671 2604 740 τῆς
2628 667 2879 737 τοιαύτης
2907 663 3189 734 συνηθείας
3211 665 3488 737 συνειλημ-

1939 767 2094 838 μένον
2121 762 2271 836 ἦθος,
2296 765 2389 818 καὶ
2413 763 2532 816 κατ’
2558 760 2734 828 ὀλίγον
2760 761 2838 823 εἰς
2866 758 2964 830 τὴν
2993 756 3082 810 τοῦ
3107 755 3270 809 καλοῦ
3293 758 3485 821 αὐτοὺς

1934 856 2110 928 ὄρεξιν
2141 855 2368 928 ὁδηγῶν.
2404 855 2498 916 El;
2529 853 2753 906 πλεῖστα
2787 849 2844 903 δὲ
2873 849 3073 918 ταύτης
3105 848 3207 902 ὑπὸ
3236 847 3342 900 τῶν
3371 850 3488 901 ἐπι-

1933 948 2241 1018 γενομένων
2278 945 2646 1017 μερισθείσης,
2678 943 2930 1014 ζητήσεις
2955 941 3283 1011 συνέστησαν
3311 939 3488 992 πλείο-

1934 1055 2042 1102 νες,
2068 1038 2316 1106 καθάπερ
2341 1038 2398 1088 ἐν
2429 1037 2540 1098 τοῖς
2569 1034 2876 1104 ἐριστικοῖς,
2916 1031 3007 1099 ἀφ’
3048 1023 3122 1083 ὧν
3147 1029 3486 1100 ἐντρεχεστέ-

1936 1145 2062 1198 ρους
2107 1126 2205 1198 μὲν
2248 1125 2437 1188 ἄλλους
2470 1124 2668 1196 ἐτέρων
2707 1121 2923 1192 μᾶλλον,
2952 1119 3045 1174 καὶ
3077 1118 3488 1190 ζητικωτέρους,

1934 1219 2009 1282 ὡς
2037 1217 2101 1271 ἀν
2127 1234 2212 1280 τις
2237 1216 2399 1278 εἴποι,
2432 1213 2711 1284 γεγονέναι
2747 1211 3076 1283 συμϐέϐηκε,
3111 1210 3210 1263 καί
3226 1226 3366 1270 τινες
3387 1208 3487 1280 ήδη

1934 1311 2026 1363 καὶ
2055 1308 2316 1380 αἱρέσεων
2345 1306 2706 1378 προύστησαν,
2752 1305 2844 1374 ἀφ’
2885 1297 2958 1356 ὧν
3003 1304 3035 1372 ἠ
3083 1301 3221 1355 κατά
3259 1302 3320 1353 τὸ
3358 1296 3489 1371 ἦθος

1933 1399 2124 1470 ἄδηλος
2155 1397 2460 1468 κατασκευὴ
2488 1395 2810 1466 ἐμαραίνετο
2831 1410 2844 1423 ⁸
2873 1394 2967 1464 τῆς
3005 1393 3101 1462 μέν
3129 1391 3267 1444 κατὰ
3296 1391 3386 1444 τὸν
3402 1391 3490 1444 λό-

1933 1505 2026 1558 γον
2063 1487 2343 1558 ἀκριϐείας
2385 1487 2483 1538 οὐκ
2533 1481 2931 1552 ἐφικνουμένων
2973 1479 3192 1542 τούτων,
3233 1480 3344 1531 ὅσοι
3381 1477 3491 1531 τῶν

1933 1580 2192 1651 αἱρέσεων
2243 1577 2490 1648 ἡγεῖσθαι
2535 1575 2737 1644 ἠξίουν,
2765 1571 2857 1625 τοῦ
2905 1570 2959 1624 δέ
3009 1569 3200 1623 πολλοῦ
3257 1568 3491 1639 πλήθους

1935 1667 2448 1739 στασιαστικῶτερον
2494 1668 2627 1738 πρὸς
2677 1665 2806 1728 αὐτὸ
2863 1663 3212 1725 διατεθέντος,
3274 1661 3492 1724 κανόνος

1932 1763 1988 1818 δὲ
2013 1763 2220 1825 οὐδενὸς
2256 1761 2518 1823 εἰπόντος,
2563 1759 2682 1812 οὐδέ
2715 1757 2909 1828 νόμων,
2946 1755 3035 1823 ἀφ’
3068 1747 3142 1806 ὧν
3179 1753 3286 1805 τῶν
3325 1751 3489 1822 ζητή-

1936 1873 2070 1909 σεων
2099 1852 2417 1926 πορίσασθαι
2445 1849 2615 1904 λύσιν.
2647 1847 2909 1918 Καθάπερ
2937 1847 2993 1899 δέ
3031 1848 3086 1898 ἐν
3118 1847 3227 1908 τοῖς
3255 1844 3430 1907 ἄλλοις
3456 1845 3488 1914 ἡ

269 1955 516 2010 rationes
549 1955 799 2014 humanae
827 1965 880 2010 et
900 1956 1269 2026 experimenta
1297 1955 1463 2011 veluti
1491 1955 1695 2010 nullius
1720 1969 1820 2010 moi

1935 1943 2230 2014 φιλοτιμία,
2260 1942 2340 2005 είς
2368 1937 2671 2012 ὑπερϐολὰς
2698 1937 3055 2001 ἐκπίπτουσα,
3086 1935 3184 1995 οὐκ
3217 1933 3358 1986 ἐστιν
3392 1933 3490 1985 ὅτι

273 2045 450 2100 menti
471 2047 621 2113 rejici
646 2047 863 2109 debent,
891 2048 946 2102 in
975 2061 1082 2117 qua
1113 2047 1261 2100 nulla
1287 2047 1494 2116 Opinio,
1523 2047 1670 2102 nulla
1693 2047 1834 2100 veri-

1932 2039 1991 2090 ού
2017 2034 2353 2106 λυμαίνεται,
2385 2031 2525 2085 οὕτω
2549 2032 2604 2083 δὲ
2631 2029 2725 2082 καὶ
2752 2029 2844 2081 ἐπὶ
2872 2027 3094 2090 τούτων,
3122 2029 3186 2097 τῇ
3216 2027 3489 2094 καινότητι

269 2135 592 2201 similitudo,
619 2137 765 2190 nulla
789 2115 1020 2200 fallacia,
1046 2137 1193 2190 nulla
1212 2115 1501 2200 haesitatio,
1526 2135 1671 2189 nulla
1692 2137 1820 2190 iueSI

1930 2125 2037 2184 τῶν
2069 2123 2234 2190 δοξῶν
2285 2123 2539 2193 ἑκάτερος
2585 2120 2674 2173 τὸν
2717 2118 2822 2190 πρὸ
2862 2116 3024 2170 αὐτοῦ
3064 2115 3490 2187 ὑπερϐάλλεσθαι

275 2225 564 2292 dubitatio,
603 2229 698 2284 sed
740 2228 796 2283 in
823 2228 1152 2284 obscuritate
1177 2228 1416 2298 patentia
1445 2228 1645 2290 omnia,
1671 2236 1833 2298 atque

273 2325 465 2387 aperta
505 2317 860 2389 intelligendo
900 2317 1127 2372 ﬁrmiter
1166 2325 1315 2373 tenet
1335 2335 1356 2384 ;_
1378 2324 1430 2372 et
1455 2331 1574 2386 qua
1609 2331 1713 2371 non
1748 2317 1828 2371 vi-

276 2414 393 2476 det,
419 2413 492 2466 uti
525 2413 828 2468 certissima
861 2413 1034 2468 credit
1059 2413 1406 2468 Christianus
1436 2419 1488 2466 et
1515 2412 1623 2466 illis
1646 2426 1833 2466 assen-

275 2503 430 2557 titur.
463 2499 624 2558 Fides
655 2503 1036 2574 hate-qualibet
1081 2502 1544 2557 demonstratione
1584 2502 1832 2570 superior

273 2598 386 2655 est,
415 2592 650 2660 qualibet
675 2592 1002 2647 certitudine
1029 2592 1248 2658 certior,
1275 2591 1516 2662 qualibet
1541 2589 1828 2659 disciplina

276 2683 560 2737 excelsior.
614 2683 792 2750 Quare
836 2681 1076 2738 Joannes
1123 2681 1298 2738 Picus.
1333 2681 1730 2752 sapientissime
1772 2681 1828 2736 in

274 2773 710 2830 conclusionibus
742 2773 1071 2828 afﬁrmabat:
1103 2772 1270 2828 Sicuti
1297 2774 1446 2843 ﬁdes,
1473 2789 1587 2842 qua:
1614 2783 1691 2827 est
1720 2789 1828 2829 are-

276 2863 490 2930 dulitas,
523 2875 599 2919 est
628 2865 770 2935 infra
805 2867 1110 2928 scientiam;
1139 2865 1216 2918 ita
1251 2863 1402 2934 ﬁdes,
1443 2881 1558 2934 quw
1596 2872 1674 2918 est
1715 2879 1827 2918 rere

277 2947 421 3017 ﬁles,
451 2959 528 3003 est
553 2948 1130 3019 supersubstanlialiter
1166 2964 1324 3016 supra
1359 2949 1632 3004 scientiam
1654 2959 1702 3003 et
1729 2951 1825 3002 in-

278 3038 531 3092 tellectum
568 3056 659 3093 nos
694 3039 802 3094 Deo
833 3038 1134 3096 immediate
1169 3038 1500 3110 conjungens.
1531 3037 1706 3094 Furor
1743 3047 1826 3095 est

273 3130 464 3186 divina;
499 3131 752 3202 potentiae
785 3147 948 3201 opera
982 3132 1055 3185 ita
1084 3131 1337 3198 scrutari,
1369 3139 1429 3186 ut
1457 3141 1641 3192 noster
1674 3133 1825 3188 intel-

268 3227 437 3282 lectus
475 3223 547 3279 sit
585 3224 704 3294 ejus
735 3239 1025 3289 mensura;
1065 3224 1215 3280 furor
1243 3233 1326 3280 est
1354 3225 1590 3279 humana
1619 3234 1820 3289 mente,

1934 2215 2267 2282 σπουδάζων,
2299 2215 2378 2278 είς
2416 2213 2672 2284 ἀνήνυτον
2711 2211 2939 2280 πρᾶγμα
2971 2209 3068 2276 τὴν
3098 2207 3262 2278 αὐτὴν
3289 2206 3489 2276 ταύτην

1931 2308 2297 2379 ἐμϐεϐλήκασι
2331 2303 2664 2374 φιλοσοφίαν·
2701 2302 2886 2372 ὥσπερ
2921 2302 2950 2353 ὁ
2987 2299 3275 2370 λεγόμενος
3320 2299 3490 2351 Μανι-

1930 2403 2101 2472 χαῖος,
2136 2401 2193 2464 ὃς
2224 2401 2438 2471 Πέρσης
2467 2398 2564 2469 μέν
2594 2397 2677 2459 τίς
2707 2397 2818 2448 ἐστι
2849 2393 2908 2446 τὸ
2931 2393 3103 2462 γένος,
3137 2391 3276 2445 κατά
3301 2407 3363 2457 γε
3392 2391 3489 2462 τὴν

1929 2492 2068 2564 ἐμὴν
2102 2491 2276 2556 δόξαν,
2307 2491 2514 2552 πάντας
2545 2484 2866 2558 ὑπερϐαλὼν
2896 2485 2956 2537 τὺ
2988 2483 3262 2552 θαυμάσια
3289 2481 3486 2549 λέγειν.

1928 2583 2039 2637 Καὶ
2070 2584 2128 2636 ού
2168 2581 2331 2636 πάλαι
2367 2580 2464 2650 μὲν
2502 2577 2832 2630 ἐπεπόλασεν
2861 2577 2894 2645 ὴ
2931 2572 3120 2626 τούτου
3153 2571 3484 2642 καινοτομία.

1929 2675 2150 2748 Πρῶτός
2175 2674 2238 2744 γέ
2263 2691 2343 2736 τις
2373 2671 2556 2734 Πάπος
2581 2667 2835 2738 τούνομα,
2871 2673 2976 2719 etc.

2001 2767 2160 2830 lbid.,
2221 2766 2318 2821 lin.
2377 2763 2468 2818 '28.
2534 2762 2838 2830 Ἀνέφικτα
2883 2753 3014 2825 γάρ.
3073 2751 3488 2820 Elegantissime

1928 2860 2276 2932 prosequitur
2309 2856 2630 2913 sententiam
2673 2853 2814 2906 hanc
2857 2845 3121 2918 Georgius
3162 2844 3378 2901 Pisidas
3410 2843 3487 2896 De

1927 2953 2107 3008 umndi
2142 2951 2348 3020 api/icio
2387 2963 2483 3020 per
2508 2955 2702 3008 totum,
2733 2957 2894 3012 quem
2928 2939 3076 2998 vide.

1996 3040 2155 3105 ibid.,
2193 3041 2286 3094 lin.
2333 3038 2420 3092 55.
2466 3036 2574 3094 Καὶ
2622 3032 2688 3088 τὸ
2729 3031 2875 3102 φῶς.
2933 3030 3047 3085 Hoc
3097 3029 3276 3082 lumen
3318 3025 3486 3080 fuisse

1925 3134 2197 3204 quoddam
2229 3131 2559 3186 luminosum
2600 3141 2694 3196 per
2731 3133 2901 3179 totam
2946 3121 3133 3177 mundi
3177 3119 3485 3174 machinam

1925 3224 2179 3280 dili‘u’sum
2218 3223 2451 3278 Basilius
2499 3221 2646 3274 hom.
2695 3219 2728 3272 6
2770 3219 2823 3268 in
2870 3213 3128 3268 Hexaem.
3189 3209 3484 3279 Gregorius

262 3314 450 3369 divina
481 3315 591 3380 illa,
628 3324 682 3370 et
713 3331 834 3386 quae
866 3317 1106 3372 mundus
1146 3332 1256 3372 nou
1289 3317 1437 3386 capit
1470 3318 1725 3388 agitasse,
1769 3326 1824 3371 et
1849 3283 1892 3340 ο
1925 3318 2300 3372 Nazianzenus
2325 3316 2378 3368 in
2413 3329 2599 3369 novam
2625 3310 2979 3372 Dominicam,
3009 3305 3102 3374 qui
3137 3317 3241 3373 qua
3274 3304 3484 3356 ratione

258 3406 473 3462 incerta
513 3406 725 3460 modica
752 3406 1040 3478 fragilique
1069 3408 1383 3476 conjectura
1414 3407 1704 3472 immensa,
1734 3421 1822 3463 sa—

254 3512 376 3556 cra.
406 3507 630 3561 aeterna,
662 3498 1088 3568 admirandaque
1119 3497 1397 3570 indagare.

333 3589 492 3652 lbid.,
522 3590 616 3644 lin.
642 3589 742 3651 27.
775 3590 844 3643 Τὸ
868 3590 976 3660 γὰρ
1005 3589 1240 3644 ἁπλοῦν
1267 3591 1378 3659 τῆς
1407 3591 1683 3657 πίστεως.
1714 3589 1820 3643 Ba-

261 3681 424 3739 silius
449 3682 596 3736 hom.
626 3683 678 3748 1,
711 3683 773 3735 El
799 3682 853 3735 δέ
886 3683 981 3754 μὴ,
1016 3682 1150 3736 ἀλλὰ
1178 3684 1238 3736 τό
1273 3701 1336 3753 γε
1373 3684 1574 3742 ἁπλοῦν
1603 3684 1704 3754 τῆς
1731 3685 1820 3736 πί-

262 3787 434 3834 στεως
482 3771 820 3849 ἰσχυρότερον
864 3771 1002 3824 ἔστω
1045 3772 1152 3825 τῶν
1199 3773 1427 3842 λογικῶν
1478 3773 1816 3839 ἀποδείξεων.

258 3862 696 3919 Christianorum
723 3863 1122 3934 philosophiam
1145 3865 1445 3934 simplicem
1470 3873 1523 3920 et
1545 3865 1664 3935 ejus
1685 3881 1819 3920 cau-

261 3969 381 4012 sam
430 3953 832 4010 eruditissimus
882 3964 934 4010 et
981 3955 1468 4026 φιλοσοφικώτατος
1520 3956 1821 4011 Alexander

259 4044 578 4116 Lycopolita
631 4043 814 4098 libello
867 4059 995 4098 vere
1042 4059 1209 4100 aureo
1254 4053 1443 4099 contra
1494 4045 1818 4102 Manichaos

261 4135 636 4192 disertissimis
675 4135 856 4190 verbis
900 4135 1153 4206 explicat,
1215 4153 1376 4207 quem
1409 4137 1520 4206 jam
1565 4153 1816 4209 paramus

263 4226 640 4283 commoditati
690 4226 919 4303 publica:
963 4227 1253 4281 edendum.
1308 4227 1438 4298 Ejus
1479 4229 1645 4284 verba
1691 4246 1814 4286 cum

259 4334 371 4374 non
404 4319 512 4373 sint
551 4318 694 4388 quod
737 4333 837 4394 ego
880 4318 1047 4373 sciam
1083 4319 1150 4372 ad
1191 4319 1332 4373 hanc
1372 4318 1510 4375 diem
1541 4321 1685 4375 edita
1716 4338 1816 4377 nec

261 4409 464 4476 Graece,
489 4425 590 4465 nec
620 4408 828 4474 Latine,
865 4425 970 4463 non
1006 4410 1274 4480 gravabor
1313 4410 1403 4466 hic
1438 4410 1622 4468 Graeca
1649 4427 1815 4484 appo-

259 4519 411 4568 nere,
440 4510 500 4557 ut
540 4502 663 4573 quis
695 4503 766 4558 sit
802 4511 1010 4568 auctor,
1049 4504 1424 4575 unusquisque
1454 4513 1712 4576 tanquam
1746 4522 1812 4565 ex

1925 3409 2151 3480 intelligi
2201 3408 2396 3467 debeat
2440 3405 2675 3476 explicat
2721 3400 2957 3456 Nicetas.
3003 3397 3147 3452 idem
3191 3400 3485 3448 tenuerunt

1925 3501 2012 3555 alii
2031 3499 2223 3566 Graeci,
2248 3497 2622 3553 Theodoretus
2646 3499 2835 3564 quaest.
2868 3489 2932 3544 14
2951 3497 3004 3542 et
3034 3486 3100 3540 16
3117 3504 3131 3552 ;
3150 3483 3482 3538 Athanasius

1922 3602 2118 3665 quaest.
2144 3592 2230 3659 τις
2262 3589 2590 3645 Anastasius
2619 3572 2984 3642 An'tiochenus
3013 3582 3065 3634 in
3101 3577 3353 3631 Hexaem.
3386 3576 3478 3630 lib.

1922 3668 2005 3751 1r;
2036 3683 2366 3753 Procopius,
2402 3683 2454 3734 in
2495 3679 2763 3740 Geuesim;
2800 3675 3188 3734 Damasceuus,
3217 3669 3309 3722 lib.
3343 3683 3381 3721 ιι
3406 3667 3483 3723 De

1920 3774 2027 3842 fide
2067 3773 2300 3837 orthod.,
2346 3788 2467 3842 cap.
2507 3772 2574 3838 '7;
2608 3770 2868 3840 Didymus
2909 3778 2964 3824 ct
3010 3765 3381 3837 Apollinarius
3425 3764 3480 3820 iu

1919 3865 2144 3930 Catena,
2181 3865 2326 3935 quod
2372 3871 2557 3934 postea
2594 3871 2790 3932 quarto
2820 3860 2906 3915 die
2939 3859 3170 3914 inditum
3205 3865 3288 3912 est
3317 3857 3481 3911 lumi-

1919 3957 2144 4011 naribus
2170 3955 2316 4010 caeli.
2351 3955 2454 4008 Sed
2491 3953 2557 4008 de
2586 3953 2687 4006 hoc
2714 3951 2972 4022 nonnulla
3005 3948 3254 4004 inferius.
3460 4016 3478 4038 ε

1989 4047 2131 4105 Ibid.
2181 4047 2289 4102 Καὶ
2338 4045 2534 4098 πάντα
2583 4043 2767 4112 ὀξείᾳ.
2837 4041 3072 4097 Basilius
3139 4043 3301 4100 hom._
3340 4040 3375 4093 2
3425 4041 3482 4093 in

1920 4137 2170 4192 chaem.
2205 4155 2222 4191 :
2255 4139 2342 4192 Ἐν
2377 4137 2433 4190 δὲ
2463 4135 2538 4207 τῷ
2568 4135 2754 4189 πλάτει
2787 4134 2960 4187 πάντα
2985 4132 3052 4190 τὰ
3093 4131 3228 4203 μέρη
3257 4131 3348 4183 τοῦ
3388 4131 3479 4184 κό-

1919 4248 2078 4302 σμου,
2098 4231 2282 4302 βόρειά
2305 4247 2384 4292 τε,
2418 4231 2510 4284 καὶ
2539 4230 2707 4293 νότια,
2732 4229 2824 4282 καὶ
2853 4226 2994 4300 ἑῷα,
3015 4226 3201 4286 καὶτὰ
3223 4225 3476 4297 ἑσπέρια,

1916 4324 1972 4380 ὲν
2001 4321 2148 4392 ὀξείᾳ
2172 4319 2363 4391 καιροῦ
2391 4322 2527 4391 ῥοπῇ
2556 4315 3105 4386 κατεφώτιζε,,ευ,ἱιιε
3123 4316 3284 4369 etiam
3317 4330 3479 4369 usum

1915 4419 1969 4466 et
2015 4412 2282 4466 rationem
2338 4410 2534 4476 reddit,
2600 4427 2762 4482 quam
2809 4412 2856 4467 si
2900 4411 3030 4465 libet
3092 4408 3272 4479 legito.
3341 4405 3478 4462 Mira

1916 4500 2063 4556 illius
2107 4501 2399 4571 praeconia,
2439 4508 2494 4555 et
2537 4501 2823 4571 plusquam
2857 4500 3078 4571 triginta
3110 4497 3472 4568 proprietates

260 4608 438 4663 ungue
469 4593 675 4647 leonem
714 4593 886 4662 possit
917 4593 1217 4660 conjicere:
1267 4595 1332 4647 'H
1358 4595 1694 4667 Χριστιανῶν
1721 4614 1810 4666 φι-
1842 4612 1886 4666 D
1916 4592 2082 4648 refert
2123 4592 2416 4666 Dionysius
2462 4593 2784 4669 ArcOpagita
2843 4594 3020 4666 capite
3064 4592 3099 4646 4
3144 4591 3218 4645 De
3281 4589 3474 4644 divinis

259 4684 478 4754 Αοσοφία
513 4683 654 4754 ἁπλῆ
688 4683 948 4738 καλεῖται·
996 4686 1131 4758 αὑτὴ
1174 4687 1230 4740 δέ
1269 4687 1359 4739 ἐπὶ
1385 4687 1484 4758 τὴν
1521 4687 1612 4740 τοῦ
1652 4688 1812 4760 ἤθους

258 4773 598 4844 κατασκευὴν
632 4773 729 4843 τὴν
761 4774 1015 4846 πλείστην
1039 4775 1353 4846 ἐπιμέλειαν
1388 4780 1616 4830 ποιεῖται
1647 4780 1813 4831 αἰνιτ-

258 4866 454 4938 τομένη
483 4865 611 4936 περὶ
643 4865 750 4917 τῶν
781 4866 1180 4937 ἀκριϐεστέρων
1207 4867 1380 4935 λόγων
1402 4869 1526 4939 περὶ
1547 4869 1700 4936 Θεοῦ,
1738 4863 1812 4924 ὧν

256 4957 316 5010 τὸ
355 4957 643 5026 κεφάλαιον
677 4955 775 5026 τῆς
817 4959 942 5027 περὶ
989 4957 1162 5013 ταῦτα
1209 4960 1442 5029 σπουδῆς
1484 4962 1704 5025 εἰκότως
1744 4962 1811 5016 ἂν

257 5050 490 5112 ἅπαντες
519 5047 882 5112 ἀποδέξαιντο.
921 5049 1088 5104 Ἔνθα
1131 5052 1191 5104 τὸ
1225 5053 1502 5120 ποιητικὸν
1533 5053 1702 5108 αἴτιον
1734 5073 1812 5108 τι-

259 5140 520 5212 μιώτατον
565 5141 846 5220 τίθενταιη
879 5143 973 5195 καὶ
1016 5143 1413 5215 πρεσϐύτατον,
1461 5145 1554 5199 καὶ
1598 5145 1811 5201 πάντων

254 5234 423 5289 αίτιον
449 5234 554 5288 τῶν
585 5235 772 5289 ὄντων.
815 5236 966 5288 Ἐπεὶ
1009 5237 1103 5294 καὶ
1143 5239 1255 5299 τοῖς
1287 5235 1493 5306 ἠθικοῖς
1529 5236 1597 5291 τὰ
1635 5239 1810 5310 ἐργωτ-

251 5327 476 5399 δέστερα
519 5327 972 5399 παραλείποντες,
1012 5323 1122 5382 οἷόν
1153 5329 1236 5392 τίς
1264 5346 1324 5382 τε
1364 5332 1397 5401 ή
1426 5329 1589 5402 ἠθικὴ
1619 5332 1806 5403 ἀρετὴ,

251 5416 344 5468 καὶ
372 5415 582 5487 λογικὴ,
617 5417 710 5469 καὶ
749 5418 846 5470 ὅσα
889 5417 1105 5486 λέγεται
1142 5419 1268 5490 περὶ
1304 5418 1449 5482 ἠθῶν
1481 5421 1573 5474 καὶ
1599 5421 1805 5488 παθῶν,

250 5508 376 5579 περὶ
408 5508 498 5560 τὸν
528 5506 842 5560 ὑποθετικὸν
871 5509 1200 5580 διατρίϐουσι
1229 5510 1407 5565 τόπον’
1448 5515 1684 5582 στοιχεῖα
1707 5515 1808 5582 μὲν

249 5599 383 5672 πρὸς
408 5599 642 5669 ἑκάστης
666 5601 863 5671 ἀρετῆς
889 5600 1150 5672 ἀνάληψιν
1177 5602 1274 5654 οὐκ
1293 5602 1650 5666 ἀποδιδόντες,
1671 5621 1809 5672 παρέ

249 5691 562 5761 αγγέλματα
601 5693 656 5745 δὲ
693 5693 987 5766 παχύτερα,
1019 5694 1094 5758 ὡς
1116 5695 1428 5765 ἐτύγχανεν,
1458 5696 1806 5767 ἐπισωρεύον.

247 5798 354 5845 τες,
399 5776 474 5837 ὧν
519 5785 547 5835 ὁ
590 5784 754 5848 πολὺς
797 5784 964 5857 δῆμος
1004 5784 1233 5850 ἀκούων,
1275 5785 1350 5848 ὡς
1387 5788 1450 5839 ἐκ
1481 5787 1577 5858 τῆς
1611 5786 1802 5857 πείρας

249 5874 360 5926 ἐστὶ
405 5875 612 5946 μαθεῖν,
667 5878 868 5950 σφόδρα
907 5878 1208 5936 ἐπιδίδωσιν
1243 5879 1322 5942 εἰς
1359 5879 1676 5946 ἐπιείκειαν,
1707 5879 1800 5933 καὶ

1913 4686 2136 4749 nomin.,
2185 4694 2240 4740 et
2297 4701 2417 4758 cap.
2469 4686 2541 4741 15,
2578 4685 2654 4739 De
2701 4685 2894 4739 caelesti
2959 4683 3276 4738 hierarchia.
3328 4681 3476 4736 Nihil

1911 4779 2056 4834 enim
2092 4779 2159 4833 ad
2204 4778 2392 4833 mundi
2437 4778 2687 4833 decorem
2722 4784 2775 4830 et
2803 4783 3054 4830 ornatqu
3085 4775 3298 4846 aptius;
3329 4775 3474 4830 unde

1911 4869 2066 4942 [iugo
2110 4871 2176 4926 de
2223 4869 2424 4924 Sancto
2456 4869 2694 4932 Victore,
2730 4867 2868 4933 Quid
2899 4868 3165 4938 pulchrius
3184 4867 3334 4923 luce?
3356 4884 3473 4938 qua:

1910 4981 2026 5018 cum
2069 4965 2126 5020 in
2162 4981 2216 5018 se
2241 4963 2465 5018 colorem
2497 4979 2596 5016 non
2623 4961 2796 5024 habet,
2823 4963 3056 5018 omnium
3092 4971 3262 5016 tamen
3299 4977 3474 5015 rerum

1910 5057 2108 5112 colores
2131 5057 2246 5125 ipsa
2275 5053 2658 5127 quodammodo
2689 5055 2908 5108 colorat.
2943 5054 3068 5112 11:20
3099 5055 3226 5109 item
3261 5071 3383 5109 cum
3411 5055 3471 5110 in

1909 5163 2099 5205 omnes
2148 5155 2333 5218 partes
2385 5161 2444 5201 se
2489 5143 2660 5200 eii‘use
2710 5147 3097 5212 communicat,
3138 5148 3469 5217 praecipuum

1909 5239 2112 5295 dicitur
2164 5239 2611 5300 instrumentum,
2661 5252 2770 5307 quo
2821 5238 3064 5292 caelestia
3117 5252 3345 5307 corpora
3383 5237 3467 5289 in-

1907 5328 2076 5383 ﬂuant
2116 5330 2171 5384 in
2209 5328 2492 5391 inferiora,
2528 5343 2701 5398 eoque
2751 5329 2978 5384 vehente
3025 5328 3091 5382 ad
3132 5344 3233 5383 nos
3267 5343 3297 5380 a
3325 5327 3465 5381 caelo

1908 5422 2250 5491 perveniunt.
2286 5417 2442 5492 Quod
2477 5419 2751 5476 Avicenna
2790 5437 3007 5491 quoque
3039 5420 3193 5484 dixit,
3227 5419 3320 5472 lib.
3352 5416 3467 5472 Me-

1909 5520 2060 5575 teon,
2095 5512 2278 5566 lumen
2316 5525 2519 5566 vocans
2552 5512 2860 5567 vehiculum
2910 5513 3169 5566 virtutum
3219 5512 3465 5566 omnium

1905 5604 2231 5666 cmlestium,
2263 5611 2317 5659 et
2345 5602 2601 5659 Albertus
2639 5604 2863 5674 Magnus
2907 5604 2998 5657 lib.
3032 5603 3106 5657 De
3134 5619 3266 5656 sam.
3309 5613 3358 5656 et
3382 5621 3461 5658 vt-

1903 5695 1995 5766 gil.
2019 5694 2326 5750 conﬁrmat.
2357 5695 2535 5761 Quare
2563 5695 2624 5748 D.
2654 5695 2975 5749 Ambrosius
3012 5694 3104 5748 lib.
3139 5710 3152 5746 l
3181 5693 3460 5761 Hexaem.,

1903 5803 2025 5857 cap.
2059 5786 2113 5851 9,
2138 5787 2381 5858 scripsit,
2411 5789 2574 5843 unius
2608 5795 2856 5841 naturam
2889 5801 2994 5839 non
3025 5786 3318 5852 immerito,
3353 5805 3461 5843 non

1903 5881 1956 5936 ip.
2001 5895 2277 5946 mensura,
2328 5896 2434 5935 non
2487 5880 2537 5935 in
2577 5879 2817 5950 pondcrc
2855 5893 2994 5942 esse,
3029 5884 3087 5934 ut
3117 5895 3204 5936 res
3234 5889 3474 5947 caeteras
