4064 6290
615 443 725 501 823

1947 449 2195 507 LEONJS
2231 450 2511 507 ALLATH.

3766 441 3873 501 81s

618 580 652 618 a
691 561 803 619 Deo
849 568 1076 618 creatas.
1108 561 1264 629 Quod
1315 572 1494 621 tamen
1543 567 1778 638 explicat
1825 566 1887 624 D.
1935 567 2176 626 Thomas
2203 574 2251 631 Α
2278 581 2360 627 tes
2407 571 2573 627 hasce
2618 571 2874 627 tenebras
2918 585 3058 636 esse,
3088 565 3343 640 quoniam
3392 565 3479 621 hae
3521 578 3554 619 e
3580 562 3742 618 lucis
3783 576 3867 618 re-

619 655 793 725 prima
819 662 983 725 part.,
1008 646 1225 724 quaest.
1267 657 1319 721 5,
1360 665 1414 713 et
1456 658 1606 713 alibi.
1644 656 1847 714 Verum
1894 658 2037 715 hanc
2073 658 2183 714 Eu-

619 747 807 802 stathii
863 747 1189 802 sententiam
1259 750 1325 806 de
1373 751 1654 807 celerrima
1700 767 1764 807 ac
1803 740 2184 811 momentanea

619 839 758 895 lucis
812 838 1046 904 actione,
1080 856 1187 911 qua
1235 857 1357 899 sese
1401 844 1635 915 explicat
1668 829 2185 917 conﬁrmat'prteter

619 929 877 984 Basilium
913 939 967 986 et
1015 932 1386 998 Ambrosium,
1433 934 1604 991 Arist.
1644 937 1742 992 lib.
1785 954 1825 993 ιι
1876 936 1954 993 De
1993 940 2182 1005 anim.,

618 1030 727 1076 tex.
773 1021 860 1087 70,
907 1023 1139 1094 aliisque
1186 1033 1376 1082 contra
1428 1025 1832 1097 Empedoclem,
1876 1031 1970 1101 qui
2010 1031 2187 1087 lucem

616 1114 824 1168 moveri
854 1115 1053 1171 aiebat.
1088 1115 1222 1171 Nam
1251 1118 1295 1173 si
1323 1118 1574 1188 trajectio
1608 1120 1699 1174 illa
1735 1136 1843 1175 non
1874 1121 2025 1178 ﬁeret
2050 1139 2187 1193 pun-

618 1217 709 1263 cto
731 1210 1015 1278 temporis,
1047 1210 1228 1265 saltim
1256 1225 1411 1266 mora
1438 1212 1497 1265 in
1531 1227 1732 1283 magno
1761 1212 1980 1283 quidem
2010 1216 2188 1285 spatio

617 1301 1138 1373 deprehenderetur.
1173 1303 1330 1370 Quod
1370 1306 1537 1361 etiam
1576 1305 1776 1361 rationi
1808 1308 2062 1363 convenit
2091 1324 2189 1362 na-

617 1403 865 1467 turaeque
894 1395 1067 1467 ipsius
1097 1397 1260 1461 lucis,
1288 1413 1412 1452 cum
1442 1399 1533 1454 lux
1572 1401 1905 1455 contrarium
1956 1416 2064 1456 non
2095 1401 2191 1456 ha-

618 1485 743 1541 beat
786 1506 799 1542 :
839 1502 965 1542 nam
1003 1495 1059 1542 et
1110 1489 1432 1567 substantiae
1460 1491 1598 1545 nihil
1626 1500 1711 1547 est
1737 1494 2092 1558 contrarium,
2136 1501 2192 1548 et

621 1579 752 1649 quia
801 1579 877 1634 ita
907 1578 1205 1653 eﬂunditur
1255 1588 1316 1635 ut
1359 1598 1468 1637 non
1499 1583 1689 1638 eadem
1731 1583 1872 1640 lucis
1908 1584 2085 1655 portio
2124 1585 2192 1639 ab

622 1687 732 1726 una
757 1680 908 1743 parte
932 1672 986 1727 in
1016 1673 1175 1743 aliam
1203 1680 1463 1746 transeat,
1499 1675 1659 1731 sicuti
1690 1678 1888 1733 accidit
1911 1678 1989 1734 rei
2015 1679 2191 1735 locum

623 1763 882 1823 mutanti.
924 1779 1044 1834 quae
1093 1779 1203 1818 una
1247 1772 1411 1834 atque
1460 1766 1650 1822 eadem
1724 1768 1969 1839 singulas
2010 1777 2193 1840 partes

624 1855 788 1925 spatii
821 1855 1084 1925 decurrit,
1117 1857 1305 1928 eisque
1333 1860 1632 1920 secundum
1656 1877 1715 1916 se
1734 1861 2059 1932 respondet;
2087 1877 2193 1933 quo

2283 679 2441 719 cessu
2474 662 2802 728 efﬁciuntur,
2829 672 2884 718 et
2921 678 3043 717 cum
3081 665 3495 723 eorumnatura
3528 656 3584 710 in
3624 653 3865 711 luminis

2286 755 2589 826 privatione
2618 755 2722 820 sita
2751 756 2823 811 sit
2850 754 3067 825 proprie
3093 752 3402 809 ell‘ectorem
3442 748 3617 803 Deum
3655 747 3860 819 habere

2284 861 2394 900 non
2437 854 2753 916 potuerunt,
2807 861 2932 913 cum
2980 844 3122 900 Deus
3166 859 3273 899 non
3316 842 3723 914 privationum,
3774 838 3861 893 sed

2286 953 2467 994 rerum
2503 952 2622 1007 quae
2657 953 2782 994 vere
2811 938 3082 1014 exsistunt
3113 946 3303 992 auctor
3339 936 3432 998 sit,
3464 949 3583 1003 qua:
3633 931 3856 1001 quidem

2288 1029 2524 1083 tenebrae
2549 1031 2860 1099 spectabilis
2881 1031 3040 1099 hujus
3072 1030 3210 1083 lucis
3243 1027 3619 1082 conditionem
3655 1040 3688 1077 e
3717 1019 3860 1077 Grai.

2287 1135 2476 1175 corum
2520 1120 2738 1175 Patrum
2766 1121 3032 1176 sententia
3065 1123 3498 1173 antecesserunt.
3536 1113 3722 1169 Verba
3756 1113 3853 1169 Me-

2288 1212 2459 1269 thodii
2486 1222 2645 1270 sunt:
2672 1215 2822 1285 Ἐμοὶ
2849 1214 3184 1283 φιλονεικεῖς,
3203 1212 3297 1264 καὶ
3325 1209 3464 1281 πρὸς
3493 1208 3595 1279 ἐμὲ
3618 1208 3847 1272 ἵσταται,

2289 1308 2382 1360 καὶ
2408 1310 2519 1371 τοῖς
2552 1309 2704 1379 ἐμοῖς
2732 1306 2988 1376 ἀθληταῖς
3019 1301 3374 1384 ἀνταγωνίζῃ.
3410 1300 3537 1355 Ποῦ
3564 1300 3634 1353 δὲ
3655 1296 3730 1370 ἧς
3762 1301 3845 1354 ὅτε

2289 1398 2403 1469 ἐγὼ
2422 1398 2536 1467 τὴν
2564 1398 2683 1469 γῆν
2717 1396 3098 1469 εὶργαζόμην;
3119 1396 3202 1458 τίς
3225 1391 3294 1466 ἧς
3312 1394 3469 1459 τότε;
3508 1392 3672 1462 Ἤδη,
3704 1394 3843 1463 φησὶ,

2291 1491 2619 1555 πεπτώκεις.
2669 1492 2779 1545 Kal.
2811 1491 2919 1564 γὰρ
2962 1492 3016 1545 ὲν
3044 1491 3110 1560 τῇ
3151 1489 3289 1560 ἀρχῇ
3334 1488 3433 1557 τῆς
3480 1487 3839 1556 κοσμοποιίας,

2291 1586 2515 1651 Σκότος
2541 1580 2638 1654 ἦν,
2685 1578 2899 1655 φησὶνί
2929 1580 3126 1637 ἐπάνω
3164 1580 3274 1648 τῆς
3318 1580 3615 1641 ἀϐύσσου,
3670 1577 3841 1642 σκότος

2291 1676 2447 1730 τοῦτο
2471 1677 2532 1730 οὐ
2558 1674 2774 1751 κτισθὲν
2801 1675 3008 1739 σκότος,
3045 1672 3180 1727 ἀλλά
3206 1670 3598 1744 προαιρετικῶς
3621 1669 3838 1741 ἀρξάμε-

2294 1786 2384 1824 νον
2450 1768 2640 1831 σκότος
2691 1769 2755 1838 τῇ
2814 1765 2909 1819 τοῦ
2974 1763 3150 1834 φωτὸς
3198 1765 3473 1835 στερήσει.
3513 1760 3586 1815 Ex
3648 1761 3835 1830 quibus

2294 1861 2477 1916 verbis
2549 1858 2821 1931 quomodo
2892 1857 3192 1913 Comitolus
3263 1854 3446 1911 eliciat
3497 1869 3605 1909 eam
3662 1852 3827 1910 fuisse

623 1948 685 2002 ﬁt
725 1955 783 2002 ut
824 1964 968 2019 nunc
1001 1950 1098 2005 has
1133 1967 1277 2006 nunc
1312 1952 1432 2009 illas
1475 1955 1826 2013 successione
1851 1953 2193 2012 decurrendo
2223 1944 2266 1999 Β
2295 1953 2552 2010 Methodii
2582 1955 2907 2022 sententiam
2949 1965 3112 2020 quam
3155 1949 3272 2019 ipse
3300 1946 3451 2003 refert
3475 1944 3694 2000 nondum
3740 1944 3822 1999 vi-

624 2054 808 2096 moras
840 2041 1040 2106 trahat,
1080 2049 1134 2097 et
1176 2050 1392 2114 tempus
1423 2053 1730 2101 consumat.
1778 2046 1958 2113 Quare
1991 2049 2194 2118 optime

623 2128 945 2187 Aristoteles
973 2133 1283 2214 opinionem
1313 2137 1644 2191 contrariam
1665 2137 1737 2191 ita
1762 2122 2061 2214 refellendo
2085 2139 2188 2194 ait.

622 2218 792 2275 Τοῦτο
817 2222 925 2301 γάρ
955 2211 1069 2278 ἐστι
1108 2226 1202 2289 καὶ
1243 2227 1392 2299 παρὰ
1427 2226 1524 2299 τὴν
1553 2229 1609 2281 ὲν
1645 2228 1724 2300 τῷ
1752 2211 1897 2298 λόγῳ
1938 2229 2194 2301 ἀλήθειαν

623 2314 718 2374 καὶ
755 2302 907 2389 παρὲξ
937 2316 1004 2369 τὰ
1033 2318 1352 2389 φαινόμενα.
1400 2318 1514 2374 Hoc
1559 2319 1700 2375 idem
1745 2322 1985 2377 voluisse
2025 2321 2194 2376 Ploti-

624 2421 779 2469 num,
812 2407 905 2473 lib.
939 2425 1009 2474 tv,
1042 2409 1279 2465 Ennead.
1308 2412 1372 2477 6,
1420 2412 1697 2479 existimo,
1726 2428 1850 2467 cum
1889 2414 1956 2469 de
1990 2415 2195 2470 lumine

622 2498 791 2553 verba
836 2497 1045 2576 faciens,
1090 2503 1280 2558 multis
1327 2504 1633 2561 rationibus
1676 2504 1974 2561 declaravit
2011 2507 2199 2571 lumen

621 2605 734 2644 non
767 2608 890 2647 esse
918 2592 1211 2661 divisibile,
1258 2605 1351 2651 aut
1390 2598 1671 2668 multiplex
1700 2610 1921 2670 propter
1948 2599 2195 2661 diversas

622 2688 834 2751 partes,
873 2682 968 2737 sed
999 2699 1121 2745 esse
1158 2672 1327 2758 totum
1369 2686 1423 2740 in
1459 2688 1700 2756 qualibet
1732 2697 1906 2759 parte,
1937 2688 2196 2759 quemad-

622 2773 847 2849 modum
888 2782 943 2847 ct_
965 2776 1141 2853 virtus
1185 2779 1388 2851 rectrix
1415 2786 1530 2851 tota
1559 2787 1644 2843 est
1677 2781 1733 2835 in
1765 2782 2005 2852 qualibet
2041 2789 2197 2852 parte

624 2865 911 2936 ponderis,
950 2874 1005 2923 et
1048 2868 1230 2923 anima
1273 2872 1540 2941 corporis.
1590 2871 1744 2938 Quod
1780 2873 1924 2928 enim
1957 2874 2192 2945 partium

627 2959 978 3022 successione
1006 2975 1115 3013 non
1147 2960 1478 3027 extenditur,
1503 2978 1684 3055 neque
1710 2944 2060 3019 successione
2083 2980 2198 3019 mo-

623 3056 739 3116 tus,
774 3050 870 3106 sed
902 3059 1107 3133 puncto
1135 3053 1402 3124 temporis
1434 3069 1531 3131 per
1563 3050 1755 3112 omnes
1786 3064 1971 3130 partes
1998 3056 2197 3111 dill‘un-

622 3140 794 3205 ditur.

695 3231 948 3306 Col.709_,
968 3233 1066 3290 lin.
1086 3235 1177 3293 55.
1193 3237 1314 3312 Πρὸ
1330 3238 1439 3307 γὰρ
1454 3238 1690 3301 τούτου.
1710 3236 1946 3299 Basilius
1961 3237 2107 3316 hom.
2125 3238 2160 3293 2
2182 3260 2194 3296 :

608 3327 697 3399 [Τὸ
718 3326 828 3401 γὰρ
854 3328 1042 3407 σκότος
1068 3330 1166 3407 oux
1194 3332 1270 3401 ὡς
1293 3331 1531 3401 πέφυκεν
1553 3331 1893 3404 ἐξηγοῦνται,
1919 3333 2057 3409 ἀέρα
2078 3333 2199 3388 τινὰ

620 3413 948 3495 ἀφ’ὠτιστον,
994 3422 1027 3494 ἢ
1070 3424 1234 3501 τόπον
1276 3422 1333 3490 ἐξ
1381 3424 1750 3496 ἀντιφράξεως
1783 3423 2033 3495 σώματος
2065 3426 2200 3483 ἀπο-

606 3492 1003 3592 ῖσκιαζόμενον,
1052 3516 1084 3588 ἢ
1134 3516 1269 3590 ὅλως
1312 3517 1433 3571 καθ’
1478 3516 1761 3571 ὁποιανοῦν
1811 3518 1988 3573 αἰτίαν
2038 3518 2198 3591 τόπον

622 3608 801 3683 (putt-b5
828 3608 1211 3683 ἐστερημένον,
1245 3609 1380 3664 ἀλλὰ
1415 3609 1641 3686 δύναμιν
1674 3609 1870 3680 κακὴν,
1913 3610 2111 3681 μᾶλλον

608 3692 757 3754 ἀὐτὸ
788 3701 849 3754 τὸ
870 3701 1038 3755 κακὸν
1067 3702 1198 3774 παρ’
1228 3700 1421 3773 ἑαυτοῦ
1459 3701 1556 3774 τὴν
1584 3701 1759 3774 ἀρχὴν
1795 3700 1938 3772 ἔχον,
1974 3711 2110 3769 etc.;
2147 3709 2200 3761 et

607 3788 860 3859 inferius,
892 3810 905 3846 :
947 3792 1099 3845 Ἐπεὶ
1142 3789 1236 3847 οὖν
1267 3793 1483 3862 ἐγένετο
1512 3792 1757 3864 οὐρανὸς,
1794 3791 2198 3863 προστάγματι,

622 3881 759 3936 Θεοῦ
794 3882 1006 3960 ἁθρόως
1038 3885 1354 3954 περιταθεὶς
1384 3889 1496 3960 τοῖς
1530 3885 1680 3949 ἐντὸς
1720 3885 1825 3939 ὑπὸ
1861 3885 1959 3957 τῆς
1997 3884 2198 3950 οἰκείας

624 3974 791 4036 αὐτοῦ
835 3977 1185 4049 περιφερείας
1234 3976 1682 4049 ἀπειλημμένοις,
1723 3977 1882 4049 σῶμα
1918 3976 2040 4050 ἕχον
2078 3995 2201 4032 συν-

608 4066 748 4142 ,εχὲς
782 4066 963 4137 ἱκανὸν
989 4066 1095 4122 τῶν
1133 4067 1236 4138 ἔξω
1271 4068 1556 4139 διαστῆσαι
1587 4069 1656 4122 τὰ
1685 4068 1848 4130 ἔνδον,
1888 4068 2200 4138 ἀναγκαίως

626 4157 719 4210 τὸν
745 4158 1198 4231 ὲναττὶλειφθέντα
1237 4159 1382 4229 abet?)
1420 4161 1584 4214 τόπον
1619 4161 1834 4234 ἀφξγγῆ
1866 4162 2192 4231 κατέστησε.

625 4250 726 4322 τὴν
755 4248 951 4314 ἔξωῦεν
977 4250 1151 4323 αὐγὴν
1171 4252 1451 4322 διακόψας.
1478 4254 1617 4324 Τρία
1644 4253 1753 4326 γὰρ
1772 4254 1854 4329 δεῖ
1878 4254 2200 4326 συνδραμεῖν

627 4344 722 4401 ἐπὶ
751 4344 850 4413 τῆς
878 4346 1053 4421 σκιᾶς,
1085 4344 1146 4407 τὶ)
1179 4344 1315 4413 φῶς,
1349 4346 1410 4415 τὸ
1444 4346 1620 4416 σῶμα,
1647 4346 1737 4399 τὸν
1763 4347 1990 4417 ἀλαμπῆ
2014 4347 2199 4402 τόπον.

627 4436 703 4489 Τὸ
750 4436 927 4491 τοίνυν
978 4435 1267 4509 ὲγκόσμιον
1315 4437 1502 4501 σκότος
1545 4439 1609 4508 τῇ
1654 4439 1781 4510 σκιᾷ
1820 4437 1911 4491 τοῦ
1951 4438 2199 4509 οὐρανίου

610 4502 881 4598 Ισώματος
924 4502 1267 4597 παρυττέστη.
1307 4525 1403 4582 llis
1434 4502 1841 4581 consdnalsunt
1884 4502 2201 4595 quae-habet

627 4613 866 4672 Joannes
886 4614 1218 4681 Philoponus
1247 4617 1301 4688 in
1333 4615 1587 4671 Hexaem.
1622 4615 1892 4671 referente
1920 4615 2115 4669 Photio
2146 4617 2200 4669 in

628 4706 921 4762 Biblioth.:
950 4706 1060 4760 Kal
1088 4707 1305 4779 σκότος
1335 4708 1535 4772 ἐπάνω
1563 4706 1673 4775 τῆς
1687 4707 1983 4761 ἀϐύσσου·
2014 4706 2074 4759 τὸ
2104 4706 2201 4778 μὲν

628 4800 776 4871 ὕδωρ
802 4798 1035 4854 ἄϐυσσον
1076 4799 1263 4863 εἰπὼν,
1308 4799 1369 4854 τὸ
1408 4800 1465 4854 δὲ
1515 4798 1705 4862 σκότος
1756 4798 1847 4851 τὸν
1898 4795 2199 4867 ἀφώτιστον

627 4893 786 4966 ἀέρα.
836 4892 945 4945 Kal.
993 4890 1101 4963 γὰρ
1144 4891 1342 4963 κυρίως
1389 4890 1578 4954 σκότος
1621 4890 1770 4944 ἐστὶν
1818 4891 1851 4960 ἡ
1889 4888 1982 4942 τοῦ
2026 4890 2198 4959 φωτὸς

627 4982 884 5038 ἀπουσία.
938 4983 1049 5037 Καὶ
1106 4984 1360 5055 συνήθεια
1410 4983 1466 5039 δὲ
1520 4983 1708 5050 σκότος
1756 4983 1846 5035 τὸν
1897 4980 2196 5051 ἀφώτιστον

625 5077 775 5146 λέγει
819 5075 979 5148 ἀέρα,
1031 5075 1149 5147 ἦτοι
1196 5075 1255 5128 τὸ
1306 5075 1614 5150 νυκτερινὸν
1671 5074 1764 5151 του
1820 5074 1981 5145 ἀέρος
2025 5074 2197 5129 κατά-

629 5162 813 5244 στήμα
837 5210 853 5236 ,
908 5168 942 5242 ἢ
994 5169 1089 5223 καὶ
1145 5168 1206 5220 τὸ
1262 5168 1434 5232 ἄλλως
1488 5168 1605 5235 πῶς
1665 5168 1979 5243 συμϐαῖνον.
2041 5168 2201 5239 Certe

626 5262 871 5326 notanda
924 5270 1010 5318 est
1054 5261 1327 5317 sententia
1385 5261 1641 5316 Methodii
1696 5277 1861 5335 super
1909 5262 2021 5317 illis
2073 5277 2199 5317 ver-

625 5356 715 5415 bis
768 5355 892 5423 Job,
949 5353 1049 5410 Ubi
1105 5368 1400 5417 eras,cum
1448 5353 1726 5421 funderent
1779 5372 1870 5425 ego
1928 5354 2203 5425 terram”?

628 5450 732 5517 Qui
790 5459 974 5522 negat,
1020 5457 1081 5504 ut
1137 5448 1415 5504 existimat
1457 5446 1658 5503 Paulus
1715 5449 2038 5521 Comitolus,
2101 5449 2202 5504 bas

627 5544 884 5599 tenebras
938 5542 1191 5599 conditas
1252 5538 1446 5602 fuisse,
1509 5547 1565 5592 et
1635 5541 1888 5597 tenebras
1949 5557 2068 5613 quae
2127 5541 2205 5595 illi

626 5632 864 5691 horridae
910 5645 1071 5707 atque
1118 5635 1408 5702 incompta:
1454 5645 1637 5684 rerum
1693 5634 1936 5686 omnium
1969 5633 2097 5687 moli
2147 5634 2204 5687 in

633 5722 805 5794 prima
847 5729 1032 5783 mundi
1066 5724 1475 5791 constitutione,
1507 5729 1661 5779 erant
1687 5723 1953 5789 obductae,
1991 5731 2206 5780 nostra-

712 5900 732 5931 ’
778 5897 875 5955 Job
910 5918 1108 5957 χιιι-ιιι
1134 5942 1146 5966 ,
1186 5905 1237 5957 ι.
1317 5905 1358 5937 ¹⁰
1399 5903 1524 5959 Cen.
1563 5918 1615 5967 ι,
1648 5902 1701 5956 2.

1789 5902 1827 5932 “
1870 5898 1909 5954 ll
1951 5900 2074 5956 Cor.
2116 5919 2188 5971 l\',
2226 5900 2282 5958 6.

2294 2045 2417 2110 deo,
2449 2060 2572 2100 cum
2605 2044 2769 2098 verba
2804 2041 3059 2097 Methodii
3102 2039 3250 2094 aliud
3298 2038 3530 2100 innuant,
3558 2049 3642 2090 nec
3682 2050 3805 2105 per-

2295 2137 2471 2207 plexe.
2510 2134 2725 2190 Etenim
2770 2133 3011 2189 tenebrae
3059 2131 3165 2185 illa:
3213 2145 3379 2201 super
3429 2128 3663 2198 abyssum,
3696 2141 3796 2179 non

2293 2236 2450 2284 erant
2500 2235 2694 2283 creatae
2739 2226 2998 2303 tenebrae,
3043 2222 3138 2280 sed
3181 2218 3364 2303 liberie
3410 2220 3536 2289 ipsa:
3569 2224 3789 2295 emerunt

2294 2337 2417 2379 esse
2447 2322 2683 2377 tenebrae
2714 2320 2855 2377 lucis
2883 2320 3205 2391 privatione.
3244 2314 3399 2370 Unde
3438 2326 3564 2383 ergo
3599 2321 3679 2365 est
3697 2310 3788 2384 illas

2296 2415 2502 2485 primas
2534 2414 2793 2469 tenebras
2841 2420 3117 2467 nostrates
3148 2410 3251 2463 has
3298 2406 3457 2463 esse?
3488 2401 3637 2459 Unde
3663 2416 3801 2455 eorum

2295 2505 2607 2571 effectorem
2642 2503 2811 2560 Deum
2844 2519 2954 2559 non
2984 2501 3192 2558 fuisse?
3220 2498 3376 2565 Unde
3410 2496 3582 2551 Deum
3613 2508 3815 2548 nonesse

2296 2599 2695 2669 privationum,
2745 2595 2841 2652 sed
2891 2610 3074 2650 rerum
3118 2608 3239 2664 quae
3284 2596 3507 2647 exstant
3554 2584 3817 2641 auctorem!

2295 2674 2378 2745 Ᾱη
2410 2706 2538 2746 vero
2571 2691 2660 2745 hic
2709 2688 3018 2745 Methodius
3072 2702 3183 2741 una
3216 2701 3340 2740 cum
3380 2682 3657 2761 Ludovico
3690 2677 3822 2732 Fideli

2297 2764 2499 2838 sentiat
2528 2783 2583 2837 in
2616 2781 2764 2836 notis
2808 2781 2874 2835 ad
2924 2780 3102 2851 ipsum
3149 2775 3483 2833 Methodium
3534 2771 3823 2847 planiusq-

2297 2856 2656 2953 plicabimus;
2692 2881 2747 2929 et
2773 2889 2843 2927 an
2874 2873 3017 2928 idem
3060 2871 3307 2926 videatur
3347 2867 3594 2925 sensisse
3632 2863 3823 2938 Joantrs

2297 2965 2427 3020 Pius
2461 2967 2514 3020 in
2566 2964 2846 3040 {Ieptaplo,
2884 2964 2978 3019 lib.
3029 2979 3128 3025 vn,
3173 2961 3337 3031 capit.
3372 2960 3397 3013 1
3435 2976 3451 3013 :
3495 2957 3659 3011 Terra
3692 2963 3824 3008 auten

2296 3066 2412 3112 erat
2438 3058 2612 3131 inanis
2652 3046 2909 3135 etvacua,
2942 3063 2993 3110 et
3024 3053 3246 3109 tenebraz
3287 3059 3449 3107 erant
3492 3064 3651 3118 super
3680 3047 3825 3133 (aciein

2298 3147 2476 3219 abyssi
2494 3148 2634 3204 ¹⁰.-
2645 3146 2767 3202 Non
2786 3155 2927 3223 creat
2946 3146 3086 3200 Deus
3104 3144 3436 3206 inanitatem,
3453 3158 3562 3195 non
3577 3150 3707 3195 creat
3723 3147 3830 3211 tene-

2300 3242 2445 3305 bras,
2477 3241 2566 3296 sed
2590 3260 2608 3293 (
2633 3251 2792 3313 terra,
2811 3241 2998 3313 inquit,
3018 3239 3189 3294 inanis
3205 3245 3254 3292 et
3271 3235 3498 3291 tenebrw
3528 3242 3705 3297 erant;
3726 3245 3835 3305 uno;

2302 3334 2431 3389 dicit
2462 3334 2571 3389 lucc
2601 3334 2763 3403 fuisse
2795 3343 2993 3405 creata,
3031 3331 3121 3387 sed
3161 3330 3343 3402 fuisse.
3379 3328 3445 3384 Et
3480 3328 3671 3399 paucis
3695 3326 3830 3387 iniere

2298 3427 2483 3498 jectis,
2520 3425 2701 3497 Neque
2739 3409 2849 3481 hac
2895 3426 3019 3496 fecit
3048 3422 3213 3497 Deus,
3262 3421 3352 3477 sed
3378 3422 3616 3476 hominis
3648 3416 3827 3491 malitia,

2302 3519 2393 3590 qui
2416 3519 2588 3573 volens
2632 3535 2686 3573 se
2725 3518 2804 3571 his
2849 3517 2998 3591 bonis
3027 3516 3268 3586 priuauit,
3302 3512 3493 3585 quibus
3547 3512 3687 3565 illum
3715 3507 3821 3562 Deus

2302 3609 2582 3664 ditaverat.
2634 3608 2771 3663 Sunt
2797 3611 2886 3679 qui
2942 3608 3045 3681 hoc
3094 3607 3216 3661 loco
3255 3605 3613 3661 tenebrarum
3660 3598 3827 3655 nomine

2303 3717 2443 3773 quos
2488 3700 2799 3757 Ludovicus
2858 3701 3063 3775 Fidelis
3101 3699 3198 3775 lib.
3234 3713 3272 3754 ll
3314 3697 3390 3752 De
3439 3694 3630 3750 mundi
3666 3699 3827 3750 διῆκε..

2304 3810 2427 3866 cap.
2465 3794 2495 3847 7
2526 3801 2580 3849 et
2610 3793 2663 3856 8,
2694 3809 2801 3848 non
2843 3792 3135 3862 improbat,
3177 3805 3356 3846 aerem
3395 3787 3746 3858 caliginosum
3772 3783 3829 3835 lu-

2303 3887 2451 3959 mine
2499 3887 2820 3942 destitutum
2883 3883 3121 3961 intelligi.
3159 3882 3357 3955 velint,
3415 3896 3482 3935 ex
3545 3894 3651 3950 quo
3696 3872 3829 3944 angeli

2302 3993 2459 4032 suum
2482 3977 2657 4033 sortiti
2690 3983 2818 4032 sunt
2846 3983 3045 4038 ortum,
3069 3961 3194 4045 nam
3226 3980 3286 4047 ult
3309 3989 3375 4028 ex
3400 3972 3541 4027 limo
3574 3978 3722 4041 terra:
3745 3975 3833 4019 tan.

2302 4086 2463 4139 quam
2498 4058 2820 4139 praejacen'te
2847 4068 3072 4122 materia
3091 4066 3399 4145 hominem,
3428 4065 3514 4133 sic
3546 4080 3614 4135 ex
3644 4075 3751 4117 aere
3768 4071 3829 4111 ca-

2302 4165 2533 4235 liginoso
2592 4163 2757 4219 veluti
2819 4163 3137 4232 subjacente
3188 4158 3601 4214 substeruiculo
3657 4152 3830 4223 angelos

2303 4257 2474 4311 Deum
2533 4255 2846 4321 condidisse
2894 4254 3272 4330 arbitrantur,
3312 4249 3470 4317 Pauli
3526 4249 3829 4305 fundamento

2303 4347 2498 4412 innixi,
2530 4346 2763 4402 dicentis
2786 4367 2797 4402 :
2825 4345 3088 4412 Quoniam
3110 4343 3272 4409 Deus,
3290 4344 3380 4412 qui
3402 4343 3547 4395 dixit
3577 4334 3829 4413 detencbtt't

2304 4440 2471 4494 lucem
2517 4438 2899 4509 splendescere,
2947 4439 3054 4507 ipse
3097 4421 3359 4507 illuxit
3392 4434 3643 4508 cordibus
3681 4426 3830 4484 nostris

2304 4532 2373 4585 ad
2421 4514 2857 4586 illuminationem
2897 4531 3129 4585 scientia:
3176 4528 3441 4582 claritatis
3489 4527 3593 4581 Dei
3638 4527 3689 4578 in
3736 4519 3832 4591 [acie

2234 4645 2276 4697 ι)
2307 4622 2505 4677 Christi
2553 4622 2678 4694 Jesu
2723 4624 2787 4677 “.
2839 4622 2981 4678 Deus
3013 4621 3180 4687 enim,
3209 4620 3302 4690 qui
3338 4619 3481 4677 dixit
3524 4619 3594 4673 de
3639 4610 3832 4671 tenebris

2310 4715 2486 4769 lucem
2521 4714 2918 4784 splendescere,
2954 4714 3001 4769 is
3029 4723 3132 4778 est,
3178 4715 3272 4781 qui
3313 4713 3382 4767 de
3426 4712 3675 4773 tenebris
3703 4704 3831 4765 dixit.

2310 4805 2441 4867 Fiat
2475 4810 2587 4871 tum,
2611 4816 2660 4861 et
2692 4808 2836 4872 facta
2855 4818 2933 4864 est
2952 4808 3016 4861 ".
3034 4807 3091 4862 Id
3113 4815 3289 4861 autem
3306 4806 3537 4876 intelligi
3570 4819 3675 4858 non
3699 4800 3835 4871 νριθει

2308 4902 2376 4957 de
2404 4900 2636 4972 simplici
2670 4902 2893 4957 luminis
2933 4901 3197 4962 carentia,
3227 4898 3491 4968 quoniam
3543 4914 3610 4952 ex
3650 4896 3742 4948 hoc
3764 4902 3834 4944 ne-

2307 4994 2427 5065 quit
2458 4993 2750 5064 quidquam
2787 4993 2943 5065 oriri,
2980 5002 3033 5048 et
3062 4992 3292 5063 proinde
3323 5005 3450 5044 cum
3477 4990 3629 5045 dicat
3656 4983 3833 5042 Paulus,

2305 5087 2370 5159 de
2431 5087 2651 5160 tenebris
2698 5086 2863 5143 lucem
2914 5085 3266 5154 splendescere
3289 5123 3303 5147 ,
3352 5091 3572 5153 oportet
3629 5075 3836 5144 tenebras

2304 5182 2455 5252 ipsas
2510 5180 2656 5235 unde
2709 5180 2803 5234 lux
2859 5178 3086 5253 prodeat
3141 5175 3351 5247 aliquid
3408 5192 3554 5232 esse.
3610 5174 3677 5243 At
3717 5164 3832 5239 quid.

2307 5289 2514 5346 quaso,
2545 5272 2849 5340 existimas,
2878 5271 3255 5342 hujuscemodi
3289 5269 3554 5325 tenebras
3596 5279 3729 5333 esse.
3759 5254 3833 5312 ηίεί

2302 5380 2480 5421 aerem
2513 5366 2692 5435 ipsum
2730 5363 2975 5419 tenebris
2997 5363 3253 5429 obsitum,
3287 5361 3386 5417 sed
3430 5358 3657 5414 luminis
3684 5361 3832 5408 susce-

2302 5456 2549 5527 ptivum?
2570 5454 2713 5526 quod
2744 5454 3067 5524 perpulchre
3104 5452 3190 5506 his
3211 5451 3395 5506 verbis
3418 5450 3663 5505 insinuat
3682 5439 3833 5497 Isaias,

2303 5546 2578 5617 inquiens,
2603 5545 2713 5616 Ego
2739 5545 3021 5609 Dominus,
3052 5553 3101 5598 et
3122 5560 3225 5597 non
3251 5551 3329 5596 est
3360 5542 3500 5596 alter
3524 5541 3748 5612 formant
3775 5528 3835 5581 ll!-

2305 5652 2413 5689 cem
2429 5645 2478 5689 et
2503 5652 2684 5690 creans
2712 5635 2945 5689 tenebras
2975 5635 3048 5695 ":
3079 5633 3298 5688 nomine
3319 5639 3502 5687 autem
3530 5628 3833 5686 tenebrarum

2306 5724 2425 5778 hoc
2448 5724 2569 5777 loco
2600 5724 2808 5793 aliquid
2842 5725 3134 5795 positivum
3172 5722 3589 5794 intelligendum
3615 5724 3714 5774 est.
3744 5707 3836 5775 Νθιὶ

2364 5902 2403 5931 ¹²
2448 5898 2574 5956 Cen.
2611 5916 2658 5967 l,
2695 5901 2741 5955 5.
2828 5902 2868 5931 ¹³
2910 5899 3024 5956 Isa.
3061 5916 3181 5964 va,
3221 5900 3269 5951 7.
