4064 6290
199 431 314 492 325
691 453 700 461 ’
1218 445 1286 500 ΙΝ
1316 445 1405 502 EU
1415 443 1691 502 STATHII
1728 447 1828 501 HE?

1928 446 2205 503 ΕΜΕῆοΝ
2243 446 2473 504 ῙΕΟΤΔΕ.
3353 448 3457 506 836

198 551 355 607 enim
387 552 626 612 luminis
669 556 968 612 carentiam
1011 557 1219 612 creavit
1261 559 1423 614 Deus.
1460 558 1587 615 Haec
1620 571 1798 616 tamen

1928 563 2020 615 δίου
2066 564 2423 633 γενησόμενον
2473 561 2786 632 ὑπερόριον,
2843 561 3042 633 μηδένα
3083 558 3136 615 δέ
3186 561 3275 617 τὸν
3319 564 3460 634 μετά

197 645 398 714 Opinio
449 647 689 704 minime
732 649 1009 719 probanda
1062 643 1300 714 iridetur,
1349 652 1436 708 vel
1477 667 1545 708 ex
1588 668 1653 707 eo
1687 654 1802 708 solo

1928 653 2072 708 ναῦτα
2123 655 2423 725 ἀνθρώπων
2463 653 2720 724 μέλλοντα
2769 654 2928 708 πάλιν
2975 655 3208 724 οἰκήσειν
3261 655 3456 721 αὑτόν;

199 735 354 805 quod
395 737 640 806 angelis,
684 738 776 808 qui
808 747 935 793 sunt
975 738 1097 807 puri
1127 740 1356 808 spiritus
1389 742 1540 810 nullo
1578 757 1804 812 corpore

201 824 508 889 obstricti,
573 826 862 882 materiale
911 826 1237 898 principium
1293 830 1515 897 tribuat,
1572 832 1804 901 indeque

200 931 304 972 eos
319 931 630 986 corporeos
663 919 1072 989 materialesque
1098 920 1314 975 elliciat.
1337 920 1509 987 Add.,
1543 922 1672 977 hinc
1698 939 1802 977 non

207 1003 380 1058 simul
415 1021 547 1060 cum
587 1008 731 1062 coelo
781 1014 834 1062 et
869 1015 1014 1062 terra
1046 1008 1220 1079 angeli
1270 1009 1524 1080 producti
1557 1011 1806 1066 referun-

207 1106 326 1159 tur,
362 1100 461 1155 sed
493 1109 623 1170 post
656 1101 776 1156 coeli
805 1110 856 1156 et
880 1108 1038 1155 terrae
1064 1101 1417 1157 creationem.

285 1191 410 1245 Col.
444 1192 577 1260 709,
615 1193 708 1247 lin.
739 1192 826 1247 58.
872 1192 1126 1256 Ἕξωθεν
1154 1191 1222 1244 δὲ
1256 1192 1359 1246 τοῦ
1383 1193 1664 1261 οὐρανοῦ.
1693 1195 1808 1249 Me-

213 1283 452 1339 thodius
488 1285 777 1356 presbyter
813 1283 1361 1354 Hierosolymitanus,
1411 1294 1548 1340 orat.
1598 1287 1653 1338 in
1696 1285 1809 1355 Hy-

212 1385 538 1445 papantem,
575 1378 690 1433 sive
735 1374 1057 1431 Timotheus
1103 1375 1205 1430 sub
1243 1375 1399 1444 cujus
1433 1375 1649 1428 nomine
1696 1375 1808 1428 haec

214 1471 404 1524 oratio
447 1470 743 1542 praeteritis
797 1469 956 1524 annis
999 1469 1156 1523 initio
1202 1469 1393 1522 mutila
1440 1483 1638 1523 excusa
1704 1476 1808 1535 est,

214 1576 388 1632 quam
415 1561 683 1632 integram
700 1559 922 1629 suisque
944 1560 1188 1630 partibus
1217 1560 1522 1614 absolutam
1545 1559 1663 1624 tibi,
1694 1560 1810 1614 lec-

217 1659 330 1714 tor,
370 1666 486 1706 una
522 1667 647 1705 cum
685 1651 807 1705 aliis
837 1650 1238 1707 Methodiorum
1264 1649 1565 1719 opusculis,
1585 1656 1639 1704 et
1667 1649 1812 1719 frag-

216 1743 450 1807 mentis,
470 1743 585 1799 Deo
601 1744 780 1807 dante,
803 1758 964 1814 quam
983 1743 1216 1813 primum
1234 1741 1486 1796 dabimus
1528 1761 1541 1796 :
1565 1741 1613 1797 is
1630 1741 1812 1812 itaque

218 1835 292 1890 de
311 1835 422 1890 hoc
441 1834 637 1890 eodem
659 1835 863 1890 lumine
881 1849 1187 1889 sermonem
1206 1848 1373 1904 agens
1391 1833 1465 1886 ita
1483 1831 1765 1888 exorditur
1797 1852 1808 1886 :

1904 747 1966 798 Εί
1998 745 2104 814 γὰρ
2134 747 2362 809 ἕκαστος
2407 746 2500 798 καὶ
2532 744 2636 799 τῶν
2681 743 2915 808 εὐσεϐῶς
2963 744 3315 815 βεϐιωκότων,
3367 747 3462 800 καὶ

1904 835 2010 888 τῶν
2037 835 2309 898 δυσσεϐῶς
2343 834 2830 905 πολιτευσαμένων,
2871 832 3005 904 μετὰ
3031 833 3090 886 τὸ
3125 834 3335 888 στάδιον
3365 833 3461 887 τοῦ

1907 927 2169 996 παρόντος
2197 926 2310 996 βίου
2346 927 2481 998 πρὸς
2517 927 2578 979 τὸ
2609 925 2682 996 μὴ
2728 926 2786 978 ὃν
2817 925 3126 993 ἀναλύεται,
3167 926 3258 978 καὶ
3290 926 3463 992 οὐδεὶς

1905 1019 2003 1072 οὑκ
2029 1018 2108 1071 ἔτι
2139 1019 2400 1089 διαμένει,
2431 1019 2571 1072 ὥστε
2605 1019 2696 1072 καὶ
2729 1018 3049 1090 παράδεισον
3092 1018 3462 1089 κληρονομεῖν,

1906 1113 2000 1166 καὶ
2025 1112 2124 1182 τῆς
2162 1113 2219 1163 ἐν
2260 1109 2404 1180 αὑτῷ
2435 1111 2643 1181 τρυφῆς
2687 1108 2977 1162 ἀπολαύειν
3023 1109 3173 1180 ἱερᾶς
3196 1125 3208 1137 ·
3245 1106 3360 1170 πῶς
3403 1108 3465 1159 οὐ

1911 1201 2085 1272 μάτην
2138 1199 2298 1254 αὑτὸν
2343 1198 2664 1269 γεγενῆσθαι
2721 1199 2754 1268 ἡ
2803 1197 3020 1268 τοιαύτη
3068 1195 3333 1266 ἀγνώμων
3374 1197 3470 1249 καὶ

1907 1293 2168 1362 δυσσεϐὴς
2189 1291 2454 1362 ὑπόληψις
2485 1291 2771 1360 ἀποφανεῖ,
2803 1291 2896 1342 καὶ
2925 1289 3011 1342 διὰ
3031 1289 3131 1358 τῆς
3163 1290 3240 1352 είς
3269 1289 3471 1342 ἐκεῖνον

1910 1385 2117 1457 ὕϐρεως
2132 1385 2220 1436 τὸν
2246 1384 2420 1437 κοινὸν
2435 1382 2701 1453 ἐξυϐρίσει
2717 1381 3068 1452 δημιουργὸν,
3089 1382 3274 1433 ἐκεῖνα.
3293 1378 3467 1450 πράτ-

1909 1495 2023 1532 τειν
2062 1478 2400 1549 κατηγορῶν,
2438 1476 2473 1530 ἀ
2510 1477 2644 1548 μηδὲ
2684 1477 2900 1547 μέτριος
2945 1476 3008 1529 ἄν
3028 1491 3112 1537 τις
3131 1473 3474 1544 διαπράξοιτο

1909 1569 2047 1640 ἀνήρ
2078 1585 2090 1634 ;
2131 1566 2234 1623 Sed
2254 1567 2569 1627 Eustathius
2588 1582 2793 1638 magna?
2812 1565 3068 1620 Ecclesiae
3085 1565 3367 1634 presbyter
3386 1577 3476 1617 eo-

1912 1659 2034 1714 dem
2056 1657 2248 1712 Pbotio
2268 1656 2533 1712 referente
2548 1672 2645 1726 pro
2661 1656 2884 1711 veritate
2900 1660 3113 1724 sumpta
3133 1653 3478 1709 contentione

1913 1750 2182 1820 probavit,
2213 1749 2334 1802 Ὅτι
2360 1752 2496 1820 μετά
2523 1747 2620 1818 τὴν
2650 1746 2967 1816 ἀπαλλαγὴν
2997 1745 3089 1798 τοῦ
3115 1745 3366 1815 σώματος
3383 1743 3480 1795 αὑ-

1914 1841 2041 1896 τίκα
2084 1840 2399 1911 εὑεργοῦσιν
2444 1837 2638 1892 αἰτῶν
2682 1839 2853 1906 ἁγίων
2879 1836 3066 1906 ψυχαί.
3117 1836 3191 1888 Οὑ
3244 1833 3480 1905 μόνονδέ

218 1928 405 1991 Μόνος
418 1929 478 1979 ὲν
491 1926 590 1980 ἀνθ
600 1926 798 1998 ρώποις
808 1928 1008 1991 τέλειος
1025 1926 1120 1980 ἄνθ
1130 1943 1307 1996 ρωπος
1323 1927 1350 1979 ὁ
1367 1924 1461 1996 τῆς
1477 1924 1815 1992 δικαιοσύνης
1846 1926 1888 1980 Β
1915 1933 2021 1987 τῶν
2050 1933 2240 2002 ἁγίων,
2273 1932 2408 1985 ἀλλά
2438 1931 2531 1985 καὶ
2551 1928 2738 1993 ἁπλῶς
2759 1929 2898 1983 κατὰ
2929 1929 3026 1998 τὴν
3048 1927 3251 1980 οίκείαν
3277 1927 3482 1997 ἐκάστῃ

219 2021 355 2091 περὶ
405 2021 609 2074 πολλοῦ
641 2019 919 2091 τιθέμενος
971 2020 1176 2089 κτῆμα.
1226 2018 1516 2088 Ἀείφωτον
1552 2018 1660 2090 γὰρ
1705 2021 1815 2081 τοῖς

217 2109 689 2182 δικαιοπραγοῦσι
736 2111 796 2163 τὸ
827 2112 928 2181 τῆς
963 2109 1309 2180 δικαιοσύνης
1344 2111 1530 2182 κτῆμα
1575 2111 1716 2164 κατά
1757 2112 1819 2163 τὺ

217 2200 440 2270 φάσκον
493 2202 637 2256 θεῖον
693 2202 886 2274 ῥητόν·
937 2199 1068 2268 Φῶς
1106 2199 1359 2265 δικαίοις
1419 2200 1517 2254 διὰ
1573 2204 1816 2267 παντός.

216 2291 388 2345 Ποῖον
421 2293 576 2363 φῶς;
613 2294 687 2346 υὺ
720 2294 780 2346 τὸ
815 2293 970 2347 νυκτὶ
1002 2292 1420 2362 διαμαχόμενον,
1453 2293 1545 2344 καὶ
1566 2293 1822 2363 ἡλιακαῖς

217 2386 413 2439 ἀκτῖσι
474 2386 754 2441 διπλάσιον
823 2385 1244 2457 εὑρισκόμενον,
1303 2382 1396 2435 καὶ
1455 2382 1530 2454 τῷ
1597 2386 1821 2455 παρόντι

216 2477 384 2530 αἰῶνι
435 2477 518 2540 ὡς·
560 2477 877 2548 προσκαίρῳ
911 2477 1345 2546 συντριϐόμενον.
1394 2474 1523 2541 Φῶς
1575 2475 1823 2543 δικαίοις

221 2568 326 2622 διὰ
360 2571 614 2634 παντός.
653 2571 809 2623 Ποῖον
851 2569 998 2638 φῶς;
1047 2569 1121 2621 Τὸ
1160 2568 1416 2623 ἐπέκεινα
1445 2571 1552 2623 τῶν
1581 2570 1822 2642 οὐρανῶν

223 2660 615 2731 αὑλιζόμενον,
645 2663 739 2714 καὶ
775 2661 837 2713 τὸ
860 2660 1163 2730 δεσποτικῷ
1194 2659 1366 2731 θρόνῳ
1399 2663 1821 2733 παριστάμενον.

229 2755 418 2824 Ὅπερ
466 2756 497 2807 ὁ
540 2754 744 2817 δίκαιος
780 2753 1027 2824 Ἀϐραὰμ
1058 2754 1316 2821 ἐννοήσας
1355 2755 1478 2816 τοὺς
1511 2753 1656 2824 αὐτῷ
1698 2772 1823 2825 προ-

232 2845 566 2918 δεχομένους
614 2846 998 2917 προσδέχεται,
1044 2846 1170 2909 τοὺς
1209 2845 1266 2898 δὲ
1309 2847 1383 2918 μὴ
1434 2845 1707 2908 τοιούτους
1748 2845 1826 2916 τῷ

234 2938 479 3007 ἀφεγγεῖ
502 2938 600 3009 τῆς
630 2936 839 3000 δικαίας
883 2936 1178 3007 καταδίκης
1217 2939 1401 3010 χωρίῳ
1441 2937 1824 3010 παραπέμπει.

236 3027 344 3082 Διά
369 3028 533 3082 τοῦτο
580 3028 846 3100 κέκραγεν
877 3030 905 3080 ὁ
956 3028 1216 3100 κράζωνῆ
1276 3030 1404 3097 Φῶς
1430 3028 1678 3095 δικαίοις
1732 3027 1830 3081 διὰ

240 3123 497 3186 παντός.
551 3121 679 3188 Φῶς
709 3121 777 3174 δὲ
809 3119 1044 3174 ἀσεϐῶν
1079 3122 1422 3177 σϐέννυται.
1663 3110 1665 3112 ’

313 3212 482 3278 lbid.,
510 3214 602 3267 lin.
636 3214 724 3268 41.
744 3216 848 3280 Εἰς
871 3214 902 3268 ὃ
932 3213 1026 3268 καὶ
1049 3217 1102 3268 ol
1116 3211 1832 3284 xalécﬁubdaﬂeQ-Ergo

242 3305 439 3364 statim
470 3317 595 3375 post
623 3306 786 3376 hujus
815 3307 938 3362 vitae
966 3308 1261 3362 terminum
1289 3315 1604 3383 sanctorum
1635 3302 1829 3361 animae

238 3397 300 3460 in
355 3398 704 3468 sempiterna
747 3399 886 3454 lucis
926 3399 1229 3455 claritatem
1261 3399 1472 3464 delatae,
1518 3398 1689 3470 gloria
1724 3399 1829 3454 sibi

239 3488 438 3546 debita
483 3488 840 3559 perfruuntur
877 3488 1243 3560 felicitateque
1291 3489 1558 3545 immensa
1605 3489 1828 3559 potiun-

244 3589 360 3638 tur.
398 3579 519 3635 Hoc
551 3582 698 3637 enim
744 3589 986 3652 tempore
1016 3581 1110 3652 qui
1159 3583 1297 3637 bene
1340 3589 1636 3652 sancteque
1663 3582 1830 3636 vitam

248 3674 536 3728 duxerunt
568 3672 636 3726 ab
665 3685 728 3726 ea
760 3671 1016 3726 illustrati
1065 3673 1379 3742 quiescunt,
1430 3687 1528 3726 nec
1565 3671 1712 3725 aliud
1738 3687 1833 3726 ex-

252 3771 536 3835 spectant.
572 3763 727 3828 Qnod
753 3761 1198 3818 manifestissime
1232 3762 1510 3831 colligitur
1539 3777 1606 3816 ex
1652 3762 1833 3817 verbis

256 3853 327 3907 ad
363 3867 484 3924 quae
510 3851 884 3905 confirmanda
921 3865 1029 3904 non
1073 3859 1158 3905 est
1190 3865 1328 3919 opus
1363 3849 1453 3904 hic
1497 3849 1834 3920 reliquorum

255 3944 485 3998 Patrum
539 3942 841 3998 sententias
905 3942 1170 4001 intexere.
1224 3941 1601 3998 Theodoretus
1642 3943 1737 3998 lib.
1781 3959 1836 3997 ιι

261 4036 343 4093 De
378 4036 552 4104 affect.
589 4033 786 4099 Gram,
819 4034 874 4088 in
908 4033 1033 4098 fine,
1081 4035 1179 4088 Ἐν
1210 4033 1290 4099 τῷ
1313 4035 1518 4104 κόσμῳ
1549 4037 1680 4106 γὰρ,
1707 4035 1832 4107 ἔφη,

263 4128 477 4195 θλίψιν
503 4126 690 4196 ἔχετε,
721 4126 819 4181 καὶ
857 4126 1138 4196 μακάριοί
1165 4127 1329 4192 ἐστε,
1353 4126 1498 4181 ὅταν
1539 4127 1838 4182 ὀνειδίσω-

264 4239 373 4279 σιν
395 4223 571 4294 ὑμᾶς,
609 4224 705 4278 καί
735 4223 1011 4289 διώξωσι,
1047 4224 1146 4278 καὶ
1187 4225 1400 4278 εἴπωσι
1425 4225 1548 4281 πᾶν
1572 4227 1839 4294 πονηρὸν

255 4315 428 4386 ῥῆμα
470 4317 596 4370 καθ’
619 4315 786 4386 ὑμῶν
809 4316 1018 4370 ἕνεκεν
1040 4317 1205 4386 ἐμοῦ.
1235 4317 1499 4385 Χαίρετε,
1531 4318 1629 4372 καὶ
1657 4319 1840 4388 drasi-

265 4404 500 4467 λιᾶσθε,
517 4407 606 4460 ὅτι
631 4409 663 4460 ὁ
674 4405 890 4476 μισθὸς
904 4407 1069 4476 ὑμῶν
1087 4407 1280 4472 πολὺς
1300 4409 1371 4461 ἐν
1393 4409 1518 4475 τοῖς
1541 4409 1834 4478 οἰιρανοῖς.

267 4499 380 4552 Καὶ
419 4499 545 4562 τοὺς
575 4499 671 4569 μὲν
703 4499 893 4561 πόνους
929 4497 1023 4550 καὶ
1065 4497 1340 4561 κινδύνους
1371 4498 1644 4564 ὑπέδειξεν
1679 4498 1748 4552 τὰ
1782 4499 1838 4551 δέ

1918 2024 2138 2091 ἀξίωσιν
2184 2026 2332 2079 πᾶσα
2361 2023 2672 2094 ἀνθρωπίνη
2702 2022 2866 2092 ψυχή.
2903 2019 3074 2089 Cujus
3105 2020 3193 2074 hic
3226 2019 3386 2075 verba
3415 2018 3483 2071 li-

1919 2115 2241 2171 bentissime
2281 2115 2726 2176 transcriberem,
2776 2114 2821 2168 si
2854 2112 3020 2166 libelli
3065 2112 3218 2181 copia
3261 2110 3399 2165 foret
3425 2117 3486 2164 ut

1920 2223 2107 2262 eorum
2148 2207 2512 2277 pervicaciam
2574 2207 3009 2275 comprimerem,
3064 2205 3156 2276 qui
3196 2205 3250 2258 in
3303 2214 3487 2274 aperta

1921 2307 1975 2354 et
2003 2315 2063 2355 re
2107 2299 2392 2354 manifesta
2444 2299 2514 2353 ita
2544 2299 2860 2359 caecutiunt,
2897 2308 2954 2351 ut
2981 2306 3034 2352 et
3081 2296 3201 2351 aliis
3230 2296 3485 2350 tenebras

1923 2389 2205 2468 oﬂundere
2241 2391 2584 2460 impudenter
2618 2389 2885 2443 nitantur.
2917 2387 3050 2454 Quis
3070 2388 3211 2442 enim
3234 2393 3485 2457 portenta

1923 2484 2070 2540 circa
2105 2482 2208 2536 hoc
2242 2481 2605 2551 pessimorum
2634 2479 2910 2534 hominum
2943 2478 3085 2534 ferre
3117 2478 3340 2548 posset?
3369 2478 3488 2531 Ma-

1925 2574 2103 2630 lorum
2127 2572 2336 2628 scilicet
2371 2571 2582 2625 animas
2611 2570 2666 2624 in
2697 2569 2972 2625 daemonas
2997 2570 3260 2632 converti,
3291 2569 3348 2621 in
3375 2569 3490 2623 leo-

1925 2681 2046 2731 nes,
2078 2665 2257 2734 lupos,
2296 2664 2538 2732 aliasque
2569 2662 2798 2726 bestias,
2833 2661 2975 2716 sicut
3007 2669 3060 2716 et
3082 2660 3357 2730 justorum
3389 2659 3492 2714 mi-

1930 2772 2106 2829 grare.
2169 2755 2526 2819 Paradisum,
2585 2769 2985 2824 supernamque
3041 2753 3377 2809 Hierusalem
3435 2752 3493 2807 in

1930 2849 2090 2905 tertio
2118 2848 2257 2903 cmlo
2292 2847 2453 2903 sitam
2488 2861 2629 2914 esse,
2664 2846 2796 2916 quin
2837 2862 3012 2916 neque
3044 2847 3095 2900 in
3131 2847 3290 2910 ccelo,
3317 2860 3494 2915 neque

1929 2941 1986 2996 in
2015 2941 2197 2997 terris.
2235 2938 2342 2995 Sed
2386 2939 2581 2993 horum
2617 2937 2791 3008 magis
2821 2944 3129 2993 accuratam
3170 2937 3493 3007 explicatio-

1930 3045 2054 3086 nem
2080 3032 2134 3086 in
2166 3036 2402 3084 tractatu
2449 3042 2610 3099 quem
2648 3027 2714 3082 de
2752 3026 3073 3084 differentiis
3105 3025 3417 3080 Graecorum
3442 3033 3498 3080 et

1931 3121 2250 3194 Latinorum
2297 3121 2619 3188 scribimus,
2671 3120 2972 3175 trademus.
3027 3117 3182 3173 Nunc
3238 3120 3346 3175 ista
3386 3119 3498 3174 sint

1935 3217 2089 3273 satis.

2006 3308 2169 3372 lbid.,
2199 3308 2296 3363 lin.
2339 3307 2429 3370 42.
2469 3307 2727 3372 Νοήσεις
2768 3304 2834 3358 δὲ
2869 3305 3080 3358 τούτου
3123 3302 3238 3371 τὴν
3267 3304 3498 3359 οἰκον-οε

1925 3402 2091 3472 μίαν.
2123 3400 2358 3454 Basilius
2392 3399 2538 3453 hom.
2573 3398 2608 3452 2
2660 3399 2712 3452 in
2752 3397 3043 3450 flexaem.:
3073 3396 3280 3465 Νόησον
3325 3393 3380 3446 δέ
3412 3409 3500 3463 μοι

1931 3495 2040 3549 ἀπὸ
2078 3491 2517 3564 παραδείγματος
2546 3488 2810 3562 ἐναργοῦς
2841 3488 2902 3542 τὸ
2929 3489 3240 3557 λεγόμενον,
3275 3488 3333 3538 ἐν
3371 3503 3499 3538 στα-

1934 3585 2075 3656 θηρᾷ
2107 3583 2422 3656 μεσημϐρίᾳ
2457 3582 2661 3653 σκηνήν
2699 3597 2818 3633 τινα
2845 3580 2910 3630 ἐκ
2942 3577 3151 3646 πυκνῆς
3183 3575 3276 3628 καὶ
3312 3590 3504 3643 στεγα-

1933 3680 2028 3749 νῆς
2072 3677 2202 3746 ὕλης
2251 3675 2427 3745 ἐαυτῷ
2477 3675 2919 3745 παραστήσαντα,
2951 3669 3045 3723 καὶ
3083 3670 3138 3722 ἐν
3184 3669 3358 3738 σκότῳ
3409 3667 3504 3720 αὑ-

1934 3769 2188 3840 τοσχεδίῳ
2225 3768 2414 3821 ἑαυτὸν
2448 3763 2860 3836 καθειργοῦντα.

2003 3863 2164 3927 lbid.,
2189 3863 2283 3916 lin.
2313 3864 2398 3918 49.
2423 3861 2584 3914 Οὕτω
2600 3859 2868 3913 τοιοῦτον
2895 3856 3331 3910 ἀνυπόστατον.
3357 3852 3508 3908 Basi-

1936 3954 2042 4008 lius
2062 3953 2295 4022 explicat
2312 3951 2456 4005 hom.
2480 3951 2515 4003 2
2543 3969 2554 4003 :
2577 3948 2820 4019 Λέγομεν
2839 3946 3018 4000 τοίνυν
3033 3943 3289 3999 καὶτοῦτο
3305 3944 3363 3997 τὺ
3392 3943 3510 3997 σκό-

1935 4060 2026 4106 τος
2062 4042 2134 4113 μὴ
2186 4039 2326 4094 κατὰ
2354 4040 2540 4094 οὐσίαν
2588 4038 2972 4109 ὑφεστηκέναι,
3023 4037 3119 4089 καὶ
3164 4035 3334 4097 πάθος
3368 4029 3508 4088 εῖναι

1938 4136 2062 4208 περὶ
2093 4135 2181 4188 τὸν
2211 4134 2346 4205 ἀέρα
2380 4131 2824 4204 στερήσειφωτὸς
2845 4129 3241 4200 ἐπιγινόμενον.
3269 4127 3334 4180 Et
3364 4128 3508 4182 infe-

1938 4227 2055 4282 rius
2093 4245 2105 4280 :
2139 4225 2388 4280 Τοιοῦτον
2431 4220 2524 4278 οὖν
2579 4225 2798 4277 κάκεῖνο
2847 4220 2906 4274 τὸ
2963 4219 3152 4282 σκότος
3195 4217 3393 4271 ὑπόθου
3446 4217 3508 4272 οὑ

1939 4316 2360 4390 προηγουμένως
2416 4313 2736 4387 ὑφεστηκὸς,
2781 4313 2895 4367 ἀλλ’
2933 4310 3367 4381 ἐπακολουθῆσαν
3406 4308 3514 4362 ἐτέ-

1942 4429 2072 4485 ροις.
2096 4410 2161 4464 Et
2191 4410 2302 4464 haec
2322 4411 2466 4465 dicta
2497 4417 2624 4470 sunt
2651 4414 2839 4461 contra
2868 4420 3042 4475 nugas
3057 4401 3508 4466 Manichmorum,
3569 4409 3580 4430 '

1941 4508 2300 4562 asserentium
2352 4502 2606 4558 tenebras
2652 4515 2772 4557 esse
2821 4496 3114 4570 quamdam
3149 4493 3512 4551 substantiam

273 4588 499 4660 βραδεῖα
532 4588 776 4651 καὶτοὺς
805 4587 1101 4656 στεφάνους
1132 4585 1270 4656 μετὰ
1312 4586 1372 4640 τὸ
1411 4587 1506 4640 τοῦ
1541 4586 1653 4658 βίου
1686 4585 1828 4648 τέλος

1941 4606 2219 4658 aeternam.
2261 4603 2316 4652 et
2366 4593 2694 4666 principium
2738 4606 2922 4645 rerum
2969 4603 3078 4642 non
3133 4587 3314 4640 minus
3348 4599 3512 4655 quam

271 4679 569 4734 ἀποδώσειν
613 4679 859 4749 ὑπέχετο.
893 4677 997 4733 Sed
1030 4678 1112 4732 his
1145 4678 1354 4732 diutius
1389 4677 1667 4730 immorari
1695 4683 1841 4731 esset

189 4796 198 4802 ·
274 4773 374 4828 εοιί
409 4773 589 4826 lumen
616 4771 815 4825 addere
851 4789 863 4824 :
902 4770 1017 4824 hzec
1048 4777 1228 4824 tamen
1266 4785 1356 4824 res
1385 4785 1413 4822 a
1443 4769 1690 4838 pluribus
1711 4783 1842 4822 con-

274 4874 519 4920 troversa
547 4864 738 4918 habuit
783 4878 913 4918 suos
953 4862 1270 4916 defensores
1305 4871 1356 4915 et
1389 4865 1838 4929 propugnatores.

274 4957 522 5013 Andreas
546 4953 900 5011 Caesariensis
932 4954 984 5007 in
1012 4953 1405 5022 Apocalypsim,
1436 4967 1599 5007 serm.
1631 4951 1718 5013 15,
1749 4965 1842 5005 ca-

277 5050 379 5121 pit.
413 5049 513 5113 45;
541 5058 593 5104 et
625 5063 788 5104 serm.
827 5045 879 5112 6,
907 5061 1027 5116 cap.
1062 5047 1162 5111 i7;
1196 5053 1250 5100 et
1281 5059 1447 5098 serm.
1485 5044 1572 5104 ll,
1597 5058 1718 5112 cap.
1753 5043 1842 5103 55,

279 5140 610 5195 existimavit
654 5139 924 5208 justorum
969 5137 1182 5194 animas
1215 5136 1458 5190 nondum
1490 5135 1674 5204 gloriae
1707 5134 1846 5188 divi-

281 5247 364 5284 nae
393 5231 682 5300 participes
702 5229 865 5298 hujus
886 5227 1073 5284 mundi
1099 5226 1627 5282 consummationem
1658 5240 1850 5294 exspe-

281 5331 449 5378 ctare.
483 5321 541 5377 S.
565 5321 826 5391 Eulogius
859 5321 914 5375 in
952 5321 1206 5390 paradiso
1235 5319 1474 5373 terrestri
1506 5332 1598 5372 eas
1616 5315 1846 5384 deferri;

285 5415 488 5468 frustra
532 5414 673 5470 enim
708 5413 901 5469 hortus
949 5412 1040 5467 ille
1079 5395 1400 5466 deliciarum
1436 5417 1654 5464 creatus
1683 5416 1848 5472 esset,

283 5505 386 5559 nisi
417 5505 527 5573 jam
563 5509 874 5564 sanctorum
906 5502 1210 5555 animorum
1239 5505 1385 5555 esset
1424 5499 1848 5567 receptaculum.

285 5595 417 5665 Ejus
453 5595 617 5649 verba
645 5593 830 5649 'refert
870 5592 1100 5648 Photius
1144 5592 1198 5645 in
1234 5591 1483 5645 Biblioth.
1516 5589 1616 5644 εΤί
1662 5590 1719 5643 δέ
1743 5591 1854 5658 ﬁxa).

286 5689 379 5741 τὸν
432 5687 573 5741 κατά
622 5684 882 5747 ἀνατολὰς
940 5684 1264 5755 παράδεισον
1332 5680 1595 5750 ἐφύτευσε
1651 5681 1742 5734 τὸν
1796 5682 1854 5734 ἐν

1941 4693 2138 4749 lucem.
2174 4691 2480 4747 Alexander
2508 4687 2817 4759 Lycopolita
2850 4691 3033 4737 contra
3055 4679 3111 4734 Μ
3116 4678 3378 4733 anichwos
3397 4693 3415 4730 :
3439 4674 3514 4728 Τὸ

1942 4785 1999 4838 δέ
2023 4785 2292 4856 λαμπρὸν,
2307 4781 2481 4837 καὶτὸ
2517 4779 2652 4850 φῶς,
2670 4779 2762 4831 καὶ
2793 4777 2852 4831 τὸ
2875 4776 3006 4838 ἄνω,
3025 4773 3198 4827 πάντα
3215 4771 3388 4825 ταῦτα
3418 4768 3514 4850 σὺν

1942 4875 2020 4947 τῷ
2034 4875 2150 4946 Θεῷ
2171 4873 2327 4929 εἶναι’
2352 4874 2411 4926 τὸ
2430 4870 2667 4943 ἀμυδρὸν
2687 4869 2744 4921 δέ
2770 4867 2864 4920 καὶ
2879 4868 2938 4919 τὸ
2961 4867 3167 4928 σκότος,
3182 4862 3346 4917 καὶτὸ
3367 4860 3516 4913 κάτω

1947 4969 2043 5020 σὺν
2069 4969 2132 5037 τῇ
2155 4965 2275 5038 ὕλη.
2301 4963 2366 5018 Ει
2388 4964 2584 5018 iterum
2607 4981 2618 5014 :
2640 4959 2748 5030 Τῆς
2779 4953 2870 5011 οῦν
2900 4957 3029 5029 ὕλης
3051 4953 3118 5029 ἦς
3145 4953 3514 5025 ἀπεκρίθησαν

1945 5059 2094 5129 ἥλιος
2127 5060 2218 5111 καὶ
2251 5057 2445 5126 σελήνη
2479 5055 2540 5108 τὸ
2575 5052 2740 5125 μέρος
2775 5049 2929 5112 ἐκτὸς
2958 5049 3050 5102 τοῦ
3083 5049 3286 5116 κόσμου
3319 5044 3518 5114 ἀπελη-

1946 5148 2162 5212 λάσθαι,
2199 5147 2291 5200 καὶ
2333 5143 2470 5200 εἶναι
2499 5146 2676 5203 ἐκεῖνο
2709 5141 2820 5213 πῦρ
2845 5139 3134 5220 καυστικδν
3171 5139 3288 5209 μὲν,
3322 5134 3518 5189 σκοτῶο

1948 5241 2036 5303 δες
2059 5239 2115 5291 δὲ
2146 5239 2240 5293 καὶ
2268 5237 2505 5306 ἀφεγγὲς
2535 5237 2689 5290 νυκτὶ
2712 5233 3055 5306 προσόμοιον.
3079 5229 3214 5285 Vide
3231 5228 3514 5298 Didymum

1951 5342 2134 5387 contra
2163 5331 2506 5394 Manichwos,
2536 5337 2590 5385 et
2613 5329 2769 5383 alios.

2022 5423 2182 5490 lbid.,
2227 5423 2323 5477 lin.
2370 5421 2458 5477 52.
2512 5420 2949 5491 Ἀναχεομένου
2997 5419 3107 5488 γὰρ
3150 5415 3256 5470 τοῦ
3300 5413 3515 5482 φωτός.

1951 5516 2187 5572 Basilius
2225 5514 2374 5569 hom.
2401 5513 2437 5567 2
2468 5531 2482 5566 :
2517 5513 2649 5566 Τότε
2681 5512 2737 5566 δέ
2765 5512 2824 5565 οὑ
2855 5509 2996 5566 κατά
3024 5510 3235 5580 κίνησιν
3268 5501 3517 5577 ἡλιακὴν,

1953 5608 2066 5661 ἀλλ’
2092 5605 2450 5677 ἀναχεομένου
2475 5604 2568 5658 τοῦ
2590 5603 2807 5678 πρώτου
2838 5602 3010 5674 φωτὸς
3036 5599 3267 5663 ἐκείνου,
3298 5596 3394 5650 καὶ
3420 5595 3523 5651 πά-

1952 5699 2034 5753 λιν
2089 5699 2507 5771 συστελλομένου
2554 5697 2696 5751 κατά
2743 5696 2806 5749 τὸ
2851 5693 3062 5765 ὁρισθὲν
3124 5691 3317 5763 μέτρον
3371 5687 3525 5760 παρὰ

301 5777 484 5861 Ἐδέμν
526 5778 584 5830 ἐν
618 5770 662 5845 ᾧ
707 5776 799 5830 τὸν
832 5775 1138 5846 ἀνθρωπονν
1170 5775 1227 5827 δν
1276 5772 1527 5839 ἔπλασεν,
1579 5772 1750 5835 έθετθν
1805 5774 1854 5826 εί
1955 5790 2087 5845 Θεοῦ
2129 5790 2307 5863 ἡμέρα
2344 5790 2578 5860 ἐγένετο,
2619 5787 2712 5842 καὶ
2752 5785 2847 5850 νὺξ
2876 5781 3152 5854 ἀντεπῄει.
3202 5782 3380 5849 Quare
3410 5795 3520 5835 non

293 5857 494 5946 ἐκεῖνον
542 5870 638 5940 μὲν
680 5868 841 5934 εὐθὺς
880 5866 1291 5941 παραϐήσεσθαι
1327 5866 1462 5937 ᾔδει,
1499 5864 1592 5920 καὶ
1623 5865 1718 5918 τοῦ
1747 5883 1854 5936 χω-

1957 5881 2227 5960 itnmcrito
2261 5881 2412 5943 illum
2442 5880 2582 5936 dicm
2615 5876 2903 5932 Afrirauus
2929 5875 3138 5932 vocavit
3171 5876 3362 5946 νοητὴν
3385 5871 3523 5947 ἡμέ-
