4064 6290
657 399 759 454 827

1979 418 2225 476 LEONIS
2251 421 2520 477 ALLATH

3807 430 3892 489 ω

660 537 779 593 ραν.
833 519 1092 593 Georgius
1150 521 1471 595 Syncellus:
1521 529 1630 599 Τὴν
1668 529 1889 602 πρώτην
1943 532 2151 604 ἡμέραν

2276 539 2299 594 ι
2331 539 2438 590 Ὃν
2458 535 2582 604 τοῖς
2607 536 2677 592 ἐν
2716 537 2794 609 γῇ
2821 541 3196 612 marmorarii
3234 540 3718 611 δημιουργήσας
3769 548 3886 600 στέ-

670 613 988 684 Ἀφρικανὸς
1007 613 1199 686 νοητὴν
1221 615 1390 686 λέγει,
1419 619 1503 672 διὰ
1532 621 1590 674 τὸ
1617 621 1827 692 πρῶτον
1855 623 2220 699 διοργανισθῆ-

657 721 742 758 ναι
768 704 902 767 τέως
927 704 986 757 τὸ
1023 706 1421 776 πρωτόκτιστον
1452 711 1566 781 φῶς
1602 714 1695 766 καὶ
1721 715 2038 785 κεχυμένον.

720 794 881 861 lbid.,
923 796 1019 850 lin.
1058 797 1147 852 54.
1197 800 1364 855 Ὅθεν
1418 804 1513 856 καὶ
1559 805 1628 856 ἐν
1671 805 1743 874 τῇ
1789 795 2212 876 συμμετρήσει.

649 885 882 944 Basilius
911 888 1057 945 hom.
1093 890 1148 956 2,
1189 893 1383 946 Οὐκέτι
1432 897 1868 968 προσηγόρευσεν
1901 900 2081 971 ἡμέρα
2123 902 2214 954 καὶ

648 978 762 1048 νὺξ,
805 980 944 1035 ἀλλὰ
989 981 1066 1054 τῷ
1099 985 1476 1056 ὲπικρατοῦντι
1507 988 1601 1060 τὴν
1636 992 1813 1044 πᾶσαν
1843 995 2213 1064 προσηγορίαν

644 1072 926 1145 ἀπένειμε.
989 1076 1205 1148 Ταύτην
1237 1078 1302 1132 ἂν
1339 1081 1431 1132 καὶ
1467 1082 1523 1134 ὲν
1555 1081 1701 1154 πάσῃ
1733 1083 1920 1155 Γραφῇ
1959 1085 2056 1157 τὴν
2087 1103 2211 1139 συν-

642 1165 829 1236 ήθειαν
850 1166 1032 1240 εὕροις
1059 1171 1117 1223 ὲν
1143 1173 1209 1243 τῇ
1227 1171 1322 1226 τοῦ,
1340 1174 1529 1245 χρόνου
1550 1176 1804 1246 μετρήσει
1821 1178 2029 1248 ἡμέρας
2057 1178 2211 1249 ἀριθ-

645 1256 936 1327 μουμένας,
986 1259 1106 1329 οὐχι⁸
1154 1261 1210 1315 δὲ
1258 1264 1352 1317 καὶ
1399 1264 1600 1330 νύκτας
1633 1267 1768 1338 μετὰ
1813 1267 1918 1322 τῶν
1966 1269 2204 1342 ἡμερῶν.

640 1347 808 1419 quue
842 1352 1010 1408 variis
1040 1353 1236 1408 divina:
1259 1353 1555 1427 Scriptura;
1583 1362 1910 1416 testimoniis
1944 1364 2204 1418 ostendit.

635 1437 909 1498 Nomades
953 1443 1115 1499 etiam
1148 1446 1252 1516 ipsi
1286 1447 1546 1520 Libycum
1599 1468 1769 1522 genus
1803 1453 1858 1507 in
1901 1461 2206 1524 temporum

637 1529 1079 1592 dinumeratione
1107 1552 1217 1592 non
1245 1539 1458 1606 diebus,
1490 1551 1549 1596 ut
1582 1543 1880 1615 Scriptura,
1910 1547 2002 1600 sed
2032 1548 2207 1601 nocti-

635 1616 740 1674 bus
770 1629 1018 1681 utuntur.
1050 1624 1304 1684 Nicolaus
1340 1629 1705 1689 Damascenus
1729 1635 1867 1703 apud
1895 1635 2160 1690 Slobcrum
2182 1654 2202 1690 :

637 1707 700 1761 0i
727 1710 955 1780 νομάδες
984 1712 1090 1767 τῶν
1125 1715 1338 1770 Λιϐύων
1366 1720 1427 1772 ού
1461 1724 1578 1784 ταῖς
1626 1723 1877 1794 ἡμέραις,
1924 1725 2058 1778 ἀλλὰ
2083 1730 2202 1790 ταῖς

634 1799 784 1864 νυξὶν
814 1803 974 1856 αὐτὸν
1007 1806 1298 1878 ἀριθμοῦσι
1349 1811 1440 1864 τὸν
1480 1812 1688 1883 χρόνον.
1734 1814 1789 1869 ld
1829 1816 1968 1871 idem
2009 1817 2198 1873 obser-

3773 631 3828 672 ν.

2331 679 2616 765 ἰῼνόμαρίε
2646 683 2944 765 στερέωμμ
2970 682 3112 748 Θεὸς
3137 685 3170 736 d
3203 680 3627 765 κατιλιτέχνης
3666 613 3774 765 [T13

2313 751 2479 818 Παρὰ
2494 752 2607 821 τὴν
2632 753 2869 822 πρώτην
2883 752 3182 820 dirumpor
3202 753 3410 822 ἑτέραν-
3426 753 3587 808 ὄντα
3603 754 3874 824 σφαῖραν.

2385 883 2542 950 lbid.,
2575 888 2671 943 lin.
2699 888 2752 943 8.
2773 887 2880 942 Kal
2907 887 3075 957 χρεία
3102 887 3422 948 ὶδιάζουσα.
3459 889 3544 945 De
3571 907 3685 946 usu
3715 891 3873 948 ﬁrma-

2313 977 2477 1028 menti
2501 977 2654 1045 plura
2683 979 2738 1032 in
2766 980 3182 1048 astrologorum,
3204 980 3791 1054 philosophorumque
3818 987 3871 1039 li-

2311 1066 2444 1121 bris.
2477 1068 2780 1126 Ludovicus
2797 1069 3016 1135 Fidelis,
3047 1073 3142 1126 lib.
3175 1090 3259 1136 ιιι,
3294 1091 3414 1143 cap.
3441 1074 3501 1138 2,
3539 1075 3646 1139 ait,
3697 1085 3756 1132 ut
3785 1079 3866 1134 ho-

2309 1153 2442 1208 mini
2471 1153 2614 1212 Deus
2648 1158 2909 1227 plantavit
2957 1162 3266 1230 paradisum
3298 1171 3651 1228 terrestrem,
3692 1167 3745 1220 in
3775 1185 3864 1238 quo

2311 1245 2541 1303 feliciter
2568 1259 2686 1304 erat
2714 1266 2835 1304 cum
2865 1259 2976 1306 tota
3012 1254 3330 1322 posteritate
3353 1256 3498 1309 victu
3511 1272 3618 1312 rus
3657 1258 3814 1314 Adam
3845 1283 3854 1316 :

2309 1339 2388 1392 sic
2415 1341 2622 1410 angelis
2649 1341 2807 1396 hodie
2833 1343 3012 1396 locum
3039 1359 3150 1398 suae
3183 1344 3426 1399 felicitati
3447 1350 3854 1405 convenientem

2307 1429 2435 1484 fecit
2461 1430 2605 1488 Deus
2635 1433 3032 1490 ﬁrmamentum
3056 1456 3074 1491 ε-
3090 1437 3192 1491 hoc
3215 1439 3335 1507 ipso
3355 1440 3558 1508 agendi
3582 1442 3740 1497 modo
3763 1445 3850 1499 loci

2305 1521 2596 1593 designans
2636 1527 3015 1584 excellentiam
3045 1545 3058 1593 ;
3095 1544 3205 1582 non
3243 1531 3387 1584 enim
3430 1541 3662 1602 propter
3687 1535 3846 1601 bruta,

2303 1613 2387 1670 vel
2426 1615 2726 1671 animantia
2754 1620 2958 1688 quaevis
2996 1621 3172 1674 locum
3205 1624 3518 1692 quempiam
3560 1623 3748 1682 fecisse
3777 1629 3842 1683 le-

2303 1703 2465 1773 gitur,
2495 1705 2588 1760 sed
2628 1709 2761 1764 solis
2797 1710 3105 1766 hominibus
3139 1719 3194 1766 et
3237 1713 3480 1784 angelis;
3536 1723 3590 1770 et
3630 1719 3839 1787 perinde

2301 1805 2465 1866 atque
2493 1797 2654 1854 homo
2678 1801 2748 1856 ob
2773 1810 3052 1870 peceatum
3075 1814 3337 1875 perpetuo
3367 1809 3517 1862 exsul
3539 1808 3710 1866 factus
3737 1821 3828 1870 est.

633 1906 792 1949 vasse
823 1893 1137 1967 Britannos,
1173 1908 1227 1954 et
1253 1899 1456 1963 Gallos.
1494 1904 1746 1976 illiusque
1783 1923 2006 1964 causam
2036 1909 2176 1965 rel-“er

2302 1893 2356 1940 et
2385 1904 2412 1944 a
2435 1890 2688 1960 paradiso
2724 1894 3018 1964 voluptatis
3041 1897 3319 1962 exclusus,
3365 1897 3495 1952 haud
3535 1915 3691 1956 secus
3734 1917 3828 1957 an-

633 1982 934 2043 Gulielmus
970 1989 1280 2048 Camdenus
1318 1996 1373 2050 in
1406 1996 1708 2052 Britannia.

697 2073 816 2130 Col.
838 2077 958 2142 712,
1002 2079 1097 2139 lin.
1129 2082 1179 2136 1.
1215 2084 1266 2136 Ὁ
1297 2085 1439 2152 Θεὸς
1465 2087 1531 2141 τὸ
1559 2089 1880 2159 στερέωμα.
1909 2090 2198 2148 Zoroaster

578 2187 600 2200 ~
628 2170 682 2220 et
694 2164 1010 2224 Damascius
1026 2173 1298 2230 variorum
1314 2176 1773 2237 ﬁrmamentorum
1791 2185 1950 2240 orbes
1969 2193 2191 2254 ponunt,

627 2269 682 2317 et
709 2276 905 2318 eorum
930 2267 1166 2335 primum
1201 2286 1540 2342 empyreum,
1574 2283 1686 2331 tres
1717 2287 2006 2348 sequentes
2028 2280 2190 2335 aethe-

625 2367 772 2418 reos,
809 2361 864 2410 et
896 2363 1010 2412 tres
1049 2359 1271 2417 ultimos
1304 2365 1612 2421 materiales
1645 2379 1983 2439 nuncupant.
2007 2371 2190 2429 Ludo-

623 2445 777 2501 vicus
820 2447 1022 2507 Fidelis
1050 2451 1128 2506 De
1157 2454 1341 2508 mundi
1387 2465 1678 2525 structura,
1707 2462 1804 2518 lib.
1837 2480 1919 2527 ιιι,
1959 2481 2010 2520 c.
2051 2469 2102 2533 1,
2134 2468 2191 2522 in

623 2538 983 2607 explicatione
1029 2544 1224 2600 horum
1269 2549 1553 2605 verborum
1587 2553 1782 2622 duplex
1829 2572 1951 2612 esse
1988 2559 2064 2612 ait
2093 2558 2190 2612 ﬁr-

622 2640 990 2698 mamentum,
1046 2652 1214 2692 unum
1261 2642 1408 2710 quod
1454 2644 1688 2712 primum
1725 2650 1924 2705 mobile
1970 2662 2184 2719 vocant,

621 2721 768 2792 quod
816 2739 918 2780 suo
968 2735 1118 2782 motu
1164 2732 1448 2790 universos
1493 2750 1798 2794 commovet
1841 2743 2022 2808 orbes,
2073 2752 2128 2799 et
2157 2759 2189 2800 a

621 2813 773 2870 nullo
811 2827 1080 2888 movetur,
1123 2823 1370 2878 omnium
1411 2826 1625 2883 orbium
1663 2832 1963 2888 caelestium
1998 2851 2187 2908 supre-

619 2923 790 2978 mum,
825 2913 970 2982 quod
1001 2930 1102 2971 suo
1144 2919 1351 2975 ambitu
1381 2923 1622 2994 reliquos
1652 2928 1754 2983 sub
1782 2945 1840 2985 se
1871 2933 2186 3002 complecti-

618 3009 710 3057 tur
745 3005 927 3074 orbes,
975 3012 1122 3080 quod
1165 3029 1476 3086 empyreum
1518 3023 1809 3091 appellant,
1851 3043 1947 3082 seu
1992 3028 2182 3083 beato-

616 3109 740 3150 rum
787 3099 1016 3157 sedem:
1049 3107 1304 3174 quoniam
1353 3111 1447 3180 qui
1487 3112 1542 3167 in
1593 3130 1659 3170 eo
1706 3119 1944 3175 resident
1982 3123 2181 3180 divinis

617 3186 879 3244 continuo
910 3205 1216 3252 exuruntur
1265 3201 1594 3270 ardoribus;
1625 3215 1679 3263 et
1720 3209 1773 3265 id
1820 3213 2038 3282 quidem
2085 3233 2182 3287 per
2207 3243 2248 3301 ρ

615 3283 1051 3338 antonomasiam
1097 3296 1352 3344 vocatum
1402 3295 1600 3350 cmlum
1641 3299 1786 3365 (εαξη,
1833 3283 2179 3362 εειιόοθιιιιῐι

609 3455 869 3516 Hebraeos
918 3478 1149 3520 numero
1197 3477 1346 3525 caret
1389 3473 1670 3546 singulari,
1711 3481 1857 3537 unde
1897 3455 2037 3553 apud
2071 3455 2177 3543 Ieos

609 3548 735 3604 εωιὶ
784 3565 1172 3625 nonnunquam
1205 3575 1304 3628 pro
1327 3563 1486 3632 coelo,
1521 3568 1846 3640 quandoque
1886 3548 1986 3642 pro
2022 3578 2175 3634 cmlis

609 3648 923 3697 sumuntur.
965 3645 1175 3702 Dicitur
1201 3662 1378 3709 autem
1401 3657 1801 3716 ﬁrmamentum
1833 3665 1904 3719 ob
1934 3667 2175 3739 singula-

605 3748 724 3789 rem
768 3737 853 3792 sui
901 3738 1073 3808 ipsius
1104 3740 1435 3812 ﬁrmitatem,
1471 3752 1616 3820 quod
1665 3769 1763 3809 sua
1806 3765 2003 3813 natura
2030 3737 2179 3817 icon.

606 3833 761 3885 stans
809 3829 901 3897 sit,
949 3840 1113 3904 atque
1154 3851 1369 3908 semper
1404 3841 1640 3910 ﬁrmum,
1691 3847 1758 3902 de
1785 3864 1894 3919 quo
1923 3867 2068 3907 nunc
2114 3855 2172 3912 ﬁt

603 3919 830 3976 mentio.
880 3922 1126 3980 Alterum
1155 3935 1240 3982 est
1269 3927 1668 3989 ﬁrmamentum
1704 3940 1848 4009 quod
1891 3952 2070 3999 movet
2097 3947 2172 4000 si-

605 4009 719 4064 mul
747 4017 802 4066 et
845 4023 1117 4080 movetur,
1169 4017 1225 4072 in
1271 4035 1379 4089 quo
1428 4021 1719 4081 luminaria
1758 4039 1955 4098 quarto
1999 4033 2087 4088 die
2137 4050 2170 4090 a

602 4100 791 4171 Moyse
811 4101 1121 4170 referuntur
1149 4111 1430 4178 producta.
1463 4113 1566 4171 Sed
1596 4118 1709 4173 haec
1723 4122 1908 4191 opinio
1938 4124 2005 4180 de
2030 4143 2169 4182 verae

602 4191 959 4264 philosophia:
1004 4201 1292 4271 principiis
1329 4205 1634 4266 abhorrens
1693 4214 1770 4267 uti
1808 4214 1943 4273 falsa
1986 4219 2169 4289 rejici...

600 4290 712 4349 tur,
749 4286 844 4341 sed
872 4291 1261 4359 experimentis
1293 4293 1426 4362 ipsis
1454 4302 1728 4355 contraria
1752 4312 1856 4361 est.

665 4373 942 4446 lbid.,lin.
987 4382 1040 4436 5.
1072 4382 1183 4437 Καὶ
1207 4384 1432 4452 εἴρηται
1459 4388 1604 4455 τοῖς.
1653 4391 1884 4451 Basilius
1911 4397 2057 4455 hom.
2093 4402 2161 4459 ὅτ

596 4468 826 4542 Εἴρηται
861 4473 962 4544 μὲν
992 4469 1084 4528 οὖν
1117 4493 1227 4530 τισι
1259 4477 1367 4530 τῶν
1385 4480 1490 4552 πρὸ
1521 4485 1552 4554 ή
1563 4483 1678 4553 μῶν
1701 4487 1773 4559 μὴ
1802 4489 2052 4564 δευτέρου
2075 4497 2164 4549 οὐ-

2302 1980 2407 2049 geli
2440 1983 2566 2036 mali
2589 1997 2628 2036 -a
2659 1986 3001 2041 ﬁrmamento
3058 1988 3291 2058 sejuncti
3339 1999 3477 2046 sunt.
3504 1991 3624 2047 illuc
3671 2009 3814 2049 nun—

2298 2085 2459 2140 quam
2499 2074 2792 2130 reversuri.

2363 2162 2520 2229 lbid.,
2542 2165 2637 2219 lin.
2659 2167 2744 2220 10.
2764 2169 3160 2237 Στερεωτέρας
3182 2171 3483 2240 ὑπάρχων.
3501 2171 3793 2229 Firmamenti

2295 2270 2495 2325 corpus
2545 2259 2800 2322 solidum,
2833 2272 2884 2316 et
2912 2260 3126 2316 ﬁrmum
3163 2263 3332 2320 fuisse
3365 2275 3598 2320 creatum
3635 2282 3782 2322 omnes

2293 2347 2636 2417 existimant;
2696 2351 2869 2420 placet
2914 2353 3239 2423 Augustino,
3283 2357 3376 2409 lib.
3417 2373 3480 2420 ιι,
3518 2357 3588 2411 De
3614 2356 3787 2411 Games

2294 2436 2544 2506 litteram,
2577 2455 2627 2495 c.
2659 2441 2746 2504 10,
2779 2443 2852 2497 ita
2894 2445 3075 2498 vocari
3107 2457 3329 2517 propter
3371 2449 3691 2512 ﬁrmitatem,
3729 2461 3803 2504 aut

2289 2537 2514 2599 propter
2541 2532 3093 2603 intransgressibilem
3171 2539 3464 2592 terminum
3507 2540 3810 2610 superiorum

2289 2628 2344 2675 et
2375 2621 2691 2678 inferiorum
2717 2641 3003 2695 aquarum.
3043 2627 3195 2683 Philo
3243 2628 3320 2683 De
3373 2631 3560 2684 mundi
3612 2629 3809 2698 opiﬁcio,

2287 2710 2361 2764 ita
2393 2713 2468 2766 ait
2510 2717 2836 2785 appellatum
2872 2726 2928 2772 ut
2958 2735 3076 2775 rem
3104 2736 3452 2790 corpoream,
3482 2737 3611 2776 cum
3641 2736 3810 2790 corpus

2287 2807 2608 2862 naturaliter
2627 2809 2841 2865 ﬁrmum
2871 2812 3214 2883 solidumque
3236 2815 3306 2870 sit
3336 2814 3514 2870 trinas
3544 2814 3810 2869 dimensio-

2283 2911 2383 2952 nes
2416 2899 2641 2956 habens.
2700 2902 2900 2957 Ἐποίει
2927 2904 3016 2957 τὸν
3046 2905 3273 2977 οὐρανὸν
3321 2907 3348 2960 ὁ
3380 2907 3735 2977 Δημιουργδς,
3771 2903 3814 2957 ὃν

2284 2990 2498 3061 ἐτύμως
2545 2995 2830 3066 στερέωμα
2876 2999 3336 3070 προσηγόρευκεν,
3387 2999 3484 3052 ἆτε
3539 2997 3816 3068 σωματικὸν

2283 3081 2434 3137 ὄντα.
2473 3083 2545 3137 Τὸ
2574 3085 2680 3157 γὰρ
2705 3086 2864 3157 σῶμα
2893 3088 3052 3157 φύσει
3084 3090 3320 3161 στερεὸν,
3350 3090 3542 3160 ὅτιπερ
3564 3091 3659 3144 καὶ
3687 3090 3813 3160 τριχῆ

2281 3173 2562 3231 διαστατόν
2592 3195 2604 3208 ·
2642 3180 2862 3251 στερεοῦ
2887 3181 2942 3235 δὲ
2969 3181 3062 3236 καὶ
3095 3180 3343 3252 σώματος
3369 3182 3548 3236 ἔννοιά
3569 3201 3655 3246 τις
3682 3183 3812 3253 ἑτέρα.

2281 3268 2419 3340 πλὴν
2446 3269 2507 3322 τὸ
2539 3272 2711 3343 πάντη
2741 3272 3042 3343 διεστηκός.
3069 3273 3310 3330 Joannes
3366 3275 3618 3332 Zonares
3666 3275 3813 3330 Anna-

2281 3361 2409 3414 lium
2441 3369 2570 3417 tom.
2607 3363 2622 3417 Ι
2649 3384 2660 3420 :
2689 3365 2981 3436 Στερέωμα
3025 3366 3082 3419 δὲ
3131 3365 3354 3438 ἐκλήθη,
3381 3368 3463 3420 ὅτι
3498 3369 3747 3436 στεγανὸν
3770 3365 3816 3418 τὸ

2280 3452 2439 3524 σῶμα
2456 3454 2664 3520 τούτου,
2687 3457 2780 3510 καὶ
2825 3458 2883 3510 οὐ
2911 3457 3114 3529 λεπτὴν
3160 3459 3279 3512 οὐδὲ
3323 3458 3520 3530 ἀραιὰν
3552 3459 3657 3531 τὴν
3683 3459 3812 3528 φύσιν

2276 3545 2409 3616 ἔχει,
2444 3546 2584 3600 κατὰ
2605 3546 2671 3600 τὰ
2703 3547 2890 3612 ὕδατα,
2919 3549 2979 3614 ἐξ
3005 3542 3078 3604 ὧν
3115 3549 3211 3621 τὴν
3236 3551 3495 3604 σύστασιν
3524 3551 3767 3622 ἔσχηκεν,
3791 3549 3812 3602 ὃ

2276 3640 2612 3711 καὶούρανὸς
2658 3641 2970 3713 ὠνομάσθη.
3021 3640 3349 3699 Ambrosius
3402 3642 3736 3699 Catharinus
3771 3643 3811 3694 in

2277 3729 2516 3786 Cenesim
2549 3741 2704 3800 putat
2735 3749 2859 3790 esse
2887 3743 3137 3793 octavam
3180 3736 3472 3806 sphaeram,
3497 3739 3650 3808 quod
3693 3738 3741 3790 in
3763 3748 3811 3790 ea

2274 3823 2444 3878 stellae
2485 3839 2676 3880 omnes
2709 3825 3016 3882 inerrantes
3071 3827 3190 3882 lixae
3230 3827 3508 3898 ﬁrmaque
3546 3829 3684 3894 sint,
3730 3839 3809 3880 nec

2271 3915 2441 3971 variis
2489 3917 2725 3973 motibus
2757 3919 3111 3991 divagentur;
3148 3925 3310 3978 aliam
3355 3921 3522 3991 hujus
3552 3921 3706 3975 vocis
3730 3933 3804 3972 ex-

2271 4009 2596 4078 positionem
2630 4011 2789 4068 habet
2815 4015 2956 4085 apud
2973 4016 3324 4072 Benedictum
3348 4016 3662 4080 Pererium,
3678 4011 3807 4068 Com-

2269 4109 2493 4155 mentar.
2526 4104 2581 4154 in
2629 4101 2810 4159 Cenes.
2867 4106 2960 4160 lib.
2995 4123 3034 4161 ι.
3087 4106 3147 4162 In
3183 4109 3330 4162 illius
3371 4115 3554 4161 tamen
3606 4105 3808 4162 materia

2267 4193 2584 4261 exponenda
2621 4195 2847 4252 minime
2874 4200 3226 4256 conveniunt.
3261 4199 3645 4256 Theodoretus
3688 4213 3804 4270 qua.»

2267 4284 2432 4339 stion.
2469 4285 2532 4340 Η
2559 4287 2613 4340 in
2647 4285 3189 4360 Genes.:Pr0pterea,
3245 4291 3444 4361 inquit,
3496 4292 3805 4362 appellatum

2267 4375 2684 4444 ﬁrmamentum,
2711 4380 2854 4449 quod
2884 4395 2950 4435 ex
2990 4397 3153 4452 aqua,
3199 4398 3320 4452 qum
3352 4384 3504 4452 prius
3523 4389 3645 4436 erat
3666 4380 3804 4446 ﬂuxa,

2263 4473 2314 4519 et
2349 4465 2647 4536 liquabilis,
2678 4471 3156 4527 vehementissime
3201 4473 3454 4543 spissata,
3501 4472 3804 4529 fortissime-

596 4562 758 4632 ρανοῢ
791 4565 1004 4634 γένεσιν
1025 4565 1163 4622 εἶναι
1183 4571 1404 4644 ταύτην,
1428 4575 1543 4629 ἀλλ’
1561 4558 1887 4653 ἑπεξήγησιν
1915 4558 2006 4639 τοῦ
2032 4606 2159 4660 προ-

2276 4571 2368 4626 que
2385 4558 2636 4613 indurata
2651 4570 2966 4617 concretum
2989 4563 3166 4620 fuerit.
3183 4563 3328 4620 Idem
3364 4564 3529 4619 tradit
3553 4563 3804 4634 Iosephus

591 4653 772 4726 τέρου,
793 4658 881 4712 διὰ
904 4660 965 4713 τὸ
989 4662 1105 4716 ἐκεῖ
1130 4663 1230 4735 μὲν
1253 4667 1310 4718 ἐν
1348 4668 1626 4742 κεφαλαίῳ
1653 4677 2048 4746 παραδεδόσθαι
2065 4653 2157 4736 οὐ-

595 4747 756 4832 ρανοῦ
787 4752 882 4804 καὶ
913 4754 1015 4824 γῆς
1047 4757 1282 4828 ποίησιν,
1317 4760 1548 4816 ἐνταῦθα
1582 4765 1640 4818 δὲ
1683 4769 2155 4840 ἐπεξεργαστικώ-

588 4823 746 4908 τερον
803 4841 892 4896 τὸν
928 4823 1371 4915 τρόπον,“καθ’ὃν
1398 4852 1623 4908 ἕκαστον
1652 4823 1862 4927 γέγονε,

587 4928 695 5000 φὴν
725 4932 854 5001 ἡμῖν
887 4937 1268 5010 παραδιδόναι;
1324 4960 1389 4998 ex
1431 4947 1633 5003 auibus
1673 4955 1871 5020 poterit
1927 4928 2158 5015 muti-lus

585 5020 677 5078 hic
700 5024 856 5082 locus
878 5030 1098 5102 corrigi.

654 5109 818 5182 lbid.,
847 5117 944 5175 lin.
981 5120 1031 5172 7.
1075 5122 1269 5192 Ἡμεῖς
1290 5126 1357 5180 δέ
1383 5145 1597 5199 φαμεν.
1636 5133 1872 5192 Basilius
1895 5137 2041 5194 hom.
2073 5140 2144 5198 5:

594 5206 784 5279 Ἦμεῐς
818 5211 895 5302 δέ
927 5231 1104 5284 φαμεν
1155 5219 1257 5283 ὅτι,
1317 5221 1504 5294 ἐπειδὴ
1553 5227 1724 5298 ὄνομα
1775 5229 1982 5302 ἓτερον,
2033 5235 2126 5289 καὶ

580 5298 738 5370 χρεία
768 5300 1044 5368 ίδιάζουσα
1067 5307 1161 5360 τοῦ
1197 5309 1448 5382 δευτέρου
1489 5315 1717 5388 οὐρανοῦ
1763 5298 2141 5392 παραδέδοται,

579 5389 764 5463 ἕτερός
792 5395 910 5449 ἐστι
939 5398 1092 5470 παρὰ
1124 5399 1216 5454 τὸν
1250 5403 1308 5454 ἐν
1345 5403 1487 5477 ἀρχῇ
1549 5389 1914 5483 πεποιημένον
1967 5389 2139 5484 οὗτος,

581 5487 946 5560 στερεωτέρας
967 5489 1200 5560 φύσεως,
1233 5494 1323 5548 καὶ
1355 5495 1542 5567 χρείαν
1575 5501 1846 5573 ἐξαίρετον
1871 5507 1948 5578 τῷ
1981 5512 2142 5564 παντὶ

581 5577 968 5648 παρεχόμενος.
1019 5579 1164 5638 Idem
1213 5585 1384 5640 sentit
1427 5587 1822 5652 Constantinus
1863 5577 2140 5658 manasses

580 5663 637 5718 in
666 5666 960 5727 Annalibus
986 5689 1007 5729 :

585 5776 694 5871 2Ζῖἒὲ
713 5779 1093 5871 ’ἷέβττεεξάρον
1115 5791 1465 5871 Isle-trama
1485 5796 1708 5871 ἡμέρας
1729 5799 1838 5867 τῆς
1857 5800 2136 5871 δευτέρας

583 5846 694 5903 Τὸν
721 5846 1108 5917 οἰξρανὸιδτὸν
1137 5846 1410 5934 δὲύῖερον
1438 5846 2131 5946 ἓσῖᾇαῗρῶσεὲανσόφῗιςξ

2262 4649 2358 4706 lib.
2388 4652 2689 4723 IAntiquit.
2719 4653 2960 4720 Judaic.,
3006 4673 3128 4727 cap.
3167 4659 3191 4712 1
3221 4677 3234 4725 ;
3283 4656 3626 4720 Gennadius,
3659 4658 3803 4712 Seve-

2259 4743 2447 4800 rianus
2469 4753 2660 4802 catena
2685 4749 2738 4803 in
2755 4749 2900 4805 hunc
2921 4752 3122 4816 locum,
3143 4753 3341 4822 quibus
3365 4754 3640 4807 consentit
3656 4750 3799 4815 Beda;

2257 4843 2310 4890 et
2332 4838 2618 4893 conﬁrmat
2647 4842 2824 4898 verbis
2849 4843 2994 4898 Petri
3019 4849 3459 4902 commemoratis
3488 4862 3517 4900 a
3543 4845 3802 4902 Clemente

2256 4927 2350 4983 lib.
2372 4945 2410 4984 ιι
2435 4929 2704 5002 Recogm't.
2740 4933 2894 5006 ﬂugo
2935 4936 3132 4993 Adnot.
3164 4939 3217 4992 in
3253 4937 3463 5004 Genes.,
3491 4941 3657 5010 capit.
3691 4939 3799 5002 6,et

2253 5023 2604 5082 alii.Basilius
2621 5028 2758 5082 hanc
2775 5030 3096 5085 sententiam
3113 5031 3400 5095 deridet,et
3412 5033 3617 5103 puerile
3634 5039 3794 5092 vocat,

2251 5117 2448 5172 coelum
2478 5119 2732 5175 arbitrari
2764 5121 2934 5178 fuisse
2963 5139 3033 5182 ex
3061 5138 3199 5194 aqua
3233 5134 3526 5192 concreta;
3553 5133 3605 5181 et
3629 5132 3798 5181 censet

2248 5210 2648 5266 ﬁrmamentum
2684 5229 2749 5268 ex
2787 5217 2936 5273 tenui
2965 5215 3201 5286 quadam
3239 5218 3470 5273 materia
3507 5219 3686 5288 qualis
3725 5223 3796 5271 est

2248 5314 2428 5368 aerea,
2463 5303 2814 5359 vehementer
2853 5314 3040 5362 tamen
3097 5307 3324 5364 densata
3379 5318 3436 5362 et
3483 5309 3792 5378 constipata,

2246 5392 2420 5448 fuisse
2437 5395 2945 5468 conﬂatum,‘quem
2975 5400 3226 5470 sequitur
3251 5400 3596 5458 Ambrosius.

2311 5509 2473 5573 lbid.,
2511 5511 2608 5565 lin.
2654 5513 2740 5568 Η.
2768 5515 2878 5568 Καὶ
2913 5515 3278 5586 διεχώρησεν
3299 5521 3330 5571 d
3352 5519 3517 5583 Θεός.
3549 5515 3786 5582 Quaenam

2244 5599 2354 5655 sint
2386 5600 2466 5655 hae
2494 5617 2648 5672 aqum
2673 5619 2794 5674 qua:
2827 5616 2953 5660 sunt
2979 5622 3143 5676 supra
3167 5607 3565 5662 ﬁrmamentum
3597 5606 3688 5660 diu
3715 5606 3787 5656 est

2239 5695 2525 5762 qumsilum
2573 5703 2628 5750 et
2673 5697 3029 5768 disputatum.
3064 5699 3321 5755 Albertus
3360 5699 3586 5770 Magnus
3613 5699 3666 5762 2,
3710 5695 3784 5750 di-

2239 5787 2427 5842 stinct.
2451 5788 2538 5854 -14,
2565 5788 2782 5844 articul.
2814 5792 2878 5858 1;
2913 5791 3238 5862 Egidiusin
3269 5793 3522 5847 Hexaem.
3557 5808 3675 5862 cap.
3701 5786 3784 5846 ll:

2238 5880 2570 5938 Catharinus
2601 5889 2653 5939 et
2696 5883 2784 5937 alii
2820 5883 3157 5955 Scripturam
3193 5886 3264 5942 ita
3295 5886 3588 5956 explicant,
3621 5890 3672 5937 ut
3701 5893 3786 5934 no-
