4064 6290
234 404 349 462 829

1229 399 1298 454 ΙΝ
1338 399 1712 457 EUSTATHII
1749 401 2223 462 HEXAEMERON
2259 403 2491 462 NOTAE.

3365 403 3469 462 830

231 523 388 576 mine
425 515 750 572 ﬁrmamenti
787 515 1121 588 intelligatur
1163 517 1360 572 caelum
1389 518 1661 583 stellatum
1706 535 1802 576 su-
1833 524 1882 581 Α
1907 521 2035 587 lius,
2071 523 2218 578 hom.
2246 524 2281 578 3
2323 524 2378 577 in
2411 522 2702 586 Πατσανιά
2732 520 3067 593 Epiphanius
3099 522 3154 576 in
3196 521 3367 592 Epist.
3400 520 3471 577 ad

235 626 342 683 pra
369 608 516 681 quod
540 607 894 678 perhibentur
912 624 1035 669 esse
1057 623 1231 679 aquae,
1255 609 1309 664 id
1331 618 1416 664 est
1437 625 1616 669 nouus
1643 612 1804 667 etde-
1903 613 2161 669 Joannem
2181 614 2726 684 llierosolymitanum
2745 631 2764 679 ;
2785 615 3230 684 Chrysostomus,
3247 615 3394 670 hom.
3413 614 3471 684 4,

239 706 421 759 cimus
464 701 615 756 orbis
657 715 811 772 aqua:
863 700 1277 756 similitudinem
1329 700 1653 771 referentes,
1711 705 1804 774 qui
1903 712 1957 760 et
1983 705 2039 758 in
2067 704 2467 775 psat.cxt.vm;
2506 705 2746 776 Cyrillus
2782 703 3328 775 Hierosolymitanus,
3366 702 3475 763 Ca-

243 796 490 865 undique
519 792 842 849 translucidi
875 801 1025 858 sunt,
1063 808 1162 848 nec
1200 793 1366 850 ullam
1401 794 1457 848 in
1498 810 1557 850 se
1595 796 1805 852 stellam

242 888 476 954 habent;
520 887 607 943 vel
659 887 735 941 ita
794 894 853 942 ut
906 901 1003 957 per
1050 886 1453 941 ﬁrmamentum
1487 887 1808 959 designetur

247 994 364 1044 aer,
399 992 570 1048 aquas
595 991 722 1032 vero
752 991 846 1032 eas
883 977 1088 1042 vocari,
1124 991 1245 1046 qua:
1275 978 1512 1048 pluendo
1549 978 1808 1035 decidunt

248 1069 305 1125 in
328 1079 551 1135 terram,
589 1069 820 1139 illasque
849 1069 918 1123 ab
939 1070 1041 1133 bis,
1076 1085 1196 1140 quae
1225 1085 1393 1142 supra
1427 1077 1629 1125 terram
1655 1078 1805 1135 sunt,

250 1159 492 1228 separari
520 1159 680 1221 coelo,
718 1160 819 1213 hoc
873 1165 957 1213 est
988 1173 1132 1214 aere.
1166 1157 1232 1213 Et
1269 1160 1372 1216 hoc
1411 1159 1663 1216 videntur
1694 1176 1810 1214 am-

249 1251 415 1322 plecti
446 1251 788 1321 Augustinus
823 1251 915 1305 lib.
948 1266 988 1304 ιι
1023 1248 1094 1305 De
1124 1249 1310 1306 Genesi
1341 1251 1409 1306 ad
1437 1253 1566 1320 Iitt.,
1593 1267 1713 1322 cap.
1740 1253 1808 1319 αις

251 1340 613 1413 Hieronymus
643 1342 794 1410 epist.
814 1341 902 1405 85,
927 1340 995 1394 ad
1019 1339 1308 1408 Oceanum,
1336 1342 1604 1398 refellitur
1629 1352 1811 1401 tamen

252 1448 284 1487 a
315 1432 612 1489 Francisco
645 1431 860 1488 Valesio
887 1433 962 1488 De
992 1452 1148 1490 sacra
1179 1436 1530 1506 philosophia.
1557 1437 1719 1507 capit.
1756 1438 1810 1494 1.

251 1524 534 1596 Origenes,
571 1531 630 1580 ut
670 1525 835 1580 refert
868 1521 1207 1598 Epiphanius
1231 1527 1404 1598 Epist.
1437 1529 1506 1582 ad
1551 1528 1813 1585 Joannem

252 1616 814 1688 Hierosolymitanum,
842 1625 896 1672 et
917 1616 1280 1690 Hieronymus
1301 1621 1451 1689 epist.
1473 1620 1541 1676 ad
1567 1619 1815 1675 Pamma-

251 1708 446 1776 chium,
495 1707 631 1764 dixit
656 1723 846 1779 aquas,
870 1724 991 1780 qua:
1032 1725 1197 1781 super
1231 1710 1624 1766 firmamentum
1659 1720 1810 1778 sunt,

252 1816 363 1856 non
419 1815 540 1856 esse
590 1815 782 1870 aquas,
814 1801 910 1857 sed
939 1817 1061 1858 esse
1106 1803 1328 1874 angelos
1355 1813 1610 1868 sanctos;
1642 1782 1814 1874 aquas

1908 795 2037 852 tech.
2069 797 2140 865 9;
2191 775 2565 852 Theodoretus
2611 797 2666 850 in
2713 794 2864 862 Gen.,
2913 803 3104 866 quazst.
3137 795 3233 862 it;
3276 793 3475 850 Proco-
3519 775 3534 790 ’

1907 889 2030 960 pius
2059 890 2115 943 in
2143 887 2354 953 Genes.,
2379 905 2501 960 cap.
2537 889 2562 942 1
2587 907 2601 956 ;
2633 887 2957 959 Hippolytus
2985 894 3038 942 et
3070 886 3395 942 Severianus
3417 888 3473 942 in

1908 973 2120 1046 catena,
2172 979 2494 1051 Eutliymius
2538 980 2594 1032 in
2629 980 2767 1048 psal.
2799 993 2922 1044 cm;
2971 976 3212 1032 Hilarius
3261 977 3313 1029 in
3332 976 3470 1044 psal.

1909 1087 2138 1136 cxxxvr;
2189 1071 2535 1134 Ambrosius,
2561 1070 2656 1124 lib.
2709 1085 2747 1124 ll
2784 1068 3065 1134 Hexaem.,
3100 1082 3220 1137 cap.
3265 1067 3300 1120 5
3328 1073 3382 1121 et
3409 1067 3476 1133 ις

1910 1159 2272 1240 Ηίεςοηγωιιε
2301 1158 2471 1229 Epist.
2507 1159 2576 1216 ad
2611 1159 2909 1222 Oceanum;
2933 1159 3187 1228 August.,
3213 1157 3304 1210 lib.
3331 1172 3370 1210 ιι
3402 1155 3480 1212 De

1913 1250 2040 1308 Gen.
2095 1252 2165 1307 ad
2225 1253 2354 1318 litt.,
2397 1267 2517 1322 cap.
2571 1251 2625 1316 5,
2684 1257 2739 1306 et
2775 1250 2869 1304 lib.
2906 1265 2960 1304 ιι
2998 1247 3075 1302 De
3119 1247 3326 1302 civitate
3358 1245 3476 1310 Dei,

1912 1361 2033 1417 cap.
2060 1346 2272 1413 ultimo,
2305 1354 2358 1401 et
2387 1345 2443 1398 in
2463 1343 2599 1414 psal.
2629 1358 2761 1410 cur;
2817 1340 3143 1397 Dracontius
3185 1339 3478 1410 Hispanus,

1914 1439 2118 1495 Marius
2152 1438 2342 1494 Victor
2366 1439 2442 1494 De
2469 1452 2620 1506 opere
2649 1452 2741 1491 sea:
2770 1433 3008 1498 dierum;
3032 1432 3336 1502 Drepanins
3359 1429 3484 1487 Flo-

1914 1549 2039 1597 rus,
2089 1532 2148 1586 in
2205 1529 2425 1601 Hymno
2487 1527 2654 1583 trium
2707 1539 3038 1596 puerorum;
3097 1521 3481 1586 Cassiodorus,

1914 1623 2142 1695 Haymo,
2167 1621 2374 1686 Bruno,
2397 1629 2452 1677 et
2473 1621 2562 1675 alii
2593 1634 2734 1690 quos
2757 1617 2945 1672 laudat
2973 1615 3238 1670 Martinus
3268 1614 3484 1670 Delrius

1915 1711 1968 1766 in
2001 1725 2122 1779 cap.
2161 1724 2179 1762 ι
2219 1706 2415 1763 Cenes.
2461 1705 2839 1778 Ἀμαθέστατα
2876 1703 3041 1774 igitur
3077 1699 3335 1756 Calvinus
3363 1699 3484 1754 bla-

1915 1811 2054 1860 terat
2095 1803 2236 1857 hanc
2281 1801 2606 1859 sententiam
2658 1816 2802 1867 esse,
2833 1807 2889 1857 et
2925 1813 2957 1853 a
2999 1812 3166 1854 sensu
3209 1793 3486 1854 communi

252 1908 381 1949 vero
412 1908 530 1964 quae
552 1869 655 1950 sub
685 1893 1024 1950 ﬁrmamento
1048 1869 1326 1952 sunt'csse
1347 1894 1619 1952 daemones
1644 1869 1816 1952 malos
1851 1869 1891 1924 Β
1916 1895 2168 1957 alienam,
2197 1909 2319 1948 cum
2349 1907 2380 1945 a
2402 1901 2480 1947 tot
2508 1891 2784 1956 Patribus,
2814 1891 2992 1961 iisque
3024 1885 3380 1952 doctissimis,
3415 1885 3488 1941 sit

250 1999 282 2040 e
313 1985 452 2040 coelo
503 1985 705 2056 lapsos.
758 1987 820 2040 In
857 1985 1000 2041 hanc
1028 1987 1356 2043 sententiam
1391 2002 1556 2058 quam
1582 1987 1818 2058 Epipha-

248 2076 376 2132 nius
399 2082 452 2131 et
475 2075 837 2149 Hieronymus
894 2078 1245 2144 damnarunt,
1281 2078 1518 2136 Basilius
1572 2079 1720 2136 hom.
1761 2080 1816 2143 5,

249 2166 307 2220 in
349 2165 628 2233 Hexaem.,
671 2183 966 2238 suppresso
994 2167 1244 2240 Origenis
1274 2168 1516 2232 nomine,
1545 2168 1659 2223 haec
1693 2183 1821 2239 pro-

248 2256 364 2311 dit:
393 2257 552 2329 Ἦμῖν
578 2259 636 2312 δὲ
667 2261 760 2314 καὶ
785 2259 919 2331 πρὸς
941 2261 1066 2324 τοὺς
1102 2261 1209 2314 ἀπὸ
1235 2260 1334 2331 τῆς
1349 2260 1674 2330 Ἐκκλησίας
1706 2259 1820 2316 ἐστι

246 2363 336 2411 τις
383 2347 538 2416 λόγος
589 2350 718 2420 περὶ
764 2348 872 2402 τῶν
912 2350 1291 2421 διακριθέντων
1334 2350 1557 2414 ὗδάτων,
1601 2351 1649 2405 οἳ
1693 2368 1823 2422 προ-

250 2440 414 2510 φάσει
446 2441 733 2512 ἀναγωγῆς
761 2443 854 2494 καὶ
879 2442 1162 2513 νοημάτων
1189 2441 1533 2514 ὑψηλοτέρων
1559 2443 1638 2506 είς
1662 2443 1824 2514 άλλη-

248 2529 444 2598 γορίας
477 2530 801 2600 κατέφυγον,
850 2532 1104 2603 δυνάμεις
1149 2532 1399 2602 λέγοντες
1449 2533 1824 2605 πνευματικὰς

251 2622 350 2675 καὶ⁸
389 2623 710 2693 ἀσωμάτους
746 2625 1018 2696 τροπικῶς
1068 2628 1134 2679 ὲκ
1179 2625 1287 2679 τῶν
1317 2625 1522 2694 ὑδάτων
1569 2627 1824 2698 σημαίνε-

254 2711 413 2765 σθαι·
447 2714 539 2766 καὶ
573 2715 684 2768 ἄνω
717 2713 818 2785 μὲν
841 2715 934 2768 ἐπὶ
952 2715 1044 2768 τοῦ
1067 2715 1440 2787 περεώματος
1465 2715 1826 2788 μεμενηκέναι

252 2800 356 2866 τὰς
393 2803 725 2874 κρείττονας,
752 2805 902 2868 κάτω
943 2805 1000 2859 δὲ
1028 2809 1139 2870 τοῖς
1174 2807 1466 2879 περιγείοις
1498 2809 1591 2860 καὶ
1623 2808 1824 2872 ὑλικοίς

249 2894 441 2958 τόποις
462 2899 893 2967 προσαπομεῖναι
915 2895 1013 2960 τὰς
1029 2897 1288 2967 πονηράς.
1310 2897 1409 2965 Διὰ
1430 2897 1588 2950 τοῦτο
1611 2898 1666 2951 δέ
1694 2915 1827 2968 φασι

255 2984 356 3038 καὶ
400 2983 470 3038 τὰ
516 2985 699 3039 ἐπάνω
729 2983 835 3045 τῶν
863 2985 1105 3058 οὐρανῶν
1147 2985 1314 3039 ὕδατα
1359 2987 1526 3042 αἰνεῖν
1554 2986 1642 3039 τὸν
1672 2987 1822 3054 Θεὸν,

250 3075 504 3128 τουτέστι
537 3075 636 3138 τὰς
669 3075 876 3144 ἀγαθὰς
905 3075 1158 3145 δυνάμεις
1180 3074 1334 3142 ἀξίας
1361 3074 1523 3139 οὔσας
1542 3074 1629 3129 διὰ
1655 3074 1825 3130 καθα-

255 3167 461 3239 ρότητα
502 3167 598 3220 τοῦ
643 3167 968 3239 ἡγεμονικοῦ
997 3166 1086 3219 τὸν
1115 3167 1395 3238 πρέποντα
1433 3167 1602 3239 ὕμνον
1637 3169 1823 3222 ἀποδι-

249 3260 403 3315 δόναι
434 3260 512 3332 τῷ
543 3261 818 3315 κτίσαντι·
852 3259 922 3314 τά
944 3260 1001 3330 δὲ
1022 3261 1276 3315 ὑποκάτω
1297 3261 1406 3316 τῶν
1430 3262 1673 3334 οὐρανῶν
1702 3262 1826 3316 ὓδα-

247 3368 326 3410 τα
353 3351 698 3423 πνευματικὰ
718 3346 856 3405 εἶναι
879 3355 978 3423 τῆς
1007 3351 1267 3424 πονηρίας
1297 3351 1405 3406 ἀπὸ
1437 3352 1530 3406 τοῦ
1560 3352 1700 3407 κατὰ
1728 3352 1828 3423 φύ-

248 3463 340 3502 σιν
367 3444 532 3516 ὕψους
553 3447 632 3508 εἰς
653 3446 713 3499 τὸ
742 3445 840 3516 τῆς
863 3444 1060 3509 κακίας
1086 3444 1246 3515 βάθος
1272 3447 1668 3510 καταπεσόντα,
1684 3446 1827 3516 άπερ

246 3537 331 3602 ὡς
365 3538 654 3610 ταραχώδη
683 3537 832 3604 ὄντα,
855 3537 948 3591 καὶ
997 3537 1374 3604 στασιαστικὰ,
1398 3538 1492 3591 καὶ
1525 3540 1636 3601 τοῖς
1665 3536 1826 3608 θορύ-

247 3633 376 3694 ϐοις
404 3629 511 3682 τῶν
543 3627 729 3682 παθῶν
772 3627 1165 3699 κυμαινόμενα,
1191 3627 1461 3680 θάλασσαν
1492 3627 1828 3698 ὠνομάσθαι,

247 3720 349 3776 διὰ
380 3719 441 3771 τὸ
482 3717 780 3788 μετάϐητον
819 3717 911 3769 καί¹
936 3716 1164 3770 ἄστατον
1197 3717 1304 3770 τῶν
1337 3717 1478 3771 κατὰ
1510 3719 1825 3790 προαίρεσιν

249 3811 595 3880 κινημάτων.
627 3808 766 3870 Τοὺς
808 3807 871 3879 δὴ
913 3807 1184 3872 τοιούτους
1210 3809 1402 3876 λόγους
1430 3809 1504 3872 ὡς
1538 3810 1826 3881 ὀνειράτων

254 3901 602 3974 συγκρίσεις,
632 3900 726 3954 καὶ
750 3897 1011 3971 γραώδεις
1048 3898 1247 3969 μύθους
1273 3899 1748 3970 ἀποπεμψάμενοι,
1768 3900 1829 3953 τὸ

255 3995 408 4064 ὕδωρ
434 3992 575 4063 ὕδωρ
602 3991 902 4062 νοήσωμεν,
931 3991 1027 4057 καὶ,
1056 3989 1153 4062 τὴν
1176 3990 1445 4062 διάκρισιν
1478 3991 1574 4062 τὴν
1607 3991 1710 4058 ὑπὸ
1733 3989 1826 4058 τοῦ

258 4083 640 4155 στερεώματος
671 4081 967 4152 γενομένην
997 4081 1138 4151 κατὰ
1159 4080 1256 4152 τὴν
1286 4080 1635 4135 ἀποδοθεῖσαν
1652 4081 1830 4135 αἰτίαν

255 4174 559 4246 δεξώμεθα.
589 4173 843 4230 Valesius
871 4173 990 4228 loco
1014 4173 1127 4243 jam
1154 4173 1305 4230 dicto
1326 4174 1421 4238 ait,
1448 4173 1644 4228 cwlum
1675 4173 1830 4241 illud,

259 4267 412 4338 quod
477 4267 692 4338 plurimi
741 4266 883 4324 hanc
945 4264 1015 4319 ob
1065 4279 1284 4320 causam
1334 4273 1530 4320 vocant
1565 4265 1832 4336 crystalli-

260 4374 424 4423 num,
449 4373 680 4428 aqueum
709 4373 828 4414 esse
861 4373 1000 4428 aqua
1028 4357 1261 4428 quadam
1289 4357 1495 4412 cmlesti
1535 4371 1654 4426 qua:
1680 4356 1832 4426 puri-

261 4458 380 4513 tate
410 4466 602 4521 aquam
630 4451 849 4518 referat,
874 4467 983 4506 non
1016 4459 1194 4506 tamen
1224 4449 1441 4521 frigore,
1463 4457 1556 4504 aut
1583 4449 1827 4513 humore,

1917 2004 2028 2044 uno
2071 2001 2164 2041 ore
2205 1993 2459 2054 recepta;
2490 1991 2544 2039 et
2573 1998 2801 2054 prorsus
2830 1981 3228 2045 incredibilem,
3249 1994 3373 2034 cum
3399 1992 3488 2032 sa-

1919 2093 2013 2134 cra
2038 2076 2320 2147 Scriptura
2344 2077 2396 2132 id
2428 2075 2790 2146 apertissimis
2817 2073 3020 2138 verbis,
3037 2079 3091 2126 et
3114 2070 3244 2125 alibi
3271 2069 3487 2132 innuat,

1919 2171 2067 2240 cujus
2116 2170 2289 2238 major
2320 2177 2397 2223 est
2453 2167 2768 2232 auctoritas,
2830 2180 2897 2220 ex
2956 2162 3284 2234 Augustino,
3330 2175 3491 2231 quam

1920 2263 2089 2317 omnis
2115 2261 2307 2331 ingenii
2325 2261 2540 2313 humani
2555 2258 2845 2328 capacitas.
2861 2255 2928 2310 Et
2947 2251 3398 2326 quemadmodum
3433 2249 3491 2305 in

1920 2353 2007 2408 his
2038 2351 2183 2408 fatue
2199 2352 2413 2417 delirat,
2438 2352 2512 2405 ita
2535 2359 2590 2406 et
2613 2349 2746 2406 ﬁdes
2767 2349 2886 2418 ejus
2909 2354 3224 2413 accusatur,
3246 2352 3301 2401 et
3321 2342 3490 2399 veluti

1921 2447 2206 2519 impostor,
2277 2445 2617 2514 mendaxque
2674 2441 2968 2502 refellitur,
3023 2453 3149 2494 cum
3203 2433 3493 2491 manifeste

1921 2539 2186 2594 mentitur
2230 2538 2500 2602 scribens,
2530 2535 2844 2590 Catholicos
2866 2533 3004 2588 velle
3040 2545 3141 2603 pro
3169 2529 3272 2584 fide
3304 2537 3494 2584 tenen-

1923 2630 2074 2695 dum,
2124 2629 2223 2684 has
2285 2643 2457 2698 aquas
2512 2641 2675 2697 supra
2724 2625 2896 2680 caelos
2931 2639 3091 2679 veras
3136 2635 3306 2692 aquas
3347 2633 3491 2682 esse,

1923 2733 2049 2775 cum
2078 2718 2237 2772 aliam
2284 2716 2611 2774 sententiam
2642 2730 2762 2786 qua:
2794 2729 2919 2770 cum
2960 2713 3066 2768 ista
3099 2709 3323 2765 minime
3359 2721 3495 2762 con-

1925 2811 2093 2874 venit,
2118 2809 2383 2865 Catholici
2423 2809 2549 2874 viri,
2577 2808 2932 2876 maximaeque
2959 2799 3282 2859 eruditionis
3306 2798 3496 2868 vulga-

1925 2904 2036 2957 rint
2065 2902 2300 2973 publice,
2343 2908 2398 2956 et
2449 2901 2626 2973 palam
2659 2897 2817 2953 tutati
2857 2897 2984 2951 sint.
3023 2891 3408 2948 Haereticorum
3445 2888 3494 2943 is

1925 3008 2044 3050 mos
2065 2967 2184 3059 est,
2221 3000 2276 3048 et
2307 2967 2598 3053 dementia,
2629 2995 2688 3041 ut
2737 3001 2857 3057 quae
2881 2983 3085 3039 dixeris
3127 2985 3408 3044 accusent,
3439 2983 3496 3031 et

1925 3085 2175 3142 refellent
2221 3084 2437 3144 etiamsi
2491 3080 2778 3138 verissima
2821 3079 2950 3141 sint,
2990 3091 3111 3147 quae
3149 3089 3258 3128 non
3289 3069 3494 3126 dixeris

1927 3180 2230 3249 imponant,
2254 3184 2313 3232 ut
2344 3177 2564 3240 iterum,
2595 3180 2650 3229 et
2681 3169 3052 3227 accusationis
3099 3175 3154 3222 et
3199 3163 3496 3236 reprehen-

1927 3266 2099 3323 sionis
2138 3280 2327 3320 ansam
2359 3263 2648 3334 arripiant.

1993 3357 2110 3414 Col.
2159 3356 2280 3421 712,
2317 3356 2413 3410 lin.
2447 3354 2536 3412 14.
2563 3354 2743 3408 Ὥστε
2773 3349 2874 3407 καί
2911 3348 3109 3404 ἐπάνω
3144 3342 3316 3402 εἶναι.
3353 3344 3499 3402 Con-

1927 3449 2202 3506 stantinus
2236 3445 2515 3501 Manasses
2547 3443 2600 3498 in
2629 3441 2826 3498 Annat.
2846 3454 2866 3493 :

1931 3577 2068 3630 Τότε
2091 3573 2191 3628 καὶ
2215 3573 2330 3640 τὴν
2356 3571 2733 3640 παντόχιτον
2765 3567 2962 3640 φύσιν.
2979 3564 3095 3632 τὴν
3120 3563 3374 3640 ﬁducia}!-

1926 3647 2035 3700 Καὶ
2049 3644 2154 3710 τὰς
2169 3633 2481 3707 ἀϐύσσους
2496 3633 2728 3702 δι’ἐλὼν,
2749 3633 2844 3710 καὶ
2864 3637 3088 3688 τούτων
3241 3633 3498 3701 ἀρίστην

1927 3716 2084 3786 Πρὸς
2122 3704 2280 3782 ὕψος
2294 3704 2679 3786 ureti-mter
2706 3708 2941 3786 vectigale
2965 3704 3324 3786 μετεωρίσας

1934 3772 2002 3841 Ti)
2024 3772 2092 3839 δὲ
2115 3772 2212 3842 ἐπὶ
2243 3772 2355 3854 γῆς
2385 3772 2696 3836 ἀπολιπὼν
2719 3772 2943 3844 ἔστησε
2968 3775 3183 3828 τούτων
3210 3772 3424 3842 μέσον.

1998 3909 2101 3962 Τὸν
2135 3906 2363 3978 οὐρανὸν
2391 3903 2579 3974 ὥσπερ
2606 3898 2876 3972 φραγμὸν,
2904 3897 3091 3968 ὥσπερ
3135 3894 3359 3967 στερρδν
3386 3909 3498 3947 τει-

1931 4000 2064 4073 χίον.
2100 4001 2159 4056 In
2189 4012 2351 4053 versu
2382 3993 2624 4054 secundo
2645 3990 2964 4047 καὶτούτων
2991 3989 3088 4060 μὲν
3123 3989 3350 4059 ᾁρίστην
3366 3985 3495 4056 quid

1931 4081 2004 4152 sit
2051 4109 2159 4149 non
2211 4091 2387 4162 capio.
2417 4087 2642 4159 Corrigo
2675 4086 2769 4140 καὶ
2809 4085 3016 4138 τούτων
3042 4084 3102 4137 τὸ
3130 4082 3228 4154 μὲν
3257 4083 3386 4138 ἄνω.
3419 4080 3498 4136 Ita

1930 4187 2075 4248 enim
2125 4193 2179 4240 et
2211 4183 2493 4239 veritatem
2542 4180 2658 4245 Dei,
2697 4187 2753 4235 et
2792 4176 3034 4233 auctoris
3068 4182 3303 4229 mentem
3341 4188 3500 4229 asse-

1932 4293 2182 4348 quemur.
2222 4274 2330 4331 Sed
2371 4275 2439 4329 ad
2485 4273 2618 4344 quid
2653 4285 2808 4342 aqua;
2835 4271 2942 4326 illae
2967 4283 3089 4340 qua:
3126 4281 3290 4337 supra
3327 4266 3498 4321 cmlos

1932 4368 2092 4427 sunt?
2139 4366 2438 4436 Procopius
2493 4371 2548 4418 et
2597 4361 2992 4430 Theodorelus,
3025 4375 3092 4414 ne
3124 4358 3226 4424 sol,
3265 4358 3396 4412 luna
3443 4364 3499 4412 et

1933 4468 2079 4516 astra
2113 4467 2298 4530 utpote
2331 4457 2521 4529 ignita,
2579 4456 2777 4511 coelum
2813 4470 2879 4510 ex
2910 4453 3068 4524 aquis
3097 4452 3252 4523 quasi
3278 4449 3500 4520 congla-

258 4541 722 4615 quemadmodum
776 4543 996 4608 cmlum,
1046 4550 1101 4598 et
1151 4551 1299 4597 astra
1350 4543 1508 4613 ignea
1550 4557 1671 4600 esse
1706 4541 1823 4612 igne

1931 4555 2132 4610 ciatum
2165 4552 2499 4616 dissolvant;
2540 4549 2705 4616 Beda,
2725 4549 2792 4602 ad
2819 4545 3226 4617 temperandum
3262 4543 3498 4598 calorem

258 4635 500 4707 quodam
529 4636 759 4700 cmlesti,
781 4636 872 4705 qui
904 4635 1315 4706 praestantioris,
1346 4649 1508 4706 quam
1535 4635 1831 4690 elementa-

258 4728 344 4784 ris
396 4734 481 4782 est
526 4737 752 4790 naturae,
788 4726 994 4798 fulgore
1043 4727 1218 4782 solum
1253 4727 1492 4782 referens
1522 4727 1692 4790 illum,
1720 4741 1831 4792 non

261 4820 432 4875 etiam
483 4821 664 4874 calore
711 4826 765 4874 et
819 4819 1083 4874 siccitate.
1129 4819 1315 4890 Itaque
1353 4834 1550 4874 nomen
1580 4819 1739 4890 ignis,
1778 4827 1832 4875 et

261 4924 422 4984 aqua
472 4929 580 4968 non
637 4915 852 4982 proprie
899 4912 1007 4966 dici
1052 4912 1119 4966 de
1156 4913 1419 4982 utrisque,
1455 4912 1550 4970 sed
1584 4913 1832 4984 analogia

261 5007 524 5077 quadam,
556 5011 616 5059 ut
645 5005 715 5060 sit
743 5004 939 5074 duplex
981 5003 1121 5074 ignis
1147 5010 1202 5058 et
1230 5003 1426 5073 duplex
1460 5018 1600 5073 aqua
1633 5020 1832 5060 secun-

262 5098 397 5154 dum
447 5095 1145 5167 anaIOgiam,elementaris
1195 5095 1404 5150 scilicet
1455 5103 1509 5150 et
1573 5096 1831 5164 cmlestis.

263 5187 562 5244 Multorum
596 5195 777 5248 tamen
832 5186 1056 5241 Patrum
1085 5186 1535 5256 quemadmodum
1560 5193 1614 5241 et
1640 5185 1833 5243 Eusta-

262 5281 367 5335 thii
393 5279 490 5334 fuit
518 5280 805 5344 sententia,
837 5293 932 5333 eas
957 5292 1127 5348 aquas
1149 5293 1273 5334 esse
1298 5293 1454 5336 veras
1482 5292 1673 5347 aquas,
1691 5278 1839 5348 ejus:

263 5373 500 5442 demque
551 5371 765 5442 generis
822 5377 877 5424 et
935 5368 1124 5424 formae
1167 5382 1292 5424 cum
1337 5368 1423 5424 his
1461 5367 1830 5433 inferioribus.

267 5462 500 5533 Ideoque
528 5463 625 5518 has
649 5477 819 5534 aquas
848 5477 879 5516 a
910 5461 1022 5518 Deo
1053 5477 1219 5532 supra
1247 5461 1445 5516 coelum
1467 5461 1675 5531 positas
1703 5476 1833 5516 cen-

263 5568 406 5622 sunt,
461 5568 518 5612 ut
575 5556 733 5611 insiti
787 5554 988 5626 algoris
1017 5553 1452 5624 propinquitate,
1481 5553 1659 5624 ignem
1690 5551 1834 5608 side-

262 5667 443 5714 reum,
470 5651 843 5718 fervoremque
879 5647 996 5702 axis
1017 5645 1238 5701 aetherei
1266 5646 1594 5710 minuerent,
1614 5659 1678 5700 ac
1699 5655 1836 5700 tem-

265 5750 538 5811 perarent.
579 5740 657 5795 Ita
697 5739 947 5795 Clemens
980 5739 1260 5794 Romanus
1294 5737 1390 5792 lib.
1433 5752 1472 5792 ll
1530 5735 1830 5808 Recognit.;

267 5832 516 5898 Justinus
566 5839 792 5903 martyr,
823 5838 1014 5903 quaest.
1048 5829 1135 5897 95,
1185 5827 1253 5885 ad
1289 5827 1657 5894 Orthodoxos;
1685 5828 1832 5886 Basi-

1932 4663 1998 4712 ex
2027 4647 2080 4700 vi
2112 4652 2166 4700 et
2204 4653 2358 4699 motu
2407 4643 2644 4699 siderum
2671 4649 2886 4706 ortum;
2917 4636 3189 4700 Justinus,
3217 4636 3285 4690 ad
3317 4632 3502 4704 depri-

1932 4735 2184 4790 mendum
2236 4735 2657 4797 firmamentum,
2684 4745 2754 4785 ne
2794 4744 3016 4784 sursum
3037 4727 3278 4794 feratur;
3308 4723 3503 4780 Hiero-

1933 4842 2130 4898 nymus
2177 4825 2444 4889 Oleaster,
2472 4831 2534 4878 ut
2587 4823 2643 4888 in
2693 4821 2899 4877 diluvio
2927 4819 3041 4876 Noe
3066 4836 3162 4892 per
3194 4825 3503 4874 cataractas

1933 4919 2146 4975 emissae
2167 4926 2367 4973 terram
2390 4917 2704 4972 obruerent.
2719 4914 2823 4968 Alii
2844 4921 2905 4968 ut
2926 4912 3059 4969 solis
3082 4921 3137 4969 et
3157 4912 3299 4966 lunae
3317 4909 3500 4965 radios

1934 5010 2279 5077 reverberent
2327 5024 2532 5079 eosque
2579 5008 2837 5064 deorsum
2872 5005 2942 5060 ad
2970 5015 3170 5061 terram
3211 5002 3497 5075 repellant.

1932 5103 2039 5171 Alii
2073 5101 2143 5158 ad
2182 5107 2436 5156 ornatum
2467 5099 2730 5163 universi,
2759 5107 2872 5153 tum
2913 5105 2973 5162 ut
3004 5096 3202 5152 matrix
3232 5095 3350 5150 haec
3383 5105 3499 5148 cm-

1934 5193 2112 5250 lorum
2163 5189 2458 5246 creationis
2514 5189 2680 5244 index
2725 5195 2986 5253 exstaret,
3017 5202 3182 5259 quam
3230 5198 3398 5255 supra
3439 5197 3500 5238 se

1935 5281 2060 5337 coeli
2095 5295 2310 5350 semper
2360 5279 2722 5343 intuerentur,
2755 5285 2868 5332 tum
2901 5278 2968 5334 ad
2997 5278 3329 5348 voluptatem
3371 5287 3500 5329 san-

1935 5383 2170 5440 ctorum,
2215 5384 2278 5430 ut
2326 5375 2481 5446 aquis
2537 5374 2688 5430 hisce
2726 5371 3056 5446 crystallinis
3099 5369 3242 5425 oculi
3269 5379 3499 5440 pascan-

1934 5476 2044 5525 tur.
2077 5465 2176 5523 Vel
2206 5475 2267 5522 ut
2308 5467 2452 5524 sicut
2506 5482 2648 5539 aqua
2694 5467 2808 5526 ba-c
2857 5465 2969 5521 aeri
3004 5471 3213 5527 nostro,
3244 5460 3319 5516 ita
3345 5469 3500 5528 aqua

1934 5557 2040 5612 illae
2085 5556 2458 5612 subservirent
2477 5557 2686 5622 aetheri,
2709 5555 2804 5628 qui
2833 5561 2917 5610 est
2944 5554 3003 5608 in
3037 5551 3178 5606 caelo
3221 5561 3497 5620 empyreo.

1937 5648 2089 5705 Mitto
2113 5663 2288 5719 nugas
2315 5648 2570 5714 aliorum.

2010 5735 2171 5798 lbid.,
2211 5735 2307 5789 lin.
2343 5734 2431 5789 18.
2476 5735 2540 5788 '0
2603 5733 2671 5788 δὲ
2723 5732 2896 5800 αἰθὴρ
2934 5727 3230 5798 πυρώδης.
3264 5722 3500 5781 Basilius

1938 5828 2083 5884 hom.
2118 5829 2150 5883 5
2177 5845 2190 5882 :
2226 5826 2328 5880 Τὸν
2369 5826 2425 5880 δὲ
2458 5825 2650 5899 αἰθέρα
2672 5841 2756 5887 τις
2784 5821 3110 5895 ἀμφιϐάλλει
3147 5820 3220 5893 μὴ
3246 5819 3366 5890 οὐχὶ
3402 5833 3497 5869 πυ-
