4064 6290
637 355 740 413 851

1974 359 2221 417 LEONlS
2258 359 2529 417 ALLATII

3829 357 3909 411 852

641 475 784 547 ρώδη
836 469 971 529 εἶναι
1020 477 1111 531 καὶ
1154 477 1374 549 διακαῆ,
1413 478 1473 542 ὃς
1501 481 1549 532 εἰ
1595 479 1669 550 μὴ
1700 478 1775 549 τῷ
1808 480 2086 549 ἀναγκαίῳ
2114 478 2206 532 τοῦ

2308 487 2416 545 tur,
2447 487 2501 534 et
2526 487 2609 534 est
2645 479 2847 549 pluvia,
2887 495 2980 534 seu
3017 480 3211 547 stillat;
3254 479 3300 535 si
3330 479 3441 534 erit
3469 474 3772 549 spissior,
3796 475 3907 533 fiunt

640 569 959 639 ποιήσαντος
1005 566 1164 622 αὐτὸν
1214 570 1325 641 ὅρῳ
1376 572 1676 642 κατείχετο,
1729 572 1780 624 τί
1817 571 1881 625 ἂν
1931 570 2200 625 ἐκώλυσεν

636 658 801 714 αὐτὸν
830 659 1002 713 πάντα
1033 661 1369 730 φλογίζοντα,
1388 664 1481 717 καὶ
1515 664 1981 736 καταπιμπρῶντα
2007 663 2201 735 συνεχῆ

578 748 598 767 ⁸
640 752 818 803 πᾶσαν
865 752 998 822 ὁμοῦ
1038 753 1139 824 τὴν
1172 756 1230 806 ὲν
1273 758 1387 818 τοῖς
1437 751 1585 808 οὖσιν
1630 753 1963 821 ἐξαναλῶσαι
1996 754 2202 819 νοτίδα;

640 842 738 896 Διά
765 842 936 896 ταῦτα
973 844 1115 916 ὕδωρ
1158 846 1338 917 ἀέριον
1366 847 1572 915 γίνεται
1596 846 1922 917 νεφουμένου
1961 847 2052 900 τοῦ
2092 846 2203 900 ἀνω

638 947 801 987 τοπου
830 936 895 988 ὲκ
924 937 1021 1005 τῆς
1047 937 1319 1007 ἀναφορᾶς
1350 937 1457 990 τῶν
1485 936 1695 1008 ἀτμῶν,
1711 936 1804 1002 οὒς
1830 938 2083 1009 ποταμοὶ,
2109 927 2205 991 καῖ

637 1026 855 1097 κρῆναι,
897 1028 990 1080 καὶ
1019 1027 1243 1099 τενάγη,
1276 1028 1371 1082 καὶ
1398 1027 1606 1099 λίμναι,
1637 1030 1732 1083 καὶ
1781 1029 1990 1101 πελάγη
2025 1030 2203 1084 πάντα

639 1118 915 1185 προΐενται
964 1119 1038 1183 ὡς
1079 1118 1144 1173 ἂν
1175 1120 1251 1190 μὴ
1286 1120 1461 1174 πάντα
1494 1119 1786 1192 πυρακτῶν
1823 1122 1852 1175 ὁ
1889 1119 2050 1193 αἰθὴρ
2076 1122 2202 1189 επι-

639 1206 811 1262 λάϐοι.
841 1209 1035 1265 λΕιιιει·
1054 1212 1184 1281 quid
1216 1213 1308 1277 sit,
1340 1227 1447 1267 non
1472 1227 1579 1266 una
1610 1219 1694 1268 est
1720 1213 1959 1268 omnium
1985 1222 2204 1268 senten-

637 1299 747 1367 tia;
783 1301 1000 1370 quidam
1035 1303 1412 1358 existimarunt
1455 1319 1576 1359 esse
1626 1318 1803 1361 aerem
1837 1305 2087 1376 ignitum,
2112 1306 2203 1360 alii

641 1391 863 1446 caelum.
895 1391 1230 1464 Porphyrius
1259 1404 1313 1450 et
1350 1404 1476 1452 ante
1522 1412 1646 1451 eum
1696 1397 1944 1468 Orpheus
1969 1406 2202 1454 mentem

641 1489 696 1538 et
728 1485 1055 1539 intellectum
1091 1485 1240 1547 Jovis
1286 1491 1644 1559 appellarunt,
1673 1491 1991 1546 Aristoteles
2048 1492 2141 1546 lib.
2185 1507 2203 1545 ι

640 1573 720 1629 De
747 1575 895 1638 caelo,
928 1591 1046 1646 cap.
1078 1578 1132 1636 5.
1177 1587 1231 1633 et
1260 1581 1435 1648 primo
1463 1580 1707 1645 Meteon,
1756 1597 1970 1637 necnon
2002 1590 2056 1638 et
2104 1582 2201 1638 lib.

641 1665 722 1720 De
746 1666 961 1731 mundo,
989 1669 1034 1723 si
1071 1677 1247 1725 tamen
1295 1670 1614 1727 Aristoteles
1651 1672 1776 1727 libri
1821 1672 1969 1728 illius
2018 1684 2205 1728 auctor

643 1763 761 1822 est,
819 1758 887 1812 ad
945 1757 1332 1829 Alexandrum,
1389 1765 1587 1820 aethera
1663 1765 1783 1820 coeli
1861 1764 2204 1836 siderumque

645 1848 1025 1915 substantiam,
1052 1852 1374 1908 elementum
1418 1870 1448 1908 a
1488 1864 1720 1926 quatuor
1746 1856 1867 1911 aliis
1889 1856 2201 1911 sublunari-
2228 1837 2275 1897 Β

642 1938 749 1995 bus
772 1940 1067 2007 diversum,
1088 1945 1351 2009 divinum,
1380 1957 1428 2002 et
1460 1947 1826 2018 corruptionis
1854 1962 2070 2019 expers,
2094 1961 2203 2003 non

644 2047 710 2088 eo
760 2028 975 2104 quidem
1031 2039 1452 2110 nomine;quod
1500 2057 1622 2096 cum
1677 2042 1832 2113 ignea
1885 2043 1957 2098 sit
1990 2042 2202 2114 ﬂagret.

644 2122 750 2178 Sed
779 2125 922 2194 quod
941 2128 1030 2181 ἀεὶ
1049 2128 1148 2184 θεῖ.
1178 2130 1421 2201 Οὐρανοῦ
1450 2131 1506 2184 δὲ
1533 2133 1624 2187 καὶ
1649 2133 1862 2206 ἄστρων
1894 2133 2078 2187 οὐσίαν
2106 2134 2204 2205 μὲν

640 2217 832 2290 αἰθέρα
867 2218 1153 2291 καλοῦμεν,
1183 2223 1280 2293 οὐχ
1306 2221 1380 2287 ῶς
1408 2241 1569 2288 τινες,
1601 2224 1686 2277 διὰ
1706 2225 1767 2276 τὸ
1795 2224 2014 2297 πυρώδη
2040 2220 2205 2280 οὖσαν

642 2310 908 2374 αἴθεσθαι.
942 2314 1382 2385 πλημμελοῦντες
1432 2317 1560 2389 περὶ
1605 2318 1702 2388 τὴν
1754 2317 1999 2371 πλεῖστον
2038 2317 2205 2389 πυρὸς

641 2400 1065 2478 ἀπηλλαγμένην
1103 2407 1350 2478 δύναμιν,
1386 2408 1519 2462 ἀλλά
1545 2409 1633 2463 διὰ
1655 2411 1716 2462 τὸ
1745 2411 1830 2463 ἀεὶ
1868 2410 1976 2463 θεῖν
2011 2411 2204 2464 κυκλο-

644 2495 990 2567 φορουμένην
1039 2502 1295 2569 στοιχεῖον
1332 2496 1496 2554 οὖσαν
1554 2502 1735 2573 ἕτερον
1781 2501 1887 2555 τῶν
1931 2502 2206 2574 τεσσάρων

647 2586 921 2657 ἀκήρατόν
951 2607 1010 2642 τε
1039 2593 1131 2645 καὶ
1164 2591 1321 2646 θεῖον.
1353 2592 1417 2647 Et
1445 2594 1540 2649 lib.
1582 2610 1599 2648 ι
1651 2595 1729 2650 De
1757 2596 1881 2650 ca'lo
1914 2596 2207 2665 reprehen-

647 2676 728 2732 dit
776 2678 1170 2750 Anaxagoram,
1227 2682 1370 2753 quod
1429 2699 1526 2754 pro
1559 2685 1701 2757 igne,
1750 2686 2002 2741 aetherem
2048 2685 2202 2752 dixit,

645 2770 791 2837 quod
827 2778 881 2825 et
914 2772 1053 2827 alios
1094 2773 1291 2830 fecisse
1342 2778 1479 2832 satis
1507 2786 1694 2832 notum
1734 2788 1834 2834 est.
1868 2777 1936 2833 Hi
1973 2795 2206 2850 namque

646 2859 718 2914 ab
760 2859 914 2925 αῐθω,
941 2879 1049 2918 non
1107 2865 1176 2920 ab
1217 2867 1303 2920 ἀεὶ
1349 2867 1481 2929 θεῖν.
1518 2870 1769 2925 aetherem
1815 2870 2108 2935 deducunt,
2150 2872 2205 2925 in

645 2966 809 3021 quam
863 2956 1182 3011 sententiam
1216 2966 1271 3014 et
1306 2958 1497 3015 Cicero
1533 2961 1627 3015 lib.
1656 2976 1693 3015 ιι
1748 2961 1825 3016 De
1856 2971 2044 3016 natura
2086 2963 2209 3017 deo-

654 3058 777 3096 rum
811 3043 975 3102 ivisse
1004 3046 1250 3117 videtur;
1290 3059 1343 3106 et
1385 3049 1699 3106 Phornutus
1728 3051 1857 3107 item
1890 3053 1965 3108 De
2016 3063 2209 3108 natura

646 3136 885 3234 deorum,
917 3139 1142 3234 capaDe
1166 3143 1303 3197 caelo
1330 3144 1427 3197 :"H
1457 3144 1513 3197 δὲ
1557 3144 1710 3198 οὐσία
1756 3143 1919 3198 αὐτοῦ
1955 3145 2207 3218 πυρώδης
2233 3175 2276 3234 0

645 3228 819 3295 ἐστιν,
854 3232 930 3295 ὡς
981 3233 1135 3304 δῆλον
1185 3236 1249 3287 ὲκ
1308 3235 1400 3289 τοῦ
1447 3236 1595 3307 ἡλίου
1645 3238 1739 3291 καὶ
1788 3239 1852 3290 ὲκ
1888 3238 1998 3290 τῶν
2036 3237 2208 3293 ἄλλων

645 3322 878 3396 ἄστρων.
914 3323 1077 3379 Ὅθεν
1112 3327 1204 3380 καὶ
1233 3327 1396 3398 αἰθὴρ
1426 3327 1627 3400 ἐκλήθη
1658 3329 1718 3381 τὸ
1751 3326 2013 3393 ἐξώτατον
2046 3330 2209 3399 μέρος

645 3415 743 3470 τοῦ
772 3417 975 3488 κόσμου
994 3418 1101 3471 ἀπὸ
1123 3418 1215 3472 τοῦ
1247 3419 1513 3474 αἴθεσθαι.
1541 3419 1863 3477 Eustathius
1894 3431 2076 3476 tamen
2119 3421 2208 3476 hic

648 3522 751 3579 pro
776 3509 976 3565 aethere
1002 3519 1255 3580 quartum
1288 3513 1616 3567 elementum
1654 3514 1926 3585 intelligit,
1957 3514 2209 3569 videlicet

649 3599 850 3670 ignem,
881 3603 975 3673 qui
1003 3611 1169 3658 totam
1198 3612 1399 3659 terram
1428 3619 1525 3659 sua
1556 3604 1607 3658 vi
1642 3612 1696 3660 et
1726 3604 1980 3662 facultate
2010 3621 2210 3661 consu-

650 3699 841 3761 meret,
866 3695 972 3749 nisi
1003 3702 1058 3751 et
1096 3695 1254 3767 jussu
1298 3696 1505 3759 divino,
1537 3702 1592 3750 et
1626 3697 1780 3771 aquis
1808 3698 1983 3754 aereis
2001 3697 2211 3756 detine-

648 3790 820 3839 retur.

722 3875 840 3932 Col.
862 3877 983 3946 7l2,
1008 3878 1104 3935 lin.
1128 3878 1217 3936 22.
1240 3881 1604 3952 Συνάγονται
1630 3883 1761 3950 περὶ
1784 3882 1850 3936 τὸ
1867 3882 2040 3951 ὕψος.
2058 3881 2214 3937 Basi-

647 3964 759 4021 lius
805 3967 950 4022 hom.
1003 3970 1036 4023 '5
1062 3970 1481 4042 τΣυναγομένων
1519 3972 1627 4044 γὰρ
1664 3972 1772 4026 τῶν
1804 3973 2215 4043 ἀναθυμιάσεων

652 4058 783 4129 περὶ
805 4059 867 4113 τὸ
895 4060 1048 4130 ὕψος,
1075 4062 1168 4115 καὶ
1195 4080 1397 4118 πυκνου
1404 4065 1565 4135 μένου
1585 4064 1679 4119 τοῦ
1706 4066 1865 4136 ἀέρος
1885 4070 2004 4129 ταῖς
2021 4068 2084 4119 ἐκ
2105 4064 2212 4119 τῶν

653 4149 978 4220 πνευμάτων
1004 4150 1274 4224 πιλήσεσι,
1290 4155 1416 4208 ὅταν
1439 4156 1536 4226 μὲν
1560 4157 1615 4208 αἱ
1641 4156 1777 4220 τέως
1804 4156 2100 4227 ἀτμοειδῶς
2120 4156 2215 4210 καὶ

653 4241 867 4306 λεπτῶς
882 4244 1275 4318 ὲνεσπαρμέναι
1292 4246 1370 4317 τῷ
1388 4247 1536 4317 νέφει
1552 4249 1751 4312 νοτίδες
1773 4248 2027 4319 ἀλλήλαις
2046 4265 2215 4321 προσν

655 4336 973 4408 χωρήσωσι,
1011 4339 1267 4407 σταγόνες
1313 4339 1549 4407 γίνονται
1617 4340 1692 4411 τῷ
1728 4341 1882 4411 βάρει
1927 4341 2035 4395 τῶν
2087 4358 2216 4410 συγ-

657 4426 951 4500 κριθέντων
1005 4432 1299 4503 φερόμεναι
1336 4432 1398 4485 τὸ
1425 4433 1592 4487 κάτω.
1627 4434 1737 4488 Καὶ
1769 4433 1906 4505 αῦτη
1935 4434 2089 4487 ὑετοῦ
2120 4434 2214 4502 γέ-

2302 569 2526 633 imbres,
2565 578 2726 638 atque
2758 570 2947 624 nimbi.
2986 569 3061 623 Ex
3102 570 3301 640 quibus
3339 569 3415 623 ita
3463 568 3769 621 lacunam
3798 580 3903 636 sup-

2302 661 2389 729 ple
2425 680 2437 713 :
2470 661 2676 712 Γίνεται
2731 660 2787 712 δὲ
2833 658 3005 723 οὕτως
3051 661 3079 712 ὁ
3137 660 3306 721 ὑετός.
3359 656 3744 725 Συνάγονται
3798 660 3898 727 περὶ

2301 753 2380 817 τὸ,
2407 761 2510 809 etc.

2373 850 2531 917 lbid.,
2566 852 2663 907 lin.
2688 852 2776 905 27.
2818 853 2891 905 Ἡ
2909 850 2976 904 δὲ
3001 850 3145 921 χιὼν
3176 851 3244 905 ἐκ
3271 849 3390 905 τῶν
3414 847 3715 905 ὑδάτων.
3760 847 3892 904 Basi-

2300 939 2428 1004 lius,
2476 941 2622 995 hom.
2676 943 2751 997 5:
2785 943 2951 995 Ὅταν
3004 942 3061 995 δὲ
3118 941 3180 995 τὺ
3220 942 3383 1013 ὑγρὸν
3414 940 3760 1012 ὲξαφρισθῇ
3796 947 3893 1008 ταῖς

2305 1032 2445 1102 βίαις
2471 1033 2578 1087 τῶν
2606 1034 2819 1105 ἀνέμων
2842 1036 3129 1099 ἀνακοπὲν,
3158 1032 3274 1088 εἶτα
3301 1036 3385 1098 είς
3410 1036 3615 1118 ἄκρον
3662 1035 3890 1107 natabu-

2302 1130 2428 1202 χθὲν
2458 1131 2576 1184 ὅλον
2606 1129 2672 1183 δι’
2715 1131 2836 1184 ὅλου
2867 1132 3045 1200 παγῇ,
3085 1129 3417 1202 θραυομένου
3449 1128 3569 1183 τοῦ
3615 1128 3834 1199 νέφους,
3860 1134 3883 1203 ἡ

2303 1222 2436 1292 χιὼν
2476 1222 2862 1295 καταφέρεται.
2902 1220 3020 1275 Νοη
3069 1220 3357 1277 dissimilia
3398 1223 3586 1277 habet
3632 1220 3881 1295 Georgius

2304 1312 2515 1370 Pisides
2566 1312 2643 1368 De
2694 1316 2875 1368 mundi
2924 1317 3164 1385 api/icio;
3220 1315 3431 1372 Plinius
3497 1317 3608 1370 lib.
3643 1334 3705 1384 ιι,
3732 1333 3781 1373 c.
3803 1318 3878 1384 60,

2306 1406 2624 1460 Crandinem
2656 1408 2982 1478 conglaciato
3016 1407 3177 1461 imbre
3206 1408 3381 1478 gigni,
3412 1418 3461 1463 et
3496 1409 3679 1463 nivem
3716 1410 3874 1463 eodem

2307 1496 2524 1550 humore
2554 1497 2769 1551 mollius
2823 1506 3023 1560 coacto,
3054 1498 3297 1567 pruinam
3331 1509 3513 1552 autem
3546 1515 3619 1553 ea:
3656 1516 3773 1553 rore
3798 1518 3873 1569 ge-

2306 1588 2435 1643 lido.
2478 1589 2582 1645 Sed
2627 1590 2775 1645 brevi
2811 1590 2863 1644 id
2891 1591 3223 1660 explicemus
3277 1605 3557 1646 sermone.
3606 1588 3668 1646 Si
3714 1608 3868 1663 vapor

2306 1680 2562 1736 humidus
2600 1682 2654 1735 in
2690 1683 2831 1737 aeris
2879 1681 3053 1736 media
3094 1681 3319 1751 regione
3348 1681 3644 1738 subvectus
3673 1684 3862 1739 densa-

2305 1782 2415 1837 tur,
2445 1788 2545 1829 nec
2586 1781 2700 1827 tum
2746 1774 3081 1844 congelatur,
3106 1774 3165 1826 lit
3192 1774 3394 1843 pluvia,
3422 1775 3498 1829 vel
3536 1778 3856 1847 congelatur

2301 1868 2616 1939 priusquam
2686 1868 2742 1921 in
2814 1882 3006 1937 aquam
3055 1874 3405 1934 convertatur,
3444 1874 3492 1921 et
3530 1868 3593 1921 ﬁt
3636 1870 3738 1923 nix
3781 1885 3847 1925 ex

2302 1955 2499 2026 frigore
2552 1963 2665 2010 tum
2705 1955 2916 2010 fortiori
2939 1970 3099 2025 quam
3132 1954 3340 2025 pluvia,
3363 1956 3435 2009 vel
3463 1964 3742 2028 postquam
3778 1960 3836 2015 in

2303 2060 2495 2115 aquam
2544 2045 2818 2101 resolutus
2878 2044 3063 2112 fuerit,
3094 2054 3149 2099 et
3178 2044 3236 2098 ﬁt
3278 2046 3551 2116 grando-,si
3573 2064 3737 2118 vapor
3764 2050 3823 2105 in

2302 2136 2487 2190 infima
2534 2136 2756 2207 regione
2803 2135 2947 2192 aeris
2994 2134 3261 2201 subsidet,
3312 2136 3398 2192 vel
3449 2139 3714 2207 congelatur
3755 2147 3813 2196 et

2303 2225 2362 2281 ﬁt
2413 2226 2629 2296 pruina,
2676 2227 2763 2281 vel
2816 2241 2924 2281 non
2985 2227 3322 2295 congelatur,
3362 2235 3410 2281 el
3445 2227 3799 2284 litrosﬁiivem

2303 2316 2747 2371 candidissimam
2775 2316 2984 2386 nigram
3014 2316 3198 2371 invitis
3227 2318 3485 2373 sensibus
3502 2318 3685 2372 volebat
3705 2335 3808 2374 esse

2303 2408 2811 2476 Anaxagoras,quia
2833 2413 2978 2460 esset
2999 2421 3136 2476 aqua
3161 2416 3439 2462 concreta.
3471 2406 3654 2461 Sextus
3670 2407 3823 2476 Empi-

2304 2498 2452 2554 ricus
2498 2496 2792 2569 Pyrrhon.,
2822 2496 3086 2569 Hypotyp.
3115 2499 3209 2554 lib.
3243 2516 3281 2561 ι,
3315 2514 3437 2568 cap.
3473 2498 3559 2561 l5,
3586 2497 3833 2567 Νοοὺμενα

2302 2592 2359 2646 δὲ
2394 2592 2752 2663 φαινομένοις,
2802 2591 2877 2654 ὡς
2920 2592 2948 2644 ό
2990 2589 3354 2661 Ἀναξαγόρας
3403 2590 3464 2643 τὸ
3507 2590 3698 2659 λευκὴν
3723 2583 3839 2641 εἶναι

2304 2685 2399 2756 τὴν
2444 2686 2616 2757 χιόνα,
2665 2683 2948 2749 ἀντετίθει,
2976 2684 3058 2737 ὅτι
3094 2681 3226 2753 χιὼν
3266 2681 3411 2754 ὕδωρ
3445 2683 3562 2734 ἐστὶ
3595 2680 3836 2751 ππηγός

2304 2778 2365 2831 τὸ
2389 2778 2445 2830 δὲ
2467 2776 2610 2848 ὕδωρ
2640 2777 2756 2829 ἐστὶ
2788 2775 2974 2846 μέλαν,
3002 2775 3095 2829 καὶ
3122 2776 3155 2846 ή
3186 2773 3316 2845 χιὼν
3341 2775 3451 2846 ἄρα
3480 2773 3701 2845 μέλαινά
3723 2774 3837 2826 ἐστι.

2306 2870 2438 2937 Quae
2496 2869 2891 2940 argumentatio
2927 2868 3014 2923 vel
3056 2883 3123 2922 ex
3166 2867 3258 2920 illo
3299 2866 3417 2922 solo
3462 2865 3640 2922 refelli
3674 2873 3837 2936 putes.

2307 2961 2452 3031 quod
2507 2960 2770 3015 terminos
2825 2959 2882 3013 in
2928 2959 3391 3030 prOpositionibus
3423 2964 3622 3022 mutet,
3644 2970 3771 3026 quos
3806 2955 3842 3010 si

2306 3067 2419 3106 non
2462 3057 2716 3114 mutaret,
2755 3049 2870 3120 ipsa
2898 3065 2995 3120 per
3026 3065 3084 3105 se
3108 3059 3289 3105 rueret
3310 3056 3566 3120 essetque
3588 3047 3801 3104 ridicula
3826 3065 3838 3099 :

2308 3143 2423 3214 ipse
2452 3142 2531 3198 sic
2575 3140 2863 3205 formabat,
2899 3140 3004 3195 Nix
3031 3148 3115 3196 est
3145 3157 3283 3211 aqua
3309 3147 3600 3202 concreta;
3627 3152 3757 3209 aqua
3779 3144 3842 3191 est

2308 3235 2486 3305 nigra,
2510 3247 2639 3303 ergo
2667 3230 2759 3286 nix
2788 3239 2871 3287 est
2896 3232 3049 3302 nigra
3080 3251 3092 3286 :
3126 3247 3249 3286 cum
3280 3231 3354 3284 ita
3387 3238 3533 3287 esset
3566 3226 3838 3285 formanda.

2306 3325 2405 3380 Nix
2460 3332 2543 3381 est
2585 3338 2726 3394 aqua
2784 3330 3066 3388 concreta,
3093 3337 3232 3393 aqua
3271 3328 3525 3377 concreta
3570 3329 3663 3375 est
3701 3320 3838 3393 nigra.

2309 3426 2440 3471 tunc
2490 3416 2676 3486 utique
2723 3421 3062 3485 sequeretur,
3113 3428 3242 3484 ergo
3295 3413 3390 3467 nix
3434 3421 3521 3467 est
3557 3411 3735 3482 nigra.
3764 3408 3839 3463 Sed

2308 3508 2433 3579 quis
2482 3506 2801 3561 concederet
2848 3520 3043 3575 aquam
3100 3514 3410 3559 concretam
3465 3518 3593 3559 esse
3638 3500 3842 3572 nigrant?

2309 3617 2433 3655 cum
2472 3615 2666 3669 aquam
2724 3599 2888 3661 etiam
2921 3599 3094 3667 ipsam
3134 3596 3238 3651 etsi
3272 3611 3381 3650 non
3449 3604 3756 3652 concretam
3777 3592 3839 3647 ni-

2310 3708 2460 3765 gram
2486 3707 2608 3747 esse
2628 3706 2737 3747 non
2761 3689 3073 3747 allirmaret.

2383 3782 2540 3849 lbid.,
2588 3783 2683 3837 lin.
2740 3783 2829 3836 5i.
2871 3782 2938 3835 Ἡ
2965 3781 3033 3833 δὲ
3075 3779 3303 3848 βροντὴ
3334 3777 3483 3833 κατὰ
3514 3778 3733 3833 τοῦτον
3767 3775 3844 3828 τὶν

2309 3880 2514 3947 λόγον.
2574 3876 2848 3939 Basilius,
2906 3874 3053 3928 hom.
3094 3874 3128 3926 '5
3169 3892 3181 3926 :
3216 3873 3324 3943 Τὴν
3384 3871 3493 3941 γὰρ
3544 3869 3842 3941 στερρότητι

2312 3967 2407 4021 καὶ
2482 3965 2799 4019 ἀντιτυπίαν
2864 3963 2957 4016 τοῦ
3034 3961 3338 4032 πνεύματος
3407 3957 3500 4013 τοῦ
3575 3958 3845 4025 ἐναπολαμ-

2313 4060 2606 4131 ϐανομένου
2643 4061 2761 4121 ταῖς
2817 4055 3088 4126 κοιλότησι
3140 4054 3246 4107 τῶν
3287 4052 3485 4122 νεφῶν,
3540 4053 3644 4105 καὶ
3696 4049 3770 4104 διὰ
3801 4046 3845 4098 τδ

2315 4151 2507 4222 βιαίως
2578 4146 2942 4221 ὲκρήγνυσθαι
3009 4147 3133 4208 τοὺς
3216 4144 3317 4206 τὰς
3383 4142 3613 4215 βροντὰς
3692 4143 3846 4195 ἀποτε-

2312 4244 2538 4307 λοῦντας
2592 4242 2815 4311 ψόφους,
2855 4239 3139 4311 στερέωσιν
3164 4236 3391 4308 βροντῆς
3425 4239 3458 4304 ή
3485 4233 3684 4305 Γραφὴ
3718 4246 3845 4303 xpos-

2315 4336 2629 4407 ηγόρευσεν.
2684 4330 2975 4402 Gregorius
3030 4328 3405 4383 Nazianzenus
3465 4326 3541 4379 De
3568 4326 3844 4394 theologia:

2317 4428 2382 4480 Τί
2452 4430 2540 4498 μοὶ
2600 4425 2974 4496 φιλοσοφήσεις
3036 4421 3165 4493 περὶ
3222 4419 3514 4491 ἀστραπῶν
3574 4418 3679 4471 καὶ
3732 4415 3846 4486 βρον-

663 4537 823 4586 νεσις.
856 4521 1123 4593 Georgius
1159 4522 1369 4580 Pisides
1399 4523 1477 4579 De
1503 4525 1685 4579 mundi
1715 4526 1952 4595 opiﬁcio,
1979 4540 2100 4595 pag.
2128 4524 2212 4589 l9,

2322 4520 2449 4585 τῶν,
2485 4513 2529 4572 ὦ
2561 4515 2794 4588 βροντῶν
2828 4515 2933 4569 ἀπὸ
2962 4514 3062 4583 γῆς
3097 4512 3182 4575 σὺ,
3212 4511 3306 4563 καὶ
3336 4508 3457 4562 οὐδὲ
3492 4508 3714 4578 μικροῖς
3734 4520 3847 4557 si:th

660 4621 716 4670 et
752 4613 961 4672 Plinius
983 4617 1084 4673 lib.
1139 4633 1205 4682 tl,
1238 4618 1402 4687 capit.
1433 4617 1502 4671 42
1528 4636 1541 4672 :
1577 4616 1747 4671 Extra
1773 4619 1869 4672 has
1898 4634 2087 4671 causas
2116 4633 2219 4671 non

659 4709 953 4776 negaverim
997 4710 1248 4764 exsistere
1287 4710 1479 4764 imbres
1507 4719 1801 4779 ventosque.
1830 4709 2091 4775 Quoniam
2120 4708 2220 4761 hu-

661 4802 863 4857 midam
897 4822 929 4858 a
963 4814 1126 4871 terra,
1151 4806 1290 4861 alias
1318 4822 1437 4861 vero
1462 4816 1675 4876 propter
1703 4820 1942 4873 vaporem
1964 4804 2221 4873 [umidam

658 4897 910 4953 exhalare
958 4900 1234 4972 caliginem
1298 4911 1495 4955 certum
1559 4908 1654 4953 est.
1708 4898 1983 4968 Nubesque
2022 4897 2222 4968 liquore

660 5006 866 5061 egresso
897 4991 953 5044 in
1001 4991 1246 5058 sublime,
1287 5001 1378 5047 aut
1410 5009 1473 5048 ea:
1502 5008 1619 5047 aere
1670 5000 1850 5045 coacto
1882 4993 1934 5044 in
1969 4990 2220 5060 liquorem

659 5083 822 5154 gigni.
859 5083 1102 5137 Densitas
1140 5098 1322 5138 earum
1363 5099 1648 5156 corpusque
1674 5082 1814 5136 haud
1843 5083 2000 5138 dubio
2047 5083 2221 5152 conje-

662 5181 838 5228 ctatur
891 5183 1217 5245 argumento,
1268 5191 1386 5227 cum
1432 5175 1591 5229 solem
1643 5173 1969 5239 obumbrent,
2020 5176 2222 5242 perspi-

661 5282 820 5321 cuum
856 5266 993 5322 alias
1032 5267 1193 5320 etiam
1230 5265 1562 5319 urinantibus
1612 5266 1667 5320 in
1716 5266 1947 5337 qualibet
2001 5265 2224 5335 profun-

662 5358 790 5414 dam
829 5375 1088 5431 aquarum
1130 5356 1484 5414 altitudinem.
1515 5357 1726 5414 Etenim
1759 5374 1828 5414 ex
1856 5372 2058 5429 vapore
2088 5358 2222 5414 solis

662 5448 716 5505 vi
746 5451 956 5507 elevato
984 5450 1040 5505 in
1070 5448 1304 5505 mediam
1343 5449 1615 5519 regionem
1653 5449 1794 5505 aeris
1834 5450 2095 5519 paulatim
2124 5449 2225 5503 fri-

665 5554 794 5611 gore
820 5543 995 5599 nubes
1013 5542 1336 5604 densantur,
1349 5554 1470 5611 quae
1498 5538 1696 5603 calore,
1725 5540 1809 5594 vel
1842 5541 1949 5595 alio
1968 5541 2223 5610 quopiam

668 5630 979 5687 stimulante
1010 5632 1315 5709 liquefiunt,
1341 5638 1395 5684 et
1423 5629 1771 5685 resolvuntur
1798 5629 1853 5683 in
1884 5645 2101 5700 aquam,
2125 5630 2224 5684 de-

668 5724 1039 5795 scenduntque
1086 5725 1449 5782 diversimode
1483 5740 1580 5795 pro
1611 5722 1830 5794 vaporis
1881 5722 2225 5778 dissimilitu-

669 5812 796 5869 dine
830 5832 843 5868 ι
877 5816 923 5870 si
961 5816 1103 5872 enim
1132 5834 1297 5889 vapor
1331 5820 1429 5873 fuit
1461 5820 1656 5886 rarior,
1689 5817 1940 5887 guttatim
1968 5814 2223 5879 dilabun-

2323 4613 2485 4683 θῆρσι
2509 4611 2608 4680 τῆς
2629 4608 2883 4681 ἀληθείας
2904 4605 3241 4676 λαμπόμενε,
3263 4603 3415 4665 τίνας
3436 4601 3647 4672 ἀτμοὺς
3671 4596 3846 4661 αἰτιάσῃ

2323 4706 2515 4773 νέφους
2542 4699 2975 4772 δημιουργοὺς,ἧ
3002 4697 3159 4768 ἀέρος
3182 4692 3455 4750 πύκνωσίν
3478 4710 3619 4757 τινα,
3650 4693 3686 4763 ἢ
3714 4686 3849 4756 νεφῶν

2325 4796 2431 4849 τῶν
2464 4793 2774 4863 μανοτὰτων
2808 4791 2981 4859 θλίψιν
3008 4788 3041 4858 ἢ
3075 4785 3366 4858 adﬁngo);
3405 4785 3491 4837 ἵνα
3518 4787 3551 4854 ἡ
3589 4784 3690 4853 μὲν
3713 4778 3848 4846 θλίψις

2329 4889 2410 4941 σοὶ¹
2442 4886 2539 4957 τὴν
2570 4882 2877 4957 ἀστραπὴν,
2908 4883 2941 4951 ἡ
2981 4879 3037 4932 δὲ
3066 4878 3219 4950 ῥῆξις
3251 4876 3347 4949 τὴν
3387 4874 3612 4946 βροντὴν
3642 4868 3850 4941 ἀπεργὰ-

2328 4999 2507 5052 σηται,
2534 4981 2680 5031 ποῖον
2733 4976 2787 5028 δὲ
2832 4971 3047 5042 πνεῦμα
3096 4966 3610 5039 στενοχωρούμενον,
3642 4960 3758 5017 εἶτα
3778 4960 3849 5013 οὐκ

2324 5073 2444 5143 ἔχον
2465 5069 2711 5135 διέξοδον,
2732 5068 2819 5121 ἵνα
2846 5063 3094 5136 ἀστράψῃ
3124 5060 3457 5131 θλιϐόμενον,
3492 5058 3586 5111 καὶ
3620 5055 3847 5128 βροντήσῃ

2325 5164 2693 5238 ῥηγνύμενονς
2720 5177 2787 5216 ex
2808 5157 3004 5228 quibus
3028 5156 3205 5208 locum
3223 5151 3488 5206 Eustathii
3519 5150 3591 5204 ita
3619 5149 3846 5205 restituo:

2336 5259 2404 5312 Ἠ
2431 5258 2487 5310 δὲ
2517 5254 2710 5327 βροντὴ
2740 5253 2880 5305 κατὰ
2907 5249 3094 5302 τοῦτον
3120 5246 3212 5299 τὸν
3252 5245 3410 5312 λόγον
3457 5245 3523 5312 τῇ
3571 5240 3849 5315 στερρότητι

2326 5353 2421 5407 καὶ
2452 5349 2544 5404 τοῦ
2584 5346 2889 5416 πνεύματος
2929 5340 3219 5410 ἀντιτυπία
3256 5339 3483 5408 γίνεται.
3511 5335 3750 5391 Celebris
3776 5328 3849 5384 fuit

2327 5457 2519 5501 eorum
2540 5439 2724 5511 opinio
2749 5436 2845 5508 qui
2868 5434 3275 5497 existimarunt,
3305 5430 3514 5484 tonitru
3538 5427 3653 5483 fieri
3680 5422 3850 5481 exstin-

2325 5537 2507 5592 ctione
2554 5531 2698 5602 ignis
2737 5527 2975 5584 nubibus
3004 5523 3310 5593 intercepti.
3340 5520 3408 5574 Et
3433 5515 3849 5590 quemadmodum

2326 5629 2533 5685 ferrum
2577 5625 2817 5680 candens
2860 5621 2914 5675 in
2960 5633 3153 5689 aquam
3200 5617 3515 5669 immersum
3556 5610 3764 5674 stridet,
3796 5606 3851 5658 ita

2326 5722 2470 5792 ignis
2490 5720 2600 5779 ille,
2629 5717 2713 5772 vel
2742 5708 2896 5769 stella
2927 5712 3118 5783 ignita,
3143 5715 3203 5763 ut
3231 5706 3557 5777 opinabatur
3595 5702 3847 5792 Epicurus.

2331 5791 2385 5871 in
2417 5813 2611 5869 nubem
2641 5809 2860 5877 delapsa
2887 5803 3175 5861 stridorem
3201 5800 3423 5864 excitat,
3454 5798 3533 5851 sic
3564 5796 3620 5849 in
3653 5791 3848 5850 nubihrs
