4064 6290
246 352 368 408 835

1271 348 1339 405 IN
1376 348 1750 406 EUSTATHII
1787 349 2272 410 HEXAEMERON
2309 352 2541 411 ΝΟΤᾸΞ.

3378 362 3483 420 834

249 463 580 530 contingere
616 462 943 518 fatebantur.
972 460 1128 518 Hunc
1162 462 1455 520 stridorem
1498 463 1575 519 ita
1609 462 1800 520 descri‘

1922 463 2117 535 ἅμμον
2136 465 2301 534 ὅριον
2324 464 2400 534 τῇ
2423 465 2739 535 θαλάσσης
2764 467 2855 541 Τῷ
2877 469 3243 544 ἀσθενεστάτῳ
3266 471 3484 531 πάντων

247 559 369 627 psit
395 555 643 612 Ovidius.

329 665 636 722 Terribilem
665 665 892 720 stridore
918 682 1100 720 sonum
1123 666 1287 728 dedit,
1318 676 1375 737 at
1397 667 1527 723 dare
1552 668 1752 737 ferrum

328 736 457 808 Igne
490 737 676 808 rubens
698 737 1171 808 plerumquesolet,
1202 736 1340 806 quod
1370 736 1565 808 forcipe
1591 756 1751 795 curva

373 823 461 860 um
494 807 641 874 faber
662 806 843 859 eduxit
873 806 1087 859 lacubus
1115 806 1361 869 demittit,
1398 819 1451 861 at
1481 806 1614 862 illud

329 876 550 937 Stridet.
584 886 633 930 et
667 877 721 930 in
757 875 931 944 tepida
959 877 1284 930 submersum
1320 878 1499 932 sibilat
1524 878 1685 933 unda.

251 985 479 1042 Necnon
508 1000 562 1041 et
590 984 898 1052 Lucretius,

327 1097 646 1170 Ifitquoque
673 1098 763 1152 ubi
797 1116 825 1153 e
850 1098 981 1153 nube
1005 1099 1070 1170 in,
1095 1098 1279 1153 nubem
1306 1101 1380 1153 vis
1411 1100 1599 1155 incidit
1630 1101 1818 1157 ardens

327 1168 615 1241 fulminis,
640 1171 751 1241 lucc
777 1171 939 1222 multo
967 1171 1013 1222 si
1045 1168 1178 1241 forte
1208 1170 1420 1225 humore
1446 1172 1634 1241 recepit

327 1237 509 1309 [gnem
535 1240 780 1293 continuo
802 1255 987 1309 magno
1016 1240 1244 1293 clamore
1275 1242 1497 1295 trucidet
1523 1259 1542 1296 :

380 1319 397 1360 t
428 1310 617 1363 calidis
645 1310 869 1364 candens
903 1308 1099 1378 ferrum
1130 1326 1156 1362 e
1188 1310 1489 1376 fornacibus
1516 1312 1645 1366 olim

326 1378 527 1432 Stridet
547 1379 635 1431 ubi
659 1380 711 1431 in
728 1378 957 1449 gelidum
977 1395 1195 1449 propere
1213 1380 1558 1435 demersimus
1580 1382 1814 1437 imbrem.

249 1468 564 1524 Aristotelis
589 1477 643 1525 et
678 1470 911 1524 aliorum
948 1486 1189 1525 veterum
1220 1472 1672 1543 philosophorum
1702 1476 1820 1544 pla-

252 1562 367 1616 cita
395 1562 462 1617 de
491 1562 840 1633 generatione
874 1564 1096 1617 tonitrui
1130 1564 1245 1634 lege
1272 1564 1413 1634 apud
1443 1566 1815 1631 Aristotelem,

251 1653 349 1709 lib.
386 1670 423 1708 ιι
461 1652 703 1718 Meteon,
748 1669 870 1725 cap.
900 1655 1035 1721 ult.;
1083 1654 1345 1711 Senecam
1376 1657 1471 1713 lib.
1500 1674 1536 1711 ιι
1559 1656 1814 1712 Natural.

250 1755 463 1817 autem,
503 1762 622 1818 cap.
670 1746 770 1814 l7;
810 1746 1166 1803 Plutarchum
1214 1750 1310 1805 lib.
1361 1765 1420 1803 ιιι
1460 1748 1538 1804 De
1582 1750 1814 1819 placitis,

252 1852 376 1908 cap.
419 1838 488 1905 5;
538 1836 773 1892 Plinium
834 1839 929 1895 lib.
966 1857 1027 1905 ιι,
1057 1856 1178 1911 cap.
1208 1841 1309 1904 45,
1362 1849 1416 1897 et
1460 1843 1515 1897 in
1564 1844 1815 1899 eumdem

250 1938 541 1985 comment.
586 1929 772 1986 Jacobi
830 1931 1052 1987 hlilicbii
1081 1950 1097 2000 ;
1131 1933 1440 1989 Lucretium
1480 1936 1573 1991 lib.
1607 1951 1690 2000 vr;
1723 1936 1818 1989 Al-

248 2021 467 2077 bertum
515 2022 768 2095 Magnum
818 2031 1040 2081 tractat.
1064 2025 1119 2091 5,
1157 2026 1252 2081 lib.
1287 2042 1372 2091 ιιι,
1403 2041 1524 2095 cap.
1554 2026 1618 2091 2;
1649 2025 1818 2081 Joan-

247 2129 375 2169 nem
411 2111 710 2179 Stohzeum,
752 2115 808 2170 in
841 2114 1054 2186 Eclogis
1087 2117 1341 2187 physicis,
1386 2131 1508 2187 cap.
1557 2116 1655 2183 15;
1694 2116 1815 2172 Ori-

248 2218 442 2275 genem
468 2205 561 2260 lib.
592 2221 608 2258 ι
634 2203 852 2260 Elenchi
880 2206 1061 2260 lueret.
1089 2215 1144 2261 et
1178 2206 1333 2261 alios.

318 2295 439 2351 Col.
468 2295 589 2362 712,
627 2297 724 2351 lin.
764 2297 853 2351 55.
884 2299 1165 2365 Συνιὶχθη
1192 2297 1257 2351 τὸ
1286 2297 1459 2366 ὕδωρ.
1505 2296 1581 2353 De
1606 2297 1817 2369 origine

247 2388 420 2443 maris
454 2403 561 2443 non
585 2394 803 2444 constat
832 2388 974 2445 inter
1006 2389 1381 2460 philosophos.
1408 2390 1815 2445 Anaximander

247 2485 302 2533 et
321 2478 587 2548 Diogenes
613 2495 831 2536 omnem
864 2482 1066 2547 locum,
1085 2482 1177 2552 qui
1205 2490 1406 2538 terram
1429 2482 1618 2546 ambit,
1646 2482 1817 2540 fuisse

249 2569 556 2639 humidum,
587 2580 649 2627 et
678 2587 819 2643 aqua
847 2572 1115 2643 repletum
1146 2574 1550 2640 existimarunt,
1574 2583 1687 2629 tum
1719 2590 1815 2632 so-

248 2660 318 2718 lis
364 2663 559 2720 ardore
602 2664 940 2719 exsiccatum
992 2664 1281 2735 plurimam
1335 2664 1457 2735 ejus
1508 2674 1717 2735 partem
1758 2665 1812 2721 in

248 2770 505 2827 vaporem
552 2756 774 2821 abiisse,
822 2771 941 2811 eam
990 2772 1122 2812 vero
1161 2771 1281 2826 quae
1324 2758 1609 2824 remansit,
1662 2773 1814 2814 mare

248 2847 606 2904 constituere.
658 2850 1007 2920 Anaxagoras
1053 2855 1108 2903 et
1160 2847 1502 2904 Metrodorus
1549 2857 1813 2920 putarunt

250 2954 401 2995 mare
431 2955 555 2997 esse
584 2948 744 2996 terra“.
776 2942 1031 2997 sudorem
1063 2941 1196 2997 solis
1224 2941 1626 3006 incalescentis,
1662 2943 1812 2997 ideo-

248 3045 354 3100 que
382 3031 607 3094 salsum,
642 3031 769 3101 quia
814 3030 980 3086 sudor
1010 3032 1189 3086 salsus
1222 3039 1324 3087 est.
1359 3030 1433 3086 De
1464 3032 1550 3087 bis
1580 3033 1805 3089 Aristot.

247 3120 344 3177 lib.
370 3136 410 3175 ιι
442 3120 687 3183 Meteon,
721 3136 843 3191 cap.
876 3122 898 3175 l
928 3138 942 3186 ;
970 3131 1023 3177 et
1052 3120 1398 3186 Plutarchus,
1426 3121 1519 3176 lib.
1549 3121 1621 3177 De
1637 3124 1808 3192 placi-

247 3214 312 3268 tis
340 3214 658 3283 philosoph.,
697 3228 818 3284 cap.
861 3212 945 3276 l6,
981 3221 1036 3269 et
1073 3215 1163 3268 alii
1195 3214 1250 3269 in
1279 3216 1399 3284 ipso
1428 3216 1614 3270 mundi
1646 3230 1807 3271 exor-

244 3305 354 3369 dio,
384 3320 510 3360 cum
557 3303 699 3360 Deus
738 3320 908 3375 aquas
940 3321 1108 3360 unum
1149 3306 1205 3360 in
1247 3307 1424 3361 locum
1460 3309 1803 3374 secrevisset,

242 3394 380 3451 duos
414 3392 629 3466 globos,
666 3410 831 3449 unum
858 3409 1031 3466 aquae,
1064 3397 1292 3450 alterum
1318 3404 1497 3463 terrae,
1530 3398 1633 3453 etsi
1661 3400 1805 3454 inter

142 3534 150 3539 .
243 3503 302 3544 se
325 3489 595 3553 diversos,
622 3487 916 3543 continuos
942 3495 1125 3543 tamen
1158 3487 1448 3544 mansisse.

312 3577 470 3643 lbid.,
500 3579 596 3634 lin.
633 3578 722 3633 58.
766 3579 890 3633 Ἵνα
919 3580 1004 3648 μὴ
1043 3580 1110 3632 ἐκ
1141 3578 1261 3633 τῶν
1290 3582 1536 3649 χωρίων.
1566 3581 1803 3640 Basilius

242 3669 389 3726 hom.
420 3669 497 3723 ιε
532 3672 653 3724 Ἴνα
682 3670 755 3740 μὴ
799 3671 859 3723 τὸ
898 3670 1150 3741 ἐπιρρέον
1187 3670 1329 3743 ὕδωρ
1363 3672 1471 3726 τῶν
1500 3673 1801 3744 δεχομένων

242 3761 373 3815 αὑτό
417 3760 630 3831 χωρίων
684 3761 1097 3832 ὑπερχεόμενον,
1156 3762 1506 3832 μετεκϐαῖνον
1555 3765 1663 3830 ἀεὶ,
1706 3767 1801 3820 καὶ

244 3852 373 3907 ἀλλα
402 3853 463 3919 te
490 3852 661 3908 ἄλλων
690 3853 948 3925 πληροῦν,
979 3857 1158 3908 πᾶσαν
1186 3856 1325 3909 κατά
1349 3857 1411 3909 τὸ
1438 3859 1655 3928 συνεχὲς
1683 3862 1801 3913 ἐπι-

246 3943 411 4015 κλύσῃ
441 3945 541 4015 τὴν
581 3945 828 4016 ἤπειρον,
861 3944 1152 4017 ἐκελεύσθη
1198 3933 1522 4020 συναχθῆναι
1556 3952 1632 4013 εἰς
1674 3967 1800 4005 συν-

246 4039 460 4110 αγωγὴν
490 4038 634 4108 μίαν.
663 4037 739 4092 Ex
758 4038 957 4108 quibus
985 4039 1058 4092 ita
1088 4038 1266 4093 locum
1295 4038 1558 4096 Eustatbii
1588 4044 1796 4113 supple,

247 4127 331 4181 ἶνα
360 4126 430 4199 μὴ
458 4129 522 4181 ὲκ
549 4128 655 4181 τῶν
687 4128 922 4200 χωρίων,
951 4126 1078 4183 ἔνθα
1111 4128 1248 4193 ἐστὶ,
1278 4130 1674 4202 ὑπερχεόμενον
1704 4134 1797 4187 καὶ

246 4218 561 4275 ὑπεκόαῖνον
590 4222 737 4273 ὲπικ.
763 4220 861 4290 τὴν
884 4220 938 4291 ἧ.
965 4219 1138 4289 Hujus
1170 4228 1350 4276 autem
1378 4222 1645 4278 rationem
1673 4228 1797 4296 qui-

245 4311 362 4365 dam
389 4326 506 4366 esse
527 4311 716 4367 volunt
738 4312 1159 4382 propensionem
1184 4311 1415 4378 scilicet,
1440 4328 1603 4383 quam
1632 4315 1794 4372 habet

246 4414 377 4471 aqua
405 4408 461 4454 ut
491 4415 611 4456 sese
644 4400 700 4454 in
731 4398 1021 4454 rotundam
1068 4397 1294 4470 ﬁguram
1329 4402 1639 4472 conglobet,
1674 4420 1794 4474 qua:

1921 558 1987 626 τῇ
2019 555 2230 627 ψάμμῳ
2259 557 2294 627 ἡ
2320 560 2441 620 ταῖς
2472 556 2613 626 βίαις
2641 558 2909 632 ἀφόρητος
2938 562 3264 632 χαλινοῦται.
3297 566 3483 621 Admi-

1923 646 2150 701 randam
2190 646 2284 703 Dei
2316 650 2637 718 potentiam,
2676 659 2729 706 et
2766 650 2820 705 in
2843 667 3013 723 genus
3042 654 3339 710 humanum
3375 658 3484 713 cle-

1922 736 2202 800 mentiam,
2225 737 2355 791 dum
2376 736 2687 795 furentibus
2710 740 2871 795 undis
2889 742 3154 797 terminos
3176 745 3481 812 constituit,

1922 823 2267 897 impetusque
2294 826 2557 883 ﬂuctuum
2582 828 2822 895 cohibet,
2848 837 2902 886 et
2927 846 3092 886 arena
3125 835 3283 901 quasi
3313 837 3485 891 inter-

1922 919 2074 975 Stitio
2101 920 2343 991 quodam
2367 936 2517 976 mare
2545 921 2890 977 discriminat
2917 936 2948 976 a
2972 926 3297 991 continenti,
3325 935 3377 981 ct
3400 944 3487 998 pe-

1918 1011 2154 1066 riculum
2185 1020 2357 1078 arcet,
2392 1014 2593 1069 summi
2628 1014 2733 1071 viri
2762 1031 2973 1071 summa
3004 1018 3314 1088 eloquentia
3349 1036 3487 1090 prae-

1920 1103 2105 1159 dicare
2132 1106 2315 1159 conati
2345 1115 2510 1173 sunt;
2547 1120 2732 1171 unam,
2766 1107 2852 1163 vel
2883 1109 3105 1164 alteram
3139 1124 3328 1165 eorum
3362 1127 3489 1168 sen-

1802 1198 1805 1201 ’
1919 1196 2168 1265 tentiam,
2201 1197 2329 1267 quia
2360 1199 2768 1269 elegantissima
2805 1211 2909 1267 est,
2954 1217 3065 1257 non
3091 1204 3360 1273 gravabor
3387 1205 3486 1261 de-

1844 1309 1857 1323 ο
1919 1286 2180 1342 scribere.
2206 1286 2644 1361 Theophylactus
2669 1289 2997 1357 Simocatus,
3018 1294 3177 1363 epist.
3201 1294 3267 1349 5:
3290 1296 3490 1368 Ὄρους
3527 1367 3536 1379 θ

1917 1378 1946 1429 6
1981 1376 2307 1449 δημιουργὸς
2354 1381 2447 1434 καί
2484 1381 2560 1453 τῷ
2606 1381 2874 1454 θαλαττίῳ
2922 1383 3200 1451 διετάξατο
3231 1384 3484 1455 κλύδωνι,

1917 1467 2011 1520 καὶ
2036 1471 2147 1531 τοῖς
2174 1468 2438 1537 αἰγιαλοῖς
2466 1471 2526 1524 τὸ
2558 1472 2812 1541 πελάγιον
2861 1474 3212 1544 κεχαλίνωται
3250 1477 3483 1548 ῥεῖθρον.

1917 1557 2028 1610 Καὶ
2055 1557 2277 1629 ψάμμος
2313 1577 2396 1624 τις
2434 1550 2525 1613 ὲπί
2569 1564 2743 1634 μικρᾷ
2780 1563 2989 1635 ἠπείρῳ
3030 1564 3266 1638 θαλάττῃ
3302 1567 3487 1637 μεταί-

1916 1665 2103 1719 χμιον.
2150 1651 2222 1703 Οὐ
2269 1651 2372 1723 γὰρ
2415 1652 2621 1706 ἀδικεῖν
2656 1657 2689 1724 ή
2727 1653 2962 1707 θάλαττα
2999 1655 3101 1726 τὴν
3138 1655 3350 1725 γείτονα
3382 1660 3486 1731 γῆν

1920 1738 2350 1812 συγκεχώρηται’
2385 1742 2735 1814 παλινδρομεῖ
2759 1744 2815 1797 δὲ
2838 1744 2977 1816 πρὸς
3000 1745 3155 1798 ἑαυτὸ
3186 1747 3246 1800 τδ
3275 1748 3485 1820 ῥεῖθρον

1849 1807 1892 1862 Β
1921 1807 2243 1901 μαινόμενον
2267 1832 2506 1904 μεγάλην
2528 1807 2825 1904 ἀπείλῆσαν
2849 1807 2915 1907 ei}
2942 1835 3120 1908 χέρσῳ
3139 1838 3237 1910 τὴν
3267 1807 3480 1908 έφοδδνς

1915 1921 2159 1976 Andreas
2181 1922 2458 1981 Cretensis
2479 1926 2727 1981 oratione
2752 1944 2764 1979 :
2788 1928 2881 1991 Εἰς
2905 1928 2996 1982 τὸν
3018 1929 3353 2002 ἀνθρώπινον
3369 1931 3484 2002 βίον

1915 2014 2010 2066 καὶ
2033 2017 2110 2076 εἰς
2134 2016 2260 2079 τοὺς
2286 2016 2665 2087 κοιμηθέντας.
2697 2019 2790 2082 Τίς
2815 2021 2843 2072 6
2864 2019 3033 2082 τιθεὶς
3063 2021 3306 2094 θαλάσσῃ
3334 2023 3483 2094 ψάμ-

1918 2122 2017 2176 μον
2048 2106 2226 2177 ὃριον;
2259 2107 2412 2179 Φόϐῳ
2450 2108 2506 2162 δὲ
2545 2109 2688 2174 τίνος
2724 2111 3077 2184 χαλινουμένη
3116 2109 3480 2182 συστέλλεται,

1916 2197 2009 2250 καί
2045 2198 2365 2270 ἡμεροῦται,
2397 2200 2491 2254 καὶ
2535 2201 2643 2256 τῶν
2687 2202 2830 2257 ἰδίων
2878 2204 3018 2275 ὅρων
3046 2203 3195 2268 ἐντὸς
3226 2205 3482 2259 καθελκο-

1918 2288 2051 2361 μένη
2096 2291 2396 2362 συνέχεται,
2432 2291 2527 2344 καὶ
2574 2291 2743 2363 ὑγρὰς
2791 2292 2851 2345 οὐ
2906 2294 3235 2366 παρατρέχει
3290 2293 3479 2367 θύρας,

1914 2378 2030 2433 ἀλλ’
2052 2380 2127 2445 ὡς
2158 2381 2424 2454 ῳρὸαιάν
2448 2382 2589 2437 κατὰ
2614 2384 2786 2455 στόμα
2804 2385 2865 2437 τὸ
2888 2384 3213 2457 πρόσταγμα
3238 2387 3479 2459 φέρουσα

1913 2471 2011 2543 τῆς
2039 2472 2138 2542 μὲν
2167 2475 2405 2542 γείτονος
2434 2475 2880 2540 κατεξανίσταται
2911 2478 3032 2547 γῆς,
3073 2479 3152 2542 εἰς
3195 2477 3390 2550 ἑαυτὴν
3419 2475 3479 2533 δὲ

1912 2561 2305 2627 ἁναποδίζουσα
2333 2564 2537 2628 ὑπτίως
2562 2565 2653 2619 τὸν
2684 2565 2784 2636 μὲν
2814 2567 2983 2638 ἀτμὸν
3012 2567 3309 2640 ὲξαφρίζει,
3342 2570 3479 2642 πρὸς

1911 2653 1967 2707 δὲ
1991 2653 2062 2707 τὰ
2090 2655 2240 2727 χείλη
2270 2655 2347 2727 τῷ
2382 2656 2527 2728 σάλῳ
2557 2657 2921 2729 συμφύρεται,
2952 2660 3045 2714 καὶ
3073 2661 3209 2733 πρὸς
3237 2662 3477 2716 τούπίσω

1911 2750 2077 2819 χωρεῖ
2131 2747 2192 2800 τὸ
2244 2747 2484 2801 δουλικὸν
2542 2750 2927 2823 ὑπογράφουσα
2976 2754 3176 2825 σχῆμα.
3220 2752 3476 2811 Omnium

1909 2838 2313 2909 elegantissime
2347 2837 2653 2895 Methodius
2690 2840 3002 2899 Patarensis
3030 2845 3341 2916 episcopus,
3375 2846 3472 2901 lib.

1908 2926 1987 2981 De
2011 2926 2174 2981 libera
2203 2927 2450 2991 arbitrio,
2481 2930 2571 2983 ubi
2596 2927 2944 2985 Valentinum
2978 2935 3052 2986 ita
3084 2933 3212 2989 facit
3247 2935 3477 3007 loquen-

1907 3025 2052 3073 tem:
2085 3019 2226 3083 Χθὲς
2254 3019 2314 3072 τὸ
2342 3018 2563 3074 δειλινὸν
2593 3023 2927 3093 περιπατῶν,
2956 3017 3001 3077 ὦ
3035 3024 3173 3093 φίλε,
3206 3026 3354 3098 παρά
3381 3027 3474 3082 τὸν

1906 3111 2005 3182 τῆς
2041 3110 2313 3183 θαλάσσης
2338 3113 2601 3182 αἰγιαλὸν,
2629 3115 2720 3168 καὶ
2754 3115 2917 3179 ὀξέως
2955 3114 3070 3180 πῶς
3106 3117 3363 3182 ἀτενίζων
3390 3120 3473 3184 εἰς

1907 3204 2099 3275 αὐτὴν,
2138 3203 2323 3274 ἑώρων
2354 3205 2655 3277 ὑπερϐολήν
2694 3224 2814 3260 τινα
2859 3208 3010 3273 θείας
3047 3209 3345 3282 δυνάμεως,
3376 3213 3472 3267 καὶ

1907 3296 2077 3365 σοφῆς
2105 3297 2414 3367 ἐπιστήμης
2439 3298 2656 3369 τέχνην,
2690 3300 2743 3353 εἰ
2761 3316 2823 3368 γε
2850 3302 2942 3354 καὶ
2967 3302 3161 3373 τέχνην
3183 3303 3244 3356 τὸ
3261 3305 3471 3359 τοιοῦτο

1904 3385 2087 3439 καλεῖν
2110 3388 2238 3457 χρή.
2269 3388 2478 3458 Ὥσπερ
2507 3387 2615 3459 γὰρ
2642 3390 2670 3442 6
2712 3389 3003 3462 Ὁμηρικὸς
3030 3391 3210 3463 στίχος
3239 3393 3471 3464 φθέγγε-

1902 3495 1990 3532 ται
2021 3480 2240 3543 ἐκεῖνος·

1948 3618 2041 3684 Ὠς
2070 3618 2120 3671 δ’
2149 3618 2351 3689 ἄνεμοι
2373 3619 2479 3674 δύο
2501 3620 2723 3689 πόντον
2752 3618 3019 3686 ὀρίνετον
3049 3622 3362 3689 ἰχθυόεντα

1936 3690 2176 3757 Βορέης,
2212 3691 2308 3742 καὶ
2339 3690 2621 3757 Ζέφυρος,
2645 3688 2785 3760 τῴτε
2816 3688 3119 3759 Θρῄκηθεν
3141 3691 3327 3760 ἄητον

1948 3760 2203 3814 Ἐλθόντ’
2227 3761 2536 3826 ἐξαπίνης,
2565 3759 2869 3831 ᾅμυδιςᾼδέ
2884 3777 2962 3831 ,τε
2985 3761 3143 3831 κῦμα
3166 3759 3447 3819 κελαινὸν

1933 3832 2271 3897 Κορθύεται,
2304 3831 2537 3883 πολλὸν
2567 3830 2633 3882 δὲ
2653 3829 2842 3897 παρὲξ
2866 3830 2985 3885 ἅλα
3010 3829 3200 3901 φῦκος
3219 3834 3457 3902 ἔχευαν*

1898 3946 2038 4000 οὕτω
2073 3964 2163 4017 μοι
2204 3946 2299 3999 καὶ
2343 3945 2469 4017 χθὲς
2500 3946 2778 4016 γεγονέναι
2827 3946 2992 4001 δοκεῖ.
3019 3949 3298 4020 Κορυφαῖς
3350 3949 3461 4023 γὰρ

1896 4036 2066 4106 ὀρέων
2096 4036 2477 4108 παραπλήσιον
2520 4034 2704 4108 ἑώρων
2750 4036 2989 4108 κύματα,
3039 4037 3155 4101 καὶ,
3199 4037 3274 4101 ὡς
3303 4038 3461 4107 λόγον

1896 4129 2088 4190 εἰπεῖν,
2120 4126 2283 4179 αὑτοῦ
2319 4126 2681 4197 ἐφικνούμενα
2702 4127 2796 4180 τοῦ
2824 4126 3070 4199 οὐρανοῦ.
3108 4128 3180 4181 T6
3203 4128 3247 4182 δ’
3278 4129 3461 4184 ὲντεῦ-
3504 4202 3518 4217 ν
3550 4160 3562 4177 ι

1897 4217 1987 4271 θεν
2028 4218 2178 4272 οὐδὲν
2223 4218 2406 4289 ἕτερον
2440 4218 2783 4289 προσεδόκων
2812 4218 2844 4289 ἢ
2880 4218 3094 4273 ἃπασαν
3126 4220 3457 4295 ὲπικλυσθή-

1895 4309 2081 4364 σεσθαι
2110 4311 2207 4381 τὴν
2235 4310 2357 4379 γῆν·
2387 4309 2478 4363 καί
2517 4327 2604 4379 μοι
2648 4310 2825 4382 φυγῆς
2862 4312 2919 4363 ὲν
2946 4309 3024 4381 τῷ
3050 4308 3130 4364 νοῒ
3155 4311 3336 4378 τόπον,
3363 4313 3457 4369 καὶ

1891 4398 1988 4470 τὴν
2029 4399 2123 4452 τοῦ
2175 4398 2298 4452 Νῶε
2342 4399 2670 4453 ἀνέπλαττον
2714 4400 2960 4454 κιϐωτόν.
3012 4401 3086 4454 Τὸ
3131 4400 3174 4454 δ’
3206 4402 3306 4455 οὑκ
3336 4398 3456 4475 ἧνδ

244 4490 308 4546 ad
335 4490 448 4559 ejus
474 4491 733 4562 impetum
776 4491 1137 4546 cohibendum
1174 4493 1309 4548 satis
1336 4509 1457 4549 esse
1488 4495 1593 4550 sibi
1626 4507 1790 4552 autu-

1901 4488 2159 4561 ἐνόμιζον,
2187 4490 2321 4544 ἀλλά
2347 4490 2456 4563 γὰρ
2496 4490 2610 4561 ἅμα
2650 4491 2989 4563 κυρτωθῆναι
3019 4492 3116 4564 τὴν
3156 4492 3449 4561 θάλασσαν,

244 4591 386 4637 mant
408 4584 651 4654 exemplo
675 4591 945 4655 guttarum
975 4598 1096 4654 qua:
1122 4599 1152 4638 e
1173 4585 1369 4655 tegulis
1394 4586 1648 4656 pendent,
1684 4604 1787 4645 nec

244 4675 427 4731 fluunt.
450 4674 556 4731 Alii
581 4675 777 4731 divina:
799 4675 1052 4745 potentiae
1084 4684 1138 4731 et
1161 4677 1388 4732 bonitati
1421 4677 1475 4733 id
1498 4688 1785 4750 acceptum

245 4767 495 4835 referunt,
514 4782 634 4839 quae
674 4767 924 4823 humana:
945 4767 1139 4822 salutis
1160 4777 1215 4824 et
1241 4770 1365 4825 vita;
1393 4773 1567 4841 gratia
1595 4771 1785 4831 furens

222 4836 308 4915 'ac
336 4860 613 4916 imminens
633 4875 803 4927 mare,
826 4859 990 4914 veluti
1014 4859 1252 4930 quodam
1275 4859 1429 4917 freno
1455 4866 1782 4934 compescit,

247 4961 298 5006 et
323 4952 425 5020 jam
447 4953 682 5023 proclive
708 4952 1015 5016 contundit,
1053 4952 1216 5022 idque
1239 4953 1440 5009 habent
1466 4962 1520 5010 et
1551 4970 1615 5011 ex
1648 4958 1783 5014 locis

246 5042 472 5110 Palmm,
510 5060 648 5115 quos
692 5043 835 5098 intra
877 5043 1229 5113 adducemus,
1270 5052 1325 5100 et
1368 5061 1434 5101 ex
1463 5046 1585 5102 aliis
1613 5063 1784 5105 sacrae

250 5134 523 5205 Scriptura:
551 5135 894 5199 testimoniis,
925 5149 1046 5205 quae
1082 5135 1286 5205 passim
1315 5137 1538 5194 cuilibet
1581 5155 1779 5196 occur-

247 5236 385 5283 runt.

313 5317 457 5384 lbid.,
492 5318 588 5375 lin.
633 5317 724 5374 40.
764 5318 869 5372 Διὰ
895 5318 1069 5373 τοῦτο
1100 5318 1429 5389 μαινομένη
1460 5322 1777 5390 πολλάκις.

246 5410 461 5468 Basilius
494 5411 639 5468 bom.
678 5410 713 5464 4
736 5410 869 5466 εΔιὰ
906 5409 1063 5463 τοῦτο
1105 5412 1397 5484 μαινομένη
1430 5412 1689 5479 πολλάκις
1718 5415 1779 5481 ἐξ

246 5503 443 5575 ἀνέμων
476 5506 508 5576 ἡ
543 5504 784 5558 θάλασσα
816 5503 910 5556 καὶ
940 5504 1019 5566 εἰς
1058 5502 1189 5572 ὖψος
1221 5505 1473 5575 μέγιστον
1505 5506 1777 5563 διανιστα-

248 5597 370 5669 μένη
388 5599 489 5663 τοῖς
514 5596 576 5650 κύ
585 5612 772 5669 μασιν,
800 5594 1017 5649 ἐπειδὰν
1049 5595 1208 5665 μόνον
1229 5595 1335 5650 τῶν
1355 5596 1614 5666 αἰγιαλῶν
1638 5598 1778 5671 ἅψη-

245 5704 346 5752 ται,
372 5690 445 5753 εἰς
468 5688 635 5761 ἀφρὸν
664 5684 963 5740 διαλύσασα
992 5685 1091 5751 τὴν
1116 5685 1313 5757 ὁρμὴν,
1352 5688 1673 5761 ἐπανῆλθεν.
1710 5692 1778 5746 Ἠ

1894 4581 2055 4635 πάλιν
2086 4582 2333 4635 ἀνελύετο
2358 4585 2436 4645 εἰς
2458 4583 2677 4655 ἑαυτὴν,
2706 4584 2803 4654 οὑχ
2833 4582 3231 4654 ὑπερϐαίνουσα
3252 4585 3342 4640 τὸν
3369 4587 3449 4639 οἰ-

1893 4675 2033 4726 κεῖον
2063 4673 2246 4737 τόπον,
2278 4672 2353 4736 ὡς
2383 4673 2510 4736 ἔπος
2537 4675 2729 4738 εἰπεῖν,
2763 4674 2901 4727 θεῖόν
2926 4692 2978 4728 τι
3002 4676 3327 4751 πρόσταγμα
3353 4695 3449 4731 πε-

1888 4764 2189 4836 φοϐημένη.
2236 4766 2344 4820 Καὶ
2385 4764 2631 4838 καθάπερ
2668 4765 2924 4830 πολλάκις
2953 4765 3060 4820 τῶν
3086 4768 3309 4823 οἰκετῶν
3338 4786 3445 4836 τις,

1887 4855 2033 4910 ἄκων
2055 4874 2106 4910 τι
2138 4857 2275 4930 πρὸς
2301 4857 2394 4911 τοῦ
2421 4858 2676 4912 δεσπότου
2711 4858 2963 4930 πράττειν
2986 4858 3444 4931 ἀναγκαζόμενος,

1884 4950 1962 5022 τῷ
1993 4951 2091 5022 μὲν
2119 4951 2497 5024 προστάγματι
2517 4952 2603 5005 διὰ
2624 4951 2713 5005 τὸν
2738 4953 2898 5021 φόόον
2926 4951 3186 5022 πείθεται,
3216 4955 3245 5008 6
3264 4955 3321 5008 δὲ
3343 4955 3448 5010 πά-

1885 5061 2001 5115 σχει
2030 5044 2288 5119 πράττειν
2315 5045 2390 5116 μὴ
2415 5046 2579 5099 θέλων
2608 5044 2784 5113 λέγειν
2815 5062 2866 5098 τι
2894 5046 2955 5098 οὐ
2975 5046 3167 5119 τολμᾷ,
3193 5048 3445 5121 τονθορύ-

1884 5134 1965 5200 ζει
1995 5136 2051 5190 δὲ
2079 5137 2136 5190 ἐν
2168 5137 2347 5208 ἑαυτῷ
2375 5137 2546 5209 θυμοῦ
2578 5154 2722 5202 τινος
2751 5137 3141 5210 πληρούμενος·
3176 5140 3315 5194 οὕτω
3349 5141 3442 5211 μοί

1882 5244 1998 5290 πως
2015 5227 2284 5298 ἐφαίνετο,
2306 5229 2399 5282 καὶ
2413 5228 2509 5300 τὴν
2525 5228 2797 5284 θάλασσαν
2816 5231 3054 5303 ὡσπερεί
3074 5231 3436 5303 θυμουμένην,

1881 5319 1976 5373 καὶ
2021 5320 2078 5373 ὲν
2121 5321 2287 5391 ἑαυτῇ
2321 5320 2656 5391 φράττουσαν
2689 5321 2787 5392 τὴν
2828 5321 2993 5393 ὀργὴν
3038 5321 3339 5392 κρατοῦσάν
3379 5338 3436 5374 τε

1878 5410 2097 5480 ἑαυτῆς,
2137 5410 2199 5463 οὐ
2235 5408 2530 5481 βουλομένη
2572 5410 2648 5482 τῷ
2688 5411 2918 5482 δεσπότῃ
2953 5411 3176 5480 φανερὸν
3216 5410 3435 5480 ποιῆσαι

1876 5502 1969 5556 τὸν
2009 5502 2195 5574 θυμόν.
2227 5502 2358 5570 Quae
2381 5518 2481 5574 ego
2508 5504 2589 5559 sic
2617 5504 2887 5558 vertebam
2912 5523 2922 5533 -
2954 5501 3082 5556 Heri
3109 5501 3234 5554 dum
3262 5502 3342 5555 sol
3364 5504 3433 5556 ad

1877 5610 2123 5649 occasum
2150 5604 2395 5665 vergeret,
2425 5612 2542 5650 cum
2573 5593 2982 5654 deambularem,
3013 5610 3043 5646 ο
3066 5592 3250 5658 amice,
3276 5610 3434 5663 prope

1876 5686 2040 5739 maris
2071 5686 2241 5754 littus,
2271 5696 2320 5742 et
2350 5688 2617 5743 oculorum
2653 5687 2816 5739 aciem
2846 5685 2896 5737 in
2926 5683 3058 5736 illud
3088 5694 3280 5739 attente
3310 5703 3432 5741 cou-

245 5778 427 5847 ὲμέσὺ
460 5778 885 5852 φοϐηθήσεσθε,
925 5776 1068 5847 λέγει
1108 5777 1332 5844 Κύριος,
1386 5779 1491 5836 τὸν
1538 5780 1771 5842 τιθέιιια

1901 5780 2105 5836 iterent.
2148 5777 2337 5837 diuina
2404 5778 2611 5834 virtutis
2665 5771 2945 5840 quamdam
3004 5778 3429 5844 exsuperantiam
