  <div class='ocr_page' id='page_1' title='image "/cluster/home/n/w/nwhite01/storage/ocr_20150623/18/mdp.39015008168943/429.png"; bbox 0 0 4064 6290; ppageno 0'>
   <div class='ocr_carea' id='block_1_1' title="bbox 712 347 822 404">
    <p class='ocr_par' dir='ltr' id='par_1_1' title="bbox 712 347 822 404">
     <span class='ocr_line' id='line_1_1' title="bbox 712 347 822 404; baseline -0.018 0"><span class='ocrx_word' id='word_1_1' title='bbox 712 347 822 404; x_wconf 77' lang='lat'><strong><em>835</em></strong></span> 
     </span>
    </p>
   </div>
   <div class='ocr_carea' id='block_1_2' title="bbox 711 455 1365 532">
    <p class='ocr_par' dir='ltr' id='par_1_2' title="bbox 711 455 1365 532">
     <span class='ocr_line' id='line_1_2' title="bbox 711 455 1365 532; baseline -0.006 -16"><span class='ocrx_word' id='word_1_2' title='bbox 711 468 922 532; x_wconf 90' lang='lat' dir='ltr'><strong><em>aspectu</em></strong></span> <span class='ocrx_word' id='word_1_3' title='bbox 962 455 1303 530; x_wconf 88' lang='lat' dir='ltr'><strong><em>percipiebam</em></strong></span> <span class='ocrx_word' id='word_1_4' title='bbox 1346 473 1365 512; x_wconf 92' lang='lat'><strong><em>:</em></strong></span> 
     </span>
    </p>
   </div>
   <div class='ocr_carea' id='block_1_3' title="bbox 707 549 2265 616">
    <p class='ocr_par' dir='ltr' id='par_1_3' title="bbox 707 549 2265 616">
     <span class='ocr_line' id='line_1_3' title="bbox 707 549 2265 616; baseline -0.002 -9"><span class='ocrx_word' id='word_1_5' title='bbox 707 555 938 608; x_wconf 70' lang='lat' dir='ltr'><strong><em>scientia:</em></strong></span> <span class='ocrx_word' id='word_1_6' title='bbox 981 561 1166 616; x_wconf 82' lang='lat' dir='ltr'><strong><em>artem,</em></strong></span> <span class='ocrx_word' id='word_1_7' title='bbox 1211 554 1260 606; x_wconf 99' lang='lat' dir='ltr'><strong><em>si</em></strong></span> <span class='ocrx_word' id='word_1_8' title='bbox 1287 569 1373 605; x_wconf 89' lang='lat' dir='ltr'><strong><em>ars</em></strong></span> <span class='ocrx_word' id='word_1_9' title='bbox 1407 551 1514 606; x_wconf 80' lang='lat' dir='ltr'><strong><em>lucc</em></strong></span> <span class='ocrx_word' id='word_1_10' title='bbox 1547 549 1776 606; x_wconf 82' lang='lat' dir='ltr'><strong><em>vocanda</em></strong></span> <span class='ocrx_word' id='word_1_11' title='bbox 1815 553 1912 605; x_wconf 80' lang='lat' dir='ltr'><strong><em>est.</em></strong></span> <span class='ocrx_word' id='word_1_12' title='bbox 1957 549 2164 605; x_wconf 78' lang='lat' dir='ltr'><strong><em>Etenim</em></strong></span> <span class='ocrx_word' id='word_1_13' title='bbox 2205 560 2265 604; x_wconf 84' lang='lat' dir='ltr'><strong><em>ut</em></strong></span> 
     </span>
    </p>
   </div>
   <div class='ocr_carea' id='block_1_4' title="bbox 711 642 1776 698">
    <p class='ocr_par' dir='ltr' id='par_1_4' title="bbox 711 642 1776 698">
     <span class='ocr_line' id='line_1_4' title="bbox 711 642 1776 698; baseline -0.002 -2"><span class='ocrx_word' id='word_1_14' title='bbox 711 642 1003 698; x_wconf 77' lang='lat' dir='ltr'><strong><em>Homericis</em></strong></span> <span class='ocrx_word' id='word_1_15' title='bbox 1033 642 1143 697; x_wconf 88' lang='lat' dir='ltr'><strong><em>illis</em></strong></span> <span class='ocrx_word' id='word_1_16' title='bbox 1169 643 1400 698; x_wconf 82' lang='lat' dir='ltr'><strong><em>uersibus</em></strong></span> <span class='ocrx_word' id='word_1_17' title='bbox 1419 643 1640 697; x_wconf 83' lang='lat' dir='ltr'><strong><em>relatum</em></strong></span> <span class='ocrx_word' id='word_1_18' title='bbox 1663 651 1739 695; x_wconf 89' lang='lat' dir='ltr'><strong><em>est</em></strong></span> <span class='ocrx_word' id='word_1_19' title='bbox 1757 657 1776 694; x_wconf 91' lang='lat'><strong><em>:</em></strong></span> 
     </span>
    </p>
   </div>
   <div class='ocr_carea' id='block_1_5' title="bbox 774 775 2260 844">
    <p class='ocr_par' dir='ltr' id='par_1_5' title="bbox 774 775 2260 844">
     <span class='ocr_line' id='line_1_5' title="bbox 774 775 2260 844; baseline -0.003 -13"><span class='ocrx_word' id='word_1_20' title='bbox 774 775 924 831; x_wconf 89' lang='lat' dir='ltr'><strong><em>Sicut</em></strong></span> <span class='ocrx_word' id='word_1_21' title='bbox 951 787 1125 831; x_wconf 91' lang='lat' dir='ltr'><strong><em>autem</em></strong></span> <span class='ocrx_word' id='word_1_22' title='bbox 1153 779 1289 832; x_wconf 82' lang='lat' dir='ltr'><strong><em>venti</em></strong></span> <span class='ocrx_word' id='word_1_23' title='bbox 1305 779 1407 831; x_wconf 91' lang='lat' dir='ltr'><strong><em>duo</em></strong></span> <span class='ocrx_word' id='word_1_24' title='bbox 1431 788 1644 844; x_wconf 83' lang='lat' dir='ltr'><strong><em>pontum</em></strong></span> <span class='ocrx_word' id='word_1_25' title='bbox 1663 783 1979 831; x_wconf 84' lang='lat' dir='ltr'><strong><em>commovent</em></strong></span> <span class='ocrx_word' id='word_1_26' title='bbox 1999 777 2260 844; x_wconf 87' lang='lat' dir='ltr'><strong><em>piscosum</em></strong></span> 
     </span>
    </p>
   </div>
   <div class='ocr_carea' id='block_1_6' title="bbox 769 846 2034 918">
    <p class='ocr_par' dir='ltr' id='par_1_6' title="bbox 769 846 2034 918">
     <span class='ocr_line' id='line_1_6' title="bbox 769 846 2034 918; baseline -0.002 -18"><span class='ocrx_word' id='word_1_27' title='bbox 769 846 969 918; x_wconf 50' lang='lat' dir='ltr'><strong><em>ﬂoreas</em></strong></span> <span class='ocrx_word' id='word_1_28' title='bbox 999 857 1047 902; x_wconf 90' lang='lat' dir='ltr'><strong><em>et</em></strong></span> <span class='ocrx_word' id='word_1_29' title='bbox 1075 846 1363 918; x_wconf 78' lang='lat' dir='ltr'><strong><em>Zephyrus,</em></strong></span> <span class='ocrx_word' id='word_1_30' title='bbox 1393 849 1481 917; x_wconf 92' lang='lat' dir='ltr'><strong><em>qui</em></strong></span> <span class='ocrx_word' id='word_1_31' title='bbox 1509 866 1536 901; x_wconf 91' lang='lat' dir='ltr'><strong><em>e</em></strong></span> <span class='ocrx_word' id='word_1_32' title='bbox 1572 848 1794 901; x_wconf 84' lang='lat' dir='ltr'><strong><em>Thracia</em></strong></span> <span class='ocrx_word' id='word_1_33' title='bbox 1828 849 2034 915; x_wconf 81' lang='lat' dir='ltr'><strong><em>spirant</em></strong></span> 
     </span>
    </p>
   </div>
   <div class='ocr_carea' id='block_1_7' title="bbox 771 915 2018 986">
    <p class='ocr_par' dir='ltr' id='par_1_7' title="bbox 771 915 2018 986">
     <span class='ocr_line' id='line_1_7' title="bbox 771 915 2018 986; baseline 0 -18"><span class='ocrx_word' id='word_1_34' title='bbox 771 915 995 970; x_wconf 80' lang='lat' dir='ltr'><strong><em>Ruentes</em></strong></span> <span class='ocrx_word' id='word_1_35' title='bbox 1025 915 1254 986; x_wconf 77' lang='lat' dir='ltr'><strong><em>repente,</em></strong></span> <span class='ocrx_word' id='word_1_36' title='bbox 1287 915 1446 971; x_wconf 76' lang='lat' dir='ltr'><strong><em>simul</em></strong></span> <span class='ocrx_word' id='word_1_37' title='bbox 1475 935 1592 971; x_wconf 84' lang='lat' dir='ltr'><strong><em>vero</em></strong></span> <span class='ocrx_word' id='word_1_38' title='bbox 1622 928 1671 970; x_wconf 90' lang='lat' dir='ltr'><strong><em>et</em></strong></span> <span class='ocrx_word' id='word_1_39' title='bbox 1699 918 1839 970; x_wconf 88' lang='lat' dir='ltr'><strong><em>unda</em></strong></span> <span class='ocrx_word' id='word_1_40' title='bbox 1869 919 2018 986; x_wconf 89' lang='lat' dir='ltr'><strong><em>nigra</em></strong></span> 
     </span>
    </p>
   </div>
   <div class='ocr_carea' id='block_1_8' title="bbox 769 985 2254 1056">
    <p class='ocr_par' dir='ltr' id='par_1_8' title="bbox 769 985 2254 1056">
     <span class='ocr_line' id='line_1_8' title="bbox 769 985 2254 1056; baseline 0.001 -19"><span class='ocrx_word' id='word_1_41' title='bbox 769 987 1066 1051; x_wconf 82' lang='lat' dir='ltr'><strong><em>Attollitur,</em></strong></span> <span class='ocrx_word' id='word_1_42' title='bbox 1085 985 1403 1055; x_wconf 85' lang='lat' dir='ltr'><strong><em>multamque</em></strong></span> <span class='ocrx_word' id='word_1_43' title='bbox 1433 998 1585 1041; x_wconf 77' lang='lat' dir='ltr'><strong><em>extra</em></strong></span> <span class='ocrx_word' id='word_1_44' title='bbox 1614 1003 1758 1041; x_wconf 88' lang='lat' dir='ltr'><strong><em>mare</em></strong></span> <span class='ocrx_word' id='word_1_45' title='bbox 1790 987 1964 1056; x_wconf 85' lang='lat' dir='ltr'><strong><em>algam</em></strong></span> <span class='ocrx_word' id='word_1_46' title='bbox 1990 985 2254 1054; x_wconf 86' lang='lat' dir='ltr'><strong><em>fundunt:</em></strong></span> 
     </span>
    </p>
   </div>
   <div class='ocr_carea' id='block_1_9' title="bbox 699 1098 2260 1170">
    <p class='ocr_par' dir='ltr' id='par_1_9' title="bbox 699 1098 2260 1170">
     <span class='ocr_line' id='line_1_9' title="bbox 699 1098 2260 1170; baseline -0.001 -18"><span class='ocrx_word' id='word_1_47' title='bbox 699 1099 778 1152; x_wconf 89' lang='lat' dir='ltr'><strong><em>ita</em></strong></span> <span class='ocrx_word' id='word_1_48' title='bbox 828 1099 954 1152; x_wconf 87' lang='lat' dir='ltr'><strong><em>mihi</em></strong></span> <span class='ocrx_word' id='word_1_49' title='bbox 986 1100 1096 1154; x_wconf 83' lang='lat' dir='ltr'><strong><em>lteri</em></strong></span> <span class='ocrx_word' id='word_1_50' title='bbox 1125 1101 1403 1170; x_wconf 80' lang='lat' dir='ltr'><strong><em>contigisse</em></strong></span> <span class='ocrx_word' id='word_1_51' title='bbox 1438 1101 1640 1154; x_wconf 80' lang='lat' dir='ltr'><strong><em>videtur</em></strong></span> <span class='ocrx_word' id='word_1_52' title='bbox 1667 1098 2089 1153; x_wconf 87' lang='lat' dir='ltr'><strong><em>:summitatibus</em></strong></span> <span class='ocrx_word' id='word_1_53' title='bbox 2119 1099 2260 1152; x_wconf 91' lang='lat' dir='ltr'><strong><em>enim</em></strong></span> 
     </span>
    </p>
   </div>
   <div class='ocr_carea' id='block_1_10' title="bbox 702 1190 2258 1262">
    <p class='ocr_par' dir='ltr' id='par_1_10' title="bbox 702 1190 2258 1262">
     <span class='ocr_line' id='line_1_10' title="bbox 702 1190 2258 1262; baseline 0.001 -18"><span class='ocrx_word' id='word_1_54' title='bbox 702 1193 953 1244; x_wconf 85' lang='lat' dir='ltr'><strong><em>montium</em></strong></span> <span class='ocrx_word' id='word_1_55' title='bbox 975 1192 1172 1246; x_wconf 84' lang='lat' dir='ltr'><strong><em>similes</em></strong></span> <span class='ocrx_word' id='word_1_56' title='bbox 1201 1192 1516 1261; x_wconf 87' lang='lat' dir='ltr'><strong><em>aspiciebam</em></strong></span> <span class='ocrx_word' id='word_1_57' title='bbox 1549 1190 1738 1254; x_wconf 87' lang='lat' dir='ltr'><strong><em>undas,</em></strong></span> <span class='ocrx_word' id='word_1_58' title='bbox 1765 1201 1882 1262; x_wconf 69' lang='lat' dir='ltr'><strong><em>qua:</em></strong></span> <span class='ocrx_word' id='word_1_59' title='bbox 1905 1192 1950 1244; x_wconf 90' lang='lat' dir='ltr'><strong><em>si</em></strong></span> <span class='ocrx_word' id='word_1_60' title='bbox 1980 1190 2149 1244; x_wconf 80' lang='lat' dir='ltr'><strong><em>dicere</em></strong></span> <span class='ocrx_word' id='word_1_61' title='bbox 2174 1190 2258 1260; x_wconf 84' lang='lat' dir='ltr'><strong><em>fas</em></strong></span> 
     </span>
    </p>
   </div>
   <div class='ocr_carea' id='block_1_11' title="bbox 698 1283 2259 1355">
    <p class='ocr_par' dir='ltr' id='par_1_11' title="bbox 698 1283 2259 1355">
     <span class='ocr_line' id='line_1_11' title="bbox 698 1283 2259 1355; baseline 0.001 -19"><span class='ocrx_word' id='word_1_62' title='bbox 698 1293 797 1347; x_wconf 86' lang='lat' dir='ltr'><strong><em>est,</em></strong></span> <span class='ocrx_word' id='word_1_63' title='bbox 828 1285 1000 1354; x_wconf 86' lang='lat' dir='ltr'><strong><em>ipsum</em></strong></span> <span class='ocrx_word' id='word_1_64' title='bbox 1034 1286 1215 1339; x_wconf 69' lang='lat' dir='ltr'><strong><em>caelum</em></strong></span> <span class='ocrx_word' id='word_1_65' title='bbox 1250 1287 1562 1355; x_wconf 84' lang='lat' dir='ltr'><strong><em>tangebant;</em></strong></span> <span class='ocrx_word' id='word_1_66' title='bbox 1600 1284 1736 1337; x_wconf 89' lang='lat' dir='ltr'><strong><em>unde</em></strong></span> <span class='ocrx_word' id='word_1_67' title='bbox 1767 1284 1884 1336; x_wconf 86' lang='lat' dir='ltr'><strong><em>hinc</em></strong></span> <span class='ocrx_word' id='word_1_68' title='bbox 1924 1292 2126 1336; x_wconf 77' lang='lat' dir='ltr'><strong><em>tantum</em></strong></span> <span class='ocrx_word' id='word_1_69' title='bbox 2163 1283 2259 1337; x_wconf 80' lang='lat' dir='ltr'><strong><em>hoc</em></strong></span> 
     </span>
    </p>
   </div>
   <div class='ocr_carea' id='block_1_12' title="bbox 697 1378 2259 1447">
    <p class='ocr_par' dir='ltr' id='par_1_12' title="bbox 697 1378 2259 1447">
     <span class='ocr_line' id='line_1_12' title="bbox 697 1378 2259 1447; baseline 0 -17"><span class='ocrx_word' id='word_1_70' title='bbox 697 1378 1085 1446; x_wconf 70' lang='lat' dir='ltr'><strong><em>exspectabam,</em></strong></span> <span class='ocrx_word' id='word_1_71' title='bbox 1117 1379 1411 1431; x_wconf 81' lang='lat' dir='ltr'><strong><em>universam</em></strong></span> <span class='ocrx_word' id='word_1_72' title='bbox 1440 1379 1636 1432; x_wconf 88' lang='lat' dir='ltr'><strong><em>scilicet</em></strong></span> <span class='ocrx_word' id='word_1_73' title='bbox 1679 1389 1871 1432; x_wconf 89' lang='lat' dir='ltr'><strong><em>terram</em></strong></span> <span class='ocrx_word' id='word_1_74' title='bbox 1909 1378 2259 1447; x_wconf 85' lang='lat' dir='ltr'><strong><em>submergen—</em></strong></span> 
     </span>
    </p>
   </div>
   <div class='ocr_carea' id='block_1_13' title="bbox 697 1469 2256 1540">
    <p class='ocr_par' dir='ltr' id='par_1_13' title="bbox 697 1469 2256 1540">
     <span class='ocr_line' id='line_1_13' title="bbox 697 1469 2256 1540; baseline 0 -19"><span class='ocrx_word' id='word_1_75' title='bbox 697 1469 859 1531; x_wconf 85' lang='lat' dir='ltr'><strong><em>dam;</em></strong></span> <span class='ocrx_word' id='word_1_76' title='bbox 883 1480 932 1522; x_wconf 88' lang='lat' dir='ltr'><strong><em>et</em></strong></span> <span class='ocrx_word' id='word_1_77' title='bbox 953 1469 1079 1522; x_wconf 85' lang='lat' dir='ltr'><strong><em>mihi</em></strong></span> <span class='ocrx_word' id='word_1_78' title='bbox 1104 1469 1272 1522; x_wconf 89' lang='lat' dir='ltr'><strong><em>locum</em></strong></span> <span class='ocrx_word' id='word_1_79' title='bbox 1298 1471 1350 1523; x_wconf 87' lang='lat' dir='ltr'><strong><em>in</em></strong></span> <span class='ocrx_word' id='word_1_80' title='bbox 1379 1487 1478 1540; x_wconf 91' lang='lat' dir='ltr'><strong><em>quo</em></strong></span> <span class='ocrx_word' id='word_1_81' title='bbox 1505 1487 1584 1523; x_wconf 89' lang='lat' dir='ltr'><strong><em>me</em></strong></span> <span class='ocrx_word' id='word_1_82' title='bbox 1607 1470 1732 1540; x_wconf 81' lang='lat' dir='ltr'><strong><em>fuga</em></strong></span> <span class='ocrx_word' id='word_1_83' title='bbox 1757 1471 2054 1538; x_wconf 86' lang='lat' dir='ltr'><strong><em>reciperem,</em></strong></span> <span class='ocrx_word' id='word_1_84' title='bbox 2083 1471 2256 1522; x_wconf 88' lang='lat' dir='ltr'><strong><em>animo</em></strong></span> 
     </span>
    </p>
   </div>
   <div class='ocr_carea' id='block_1_14' title="bbox 698 1560 2252 1631">
    <p class='ocr_par' dir='ltr' id='par_1_14' title="bbox 698 1560 2252 1631">
     <span class='ocr_line' id='line_1_14' title="bbox 698 1560 2252 1631; baseline 0.002 -18"><span class='ocrx_word' id='word_1_85' title='bbox 698 1560 978 1631; x_wconf 83' lang='lat' dir='ltr'><strong><em>ﬁngebam,</em></strong></span> <span class='ocrx_word' id='word_1_86' title='bbox 1011 1570 1059 1614; x_wconf 87' lang='lat' dir='ltr'><strong><em>et</em></strong></span> <span class='ocrx_word' id='word_1_87' title='bbox 1096 1560 1329 1614; x_wconf 71' lang='lat' dir='ltr'><strong><em>Noeticaz</em></strong></span> <span class='ocrx_word' id='word_1_88' title='bbox 1360 1578 1498 1616; x_wconf 74' lang='lat' dir='ltr'><strong><em>arca:</em></strong></span> <span class='ocrx_word' id='word_1_89' title='bbox 1539 1564 1804 1630; x_wconf 68' lang='lat' dir='ltr'><strong><em>exemplar</em></strong></span> <span class='ocrx_word' id='word_1_90' title='bbox 1838 1561 2252 1617; x_wconf 82' lang='lat' dir='ltr'><strong><em>considerabam.</em></strong></span> 
     </span>
    </p>
   </div>
   <div class='ocr_carea' id='block_1_15' title="bbox 708 1651 2254 1722">
    <p class='ocr_par' dir='ltr' id='par_1_15' title="bbox 708 1651 2254 1722">
     <span class='ocr_line' id='line_1_15' title="bbox 708 1651 2254 1722; baseline -0.001 -16"><span class='ocrx_word' id='word_1_91' title='bbox 708 1651 899 1706; x_wconf 86' lang='lat' dir='ltr'><strong><em>Verum</em></strong></span> <span class='ocrx_word' id='word_1_92' title='bbox 927 1654 1244 1722; x_wconf 71' lang='lat' dir='ltr'><strong><em>exspectatio</em></strong></span> <span class='ocrx_word' id='word_1_93' title='bbox 1274 1669 1386 1706; x_wconf 91' lang='lat' dir='ltr'><strong><em>mea</em></strong></span> <span class='ocrx_word' id='word_1_94' title='bbox 1417 1653 1678 1721; x_wconf 76' lang='lat' dir='ltr'><strong><em>frustrata</em></strong></span> <span class='ocrx_word' id='word_1_95' title='bbox 1701 1664 1799 1706; x_wconf 90' lang='lat' dir='ltr'><strong><em>est.</em></strong></span> <span class='ocrx_word' id='word_1_96' title='bbox 1830 1652 2003 1706; x_wconf 89' lang='lat' dir='ltr'><strong><em>Simul</em></strong></span> <span class='ocrx_word' id='word_1_97' title='bbox 2030 1653 2165 1706; x_wconf 87' lang='lat' dir='ltr'><strong><em>enim</em></strong></span> <span class='ocrx_word' id='word_1_98' title='bbox 2194 1668 2254 1704; x_wconf 89' lang='lat' dir='ltr'><strong><em>ac</em></strong></span> 
     </span>
    </p>
   </div>
   <div class='ocr_carea' id='block_1_16' title="bbox 698 1743 2257 1815">
    <p class='ocr_par' dir='ltr' id='par_1_16' title="bbox 698 1743 2257 1815">
     <span class='ocr_line' id='line_1_16' title="bbox 698 1743 2257 1815; baseline 0.001 -19"><span class='ocrx_word' id='word_1_99' title='bbox 698 1760 842 1797; x_wconf 91' lang='lat' dir='ltr'><strong><em>mare</em></strong></span> <span class='ocrx_word' id='word_1_100' title='bbox 866 1745 1134 1808; x_wconf 88' lang='lat' dir='ltr'><strong><em>intumuit,</em></strong></span> <span class='ocrx_word' id='word_1_101' title='bbox 1170 1747 1358 1801; x_wconf 82' lang='lat' dir='ltr'><strong><em>iterum</em></strong></span> <span class='ocrx_word' id='word_1_102' title='bbox 1384 1746 1489 1798; x_wconf 87' lang='lat' dir='ltr'><strong><em>vice</em></strong></span> <span class='ocrx_word' id='word_1_103' title='bbox 1517 1761 1664 1799; x_wconf 87' lang='lat' dir='ltr'><strong><em>versa</em></strong></span> <span class='ocrx_word' id='word_1_104' title='bbox 1702 1745 1931 1815; x_wconf 81' lang='lat' dir='ltr'><strong><em>fractum</em></strong></span> <span class='ocrx_word' id='word_1_105' title='bbox 1963 1761 2104 1796; x_wconf 86' lang='lat' dir='ltr'><strong><em>mare</em></strong></span> <span class='ocrx_word' id='word_1_106' title='bbox 2131 1743 2257 1798; x_wconf 89' lang='lat' dir='ltr'><strong><em>dis—</em></strong></span> 
     </span>
    </p>
   </div>
   <div class='ocr_carea' id='block_1_17' title="bbox 2037 321 3943 403">
    <p class='ocr_par' dir='ltr' id='par_1_17' title="bbox 2037 321 3943 403">
     <span class='ocr_line' id='line_1_17' title="bbox 2037 321 3943 403; baseline -0.02 -3"><span class='ocrx_word' id='word_1_107' title='bbox 2037 344 2285 403; x_wconf 86' lang='lat' dir='ltr'><strong><em>LEONIS</em></strong></span> <span class='ocrx_word' id='word_1_108' title='bbox 2321 343 2594 400; x_wconf 82' lang='lat' dir='ltr'><strong><em>ALLATII</em></strong></span> <span class='ocrx_word' id='word_1_109' title='bbox 3858 321 3943 397; x_wconf 43' lang='grc' dir='ltr'>εει</span> 
     </span>
    </p>
   </div>
   <div class='ocr_carea' id='block_1_18' title="bbox 1407 449 3934 532">
    <p class='ocr_par' dir='ltr' id='par_1_18' title="bbox 1407 449 3934 532">
     <span class='ocr_line' id='line_1_18' title="bbox 1407 449 3934 532; baseline -0.004 -19"><span class='ocrx_word' id='word_1_110' title='bbox 1407 468 1457 513; x_wconf 89' lang='lat' dir='ltr'><strong><em>et</em></strong></span> <span class='ocrx_word' id='word_1_111' title='bbox 1515 457 1812 513; x_wconf 74' lang='lat' dir='ltr'><strong><em>excellentis</em></strong></span> <span class='ocrx_word' id='word_1_112' title='bbox 1863 474 1926 511; x_wconf 86' lang='lat' dir='ltr'><strong><em>ac</em></strong></span> <span class='ocrx_word' id='word_1_113' title='bbox 1981 459 2267 529; x_wconf 86' lang='lat' dir='ltr'><strong><em>singularis</em></strong></span> <span class='ocrx_word' id='word_1_114' title='bbox 2295 463 2341 521; x_wconf 72' lang='grc' dir='ltr'><strong>Α</strong></span> <span class='ocrx_word' id='word_1_115' title='bbox 2369 459 2477 514; x_wconf 91' lang='lat' dir='ltr'><strong><em>duo</em></strong></span> <span class='ocrx_word' id='word_1_116' title='bbox 2499 457 2645 529; x_wconf 82' lang='lat' dir='ltr'><strong><em>globi</em></strong></span> <span class='ocrx_word' id='word_1_117' title='bbox 2672 456 3033 522; x_wconf 66' lang='lat' dir='ltr'><strong><em>edicerentur,</em></strong></span> <span class='ocrx_word' id='word_1_118' title='bbox 3067 455 3161 512; x_wconf 89' lang='lat' dir='ltr'><strong><em>sed</em></strong></span> <span class='ocrx_word' id='word_1_119' title='bbox 3182 455 3257 511; x_wconf 87' lang='lat' dir='ltr'><strong><em>ita</em></strong></span> <span class='ocrx_word' id='word_1_120' title='bbox 3281 453 3528 510; x_wconf 76' lang='lat' dir='ltr'><strong><em>fuerunt</em></strong></span> <span class='ocrx_word' id='word_1_121' title='bbox 3559 449 3766 507; x_wconf 84' lang='lat' dir='ltr'><strong><em>omnia</em></strong></span> <span class='ocrx_word' id='word_1_122' title='bbox 3787 449 3934 532; x_wconf 28' lang='lat' dir='ltr'><strong><em>diem.</em></strong></span> 
     </span>
    </p>
   </div>
   <div class='ocr_carea' id='block_1_19' title="bbox 2368 544 3938 624">
    <p class='ocr_par' dir='ltr' id='par_1_19' title="bbox 2368 544 3938 624">
     <span class='ocr_line' id='line_1_19' title="bbox 2368 544 3938 624; baseline -0.003 -20"><span class='ocrx_word' id='word_1_123' title='bbox 2368 550 2493 616; x_wconf 84' lang='lat' dir='ltr'><strong><em>sita,</em></strong></span> <span class='ocrx_word' id='word_1_124' title='bbox 2525 561 2582 604; x_wconf 93' lang='lat' dir='ltr'><strong><em>ut</em></strong></span> <span class='ocrx_word' id='word_1_125' title='bbox 2609 567 2676 605; x_wconf 85' lang='lat' dir='ltr'><strong><em>ex</em></strong></span> <span class='ocrx_word' id='word_1_126' title='bbox 2714 550 2800 606; x_wconf 87' lang='lat' dir='ltr'><strong><em>bis</em></strong></span> <span class='ocrx_word' id='word_1_127' title='bbox 2840 551 3052 605; x_wconf 89' lang='lat' dir='ltr'><strong><em>duobus</em></strong></span> <span class='ocrx_word' id='word_1_128' title='bbox 3090 549 3376 620; x_wconf 79' lang='lat' dir='ltr'><strong><em>separatis,</em></strong></span> <span class='ocrx_word' id='word_1_129' title='bbox 3414 544 3737 615; x_wconf 79' lang='lat' dir='ltr'><strong><em>contiguis</em></strong></span> <span class='ocrx_word' id='word_1_130' title='bbox 3763 552 3897 600; x_wconf 71' lang='lat' dir='ltr'><strong><em>tamen</em></strong></span> 
     </span>
    </p>
   </div>
   <div class='ocr_carea' id='block_1_20' title="bbox 2367 641 3904 712">
    <p class='ocr_par' dir='ltr' id='par_1_20' title="bbox 2367 641 3904 712">
     <span class='ocr_line' id='line_1_20' title="bbox 2367 641 3904 712; baseline 0 -15"><span class='ocrx_word' id='word_1_131' title='bbox 2367 660 2533 698; x_wconf 92' lang='lat' dir='ltr'><strong><em>unum</em></strong></span> <span class='ocrx_word' id='word_1_132' title='bbox 2562 643 2865 698; x_wconf 76' lang='lat' dir='ltr'><strong><em>eﬂiceretur</em></strong></span> <span class='ocrx_word' id='word_1_133' title='bbox 2893 643 3208 708; x_wconf 84' lang='lat' dir='ltr'><strong><em>rotundum,</em></strong></span> <span class='ocrx_word' id='word_1_134' title='bbox 3249 649 3302 697; x_wconf 91' lang='lat' dir='ltr'><strong><em>et</em></strong></span> <span class='ocrx_word' id='word_1_135' title='bbox 3339 642 3558 712; x_wconf 76' lang='lat' dir='ltr'><strong><em>globus</em></strong></span> <span class='ocrx_word' id='word_1_136' title='bbox 3608 655 3760 695; x_wconf 89' lang='lat' dir='ltr'><strong><em>unus</em></strong></span> <span class='ocrx_word' id='word_1_137' title='bbox 3787 641 3904 710; x_wconf 65' lang='lat' dir='ltr'><strong><em>perie-</em></strong></span> 
     </span>
    </p>
   </div>
   <div class='ocr_carea' id='block_1_21' title="bbox 2366 727 3901 804">
    <p class='ocr_par' dir='ltr' id='par_1_21' title="bbox 2366 727 3901 804">
     <span class='ocr_line' id='line_1_21' title="bbox 2366 727 3901 804; baseline -0.002 -16"><span class='ocrx_word' id='word_1_138' title='bbox 2366 735 2666 799; x_wconf 89' lang='lat' dir='ltr'><strong><em>ctissimus,</em></strong></span> <span class='ocrx_word' id='word_1_139' title='bbox 2702 749 2812 789; x_wconf 89' lang='lat' dir='ltr'><strong><em>non</em></strong></span> <span class='ocrx_word' id='word_1_140' title='bbox 2847 733 3175 804; x_wconf 81' lang='lat' dir='ltr'><strong><em>geometrica</em></strong></span> <span class='ocrx_word' id='word_1_141' title='bbox 3203 731 3586 786; x_wconf 89' lang='lat' dir='ltr'><strong><em>rotunditate.</em></strong></span> <span class='ocrx_word' id='word_1_142' title='bbox 3626 727 3789 794; x_wconf 84' lang='lat' dir='ltr'><strong><em>Quod</em></strong></span> <span class='ocrx_word' id='word_1_143' title='bbox 3813 733 3901 785; x_wconf 58' lang='lat' dir='ltr'><strong><em>enix:</em></strong></span> 
     </span>
    </p>
   </div>
   <div class='ocr_carea' id='block_1_22' title="bbox 2366 822 3938 895">
    <p class='ocr_par' dir='ltr' id='par_1_22' title="bbox 2366 822 3938 895">
     <span class='ocr_line' id='line_1_22' title="bbox 2366 822 3938 895; baseline -0.001 -17"><span class='ocrx_word' id='word_1_144' title='bbox 2366 824 2422 878; x_wconf 88' lang='lat' dir='ltr'><strong><em>in</em></strong></span> <span class='ocrx_word' id='word_1_145' title='bbox 2471 826 2627 895; x_wconf 87' lang='lat' dir='ltr'><strong><em>aquis</em></strong></span> <span class='ocrx_word' id='word_1_146' title='bbox 2677 825 3005 886; x_wconf 85' lang='lat' dir='ltr'><strong><em>abundabat,</em></strong></span> <span class='ocrx_word' id='word_1_147' title='bbox 3055 825 3110 878; x_wconf 91' lang='lat' dir='ltr'><strong><em>in</em></strong></span> <span class='ocrx_word' id='word_1_148' title='bbox 3152 823 3398 878; x_wconf 83' lang='lat' dir='ltr'><strong><em>cavernis</em></strong></span> <span class='ocrx_word' id='word_1_149' title='bbox 3441 829 3632 876; x_wconf 60' lang='lat' dir='ltr'><strong><em>terra</em></strong></span> <span class='ocrx_word' id='word_1_150' title='bbox 3680 822 3938 894; x_wconf 55' lang='lat' dir='ltr'><strong><em>occlusum;</em></strong></span> 
     </span>
    </p>
   </div>
   <div class='ocr_carea' id='block_1_23' title="bbox 2364 899 3943 1022">
    <p class='ocr_par' dir='ltr' id='par_1_23' title="bbox 2364 899 3943 1022">
     <span class='ocr_line' id='line_1_23' title="bbox 2364 899 3943 1022; baseline -0.007 -51"><span class='ocrx_word' id='word_1_151' title='bbox 2364 923 2466 981; x_wconf 89' lang='lat' dir='ltr'><strong><em>est,</em></strong></span> <span class='ocrx_word' id='word_1_152' title='bbox 2497 925 2550 971; x_wconf 93' lang='lat' dir='ltr'><strong><em>et</em></strong></span> <span class='ocrx_word' id='word_1_153' title='bbox 2583 917 2637 971; x_wconf 90' lang='lat' dir='ltr'><strong><em>in</em></strong></span> <span class='ocrx_word' id='word_1_154' title='bbox 2667 917 3111 987; x_wconf 81' lang='lat' dir='ltr'><strong><em>profundissimis</em></strong></span> <span class='ocrx_word' id='word_1_155' title='bbox 3152 917 3383 970; x_wconf 80' lang='lat' dir='ltr'><strong><em>vallibus</em></strong></span> <span class='ocrx_word' id='word_1_156' title='bbox 3429 921 3766 983; x_wconf 87' lang='lat' dir='ltr'><strong><em>receptum,</em></strong></span> <span class='ocrx_word' id='word_1_157' title='bbox 3805 919 3896 984; x_wconf 71' lang='lat' dir='ltr'><strong><em>quod</em></strong></span> 
     </span>
    </p>
   </div>
   <div class='ocr_carea' id='block_1_24' title="bbox 2365 1003 3943 1077">
    <p class='ocr_par' dir='ltr' id='par_1_24' title="bbox 2365 1003 3943 1077">
     <span class='ocr_line' id='line_1_24' title="bbox 2365 1003 3943 1077; baseline 0 -19"><span class='ocrx_word' id='word_1_158' title='bbox 2365 1005 2421 1058; x_wconf 90' lang='lat' dir='ltr'><strong><em>in</em></strong></span> <span class='ocrx_word' id='word_1_159' title='bbox 2451 1006 2612 1060; x_wconf 85' lang='lat' dir='ltr'><strong><em>terris</em></strong></span> <span class='ocrx_word' id='word_1_160' title='bbox 2660 1021 2824 1077; x_wconf 82' lang='lat' dir='ltr'><strong><em>super</em></strong></span> <span class='ocrx_word' id='word_1_161' title='bbox 2875 1020 3044 1074; x_wconf 88' lang='lat' dir='ltr'><strong><em>aquas</em></strong></span> <span class='ocrx_word' id='word_1_162' title='bbox 3090 1005 3332 1068; x_wconf 84' lang='lat' dir='ltr'><strong><em>emersit,</em></strong></span> <span class='ocrx_word' id='word_1_163' title='bbox 3383 1004 3444 1058; x_wconf 90' lang='lat' dir='ltr'><strong><em>in</em></strong></span> <span class='ocrx_word' id='word_1_164' title='bbox 3507 1003 3895 1073; x_wconf 68' lang='lat' dir='ltr'><strong><em>impendentium</em></strong></span> <span class='ocrx_word' id='word_1_165' title='bbox 3933 1003 3943 1072; x_wconf 63' lang='lat'><strong><em>‘5</em></strong></span> 
     </span>
    </p>
   </div>
   <div class='ocr_carea' id='block_1_25' title="bbox 2363 1096 3894 1166">
    <p class='ocr_par' dir='ltr' id='par_1_25' title="bbox 2363 1096 3894 1166">
     <span class='ocr_line' id='line_1_25' title="bbox 2363 1096 3894 1166; baseline 0 -16"><span class='ocrx_word' id='word_1_166' title='bbox 2363 1099 2629 1151; x_wconf 84' lang='lat' dir='ltr'><strong><em>montium</em></strong></span> <span class='ocrx_word' id='word_1_167' title='bbox 2677 1097 2994 1151; x_wconf 86' lang='lat' dir='ltr'><strong><em>altitudines</em></strong></span> <span class='ocrx_word' id='word_1_168' title='bbox 3049 1106 3358 1166; x_wconf 90' lang='lat' dir='ltr'><strong><em>porrectum</em></strong></span> <span class='ocrx_word' id='word_1_169' title='bbox 3422 1096 3716 1161; x_wconf 79' lang='lat' dir='ltr'><strong><em>surrexit;</em></strong></span> <span class='ocrx_word' id='word_1_170' title='bbox 3761 1103 3808 1150; x_wconf 89' lang='lat' dir='ltr'><strong><em>et</em></strong></span> <span class='ocrx_word' id='word_1_171' title='bbox 3848 1098 3894 1150; x_wconf 65' lang='lat' dir='ltr'><strong><em>si:</em></strong></span> 
     </span>
    </p>
   </div>
   <div class='ocr_carea' id='block_1_26' title="bbox 2362 1187 3894 1258">
    <p class='ocr_par' dir='ltr' id='par_1_26' title="bbox 2362 1187 3894 1258">
     <span class='ocr_line' id='line_1_26' title="bbox 2362 1187 3894 1258; baseline 0.001 -17"><span class='ocrx_word' id='word_1_172' title='bbox 2362 1187 2641 1256; x_wconf 61' lang='lat' dir='ltr'><strong><em>aequaliter</em></strong></span> <span class='ocrx_word' id='word_1_173' title='bbox 2661 1188 2896 1258; x_wconf 89' lang='lat' dir='ltr'><strong><em>undique</em></strong></span> <span class='ocrx_word' id='word_1_174' title='bbox 2915 1199 3055 1241; x_wconf 89' lang='lat' dir='ltr'><strong><em>terra</em></strong></span> <span class='ocrx_word' id='word_1_175' title='bbox 3090 1194 3143 1241; x_wconf 92' lang='lat' dir='ltr'><strong><em>et</em></strong></span> <span class='ocrx_word' id='word_1_176' title='bbox 3164 1203 3316 1258; x_wconf 69' lang='lat' dir='ltr'><strong><em>aqua:</em></strong></span> <span class='ocrx_word' id='word_1_177' title='bbox 3339 1187 3727 1248; x_wconf 86' lang='lat' dir='ltr'><strong><em>sustinentur,</em></strong></span> <span class='ocrx_word' id='word_1_178' title='bbox 3745 1196 3790 1241; x_wconf 92' lang='lat' dir='ltr'><strong><em>et</em></strong></span> <span class='ocrx_word' id='word_1_179' title='bbox 3814 1202 3894 1242; x_wconf 80' lang='lat' dir='ltr'><strong><em>sus-</em></strong></span> 
     </span>
    </p>
   </div>
   <div class='ocr_carea' id='block_1_27' title="bbox 2302 1278 3892 1349">
    <p class='ocr_par' dir='ltr' id='par_1_27' title="bbox 2302 1278 3892 1349">
     <span class='ocr_line' id='line_1_27' title="bbox 2302 1278 3892 1349; baseline 0.001 -18"><span class='ocrx_word' id='word_1_180' title='bbox 2302 1295 2306 1300; x_wconf 80' lang='lat'>&#39;</span> <span class='ocrx_word' id='word_1_181' title='bbox 2362 1281 2558 1342; x_wconf 87' lang='lat' dir='ltr'><strong><em>tinent,</em></strong></span> <span class='ocrx_word' id='word_1_182' title='bbox 2606 1287 2781 1349; x_wconf 83' lang='lat' dir='ltr'><strong><em>neque</em></strong></span> <span class='ocrx_word' id='word_1_183' title='bbox 2833 1279 3170 1334; x_wconf 76' lang='lat' dir='ltr'><strong><em>exceduntur</em></strong></span> <span class='ocrx_word' id='word_1_184' title='bbox 3213 1295 3392 1349; x_wconf 89' lang='lat' dir='ltr'><strong><em>neque</em></strong></span> <span class='ocrx_word' id='word_1_185' title='bbox 3439 1279 3744 1334; x_wconf 79' lang='lat' dir='ltr'><strong><em>excedunt.</em></strong></span> <span class='ocrx_word' id='word_1_186' title='bbox 3789 1278 3892 1333; x_wconf 62' lang='lat' dir='ltr'><strong><em>Fieri</em></strong></span> 
     </span>
    </p>
   </div>
   <div class='ocr_carea' id='block_1_28' title="bbox 2361 1371 3889 1443">
    <p class='ocr_par' dir='ltr' id='par_1_28' title="bbox 2361 1371 3889 1443">
     <span class='ocr_line' id='line_1_28' title="bbox 2361 1371 3889 1443; baseline 0.003 -20"><span class='ocrx_word' id='word_1_187' title='bbox 2361 1379 2543 1425; x_wconf 89' lang='lat' dir='ltr'><strong><em>tamen</em></strong></span> <span class='ocrx_word' id='word_1_188' title='bbox 2589 1379 2788 1440; x_wconf 85' lang='lat' dir='ltr'><strong><em>potest,</em></strong></span> <span class='ocrx_word' id='word_1_189' title='bbox 2834 1379 2893 1424; x_wconf 94' lang='lat' dir='ltr'><strong><em>ut</em></strong></span> <span class='ocrx_word' id='word_1_190' title='bbox 2944 1371 3403 1441; x_wconf 88' lang='lat' dir='ltr'><strong><em>quemadmodum</em></strong></span> <span class='ocrx_word' id='word_1_191' title='bbox 3459 1387 3580 1426; x_wconf 88' lang='lat' dir='ltr'><strong><em>una</em></strong></span> <span class='ocrx_word' id='word_1_192' title='bbox 3619 1388 3743 1443; x_wconf 88' lang='lat' dir='ltr'><strong><em>pars</em></strong></span> <span class='ocrx_word' id='word_1_193' title='bbox 3771 1380 3889 1428; x_wconf 72' lang='lat' dir='ltr'><strong><em>terra</em></strong></span> 
     </span>
    </p>
   </div>
   <div class='ocr_carea' id='block_1_29' title="bbox 2361 1463 3884 1532">
    <p class='ocr_par' dir='ltr' id='par_1_29' title="bbox 2361 1463 3884 1532">
     <span class='ocr_line' id='line_1_29' title="bbox 2361 1463 3884 1532; baseline 0.003 -17"><span class='ocrx_word' id='word_1_194' title='bbox 2361 1463 2466 1516; x_wconf 84' lang='lat' dir='ltr'><strong><em>alia</em></strong></span> <span class='ocrx_word' id='word_1_195' title='bbox 2489 1463 2816 1517; x_wconf 87' lang='lat' dir='ltr'><strong><em>eminentior</em></strong></span> <span class='ocrx_word' id='word_1_196' title='bbox 2847 1471 2953 1528; x_wconf 88' lang='lat' dir='ltr'><strong><em>est,</em></strong></span> <span class='ocrx_word' id='word_1_197' title='bbox 2975 1464 3079 1517; x_wconf 85' lang='lat' dir='ltr'><strong><em>alia</em></strong></span> <span class='ocrx_word' id='word_1_198' title='bbox 3111 1463 3212 1516; x_wconf 88' lang='lat' dir='ltr'><strong><em>alia</em></strong></span> <span class='ocrx_word' id='word_1_199' title='bbox 3238 1463 3586 1532; x_wconf 88' lang='lat' dir='ltr'><strong><em>depressior,</em></strong></span> <span class='ocrx_word' id='word_1_200' title='bbox 3618 1481 3715 1519; x_wconf 85' lang='lat' dir='ltr'><strong><em>nec</em></strong></span> <span class='ocrx_word' id='word_1_201' title='bbox 3746 1477 3884 1520; x_wconf 83' lang='lat' dir='ltr'><strong><em>tamen</em></strong></span> 
     </span>
    </p>
   </div>
   <div class='ocr_carea' id='block_1_30' title="bbox 2362 1554 3878 1626">
    <p class='ocr_par' dir='ltr' id='par_1_30' title="bbox 2362 1554 3878 1626">
     <span class='ocr_line' id='line_1_30' title="bbox 2362 1554 3878 1626; baseline 0.003 -20"><span class='ocrx_word' id='word_1_202' title='bbox 2362 1562 2559 1609; x_wconf 86' lang='lat' dir='ltr'><strong><em>terram</em></strong></span> <span class='ocrx_word' id='word_1_203' title='bbox 2581 1569 2704 1609; x_wconf 90' lang='lat' dir='ltr'><strong><em>esse</em></strong></span> <span class='ocrx_word' id='word_1_204' title='bbox 2730 1557 3018 1609; x_wconf 87' lang='lat' dir='ltr'><strong><em>rotundam</em></strong></span> <span class='ocrx_word' id='word_1_205' title='bbox 3044 1554 3387 1624; x_wconf 79' lang='lat' dir='ltr'><strong><em>negabimus,</em></strong></span> <span class='ocrx_word' id='word_1_206' title='bbox 3421 1555 3508 1609; x_wconf 90' lang='lat' dir='ltr'><strong><em>sic</em></strong></span> <span class='ocrx_word' id='word_1_207' title='bbox 3540 1563 3596 1608; x_wconf 88' lang='lat' dir='ltr'><strong><em>et</em></strong></span> <span class='ocrx_word' id='word_1_208' title='bbox 3628 1570 3726 1608; x_wconf 89' lang='lat' dir='ltr'><strong><em>una</em></strong></span> <span class='ocrx_word' id='word_1_209' title='bbox 3750 1556 3878 1626; x_wconf 71' lang='lat' dir='ltr'><strong><em>regio,</em></strong></span> 
     </span>
    </p>
   </div>
   <div class='ocr_carea' id='block_1_31' title="bbox 2359 1645 3876 1717">
    <p class='ocr_par' dir='ltr' id='par_1_31' title="bbox 2359 1645 3876 1717">
     <span class='ocr_line' id='line_1_31' title="bbox 2359 1645 3876 1717; baseline 0 -16"><span class='ocrx_word' id='word_1_210' title='bbox 2359 1654 2411 1701; x_wconf 90' lang='lat' dir='ltr'><strong><em>et</em></strong></span> <span class='ocrx_word' id='word_1_211' title='bbox 2445 1647 2596 1702; x_wconf 88' lang='lat' dir='ltr'><strong><em>locus</em></strong></span> <span class='ocrx_word' id='word_1_212' title='bbox 2634 1648 2705 1702; x_wconf 86' lang='lat' dir='ltr'><strong><em>sit</em></strong></span> <span class='ocrx_word' id='word_1_213' title='bbox 2738 1649 2857 1717; x_wconf 89' lang='lat' dir='ltr'><strong><em>ipso</em></strong></span> <span class='ocrx_word' id='word_1_214' title='bbox 2902 1661 3052 1702; x_wconf 88' lang='lat' dir='ltr'><strong><em>mare</em></strong></span> <span class='ocrx_word' id='word_1_215' title='bbox 3101 1645 3390 1708; x_wconf 82' lang='lat' dir='ltr'><strong><em>humilior,</em></strong></span> <span class='ocrx_word' id='word_1_216' title='bbox 3442 1647 3523 1700; x_wconf 89' lang='lat' dir='ltr'><strong><em>ita</em></strong></span> <span class='ocrx_word' id='word_1_217' title='bbox 3566 1655 3623 1701; x_wconf 92' lang='lat' dir='ltr'><strong><em>ut</em></strong></span> <span class='ocrx_word' id='word_1_218' title='bbox 3653 1648 3703 1701; x_wconf 86' lang='lat' dir='ltr'><strong><em>si</em></strong></span> <span class='ocrx_word' id='word_1_219' title='bbox 3733 1648 3876 1701; x_wconf 81' lang='lat' dir='ltr'><strong><em>aditus</em></strong></span> 
     </span>
    </p>
   </div>
   <div class='ocr_carea' id='block_1_32' title="bbox 2359 1740 3943 1816">
    <p class='ocr_par' dir='ltr' id='par_1_32' title="bbox 2359 1740 3943 1816">
     <span class='ocr_line' id='line_1_32' title="bbox 2359 1740 3943 1816; baseline 0.001 -23"><span class='ocrx_word' id='word_1_220' title='bbox 2359 1748 2566 1811; x_wconf 88' lang='lat' dir='ltr'><strong><em>pateret</em></strong></span> <span class='ocrx_word' id='word_1_221' title='bbox 2604 1741 2760 1811; x_wconf 88' lang='lat' dir='ltr'><strong><em>aquis</em></strong></span> <span class='ocrx_word' id='word_1_222' title='bbox 2795 1741 3258 1816; x_wconf 74' lang='lat' dir='ltr'><strong><em>submergeretur,</em></strong></span> <span class='ocrx_word' id='word_1_223' title='bbox 3292 1740 3468 1793; x_wconf 87' lang='lat' dir='ltr'><strong><em>altera</em></strong></span> <span class='ocrx_word' id='word_1_224' title='bbox 3511 1740 3669 1792; x_wconf 89' lang='lat' dir='ltr'><strong><em>altior</em></strong></span> <span class='ocrx_word' id='word_1_225' title='bbox 3691 1747 3741 1793; x_wconf 83' lang='lat' dir='ltr'><strong><em>et</em></strong></span> <span class='ocrx_word' id='word_1_226' title='bbox 3767 1742 3874 1794; x_wconf 81' lang='lat' dir='ltr'><strong><em>emi-</em></strong></span> <span class='ocrx_word' id='word_1_227' title='bbox 3942 1801 3943 1808; x_wconf 15' lang='grc' dir='ltr'><strong><em>γ</em></strong></span> 
     </span>
    </p>
   </div>
   <div class='ocr_carea' id='block_1_33' title="bbox 695 1823 3869 1904">
    <p class='ocr_par' dir='ltr' id='par_1_33' title="bbox 695 1823 3869 1904">
     <span class='ocr_line' id='line_1_33' title="bbox 695 1823 3869 1904; baseline -0 -17"><span class='ocrx_word' id='word_1_228' title='bbox 695 1832 1013 1898; x_wconf 85' lang='lat' dir='ltr'><strong><em>solvebatur,</em></strong></span> <span class='ocrx_word' id='word_1_229' title='bbox 1048 1834 1192 1887; x_wconf 90' lang='lat' dir='ltr'><strong><em>ultra</em></strong></span> <span class='ocrx_word' id='word_1_230' title='bbox 1219 1835 1488 1904; x_wconf 86' lang='lat' dir='ltr'><strong><em>proprium</em></strong></span> <span class='ocrx_word' id='word_1_231' title='bbox 1524 1838 1691 1888; x_wconf 91' lang='lat' dir='ltr'><strong><em>locum</em></strong></span> <span class='ocrx_word' id='word_1_232' title='bbox 1717 1853 1821 1890; x_wconf 89' lang='lat' dir='ltr'><strong><em>non</em></strong></span> <span class='ocrx_word' id='word_1_233' title='bbox 1850 1839 2150 1898; x_wconf 86' lang='lat' dir='ltr'><strong><em>concedens,</em></strong></span> <span class='ocrx_word' id='word_1_234' title='bbox 2176 1836 2259 1888; x_wconf 92' lang='lat' dir='ltr'><strong><em>di-</em></strong></span> <span class='ocrx_word' id='word_1_235' title='bbox 2285 1823 2328 1879; x_wconf 84' lang='grc' dir='ltr'><strong>Β</strong></span> <span class='ocrx_word' id='word_1_236' title='bbox 2356 1833 2606 1899; x_wconf 65' lang='lat' dir='ltr'><strong><em>mentior;</em></strong></span> <span class='ocrx_word' id='word_1_237' title='bbox 2661 1831 3116 1902; x_wconf 87' lang='lat' dir='ltr'><strong><em>quemadmodum</em></strong></span> <span class='ocrx_word' id='word_1_238' title='bbox 3172 1829 3484 1886; x_wconf 85' lang='lat' dir='ltr'><strong><em>Aristoteles</em></strong></span> <span class='ocrx_word' id='word_1_239' title='bbox 3543 1831 3608 1885; x_wconf 86' lang='lat' dir='ltr'><strong><em>de</em></strong></span> <span class='ocrx_word' id='word_1_240' title='bbox 3673 1832 3869 1902; x_wconf 81' lang='lat' dir='ltr'><strong><em>regione</em></strong></span> 
     </span>
    </p>
   </div>
   <div class='ocr_carea' id='block_1_34' title="bbox 696 1924 2254 1998">
    <p class='ocr_par' dir='ltr' id='par_1_34' title="bbox 696 1924 2254 1998">
     <span class='ocr_line' id='line_1_34' title="bbox 696 1924 2254 1998; baseline 0.003 -20"><span class='ocrx_word' id='word_1_241' title='bbox 696 1925 815 1978; x_wconf 75' lang='lat' dir='ltr'><strong><em>uino</em></strong></span> <span class='ocrx_word' id='word_1_242' title='bbox 859 1924 1106 1995; x_wconf 88' lang='lat' dir='ltr'><strong><em>quodam,</em></strong></span> <span class='ocrx_word' id='word_1_243' title='bbox 1157 1935 1215 1980; x_wconf 94' lang='lat' dir='ltr'><strong><em>ut</em></strong></span> <span class='ocrx_word' id='word_1_244' title='bbox 1259 1929 1562 1981; x_wconf 89' lang='lat' dir='ltr'><strong><em>summatim</em></strong></span> <span class='ocrx_word' id='word_1_245' title='bbox 1591 1928 1786 1992; x_wconf 87' lang='lat' dir='ltr'><strong><em>dicam,</em></strong></span> <span class='ocrx_word' id='word_1_246' title='bbox 1814 1929 1970 1998; x_wconf 87' lang='lat' dir='ltr'><strong><em>jussu</em></strong></span> <span class='ocrx_word' id='word_1_247' title='bbox 2004 1929 2254 1998; x_wconf 86' lang='lat' dir='ltr'><strong><em>perterri-</em></strong></span> 
     </span>
    </p>
   </div>
   <div class='ocr_carea' id='block_1_35' title="bbox 691 2016 2256 2091">
    <p class='ocr_par' dir='ltr' id='par_1_35' title="bbox 691 2016 2256 2091">
     <span class='ocr_line' id='line_1_35' title="bbox 691 2016 2256 2091; baseline 0.002 -19"><span class='ocrx_word' id='word_1_248' title='bbox 691 2023 826 2072; x_wconf 71' lang='lat' dir='ltr'><strong><em>tum.</em></strong></span> <span class='ocrx_word' id='word_1_249' title='bbox 875 2016 945 2070; x_wconf 90' lang='lat' dir='ltr'><strong><em>Et</em></strong></span> <span class='ocrx_word' id='word_1_250' title='bbox 973 2018 1410 2088; x_wconf 85' lang='lat' dir='ltr'><strong><em>quemadmodum</em></strong></span> <span class='ocrx_word' id='word_1_251' title='bbox 1447 2021 1638 2088; x_wconf 78' lang='lat' dir='ltr'><strong><em>swpius</em></strong></span> <span class='ocrx_word' id='word_1_252' title='bbox 1671 2037 1848 2075; x_wconf 87' lang='lat' dir='ltr'><strong><em>servus</em></strong></span> <span class='ocrx_word' id='word_1_253' title='bbox 1890 2021 2172 2091; x_wconf 80' lang='lat' dir='ltr'><strong><em>quispiam,</em></strong></span> <span class='ocrx_word' id='word_1_254' title='bbox 2207 2020 2256 2075; x_wconf 87' lang='lat' dir='ltr'><strong><em>si</em></strong></span> 
     </span>
    </p>
   </div>
   <div class='ocr_carea' id='block_1_36' title="bbox 696 2110 2257 2183">
    <p class='ocr_par' dir='ltr' id='par_1_36' title="bbox 696 2110 2257 2183">
     <span class='ocr_line' id='line_1_36' title="bbox 696 2110 2257 2183; baseline 0.002 -20"><span class='ocrx_word' id='word_1_255' title='bbox 696 2110 892 2164; x_wconf 87' lang='lat' dir='ltr'><strong><em>invitus</em></strong></span> <span class='ocrx_word' id='word_1_256' title='bbox 927 2126 960 2162; x_wconf 93' lang='lat' dir='ltr'><strong><em>a</em></strong></span> <span class='ocrx_word' id='word_1_257' title='bbox 997 2111 1209 2165; x_wconf 89' lang='lat' dir='ltr'><strong><em>domino</em></strong></span> <span class='ocrx_word' id='word_1_258' title='bbox 1236 2111 1304 2164; x_wconf 92' lang='lat' dir='ltr'><strong><em>ad</em></strong></span> <span class='ocrx_word' id='word_1_259' title='bbox 1332 2128 1460 2181; x_wconf 89' lang='lat' dir='ltr'><strong><em>opus</em></strong></span> <span class='ocrx_word' id='word_1_260' title='bbox 1493 2113 1856 2181; x_wconf 88' lang='lat' dir='ltr'><strong><em>compellatur,</em></strong></span> <span class='ocrx_word' id='word_1_261' title='bbox 1882 2114 2096 2182; x_wconf 90' lang='lat' dir='ltr'><strong><em>imperio</em></strong></span> <span class='ocrx_word' id='word_1_262' title='bbox 2125 2113 2257 2183; x_wconf 88' lang='lat' dir='ltr'><strong><em>qui-</em></strong></span> 
     </span>
    </p>
   </div>
   <div class='ocr_carea' id='block_1_37' title="bbox 690 2202 2251 2277">
    <p class='ocr_par' dir='ltr' id='par_1_37' title="bbox 690 2202 2251 2277">
     <span class='ocr_line' id='line_1_37' title="bbox 690 2202 2251 2277; baseline 0.003 -21"><span class='ocrx_word' id='word_1_263' title='bbox 690 2202 808 2257; x_wconf 91' lang='lat' dir='ltr'><strong><em>dem</em></strong></span> <span class='ocrx_word' id='word_1_264' title='bbox 829 2203 1014 2258; x_wconf 89' lang='lat' dir='ltr'><strong><em>timore</em></strong></span> <span class='ocrx_word' id='word_1_265' title='bbox 1035 2203 1222 2258; x_wconf 89' lang='lat' dir='ltr'><strong><em>ductus</em></strong></span> <span class='ocrx_word' id='word_1_266' title='bbox 1258 2205 1428 2271; x_wconf 90' lang='lat' dir='ltr'><strong><em>audit,</em></strong></span> <span class='ocrx_word' id='word_1_267' title='bbox 1466 2215 1520 2259; x_wconf 90' lang='lat' dir='ltr'><strong><em>at</em></strong></span> <span class='ocrx_word' id='word_1_268' title='bbox 1553 2207 1689 2277; x_wconf 88' lang='lat' dir='ltr'><strong><em>quod</em></strong></span> <span class='ocrx_word' id='word_1_269' title='bbox 1720 2205 1881 2270; x_wconf 87' lang='lat' dir='ltr'><strong><em>subit,</em></strong></span> <span class='ocrx_word' id='word_1_270' title='bbox 1919 2223 2037 2259; x_wconf 93' lang='lat' dir='ltr'><strong><em>cum</em></strong></span> <span class='ocrx_word' id='word_1_271' title='bbox 2071 2206 2251 2260; x_wconf 87' lang='lat' dir='ltr'><strong><em>nolens</em></strong></span> 
     </span>
    </p>
   </div>
   <div class='ocr_carea' id='block_1_38' title="bbox 691 2293 2257 2367">
    <p class='ocr_par' dir='ltr' id='par_1_38' title="bbox 691 2293 2257 2367">
     <span class='ocr_line' id='line_1_38' title="bbox 691 2293 2257 2367; baseline 0.002 -21"><span class='ocrx_word' id='word_1_272' title='bbox 691 2303 836 2362; x_wconf 90' lang='lat' dir='ltr'><strong><em>agat,</em></strong></span> <span class='ocrx_word' id='word_1_273' title='bbox 872 2293 1051 2362; x_wconf 92' lang='lat' dir='ltr'><strong><em>palam</em></strong></span> <span class='ocrx_word' id='word_1_274' title='bbox 1079 2295 1233 2364; x_wconf 77' lang='lat' dir='ltr'><strong><em>e/fari</em></strong></span> <span class='ocrx_word' id='word_1_275' title='bbox 1264 2311 1367 2348; x_wconf 87' lang='lat' dir='ltr'><strong><em>non</em></strong></span> <span class='ocrx_word' id='word_1_276' title='bbox 1403 2311 1564 2350; x_wconf 86' lang='lat' dir='ltr'><strong><em>ausus</em></strong></span> <span class='ocrx_word' id='word_1_277' title='bbox 1595 2296 1688 2349; x_wconf 92' lang='lat' dir='ltr'><strong><em>sub</em></strong></span> <span class='ocrx_word' id='word_1_278' title='bbox 1723 2297 1903 2367; x_wconf 87' lang='lat' dir='ltr'><strong><em>lingua</em></strong></span> <span class='ocrx_word' id='word_1_279' title='bbox 1931 2297 2257 2349; x_wconf 84' lang='lat' dir='ltr'><strong><em>immurmu—</em></strong></span> 
     </span>
    </p>
   </div>
   <div class='ocr_carea' id='block_1_39' title="bbox 691 2384 2253 2455">
    <p class='ocr_par' dir='ltr' id='par_1_39' title="bbox 691 2384 2253 2455">
     <span class='ocr_line' id='line_1_39' title="bbox 691 2384 2253 2455; baseline 0.002 -17"><span class='ocrx_word' id='word_1_280' title='bbox 691 2393 801 2449; x_wconf 88' lang='lat' dir='ltr'><strong><em>rat,</em></strong></span> <span class='ocrx_word' id='word_1_281' title='bbox 842 2385 1120 2438; x_wconf 90' lang='lat' dir='ltr'><strong><em>iracundia</em></strong></span> <span class='ocrx_word' id='word_1_282' title='bbox 1161 2384 1460 2440; x_wconf 74' lang='lat' dir='ltr'><strong><em>exardens:</em></strong></span> <span class='ocrx_word' id='word_1_283' title='bbox 1506 2388 1580 2440; x_wconf 87' lang='lat' dir='ltr'><strong><em>sic</em></strong></span> <span class='ocrx_word' id='word_1_284' title='bbox 1620 2386 1746 2439; x_wconf 86' lang='lat' dir='ltr'><strong><em>mihi</em></strong></span> <span class='ocrx_word' id='word_1_285' title='bbox 1784 2385 2166 2455; x_wconf 86' lang='lat' dir='ltr'><strong><em>quodammodo</em></strong></span> <span class='ocrx_word' id='word_1_286' title='bbox 2201 2393 2253 2443; x_wconf 87' lang='lat' dir='ltr'><strong><em>et</em></strong></span> 
     </span>
    </p>
   </div>
   <div class='ocr_carea' id='block_1_40' title="bbox 693 2474 2253 2546">
    <p class='ocr_par' dir='ltr' id='par_1_40' title="bbox 693 2474 2253 2546">
     <span class='ocr_line' id='line_1_40' title="bbox 693 2474 2253 2546; baseline 0.003 -17"><span class='ocrx_word' id='word_1_287' title='bbox 693 2491 838 2529; x_wconf 88' lang='lat' dir='ltr'><strong><em>mare</em></strong></span> <span class='ocrx_word' id='word_1_288' title='bbox 865 2474 1172 2540; x_wconf 85' lang='lat' dir='ltr'><strong><em>videbatur;</em></strong></span> <span class='ocrx_word' id='word_1_289' title='bbox 1204 2477 1304 2531; x_wconf 87' lang='lat' dir='ltr'><strong><em>etsi</em></strong></span> <span class='ocrx_word' id='word_1_290' title='bbox 1332 2477 1469 2531; x_wconf 87' lang='lat' dir='ltr'><strong><em>enim</em></strong></span> <span class='ocrx_word' id='word_1_291' title='bbox 1515 2478 1596 2530; x_wconf 89' lang='lat' dir='ltr'><strong><em>ira</em></strong></span> <span class='ocrx_word' id='word_1_292' title='bbox 1636 2477 1966 2546; x_wconf 74' lang='lat' dir='ltr'><strong><em>eﬂ&#39;erbuerat,</em></strong></span> <span class='ocrx_word' id='word_1_293' title='bbox 2001 2479 2056 2532; x_wconf 91' lang='lat' dir='ltr'><strong><em>in</em></strong></span> <span class='ocrx_word' id='word_1_294' title='bbox 2093 2486 2253 2533; x_wconf 87' lang='lat' dir='ltr'><strong><em>semet</em></strong></span> 
     </span>
    </p>
   </div>
   <div class='ocr_carea' id='block_1_41' title="bbox 692 2567 2250 2638">
    <p class='ocr_par' dir='ltr' id='par_1_41' title="bbox 692 2567 2250 2638">
     <span class='ocr_line' id='line_1_41' title="bbox 692 2567 2250 2638; baseline 0.003 -17"><span class='ocrx_word' id='word_1_295' title='bbox 692 2569 831 2621; x_wconf 82' lang='lat' dir='ltr'><strong><em>iram</em></strong></span> <span class='ocrx_word' id='word_1_296' title='bbox 893 2569 1192 2622; x_wconf 90' lang='lat' dir='ltr'><strong><em>continebat</em></strong></span> <span class='ocrx_word' id='word_1_297' title='bbox 1232 2567 1332 2622; x_wconf 88' lang='lat' dir='ltr'><strong><em>sibi</em></strong></span> <span class='ocrx_word' id='word_1_298' title='bbox 1386 2569 1559 2638; x_wconf 85' lang='lat' dir='ltr'><strong><em>frenos</em></strong></span> <span class='ocrx_word' id='word_1_299' title='bbox 1603 2569 1862 2636; x_wconf 79' lang='lat' dir='ltr'><strong><em>iniiciens,</em></strong></span> <span class='ocrx_word' id='word_1_300' title='bbox 1919 2579 1970 2623; x_wconf 89' lang='lat' dir='ltr'><strong><em>et</em></strong></span> <span class='ocrx_word' id='word_1_301' title='bbox 2021 2569 2250 2638; x_wconf 81' lang='lat' dir='ltr'><strong><em>furorem</em></strong></span> 
     </span>
    </p>
   </div>
   <div class='ocr_carea' id='block_1_42' title="bbox 689 2657 2249 2730">
    <p class='ocr_par' dir='ltr' id='par_1_42' title="bbox 689 2657 2249 2730">
     <span class='ocr_line' id='line_1_42' title="bbox 689 2657 2249 2730; baseline 0.001 -17"><span class='ocrx_word' id='word_1_302' title='bbox 689 2674 845 2713; x_wconf 84' lang='lat' dir='ltr'><strong><em>suum</em></strong></span> <span class='ocrx_word' id='word_1_303' title='bbox 885 2657 1109 2712; x_wconf 88' lang='lat' dir='ltr'><strong><em>Domino</em></strong></span> <span class='ocrx_word' id='word_1_304' title='bbox 1159 2659 1498 2728; x_wconf 84' lang='lat' dir='ltr'><strong><em>manifestare</em></strong></span> <span class='ocrx_word' id='word_1_305' title='bbox 1552 2671 1750 2715; x_wconf 82' lang='lat' dir='ltr'><strong><em>nolens.</em></strong></span> <span class='ocrx_word' id='word_1_306' title='bbox 1813 2657 2040 2730; x_wconf 83' lang='lat' dir='ltr'><strong><em>Reliqua</em></strong></span> <span class='ocrx_word' id='word_1_307' title='bbox 2087 2659 2249 2728; x_wconf 86' lang='lat' dir='ltr'><strong><em>hujus</em></strong></span> 
     </span>
    </p>
   </div>
   <div class='ocr_carea' id='block_1_43' title="bbox 691 2749 2250 2808">
    <p class='ocr_par' dir='ltr' id='par_1_43' title="bbox 691 2749 2250 2808">
     <span class='ocr_line' id='line_1_43' title="bbox 691 2749 2250 2808; baseline 0.003 -5"><span class='ocrx_word' id='word_1_308' title='bbox 691 2749 955 2805; x_wconf 86' lang='lat' dir='ltr'><strong><em>orationis</em></strong></span> <span class='ocrx_word' id='word_1_309' title='bbox 1013 2749 1199 2804; x_wconf 69' lang='lat' dir='ltr'><strong><em>Graeca</em></strong></span> <span class='ocrx_word' id='word_1_310' title='bbox 1258 2758 1312 2805; x_wconf 90' lang='lat' dir='ltr'><strong><em>et</em></strong></span> <span class='ocrx_word' id='word_1_311' title='bbox 1372 2749 1563 2804; x_wconf 86' lang='lat' dir='ltr'><strong><em>Latina</em></strong></span> <span class='ocrx_word' id='word_1_312' title='bbox 1623 2766 1744 2805; x_wconf 92' lang='lat' dir='ltr'><strong><em>cum</em></strong></span> <span class='ocrx_word' id='word_1_313' title='bbox 1807 2759 1996 2806; x_wconf 87' lang='lat' dir='ltr'><strong><em>nostro</em></strong></span> <span class='ocrx_word' id='word_1_314' title='bbox 2045 2750 2250 2808; x_wconf 79' lang='lat' dir='ltr'><strong><em>Metho-</em></strong></span> 
     </span>
    </p>
   </div>
   <div class='ocr_carea' id='block_1_44' title="bbox 692 2839 2250 2912">
    <p class='ocr_par' dir='ltr' id='par_1_44' title="bbox 692 2839 2250 2912">
     <span class='ocr_line' id='line_1_44' title="bbox 692 2839 2250 2912; baseline 0.003 -20"><span class='ocrx_word' id='word_1_315' title='bbox 692 2840 782 2894; x_wconf 86' lang='lat' dir='ltr'><strong><em>dio</em></strong></span> <span class='ocrx_word' id='word_1_316' title='bbox 829 2841 990 2896; x_wconf 83' lang='lat' dir='ltr'><strong><em>dabo.</em></strong></span> <span class='ocrx_word' id='word_1_317' title='bbox 1047 2839 1181 2896; x_wconf 81' lang='lat' dir='ltr'><strong><em>Vide</em></strong></span> <span class='ocrx_word' id='word_1_318' title='bbox 1232 2849 1493 2912; x_wconf 70' lang='lat' dir='ltr'><strong><em>praeterea</em></strong></span> <span class='ocrx_word' id='word_1_319' title='bbox 1547 2841 1837 2911; x_wconf 83' lang='lat' dir='ltr'><strong><em>Georgium</em></strong></span> <span class='ocrx_word' id='word_1_320' title='bbox 1888 2841 2121 2898; x_wconf 90' lang='lat' dir='ltr'><strong><em>Pisidcm</em></strong></span> <span class='ocrx_word' id='word_1_321' title='bbox 2173 2843 2250 2897; x_wconf 88' lang='lat' dir='ltr'><strong><em>De</em></strong></span> 
     </span>
    </p>
   </div>
   <div class='ocr_carea' id='block_1_45' title="bbox 693 2932 2248 3007">
    <p class='ocr_par' dir='ltr' id='par_1_45' title="bbox 693 2932 2248 3007">
     <span class='ocr_line' id='line_1_45' title="bbox 693 2932 2248 3007; baseline 0.003 -21"><span class='ocrx_word' id='word_1_322' title='bbox 693 2932 876 2986; x_wconf 87' lang='lat' dir='ltr'><strong><em>mundi</em></strong></span> <span class='ocrx_word' id='word_1_323' title='bbox 923 2934 1152 3003; x_wconf 83' lang='lat' dir='ltr'><strong><em>opiﬁcio,</em></strong></span> <span class='ocrx_word' id='word_1_324' title='bbox 1199 2941 1253 2988; x_wconf 84' lang='lat' dir='ltr'><strong><em>et</em></strong></span> <span class='ocrx_word' id='word_1_325' title='bbox 1296 2933 1558 2988; x_wconf 89' lang='lat' dir='ltr'><strong><em>Joannem</em></strong></span> <span class='ocrx_word' id='word_1_326' title='bbox 1601 2933 2050 3005; x_wconf 84' lang='lat' dir='ltr'><strong><em>Cbrysostomum</em></strong></span> <span class='ocrx_word' id='word_1_327' title='bbox 2084 2951 2248 3007; x_wconf 87' lang='lat' dir='ltr'><strong><em>super</em></strong></span> 
     </span>
    </p>
   </div>
   <div class='ocr_carea' id='block_1_46' title="bbox 689 3015 2246 3092">
    <p class='ocr_par' dir='ltr' id='par_1_46' title="bbox 689 3015 2246 3092">
     <span class='ocr_line' id='line_1_46' title="bbox 689 3015 2246 3092; baseline 0 -16"><span class='ocrx_word' id='word_1_328' title='bbox 689 3022 827 3077; x_wconf 88' lang='lat' dir='ltr'><strong><em>illud</em></strong></span> <span class='ocrx_word' id='word_1_329' title='bbox 870 3021 1110 3078; x_wconf 85' lang='lat' dir='ltr'><strong><em>Hierem.</em></strong></span> <span class='ocrx_word' id='word_1_330' title='bbox 1144 3037 1266 3092; x_wconf 81' lang='lat' dir='ltr'><strong><em>cap.</em></strong></span> <span class='ocrx_word' id='word_1_331' title='bbox 1317 3038 1371 3087; x_wconf 93' lang='lat' dir='ltr'><strong><em>v,</em></strong></span> <span class='ocrx_word' id='word_1_332' title='bbox 1403 3038 1544 3078; x_wconf 85' lang='lat' dir='ltr'><strong><em>vers.</em></strong></span> <span class='ocrx_word' id='word_1_333' title='bbox 1585 3022 1673 3086; x_wconf 72' lang='lat'><strong><em>22,</em></strong></span> <span class='ocrx_word' id='word_1_334' title='bbox 1703 3022 1807 3090; x_wconf 82' lang='lat' dir='ltr'><strong><em>Qui</em></strong></span> <span class='ocrx_word' id='word_1_335' title='bbox 1842 3015 2246 3091; x_wconf 28' lang='lat' dir='ltr'><strong><em>posui‘arenam</em></strong></span> 
     </span>
    </p>
   </div>
   <div class='ocr_carea' id='block_1_47' title="bbox 2354 1923 3862 1995">
    <p class='ocr_par' dir='ltr' id='par_1_47' title="bbox 2354 1923 3862 1995">
     <span class='ocr_line' id='line_1_47' title="bbox 2354 1923 3862 1995; baseline -0.001 -15"><span class='ocrx_word' id='word_1_336' title='bbox 2354 1924 2734 1995; x_wconf 66' lang='lat' dir='ltr'><strong><em>Egyptiorum</em></strong></span> <span class='ocrx_word' id='word_1_337' title='bbox 2789 1931 2842 1978; x_wconf 90' lang='lat' dir='ltr'><strong><em>et</em></strong></span> <span class='ocrx_word' id='word_1_338' title='bbox 2867 1939 3016 1979; x_wconf 91' lang='lat' dir='ltr'><strong><em>mare</em></strong></span> <span class='ocrx_word' id='word_1_339' title='bbox 3042 1923 3230 1978; x_wconf 80' lang='lat' dir='ltr'><strong><em>Rubro</em></strong></span> <span class='ocrx_word' id='word_1_340' title='bbox 3260 1930 3491 1992; x_wconf 89' lang='lat' dir='ltr'><strong><em>tanquam</em></strong></span> <span class='ocrx_word' id='word_1_341' title='bbox 3514 1925 3862 1978; x_wconf 76' lang='lat' dir='ltr'><strong><em>certissimum</em></strong></span> 
     </span>
    </p>
   </div>
   <div class='ocr_carea' id='block_1_48' title="bbox 2355 2016 3854 2089">
    <p class='ocr_par' dir='ltr' id='par_1_48' title="bbox 2355 2016 3854 2089">
     <span class='ocr_line' id='line_1_48' title="bbox 2355 2016 3854 2089; baseline -0.002 -17"><span class='ocrx_word' id='word_1_342' title='bbox 2355 2025 2507 2072; x_wconf 89' lang='lat' dir='ltr'><strong><em>notat</em></strong></span> <span class='ocrx_word' id='word_1_343' title='bbox 2546 2018 2670 2073; x_wconf 85' lang='lat' dir='ltr'><strong><em>libr.</em></strong></span> <span class='ocrx_word' id='word_1_344' title='bbox 2704 2019 2877 2089; x_wconf 89' lang='lat' dir='ltr'><strong><em>primo</em></strong></span> <span class='ocrx_word' id='word_1_345' title='bbox 2907 2016 3150 2083; x_wconf 66' lang='lat' dir='ltr'><strong><em>Meteon,</em></strong></span> <span class='ocrx_word' id='word_1_346' title='bbox 3185 2032 3310 2088; x_wconf 88' lang='lat' dir='ltr'><strong><em>cap.</em></strong></span> <span class='ocrx_word' id='word_1_347' title='bbox 3342 2017 3529 2081; x_wconf 73' lang='lat' dir='ltr'><strong><em>ultimo;</em></strong></span> <span class='ocrx_word' id='word_1_348' title='bbox 3556 2025 3605 2070; x_wconf 85' lang='lat' dir='ltr'><strong><em>et</em></strong></span> <span class='ocrx_word' id='word_1_349' title='bbox 3639 2017 3709 2069; x_wconf 88' lang='lat' dir='ltr'><strong><em>ita</em></strong></span> <span class='ocrx_word' id='word_1_350' title='bbox 3744 2018 3854 2071; x_wconf 83' lang='lat' dir='ltr'><strong><em>exi-</em></strong></span> 
     </span>
    </p>
   </div>
   <div class='ocr_carea' id='block_1_49' title="bbox 2354 2108 3842 2180">
    <p class='ocr_par' dir='ltr' id='par_1_49' title="bbox 2354 2108 3842 2180">
     <span class='ocr_line' id='line_1_49' title="bbox 2354 2108 3842 2180; baseline -0.002 -17"><span class='ocrx_word' id='word_1_351' title='bbox 2354 2111 2516 2164; x_wconf 82' lang='lat' dir='ltr'><strong><em>stimo</em></strong></span> <span class='ocrx_word' id='word_1_352' title='bbox 2561 2118 2814 2164; x_wconf 88' lang='lat' dir='ltr'><strong><em>auctores</em></strong></span> <span class='ocrx_word' id='word_1_353' title='bbox 2852 2125 2992 2180; x_wconf 90' lang='lat' dir='ltr'><strong><em>quos</em></strong></span> <span class='ocrx_word' id='word_1_354' title='bbox 3039 2123 3206 2180; x_wconf 89' lang='lat' dir='ltr'><strong><em>supra</em></strong></span> <span class='ocrx_word' id='word_1_355' title='bbox 3245 2108 3621 2163; x_wconf 78' lang='lat' dir='ltr'><strong><em>nominaviesse</em></strong></span> <span class='ocrx_word' id='word_1_356' title='bbox 3649 2108 3842 2162; x_wconf 85' lang='lat' dir='ltr'><strong><em>intelli-</em></strong></span> 
     </span>
    </p>
   </div>
   <div class='ocr_carea' id='block_1_50' title="bbox 2355 2199 3830 2271">
    <p class='ocr_par' dir='ltr' id='par_1_50' title="bbox 2355 2199 3830 2271">
     <span class='ocr_line' id='line_1_50' title="bbox 2355 2199 3830 2271; baseline -0.004 -15"><span class='ocrx_word' id='word_1_357' title='bbox 2355 2200 2577 2271; x_wconf 80' lang='lat' dir='ltr'><strong><em>gendos,</em></strong></span> <span class='ocrx_word' id='word_1_358' title='bbox 2610 2203 2898 2269; x_wconf 85' lang='lat' dir='ltr'><strong><em>omniaque</em></strong></span> <span class='ocrx_word' id='word_1_359' title='bbox 2930 2202 3092 2256; x_wconf 89' lang='lat' dir='ltr'><strong><em>dubia</em></strong></span> <span class='ocrx_word' id='word_1_360' title='bbox 3121 2211 3176 2255; x_wconf 92' lang='lat' dir='ltr'><strong><em>et</em></strong></span> <span class='ocrx_word' id='word_1_361' title='bbox 3221 2208 3545 2270; x_wconf 79' lang='lat' dir='ltr'><strong><em>argumenta,</em></strong></span> <span class='ocrx_word' id='word_1_362' title='bbox 3577 2199 3622 2250; x_wconf 81' lang='lat' dir='ltr'><strong><em>in</em></strong></span> <span class='ocrx_word' id='word_1_363' title='bbox 3649 2205 3830 2251; x_wconf 86' lang='lat' dir='ltr'><strong><em>utram-</em></strong></span> 
     </span>
    </p>
   </div>
   <div class='ocr_carea' id='block_1_51' title="bbox 2352 2287 3819 2362">
    <p class='ocr_par' dir='ltr' id='par_1_51' title="bbox 2352 2287 3819 2362">
     <span class='ocr_line' id='line_1_51' title="bbox 2352 2287 3819 2362; baseline -0.005 -16"><span class='ocrx_word' id='word_1_364' title='bbox 2352 2306 2458 2362; x_wconf 89' lang='lat' dir='ltr'><strong><em>que</em></strong></span> <span class='ocrx_word' id='word_1_365' title='bbox 2493 2299 2700 2362; x_wconf 88' lang='lat' dir='ltr'><strong><em>partem</em></strong></span> <span class='ocrx_word' id='word_1_366' title='bbox 2743 2293 2978 2347; x_wconf 88' lang='lat' dir='ltr'><strong><em>adducta</em></strong></span> <span class='ocrx_word' id='word_1_367' title='bbox 3020 2292 3280 2346; x_wconf 82' lang='lat' dir='ltr'><strong><em>facillimo</em></strong></span> <span class='ocrx_word' id='word_1_368' title='bbox 3319 2290 3532 2360; x_wconf 80' lang='lat' dir='ltr'><strong><em>negotio</em></strong></span> <span class='ocrx_word' id='word_1_369' title='bbox 3558 2287 3819 2342; x_wconf 74' lang='lat' dir='ltr'><strong><em>solvi-.divi-</em></strong></span> 
     </span>
    </p>
   </div>
   <div class='ocr_carea' id='block_1_52' title="bbox 2351 2379 3826 2456">
    <p class='ocr_par' dir='ltr' id='par_1_52' title="bbox 2351 2379 3826 2456">
     <span class='ocr_line' id='line_1_52' title="bbox 2351 2379 3826 2456; baseline -0.004 -17"><span class='ocrx_word' id='word_1_370' title='bbox 2351 2396 2587 2454; x_wconf 81' lang='lat' dir='ltr'><strong><em>namque</em></strong></span> <span class='ocrx_word' id='word_1_371' title='bbox 2642 2385 2966 2456; x_wconf 86' lang='lat' dir='ltr'><strong><em>sapientiam</em></strong></span> <span class='ocrx_word' id='word_1_372' title='bbox 3010 2391 3064 2439; x_wconf 88' lang='lat' dir='ltr'><strong><em>et</em></strong></span> <span class='ocrx_word' id='word_1_373' title='bbox 3101 2385 3402 2439; x_wconf 85' lang='lat' dir='ltr'><strong><em>bonitatem</em></strong></span> <span class='ocrx_word' id='word_1_374' title='bbox 3431 2379 3826 2435; x_wconf 76' lang='lat' dir='ltr'><strong><em>dilucidiusinno-</em></strong></span> 
     </span>
    </p>
   </div>
   <div class='ocr_carea' id='block_1_53' title="bbox 2351 2470 3843 2547">
    <p class='ocr_par' dir='ltr' id='par_1_53' title="bbox 2351 2470 3843 2547">
     <span class='ocr_line' id='line_1_53' title="bbox 2351 2470 3843 2547; baseline -0.005 -17"><span class='ocrx_word' id='word_1_375' title='bbox 2351 2483 2580 2542; x_wconf 86' lang='lat' dir='ltr'><strong><em>tescere,</em></strong></span> <span class='ocrx_word' id='word_1_376' title='bbox 2612 2490 2734 2547; x_wconf 65' lang='lat' dir='ltr'><strong><em>qua:</em></strong></span> <span class='ocrx_word' id='word_1_377' title='bbox 2757 2477 2940 2532; x_wconf 90' lang='lat' dir='ltr'><strong><em>omnia</em></strong></span> <span class='ocrx_word' id='word_1_378' title='bbox 2968 2476 3042 2530; x_wconf 87' lang='lat' dir='ltr'><strong><em>ita</em></strong></span> <span class='ocrx_word' id='word_1_379' title='bbox 3079 2477 3135 2531; x_wconf 89' lang='lat' dir='ltr'><strong><em>in</em></strong></span> <span class='ocrx_word' id='word_1_380' title='bbox 3165 2474 3406 2547; x_wconf 86' lang='lat' dir='ltr'><strong><em>pondere</em></strong></span> <span class='ocrx_word' id='word_1_381' title='bbox 3435 2481 3491 2530; x_wconf 90' lang='lat' dir='ltr'><strong><em>et</em></strong></span> <span class='ocrx_word' id='word_1_382' title='bbox 3523 2470 3843 2527; x_wconf 72' lang='lat' dir='ltr'><strong><em>mensutadis-</em></strong></span> 
     </span>
    </p>
   </div>
   <div class='ocr_carea' id='block_1_54' title="bbox 2348 2567 2552 2636">
    <p class='ocr_par' dir='ltr' id='par_1_54' title="bbox 2348 2567 2552 2636">
     <span class='ocr_line' id='line_1_54' title="bbox 2348 2567 2552 2636; baseline -0.01 -14"><span class='ocrx_word' id='word_1_383' title='bbox 2348 2567 2552 2636; x_wconf 86' lang='lat' dir='ltr'><strong><em>posuit.</em></strong></span> 
     </span>
    </p>
   </div>
   <div class='ocr_carea' id='block_1_55' title="bbox 2417 2654 3849 2727">
    <p class='ocr_par' dir='ltr' id='par_1_55' title="bbox 2417 2654 3849 2727">
     <span class='ocr_line' id='line_1_55' title="bbox 2417 2654 3849 2727; baseline -0.004 -13"><span class='ocrx_word' id='word_1_384' title='bbox 2417 2658 2577 2726; x_wconf 89' lang='lat' dir='ltr'><strong><em>lbid.,</em></strong></span> <span class='ocrx_word' id='word_1_385' title='bbox 2621 2660 2719 2714; x_wconf 90' lang='lat' dir='ltr'><strong><em>lin.</em></strong></span> <span class='ocrx_word' id='word_1_386' title='bbox 2764 2659 2854 2716; x_wconf 69' lang='grc'><strong><em>49.</em></strong></span> <span class='ocrx_word' id='word_1_387' title='bbox 2897 2660 3024 2713; x_wconf 83' lang='grc' dir='ltr'>Ὅτι</span> <span class='ocrx_word' id='word_1_388' title='bbox 3068 2657 3136 2713; x_wconf 79' lang='grc' dir='ltr'>δὲ</span> <span class='ocrx_word' id='word_1_389' title='bbox 3170 2659 3392 2727; x_wconf 75' lang='grc' dir='ltr'>ἀληθὲς</span> <span class='ocrx_word' id='word_1_390' title='bbox 3439 2658 3633 2712; x_wconf 75' lang='grc' dir='ltr'>τοῦτο.</span> <span class='ocrx_word' id='word_1_391' title='bbox 3672 2654 3849 2709; x_wconf 83' lang='lat' dir='ltr'><strong><em>Basilius</em></strong></span> 
     </span>
    </p>
   </div>
   <div class='ocr_carea' id='block_1_56' title="bbox 2348 2749 3850 2824">
    <p class='ocr_par' dir='ltr' id='par_1_56' title="bbox 2348 2749 3850 2824">
     <span class='ocr_line' id='line_1_56' title="bbox 2348 2749 3850 2824; baseline -0.004 -19"><span class='ocrx_word' id='word_1_392' title='bbox 2348 2750 2496 2807; x_wconf 86' lang='lat' dir='ltr'><strong><em>hom.</em></strong></span> <span class='ocrx_word' id='word_1_393' title='bbox 2553 2751 2590 2806; x_wconf 70' lang='grc'><strong>4</strong></span> <span class='ocrx_word' id='word_1_394' title='bbox 2622 2770 2636 2806; x_wconf 88' lang='lat'><strong>:</strong></span> <span class='ocrx_word' id='word_1_395' title='bbox 2671 2753 2822 2805; x_wconf 58' lang='grc' dir='ltr'><strong><em>Ἐπεὶ¹</em></strong></span> <span class='ocrx_word' id='word_1_396' title='bbox 2868 2752 2920 2805; x_wconf 89' lang='grc' dir='ltr'><strong><em>τί</em></strong></span> <span class='ocrx_word' id='word_1_397' title='bbox 2959 2751 3160 2807; x_wconf 79' lang='grc' dir='ltr'>ἐκώλυε</span> <span class='ocrx_word' id='word_1_398' title='bbox 3193 2752 3289 2823; x_wconf 76' lang='grc' dir='ltr'><strong><em>τὴν</em></strong></span> <span class='ocrx_word' id='word_1_399' title='bbox 3327 2750 3595 2824; x_wconf 77' lang='grc' dir='ltr'>Ἐρυθρὰν</span> <span class='ocrx_word' id='word_1_400' title='bbox 3642 2749 3850 2802; x_wconf 64' lang='grc' dir='ltr'>θάλασσαν</span> 
     </span>
    </p>
   </div>
   <div class='ocr_carea' id='block_1_57' title="bbox 2348 2838 3850 2916">
    <p class='ocr_par' dir='ltr' id='par_1_57' title="bbox 2348 2838 3850 2916">
     <span class='ocr_line' id='line_1_57' title="bbox 2348 2838 3850 2916; baseline -0.003 -20"><span class='ocrx_word' id='word_1_401' title='bbox 2348 2845 2526 2897; x_wconf 81' lang='grc' dir='ltr'>πᾶσαν</span> <span class='ocrx_word' id='word_1_402' title='bbox 2559 2845 2658 2916; x_wconf 82' lang='grc' dir='ltr'>τὴν</span> <span class='ocrx_word' id='word_1_403' title='bbox 2690 2844 2958 2914; x_wconf 76' lang='grc' dir='ltr'>Αἴγυπτον</span> <span class='ocrx_word' id='word_1_404' title='bbox 2988 2845 3295 2915; x_wconf 81' lang='grc' dir='ltr'><strong><em>κοιλοτέραν</em></strong></span> <span class='ocrx_word' id='word_1_405' title='bbox 3333 2841 3497 2898; x_wconf 81' lang='grc' dir='ltr'>οὖσαν</span> <span class='ocrx_word' id='word_1_406' title='bbox 3533 2842 3716 2910; x_wconf 73' lang='grc' dir='ltr'>ἑαυτῆς</span> <span class='ocrx_word' id='word_1_407' title='bbox 3743 2838 3850 2893; x_wconf 71' lang='grc' dir='ltr'>ἐπελ-</span> 
     </span>
    </p>
   </div>
   <div class='ocr_carea' id='block_1_58' title="bbox 2347 2933 3848 3007">
    <p class='ocr_par' dir='ltr' id='par_1_58' title="bbox 2347 2933 3848 3007">
     <span class='ocr_line' id='line_1_58' title="bbox 2347 2933 3848 3007; baseline -0.003 -19"><span class='ocrx_word' id='word_1_408' title='bbox 2347 2935 2478 2998; x_wconf 76' lang='grc' dir='ltr'>θεῖν,</span> <span class='ocrx_word' id='word_1_409' title='bbox 2514 2936 2606 2990; x_wconf 81' lang='grc' dir='ltr'>καὶ</span> <span class='ocrx_word' id='word_1_410' title='bbox 2643 2935 2972 3006; x_wconf 83' lang='grc' dir='ltr'>συναφθῆναι</span> <span class='ocrx_word' id='word_1_411' title='bbox 3021 2934 3096 3007; x_wconf 83' lang='grc' dir='ltr'>τῷ</span> <span class='ocrx_word' id='word_1_412' title='bbox 3131 2936 3517 3007; x_wconf 80' lang='grc' dir='ltr'><strong><em>παρακειμένῳ</em></strong></span> <span class='ocrx_word' id='word_1_413' title='bbox 3564 2937 3628 3004; x_wconf 81' lang='grc' dir='ltr'>τῇ</span> <span class='ocrx_word' id='word_1_414' title='bbox 3655 2933 3848 3000; x_wconf 73' lang='grc' dir='ltr'>Αἰγύπτῳ</span> 
     </span>
    </p>
   </div>
   <div class='ocr_carea' id='block_1_59' title="bbox 2347 3020 3849 3099">
    <p class='ocr_par' dir='ltr' id='par_1_59' title="bbox 2347 3020 3849 3099">
     <span class='ocr_line' id='line_1_59' title="bbox 2347 3020 3849 3099; baseline -0.005 -18"><span class='ocrx_word' id='word_1_415' title='bbox 2347 3027 2591 3097; x_wconf 82' lang='grc' dir='ltr'><strong><em>πελάγει,</em></strong></span> <span class='ocrx_word' id='word_1_416' title='bbox 2621 3029 2669 3081; x_wconf 78' lang='grc' dir='ltr'>εἱ</span> <span class='ocrx_word' id='word_1_417' title='bbox 2711 3027 2785 3099; x_wconf 82' lang='grc' dir='ltr'><strong><em>μὴ</em></strong></span> <span class='ocrx_word' id='word_1_418' title='bbox 2810 3027 2885 3098; x_wconf 84' lang='grc' dir='ltr'>τῷ</span> <span class='ocrx_word' id='word_1_419' title='bbox 2919 3027 3295 3099; x_wconf 81' lang='grc' dir='ltr'>προστάγματι</span> <span class='ocrx_word' id='word_1_420' title='bbox 3334 3023 3401 3098; x_wconf 80' lang='grc' dir='ltr'>ἦν</span> <span class='ocrx_word' id='word_1_421' title='bbox 3434 3025 3762 3095; x_wconf 77' lang='grc' dir='ltr'><strong><em>πεπεδημένη</em></strong></span> <span class='ocrx_word' id='word_1_422' title='bbox 3789 3020 3849 3074; x_wconf 64' lang='grc' dir='ltr'>τοῖν</span> 
     </span>
    </p>
   </div>
   <div class='ocr_carea' id='block_1_60' title="bbox 693 3111 2243 3224">
    <p class='ocr_par' dir='ltr' id='par_1_60' title="bbox 693 3111 2243 3184">
     <span class='ocr_line' id='line_1_60' title="bbox 693 3111 2243 3184; baseline 0.001 -18"><span class='ocrx_word' id='word_1_423' title='bbox 693 3114 974 3167; x_wconf 85' lang='lat' dir='ltr'><strong><em>terminum</em></strong></span> <span class='ocrx_word' id='word_1_424' title='bbox 999 3113 1155 3176; x_wconf 88' lang='lat' dir='ltr'><strong><em>mari,</em></strong></span> <span class='ocrx_word' id='word_1_425' title='bbox 1180 3113 1236 3167; x_wconf 93' lang='lat' dir='ltr'><strong><em>in</em></strong></span> <span class='ocrx_word' id='word_1_426' title='bbox 1266 3122 1459 3168; x_wconf 89' lang='lat' dir='ltr'><strong><em>catena</em></strong></span> <span class='ocrx_word' id='word_1_427' title='bbox 1487 3129 1605 3184; x_wconf 69' lang='lat' dir='ltr'><strong><em>qua:</em></strong></span> <span class='ocrx_word' id='word_1_428' title='bbox 1630 3127 1661 3167; x_wconf 86' lang='lat' dir='ltr'><strong><em>a</em></strong></span> <span class='ocrx_word' id='word_1_429' title='bbox 1693 3113 1855 3169; x_wconf 89' lang='lat' dir='ltr'><strong><em>nobis</em></strong></span> <span class='ocrx_word' id='word_1_430' title='bbox 1876 3112 2067 3167; x_wconf 88' lang='lat' dir='ltr'><strong><em>Latina</em></strong></span> <span class='ocrx_word' id='word_1_431' title='bbox 2102 3111 2243 3168; x_wconf 82' lang='lat' dir='ltr'><strong><em>facta</em></strong></span> 
     </span>
    </p>
   </div>
   <div class='ocr_carea' id='block_1_61' title="bbox 2358 3111 3849 3224">
    <p class='ocr_par' dir='ltr' id='par_1_61' title="bbox 2358 3117 3849 3192">
     <span class='ocr_line' id='line_1_61' title="bbox 2358 3117 3849 3192; baseline -0.004 -18"><span class='ocrx_word' id='word_1_432' title='bbox 2358 3121 2662 3187; x_wconf 78' lang='grc' dir='ltr'>κτίσαντος;</span> <span class='ocrx_word' id='word_1_433' title='bbox 2706 3123 2825 3175; x_wconf 81' lang='grc' dir='ltr'>Ὅτι</span> <span class='ocrx_word' id='word_1_434' title='bbox 2862 3120 2969 3191; x_wconf 82' lang='grc' dir='ltr'><strong><em>γὰρ</em></strong></span> <span class='ocrx_word' id='word_1_435' title='bbox 3001 3122 3348 3192; x_wconf 89' lang='grc' dir='ltr'>ταπεινοτέρα</span> <span class='ocrx_word' id='word_1_436' title='bbox 3387 3120 3487 3192; x_wconf 80' lang='grc' dir='ltr'><strong><em>τῆς</em></strong></span> <span class='ocrx_word' id='word_1_437' title='bbox 3527 3119 3767 3190; x_wconf 80' lang='grc' dir='ltr'>Ἐρυθρᾶς</span> <span class='ocrx_word' id='word_1_438' title='bbox 3790 3117 3849 3168; x_wconf 69' lang='grc' dir='ltr'><strong><em>Θα-</em></strong></span> 
     </span>
    </p>
   </div>
   <div class='ocr_carea' id='block_1_62' title="bbox 682 3204 1327 3276">
    <p class='ocr_par' dir='ltr' id='par_1_62' title="bbox 682 3204 1327 3276">
     <span class='ocr_line' id='line_1_62' title="bbox 682 3204 1327 3276; baseline -0.003 -15"><span class='ocrx_word' id='word_1_439' title='bbox 682 3204 798 3275; x_wconf 89' lang='lat' dir='ltr'><strong><em>jam</em></strong></span> <span class='ocrx_word' id='word_1_440' title='bbox 827 3214 910 3262; x_wconf 89' lang='lat' dir='ltr'><strong><em>est</em></strong></span> <span class='ocrx_word' id='word_1_441' title='bbox 933 3207 1132 3276; x_wconf 88' lang='lat' dir='ltr'><strong><em>publici</em></strong></span> <span class='ocrx_word' id='word_1_442' title='bbox 1165 3205 1327 3276; x_wconf 90' lang='lat' dir='ltr'><strong><em>juris.</em></strong></span> 
     </span>
    </p>
   </div>
   <div class='ocr_carea' id='block_1_63' title="bbox 756 3294 2240 3362">
    <p class='ocr_par' dir='ltr' id='par_1_63' title="bbox 756 3294 2240 3362">
     <span class='ocr_line' id='line_1_63' title="bbox 756 3294 2240 3362; baseline -0.003 -10"><span class='ocrx_word' id='word_1_443' title='bbox 756 3297 873 3352; x_wconf 90' lang='lat' dir='ltr'><strong><em>Col.</em></strong></span> <span class='ocrx_word' id='word_1_444' title='bbox 895 3297 1014 3360; x_wconf 70' lang='grc'><strong><em>712,</em></strong></span> <span class='ocrx_word' id='word_1_445' title='bbox 1035 3297 1131 3353; x_wconf 91' lang='lat' dir='ltr'><strong><em>lin.</em></strong></span> <span class='ocrx_word' id='word_1_446' title='bbox 1153 3298 1242 3353; x_wconf 78' lang='grc'><strong><em>45.</em></strong></span> <span class='ocrx_word' id='word_1_447' title='bbox 1275 3297 1425 3351; x_wconf 80' lang='grc' dir='ltr'>Ἐπεὶ</span> <span class='ocrx_word' id='word_1_448' title='bbox 1442 3297 1499 3349; x_wconf 82' lang='grc' dir='ltr'>τί</span> <span class='ocrx_word' id='word_1_449' title='bbox 1526 3296 1812 3352; x_wconf 79' lang='grc' dir='ltr'>ἐκώλυσε.</span> <span class='ocrx_word' id='word_1_450' title='bbox 1838 3294 2072 3362; x_wconf 85' lang='lat' dir='ltr'><strong><em>Basilius</em></strong></span> <span class='ocrx_word' id='word_1_451' title='bbox 2095 3296 2240 3351; x_wconf 92' lang='lat' dir='ltr'><strong><em>hom.</em></strong></span> 
     </span>
    </p>
   </div>
   <div class='ocr_carea' id='block_1_64' title="bbox 685 3388 2244 3460">
    <p class='ocr_par' dir='ltr' id='par_1_64' title="bbox 685 3388 2244 3460">
     <span class='ocr_line' id='line_1_64' title="bbox 685 3388 2244 3460; baseline -0.001 -16"><span class='ocrx_word' id='word_1_452' title='bbox 685 3391 721 3444; x_wconf 72' lang='grc'><strong>4</strong></span> <span class='ocrx_word' id='word_1_453' title='bbox 753 3389 934 3444; x_wconf 74' lang='grc' dir='ltr'>ιἙπεὶ</span> <span class='ocrx_word' id='word_1_454' title='bbox 967 3389 1019 3442; x_wconf 82' lang='grc' dir='ltr'><strong><em>τί</em></strong></span> <span class='ocrx_word' id='word_1_455' title='bbox 1067 3388 1268 3442; x_wconf 82' lang='grc' dir='ltr'>ἐκώλυε</span> <span class='ocrx_word' id='word_1_456' title='bbox 1309 3389 1406 3460; x_wconf 84' lang='grc' dir='ltr'>τὴν</span> <span class='ocrx_word' id='word_1_457' title='bbox 1465 3388 1728 3459; x_wconf 79' lang='grc' dir='ltr'>Ἐρυθρὰν</span> <span class='ocrx_word' id='word_1_458' title='bbox 1766 3388 2033 3442; x_wconf 89' lang='grc' dir='ltr'>θάλασσαν</span> <span class='ocrx_word' id='word_1_459' title='bbox 2066 3391 2244 3442; x_wconf 85' lang='grc' dir='ltr'>πᾶσαν</span> 
     </span>
    </p>
   </div>
   <div class='ocr_carea' id='block_1_65' title="bbox 685 3475 2245 3552">
    <p class='ocr_par' dir='ltr' id='par_1_65' title="bbox 685 3475 2245 3552">
     <span class='ocr_line' id='line_1_65' title="bbox 685 3475 2245 3552; baseline 0.001 -18"><span class='ocrx_word' id='word_1_460' title='bbox 685 3481 784 3552; x_wconf 81' lang='grc' dir='ltr'>τὴν</span> <span class='ocrx_word' id='word_1_461' title='bbox 811 3479 1081 3548; x_wconf 79' lang='grc' dir='ltr'>Αἴγυπτον</span> <span class='ocrx_word' id='word_1_462' title='bbox 1110 3479 1420 3551; x_wconf 82' lang='grc' dir='ltr'>κοιλοτέραν</span> <span class='ocrx_word' id='word_1_463' title='bbox 1451 3475 1611 3533; x_wconf 78' lang='grc' dir='ltr'>οὖσαν</span> <span class='ocrx_word' id='word_1_464' title='bbox 1644 3480 1839 3550; x_wconf 81' lang='grc' dir='ltr'>ἑαυτῆς</span> <span class='ocrx_word' id='word_1_465' title='bbox 1871 3480 2133 3547; x_wconf 75' lang='grc' dir='ltr'>ἐπελθεῖν,</span> <span class='ocrx_word' id='word_1_466' title='bbox 2151 3481 2245 3535; x_wconf 76' lang='grc' dir='ltr'>καὶ</span> 
     </span>
    </p>
   </div>
   <div class='ocr_carea' id='block_1_66' title="bbox 684 3570 2243 3642">
    <p class='ocr_par' dir='ltr' id='par_1_66' title="bbox 684 3570 2243 3642">
     <span class='ocr_line' id='line_1_66' title="bbox 684 3570 2243 3642; baseline 0 -16"><span class='ocrx_word' id='word_1_467' title='bbox 684 3571 1014 3642; x_wconf 81' lang='grc' dir='ltr'>συναφθῆναι</span> <span class='ocrx_word' id='word_1_468' title='bbox 1033 3570 1109 3641; x_wconf 86' lang='grc' dir='ltr'>τῷ</span> <span class='ocrx_word' id='word_1_469' title='bbox 1133 3570 1518 3642; x_wconf 80' lang='grc' dir='ltr'>παρακειμένῳ</span> <span class='ocrx_word' id='word_1_470' title='bbox 1544 3574 1610 3642; x_wconf 75' lang='grc' dir='ltr'>τῇ</span> <span class='ocrx_word' id='word_1_471' title='bbox 1637 3571 1895 3642; x_wconf 77' lang='grc' dir='ltr'>Αἰγύπτῳ</span> <span class='ocrx_word' id='word_1_472' title='bbox 1924 3573 2169 3642; x_wconf 85' lang='grc' dir='ltr'>πελάγει,</span> <span class='ocrx_word' id='word_1_473' title='bbox 2194 3573 2243 3626; x_wconf 84' lang='grc' dir='ltr'><strong><em>εί</em></strong></span> 
     </span>
    </p>
   </div>
   <div class='ocr_carea' id='block_1_67' title="bbox 685 3658 2239 3736">
    <p class='ocr_par' dir='ltr' id='par_1_67' title="bbox 685 3658 2239 3736">
     <span class='ocr_line' id='line_1_67' title="bbox 685 3658 2239 3736; baseline 0 -20"><span class='ocrx_word' id='word_1_474' title='bbox 685 3663 762 3736; x_wconf 82' lang='grc' dir='ltr'>μὴ</span> <span class='ocrx_word' id='word_1_475' title='bbox 793 3662 1285 3734; x_wconf 84' lang='grc' dir='ltr'>τῷ.προστάγματι</span> <span class='ocrx_word' id='word_1_476' title='bbox 1324 3658 1392 3734; x_wconf 85' lang='grc' dir='ltr'>ἦν</span> <span class='ocrx_word' id='word_1_477' title='bbox 1431 3662 1776 3733; x_wconf 80' lang='grc' dir='ltr'>πεπεδημένη</span> <span class='ocrx_word' id='word_1_478' title='bbox 1804 3662 1895 3716; x_wconf 74' lang='grc' dir='ltr'>τοῦ</span> <span class='ocrx_word' id='word_1_479' title='bbox 1931 3665 2239 3730; x_wconf 85' lang='grc' dir='ltr'>κτίσαντος;</span> 
     </span>
    </p>
   </div>
   <div class='ocr_carea' id='block_1_68' title="bbox 683 3755 2244 3826">
    <p class='ocr_par' dir='ltr' id='par_1_68' title="bbox 683 3755 2244 3826">
     <span class='ocr_line' id='line_1_68' title="bbox 683 3755 2244 3826; baseline 0.001 -15"><span class='ocrx_word' id='word_1_480' title='bbox 683 3756 750 3811; x_wconf 84' lang='grc' dir='ltr'>Ει</span> <span class='ocrx_word' id='word_1_481' title='bbox 775 3773 832 3811; x_wconf 88' lang='grc' dir='ltr'><strong><em>ιιι</em></strong></span> <span class='ocrx_word' id='word_1_482' title='bbox 862 3756 966 3811; x_wconf 88' lang='lat' dir='ltr'><strong><em>hoc</em></strong></span> <span class='ocrx_word' id='word_1_483' title='bbox 995 3757 1157 3812; x_wconf 90' lang='lat' dir='ltr'><strong><em>etiam</em></strong></span> <span class='ocrx_word' id='word_1_484' title='bbox 1192 3764 1320 3810; x_wconf 91' lang='lat' dir='ltr'><strong><em>sunt</em></strong></span> <span class='ocrx_word' id='word_1_485' title='bbox 1347 3755 1624 3809; x_wconf 81' lang='lat' dir='ltr'><strong><em>variantes</em></strong></span> <span class='ocrx_word' id='word_1_486' title='bbox 1652 3755 2098 3826; x_wconf 68' lang='lat' dir='ltr'><strong><em>philosomiorum</em></strong></span> <span class='ocrx_word' id='word_1_487' title='bbox 2125 3771 2244 3812; x_wconf 84' lang='lat' dir='ltr'><strong><em>sen-</em></strong></span> 
     </span>
    </p>
   </div>
   <div class='ocr_carea' id='block_1_69' title="bbox 681 3844 2241 3915">
    <p class='ocr_par' dir='ltr' id='par_1_69' title="bbox 681 3844 2241 3915">
     <span class='ocr_line' id='line_1_69' title="bbox 681 3844 2241 3915; baseline -0.001 -13"><span class='ocrx_word' id='word_1_488' title='bbox 681 3848 883 3902; x_wconf 60' lang='lat' dir='ltr'><strong><em>tentia.</em></strong></span> <span class='ocrx_word' id='word_1_489' title='bbox 939 3844 1169 3912; x_wconf 85' lang='lat' dir='ltr'><strong><em>Quidam</em></strong></span> <span class='ocrx_word' id='word_1_490' title='bbox 1214 3844 1360 3899; x_wconf 89' lang='lat' dir='ltr'><strong><em>enim</em></strong></span> <span class='ocrx_word' id='word_1_491' title='bbox 1409 3852 1611 3899; x_wconf 89' lang='lat' dir='ltr'><strong><em>terram</em></strong></span> <span class='ocrx_word' id='word_1_492' title='bbox 1663 3845 1799 3899; x_wconf 89' lang='lat' dir='ltr'><strong><em>mari</em></strong></span> <span class='ocrx_word' id='word_1_493' title='bbox 1845 3845 2241 3915; x_wconf 89' lang='lat' dir='ltr'><strong><em>depressiorem</em></strong></span> 
     </span>
    </p>
   </div>
   <div class='ocr_carea' id='block_1_70' title="bbox 680 3934 2227 4005">
    <p class='ocr_par' dir='ltr' id='par_1_70' title="bbox 680 3934 2227 4005">
     <span class='ocr_line' id='line_1_70' title="bbox 680 3934 2227 4005; baseline 0.001 -12"><span class='ocrx_word' id='word_1_494' title='bbox 680 3938 969 4003; x_wconf 78' lang='lat' dir='ltr'><strong><em>alﬁrmant,</em></strong></span> <span class='ocrx_word' id='word_1_495' title='bbox 1014 3936 1342 3991; x_wconf 85' lang='lat' dir='ltr'><strong><em>Catharinus</em></strong></span> <span class='ocrx_word' id='word_1_496' title='bbox 1392 3934 1459 3988; x_wconf 87' lang='lat' dir='ltr'><strong><em>ad</em></strong></span> <span class='ocrx_word' id='word_1_497' title='bbox 1513 3950 1633 4005; x_wconf 90' lang='lat' dir='ltr'><strong><em>cap.</em></strong></span> <span class='ocrx_word' id='word_1_498' title='bbox 1688 3951 1706 3990; x_wconf 87' lang='grc' dir='ltr'><strong><em>ι</em></strong></span> <span class='ocrx_word' id='word_1_499' title='bbox 1769 3935 1988 4001; x_wconf 89' lang='lat' dir='ltr'><strong><em>Genes.,</em></strong></span> <span class='ocrx_word' id='word_1_500' title='bbox 2023 3938 2227 4004; x_wconf 88' lang='lat' dir='ltr'><strong><em>Canus,</em></strong></span> 
     </span>
    </p>
   </div>
   <div class='ocr_carea' id='block_1_71' title="bbox 679 4027 2239 4100">
    <p class='ocr_par' dir='ltr' id='par_1_71' title="bbox 679 4027 2239 4100">
     <span class='ocr_line' id='line_1_71' title="bbox 679 4027 2239 4100; baseline -0.001 -16"><span class='ocrx_word' id='word_1_501' title='bbox 679 4030 996 4100; x_wconf 79' lang='lat' dir='ltr'><strong><em>Burgensis,</em></strong></span> <span class='ocrx_word' id='word_1_502' title='bbox 1027 4035 1216 4082; x_wconf 87' lang='lat' dir='ltr'><strong><em>noster</em></strong></span> <span class='ocrx_word' id='word_1_503' title='bbox 1254 4028 1344 4082; x_wconf 89' lang='lat' dir='ltr'><strong><em>hic</em></strong></span> <span class='ocrx_word' id='word_1_504' title='bbox 1373 4035 1584 4091; x_wconf 85' lang='lat' dir='ltr'><strong><em>auctor,</em></strong></span> <span class='ocrx_word' id='word_1_505' title='bbox 1621 4027 1852 4083; x_wconf 86' lang='lat' dir='ltr'><strong><em>Basilius</em></strong></span> <span class='ocrx_word' id='word_1_506' title='bbox 1879 4036 1934 4083; x_wconf 90' lang='lat' dir='ltr'><strong><em>et</em></strong></span> <span class='ocrx_word' id='word_1_507' title='bbox 1954 4029 2045 4082; x_wconf 89' lang='lat' dir='ltr'><strong><em>alii</em></strong></span> <span class='ocrx_word' id='word_1_508' title='bbox 2073 4049 2085 4084; x_wconf 84' lang='lat'><strong>:</strong></span> <span class='ocrx_word' id='word_1_509' title='bbox 2119 4044 2239 4084; x_wconf 89' lang='lat' dir='ltr'><strong><em>eam</em></strong></span> 
     </span>
    </p>
   </div>
   <div class='ocr_carea' id='block_1_72' title="bbox 681 4117 2234 4192">
    <p class='ocr_par' dir='ltr' id='par_1_72' title="bbox 681 4117 2234 4192">
     <span class='ocr_line' id='line_1_72' title="bbox 681 4117 2234 4192; baseline 0.001 -18"><span class='ocrx_word' id='word_1_510' title='bbox 681 4121 1101 4192; x_wconf 88' lang='lat' dir='ltr'><strong><em>probabiliorem</em></strong></span> <span class='ocrx_word' id='word_1_511' title='bbox 1137 4129 1324 4175; x_wconf 88' lang='lat' dir='ltr'><strong><em>censet</em></strong></span> <span class='ocrx_word' id='word_1_512' title='bbox 1366 4117 1422 4174; x_wconf 92' lang='lat' dir='ltr'><strong><em>S.</em></strong></span> <span class='ocrx_word' id='word_1_513' title='bbox 1460 4118 1717 4184; x_wconf 89' lang='lat' dir='ltr'><strong><em>Thomas,</em></strong></span> <span class='ocrx_word' id='word_1_514' title='bbox 1775 4134 1792 4174; x_wconf 86' lang='lat'><strong>1</strong></span> <span class='ocrx_word' id='word_1_515' title='bbox 1835 4128 2004 4190; x_wconf 85' lang='lat' dir='ltr'><strong><em>part.,</em></strong></span> <span class='ocrx_word' id='word_1_516' title='bbox 2050 4137 2103 4191; x_wconf 88' lang='lat' dir='ltr'><strong><em>q.</em></strong></span> <span class='ocrx_word' id='word_1_517' title='bbox 2145 4120 2234 4186; x_wconf 88' lang='lat'><strong><em>69,</em></strong></span> 
     </span>
    </p>
   </div>
   <div class='ocr_carea' id='block_1_73' title="bbox 681 4209 2240 4275">
    <p class='ocr_par' dir='ltr' id='par_1_73' title="bbox 681 4209 2240 4275">
     <span class='ocr_line' id='line_1_73' title="bbox 681 4209 2240 4275; baseline 0.001 -11"><span class='ocrx_word' id='word_1_518' title='bbox 681 4221 787 4264; x_wconf 88' lang='lat' dir='ltr'><strong><em>art.</em></strong></span> <span class='ocrx_word' id='word_1_519' title='bbox 817 4209 843 4261; x_wconf 83' lang='grc'><strong>1</strong></span> <span class='ocrx_word' id='word_1_520' title='bbox 879 4229 892 4264; x_wconf 89' lang='lat'><strong>:</strong></span> <span class='ocrx_word' id='word_1_521' title='bbox 925 4209 1064 4263; x_wconf 89' lang='lat' dir='ltr'><strong><em>idem</em></strong></span> <span class='ocrx_word' id='word_1_522' title='bbox 1096 4222 1149 4264; x_wconf 90' lang='lat' dir='ltr'><strong><em>et</em></strong></span> <span class='ocrx_word' id='word_1_523' title='bbox 1175 4209 1371 4263; x_wconf 85' lang='lat' dir='ltr'><strong><em>Cicero</em></strong></span> <span class='ocrx_word' id='word_1_524' title='bbox 1405 4209 1688 4266; x_wconf 88' lang='lat' dir='ltr'><strong><em>censuisse</em></strong></span> <span class='ocrx_word' id='word_1_525' title='bbox 1712 4210 1948 4275; x_wconf 87' lang='lat' dir='ltr'><strong><em>videtur,</em></strong></span> <span class='ocrx_word' id='word_1_526' title='bbox 1980 4227 1997 4264; x_wconf 86' lang='grc' dir='ltr'><strong><em>ι</em></strong></span> <span class='ocrx_word' id='word_1_527' title='bbox 2029 4211 2100 4264; x_wconf 89' lang='lat' dir='ltr'><strong><em>De</em></strong></span> <span class='ocrx_word' id='word_1_528' title='bbox 2127 4229 2240 4265; x_wconf 91' lang='lat' dir='ltr'><strong><em>na—</em></strong></span> 
     </span>
    </p>
   </div>
   <div class='ocr_carea' id='block_1_74' title="bbox 682 4300 2234 4371">
    <p class='ocr_par' dir='ltr' id='par_1_74' title="bbox 682 4300 2234 4371">
     <span class='ocr_line' id='line_1_74' title="bbox 682 4300 2234 4371; baseline 0 -16"><span class='ocrx_word' id='word_1_529' title='bbox 682 4311 805 4355; x_wconf 92' lang='lat' dir='ltr'><strong><em>tura</em></strong></span> <span class='ocrx_word' id='word_1_530' title='bbox 829 4301 1044 4355; x_wconf 89' lang='lat' dir='ltr'><strong><em>deorum</em></strong></span> <span class='ocrx_word' id='word_1_531' title='bbox 1069 4317 1105 4355; x_wconf 91' lang='lat' dir='ltr'><strong><em>ll</em></strong></span> <span class='ocrx_word' id='word_1_532' title='bbox 1129 4320 1143 4357; x_wconf 87' lang='lat'><strong>:</strong></span> <span class='ocrx_word' id='word_1_533' title='bbox 1175 4300 1347 4366; x_wconf 87' lang='lat' dir='ltr'><strong><em>Mare,</em></strong></span> <span class='ocrx_word' id='word_1_534' title='bbox 1372 4301 1565 4371; x_wconf 80' lang='lat' dir='ltr'><strong><em>inquit,</em></strong></span> <span class='ocrx_word' id='word_1_535' title='bbox 1597 4318 1714 4355; x_wconf 88' lang='lat' dir='ltr'><strong><em>cum</em></strong></span> <span class='ocrx_word' id='word_1_536' title='bbox 1741 4318 1901 4371; x_wconf 86' lang='lat' dir='ltr'><strong><em>supra</em></strong></span> <span class='ocrx_word' id='word_1_537' title='bbox 1926 4313 2118 4357; x_wconf 90' lang='lat' dir='ltr'><strong><em>terram</em></strong></span> <span class='ocrx_word' id='word_1_538' title='bbox 2145 4305 2234 4370; x_wconf 88' lang='lat' dir='ltr'><strong><em>sit,</em></strong></span> 
     </span>
    </p>
   </div>
   <div class='ocr_carea' id='block_1_75' title="bbox 679 4395 2238 4466">
    <p class='ocr_par' dir='ltr' id='par_1_75' title="bbox 679 4395 2238 4466">
     <span class='ocr_line' id='line_1_75' title="bbox 679 4395 2238 4466; baseline -0.001 -17"><span class='ocrx_word' id='word_1_539' title='bbox 679 4395 910 4449; x_wconf 90' lang='lat' dir='ltr'><strong><em>medium</em></strong></span> <span class='ocrx_word' id='word_1_540' title='bbox 961 4403 1134 4448; x_wconf 88' lang='lat' dir='ltr'><strong><em>tamen</em></strong></span> <span class='ocrx_word' id='word_1_541' title='bbox 1182 4403 1333 4448; x_wconf 72' lang='lat' dir='ltr'><strong><em>terra:</em></strong></span> <span class='ocrx_word' id='word_1_542' title='bbox 1384 4395 1554 4447; x_wconf 90' lang='lat' dir='ltr'><strong><em>locum</em></strong></span> <span class='ocrx_word' id='word_1_543' title='bbox 1609 4404 1847 4464; x_wconf 72' lang='lat' dir='ltr'><strong><em>expetens</em></strong></span> <span class='ocrx_word' id='word_1_544' title='bbox 1897 4409 2238 4466; x_wconf 85' lang='lat' dir='ltr'><strong><em>congregatur</em></strong></span> 
     </span>
    </p>
   </div>
   <div class='ocr_carea' id='block_1_76' title="bbox 2347 3211 3851 3284">
    <p class='ocr_par' dir='ltr' id='par_1_76' title="bbox 2347 3211 3851 3284">
     <span class='ocr_line' id='line_1_76' title="bbox 2347 3211 3851 3284; baseline -0.002 -19"><span class='ocrx_word' id='word_1_545' title='bbox 2347 3212 2550 3282; x_wconf 85' lang='grc' dir='ltr'>λὰσσης</span> <span class='ocrx_word' id='word_1_546' title='bbox 2576 3213 2608 3283; x_wconf 87' lang='grc' dir='ltr'>ή</span> <span class='ocrx_word' id='word_1_547' title='bbox 2641 3211 2926 3281; x_wconf 70' lang='grc' dir='ltr'>Αἴγυπτος,</span> <span class='ocrx_word' id='word_1_548' title='bbox 2947 3212 3089 3284; x_wconf 83' lang='grc' dir='ltr'>έργῳ</span> <span class='ocrx_word' id='word_1_549' title='bbox 3111 3212 3332 3266; x_wconf 74' lang='grc' dir='ltr'>ἔπεισαν</span> <span class='ocrx_word' id='word_1_550' title='bbox 3353 3214 3498 3284; x_wconf 77' lang='grc' dir='ltr'>ἡμᾶς</span> <span class='ocrx_word' id='word_1_551' title='bbox 3530 3215 3583 3266; x_wconf 87' lang='grc' dir='ltr'>οἱ</span> <span class='ocrx_word' id='word_1_552' title='bbox 3597 3212 3851 3281; x_wconf 69' lang='grc' dir='ltr'>θελήσαντες</span> 
     </span>
    </p>
   </div>
   <div class='ocr_carea' id='block_1_77' title="bbox 2341 3302 3847 3374">
    <p class='ocr_par' dir='ltr' id='par_1_77' title="bbox 2341 3302 3847 3374">
     <span class='ocr_line' id='line_1_77' title="bbox 2341 3302 3847 3374; baseline -0.002 -18"><span class='ocrx_word' id='word_1_553' title='bbox 2341 3303 2586 3374; x_wconf 80' lang='grc' dir='ltr'>ἀλλήλοις</span> <span class='ocrx_word' id='word_1_554' title='bbox 2607 3303 2676 3355; x_wconf 81' lang='grc' dir='ltr'>τὰ</span> <span class='ocrx_word' id='word_1_555' title='bbox 2703 3303 2911 3373; x_wconf 80' lang='grc' dir='ltr'>πελάγη</span> <span class='ocrx_word' id='word_1_556' title='bbox 2945 3302 3196 3372; x_wconf 75' lang='grc' dir='ltr'>συνάψαι,</span> <span class='ocrx_word' id='word_1_557' title='bbox 3226 3303 3286 3355; x_wconf 88' lang='grc' dir='ltr'>τό</span> <span class='ocrx_word' id='word_1_558' title='bbox 3305 3320 3363 3355; x_wconf 87' lang='grc' dir='ltr'><strong><em>τε</em></strong></span> <span class='ocrx_word' id='word_1_559' title='bbox 3403 3304 3700 3372; x_wconf 82' lang='grc' dir='ltr'>Αἰγύπτιον</span> <span class='ocrx_word' id='word_1_560' title='bbox 3724 3307 3793 3355; x_wconf 68' lang='grc' dir='ltr'><strong><em>καὶ</em></strong></span> <span class='ocrx_word' id='word_1_561' title='bbox 3812 3303 3847 3353; x_wconf 64' lang='grc' dir='ltr'><strong>τὲ</strong></span> 
     </span>
    </p>
   </div>
   <div class='ocr_carea' id='block_1_78' title="bbox 2354 3387 3848 3466">
    <p class='ocr_par' dir='ltr' id='par_1_78' title="bbox 2354 3387 3848 3466">
     <span class='ocr_line' id='line_1_78' title="bbox 2354 3387 3848 3466; baseline -0.001 -19"><span class='ocrx_word' id='word_1_562' title='bbox 2354 3393 2589 3458; x_wconf 83' lang='grc' dir='ltr'>Ἰνδικὸν,</span> <span class='ocrx_word' id='word_1_563' title='bbox 2619 3396 2678 3447; x_wconf 85' lang='grc' dir='ltr'>ὲν</span> <span class='ocrx_word' id='word_1_564' title='bbox 2718 3387 2762 3461; x_wconf 83' lang='grc' dir='ltr'>ᾧ</span> <span class='ocrx_word' id='word_1_565' title='bbox 2801 3396 2834 3465; x_wconf 86' lang='grc' dir='ltr'>ἡ</span> <span class='ocrx_word' id='word_1_566' title='bbox 2877 3394 3109 3466; x_wconf 85' lang='grc' dir='ltr'>Ἐρυθρά</span> <span class='ocrx_word' id='word_1_567' title='bbox 3145 3394 3404 3451; x_wconf 79' lang='grc' dir='ltr'>θάλασσα.</span> <span class='ocrx_word' id='word_1_568' title='bbox 3449 3397 3656 3466; x_wconf 85' lang='grc' dir='ltr'>Διόπερ</span> <span class='ocrx_word' id='word_1_569' title='bbox 3685 3395 3848 3463; x_wconf 70' lang='grc' dir='ltr'>ἐπέσχον</span> 
     </span>
    </p>
   </div>
   <div class='ocr_carea' id='block_1_79' title="bbox 2340 3483 3848 3559">
    <p class='ocr_par' dir='ltr' id='par_1_79' title="bbox 2340 3483 3848 3559">
     <span class='ocr_line' id='line_1_79' title="bbox 2340 3483 3848 3559; baseline 0 -23"><span class='ocrx_word' id='word_1_570' title='bbox 2340 3483 2438 3555; x_wconf 87' lang='grc' dir='ltr'>τὴν</span> <span class='ocrx_word' id='word_1_571' title='bbox 2470 3484 2808 3555; x_wconf 75' lang='grc' dir='ltr'>ἐπιχείρησιν</span> <span class='ocrx_word' id='word_1_572' title='bbox 2835 3484 3050 3556; x_wconf 84' lang='grc' dir='ltr'>πρῶτος</span> <span class='ocrx_word' id='word_1_573' title='bbox 3081 3485 3379 3557; x_wconf 82' lang='grc' dir='ltr'>ἀρξάμενος</span> <span class='ocrx_word' id='word_1_574' title='bbox 3416 3488 3720 3559; x_wconf 82' lang='grc' dir='ltr'><strong><em>Σέσωστρις</em></strong></span> <span class='ocrx_word' id='word_1_575' title='bbox 3745 3489 3766 3538; x_wconf 90' lang='grc' dir='ltr'><strong>ὀ</strong></span> <span class='ocrx_word' id='word_1_576' title='bbox 3791 3489 3848 3538; x_wconf 79' lang='lat' dir='ltr'><strong><em>Ai-</em></strong></span> 
     </span>
    </p>
   </div>
   <div class='ocr_carea' id='block_1_80' title="bbox 2340 3573 3846 3650">
    <p class='ocr_par' dir='ltr' id='par_1_80' title="bbox 2340 3573 3846 3650">
     <span class='ocr_line' id='line_1_80' title="bbox 2340 3573 3846 3650; baseline 0.001 -23"><span class='ocrx_word' id='word_1_577' title='bbox 2340 3573 2588 3644; x_wconf 87' lang='grc' dir='ltr'>γύπτιος,</span> <span class='ocrx_word' id='word_1_578' title='bbox 2623 3576 2717 3628; x_wconf 69' lang='grc' dir='ltr'><strong><em>καὶ</em></strong></span> <span class='ocrx_word' id='word_1_579' title='bbox 2752 3576 2781 3628; x_wconf 86' lang='grc' dir='ltr'><strong>ὁ</strong></span> <span class='ocrx_word' id='word_1_580' title='bbox 2824 3576 2961 3646; x_wconf 84' lang='grc' dir='ltr'>μετὰ</span> <span class='ocrx_word' id='word_1_581' title='bbox 2992 3577 3164 3630; x_wconf 79' lang='grc' dir='ltr'>ταῦτα</span> <span class='ocrx_word' id='word_1_582' title='bbox 3210 3578 3490 3649; x_wconf 73' lang='grc' dir='ltr'>βουληθεὶς</span> <span class='ocrx_word' id='word_1_583' title='bbox 3538 3579 3846 3650; x_wconf 69' lang='grc' dir='ltr'>ὲπεξεργὰςα-</span> 
     </span>
    </p>
   </div>
   <div class='ocr_carea' id='block_1_81' title="bbox 2342 3666 3846 3738">
    <p class='ocr_par' dir='ltr' id='par_1_81' title="bbox 2342 3666 3846 3738">
     <span class='ocr_line' id='line_1_81' title="bbox 2342 3666 3846 3738; baseline 0.002 -18"><span class='ocrx_word' id='word_1_584' title='bbox 2342 3666 2464 3720; x_wconf 84' lang='grc' dir='ltr'>σθαι</span> <span class='ocrx_word' id='word_1_585' title='bbox 2484 3669 2705 3738; x_wconf 81' lang='grc' dir='ltr'>Δαρεῖος</span> <span class='ocrx_word' id='word_1_586' title='bbox 2725 3668 2752 3719; x_wconf 86' lang='grc' dir='ltr'>ὁ</span> <span class='ocrx_word' id='word_1_587' title='bbox 2777 3668 2974 3738; x_wconf 81' lang='grc' dir='ltr'>Μῆδος.</span> <span class='ocrx_word' id='word_1_588' title='bbox 2997 3667 3312 3725; x_wconf 85' lang='lat' dir='ltr'><strong><em>Habuerunt</em></strong></span> <span class='ocrx_word' id='word_1_589' title='bbox 3328 3673 3396 3726; x_wconf 89' lang='lat' dir='ltr'><strong><em>ab</em></strong></span> <span class='ocrx_word' id='word_1_590' title='bbox 3424 3672 3716 3730; x_wconf 84' lang='lat' dir='ltr'><strong><em>Aristotele</em></strong></span> <span class='ocrx_word' id='word_1_591' title='bbox 3740 3674 3806 3726; x_wconf 86' lang='lat' dir='ltr'><strong><em>lib.</em></strong></span> <span class='ocrx_word' id='word_1_592' title='bbox 3825 3687 3846 3724; x_wconf 90' lang='grc' dir='ltr'><strong><em>ιι</em></strong></span> 
     </span>
    </p>
   </div>
   <div class='ocr_carea' id='block_1_82' title="bbox 2338 3757 3849 3834">
    <p class='ocr_par' dir='ltr' id='par_1_82' title="bbox 2338 3757 3849 3834">
     <span class='ocr_line' id='line_1_82' title="bbox 2338 3757 3849 3834; baseline 0.001 -20"><span class='ocrx_word' id='word_1_593' title='bbox 2338 3757 2586 3826; x_wconf 66' lang='lat' dir='ltr'><strong><em>Meteon,</em></strong></span> <span class='ocrx_word' id='word_1_594' title='bbox 2616 3775 2738 3830; x_wconf 87' lang='lat' dir='ltr'><strong><em>cap.</em></strong></span> <span class='ocrx_word' id='word_1_595' title='bbox 2763 3761 2878 3815; x_wconf 88' lang='lat' dir='ltr'><strong><em>ult:</em></strong></span> <span class='ocrx_word' id='word_1_596' title='bbox 2912 3761 3071 3833; x_wconf 84' lang='grc' dir='ltr'><strong><em>Δηλοί</em></strong></span> <span class='ocrx_word' id='word_1_597' title='bbox 3118 3761 3175 3814; x_wconf 83' lang='grc' dir='ltr'>δὲ</span> <span class='ocrx_word' id='word_1_598' title='bbox 3214 3760 3274 3814; x_wconf 87' lang='grc' dir='ltr'><strong><em>τὸ</em></strong></span> <span class='ocrx_word' id='word_1_599' title='bbox 3305 3763 3597 3834; x_wconf 86' lang='grc' dir='ltr'>γινόμενον</span> <span class='ocrx_word' id='word_1_600' title='bbox 3616 3783 3631 3798; x_wconf 77' lang='grc' dir='ltr'><strong>ο</strong></span> <span class='ocrx_word' id='word_1_601' title='bbox 3661 3765 3752 3828; x_wconf 74' lang='grc' dir='ltr'><strong><em>Οὓς</em></strong></span> <span class='ocrx_word' id='word_1_602' title='bbox 3780 3764 3849 3833; x_wconf 74' lang='grc' dir='ltr'><strong><em>γάρ</em></strong></span> 
     </span>
    </p>
   </div>
   <div class='ocr_carea' id='block_1_83' title="bbox 2339 3849 3848 3926">
    <p class='ocr_par' dir='ltr' id='par_1_83' title="bbox 2339 3849 3848 3926">
     <span class='ocr_line' id='line_1_83' title="bbox 2339 3849 3848 3926; baseline 0.001 -22"><span class='ocrx_word' id='word_1_603' title='bbox 2339 3868 2518 3923; x_wconf 77' lang='grc' dir='ltr'>φαμεν</span> <span class='ocrx_word' id='word_1_604' title='bbox 2541 3852 2929 3922; x_wconf 80' lang='grc' dir='ltr'>ἀρχαιοτάτους</span> <span class='ocrx_word' id='word_1_605' title='bbox 2953 3849 3214 3907; x_wconf 76' lang='grc' dir='ltr'>εἶναιτῶν</span> <span class='ocrx_word' id='word_1_606' title='bbox 3235 3853 3531 3926; x_wconf 84' lang='grc' dir='ltr'>ἀνθρώπων</span> <span class='ocrx_word' id='word_1_607' title='bbox 3558 3857 3848 3926; x_wconf 74' lang='grc' dir='ltr'>Αἰγυπτίους,</span> 
     </span>
    </p>
   </div>
   <div class='ocr_carea' id='block_1_84' title="bbox 2336 3943 3848 4016">
    <p class='ocr_par' dir='ltr' id='par_1_84' title="bbox 2336 3943 3848 4016">
     <span class='ocr_line' id='line_1_84' title="bbox 2336 3943 3848 4016; baseline 0.002 -20"><span class='ocrx_word' id='word_1_608' title='bbox 2336 3943 2539 3997; x_wconf 90' lang='grc' dir='ltr'>τούτων</span> <span class='ocrx_word' id='word_1_609' title='bbox 2590 3943 2809 4016; x_wconf 81' lang='grc' dir='ltr'>ήχώρα</span> <span class='ocrx_word' id='word_1_610' title='bbox 2855 3947 3003 3998; x_wconf 81' lang='grc' dir='ltr'>πᾶσα</span> <span class='ocrx_word' id='word_1_611' title='bbox 3047 3951 3298 4016; x_wconf 86' lang='grc' dir='ltr'>γεγονυῖα</span> <span class='ocrx_word' id='word_1_612' title='bbox 3349 3949 3604 4016; x_wconf 82' lang='grc' dir='ltr'>φαίνεται</span> <span class='ocrx_word' id='word_1_613' title='bbox 3651 3951 3730 4003; x_wconf 76' lang='grc' dir='ltr'>καὶ</span> <span class='ocrx_word' id='word_1_614' title='bbox 3760 3945 3848 4000; x_wconf 69' lang='grc' dir='ltr'>οὖσι</span> 
     </span>
    </p>
   </div>
   <div class='ocr_carea' id='block_1_85' title="bbox 2336 4034 3847 4112">
    <p class='ocr_par' dir='ltr' id='par_1_85' title="bbox 2336 4034 3847 4112">
     <span class='ocr_line' id='line_1_85' title="bbox 2336 4034 3847 4112; baseline 0.001 -24"><span class='ocrx_word' id='word_1_615' title='bbox 2336 4034 2428 4088; x_wconf 84' lang='grc' dir='ltr'>τοῦ</span> <span class='ocrx_word' id='word_1_616' title='bbox 2471 4037 2714 4106; x_wconf 88' lang='grc' dir='ltr'>ποταμοῦ</span> <span class='ocrx_word' id='word_1_617' title='bbox 2765 4036 2940 4108; x_wconf 78' lang='grc' dir='ltr'>ἔργον.</span> <span class='ocrx_word' id='word_1_618' title='bbox 2973 4038 3082 4090; x_wconf 72' lang='grc' dir='ltr'><strong><em>Καὶ</em></strong></span> <span class='ocrx_word' id='word_1_619' title='bbox 3109 4038 3264 4092; x_wconf 83' lang='grc' dir='ltr'>τοῦτο</span> <span class='ocrx_word' id='word_1_620' title='bbox 3310 4040 3448 4093; x_wconf 87' lang='grc' dir='ltr'>κατά</span> <span class='ocrx_word' id='word_1_621' title='bbox 3489 4058 3550 4093; x_wconf 91' lang='grc' dir='ltr'><strong><em>τε</em></strong></span> <span class='ocrx_word' id='word_1_622' title='bbox 3584 4041 3679 4112; x_wconf 79' lang='grc' dir='ltr'>τὴν</span> <span class='ocrx_word' id='word_1_623' title='bbox 3721 4041 3847 4111; x_wconf 73' lang='grc' dir='ltr'>χώραν</span> 
     </span>
    </p>
   </div>
   <div class='ocr_carea' id='block_1_86' title="bbox 2337 4128 3848 4203">
    <p class='ocr_par' dir='ltr' id='par_1_86' title="bbox 2337 4128 3848 4203">
     <span class='ocr_line' id='line_1_86' title="bbox 2337 4128 3848 4203; baseline 0.001 -23"><span class='ocrx_word' id='word_1_624' title='bbox 2337 4128 2504 4199; x_wconf 80' lang='grc' dir='ltr'>αὐτὴν</span> <span class='ocrx_word' id='word_1_625' title='bbox 2531 4128 2725 4200; x_wconf 83' lang='grc' dir='ltr'>ὁρῶντι</span> <span class='ocrx_word' id='word_1_626' title='bbox 2755 4128 2908 4199; x_wconf 88' lang='grc' dir='ltr'>δῆλόν</span> <span class='ocrx_word' id='word_1_627' title='bbox 2946 4130 3084 4194; x_wconf 79' lang='grc' dir='ltr'>ἐστι,</span> <span class='ocrx_word' id='word_1_628' title='bbox 3110 4131 3204 4184; x_wconf 82' lang='grc' dir='ltr'>καὶ</span> <span class='ocrx_word' id='word_1_629' title='bbox 3235 4130 3303 4184; x_wconf 80' lang='grc' dir='ltr'><strong><em>τὰ</em></strong></span> <span class='ocrx_word' id='word_1_630' title='bbox 3336 4131 3462 4202; x_wconf 75' lang='grc' dir='ltr'>περὶ</span> <span class='ocrx_word' id='word_1_631' title='bbox 3498 4131 3606 4203; x_wconf 78' lang='grc' dir='ltr'>τὴν</span> <span class='ocrx_word' id='word_1_632' title='bbox 3649 4130 3848 4202; x_wconf 72' lang='grc' dir='ltr'>Ἐρυθρὰν</span> 
     </span>
    </p>
   </div>
   <div class='ocr_carea' id='block_1_87' title="bbox 2338 4217 3848 4294">
    <p class='ocr_par' dir='ltr' id='par_1_87' title="bbox 2338 4217 3848 4294">
     <span class='ocr_line' id='line_1_87' title="bbox 2338 4217 3848 4294; baseline 0.001 -24"><span class='ocrx_word' id='word_1_633' title='bbox 2338 4217 2610 4272; x_wconf 83' lang='grc' dir='ltr'>Θάλασσαν</span> <span class='ocrx_word' id='word_1_634' title='bbox 2638 4221 2930 4290; x_wconf 83' lang='grc' dir='ltr'>τεκμήριον</span> <span class='ocrx_word' id='word_1_635' title='bbox 2977 4220 3175 4274; x_wconf 81' lang='grc' dir='ltr'>ἱκανόν.</span> <span class='ocrx_word' id='word_1_636' title='bbox 3212 4221 3422 4292; x_wconf 79' lang='grc' dir='ltr'>Ταύτην</span> <span class='ocrx_word' id='word_1_637' title='bbox 3461 4224 3574 4294; x_wconf 84' lang='grc' dir='ltr'>γὰρ</span> <span class='ocrx_word' id='word_1_638' title='bbox 3610 4225 3711 4277; x_wconf 85' lang='grc' dir='ltr'>τῶν</span> <span class='ocrx_word' id='word_1_639' title='bbox 3748 4223 3848 4293; x_wconf 74' lang='grc' dir='ltr'>βασι·</span> 
     </span>
    </p>
   </div>
   <div class='ocr_carea' id='block_1_88' title="bbox 2335 4308 3847 4387">
    <p class='ocr_par' dir='ltr' id='par_1_88' title="bbox 2335 4308 3847 4387">
     <span class='ocr_line' id='line_1_88' title="bbox 2335 4308 3847 4387; baseline 0.001 -25"><span class='ocrx_word' id='word_1_640' title='bbox 2335 4308 2466 4362; x_wconf 86' lang='grc' dir='ltr'>λέων</span> <span class='ocrx_word' id='word_1_641' title='bbox 2498 4326 2580 4373; x_wconf 89' lang='grc' dir='ltr'><strong><em>τις</em></strong></span> <span class='ocrx_word' id='word_1_642' title='bbox 2618 4310 2876 4383; x_wconf 81' lang='grc' dir='ltr'>ἐπειράθη</span> <span class='ocrx_word' id='word_1_643' title='bbox 2923 4311 3238 4384; x_wconf 87' lang='grc' dir='ltr'>διορύττειν.</span> <span class='ocrx_word' id='word_1_644' title='bbox 3271 4315 3344 4367; x_wconf 83' lang='grc' dir='ltr'><strong>Οὐ</strong></span> <span class='ocrx_word' id='word_1_645' title='bbox 3375 4314 3483 4385; x_wconf 87' lang='grc' dir='ltr'>γὰρ</span> <span class='ocrx_word' id='word_1_646' title='bbox 3523 4315 3725 4387; x_wconf 81' lang='grc' dir='ltr'>μικρὰς</span> <span class='ocrx_word' id='word_1_647' title='bbox 3747 4311 3847 4383; x_wconf 82' lang='grc' dir='ltr'>εἶχεν</span> 
     </span>
    </p>
   </div>
   <div class='ocr_carea' id='block_1_89' title="bbox 2335 4399 3844 4475">
    <p class='ocr_par' dir='ltr' id='par_1_89' title="bbox 2335 4399 3844 4475">
     <span class='ocr_line' id='line_1_89' title="bbox 2335 4399 3844 4475; baseline -0.003 -19"><span class='ocrx_word' id='word_1_648' title='bbox 2335 4399 2400 4456; x_wconf 78' lang='grc' dir='ltr'><strong><em>ἂν</em></strong></span> <span class='ocrx_word' id='word_1_649' title='bbox 2433 4402 2612 4466; x_wconf 83' lang='grc' dir='ltr'>αὐτοῖς</span> <span class='ocrx_word' id='word_1_650' title='bbox 2638 4400 2901 4472; x_wconf 83' lang='grc' dir='ltr'>ὠφελείας</span> <span class='ocrx_word' id='word_1_651' title='bbox 2929 4403 3136 4466; x_wconf 85' lang='grc' dir='ltr'>πλωτὸς</span> <span class='ocrx_word' id='word_1_652' title='bbox 3161 4404 3305 4467; x_wconf 74' lang='grc' dir='ltr'>ἅπας</span> <span class='ocrx_word' id='word_1_653' title='bbox 3325 4405 3353 4456; x_wconf 88' lang='grc' dir='ltr'>ὁ</span> <span class='ocrx_word' id='word_1_654' title='bbox 3380 4404 3540 4468; x_wconf 82' lang='grc' dir='ltr'>τόπος</span> <span class='ocrx_word' id='word_1_655' title='bbox 3560 4408 3844 4475; x_wconf 75' lang='grc' dir='ltr'>γιγνόμενος.</span> 
     </span>
    </p>
   </div>
   <div class='ocr_carea' id='block_1_90' title="bbox 679 4485 2243 4568">
    <p class='ocr_par' dir='ltr' id='par_1_90' title="bbox 679 4485 2232 4559">
     <span class='ocr_line' id='line_1_90' title="bbox 679 4485 2232 4559; baseline 0.001 -18"><span class='ocrx_word' id='word_1_656' title='bbox 679 4488 906 4559; x_wconf 88' lang='lat' dir='ltr'><strong><em>undique</em></strong></span> <span class='ocrx_word' id='word_1_657' title='bbox 934 4486 1227 4558; x_wconf 63' lang='lat' dir='ltr'><strong><em>aequaliter,</em></strong></span> <span class='ocrx_word' id='word_1_658' title='bbox 1253 4502 1411 4556; x_wconf 88' lang='lat' dir='ltr'><strong><em>neque</em></strong></span> <span class='ocrx_word' id='word_1_659' title='bbox 1441 4485 1717 4549; x_wconf 86' lang='lat' dir='ltr'><strong><em>redundat,</em></strong></span> <span class='ocrx_word' id='word_1_660' title='bbox 1750 4503 1908 4556; x_wconf 87' lang='lat' dir='ltr'><strong><em>neque</em></strong></span> <span class='ocrx_word' id='word_1_661' title='bbox 1927 4487 2232 4556; x_wconf 68' lang='lat' dir='ltr'><strong><em>eﬂ‘unditur.</em></strong></span> 
     </span>
    </p>
   </div>
   <div class='ocr_carea' id='block_1_91' title="bbox 2358 4485 3848 4568">
    <p class='ocr_par' dir='ltr' id='par_1_91' title="bbox 2358 4491 3848 4568">
     <span class='ocr_line' id='line_1_91' title="bbox 2358 4491 3848 4568; baseline 0.001 -24"><span class='ocrx_word' id='word_1_662' title='bbox 2358 4493 2564 4561; x_wconf 53' lang='grc' dir='ltr'>λέγεται</span> <span class='ocrx_word' id='word_1_663' title='bbox 2595 4491 2652 4544; x_wconf 79' lang='grc' dir='ltr'>δὲ</span> <span class='ocrx_word' id='word_1_664' title='bbox 2691 4492 2912 4563; x_wconf 88' lang='grc' dir='ltr'>πρῶτος</span> <span class='ocrx_word' id='word_1_665' title='bbox 2944 4493 3247 4566; x_wconf 85' lang='grc' dir='ltr'>Σέσωστρις</span> <span class='ocrx_word' id='word_1_666' title='bbox 3293 4497 3641 4568; x_wconf 82' lang='grc' dir='ltr'>ἐπιχειρῆσαι</span> <span class='ocrx_word' id='word_1_667' title='bbox 3669 4497 3761 4550; x_wconf 82' lang='grc' dir='ltr'>τῶν</span> <span class='ocrx_word' id='word_1_668' title='bbox 3782 4510 3848 4545; x_wconf 77' lang='grc' dir='ltr'>πτι-</span> 
     </span>
    </p>
   </div>
   <div class='ocr_carea' id='block_1_92' title="bbox 680 4579 2238 4651">
    <p class='ocr_par' dir='ltr' id='par_1_92' title="bbox 680 4579 2238 4651">
     <span class='ocr_line' id='line_1_92' title="bbox 680 4579 2238 4651; baseline 0.001 -16"><span class='ocrx_word' id='word_1_669' title='bbox 680 4581 788 4635; x_wconf 84' lang='lat' dir='ltr'><strong><em>Alii</em></strong></span> <span class='ocrx_word' id='word_1_670' title='bbox 829 4587 1030 4636; x_wconf 90' lang='lat' dir='ltr'><strong><em>terram</em></strong></span> <span class='ocrx_word' id='word_1_671' title='bbox 1058 4595 1181 4636; x_wconf 91' lang='lat' dir='ltr'><strong><em>esse</em></strong></span> <span class='ocrx_word' id='word_1_672' title='bbox 1212 4594 1362 4634; x_wconf 89' lang='lat' dir='ltr'><strong><em>mare</em></strong></span> <span class='ocrx_word' id='word_1_673' title='bbox 1395 4579 1665 4643; x_wconf 86' lang='lat' dir='ltr'><strong><em>altiorem,</em></strong></span> <span class='ocrx_word' id='word_1_674' title='bbox 1717 4588 1776 4632; x_wconf 87' lang='lat' dir='ltr'><strong><em>ut</em></strong></span> <span class='ocrx_word' id='word_1_675' title='bbox 1817 4579 2238 4651; x_wconf 82' lang='lat' dir='ltr'><strong><em>Chrysostomus</em></strong></span> 
     </span>
    </p>
   </div>
   <div class='ocr_carea' id='block_1_93' title="bbox 678 4672 2234 4744">
    <p class='ocr_par' dir='ltr' id='par_1_93' title="bbox 678 4672 2234 4744">
     <span class='ocr_line' id='line_1_93' title="bbox 678 4672 2234 4744; baseline -0.001 -16"><span class='ocrx_word' id='word_1_676' title='bbox 678 4672 827 4728; x_wconf 86' lang='lat' dir='ltr'><strong><em>hom.</em></strong></span> <span class='ocrx_word' id='word_1_677' title='bbox 849 4673 882 4728; x_wconf 88' lang='lat'><strong>9</strong></span> <span class='ocrx_word' id='word_1_678' title='bbox 905 4672 972 4727; x_wconf 90' lang='lat' dir='ltr'><strong><em>ad</em></strong></span> <span class='ocrx_word' id='word_1_679' title='bbox 988 4688 1107 4742; x_wconf 89' lang='lat' dir='ltr'><strong><em>pop.</em></strong></span> <span class='ocrx_word' id='word_1_680' title='bbox 1125 4672 1396 4738; x_wconf 81' lang='lat' dir='ltr'><strong><em>Antioch.;</em></strong></span> <span class='ocrx_word' id='word_1_681' title='bbox 1440 4675 1779 4744; x_wconf 79' lang='lat' dir='ltr'><strong><em>Augustinus</em></strong></span> <span class='ocrx_word' id='word_1_682' title='bbox 1802 4674 1854 4726; x_wconf 89' lang='lat' dir='ltr'><strong><em>in</em></strong></span> <span class='ocrx_word' id='word_1_683' title='bbox 1873 4672 2009 4741; x_wconf 89' lang='lat' dir='ltr'><strong><em>psal.</em></strong></span> <span class='ocrx_word' id='word_1_684' title='bbox 2040 4689 2234 4741; x_wconf 79' lang='lat' dir='ltr'><strong><em>cxxxv;</em></strong></span> 
     </span>
    </p>
   </div>
   <div class='ocr_carea' id='block_1_94' title="bbox 679 4763 2237 4836">
    <p class='ocr_par' dir='ltr' id='par_1_94' title="bbox 679 4763 2237 4836">
     <span class='ocr_line' id='line_1_94' title="bbox 679 4763 2237 4836; baseline 0.001 -18"><span class='ocrx_word' id='word_1_685' title='bbox 679 4764 1041 4836; x_wconf 83' lang='lat' dir='ltr'><strong><em>Hieronymus</em></strong></span> <span class='ocrx_word' id='word_1_686' title='bbox 1067 4765 1122 4819; x_wconf 89' lang='lat' dir='ltr'><strong><em>in</em></strong></span> <span class='ocrx_word' id='word_1_687' title='bbox 1161 4764 1293 4819; x_wconf 90' lang='lat' dir='ltr'><strong><em>illud</em></strong></span> <span class='ocrx_word' id='word_1_688' title='bbox 1337 4767 1476 4836; x_wconf 86' lang='lat' dir='ltr'><strong><em>psal.</em></strong></span> <span class='ocrx_word' id='word_1_689' title='bbox 1496 4781 1665 4832; x_wconf 75' lang='lat' dir='ltr'><strong><em>xxx&quot;,</em></strong></span> <span class='ocrx_word' id='word_1_690' title='bbox 1688 4763 2015 4836; x_wconf 86' lang='lat' dir='ltr'><strong><em>Congregans</em></strong></span> <span class='ocrx_word' id='word_1_691' title='bbox 2031 4765 2165 4819; x_wconf 89' lang='lat' dir='ltr'><strong><em>sicut</em></strong></span> <span class='ocrx_word' id='word_1_692' title='bbox 2182 4767 2237 4820; x_wconf 89' lang='lat' dir='ltr'><strong><em>in</em></strong></span> 
     </span>
    </p>
   </div>
   <div class='ocr_carea' id='block_1_95' title="bbox 677 4856 2232 4928">
    <p class='ocr_par' dir='ltr' id='par_1_95' title="bbox 677 4856 2232 4928">
     <span class='ocr_line' id='line_1_95' title="bbox 677 4856 2232 4928; baseline 0.001 -18"><span class='ocrx_word' id='word_1_693' title='bbox 677 4866 794 4911; x_wconf 86' lang='lat' dir='ltr'><strong><em>utre</em></strong></span> <span class='ocrx_word' id='word_1_694' title='bbox 833 4874 997 4928; x_wconf 89' lang='lat' dir='ltr'><strong><em>aquas</em></strong></span> <span class='ocrx_word' id='word_1_695' title='bbox 1031 4858 1233 4923; x_wconf 88' lang='lat' dir='ltr'><strong><em>maris;</em></strong></span> <span class='ocrx_word' id='word_1_696' title='bbox 1269 4857 1637 4914; x_wconf 85' lang='lat' dir='ltr'><strong><em>Damasccnus</em></strong></span> <span class='ocrx_word' id='word_1_697' title='bbox 1678 4858 1772 4912; x_wconf 93' lang='lat' dir='ltr'><strong><em>lib.</em></strong></span> <span class='ocrx_word' id='word_1_698' title='bbox 1805 4873 1843 4911; x_wconf 84' lang='grc' dir='ltr'><strong><em>ιι</em></strong></span> <span class='ocrx_word' id='word_1_699' title='bbox 1875 4856 2000 4912; x_wconf 85' lang='lat' dir='ltr'><strong><em>Fid.</em></strong></span> <span class='ocrx_word' id='word_1_700' title='bbox 2028 4858 2232 4912; x_wconf 82' lang='lat' dir='ltr'><strong><em>orthod.</em></strong></span> 
     </span>
    </p>
   </div>
   <div class='ocr_carea' id='block_1_96' title="bbox 678 4946 2232 5018">
    <p class='ocr_par' dir='ltr' id='par_1_96' title="bbox 678 4946 2232 5018">
     <span class='ocr_line' id='line_1_96' title="bbox 678 4946 2232 5018; baseline 0.003 -17"><span class='ocrx_word' id='word_1_701' title='bbox 678 4961 798 5016; x_wconf 83' lang='lat' dir='ltr'><strong><em>cap.</em></strong></span> <span class='ocrx_word' id='word_1_702' title='bbox 820 4947 853 5001; x_wconf 91' lang='lat'><strong>9</strong></span> <span class='ocrx_word' id='word_1_703' title='bbox 878 4957 930 5002; x_wconf 90' lang='lat' dir='ltr'><strong><em>et</em></strong></span> <span class='ocrx_word' id='word_1_704' title='bbox 958 4947 1058 5015; x_wconf 73' lang='lat'><strong><em>10;</em></strong></span> <span class='ocrx_word' id='word_1_705' title='bbox 1089 4946 1429 5004; x_wconf 88' lang='lat' dir='ltr'><strong><em>Contarenus</em></strong></span> <span class='ocrx_word' id='word_1_706' title='bbox 1454 4947 1549 5018; x_wconf 90' lang='lat' dir='ltr'><strong><em>lib.</em></strong></span> <span class='ocrx_word' id='word_1_707' title='bbox 1578 4963 1614 5001; x_wconf 86' lang='grc' dir='ltr'><strong><em>ιι</em></strong></span> <span class='ocrx_word' id='word_1_708' title='bbox 1635 4947 1711 5002; x_wconf 88' lang='lat' dir='ltr'><strong><em>De</em></strong></span> <span class='ocrx_word' id='word_1_709' title='bbox 1735 4950 2022 5013; x_wconf 86' lang='lat' dir='ltr'><strong><em>elementis,</em></strong></span> <span class='ocrx_word' id='word_1_710' title='bbox 2045 4955 2100 5004; x_wconf 92' lang='lat' dir='ltr'><strong><em>et</em></strong></span> <span class='ocrx_word' id='word_1_711' title='bbox 2119 4950 2232 5005; x_wconf 88' lang='lat' dir='ltr'><strong><em>alii.</em></strong></span> 
     </span>
    </p>
   </div>
   <div class='ocr_carea' id='block_1_97' title="bbox 677 5037 2236 5108">
    <p class='ocr_par' dir='ltr' id='par_1_97' title="bbox 677 5037 2236 5108">
     <span class='ocr_line' id='line_1_97' title="bbox 677 5037 2236 5108; baseline 0.004 -17"><span class='ocrx_word' id='word_1_712' title='bbox 677 5037 808 5104; x_wconf 72' lang='lat' dir='ltr'><strong><em>Qua:</em></strong></span> <span class='ocrx_word' id='word_1_713' title='bbox 845 5038 966 5092; x_wconf 70' lang='lat' dir='ltr'><strong><em>dum</em></strong></span> <span class='ocrx_word' id='word_1_714' title='bbox 1017 5039 1300 5108; x_wconf 82' lang='lat' dir='ltr'><strong><em>Opiniones</em></strong></span> <span class='ocrx_word' id='word_1_715' title='bbox 1352 5040 1452 5095; x_wconf 88' lang='lat' dir='ltr'><strong><em>etsi</em></strong></span> <span class='ocrx_word' id='word_1_716' title='bbox 1503 5040 1732 5094; x_wconf 90' lang='lat' dir='ltr'><strong><em>multum</em></strong></span> <span class='ocrx_word' id='word_1_717' title='bbox 1774 5041 1915 5095; x_wconf 90' lang='lat' dir='ltr'><strong><em>inter</em></strong></span> <span class='ocrx_word' id='word_1_718' title='bbox 1945 5057 2004 5096; x_wconf 88' lang='lat' dir='ltr'><strong><em>se</em></strong></span> <span class='ocrx_word' id='word_1_719' title='bbox 2031 5039 2236 5097; x_wconf 88' lang='lat' dir='ltr'><strong><em>distare</em></strong></span> 
     </span>
    </p>
   </div>
   <div class='ocr_carea' id='block_1_98' title="bbox 675 5122 2234 5193">
    <p class='ocr_par' dir='ltr' id='par_1_98' title="bbox 675 5122 2234 5193">
     <span class='ocr_line' id='line_1_98' title="bbox 675 5122 2234 5193; baseline 0.003 -17"><span class='ocrx_word' id='word_1_720' title='bbox 675 5122 951 5188; x_wconf 87' lang='lat' dir='ltr'><strong><em>videntur,</em></strong></span> <span class='ocrx_word' id='word_1_721' title='bbox 991 5138 1090 5193; x_wconf 88' lang='lat' dir='ltr'><strong><em>ego</em></strong></span> <span class='ocrx_word' id='word_1_722' title='bbox 1123 5130 1305 5178; x_wconf 89' lang='lat' dir='ltr'><strong><em>tamen</em></strong></span> <span class='ocrx_word' id='word_1_723' title='bbox 1338 5123 1564 5179; x_wconf 79' lang='lat' dir='ltr'><strong><em>dixerim</em></strong></span> <span class='ocrx_word' id='word_1_724' title='bbox 1606 5132 1854 5180; x_wconf 87' lang='lat' dir='ltr'><strong><em>neutram</em></strong></span> <span class='ocrx_word' id='word_1_725' title='bbox 1887 5123 2102 5192; x_wconf 84' lang='lat' dir='ltr'><strong><em>falsam,</em></strong></span> <span class='ocrx_word' id='word_1_726' title='bbox 2138 5125 2234 5181; x_wconf 85' lang='lat' dir='ltr'><strong><em>sed</em></strong></span> 
     </span>
    </p>
   </div>
   <div class='ocr_carea' id='block_1_99' title="bbox 676 5213 2232 5282">
    <p class='ocr_par' dir='ltr' id='par_1_99' title="bbox 676 5213 2232 5282">
     <span class='ocr_line' id='line_1_99' title="bbox 676 5213 2232 5282; baseline 0.004 -17"><span class='ocrx_word' id='word_1_727' title='bbox 676 5213 1039 5267; x_wconf 89' lang='lat' dir='ltr'><strong><em>certissimam</em></strong></span> <span class='ocrx_word' id='word_1_728' title='bbox 1063 5219 1350 5282; x_wconf 90' lang='lat' dir='ltr'><strong><em>utramque</em></strong></span> <span class='ocrx_word' id='word_1_729' title='bbox 1371 5221 1425 5268; x_wconf 91' lang='lat' dir='ltr'><strong><em>et</em></strong></span> <span class='ocrx_word' id='word_1_730' title='bbox 1445 5229 1648 5280; x_wconf 84' lang='lat' dir='ltr'><strong><em>veram,</em></strong></span> <span class='ocrx_word' id='word_1_731' title='bbox 1675 5215 1722 5269; x_wconf 91' lang='lat' dir='ltr'><strong><em>si</em></strong></span> <span class='ocrx_word' id='word_1_732' title='bbox 1750 5230 1858 5269; x_wconf 91' lang='lat' dir='ltr'><strong><em>non</em></strong></span> <span class='ocrx_word' id='word_1_733' title='bbox 1885 5215 1952 5270; x_wconf 93' lang='lat' dir='ltr'><strong><em>de</em></strong></span> <span class='ocrx_word' id='word_1_734' title='bbox 1974 5216 2232 5272; x_wconf 90' lang='lat' dir='ltr'><strong><em>universo</em></strong></span> 
     </span>
    </p>
   </div>
   <div class='ocr_carea' id='block_1_100' title="bbox 676 5303 2230 5378">
    <p class='ocr_par' dir='ltr' id='par_1_100' title="bbox 676 5303 2230 5378">
     <span class='ocr_line' id='line_1_100' title="bbox 676 5303 2230 5378; baseline 0.003 -20"><span class='ocrx_word' id='word_1_735' title='bbox 676 5314 834 5358; x_wconf 73' lang='lat' dir='ltr'><strong><em>terras</em></strong></span> <span class='ocrx_word' id='word_1_736' title='bbox 854 5303 1143 5368; x_wconf 89' lang='lat' dir='ltr'><strong><em>elemento,</em></strong></span> <span class='ocrx_word' id='word_1_737' title='bbox 1174 5319 1349 5373; x_wconf 86' lang='lat' dir='ltr'><strong><em>neque</em></strong></span> <span class='ocrx_word' id='word_1_738' title='bbox 1371 5319 1541 5375; x_wconf 63' lang='lat' dir='ltr'><strong><em>aquai,</em></strong></span> <span class='ocrx_word' id='word_1_739' title='bbox 1571 5305 1665 5361; x_wconf 90' lang='lat' dir='ltr'><strong><em>sed</em></strong></span> <span class='ocrx_word' id='word_1_740' title='bbox 1703 5314 1858 5377; x_wconf 86' lang='lat' dir='ltr'><strong><em>parte</em></strong></span> <span class='ocrx_word' id='word_1_741' title='bbox 1883 5307 2118 5378; x_wconf 86' lang='lat' dir='ltr'><strong><em>quadam</em></strong></span> <span class='ocrx_word' id='word_1_742' title='bbox 2143 5309 2230 5363; x_wconf 91' lang='lat' dir='ltr'><strong><em>in-</em></strong></span> 
     </span>
    </p>
   </div>
   <div class='ocr_carea' id='block_1_101' title="bbox 673 5395 2232 5471">
    <p class='ocr_par' dir='ltr' id='par_1_101' title="bbox 673 5395 2232 5471">
     <span class='ocr_line' id='line_1_101' title="bbox 673 5395 2232 5471; baseline 0.004 -22"><span class='ocrx_word' id='word_1_743' title='bbox 673 5396 966 5467; x_wconf 79' lang='lat' dir='ltr'><strong><em>telligatur.</em></strong></span> <span class='ocrx_word' id='word_1_744' title='bbox 1016 5395 1276 5462; x_wconf 74' lang='lat' dir='ltr'><strong><em>Quamvis</em></strong></span> <span class='ocrx_word' id='word_1_745' title='bbox 1307 5397 1451 5451; x_wconf 90' lang='lat' dir='ltr'><strong><em>enim</em></strong></span> <span class='ocrx_word' id='word_1_746' title='bbox 1489 5397 1630 5453; x_wconf 92' lang='lat' dir='ltr'><strong><em>Deus</em></strong></span> <span class='ocrx_word' id='word_1_747' title='bbox 1660 5413 1832 5471; x_wconf 85' lang='lat' dir='ltr'><strong><em>aquas</em></strong></span> <span class='ocrx_word' id='word_1_748' title='bbox 1872 5408 2073 5455; x_wconf 90' lang='lat' dir='ltr'><strong><em>terram</em></strong></span> <span class='ocrx_word' id='word_1_749' title='bbox 2113 5415 2232 5455; x_wconf 91' lang='lat' dir='ltr'><strong><em>om-</em></strong></span> 
     </span>
    </p>
   </div>
   <div class='ocr_carea' id='block_1_102' title="bbox 673 5488 2229 5562">
    <p class='ocr_par' dir='ltr' id='par_1_102' title="bbox 673 5488 2229 5562">
     <span class='ocr_line' id='line_1_102' title="bbox 673 5488 2229 5562; baseline 0.003 -20"><span class='ocrx_word' id='word_1_750' title='bbox 673 5503 799 5542; x_wconf 88' lang='lat' dir='ltr'><strong><em>nem</em></strong></span> <span class='ocrx_word' id='word_1_751' title='bbox 827 5505 928 5544; x_wconf 92' lang='lat' dir='ltr'><strong><em>suo</em></strong></span> <span class='ocrx_word' id='word_1_752' title='bbox 961 5488 1110 5544; x_wconf 84' lang='lat' dir='ltr'><strong><em>ﬂuxu</em></strong></span> <span class='ocrx_word' id='word_1_753' title='bbox 1149 5497 1476 5559; x_wconf 86' lang='lat' dir='ltr'><strong><em>occupantes</em></strong></span> <span class='ocrx_word' id='word_1_754' title='bbox 1503 5501 1778 5562; x_wconf 85' lang='lat' dir='ltr'><strong><em>separatas</em></strong></span> <span class='ocrx_word' id='word_1_755' title='bbox 1822 5491 1877 5547; x_wconf 91' lang='lat' dir='ltr'><strong><em>in</em></strong></span> <span class='ocrx_word' id='word_1_756' title='bbox 1915 5508 2082 5547; x_wconf 90' lang='lat' dir='ltr'><strong><em>unum</em></strong></span> <span class='ocrx_word' id='word_1_757' title='bbox 2115 5493 2229 5548; x_wconf 85' lang='lat' dir='ltr'><strong><em>vel-</em></strong></span> 
     </span>
    </p>
   </div>
   <div class='ocr_carea' id='block_1_103' title="bbox 674 5581 2227 5649">
    <p class='ocr_par' dir='ltr' id='par_1_103' title="bbox 674 5581 2227 5649">
     <span class='ocr_line' id='line_1_103' title="bbox 674 5581 2227 5649; baseline 0.005 -18"><span class='ocrx_word' id='word_1_758' title='bbox 674 5581 751 5633; x_wconf 85' lang='lat' dir='ltr'><strong><em>u-ti</em></strong></span> <span class='ocrx_word' id='word_1_759' title='bbox 789 5581 990 5647; x_wconf 89' lang='lat' dir='ltr'><strong><em>locum,</em></strong></span> <span class='ocrx_word' id='word_1_760' title='bbox 1021 5589 1075 5637; x_wconf 92' lang='lat' dir='ltr'><strong><em>et</em></strong></span> <span class='ocrx_word' id='word_1_761' title='bbox 1129 5584 1415 5638; x_wconf 87' lang='lat' dir='ltr'><strong><em>stationem</em></strong></span> <span class='ocrx_word' id='word_1_762' title='bbox 1464 5584 1743 5649; x_wconf 85' lang='lat' dir='ltr'><strong><em>detulerit,</em></strong></span> <span class='ocrx_word' id='word_1_763' title='bbox 1777 5591 1831 5640; x_wconf 89' lang='lat' dir='ltr'><strong><em>et</em></strong></span> <span class='ocrx_word' id='word_1_764' title='bbox 1863 5592 2006 5639; x_wconf 88' lang='lat' dir='ltr'><strong><em>terra</em></strong></span> <span class='ocrx_word' id='word_1_765' title='bbox 2043 5599 2137 5640; x_wconf 86' lang='lat' dir='ltr'><strong><em>eas</em></strong></span> <span class='ocrx_word' id='word_1_766' title='bbox 2172 5586 2227 5639; x_wconf 88' lang='lat' dir='ltr'><strong><em>in</em></strong></span> 
     </span>
    </p>
   </div>
   <div class='ocr_carea' id='block_1_104' title="bbox 675 5672 2226 5745">
    <p class='ocr_par' dir='ltr' id='par_1_104' title="bbox 675 5672 2226 5745">
     <span class='ocr_line' id='line_1_104' title="bbox 675 5672 2226 5745; baseline 0.006 -24"><span class='ocrx_word' id='word_1_767' title='bbox 675 5672 896 5738; x_wconf 85' lang='lat' dir='ltr'><strong><em>proprio</em></strong></span> <span class='ocrx_word' id='word_1_768' title='bbox 918 5673 1062 5737; x_wconf 88' lang='lat' dir='ltr'><strong><em>sinu,</em></strong></span> <span class='ocrx_word' id='word_1_769' title='bbox 1094 5689 1324 5730; x_wconf 86' lang='lat' dir='ltr'><strong><em>caverna</em></strong></span> <span class='ocrx_word' id='word_1_770' title='bbox 1355 5675 1620 5729; x_wconf 83' lang='lat' dir='ltr'><strong><em>duntaxat</em></strong></span> <span class='ocrx_word' id='word_1_771' title='bbox 1652 5675 2009 5745; x_wconf 86' lang='lat' dir='ltr'><strong><em>amplissima,</em></strong></span> <span class='ocrx_word' id='word_1_772' title='bbox 2036 5685 2226 5731; x_wconf 90' lang='lat' dir='ltr'><strong><em>mutuo</em></strong></span> 
     </span>
    </p>
   </div>
   <div class='ocr_carea' id='block_1_105' title="bbox 677 5762 2222 5837">
    <p class='ocr_par' dir='ltr' id='par_1_105' title="bbox 677 5762 2222 5837">
     <span class='ocr_line' id='line_1_105' title="bbox 677 5762 2222 5837; baseline 0.006 -23"><span class='ocrx_word' id='word_1_773' title='bbox 677 5762 954 5828; x_wconf 80' lang='lat' dir='ltr'><strong><em>complexu</em></strong></span> <span class='ocrx_word' id='word_1_774' title='bbox 983 5769 1271 5835; x_wconf 83' lang='lat' dir='ltr'><strong><em>exceperit.</em></strong></span> <span class='ocrx_word' id='word_1_775' title='bbox 1307 5783 1414 5822; x_wconf 89' lang='lat' dir='ltr'><strong><em>non</em></strong></span> <span class='ocrx_word' id='word_1_776' title='bbox 1460 5774 1640 5822; x_wconf 80' lang='lat' dir='ltr'><strong><em>tamen</em></strong></span> <span class='ocrx_word' id='word_1_777' title='bbox 1679 5766 1731 5820; x_wconf 92' lang='lat' dir='ltr'><strong><em>id</em></strong></span> <span class='ocrx_word' id='word_1_778' title='bbox 1764 5766 1838 5820; x_wconf 85' lang='lat' dir='ltr'><strong><em>ita</em></strong></span> <span class='ocrx_word' id='word_1_779' title='bbox 1878 5767 2124 5837; x_wconf 74' lang='lat' dir='ltr'><strong><em>contigit,</em></strong></span> <span class='ocrx_word' id='word_1_780' title='bbox 2164 5777 2222 5823; x_wconf 85' lang='lat' dir='ltr'><strong><em>ut</em></strong></span> 
     </span>
    </p>
   </div>
   <div class='ocr_carea' id='block_1_106' title="bbox 2338 4577 3847 4660">
    <p class='ocr_par' dir='ltr' id='par_1_106' title="bbox 2338 4577 3847 4660">
     <span class='ocr_line' id='line_1_106' title="bbox 2338 4577 3847 4660; baseline 0.001 -23"><span class='ocrx_word' id='word_1_781' title='bbox 2338 4585 2534 4638; x_wconf 83' lang='grc' dir='ltr'>λαιῶν·</span> <span class='ocrx_word' id='word_1_782' title='bbox 2579 4583 2692 4637; x_wconf 81' lang='grc' dir='ltr'>ἀλλ’</span> <span class='ocrx_word' id='word_1_783' title='bbox 2722 4577 2878 4655; x_wconf 75' lang='grc' dir='ltr'>εὗρεν</span> <span class='ocrx_word' id='word_1_784' title='bbox 2923 4584 3256 4658; x_wconf 78' lang='grc' dir='ltr'>ὑψηλοτέραν</span> <span class='ocrx_word' id='word_1_785' title='bbox 3301 4584 3462 4640; x_wconf 76' lang='grc' dir='ltr'>οὖσαν</span> <span class='ocrx_word' id='word_1_786' title='bbox 3488 4589 3589 4660; x_wconf 82' lang='grc' dir='ltr'>τὴν</span> <span class='ocrx_word' id='word_1_787' title='bbox 3641 4589 3847 4643; x_wconf 65' lang='grc' dir='ltr'>θάλατταν*</span> 
     </span>
    </p>
   </div>
   <div class='ocr_carea' id='block_1_107' title="bbox 2335 4674 3848 4751">
    <p class='ocr_par' dir='ltr' id='par_1_107' title="bbox 2335 4674 3848 4751">
     <span class='ocr_line' id='line_1_107' title="bbox 2335 4674 3848 4751; baseline 0.001 -23"><span class='ocrx_word' id='word_1_788' title='bbox 2335 4676 2432 4746; x_wconf 88' lang='grc' dir='ltr'>τῆς</span> <span class='ocrx_word' id='word_1_789' title='bbox 2464 4676 2583 4746; x_wconf 86' lang='grc' dir='ltr'>γῆς.</span> <span class='ocrx_word' id='word_1_790' title='bbox 2618 4674 2708 4726; x_wconf 88' lang='grc' dir='ltr'><strong><em>Διὺ</em></strong></span> <span class='ocrx_word' id='word_1_791' title='bbox 2741 4676 2942 4739; x_wconf 79' lang='grc' dir='ltr'>ἐκεῖνός</span> <span class='ocrx_word' id='word_1_792' title='bbox 2963 4693 3022 4728; x_wconf 90' lang='grc' dir='ltr'><strong><em>τε</em></strong></span> <span class='ocrx_word' id='word_1_793' title='bbox 3064 4677 3345 4749; x_wconf 84' lang='grc' dir='ltr'>πρότερον,</span> <span class='ocrx_word' id='word_1_794' title='bbox 3375 4680 3464 4731; x_wconf 84' lang='grc' dir='ltr'><strong><em>καί</em></strong></span> <span class='ocrx_word' id='word_1_795' title='bbox 3491 4681 3712 4751; x_wconf 85' lang='grc' dir='ltr'>Δαρεῖος</span> <span class='ocrx_word' id='word_1_796' title='bbox 3740 4679 3848 4731; x_wconf 80' lang='grc' dir='ltr'>ὓπε-</span> 
     </span>
    </p>
   </div>
   <div class='ocr_carea' id='block_1_108' title="bbox 2337 4765 3846 4845">
    <p class='ocr_par' dir='ltr' id='par_1_108' title="bbox 2337 4765 3846 4845">
     <span class='ocr_line' id='line_1_108' title="bbox 2337 4765 3846 4845; baseline 0.001 -27"><span class='ocrx_word' id='word_1_797' title='bbox 2337 4783 2427 4838; x_wconf 81' lang='grc' dir='ltr'><strong><em>ρον</em></strong></span> <span class='ocrx_word' id='word_1_798' title='bbox 2449 4765 2718 4819; x_wconf 83' lang='grc' dir='ltr'>ἐπαύσατο</span> <span class='ocrx_word' id='word_1_799' title='bbox 2745 4767 3053 4837; x_wconf 82' lang='grc' dir='ltr'>διορύττων,</span> <span class='ocrx_word' id='word_1_800' title='bbox 3073 4769 3220 4832; x_wconf 84' lang='grc' dir='ltr'>ὅπως</span> <span class='ocrx_word' id='word_1_801' title='bbox 3249 4771 3320 4839; x_wconf 81' lang='grc' dir='ltr'>μὴ</span> <span class='ocrx_word' id='word_1_802' title='bbox 3343 4770 3614 4845; x_wconf 75' lang='grc' dir='ltr'>διαφθαρῇ</span> <span class='ocrx_word' id='word_1_803' title='bbox 3637 4772 3694 4824; x_wconf 79' lang='grc' dir='ltr'><strong><em>τὸ</em></strong></span> <span class='ocrx_word' id='word_1_804' title='bbox 3720 4769 3846 4839; x_wconf 67' lang='grc' dir='ltr'>ῥεῦμα</span> 
     </span>
    </p>
   </div>
   <div class='ocr_carea' id='block_1_109' title="bbox 2334 4856 3845 4932">
    <p class='ocr_par' dir='ltr' id='par_1_109' title="bbox 2334 4856 3845 4932">
     <span class='ocr_line' id='line_1_109' title="bbox 2334 4856 3845 4932; baseline 0 -23"><span class='ocrx_word' id='word_1_805' title='bbox 2334 4857 2424 4909; x_wconf 80' lang='grc' dir='ltr'>τοῦ</span> <span class='ocrx_word' id='word_1_806' title='bbox 2481 4856 2726 4927; x_wconf 88' lang='grc' dir='ltr'>ποταμοῦ</span> <span class='ocrx_word' id='word_1_807' title='bbox 2777 4859 3140 4929; x_wconf 86' lang='grc' dir='ltr'>συμμιγείσης</span> <span class='ocrx_word' id='word_1_808' title='bbox 3199 4861 3296 4930; x_wconf 77' lang='grc' dir='ltr'>τῆς</span> <span class='ocrx_word' id='word_1_809' title='bbox 3343 4861 3633 4932; x_wconf 83' lang='grc' dir='ltr'>θαλάττης.</span> <span class='ocrx_word' id='word_1_810' title='bbox 3698 4858 3845 4916; x_wconf 80' lang='lat' dir='ltr'><strong><em>Strabo</em></strong></span> 
     </span>
    </p>
   </div>
   <div class='ocr_carea' id='block_1_110' title="bbox 2335 4947 3847 5026">
    <p class='ocr_par' dir='ltr' id='par_1_110' title="bbox 2335 4947 3847 5026">
     <span class='ocr_line' id='line_1_110' title="bbox 2335 4947 3847 5026; baseline 0 -24"><span class='ocrx_word' id='word_1_811' title='bbox 2335 4949 2428 5002; x_wconf 89' lang='lat' dir='ltr'><strong><em>lib.</em></strong></span> <span class='ocrx_word' id='word_1_812' title='bbox 2455 4963 2471 5002; x_wconf 92' lang='lat' dir='ltr'><strong><em>t</em></strong></span> <span class='ocrx_word' id='word_1_813' title='bbox 2509 4948 2840 5012; x_wconf 75' lang='grc' dir='ltr'>ςἈπιθάνως</span> <span class='ocrx_word' id='word_1_814' title='bbox 2865 4947 2920 5002; x_wconf 84' lang='grc' dir='ltr'><strong><em>δὲ</em></strong></span> <span class='ocrx_word' id='word_1_815' title='bbox 2951 4949 3111 5018; x_wconf 88' lang='grc' dir='ltr'>λέγω,</span> <span class='ocrx_word' id='word_1_816' title='bbox 3141 4952 3221 5004; x_wconf 83' lang='grc' dir='ltr'><strong><em>ὅτι</em></strong></span> <span class='ocrx_word' id='word_1_817' title='bbox 3254 4953 3359 5024; x_wconf 84' lang='grc' dir='ltr'><strong><em>πρὸ</em></strong></span> <span class='ocrx_word' id='word_1_818' title='bbox 3388 4953 3494 5006; x_wconf 82' lang='grc' dir='ltr'><strong><em>τῶν</em></strong></span> <span class='ocrx_word' id='word_1_819' title='bbox 3525 4953 3770 5026; x_wconf 85' lang='grc' dir='ltr'>Τρωϊκῶν</span> <span class='ocrx_word' id='word_1_820' title='bbox 3786 4949 3847 5000; x_wconf 68' lang='grc' dir='ltr'><strong><em>οὗ·</em></strong></span> 
     </span>
    </p>
   </div>
   <div class='ocr_carea' id='block_1_111' title="bbox 2332 5035 3843 5116">
    <p class='ocr_par' dir='ltr' id='par_1_111' title="bbox 2332 5035 3843 5116">
     <span class='ocr_line' id='line_1_111' title="bbox 2332 5035 3843 5116; baseline 0.002 -23"><span class='ocrx_word' id='word_1_821' title='bbox 2332 5040 2492 5111; x_wconf 84' lang='grc' dir='ltr'>δεμία</span> <span class='ocrx_word' id='word_1_822' title='bbox 2529 5035 2596 5111; x_wconf 85' lang='grc' dir='ltr'>ἦν</span> <span class='ocrx_word' id='word_1_823' title='bbox 2621 5040 2836 5112; x_wconf 83' lang='grc' dir='ltr'>διώρυξ.</span> <span class='ocrx_word' id='word_1_824' title='bbox 2862 5042 2964 5094; x_wconf 90' lang='grc' dir='ltr'>Τὸν</span> <span class='ocrx_word' id='word_1_825' title='bbox 2998 5041 3054 5094; x_wconf 87' lang='grc' dir='ltr'>δὲ</span> <span class='ocrx_word' id='word_1_826' title='bbox 3096 5043 3514 5116; x_wconf 78' lang='grc' dir='ltr'>ἐπιχειρήσαντα</span> <span class='ocrx_word' id='word_1_827' title='bbox 3549 5040 3843 5116; x_wconf 83' lang='grc' dir='ltr'>ποιῆσαι</span> 
     </span>
    </p>
   </div>
   <div class='ocr_carea' id='block_1_112' title="bbox 2334 5136 3843 5210">
    <p class='ocr_par' dir='ltr' id='par_1_112' title="bbox 2334 5136 3843 5210">
     <span class='ocr_line' id='line_1_112' title="bbox 2334 5136 3843 5210; baseline -0.002 -23"><span class='ocrx_word' id='word_1_828' title='bbox 2334 5151 2562 5206; x_wconf 87' lang='grc' dir='ltr'>σωστριν</span> <span class='ocrx_word' id='word_1_829' title='bbox 2593 5136 2891 5206; x_wconf 83' lang='grc' dir='ltr'>ἀποστῆναί</span> <span class='ocrx_word' id='word_1_830' title='bbox 2925 5153 3074 5205; x_wconf 80' lang='grc' dir='ltr'>φασι,</span> <span class='ocrx_word' id='word_1_831' title='bbox 3125 5139 3523 5210; x_wconf 81' lang='grc' dir='ltr'>μετεωροτέραν</span> <span class='ocrx_word' id='word_1_832' title='bbox 3559 5137 3843 5193; x_wconf 73' lang='grc' dir='ltr'>ὑπολαϐόντα</span> 
     </span>
    </p>
   </div>
   <div class='ocr_carea' id='block_1_113' title="bbox 2329 5224 3842 5297">
    <p class='ocr_par' dir='ltr' id='par_1_113' title="bbox 2329 5224 3842 5297">
     <span class='ocr_line' id='line_1_113' title="bbox 2329 5224 3842 5297; baseline 0.003 -20"><span class='ocrx_word' id='word_1_833' title='bbox 2329 5224 2426 5295; x_wconf 79' lang='grc' dir='ltr'>τὴν</span> <span class='ocrx_word' id='word_1_834' title='bbox 2450 5226 2548 5296; x_wconf 81' lang='grc' dir='ltr'>τῆς</span> <span class='ocrx_word' id='word_1_835' title='bbox 2587 5225 2853 5296; x_wconf 85' lang='grc' dir='ltr'>θαλάττης</span> <span class='ocrx_word' id='word_1_836' title='bbox 2888 5228 3225 5296; x_wconf 70' lang='grc' dir='ltr'>ἐπιφάνειαν.</span> <span class='ocrx_word' id='word_1_837' title='bbox 3258 5231 3322 5282; x_wconf 84' lang='lat' dir='ltr'><strong><em>Et</em></strong></span> <span class='ocrx_word' id='word_1_838' title='bbox 3346 5229 3442 5284; x_wconf 88' lang='lat' dir='ltr'><strong><em>lib.</em></strong></span> <span class='ocrx_word' id='word_1_839' title='bbox 3477 5246 3587 5284; x_wconf 79' lang='lat' dir='ltr'><strong><em>xvn</em></strong></span> <span class='ocrx_word' id='word_1_840' title='bbox 3620 5225 3842 5297; x_wconf 75' lang='grc' dir='ltr'>εἘτμήθη</span> 
     </span>
    </p>
   </div>
   <div class='ocr_carea' id='block_1_114' title="bbox 2328 5314 3840 5393">
    <p class='ocr_par' dir='ltr' id='par_1_114' title="bbox 2328 5314 3840 5393">
     <span class='ocr_line' id='line_1_114' title="bbox 2328 5314 3840 5393; baseline 0 -26"><span class='ocrx_word' id='word_1_841' title='bbox 2328 5315 2385 5368; x_wconf 82' lang='grc' dir='ltr'>δὲ</span> <span class='ocrx_word' id='word_1_842' title='bbox 2414 5316 2446 5385; x_wconf 80' lang='grc' dir='ltr'>ἡ</span> <span class='ocrx_word' id='word_1_843' title='bbox 2473 5315 2670 5387; x_wconf 81' lang='grc' dir='ltr'>διῶρυξ</span> <span class='ocrx_word' id='word_1_844' title='bbox 2692 5317 2970 5390; x_wconf 85' lang='grc' dir='ltr'>καταρχὰς</span> <span class='ocrx_word' id='word_1_845' title='bbox 3003 5319 3098 5390; x_wconf 78' lang='grc' dir='ltr'><strong><em>μὲν</em></strong></span> <span class='ocrx_word' id='word_1_846' title='bbox 3127 5319 3230 5373; x_wconf 77' lang='grc' dir='ltr'>ὑπὸ</span> <span class='ocrx_word' id='word_1_847' title='bbox 3262 5319 3597 5393; x_wconf 81' lang='grc' dir='ltr'>Σεσώστριος</span> <span class='ocrx_word' id='word_1_848' title='bbox 3642 5321 3740 5391; x_wconf 86' lang='grc' dir='ltr'><strong><em>πρὸ</em></strong></span> <span class='ocrx_word' id='word_1_849' title='bbox 3764 5314 3840 5368; x_wconf 74' lang='grc' dir='ltr'>τῶν</span> 
     </span>
    </p>
   </div>
   <div class='ocr_carea' id='block_1_115' title="bbox 2329 5404 3843 5482">
    <p class='ocr_par' dir='ltr' id='par_1_115' title="bbox 2329 5404 3843 5482">
     <span class='ocr_line' id='line_1_115' title="bbox 2329 5404 3843 5482; baseline 0.009 -27"><span class='ocrx_word' id='word_1_850' title='bbox 2329 5404 2609 5475; x_wconf 86' lang='grc' dir='ltr'>Τρωῖκῶν,</span> <span class='ocrx_word' id='word_1_851' title='bbox 2634 5408 2682 5459; x_wconf 89' lang='grc' dir='ltr'>οἱ</span> <span class='ocrx_word' id='word_1_852' title='bbox 2709 5406 2765 5458; x_wconf 83' lang='grc' dir='ltr'><strong><em>δὲ</em></strong></span> <span class='ocrx_word' id='word_1_853' title='bbox 2812 5407 2916 5460; x_wconf 82' lang='grc' dir='ltr'>ὑπὸ</span> <span class='ocrx_word' id='word_1_854' title='bbox 2963 5408 3056 5460; x_wconf 78' lang='grc' dir='ltr'>τοῦ</span> <span class='ocrx_word' id='word_1_855' title='bbox 3094 5409 3458 5482; x_wconf 83' lang='grc' dir='ltr'>Ψαμμητίχου</span> <span class='ocrx_word' id='word_1_856' title='bbox 3493 5412 3678 5474; x_wconf 76' lang='grc' dir='ltr'>παιδὸς</span> <span class='ocrx_word' id='word_1_857' title='bbox 3721 5405 3843 5479; x_wconf 74' lang='grc' dir='ltr'><strong><em>ἀρξα-</em></strong></span> 
     </span>
    </p>
   </div>
   <div class='ocr_carea' id='block_1_116' title="bbox 2332 5494 3842 5573">
    <p class='ocr_par' dir='ltr' id='par_1_116' title="bbox 2332 5494 3842 5573">
     <span class='ocr_line' id='line_1_116' title="bbox 2332 5494 3842 5573; baseline 0.003 -24"><span class='ocrx_word' id='word_1_858' title='bbox 2332 5497 2492 5567; x_wconf 87' lang='grc' dir='ltr'>μένου</span> <span class='ocrx_word' id='word_1_859' title='bbox 2529 5498 2707 5568; x_wconf 89' lang='grc' dir='ltr'>μόνον,</span> <span class='ocrx_word' id='word_1_860' title='bbox 2755 5495 2871 5554; x_wconf 80' lang='grc' dir='ltr'>εἶτα</span> <span class='ocrx_word' id='word_1_861' title='bbox 2917 5501 3223 5564; x_wconf 76' lang='grc' dir='ltr'>ἐκλιπόντος</span> <span class='ocrx_word' id='word_1_862' title='bbox 3263 5501 3353 5556; x_wconf 85' lang='grc' dir='ltr'><strong><em>τὸν</em></strong></span> <span class='ocrx_word' id='word_1_863' title='bbox 3398 5503 3537 5573; x_wconf 85' lang='grc' dir='ltr'>βίον·</span> <span class='ocrx_word' id='word_1_864' title='bbox 3582 5503 3780 5572; x_wconf 75' lang='grc' dir='ltr'>ὕστερον</span> 
     </span>
    </p>
   </div>
   <div class='ocr_carea' id='block_1_117' title="bbox 2327 5587 3841 5663">
    <p class='ocr_par' dir='ltr' id='par_1_117' title="bbox 2327 5587 3841 5663">
     <span class='ocr_line' id='line_1_117' title="bbox 2327 5587 3841 5663; baseline 0.011 -24"><span class='ocrx_word' id='word_1_865' title='bbox 2327 5587 2431 5641; x_wconf 82' lang='grc' dir='ltr'>ὑπὸ</span> <span class='ocrx_word' id='word_1_866' title='bbox 2459 5589 2682 5659; x_wconf 80' lang='grc' dir='ltr'>Δαρείου</span> <span class='ocrx_word' id='word_1_867' title='bbox 2706 5590 2799 5643; x_wconf 82' lang='grc' dir='ltr'>τοῦ</span> <span class='ocrx_word' id='word_1_868' title='bbox 2825 5590 3034 5662; x_wconf 82' lang='grc' dir='ltr'>πρώτου</span> <span class='ocrx_word' id='word_1_869' title='bbox 3061 5592 3439 5663; x_wconf 80' lang='grc' dir='ltr'>διαδεξαμένου</span> <span class='ocrx_word' id='word_1_870' title='bbox 3469 5594 3528 5646; x_wconf 84' lang='grc' dir='ltr'><strong><em>τὸ</em></strong></span> <span class='ocrx_word' id='word_1_871' title='bbox 3555 5593 3676 5661; x_wconf 78' lang='grc' dir='ltr'><strong><em>ἐξῆς</em></strong></span> <span class='ocrx_word' id='word_1_872' title='bbox 3703 5592 3841 5660; x_wconf 70' lang='grc' dir='ltr'><strong><em>ἔργον·</em></strong></span> 
     </span>
    </p>
   </div>
   <div class='ocr_carea' id='block_1_118' title="bbox 2327 5676 3841 5756">
    <p class='ocr_par' dir='ltr' id='par_1_118' title="bbox 2327 5676 3841 5756">
     <span class='ocr_line' id='line_1_118' title="bbox 2327 5676 3841 5756; baseline 0.004 -24"><span class='ocrx_word' id='word_1_873' title='bbox 2327 5679 2428 5732; x_wconf 74' lang='grc' dir='ltr'>Καὶ</span> <span class='ocrx_word' id='word_1_874' title='bbox 2472 5676 2622 5744; x_wconf 71' lang='grc' dir='ltr'>οὗτος</span> <span class='ocrx_word' id='word_1_875' title='bbox 2646 5682 2721 5746; x_wconf 85' lang='grc' dir='ltr'><strong><em>δὲ,</em></strong></span> <span class='ocrx_word' id='word_1_876' title='bbox 2750 5683 2875 5756; x_wconf 80' lang='grc' dir='ltr'><strong><em>δόξῃ</em></strong></span> <span class='ocrx_word' id='word_1_877' title='bbox 2903 5685 3085 5752; x_wconf 74' lang='grc' dir='ltr'>ψευδεῖ</span> <span class='ocrx_word' id='word_1_878' title='bbox 3125 5685 3385 5749; x_wconf 75' lang='grc' dir='ltr'>πεισθεὶς,</span> <span class='ocrx_word' id='word_1_879' title='bbox 3418 5687 3592 5756; x_wconf 61' lang='grc' dir='ltr'>ἀφῆκε</span> <span class='ocrx_word' id='word_1_880' title='bbox 3623 5685 3677 5737; x_wconf 80' lang='grc' dir='ltr'>τὸ</span> <span class='ocrx_word' id='word_1_881' title='bbox 3720 5683 3841 5752; x_wconf 75' lang='grc' dir='ltr'>ἔργον</span> 
     </span>
    </p>
   </div>
   <div class='ocr_carea' id='block_1_119' title="bbox 2328 5773 3841 5849">
    <p class='ocr_par' dir='ltr' id='par_1_119' title="bbox 2328 5773 3841 5849">
     <span class='ocr_line' id='line_1_119' title="bbox 2328 5773 3841 5849; baseline 0.001 -26"><span class='ocrx_word' id='word_1_882' title='bbox 2328 5773 2453 5843; x_wconf 75' lang='grc' dir='ltr'>περὶ</span> <span class='ocrx_word' id='word_1_883' title='bbox 2503 5773 2804 5828; x_wconf 82' lang='grc' dir='ltr'>συντέλειαν</span> <span class='ocrx_word' id='word_1_884' title='bbox 2850 5775 2970 5848; x_wconf 67' lang='grc' dir='ltr'>ἥδη.</span> <span class='ocrx_word' id='word_1_885' title='bbox 3014 5776 3265 5849; x_wconf 83' lang='grc' dir='ltr'>Ἐπείσθη</span> <span class='ocrx_word' id='word_1_886' title='bbox 3319 5779 3425 5848; x_wconf 80' lang='grc' dir='ltr'><strong><em>γὰρ</em></strong></span> <span class='ocrx_word' id='word_1_887' title='bbox 3484 5773 3841 5848; x_wconf 65' lang='grc' dir='ltr'>μετεωροτέραν</span> 
     </span>
    </p>
   </div>
  </div>
