4064 6290
670 344 776 403 859

1991 339 2238 397 LEONIS
2276 339 2552 398 ALLATII
3870 328 3928 377 S21

671 459 765 512 καὶ
813 457 1142 529 Θερμοτέρας
1191 458 1253 509 ἐκ
1305 455 1579 527 μετάλλων
1618 455 1896 525 ποιότητος
1930 456 2071 508 κατά
2127 455 2223 526 τὴν

2328 470 2553 524 corpora
2585 453 2728 508 enim
2773 451 3120 509 elementaria
3161 460 3372 506 natura:
3428 449 3590 516 lege
3679 448 3854 510 atque
3880 457 3931 495 [ιι-

669 546 898 614 διέξοδον
926 544 1299 616 προσλαϐοῦσα
1329 547 1390 598 ἐκ
1413 545 1512 614 τῆς
1542 546 1708 615 αὑτῆς
1731 545 1825 598 τοῦ
1849 545 2119 608 κινοῦντος
2143 548 2225 598 αί-

673 639 790 702 τίας
812 637 1001 701 ζέουσα
1021 637 1225 705 γίνεται
1247 637 1322 700 ὡς
1347 637 1411 690 τὰ
1436 637 1625 697 πολλὰ.
1650 638 1744 690 καὶ
1762 637 2030 710 πυρώδης.
2051 639 2224 710 Ὅπερ

674 728 933 798 πολλαχοῦ
960 729 1056 798 μὲν
1074 727 1182 781 τῶν
1209 731 1404 800 νήσων,
1440 727 1701 799 πολλαχοῦ
1729 729 1785 782 δὲ
1813 728 1920 781 τῶν
1949 729 2226 800 παραλίων

669 821 844 874 τόπων
872 819 1076 883 ἔξεστιν
1105 821 1380 891 ἱστορῆσαι
1400 837 1413 850 ·
1445 821 1641 887 ὃπουγε
1673 822 1764 874 καὶ
1795 821 1934 873 κατά
1975 822 2073 891 τὴν
2133 839 2228 892 με-

670 912 874 979 σόγειον
909 911 1061 963 τόποι
1104 912 1245 975 τινὲς
1273 912 1379 965 τῶν
1412 913 1687 982 ποταμίων
1723 913 1925 965 ὑδάτων
1968 914 2224 980 γείτονες,

666 1002 741 1066 ὡς
773 1002 941 1072 μικρὰ
968 1003 1217 1072 μεγαλοις
1240 1003 1470 1067 εἰκάσαι,
1491 1002 1556 1055 τά
1569 1002 1916 1073 παραπλήσια
1941 1002 2224 1071 πάσχουσι.

668 1094 811 1164 Πρὸς
836 1091 926 1146 οὖν
949 1094 1001 1146 τί
1028 1093 1183 1145 τοῦτο
1210 1094 1423 1164 εἴρηταί
1456 1111 1578 1163 μοι;
1609 1094 1725 1145 Ὀτι
1768 1095 1914 1145 πᾶσα
1959 1093 2227 1163 ὑπόνομός

667 1186 813 1236 ἐστιν
841 1187 872 1254 ἡ
900 1185 969 1255 γῆ
989 1185 1075 1237 διὰ
1105 1186 1286 1256 πόρων
1320 1185 1537 1254 ἀφανῶν
1559 1186 1621 1236 ὲκ
1652 1184 1758 1237 τῶν
1786 1184 1966 1254 ἀρχῶν
1995 1184 2094 1253 τῆς
2133 1183 2228 1236 01-

668 1268 872 1344 λάσσης
901 1275 1314 1340 ὑπονοστοῦντος
1359 1275 1453 1329 τοῦ
1487 1277 1695 1339 ὓδατος.
1739 1274 1813 1330 De
1857 1290 2118 1344 aquarum
2147 1275 2228 1329 vi-

669 1367 843 1429 ribus,
881 1376 933 1421 et
963 1367 1270 1436 saporibus,
1297 1368 1524 1438 aliisque
1546 1367 1922 1438 qualitatibus,
1964 1366 2084 1420 vide
2109 1381 2228 1436 qua:

667 1474 736 1512 ex
765 1458 1055 1513 Aristotele
1083 1459 1403 1528 compendio
1440 1459 1572 1514 dicit
1613 1459 1859 1514 Stobaeus
1898 1458 1956 1513 in
1991 1457 2227 1527 Physicis

668 1550 864 1619 eclogis
899 1590 915 1616 ,
944 1564 1065 1619 cap.
1093 1549 1180 1603 54.

740 1661 1012 1727 (101.715,
1049 1663 1146 1717 lin.
1193 1663 1280 1718 l9.
1317 1663 1378 1720 Ἠ
1402 1663 1510 1732 γὰρ
1545 1663 1784 1731 ῥοώδης
1822 1661 2122 1717 θάλασσα.
2154 1660 2230 1716 De

669 1754 950 1806 ﬂuminum
974 1753 1310 1824 fontiumque
1337 1769 1500 1810 causa
1523 1761 1576 1808 et
1606 1754 1811 1822 origine
1840 1755 1991 1824 plura
2013 1753 2227 1808 Aristo-

2333 548 2458 603 dine
2491 547 2806 602 coelestibus
2835 547 3119 600 obediunt.
3162 544 3425 598 Albertus
3472 540 3602 594 lib.
3648 550 3694 589 ll
3725 534 3930 597 Meleon

2335 645 2491 691 tract.
2529 636 2584 700 2,
2617 651 2734 706 cap.
2762 637 2847 699 l2,
2881 637 3054 706 inquit
3079 649 3306 705 vapores
3332 636 3389 687 in
3421 629 3667 692 terris,
3725 629 3934 682 cavernis

2332 729 2570 783 elevatos
2604 727 2942 797 reﬂexosque
2967 727 3241 782 attrahere
3265 724 3332 779 ad
3357 740 3420 781 se
3442 734 3731 791 aquam,
3748 731 3935 786 eamque

2333 835 2554 875 sursum
2586 818 2798 882 efferre,
2830 827 2884 873 et
2928 817 3187 874 continua
3225 832 3322 872 sua
3375 815 3685 874 actione,
3731 818 3792 865 et
3831 811 3934 866 ille:

2333 910 2402 963 ad
2453 910 2656 966 montis
2693 911 2859 964 latera
2897 925 3060 980 poros
3102 910 3344 980 aperire,
3413 905 3683 976 quibus
3754 904 3934 956 tand

2333 1002 2586 1072 erumpit.
2631 1001 2734 1055 Alii
2773 1003 2982 1065 dicunt,
3029 1016 3152 1055 cum
3184 1010 3329 1056 terra
3363 1001 3598 1056 multis
3643 996 3728 1050 sit
3787 999 3932 1065 pervia

2333 1096 2627 1164 specubus,
2652 1109 2846 1164 aquam
2876 1094 3042 1148 maris
3065 1095 3118 1147 in
3151 1093 3420 1163 ejusmodi
3462 1105 3638 1147 cava
3689 1090 3816 1142 loca
3846 1105 3934 1144 sese

2335 1186 2612 1249 inducere,
2669 1201 2789 1254 qua:
2815 1186 2944 1256 quia
2978 1191 3106 1240 sunt
3155 1193 3410 1254 angusta,
3469 1196 3698 1251 neque
3751 1187 3933 1235 tantam

2335 1279 2502 1332 maris
2534 1278 2729 1332 molem
2761 1292 2956 1348 capere
2988 1283 3216 1345 queu—nt,
3261 1290 3380 1330 eam
3407 1289 3600 1344 aqua:
3631 1272 3931 1342 portionem

2334 1381 2701 1438 compressam
2727 1367 2791 1421 ad
2814 1367 3158 1421 extrinsecus
3175 1366 3550 1420 incumbente
3579 1363 3736 1417 mari
3763 1377 3929 1433 egres-

2335 1475 2453 1514 sum
2483 1475 2590 1529 qua
2617 1461 2702 1514 via
2736 1460 2928 1529 possit,
2956 1473 3217 1530 quaerere,
3261 1459 3454 1529 sicque
3490 1457 3631 1512 fieri
3668 1472 3925 1526 aquarum

2334 1553 2693 1608 exsilitiones.
2714 1553 2958 1608 Aliorum
2980 1553 3116 1608 alios
3142 1550 3333 1607 modos
3354 1559 3409 1607 et
3443 1552 3723 1608 rationes
3753 1565 3922 1621 quam

2335 1645 2390 1699 in
2419 1645 2578 1701 dictis
2618 1647 2952 1702 auctoribus.

2405 1759 2565 1824 Ibid.,
2600 1759 2697 1815 lin.
2731 1759 2820 1814 τι.
2879 1744 3071 1814 Πάλιν
3098 1759 3166 1813 δὲ
3195 1759 3456 1814 ἐπειδάν.
3509 1759 3772 1816 Causam
3805 1774 3918 1829 pro-

671 1843 806 1897 teles
851 1843 945 1897 lib.
986 1859 1002 1896 ι
1053 1842 1294 1907 Mereor»
1361 1858 1482 1913 cap.
1533 1842 1622 1907 15,
1667 1852 1721 1897 et
1769 1843 1864 1897 lib.
1913 1859 1973 1906 ιι,
2005 1857 2125 1912 cap-
2164 1841 2228 1908 2;
2263 1819 2307 1874 Β
2335 1859 2453 1921 pter
2480 1867 2641 1921 quam
2676 1867 2828 1921 aqua:
2851 1866 2973 1906 cum
2997 1869 3062 1906 ex
3097 1868 3206 1906 uno
3234 1859 3288 1906 et
3312 1852 3485 1907 eodem
3532 1851 3725 1915 fonte,
3763 1819 3914 1904 mare

669 1930 844 1993 Plato.
878 1936 930 1986 in
973 1931 1265 1997 Phwdone;
1297 1931 1563 2000 Georgius
1605 1931 1885 2002 Agricola,
1945 1933 2042 1986 lib.
2083 1948 2100 1985 1
2151 1930 2230 1985 De

671 2033 791 2077 ortu
832 2032 881 2076 et
928 2025 1100 2078 causis
1150 2023 1643 2088 subterraneorum;
1676 2023 1929 2084 Aibertus
1978 2023 2226 2093 Magnus,

668 2111 765 2166 lib.
829 2127 870 2166 ιι
905 2111 1150 2178 Meteon,
1179 2121 1336 2168 tract.
1398 2113 1482 2179 l2,
1513 2114 1673 2184 capit.
1705 2113 1792 2180 ll;
1818 2112 2052 2168 Jacobus
2093 2113 2233 2166 Mili.

666 2203 844 2268 chius,
889 2204 944 2258 in
991 2206 1154 2274 capit.
1198 2205 1298 2259 105
1343 2204 1435 2258 lib.
1490 2220 1529 2259 ιι
1598 2203 1790 2271 Plinii;
1834 2201 2083 2260 Valesius
2151 2204 2230 2258 De

665 2310 820 2349 sacra
849 2294 1200 2365 philosophia,
1233 2311 1351 2366 cap.
1375 2296 1464 2360 65,
1497 2304 1550 2351 et
1573 2296 1684 2350 alii.
1714 2293 1838 2349 Fuit
1869 2294 2230 2365 quorumdam

665 2381 853 2450 opinio
889 2381 1030 2436 intra
1067 2391 1266 2437 terram
1308 2399 1430 2438 esse
1471 2382 1736 2453 quasdam
1785 2385 2048 2438 cavitates
2073 2391 2127 2438 et
2151 2383 2231 2437 al-

668 2485 822 2535 veos,
847 2471 1044 2540 quibus
1066 2471 1266 2527 imbres
1285 2473 1645 2542 excipiantur,
1673 2481 1835 2543 atque
1855 2489 1923 2528 ex
1951 2475 2019 2530 iis
2055 2473 2230 2529 fontes

666 2569 722 2616 et
739 2561 932 2616 ﬂuvios
960 2562 1258 2625 dimanare.
1280 2570 1334 2618 et
1364 2579 1532 2633 aquas
1555 2565 1674 2619 illas
1701 2580 1873 2635 usque
1893 2564 1962 2618 ad
1994 2565 2229 2619 futuram

667 2652 901 2707 hiemem
932 2652 1196 2716 sufﬁcere,
1227 2668 1327 2707 nec
1354 2668 1671 2710 exarescere
1703 2661 1995 2724 antequam
2034 2669 2228 2710 rursus

669 2747 860 2818 pluat:
897 2746 1091 2801 siccari
1119 2761 1246 2800 vero
1272 2761 1366 2802 eos
1391 2762 1622 2817 quorum
1653 2748 1790 2804 alvei
1818 2750 2055 2805 minores
2079 2756 2227 2816 sunt,

667 2845 724 2893 et
742 2838 813 2892 ob
844 2835 1114 2892 defectum
1147 2853 1412 2908 aquarum
1445 2854 1554 2894 non
1584 2838 1797 2895 ﬂuitant
1837 2858 2009 2912 usque
2035 2843 2102 2898 ad
2131 2861 2230 2898 no-

667 2946 766 2985 vas
797 2930 1021 3000 pluvias.
1053 2930 1374 2986 Aristoteles
1409 2939 1464 2986 et
1503 2933 1592 2986 alii
1620 2948 1840 2988 causam
1881 2935 2108 3004 primam
2141 2953 2231 3006 ge-

668 3021 969 3076 nerationis
1016 3020 1302 3076 ﬂuviorum
1363 3030 1611 3077 statuunt
1665 3023 1769 3077 loci
1815 3033 2084 3092 naturam,
2137 3026 2229 3080 ubi

667 3121 891 3184 propter
923 3115 1024 3169 soli
1059 3114 1359 3178 raritatem,
1387 3115 1592 3171 multus
1623 3123 1678 3170 et
1713 3117 1968 3186 copiosus
2002 3117 2224 3186 spiritus

668 3210 977 3273 generatur,
1013 3203 1106 3273 qui
1149 3218 1310 3273 quam
1346 3204 1593 3273 proxime
1623 3205 1688 3258 ad
1728 3207 1946 3274 vaporis
1976 3213 2227 3260 naturam

669 3292 897 3348 accedit.
948 3293 1151 3349 Deinde
1195 3309 1326 3349 vero
1385 3293 1584 3365 frigore
1642 3295 1747 3348 loci
1793 3296 1846 3349 in
1894 3311 2090 3366 aquam
2139 3312 2231 3352 co-

668 3386 834 3454 gitur,
890 3401 1012 3455 quze
1056 3387 1228 3456 ejecta
1295 3385 1417 3440 fons
1472 3394 1528 3442 et
1577 3387 1728 3458 origo
1776 3386 2062 3442 ﬂuviorum
2125 3397 2227 3444 est.

665 3475 777 3532 Nec
834 3477 1044 3532 videtur
1096 3477 1391 3533 absurdum
1444 3479 1492 3534 si
1541 3487 1760 3550 propter
1809 3481 2050 3534 eamdem
2102 3495 2232 3534 cau-

667 3584 783 3624 sam
840 3570 896 3623 in
922 3578 1077 3625 terra:
1132 3570 1432 3625 visceribus
1491 3578 1778 3641 generatur
1829 3585 1968 3642 aqua
2014 3579 2231 3643 propter

667 3676 830 3732 quam
864 3675 1028 3730 supra
1065 3671 1264 3715 terram
1317 3661 1372 3716 in
1409 3677 1561 3726 aere;
1596 3663 1712 3732 pari
1743 3663 1888 3716 enim
1924 3665 2133 3717 ratione
2174 3664 2227 3717 in

665 3760 963 3824 vaporante
1009 3769 1133 3809 aere
1184 3754 1356 3824 frigus
1404 3765 1679 3823 operatur.
1745 3753 1875 3818 Quae
1924 3753 2228 3810 Aristotelis

666 3847 851 3916 opinio
873 3845 920 3900 si
949 3855 1094 3901 recte
1120 3847 1501 3901 consideretur
1527 3862 1683 3903 suam
1713 3847 1876 3901 habet
1932 3849 2227 3917 probabili-

669 3945 858 4001 tatem,
893 3952 993 3991 nec
1033 3937 1110 3990 ita
1151 3938 1354 3993 absona
1389 3945 1472 3992 est
1526 3939 1581 3992 in
1630 3937 1973 4008 philosophia
2027 3946 2086 3994 ut
2133 3955 2226 3995 ex-

668 4031 794 4100 pelli
822 4029 1043 4085 omnino
1073 4038 1364 4085 mereatur.
1385 4030 1698 4086 Christiano
1720 4038 1898 4086 tamen
1923 4031 2146 4099 homini,
2163 4050 2226 4089 ea

669 4136 833 4190 super
866 4121 970 4174 hoc
1003 4122 1269 4176 sententia
1300 4131 1384 4176 est
1408 4123 1785 4192 amplexanda,
1821 4139 1939 4193 quze
1973 4134 2055 4178 est
2098 4140 2227 4180 san~

670 4221 880 4267 ctorum
903 4210 1121 4266 Patrum
1143 4213 1470 4274 communis,
1490 4220 1542 4266 et
1563 4230 1730 4268 sacrae
1757 4212 2049 4285 Scriptura:
2072 4217 2225 4272 testi-

669 4303 876 4357 moniis
899 4301 1269 4357 confirmatur.
1308 4299 1582 4372 Originem
1629 4303 1853 4358 fontium
1888 4322 1917 4361 e
1943 4310 2077 4362 mari
2103 4323 2224 4364 esse

671 4408 702 4448 a
738 4409 845 4463 quo
875 4391 1116 4454 efﬂuunt,
1167 4400 1221 4448 et
1276 4392 1333 4446 in
1385 4393 1529 4462 quod
1556 4393 1806 4460 inﬂuunt,
1857 4397 1928 4449 ita
1965 4397 2219 4464 Basilius,

2333 1940 2565 2004 scilicet,
2594 1940 2858 2010 originem
2895 1941 3135 2006 trahant,
3173 1956 3282 1995 non
3317 1941 3541 1995 eamdem
3577 1949 3832 1996 servent
3856 1947 3909 1994 et

2342 2031 2681 2100 qualitatem,
2716 2040 2770 2086 et
2799 2047 3070 2102 saporem,
3097 2033 3193 2088 sed
3223 2033 3494 2088 secundum
3530 2033 3639 2088 loci
3697 2032 3902 2086 varie-

2329 2131 2493 2179 tatem
2526 2124 2654 2194 ipsaa
2683 2125 2845 2179 etiam
2880 2127 3154 2180 varientur
3182 2134 3303 2196 pete
3344 2139 3372 2178 a
3395 2125 3735 2196 philosophis.

2404 2215 2564 2283 ιδιά..
2583 2219 2679 2272 lin.
2707 2219 2798 2276 27.
2827 2220 2989 2288 Αὕτη
3011 2221 3105 2274 καὶ
3148 2219 3266 2273 τῶν
3289 2220 3490 2288 ἀερίων
3508 2221 3733 2273 ὑδάτων.
3765 2220 3876 2272 Ba-

2331 2309 2506 2375 silius,
2553 2310 2700 2365 hom.
2729 2313 2763 2366 4
2805 2329 2820 2365 :
2851 2311 3005 2382 Καλὴ
3041 2311 3135 2364 καὶ
3163 2311 3294 2364 διότι
3325 2314 3438 2374 τοῖς
3474 2311 3646 2381 ἀερίοις
3667 2312 3855 2364 ὑδασιν

2329 2402 2470 2473 ἀρχή
2509 2402 2593 2466 τίς
2629 2406 2742 2455 ἐστι
2784 2404 2875 2456 καὶ
2912 2405 3082 2474 πηγὴ,
3123 2403 3432 2474 θαλπομένη
3487 2403 3575 2474 μὲν
3609 2408 3673 2474 τῇ
3697 2406 3873 2456 ἀκτῖνι

2333 2492 2426 2545 τοῦ
2459 2491 2629 2562 ἡλίου,
2657 2493 3019 2564 ἀποτιθεμένη
3045 2493 3100 2546 δὲ
3135 2494 3194 2546 τὸ
3239 2480 3434 2546 λεπτὸν
3466 2494 3558 2546 τοῦ
3587 2494 3767 2557 ὓδατος
3799 2493 3882 2546 ξιιά

2327 2584 2434 2638 τῶν
2451 2585 2656 2655 ἀτμῶν,
2674 2585 2808 2658 ὅπερ
2821 2583 3074 2638 ἑλκυσθὲν
3088 2587 3164 2649 είς
3178 2585 3267 2637 τὸν
3283 2586 3392 2639 ἄνω
3403 2586 3591 2649 τόπον,
3611 2582 3726 2638 εἶτα
3740 2603 3886 2638 κατα-

2327 2675 2529 2747 ψυχθὲν
2557 2677 2643 2730 διὰ
2675 2678 2736 2730 τὸ
2759 2677 3086 2748 ὑψηλότερον
3113 2677 3360 2745 γενέσθαι
3389 2677 3490 2748 τῆς
3521 2678 3631 2731 ἀπὸ
3651 2677 3745 2731 τοῦ
3779 2677 3885 2729 sas.

2330 2787 2460 2838 φους
2484 2769 2830 2833 ἀνακλάσεως
2861 2769 2968 2822 τῶν
3000 2769 3252 2832 ἀκτίνων,
3288 2770 3380 2823 καὶ
3422 2769 3563 2839 ὁμοῦ
3601 2772 3700 2840 τῆς
3724 2772 3784 2822 ἐκ
3805 2770 3882 2822 τοῦ

2328 2861 2521 2929 νέφους
2560 2862 2715 2923 σκιᾶς
2745 2861 2843 2930 τὴν
2889 2859 3045 2929 ψύξιν
3079 2860 3451 2929 ἐπιτεινούσης
3495 2860 3654 2923 ὑετὸς
3678 2861 3881 2928 γίνεται,

2329 2954 2420 3006 καὶ
2445 2955 2642 3006 πιαίνει
2673 2953 2768 3025 τὴν
2802 2955 2922 3023 γῆν.
2947 2952 3237 3023 Gregorius
3265 2953 3501 3022 Cyprius
3529 2953 3586 3006 in
3615 2952 3670 3004 Μ
3679 2954 3785 3005 aris
3814 2971 3883 3006 en-

2328 3047 2534 3100 comio:
2566 3047 2796 3118 Ὀμὸροι
2829 3047 2882 3099 δὲ
2910 3046 3043 3118 πρὸς
3077 3033 3187 3109 τοῖς
3214 3047 3546 3117 εἰρημένοις,
3581 3049 3683 3099 καὶ

2329 3139 2421 3192 καὶ
2443 3138 2668 3206 νιφετοὶ,
2699 3138 2915 3208 νεφέλαι
2948 3155 3005 3191 τε
3041 3133 3105 3190 αὖ
3143 3139 3198 3190 αἱ
3227 3139 3450 3201 τούτους
3487 3139 3782 3207 γεννῶσαι,
3809 3143 3877 3191 καὶ

2332 3230 2428 3284 ὅσα
2444 3229 2655 3300 πρῶτον
2689 3233 2766 3293 είς
2785 3231 2874 3283 τὸν
2908 3231 3018 3284 ἄνω
3037 3230 3397 3300 συνιστάμενα
3423 3231 3618 3293 τόπον,
3653 3229 3751 3284 εἴτ’
3772 3235 3881 3283 ἐκεῖ·

2332 3320 2419 3373 θεν
2447 3323 2525 3384 εἰς
2549 3322 2650 3392 γῆν
2675 3322 2931 3374 κάτεισιν.
2969 3321 3250 3386 Quomodo
3286 3329 3470 3377 autem
3501 3323 3554 3376 in
3605 3339 3738 3378 aere
3760 3340 3876 3394 aqua

2331 3421 2658 3480 generentur
2679 3411 3066 3468 exolicavimus
3096 3411 3366 3480 superius.

2329 3613 2335 3619 .
2405 3569 2561 3635 lbid.,
2586 3569 2680 3622 lin.
2715 3570 2802 3623 ὃὸ.
2837 3570 2940 3622 Καὶ
2970 3569 3054 3622 ἔτι
3084 3569 3176 3622 καὶ
3207 3569 3340 3622 νῦν.
3362 3567 3627 3630 Basilius,
3660 3584 3804 3624 nom.
3827 3570 3875 3622 5:

2343 3660 2405 3713 'll
2432 3658 2540 3730 γὰρ
2562 3658 2680 3711 τότε
2714 3657 2884 3727 φωνὴ,
2918 3657 3012 3710 καὶ
3038 3657 3098 3709 τὸ
3126 3657 3337 3728 πρῶτον
3364 3658 3542 3710 έκεῖνο
3576 3659 3875 3727 πρόσταγμα

2327 3747 2435 3806 οἷον
2465 3752 2625 3820 νόμος
2672 3768 2755 3813 τις
2791 3752 3004 3818 ἐγένετο
3053 3749 3282 3818 φύσεως,
3335 3751 3428 3801 καὶ
3459 3749 3797 3820 ὲναπέμεινε
3829 3753 3875 3820 τῇ

2327 3847 2418 3913 γῇ,
2451 3842 2545 3913 τὴν
2565 3843 2656 3894 τοῦ
2688 3844 2878 3911 γεννᾷν
2900 3842 3034 3911 αὑτῇ
3064 3842 3156 3893 καὶ
3171 3845 3540 3912 καρποφορεῖν
3565 3842 3800 3914 δύναμιν
3823 3848 3878 3907 εἰς

2325 3935 2386 3987 τὸ
2417 3934 2542 4005 ἑξῆς
2570 3938 2956 4005 παρεχόμενος.
2989 3932 3053 3986 Ει
3096 3932 3359 3988 inferius:
3390 3933 3509 3986 Ἵνα
3559 3936 3778 4006 πρῶτον

2327 4028 2434 4078 εῖνο
2468 4025 2794 4095 πρόσταγμα
2824 4023 3186 4076 διδασκαλεῖον
3217 4027 3280 4095 τῇ
3313 4024 3471 4093 φύσει
3508 4027 3736 4098 γένηται
3770 4029 3878 4100 πρὲις

2325 4117 2422 4188 τὴν
2455 4116 2581 4185 ἑξῆς
2612 4115 2946 4169 ἀκολουθίαν.
2978 4115 3042 4169 Et
3074 4116 3220 4170 hom.
3252 4118 3284 4171 9
3307 4136 3319 4170 :
3341 4117 3556 4188 Νόησον
3584 4120 3742 4190 ῥῆμα
3766 4121 3874 4173 Θεοῦ

2324 4209 2410 4262 διὰ
2445 4209 2544 4279 τῆς
2571 4209 2797 4272 κτίσεως
2829 4209 3036 4280 τρέχον,
3061 4211 3156 4261 καὶ
3175 4209 3293 4261 τότε
3330 4209 3664 4280 ἀρξάμενον,
3700 4214 3794 4265 καὶ

2325 4317 2415 4371 χρι
2441 4299 2536 4354 νῦν
2567 4299 2844 4370 ἐνεργοῦν,
2869 4301 2961 4352 καὶ
2997 4301 3075 4362 είς
3094 4299 3242 4362 τέλος
3274 4299 3468 4366 διεξιὸν
3507 4303 3616 4366 ἕως
3659 4303 3725 4357 ἂν
3755 4307 3784 4357 ὁ
3814 4305 3877 4356 κὸ-

2327 4409 2460 4461 σμος
2490 4391 2886 4462 συμπληρωθῇ.
2915 4389 3048 4445 Vide
3083 4391 3303 4458 locum;
3335 4401 3419 4448 est
3451 4395 3598 4449 enim
3637 4401 3876 4466 Optimus.

667 4487 855 4542 homil.
875 4487 929 4548 4,
950 4495 1134 4542 noster
1152 4484 1468 4540 Eustathius
1489 4487 1543 4539 in
1566 4485 1669 4540 hoc
1691 4488 1830 4554 loco,
1867 4489 2224 4561 Hieronymus

2328 4481 2585 4538 Leontius
2614 4482 2861 4538 Arahissi
2890 4483 3180 4552 episcopus
3229 4499 3480 4540 sermone
3513 4486 3584 4541 de
3618 4489 3877 4542 creatione

670 4577 737 4632 ad
762 4578 996 4647 primum
1040 4584 1204 4646 caput
1247 4575 1609 4638 Ecclesiastze,
1644 4577 1904 4647 Isidorus,
1942 4581 1979 4634 ι.
2008 4597 2069 4636 ιιι
2103 4582 2226 4637 Ori-

669 4671 866 4739 ginum,
892 4669 1058 4736 0.90;
1083 4668 1497 4723 Damascenusn
1547 4667 1620 4722 De
1647 4668 1740 4738 ﬁd.
1772 4671 2000 4737 0rl/t0d.,
2026 4672 2141 4742 c'ap.
2161 4673 2222 4740 9;

671 4760 960 4829 Gregorius
990 4760 1221 4831 Cyprius
1254 4759 1309 4813 in
1341 4757 1512 4812 Horis
1555 4760 1812 4824 encomio,
1868 4771 1920 4815 et
1969 4777 2035 4815 ex
2070 4763 2221 4829 aliis;

671 4850 823 4905 Plato
849 4851 904 4905 in
940 4851 1244 4917 Phaedone;
1296 4851 1504 4906 Plinius
1539 4851 1634 4905 lib.
1673 4867 1735 4915 ιι,
1772 4867 1892 4920 cap.
1927 4853 2034 4920 65;
2071 4853 2224 4908 Philo

669 4940 887 4995 Iudaeus
916 4940 991 4994 De
1020 4941 1199 4995 mundi
1226 4943 1454 5012 api/icio.
1491 4941 1714 4995 Variant
1753 4949 1932 4996 tamen
1967 4943 2020 4996 in
2051 4944 2221 5012 expli-

671 5032 887 5087 catione
942 5032 1105 5099 illius,
1147 5033 1419 5103 quomodo
1469 5033 1725 5088 videlicet
1775 5043 1968 5104 su0pte
2009 5035 2223 5106 ingenio

669 5125 850 5194 gravis
883 5125 1053 5194 possit
1080 5139 1111 5178 e
1151 5125 1286 5178 mari
1330 5127 1626 5180 ascendere
1654 5125 1709 5180 in
1740 5125 2039 5181 altissimos
2069 5141 2222 5180 mon-

671 5225 774 5278 tes,
805 5228 835 5268 e
880 5214 1079 5285 quibus
1107 5214 1340 5283 erumpit
1375 5214 1430 5267 in
1483 5223 1635 5268 tanta
1671 5215 1848 5286 copia.
1903 5213 2222 5271 Eustathius

670 5324 867 5381 a1uam
896 5308 1062 5362 maris
1092 5307 1306 5375 spiritu,
1332 5305 1527 5361 ﬂatuve
1559 5307 1786 5362 interius
1817 5316 2068 5362 movente
2100 5323 2223 5363 sur‘

669 5417 790 5457 sum
818 5399 887 5454 ad
909 5398 1270 5468 scaturigines
1304 5398 1524 5467 impelli.
1549 5397 1642 5453 llis
1676 5400 1945 5454 consentit.
1966 5399 2218 5464 Basilius,

669 5491 898 5556 Plinius,
956 5489 1131 5544 Plato.
1176 5486 1233 5541 S.
1259 5485 1530 5552 Thomas,
1577 5501 1616 5539 ιι
1687 5487 1921 5544 Sentent.
1968 5490 2096 5544 dist.
2131 5490 2217 5552 14,

673 5592 861 5652 quaest.
901 5583 950 5647 ι,
982 5583 1075 5646 ait,
1133 5579 1412 5635 fontanam
1457 5587 1511 5632 et
1559 5577 1868 5633 ﬂuviatilem
1906 5595 2101 5649 aquam
2135 5587 2218 5632 at-

675 5674 812 5726 trahi
860 5689 1078 5730 sursum
1129 5672 1180 5727 vi
1234 5669 1537 5725 caaiestium
1592 5684 1879 5739 corporum
1913 5671 2219 5725 communis

677 5760 801 5817 boni
830 5765 1018 5834 gratia.
1039 5762 1144 5820 Nec
1175 5770 1378 5818 motum
1405 5760 1547 5817 hunc
1579 5775 1730 5830 aqum
1757 5777 1874 5818 csse
1897 5762 2214 5830 violentum,

2327 4582 2381 4628 et
2411 4573 2618 4628 Lazaro
2643 4573 2907 4638 redivivo,
2933 4590 3040 4629 non
3073 4575 3350 4646 incompta
3385 4577 3752 4634 similitudine
3777 4597 3878 4635 ver-

2326 4665 2452 4720 bum
2490 4666 2620 4720 iilud
2653 4665 2918 4732 divinum,
2941 4667 3037 4731 ait,
3070 4667 3190 4721 loco
3238 4668 3464 4723 seminis
3500 4670 3556 4723 in
3592 4672 3760 4726 rebus
3802 4689 3876 4741 ge-

2324 4757 2582 4812 nerandis
2615 4757 2804 4824 fuisse,
2831 4773 3061 4829 eamque
3084 4759 3138 4812 in
3166 4759 3330 4814 rebus
3358 4760 3470 4815 illis
3496 4761 3606 4815 vim
3640 4765 3877 4817 habuisse

2326 4861 2486 4916 quam
2517 4855 2570 4901 et
2599 4862 2781 4902 semen
2809 4863 2825 4914 ;
2874 4858 2927 4901 et
2982 4849 3158 4902 adhuc
3197 4847 3264 4901 ad
3313 4853 3732 4920 conceptionem
3763 4870 3876 4907 con-

2325 4953 2564 4992 currere.
2605 4936 2668 4990 Τί
2723 4938 2901 5006 λέγεις
2951 4941 3224 5010 αἱρετικέ;
3285 4942 3516 5008 Βλέπεις
3561 4946 3686 4999 ἀντὶ
3727 4965 3874 5001 κατα·

2325 5029 2482 5100 ϐολῆς
2507 5028 2814 5102 σπέρματος
2843 5029 2903 5082 τὸ
2923 5031 3013 5083 τοῦ
3045 5030 3201 5100 λόγου
3231 5034 3513 5103 γινόμενον
3546 5038 3873 5109 πρόσταγμα.

2322 5122 2432 5175 Καὶ
2459 5121 2572 5184 πῶς
2599 5120 2892 5191 ἀμφίϐολον
2910 5122 3086 5190 λέγεις
3107 5123 3206 5193 τῆς
3232 5124 3568 5199 παρθενικῆς
3591 5134 3873 5201 γεννήσεως

2320 5212 2380 5265 τὸ
2411 5214 2700 5283 μυστήριον
2725 5229 2738 5277 ;
2759 5213 2824 5263 "A
2848 5214 2956 5285 γὰρ
2987 5214 3081 5268 νῦν
3115 5215 3426 5286 σπέρματος
3453 5219 3584 5272 ἄνευ
3617 5223 3682 5273 οὑ
3717 5223 3873 5274 τίκτε-

2320 5321 2428 5369 ται,
2458 5303 2664 5368 τούτοις
2701 5308 2732 5375 ἠ
2778 5306 2927 5375 φωνὴ
2959 5306 3078 5358 τότε
3119 5308 3404 5378 συνέτρεχε
3455 5310 3549 5363 τοῦ
3601 5314 3872 5375 καλοῦντος

2321 5395 2457 5464 πρὸς
2479 5395 2747 5465 γέννησιν,
2778 5399 2870 5450 καὶ
2901 5397 3208 5468 συλλήψεως
3241 5399 3461 5470 τρόπον,
3520 5404 3550 5456 ὀ
3583 5404 3684 5475 τῆς

2323 5502 2456 5548 σεως
2493 5488 2740 5557 ἐμιμεῖτο
2765 5489 2944 5558 νόμος,
2980 5489 3071 5541 καὶ
3098 5490 3183 5542 διὰ
3219 5492 3348 5561 μιᾶς
3381 5496 3569 5565 φωνῆς
3598 5497 3872 5568 ὲσαρκοῦτο

2318 5576 2386 5630 τὰ
2416 5577 2611 5632 πάντα.
2670 5581 2777 5631 Καὶ
2823 5583 2850 5632 ό
2898 5581 3016 5634 τότε
3067 5583 3354 5653 σαρκώσας
3401 5584 3502 5655 τὴν
3536 5588 3741 5650 κτίσιν,
3794 5587 3873 5640 καὶ

2323 5670 2517 5740 σπόρον
2549 5670 2799 5741 ἁσπόρως
2832 5674 3140 5744 χορηγήσας
3169 5677 3280 5736 τοῖς
3326 5677 3517 5741 πᾶσιν,
3578 5681 3742 5743 αὑτὸς
3785 5679 3872 5731 ἀπὸ

2319 5761 2541 5832 λογικῆς
2575 5761 2872 5832 σαρκωθεὶς
2905 5765 3006 5834 γῆς
3055 5765 3317 5833 προῆλθεν
3367 5767 3637 5838 ἁππόρως
3675 5771 3769 5841 τὴν
3802 5768 3874 5823 διὰ

3969 2943 3977 3080 ἰ
