4064 6290
259 349 355 400 841

1187 343 1250 397 ΙΝ
1289 339 1652 398 EUSTATIIII
1693 334 2163 392 ΗΕΧΑΕΜΕΒΟΝ
2204 333 2431 390 NOTAE.

3371 327 3478 387 8‘3

263 462 460 535 σαρκὸς
493 463 840 532 φυτευθεῖσαν
889 462 981 516 τοῦ
1032 461 1256 516 θανάτου
1291 461 1442 533 ῥίζαν
1483 461 1548 530 τῇ
1577 457 1816 530 δρεπάνῃ
1847 460 1890 515 Α
1918 456 1982 523 τῇ
2016 452 2145 523 ὁλκῇ
2179 451 2270 504 τοῦ
2305 447 2505 520 θερμοῦ
2539 447 2930 516 συνεπάγεσθαι
2961 447 3054 500 τοῦ
3093 448 3354 519 τροφίμου
3377 447 3478 518 τῆς

259 559 357 629 τῆς
379 556 708 628 παρθενικῆς
742 557 1016 610 ἐκκόπτων
1052 557 1370 625 γεννήσεως.

346 649 461 704 Col.
485 648 609 714 715,
652 647 746 703 lin.
782 648 871 702 37.
898 648 965 702 'H
980 648 1087 716 γὰρ
1104 645 1445 714 βλάστησις
1465 641 1818 711 καθηγεῖται.

271 740 531 803 Basilius,
561 738 706 791 hom.
729 738 762 792 5
790 757 802 792 :
835 737 1052 810 Πρῶτόν
1083 739 1226 789 ἐστιν
1259 737 1317 788 ὲν
1360 739 1427 806 τῇ
1477 734 1684 804 γενέσει
1715 731 1822 784 τῶν

267 833 551 904 φυομένων
587 831 620 900 ἡ
660 830 968 900 βλάστησις,
1021 829 1227 892 ἔπειτα,
1272 829 1399 881 ὅταν
1436 826 1684 898 προκύψῃ
1733 842 1820 894 μι-

274 925 407 996 κρὸν
432 923 498 977 τὰ
530 922 900 993 βλαστήματα,
938 921 1130 992 βοτάνη
1166 922 1392 989 γίνεται,
1438 917 1576 980 εἶτα,
1606 917 1822 972 ἐπειδὰν

273 1014 507 1084 αὐξηθῇ,
532 1013 720 1083 χόρτος
749 1014 865 1065 ἐστὶ
897 1013 1036 1066 κατά
1061 1011 1250 1083 μικρὸν
1270 1011 1697 1082 διαρθρουμένων
1718 1009 1823 1063 τῶν

271 1107 571 1177 φυομένων,
607 1108 699 1158 καὶ
727 1106 883 1176 μέχρι
914 1105 1011 1174 τῆς
1041 1105 1132 1158 ἐπὶ
1157 1104 1218 1157 τὸ
1252 1104 1468 1174 σπέρμα
1502 1101 1824 1165 τελειώσεως

270 1199 584 1272 προϊόντων.
626 1197 884 1264 Quamvis
930 1199 1072 1253 enim
1127 1198 1580 1268 germinationum
1627 1209 1825 1266 genera

269 1291 444 1354 varia,
481 1291 620 1345 sicut
652 1297 706 1343 et
757 1289 1085 1359 plantarum,
1135 1305 1235 1343 nec
1271 1305 1378 1343 uno
1421 1296 1681 1358 tempore,
1724 1303 1827 1342 nec

271 1384 393 1438 loco
440 1381 785 1446 conveniant,
827 1389 1006 1436 tamen
1070 1397 1282 1451 semper
1335 1382 1566 1452 priorem
1623 1395 1744 1436 esse
1773 1387 1827 1435 et

273 1469 564 1532 fructibus,
594 1474 645 1522 et
691 1467 915 1520 ﬂoribus
967 1468 1408 1536 germinationem
1449 1481 1670 1520 necesse
1720 1471 1824 1528 est,

271 1560 724 1634 quemadmodum
764 1567 818 1613 et
865 1559 920 1612 in
963 1559 1272 1613 animalium
1310 1559 1657 1628 generatione
1697 1572 1828 1612 con-

272 1663 510 1722 ceptum.
551 1649 716 1713 Plin.,
751 1648 944 1704 Natur.
979 1649 1127 1716 hist.,
1160 1650 1198 1704 l.
1234 1666 1342 1715 xw,
1379 1665 1428 1704 c.
1462 1649 1569 1704 9.5:
1604 1649 1827 1706 Catula-

272 1749 463 1801 tionem
493 1744 676 1798 rustici
713 1751 916 1802 vocant,
952 1742 1197 1810 gestiente
1232 1750 1422 1795 natura
1460 1741 1660 1794 semina
1689 1740 1830 1794 acci-

1925 545 2027 615 γῆς
2053 545 2175 599 ὅσον
2207 544 2443 615 μέτριον,
2479 541 2748 595 καὶτοῦτο
2783 539 3166 612 καταμερίζειν
3206 543 3284 604 είς
3307 538 3478 594 καλά-

1929 656 2056 709 μην,
2091 638 2186 692 καὶ
2219 637 2418 706 φλοιὸν,
2448 637 2662 700 καὶ’τὰς
2690 636 2858 708 θήκας
2903 634 2995 688 τοῦ
3024 634 3166 687 σίτου
3201 633 3291 686 καὶ
3319 629 3479 684 αὐτὸν

1926 732 2015 785 τὸν
2043 734 2184 783 σῖτον
2211 731 2304 784 καὶ
2334 732 2458 793 τοὺς
2487 729 2796 802 ἀνθέρικας.
2820 727 2886 781 Et
2915 727 3034 782 ideo
3062 724 3382 780 Aristoteles
3415 723 3482 777 li-

1926 823 2066 878 bello
2100 821 2174 875 De
2197 821 2466 890 juventute
2498 829 2548 874 et
2585 829 2768 874 senect.
2802 820 2890 874 vit.
2931 827 3088 872 mort.
3121 824 3171 871 et
3210 815 3479 883 respirat.,

1927 916 2123 986 capit.,
2149 915 2200 979 Ι,
2235 915 2448 969 radices
2463 929 2584 969 esse
2600 914 2675 967 ait
2695 928 2756 968 os
2779 913 3115 983 plantarum;
3138 905 3486 978 quemadmo-

1928 1005 2054 1060 dum
2083 1005 2226 1060 enim
2280 1006 2536 1060 animalia
2589 1019 2685 1075 per
2713 1019 2775 1058 os
2809 1003 2989 1058 cibum
3043 1001 3342 1071 excipiunt,
3379 1010 3487 1067 quo

1928 1098 2118 1152 vivunt
2160 1103 2214 1150 et
2261 1104 2678 1160 conservantur,
2732 1094 2916 1150 eadem
2950 1094 3162 1147 ratione
3206 1097 3260 1146 et
3290 1091 3490 1159 planta;

1931 1207 2028 1263 per
2074 1189 2285 1245 radices
2350 1188 2628 1244 humorem
2683 1197 2736 1242 et
2781 1187 3092 1242 alimentum
3162 1182 3489 1238 contrahunt

1937 1297 2046 1352 quo
2079 1288 2472 1337 sustentantur.
2526 1279 2705 1347 Quare
2747 1286 2926 1332 autem
2974 1278 3078 1332 hoc
3121 1274 3392 1331 contrarie
3432 1285 3492 1327 se

1931 1373 2092 1429 habet
2121 1372 2176 1427 in
2205 1373 2404 1443 plantis
2427 1381 2480 1426 et
2508 1363 2832 1426 animalibiis
2876 1369 2994 1424 fuse
3017 1367 3214 1423 ibidem
3236 1365 3488 1436 explicat,

1932 1481 2091 1536 quem
2139 1465 2293 1533 vide;
2323 1471 2376 1520 et
2405 1463 2815 1533 Theophrastus
2847 1461 2924 1516 De
2946 1461 3070 1515 hist.
3095 1460 3286 1530 plant.,
3319 1459 3412 1511 lib.
3449 1472 3486 1519 ι,

1932 1573 2051 1628 cap.
2073 1557 2108 1611 2
2139 1576 2152 1611 :
2181 1558 2334 1610 Ἔστι
2369 1556 2425 1609 δὲ
2471 1554 2594 1627 ῥίζα
2627 1555 2723 1626 μὲν
2751 1554 2815 1607 δι’
2844 1547 2904 1607 οὗ
2928 1554 3100 1625 τροφὴ
3127 1553 3407 1620 ἐπάγεται.

2005 1649 2168 1715 lbid.,
2197 1650 2293 1704 lin.
2321 1648 2409 1704 50.
2429 1649 2498 1702 Ἦ
2517 1647 2586 1700 δὲ
2613 1646 2849 1716 καλάμη
2875 1647 2980 1700 τοῦ
3015 1647 3209 1700 σίτου.
3236 1643 3491 1708 Basilius,

1935 1742 2081 1796 hom.
2113 1742 2145 1795 5
2177 1759 2189 1794 :
2224 1740 2348 1804 Πῶς
2373 1739 2560 1808 γόνασι
2592 1737 2946 1802 διαζώννυται
2981 1738 3013 1808 ἡ
3040 1737 3258 1808 καλάμη
3284 1734 3375 1788 τοῦ
3409 1736 3494 1788 σί-

273 1855 390 1908 pere
416 1853 570 1907 eoque
605 1836 835 1888 animam
882 1832 1130 1902 inferente
1173 1834 1411 1887 omnibus
1453 1833 1604 1886 satis.
1639 1831 1830 1887 Conci—

1948 1851 2046 1897 :ou,
2072 1834 2157 1886 ἵνα
2183 1833 2370 1904 ὥσπερ
2403 1830 2686 1902 σύνδεσμοί
2711 1847 2852 1894 τινες
2881 1830 3077 1901 ῥᾳδίως
3109 1829 3170 1881 τὸ
3200 1827 3361 1899 βάρος
3385 1827 3495 1881 τῶν

272 1932 421 2000 piunt
460 1929 616 1982 variis
651 1928 853 1989 diebus,
877 1935 926 1980 et
958 1941 1053 1994 pro
1095 1942 1192 1980 sua
1228 1941 1440 1995 quicque
1473 1935 1692 1989 natura,
1725 1925 1834 1978 alia

273 2025 510 2094 protinus
533 2031 588 2075 ut
612 2021 892 2082 animalia,
935 2015 1137 2072 tardius
1171 2019 1370 2088 aliqua,
1404 2028 1452 2072 et
1482 2019 1680 2072 diutius
1713 2035 1837 2088 gra-

274 2117 392 2172 vida
421 2123 604 2186 partus
653 2111 1038 2184 gerunt:quod
1091 2113 1399 2182 germinatio
1445 2112 1560 2165 ideo
1598 2119 1834 2166 vocatur.

274 2209 500 2263 Pariunt
551 2223 666 2260 vero
696 2222 812 2258 cum
840 2204 1050 2273 ﬂorent,
1092 2203 1290 2272 ﬂosque
1317 2202 1406 2255 ille
1440 2203 1606 2270 ruptis
1632 2209 1837 2255 constat

290 2302 552 2355 utriculis.
607 2298 863 2351 Educatio
904 2299 956 2348 in
985 2312 1134 2365 ponto
1161 2304 1272 2349 est:
1299 2295 1392 2348 hoc
1419 2303 1470 2348 et
1501 2295 1833 2364 germinatio.

282 2394 416 2450 Vide
433 2392 884 2461 Theophrastum,
909 2388 981 2442 De
1001 2389 1183 2442 histor.
1208 2390 1398 2455 plant.,
1425 2388 1516 2442 lib.
1537 2404 1616 2451 Ill,
1645 2404 1762 2458 cap.
1782 2387 1836 2454 6,

291 2499 358 2536 ex
410 2499 516 2551 quo
571 2497 668 2534 sua
721 2487 996 2534 mutuatus
1055 2489 1137 2532 est
1188 2477 1416 2532 Plinius.
1471 2477 1838 2533 Pulcherrima

280 2572 502 2628 Ocellus
523 2572 794 2636 Lucanus,
824 2571 916 2624 lib.
970 2586 1066 2624 vm
1107 2570 1178 2624 De
1201 2571 1540 2636 universo,de
1569 2569 1837 2625 seminum

279 2673 426 2731 ortu,
469 2673 522 2719 et
550 2664 808 2717 arborum
851 2663 1206 2733 productione
1239 2663 1503 2717 circulum
1535 2663 1834 2718 constituit.

283 2755 520 2811 Arbores
539 2756 684 2811 enim
708 2756 935 2809 fructum
959 2755 1213 2821 ferentes,
1238 2765 1550 2824 caeterzeque
1562 2755 1758 2824 planta:
1775 2771 1840 2810 ex

281 2848 582 2903 seminibus
621 2847 704 2902 sui
746 2853 901 2900 ortus
939 2845 1152 2899 initium
1197 2844 1416 2911 habent,
1472 2846 1683 2902 fructus
1711 2862 1840 2902 vero

283 2938 533 3010 producti
563 2948 617 2992 et
644 2938 754 3006 jam
786 2935 1009 3006 perfecti
1060 2952 1251 2992 rursus
1285 2937 1352 2992 ab
1375 2937 1562 2993 eodem
1595 2939 1649 2991 in
1698 2938 1839 2992 idem

283 3037 623 3084 commeanle
664 3034 860 3080 natura
893 3025 1288 3082 dissolvuntur.
1335 3025 1486 3092 Quod
1521 3035 1574 3083 et
1605 3027 1672 3082 de
1707 3043 1839 3098 qua-

283 3132 410 3177 tuor
439 3121 823 3174 elementor‘um
853 3121 1196 3190 generatione
1209 3121 1405 3174 asserit
1430 3140 1442 3174 :
1471 3122 1589 3192 Πῦρ
1615 3120 1712 3192 μὲν
1733 3120 1841 3194 γὰρ

283 3216 364 3276 είς
394 3212 452 3266 ἓν
502 3211 886 3282 συνερχόμενον
922 3211 1063 3283 ἀέρα
1103 3213 1396 3283 ἀπογεννᾷ,
1448 3212 1556 3284 ἀὴρ
1585 3213 1642 3266 δὲ
1676 3212 1838 3284 ὕδωρ,

285 3304 428 3377 ὕδωρ
462 3304 517 3356 δὲ
546 3306 669 3376 γῆν,
701 3305 806 3358 ἀπὸ
832 3305 934 3374 γῆς
960 3304 1016 3357 δὲ
1050 3305 1083 3375 ἡ
1117 3304 1252 3358 αὐτῇ
1285 3304 1528 3376 περίοδος
1553 3307 1651 3378 τῆς
1682 3323 1847 3377 μετα-

286 3395 445 3465 ϐολῆς
481 3395 640 3466 μέχρι
673 3394 862 3466 πυρὸς,
896 3393 1018 3447 ὅθεν
1053 3394 1254 3467 ἤρξατο
1300 3395 1668 3466 μεταϐάλλειν.
1691 3399 1752 3450 Oi
1789 3395 1846 3449 δὲ

286 3488 485 3558 καρποὶ
521 3485 702 3539 καὶτὰ
735 3487 958 3540 πλεῖστα
991 3489 1096 3540 τῶν
1130 3487 1426 3559 ῥιζοφύτων
1459 3488 1565 3543 ἀπὸ
1599 3490 1849 3560 σπερμά-

286 3597 393 3634 των
414 3580 667 3633 ἀνέλαϐον
693 3579 790 3650 τὴν
817 3579 986 3652 ἀρχὴν
1019 3583 1116 3652 τῆς
1145 3583 1437 3651 γενέσεως·
1492 3584 1850 3654 καρπωθέντα

287 3671 346 3723 δὲ
385 3670 478 3722 καὶ.
533 3670 1019 3741 τελεσφορήσαντα,
1063 3656 1228 3726 πάλιν
1284 3673 1376 3728 ἐπὶ
1423 3673 1483 3726 τὸ
1513 3674 1730 3744 σπέρμα
1753 3675 1852 3745 τὴν

290 3762 544 3816 ἀνάλυσιν
575 3764 806 3814 ποιεῖται
849 3763 956 3815 ἀπὸ
1003 3762 1094 3816 τοῦ
1146 3764 1332 3826 αὐτοῦ,
1380 3765 1473 3818 καὶ
1505 3766 1596 3819 ἐπὶ
1629 3766 1691 3818 τὸ
1724 3765 1854 3819 αὐτὸ

289 3853 379 3923 rip
426 3849 653 3914 διέξοδον
674 3850 1091 3922 ἐπιτελουμένης
1119 3853 1214 3923 τῆς
1246 3852 1476 3918 φύσεως.

364 3944 525 4004 lbid.,
568 3943 664 3997 lin.
716 3943 801 3996 58.
846 3944 1065 3996 Νοτίδα
1107 3944 1216 4013 γὰρ
1277 3947 1518 4015 θερμήν.
1580 3947 1852 4016 Basilius,

293 4037 442 4091 hom.
469 4035 502 4090 5
535 4054 548 4090 :
582 4036 749 4088 Ὅταν
787 4036 842 4098 ὲς
870 4035 970 4105 γῆν
1000 4037 1281 4108 καταπέσῃ
1307 4037 1367 4090 τὸ
1395 4038 1612 4108 σπέρμα
1644 4040 1856 4111 συμμέ-

298 4145 442 4200 τρως
466 4127 667 4190 νοτίδος
691 4127 783 4179 καὶ
812 4127 1018 4198 θέρμης
1063 4127 1308 4197 ἔχουσαν.
1352 4129 1544 4199 χαῦνον
1573 4131 1857 4202 γενόμενον

294 4222 388 4274 καὶ
427 4218 746 4290 πολύπορον,
774 4219 872 4289 τῆς
902 4222 1309 4292 παρακειμένης
1339 4223 1443 4293 γῆς
1466 4223 1859 4295 περιδραξάμε-

298 4327 419 4374 νον,
455 4309 523 4361 τὰ
555 4311 728 4363 οἰκεῖα
769 4310 862 4363 καὶ
897 4310 1147 4382 σύμφυλα
1180 4312 1317 4383 πρὸς
1348 4313 1506 4365 ἑαυτὸ
1538 4314 1855 4367 ἐπισπᾶται.

310 4402 365 4453 Ἐ
374 4401 674 4472 μπίπτοντα
700 4401 756 4455 δὲ
770 4405 882 4466 τοῖς
907 4403 1112 4475 πόροις,
1129 4405 1222 4457 καὶ
1249 4404 1743 4477 περιολισθαίνοντα
1763 4407 1858 4477 τῆς

1935 1925 2216 1996 ἀσταχύων
2249 1926 2506 1995 φέρωσιν,
2531 1924 2656 1977 ὅταν
2681 1923 2906 1994 πλήρεις
2934 1923 3082 1986 ὄντες
3109 1921 3334 1994 καρπῶν
3362 1922 3497 1993 πρὸς

1934 2021 2030 2089 τὴν
2059 2020 2159 2089 γῆν
2189 2017 2652 2083 κατακλίνωνται;
2708 2016 2805 2069 Διά
2843 2016 2996 2069 τοῦτο
3025 2017 3053 2068 ό
3083 2017 3178 2086 μὲν
3207 2014 3403 2085 βρόμος
3429 2014 3494 2067 δι’

1935 2112 1984 2166 ὅ)
1997 2129 2056 2164 ου
2087 2111 2258 2177 κενὸς,
2283 2111 2377 2164 ἅτε
2404 2109 2593 2181 μηδενὶ
2621 2109 2717 2180 τὴν
2743 2107 2979 2178 κεφαλὴν
3003 2107 3384 2178 βαρυνόμενος,
3406 2103 3496 2160 τὸν

1935 2202 1991 2255 δὲ
2027 2205 2168 2255 σῖτον
2195 2205 2305 2265 τοῖς
2337 2201 2650 2272 συνδέσμοις
2683 2200 2888 2264 τούτοις
2916 2203 2948 2272 ἡ
2985 2199 3144 2269 φύσις
3168 2198 3498 2271 κατησφαλί-

1940 2312 2086 2348 σατο.
2124 2296 2210 2348 Ἐν
2237 2295 2377 2367 θήκῃ
2426 2295 2484 2348 δὲ
2515 2295 2606 2348 τὸν
2636 2295 2833 2350 κόκκον
2860 2293 3187 2365 ἀποθεμένη,
3211 2294 3284 2356 ὼς
3312 2293 3384 2364 μὴ
3412 2294 3498 2346 εύ-

1936 2387 2265 2456 διάρπαστον
2291 2381 2429 2439 εἶναι
2458 2387 2571 2447 τοῖς
2599 2385 3006 2457 σπερμολόγοις,
3026 2383 3103 2437 ἔτι
3134 2384 3228 2437 καὶ
3253 2385 3316 2454 τῇ
3347 2399 3501 2454 περι-

1940 2480 2065 2552 ϐολῇ
2098 2480 2206 2532 τῶν
2250 2479 2551 2551 ἀνθερίκων
2593 2474 2704 2532 οἷον
2748 2480 2894 2532 ἀκίσι
2925 2478 3020 2542 τὰς
3050 2480 3112 2532 ὲκ
3143 2477 3249 2531 τῶν
3293 2477 3501 2550 μικρῶν

1939 2571 2090 2637 ζώων
2137 2572 2393 2642 ἀφίστησι
2441 2571 2662 2643 βλάϐας.
2699 2570 2892 2626 Cicero
2936 2570 3003 2626 de
3057 2577 3333 2625 senectute
3386 2569 3501 2624 hinc

1939 2665 2119 2719 omnia
2143 2663 2504 2720 disertissime
2532 2664 2877 2734 prosequitur
2904 2679 2918 2714 :
2951 2661 3260 2734 Quanquam
3287 2679 3366 2716 me
3387 2663 3503 2732 qui-

1939 2755 2056 2808 dem
2085 2773 2188 2809 uon
2219 2756 2421 2824 fructus
2450 2755 2624 2813 modo.
2647 2754 2736 2809 sed
2758 2755 2916 2808 etiam
2939 2755 3100 2822 ipsius
3131 2765 3282 2808 terrae
3305 2754 3397 2822 jus
3441 2769 3504 2806 ac

1942 2857 2136 2904 natura
2177 2847 2400 2902 delectat
2430 2864 2448 2900 :
2479 2864 2592 2918 qua:
2614 2864 2729 2901 cum
2791 2847 2985 2917 gremio
3021 2846 3221 2900 mollito
3279 2863 3338 2899 ac
3375 2845 3503 2899 sub-

1942 2948 2057 2992 acto
2077 2955 2247 2992 semen
2280 2954 2521 3007 sparsum
2544 2938 2735 3007 excipit
2767 2954 2785 2992 :
2831 2938 3059 3008 primum
3087 2937 3142 2991 id
3190 2949 3506 2992 occa'catum

1941 3029 2184 3094 cohibet;
2235 3046 2299 3085 ea:
2325 3047 2426 3102 quo
2459 3031 2683 3095 occatio,
2735 3046 2851 3101 qua:
2899 3029 2993 3084 hoc
3033 3030 3203 3100 eﬂicit,
3236 3031 3507 3084 nominata

1945 3132 2022 3177 est
2047 3140 2063 3176 :
2090 3123 2278 3178 deinde
2309 3124 2619 3194 tepefactum
2650 3138 2836 3192 vapore
2865 3134 2910 3177 et
2946 3139 3242 3192 compressu
3271 3139 3367 3176 suo
3407 3121 3509 3192 dif-

1946 3217 2146 3287 fundit,
2169 3228 2217 3271 et
2256 3219 2400 3272 elicit
2428 3219 2804 3273 herbescentem
2835 3233 2898 3272 ea:
2921 3235 2980 3272 eo
3010 3218 3324 3273 viriditatem
3347 3234 3366 3282 ;
3393 3232 3510 3289 qua:

1955 3311 2042 3364 vix
2085 3329 2116 3363 a
2149 3311 2296 3380 ﬁbris
2341 3311 2616 3380 stirpium,
2673 3311 2866 3365 sensim
2910 3310 3179 3376 adolescit,
3241 3310 3512 3380 culmoque

1958 3419 2129 3456 erecta
2155 3403 2472 3470 geniculato,
2505 3405 2706 3475 vaginis
2730 3404 2848 3473 jam
2865 3404 3016 3475 quasi
3042 3403 3316 3473 pubescens
3339 3403 3511 3457 inclu-

1949 3494 2114 3560 ditur,
2149 3511 2177 3549 e
2213 3494 2398 3565 quibus
2442 3512 2559 3548 cum
2599 3497 2896 3560 emerserit,
2924 3495 3096 3565 fundit
3120 3496 3318 3566 frugem
3344 3497 3511 3566 spisso

1951 3584 2132 3638 ordine
2165 3596 2420 3650 sructam,
2461 3595 2509 3640 et
2539 3596 2722 3642 contra
2771 3589 2945 3641 avium
2993 3589 3252 3641 minorum
3282 3604 3512 3643 morsum

1954 3679 2187 3731 munitur
2232 3677 2371 3732 vallo
2413 3679 2726 3733 aristarum.
2777 3678 2928 3734 Hanc
2985 3681 3112 3735 item
3171 3689 3376 3734 natura:
3405 3682 3514 3734 vim

1955 3772 2028 3823 ita
2059 3770 2290 3839 explicat
2316 3769 2622 3825 Alexander
2647 3771 3022 3842 Aphrodiscus
3061 3772 3116 3825 in
3150 3772 3241 3826 lib.
3287 3789 3324 3837 ι,
3374 3772 3513 3826 Pro-

1958 3861 2110 3914 blem.
2141 3862 2194 3915 in
2219 3877 2448 3931 prooem.
2474 3881 2486 3917 :
2518 3862 2772 3934 Καρποὺς
2801 3863 2857 3916 δὲ
2881 3864 3087 3927 πάντας
3114 3865 3207 3917 καὶ
3230 3865 3516 3935 σπέρματα

1958 3954 2092 4024 πρὸς
2117 3953 2328 4021 γένεσιν
2361 3956 2454 4008 καὶ
2486 3955 2732 4028 διαδοχὴν
2762 3955 2856 4008 τοῦ
2877 3957 3064 4024 γένους
3087 3959 3453 4030 τεκτηναμένη
3479 3961 3513 4028 ἠ

1959 4047 2384 4116 φύσις,λεπίσιν,
2413 4048 2445 4118 ἢ
2478 4047 2686 4117 σώμασί
2715 4065 2854 4101 τισιν
2875 4049 3109 4120 ὑγροῖςῆ
3146 4049 3448 4116 ξυλῶδεσιν,
3480 4051 3514 4122 ἢ

1958 4140 2238 4210 δέρμασιν,
2278 4140 2476 4210 ὁμοίως
2532 4141 2865 4211 ἠσφαλίσατο
2889 4157 2904 4170 ⁸
2928 4141 3173 4212 καθάπερ
3219 4144 3276 4195 ἐν
3305 4143 3520 4214 κιϐωτῷ

1961 4233 2176 4297 τούτους
2215 4233 2577 4306 ἀποκρύψασα
2611 4236 2747 4307 πρὸς
2777 4235 3061 4306 ἀποφυγὴν
3103 4237 3298 4307 κρύους
3329 4238 3363 4308 ἢ
3397 4237 3522 4291 Θάλ-

1963 4326 2165 4398 πους,ἤ
2199 4325 2351 4390 ζώων
2379 4325 2536 4379 τινῶν
2555 4327 2898 4380 ἀδικούντων.
2915 4328 3023 4380 Καὶ
3055 4327 3182 4381 αὐτὸ
3200 4328 3255 4382 δὲ
3280 4329 3340 4381 τὸ
3368 4331 3522 4402 περίε

1963 4416 2147 4488 ϐλημα
2187 4418 2465 4482 παντελῶς
2507 4420 2723 4490 ἀχρεῖον
2752 4421 2811 4472 οὐ
2843 4419 3174 4490 κατέλειψεν,
3208 4419 3341 4474 ἀλλὰ
3389 4423 3525 4493 πρὸς

297 4491 403 4561 γῆς
449 4492 518 4545 τά
562 4491 857 4545 λεπτότατα
886 4494 1069 4565 μόρια,
1103 4494 1195 4548 ἐπὶ
1241 4495 1400 4548 πλέον
1426 4495 1705 4567 ἀνευρύνει
1733 4496 1860 4558 τοὺς
1893 4503 1934 4556 1)
1963 4508 2164 4579 τροφὴν
2191 4509 2618 4580 παρεσκεύασεν,

297 4583 491 4652 ὄγκους
518 4583 703 4648 αὑτοῦ,
743 4584 881 4637 ὥστε
906 4586 1182 4656 ῥιζοῦσθαι
1217 4587 1312 4658 μὲν
1342 4590 1421 4651 είς
1467 4587 1528 4640 τὸ
1567 4588 1734 4652 κάτω,
1771 4589 1861 4640 ἐπὶ

299 4676 361 4730 τὸ
381 4677 491 4730 ἄνω
523 4677 578 4729 δὲ
612 4676 942 4748 προκύπτειν
973 4679 1270 4750 ίσαρίθμων
1289 4683 1408 4743 ταῖς
1431 4679 1605 4751 ῥίζαις
1631 4680 1736 4733 τῶν
1761 4697 1861 4733 κα-

299 4769 485 4841 λάμων
516 4770 983 4843 προϐαλλομένων.
1007 4772 1235 4829 Joannis
1256 4790 1352 4838 xu,
1376 4773 1625 4830 Christus
1658 4776 1862 4844 optima

303 4861 660 4915 similitudine
689 4876 754 4914 ex
783 4877 952 4930 grano
975 4861 1030 4915 in
1053 4872 1193 4916 terra
1219 4865 1481 4919 moriente
1509 4863 1864 4930 ducta,suam

301 4951 770 5022 gloriﬁcationem,
814 4969 911 5008 nec
947 4970 1053 5008 non
1082 4962 1136 5009 et
1162 4956 1391 5010 aliorum
1424 4957 1680 5011 ostendit.
1719 4957 1866 5023 Quo-

304 5045 466 5100 modo
498 5052 677 5099 autem
707 5062 772 5099 ex
798 5047 1022 5110 semine,
1059 5056 1150 5101 aut
1172 5048 1375 5118 planta,
1412 5057 1506 5103 aut
1537 5051 1737 5104 animal
1769 5065 1863 5121 ge-

306 5145 529 5191 neretur
561 5137 728 5192 habes
757 5153 821 5192 ex
855 5138 1144 5194 Aristotele
1181 5155 1219 5194 ιι
1277 5139 1354 5195 De
1395 5150 1625 5210 generat.
1675 5142 1863 5206 anim.,

304 5242 426 5297 cap.
459 5226 510 5290 1,
541 5227 632 5281 ubi
669 5227 780 5282 haec
812 5228 968 5298 longe
996 5228 1182 5294 dubia,
1232 5239 1285 5284 et
1314 5239 1684 5298 ccutroversa,
1731 5233 1866 5287 satis

305 5324 464 5371 acute
501 5317 641 5370 sicut
673 5327 725 5372 et
765 5325 960 5372 caetera
1013 5321 1194 5373 omnia
1226 5319 1637 5390 perpenduntur
1688 5327 1742 5374 et
1774 5336 1868 5374 ex-

306 5411 599 5480 plicantur.

377 5501 535 5565 lbid.,
561 5503 656 5559 lin.
688 5503 777 5560 45.
822 5504 1209 5576 Θαλπομένου
1238 5505 1306 5559 δὲ
1332 5507 1422 5561 ἀεὶ
1455 5506 1560 5562 τοῦ
1596 5507 1869 5574 ,ϐλαστή-

301 5612 507 5664 ματος.
563 5595 814 5661 Basilius,
863 5599 1010 5652 hom.
1046 5599 1080 5653 5
1129 5618 1142 5653 :
1195 5598 1538 5670 Θαλπομένου
1579 5600 1634 5653 δὲ
1663 5601 1748 5654 ἀεὶ
1775 5601 1867 5655 τοῦ

309 5687 682 5760 βλαστήματος
717 5691 1018 5762 συρομένην
1059 5691 1144 5745 διὰ
1177 5691 1283 5744 τῶν
1326 5691 1489 5763 ῥιζῶν
1532 5694 1628 5766 τὴν
1668 5693 1863 5758 νοτίδα,

390 5780 433 5812 ¹⁸
472 5779 596 5836 Cen.
633 5799 724 5853 HI,-
748 5782 833 5852 18.

750 5880 1017 5942 ΡΑτιιοι..
1056 5880 1173 5940 Gn.
1210 5880 1438 5942 XVlll.

2033 4598 2194 4665 lbid.,
2242 4599 2339 4653 lin.
2378 4599 2468 4654 57.
2503 4599 2614 4653 Καὶ
2645 4601 2697 4652 εὶ
2730 4597 3190 4669 σῠνεϐλάστησε
3239 4601 3361 4667 τοῖς
3405 4619 3530 4668 τρο·-

1963 4689 2178 4758 φίμοις.
2246 4689 2504 4756 Basilius,
2536 4690 2685 4745 hom.
2722 4690 2756 4744 5
2787 4710 2799 4744 :
2835 4690 2943 4743 Kal
2984 4691 3182 4755 εὐθέως
3218 4691 3529 4763 συνεξεδόθη

1963 4783 2075 4844 τοῖς
2106 4781 2390 4851 τροφίμοις
2417 4781 2484 4834 τὰ
2517 4781 2836 4854 δηλητήρια,
2873 4782 3007 4852 μετά
3031 4783 3122 4835 τού
3157 4783 3301 4836 σίτου
3333 4784 3392 4837 τὸ
3425 4790 3532 4838 κω-

1965 4890 2124 4938 νειον,
2179 4873 2316 4943 μετὰ
2370 4873 2476 4926 τῶν
2509 4873 2709 4926 λοιπῶν
2755 4874 3054 4945 τροφίμων,
3107 4875 3382 4948 ἐλλέϐορος
3439 4879 3533 4931 καὶ

1967 4964 2228 5027 ἀκόνιτον,
2270 4965 2361 5018 καὶ
2390 4964 2768 5035 μανδραγόρας
2797 4965 2889 5018 καὶ¹
2917 4966 2944 5016 ὁ
2968 4966 3066 5035 τῆς
3101 4967 3348 5037 μήκωνος
3379 4967 3528 5031 ὀπός.

1967 5055 2150 5110 Multis
2187 5057 2324 5110 hanc
2360 5057 2717 5125 quazstionem
2754 5059 3026 5127 proponit,
3057 5068 3110 5112 et
3139 5060 3386 5115 dissolvit
3426 5059 3534 5114 Lu-

1969 5147 2193 5202 dovicus
2225 5145 2445 5211 Fidelis,
2472 5146 2544 5200 De
2573 5147 2757 5200 mundi
2783 5156 3072 5212 structura,
3094 5151 3189 5204 lib.
3224 5166 3295 5217 Iv,
3333 5165 3450 5218 cap.
3476 5147 3531 5212 6,

1969 5249 2022 5297 et
2060 5243 2353 5313 respondet
2391 5258 2580 5297 eorum
2615 5242 2904 5312 .Opinioni,
2956 5244 3049 5314 qui
3104 5244 3301 5300 herbas
3343 5243 3535 5300 noxias

1972 5341 2125 5389 sexto
2149 5334 2236 5389 die
2256 5342 2379 5404 post
2409 5334 2570 5405 primi
2604 5336 2846 5404 parentis
2869 5337 3357 5405 transgressionem
3399 5350 3533 5388 con-

1971 5427 2113 5480 ditas
2151 5425 2481 5490 sentiebant,
2518 5425 2609 5479 illa
2653 5427 2908 5481 suasione
2937 5426 3188 5495 permoti,
3219 5425 3362 5496 quod
3393 5424 3536 5481 Deus

1973 5515 2246 5569 hominem
2273 5515 2664 5582 condemnans,
2697 5505 2938 5570 futurum
2971 5514 3271 5584 respiciens
3294 5516 3490 5570 dixerit
3518 5536 3532 5572 :

1973 5604 2296 5660 Cerminabit
2333 5607 2426 5660 tibi
2459 5617 2596 5660 terra
2637 5608 2856 5661 tribulos
2897 5617 2946 5660 et
2985 5607 3251 5674 spinas“,
3307 5608 3540 5680 ideoque

1970 5709 2160 5754 rentur
2192 5701 2244 5755 in
2297 5699 2676 5770 hujuscemodi
2724 5697 3184 5769 transgressionis
3220 5715 3439 5771 pinnam
3475 5715 3541 5756 ac

3150 5880 3228 5939 27
