4064 6290
503 325 605 383 851

1838 331 2085 388 LEONlS
2121 331 2393 389 ALLATII

3621 334 3735 389 852

506 444 646 516 ρώὸη
699 439 834 499 εἶναι
883 447 976 501 καὶ
1018 446 1239 518 διακαῆ,
1277 448 1336 512 ὃς
1365 451 1412 502 εἰ
1458 448 1533 520 μὴ
1565 449 1639 520 τῷ
1673 450 1950 520 ἀναγκαίῳ
1979 449 2069 503 τοῦ

2174 459 2279 517 tur,
2311 459 2365 507 et
2388 459 2472 506 est
2508 451 2710 520 pluvia,
2749 467 2844 507 seu
2881 452 3074 519 stillae;
3119 451 3163 507 si
3194 451 3297 506 erit
3318 452 3567 523 spissior,
3589 452 3738 509 fiunt

503 539 822 607 ποιήσαντος
869 537 1029 591 αὐτὸν
1079 541 1189 611 ὅρῳ
1240 542 1541 612 κατείχετο,
1594 542 1645 594 τί
1682 541 1746 595 ἂν
1796 541 2065 596 ἐκώλυσεν

499 627 664 683 αὐτὸν
694 629 867 683 πάντα
898 630 1233 700 φλογίζοντα,
1252 633 1346 687 καὶ
1379 633 1846 706 καταπιμπρῶντα
1871 635 2065 705 συνεχῆ

440 716 461 735 ⁸
503 721 683 772 πᾶσαν
730 722 863 791 ὁμοῦ
904 723 1003 794 τὴν
1036 725 1093 775 ὲν
1136 727 1250 788 τοῖς
1301 721 1449 778 οὖσιν
1494 723 1828 791 ἐξαναλῶσαι
1861 725 2066 791 νοτίδας

503 812 603 865 Διὰ
630 811 801 867 ταῦτα
838 814 980 886 ὓδωρ
1022 816 1202 887 ἀέριον
1230 816 1437 885 γίνεται
1461 816 1787 887 νεφουμένου
1825 816 1917 870 τοῦ
1957 817 2068 870 ἀνω

503 916 666 957 τοπου
696 905 760 957 ἐκ
789 905 886 974 τῆς
912 906 1184 976 ἀναφορᾶς
1214 907 1322 960 τῶν
1350 906 1559 977 ἀτμῶν,
1575 907 1668 971 οὓς
1694 908 1947 979 ποταμοὶ,
1973 898 2070 961 καῖ

501 994 721 1066 κρῆναι,
762 997 855 1050 καὶ
884 995 1107 1069 τενάγη,
1140 997 1236 1051 καὶ
1262 996 1471 1068 λίμναι,
1502 999 1595 1053 καὶ
1645 999 1854 1071 πελάγη
1889 1000 2067 1054 πάντα

504 1087 781 1155 προΐενται
829 1088 903 1152 ὡς
944 1088 1009 1142 ἂν
1039 1089 1115 1159 μὴ
1151 1089 1325 1143 πάντα
1358 1089 1650 1162 πυρακτῶν
1687 1092 1715 1144 ὁ
1753 1088 1914 1163 αἰθὴρ
1940 1092 2066 1159 ἐπι-

504 1175 676 1231 λάϐοι.
707 1177 899 1235 Ether
919 1180 1049 1250 quid
1080 1182 1172 1246 sit,
1204 1196 1310 1236 non
1336 1197 1442 1235 una
1474 1189 1558 1238 est
1584 1183 1823 1237 omnium
1849 1193 2067 1238 senten-

503 1268 611 1336 tia;
647 1269 864 1340 quidam
899 1272 1276 1328 existimarunt
1319 1289 1440 1329 esse
1490 1289 1666 1330 aerem
1701 1275 1951 1345 ignitum,
1976 1276 2067 1330 alii

506 1360 727 1415 caelum.
759 1359 1093 1434 Porphyrius
1123 1374 1177 1420 et
1214 1374 1339 1421 ante
1385 1382 1509 1421 eum
1560 1367 1808 1438 Orpheus
1833 1376 2066 1424 mentem

506 1459 561 1506 et
591 1453 918 1509 intellectum
953 1454 1103 1518 Jovis
1149 1461 1507 1529 appellarunt,
1537 1460 1854 1516 Aristoteles
1912 1462 2003 1516 lib.
2049 1477 2066 1515 ι

505 1541 583 1597 De
609 1545 757 1609 caelo,
790 1561 908 1615 cap.
941 1547 994 1607 3.
1040 1555 1094 1603 et
1122 1550 1297 1619 primo
1326 1549 1571 1615 Meteon,
1619 1566 1833 1607 necnon
1864 1560 1919 1607 et
1968 1552 2064 1607 lib.

505 1635 584 1689 De
609 1636 823 1700 mundo,
851 1638 897 1692 si
933 1647 1110 1694 tamen
1157 1640 1478 1698 Aristoteles
1514 1642 1639 1696 libri
1684 1642 1832 1697 illius
1881 1653 2069 1697 auctor

507 1733 624 1791 est,
681 1728 749 1782 ad
808 1727 1195 1798 Alexandrum,
1252 1735 1451 1790 aethera
1525 1735 1646 1790 cceli
1723 1734 2068 1805 siderumque

508 1817 887 1883 substantiam,
915 1822 1236 1878 elementum
1281 1839 1311 1877 a
1351 1834 1583 1895 quatuor
1609 1825 1730 1880 aliis
1752 1826 2065 1881 sublunari-
2091 1805 2137 1866 Β

506 1908 611 1964 bus
633 1909 930 1976 diversum,
951 1914 1215 1979 divinum,
1243 1926 1292 1971 et
1324 1916 1690 1986 corruptionis
1718 1932 1933 1987 expers,
1956 1930 2067 1972 non

507 2016 572 2057 eo
623 1998 838 2074 quidem
896 2009 1316 2079 nomine;quod
1364 2026 1486 2064 cum
1541 2010 1697 2082 ignea
1748 2011 1820 2066 sit
1853 2011 2064 2082 ﬂagret.

509 2091 613 2146 Sed
643 2095 785 2164 quod
805 2097 893 2150 ἀεὶ
912 2097 1010 2152 θεῖ.
1041 2099 1284 2170 Οὐρανοῦ
1314 2100 1369 2153 δὲ
1397 2102 1488 2156 καὶ
1513 2102 1726 2174 ἄστρων
1757 2101 1941 2156 οὐσίαν
1969 2103 2067 2173 μὲν

506 2185 697 2258 αίθέρα
731 2187 1018 2260 καλοῦμεν,
1048 2191 1144 2262 οὐχ
1171 2190 1245 2256 ὥς
1272 2210 1433 2257 τινες,
1465 2192 1550 2246 διὰ
1570 2194 1630 2245 τὸ
1659 2192 1878 2265 πυρώδη
1904 2188 2067 2248 οὖσαν

507 2279 772 2343 αἴθεσθαι,
806 2283 1246 2354 πλημμελοῦντες
1296 2286 1424 2358 περὶ
1468 2287 1565 2356 τὴν
1617 2286 1862 2340 πλεῖστον
1900 2286 2068 2357 πυρὸς

505 2369 928 2447 ἀπηλλαγμένην
967 2376 1214 2448 δύναμιν,
1250 2378 1383 2431 ἀλλά
1409 2378 1496 2432 διά
1519 2380 1580 2431 τὺ
1608 2380 1693 2433 ἀεὶ
1730 2379 1839 2433 θεῖν
1873 2380 2067 2433 κυκλο-

509 2465 854 2537 φορουμένην
902 2472 1159 2539 στοιχεῖον
1196 2466 1359 2524 οὖσαν
1417 2471 1599 2542 ἓτερον
1644 2470 1750 2525 τῶν
1793 2471 2068 2543 τεσσάρων

511 2555 784 2627 ἀκήρατόν
814 2576 874 2612 τε
903 2562 994 2614 καὶ
1027 2561 1183 2615 θεῖον.
1216 2562 1279 2617 Et
1308 2564 1402 2619 lib.
1444 2580 1462 2617 t
1513 2564 1592 2619 De
1619 2564 1743 2620 ca'lo
1776 2565 2069 2634 reprehen-

509 2645 592 2701 dit
639 2647 1032 2720 Anaxagoram,
1090 2652 1232 2723 quod
1291 2669 1389 2724 pro
1422 2654 1563 2727 igne,
1613 2655 1864 2710 aetherem
1910 2654 2065 2721 dixit,

508 2739 654 2807 quod
690 2748 745 2794 et
777 2742 917 2797 alios
957 2742 1154 2800 fecisse
1204 2748 1340 2801 satis
1369 2756 1556 2802 notum
1596 2757 1698 2803 est.
1731 2746 1799 2802 Hi
1836 2763 2069 2819 namque

509 2828 580 2883 ab
623 2828 777 2895 αῑθω,
804 2848 913 2888 non
971 2834 1039 2890 ab
1079 2836 1165 2889 ἀεὶ
1212 2836 1343 2898 θεῖν,
1380 2839 1631 2895 aetherem
1678 2839 1971 2905 deducunt,
2012 2840 2068 2895 in

509 2936 672 2991 quam
726 2926 1045 2980 sententiam
1078 2936 1133 2983 et
1168 2928 1359 2984 Cicero
1394 2930 1488 2985 lib.
1518 2946 1555 2984 ιι
1610 2930 1688 2986 De
1717 2940 1906 2985 natura
1948 2931 2072 2987 deo-

517 3028 640 3066 rum
675 3012 838 3071 ivisse
866 3015 1113 3086 videtur;
1152 3028 1205 3075 et
1248 3018 1561 3075 Phornutus
1589 3021 1719 3077 item
1752 3022 1827 3077 De
1878 3032 2071 3078 natura

2166 540 2389 605 imbres,
2427 550 2589 611 atque
2621 542 2811 597 nimbi.
2849 542 2923 596 Ex
2965 542 3163 612 quibus
3203 542 3275 595 ita
3315 541 3565 596 lacunam
3594 556 3731 612 sup—

2166 633 2253 700 ple
2288 652 2300 685 :
2333 632 2539 685 Γίνεται
2594 632 2650 684 δὲ
2696 631 2868 695 οὕτως
2914 633 2942 684 ὁ
3001 631 3168 694 ὑετός.
3222 630 3545 700 Συνάγονται
3598 634 3728 704 mp!

2164 724 2244 789 τὸ,
2271 733 2373 780 etc.

2236 821 2394 889 Ibid.,
2430 823 2525 880 lin.
2551 824 2639 877 27.
2681 824 2753 877 'H
2772 822 2839 877 δὲ
2862 822 3008 893 χιὼν
3038 823 3106 877 ἐκ
3133 821 3250 876 τῶν
3272 821 3524 877 ὑδάτων.
3568 821 3722 879 Basi-

2164 910 2291 974 lius,
2339 913 2486 966 hom.
2540 914 2613 970 3:
2648 915 2814 967 Ὅταν
2866 914 2925 968 δὲ
2981 913 3042 967 τὸ
3082 914 3243 985 ὑγρὸν
3274 912 3570 988 ὲξαφρισθῇ
3606 920 3724 982 ταῖς

2169 1002 2309 1073 βίαις
2335 1005 2441 1058 τῶν
2470 1006 2683 1077 ἀνέμων
2705 1007 2992 1071 ἀνακοπὲν,
3021 1003 3137 1060 εἶτα
3165 1008 3246 1070 είς
3271 1008 3439 1091 ἀκρον
3480 1008 3723 1081 καταψυ-

2166 1100 2292 1172 χθὲν
2322 1101 2440 1155 ὅλον
2470 1101 2536 1154 δι’
2579 1101 2700 1155 ὅλου
2731 1105 2908 1172 παγῇ,
2947 1101 3278 1174 θραυομένου
3309 1101 3402 1156 τοῦ
3442 1102 3657 1173 νέφους,
3689 1107 3721 1176 ἡ

2168 1192 2299 1263 χιὼν
2340 1193 2726 1265 καταφέρεται.
2765 1192 2883 1247 Non
2932 1193 3219 1249 dissimilia
3259 1195 3420 1249 habet
3461 1192 3723 1268 Georgius

2168 1283 2379 1341 Pisides
2429 1283 2507 1340 De
2559 1286 2738 1341 mundi
2787 1289 3028 1357 opiﬁcio;
3083 1287 3292 1343 Plinius
3348 1289 3443 1342 lib.
3474 1305 3535 1355 ιι,
3560 1304 3610 1345 c.
3632 1290 3724 1356 60,

2169 1376 2488 1431 Grandinem
2520 1379 2845 1449 conglaciatq
2879 1379 3040 1432 imbre
3070 1381 3245 1450 gigni,
3273 1389 3321 1434 et
3350 1381 3515 1444 nivem
3550 1380 3727 1435 eodem

2170 1466 2388 1521 humore
2418 1468 2633 1523 mollius
2687 1478 2886 1532 coacto,
2918 1469 3159 1538 pruinam
3195 1479 3367 1523 autem
3396 1485 3460 1524 ea:
3496 1486 3613 1524 rore
3643 1488 3729 1540 ge-

2169 1559 2299 1614 lido.
2341 1559 2445 1616 Sed
2490 1561 2639 1616 brevi
2674 1561 2727 1615 id
2754 1562 3086 1631 explicemus
3140 1576 3412 1617 sermone.
3456 1558 3513 1616 Si
3561 1578 3730 1634 vapor

2169 1651 2426 1707 humidus
2464 1653 2517 1706 in
2553 1654 2695 1708 aeris
2741 1652 2916 1707 media
2959 1652 3181 1722 regione
3210 1652 3501 1708 subvectus
3529 1654 3728 1710 densa-

2169 1752 2278 1808 tur,
2307 1759 2409 1799 nec
2449 1752 2563 1798 tum
2609 1746 2945 1815 congelatur,
2970 1745 3029 1798 ﬁt
3055 1745 3257 1814 pluvia,
3285 1745 3368 1799 vel
3410 1747 3730 1816 congelatur

2164 1838 2480 1909 priusquam
2548 1839 2605 1892 in
2676 1853 2869 1908 aquam
2919 1845 3282 1905 convertatur,
3324 1844 3378 1892 et
3421 1838 3480 1904 fit
3521 1839 3616 1905 nix
3659 1855 3726 1895 ex

2165 1924 2363 1995 frigore
2416 1933 2529 1980 tum
2568 1926 2780 1981 fortiori
2803 1941 2962 1995 quam
2995 1925 3201 1996 pluvia,
3230 1927 3317 1981 vel
3349 1935 3634 1999 postquam
3669 1930 3728 1985 in

2166 2029 2359 2084 aquam
2407 2016 2682 2072 resolutus
2742 2016 2926 2083 fuerit,
2959 2025 3012 2071 et
3042 2015 3100 2070 fit
3141 2017 3374 2087 grando;
3400 2017 3444 2078 si
3470 2034 3639 2088 vapor
3667 2020 3724 2076 in

2165 2104 2349 2159 infima
2398 2107 2620 2177 regione
2667 2106 2811 2163 aeris
2858 2106 3124 2172 subsidet,
3174 2107 3258 2163 vel
3310 2108 3624 2178 congelatur
3668 2116 3724 2166 et

2165 2194 2225 2250 ﬁt
2277 2196 2493 2265 pruina,
2541 2197 2626 2252 vel
2679 2211 2788 2252 non
2849 2199 3186 2267 congelatur,
3222 2206 3269 2252 et
3303 2197 3359 2253 fit
3389 2214 3498 2253 ros.
3532 2199 3718 2255 Nivem

2166 2285 2611 2341 candidissimam
2638 2287 2848 2357 nigram
2877 2286 3063 2342 invitis
3091 2288 3340 2344 sensibus
3359 2290 3573 2344 volebat
3601 2306 3723 2345 esse

2166 2379 2675 2446 Anaxagoras,quia
2697 2384 2842 2432 esset
2862 2392 3000 2447 aqua
3025 2386 3299 2434 concreta.
3328 2378 3524 2434 Sextus
3545 2378 3725 2449 Empi-

2166 2467 2314 2524 ricus
2361 2466 2657 2539 Pyrrhon.,
2688 2467 2950 2540 Hypotyp.
2979 2471 3074 2525 lib.
3107 2487 3146 2534 ι,
3179 2485 3300 2541 cap.
3333 2470 3421 2534 l5,
3449 2470 3728 2540 Νοοὺμενα

2165 2561 2222 2615 δὲ
2256 2563 2617 2633 φαινομένοις,
2667 2562 2742 2625 ὡς
2785 2564 2812 2615 ό
2854 2561 3218 2633 Ἀναξαγόρας
3266 2562 3325 2614 τὸ
3368 2561 3565 2633 λευκὴν
3594 2557 3733 2615 εἶναι

2168 2654 2262 2725 τὴν
2307 2655 2481 2725 χιόνα,
2529 2655 2812 2720 ἀντετίθει,
2841 2655 2922 2708 ὅτι
2959 2653 3090 2724 χιὼν
3131 2652 3273 2724 ὕδωρ
3307 2654 3423 2706 ἐστὶ
3456 2653 3696 2724 πεπηγός
3710 2648 3731 2691 -'.

2167 2747 2228 2800 τὸ
2252 2746 2308 2799 δὲ
2330 2746 2475 2818 ὕδωρ
2504 2747 2621 2799 ἐστὶ
2652 2746 2837 2816 μέλαν,
2866 2746 2959 2799 καὶ
2985 2746 3018 2816 ἡ
3049 2743 3178 2816 χιὼν
3204 2745 3312 2817 ἄρα
3340 2743 3565 2816 μέλαινά
3589 2746 3727 2800 ἐστι.

2169 2838 2300 2906 Quae
2359 2839 2754 2910 argumentatio
2790 2838 2876 2892 vel
2918 2852 2985 2891 ex
3028 2837 3121 2891 illo
3162 2837 3280 2892 solo
3324 2837 3498 2894 refelli
3532 2845 3728 2908 potest,

2170 2930 2314 3001 quod
2369 2929 2632 2984 terminos
2687 2928 2744 2982 in
2789 2928 3254 2998 propositionibus
3286 2936 3479 2994 mutet,
3502 2943 3640 3000 quos
3684 2927 3733 2986 si

2168 3037 2280 3076 non
2324 3027 2576 3084 mutaret,
2614 3017 2730 3089 ipsa
2758 3033 2856 3088 per
2887 3034 2945 3074 se
2969 3029 3150 3074 rueret
3172 3027 3425 3090 essetque
3446 3020 3678 3075 ridicula
3714 3038 3729 3076 :
3802 3043 3808 3050 -

509 3106 748 3172 deorum,
779 3123 898 3179 cap.
930 3107 1005 3165 De
1028 3112 1166 3167 casio
1193 3113 1289 3166 :'H
1320 3112 1375 3166 δὲ
1419 3114 1573 3167 οὐσία
1618 3113 1781 3168 αὐτοῦ
1817 3115 2069 3188 πυρώδης

2174 3113 2286 3184 ipse
2313 3111 2392 3167 sic
2436 3109 2723 3173 formabat,
2759 3107 2863 3163 Nix
2891 3116 2976 3165 est
3005 3125 3143 3180 aqua
3169 3118 3454 3173 concreta;
3480 3125 3619 3180 aqua
3649 3117 3735 3165 est

508 3197 683 3266 ἐστιν,
717 3200 793 3265 ὡς
844 3202 998 3274 δῆλον
1048 3205 1112 3256 ἐκ
1171 3204 1263 3258 τοῦ
1309 3206 1457 3276 ἡλίου
1508 3208 1602 3260 καὶ
1650 3208 1714 3260 ὲκ
1751 3207 1860 3260 τῶν
1898 3207 2071 3263 ἄλλων

508 3292 741 3365 ἄστρων.
778 3292 939 3348 Ὅθεν
975 3297 1067 3350 καὶ
1097 3296 1259 3368 αἰθὴρ
1289 3297 1490 3369 ἐκλήθη
1520 3298 1581 3351 τὸ
1613 3296 1875 3362 ἐξώτατον
1908 3300 2072 3369 μέρος

509 3385 606 3440 τοῦ
635 3387 837 3457 κόσμου
856 3387 965 3441 ἀπὸ
986 3388 1079 3442 τοῦ
1110 3389 1376 3444 αἴθεσθαι.
1404 3389 1726 3447 Eustathius
1757 3401 1938 3447 tamen
1982 3391 2070 3446 hic

512 3492 614 3549 pro
640 3478 839 3535 aethere
864 3488 1119 3550 quartum
1151 3482 1479 3537 elementum
1516 3483 1788 3555 intelligit,
1820 3484 2071 3539 videlicet

513 3569 714 3640 ignem,
745 3573 838 3642 qui
867 3580 1033 3627 totam
1062 3581 1262 3629 terram
1291 3589 1388 3629 sua
1418 3574 1470 3627 vi
1505 3583 1558 3629 et
1588 3575 1842 3631 facultate
1872 3591 2073 3630 consu-

514 3669 704 3730 meret,
730 3665 834 3719 nisi
867 3672 921 3720 et
959 3664 1119 3736 jussu
1161 3666 1368 3729 divino,
1400 3673 1454 3720 et
1489 3668 1643 3741 aquis
1670 3668 1845 3724 aereis
1864 3667 2074 3726 detine-

513 3760 684 3809 retur.

585 3845 703 3902 Col.
726 3847 845 3916 7l2,
871 3848 967 3906 lin.
991 3849 1081 3905 22.
1104 3851 1467 3922 Συνάγονται
1493 3853 1624 3921 περὶ
1646 3853 1712 3906 τὸ
1728 3852 1902 3921 ὕψος.
1921 3851 2076 3908 Basi-

511 3934 622 3991 lius
667 3937 813 3992 hom.
865 3940 899 3993 '5
925 3940 1345 4013 τΣυναγομὲνων
1382 3942 1489 4013 γὰρ
1527 3943 1635 3997 τῶν
1666 3943 2077 4013 ἀναθυμιάσεων

516 4029 645 4101 περὶ
667 4030 730 4083 τδ
757 4030 910 4101 ὕψος,
937 4032 1030 4086 καὶ
1058 4036 1428 4105 πυκνουμένου
1448 4035 1542 4089 τοῦ
1569 4036 1728 4106 ἀέρος
1747 4041 1866 4098 ταῖς
1884 4038 1946 4089 ὲκ
1967 4035 2074 4089 τῶν

515 4120 840 4191 πνευμάτων
866 4122 1137 4195 πιλήσεσι,
1153 4125 1279 4179 ὅταν
1302 4126 1399 4196 μὲν
1423 4127 1478 4179 ai
1504 4127 1640 4190 τέως
1667 4126 1962 4198 ἀτμοειδῶς
1982 4126 2077 4180 καὶ

515 4212 728 4278 λεπτῶς
744 4214 1137 4289 ὲνεσπαρμέναι
1155 4217 1232 4288 τῷ
1251 4217 1398 4287 νέφει
1414 4218 1613 4282 νοτίδες
1635 4219 1888 4289 ἀλλήλαις
1908 4234 2076 4291 προσφ

518 4307 836 4379 χωρήσωσι,
873 4309 1129 4378 σταγόνες
1175 4310 1410 4378 γίνονται
1479 4310 1555 4381 τῷ
1590 4310 1743 4381 βάρει
1789 4311 1897 4365 τῶν
1949 4327 2078 4380 συγ-

520 4397 814 4471 κριθέντων
868 4402 1161 4473 φερόμεναι
1198 4402 1260 4456 τὸ
1287 4403 1454 4457 κάτω.
1488 4404 1599 4457 Καὶ
1631 4404 1768 4475 αὕτη
1798 4404 1951 4458 ὑετοῦ
1982 4404 2076 4473 γέ-

2170 3204 2348 3275 nigra,
2371 3216 2500 3272 ergo
2527 3199 2620 3255 nix
2647 3207 2731 3256 est
2756 3200 2909 3271 nigra
2940 3220 2954 3255 :
2986 3215 3109 3255 cum
3140 3200 3213 3253 ita
3246 3208 3391 3257 esset
3423 3198 3729 3254 formanda.

2169 3294 2268 3350 Nix
2322 3301 2405 3350 est
2447 3307 2588 3363 aqua
2644 3299 2926 3357 concreta,
2953 3306 3091 3362 aqua
3130 3296 3382 3347 concreta
3426 3297 3509 3344 est
3549 3289 3726 3365 nigra,

2171 3396 2303 3441 tunc
2352 3385 2539 3455 utique
2586 3389 2922 3454 sequeretur,
2973 3397 3103 3452 ergo
3154 3381 3248 3436 nix
3292 3388 3378 3436 est
3415 3379 3587 3451 nigra.
3623 3379 3730 3435 Sed

2170 3478 2294 3549 quis
2344 3475 2664 3531 concederet
2711 3489 2905 3545 aquam
2962 3481 3271 3528 concretam
3324 3487 3448 3528 esse
3487 3471 3738 3542 nigram?

2172 3586 2294 3625 cum
2334 3583 2529 3639 aquam
2587 3567 2751 3629 etiam
2784 3567 2956 3636 ipsam
2996 3565 3101 3620 etsi
3134 3579 3243 3619 non
3311 3572 3620 3620 concretam
3648 3563 3736 3618 ni-

2172 3677 2323 3734 gram
2348 3676 2471 3716 esse
2492 3675 2600 3715 non
2624 3658 2936 3716 aflirmaret.

2244 3751 2403 3817 lbid.,
2451 3751 2546 3806 lin.
2604 3751 2693 3805 51.
2735 3751 2802 3804 Ἦ
2829 3750 2897 3802 δὲ
2939 3748 3167 3816 ,βροντὴ
3198 3746 3348 3801 κατὰ
3378 3746 3592 3801 τοῦτον
3634 3745 3741 3799 τὸν

2171 3849 2377 3916 λόγον.
2437 3844 2711 3907 Basilius,
2770 3842 2918 3896 hom.
2958 3843 2992 3895 '5
3033 3860 3045 3894 :
3080 3841 3189 3910 Τὴν
3249 3839 3358 3910 γάρ
3409 3837 3740 3909 στερρότητα

2174 3935 2270 3990 καλ⁸
2345 3933 2662 3988 ἀντιτυπίαν
2728 3931 2820 3984 τοῦ
2898 3929 3202 4001 πνεύματος
3272 3926 3365 3981 τοῦ
3439 3927 3742 3997 ἐναπολαμ-

2175 4028 2470 4099 ϐανομένου
2506 4028 2624 4089 ταῖς
2680 4023 2951 4094 κοιλότησι
3003 4022 3111 4075 τῶν
3152 4020 3350 4090 νεφῶν,
3405 4020 3499 4074 καὶ
3552 4017 3639 4072 διὰ
3680 4016 3742 4071 τὸ

2178 4121 2370 4191 βιαίως
2442 4114 2805 4189 ὲκρήγνυσθαι
2871 4115 2996 4177 τοὺς
3080 4113 3180 4173 τὰς
3247 4110 3473 4182 βροντὰς
3547 4111 3744 4163 ἀποτε-

2175 4213 2401 4276 λοῦντας
2455 4210 2677 4280 ψόφους,
2718 4206 3002 4278 στερέωσιν
3027 4204 3254 4276 βροντῆς
3289 4207 3320 4272 ἡ
3349 4200 3538 4274 Γραφὴ
3575 4217 3743 4273 προσ-

2177 4304 2492 4375 ηγόρευσεν.
2546 4299 2839 4371 Gregorius
2894 4296 3268 4351 Nazianzenus
3327 4293 3404 4348 De
3432 4293 3690 4363 theologia
3721 4307 3740 4345 :

2179 4397 2245 4449 Τί
2315 4399 2404 4466 μοὶ
2462 4393 2838 4464 φιλοσοφήσεις
2899 4390 3027 4461 περὶ
3086 4386 3377 4458 ἀστραπῶν
3439 4385 3533 4438 καὶ
3591 4384 3745 4456 βρον-

526 4508 686 4556 θεσις.
720 4492 986 4562 Georgius
1022 4492 1231 4550 Pisides
1261 4493 1339 4549 De
1365 4495 1547 4549 mundi
1578 4496 1814 4565 opiﬁcio,
1841 4510 1962 4565 pag.
1990 4494 2074 4559 t9,

2185 4488 2312 4553 τῶν,
2348 4481 2392 4539 ὦ
2424 4482 2657 4556 βροντῶν
2691 4482 2796 4536 ἀπὸ
2825 4482 2925 4551 γῆς
2960 4480 3046 4543 σὺ,
3075 4479 3169 4532 καὶ
3200 4476 3321 4530 οὐδὲ
3355 4476 3570 4546 μικροῖς
3592 4490 3744 4527 σπινφ

522 4592 579 4641 et
616 4584 824 4641 Plinius
846 4588 947 4643 lib.
1003 4603 1067 4653 II,
1100 4587 1265 4657 capit.
1296 4586 1364 4641 42
1390 4606 1404 4641 :
1439 4587 1609 4641 Extra
1635 4589 1731 4641 has
1760 4604 1950 4641 causas
1978 4603 2081 4641 non

521 4679 816 4747 negauerim
861 4679 1113 4734 exsistere
1150 4678 1342 4734 imbres
1370 4688 1664 4749 ventosque.
1692 4679 1953 4744 Quoniam
1982 4677 2082 4730 hu-

524 4772 725 4827 midam
760 4792 793 4829 a
827 4784 990 4841 terra,
1015 4776 1153 4831 alias
1181 4792 1300 4831 vero
1325 4784 1537 4846 propter
1565 4789 1805 4842 vaporem
1827 4772 2083 4842 {umidam

522 4867 773 4924 exhalare
822 4870 1097 4942 caliginem
1162 4880 1358 4924 certum
1422 4877 1517 4922 est.
1570 4867 1846 4936 Nubesque
1886 4866 2085 4936 liquore

523 4976 729 5031 egresso
760 4961 817 5015 in
864 4961 1109 5028 sublime,
1150 4970 1241 5016 aut
1274 4977 1338 5016 ea:
1366 4977 1483 5015 aere
1533 4970 1713 5015 coacto
1745 4961 1798 5012 in
1832 4959 2084 5029 liquorem

523 5053 686 5124 gigni.
722 5052 965 5107 Densitas
1003 5068 1186 5108 earum
1226 5069 1512 5124 corpusque
1537 5051 1678 5105 haud
1706 5050 1864 5106 dubio
1911 5050 2085 5120 conje.

526 5152 702 5199 ctatur
754 5154 1080 5215 argumento,
1130 5161 1248 5197 cum
1296 5144 1455 5199 solem
1507 5142 1833 5208 obumbrent,
1886 5144 2087 5210 perspi-

525 5252 684 5292 cuum
720 5236 858 5291 alias
896 5237 1055 5291 etiam
1092 5234 1426 5289 minantibus
1476 5236 1531 5289 in
1580 5234 1813 5306 qualibet
1866 5234 2088 5303 profun—

526 5327 653 5383 dam
693 5345 951 5401 aquarum
993 5327 1347 5384 altitudinem.
1378 5327 1590 5383 Etenim
1624 5342 1692 5382 ex
1721 5341 1922 5397 vapore
1953 5326 2085 5382 solis

526 5419 579 5475 vi
610 5420 821 5476 elevato
849 5420 904 5475 in
934 5418 1167 5475 mediam
1206 5419 1479 5489 regionem
1516 5418 1658 5474 aeris
1699 5418 1960 5488 paulatim
1988 5417 2088 5472 fri-

528 5523 658 5582 gore
685 5513 860 5568 nubes
878 5511 1333 5580 densantur,qua:
1360 5508 1560 5572 calore,
1589 5509 1674 5563 vel
1707 5509 1813 5563 alio
1833 5510 2087 5579 quopiam

530 5601 844 5658 stimulante
875 5603 1179 5674 liquefiunt,
1204 5608 1258 5654 et
1286 5599 1635 5654 resolvuntur
1661 5598 1718 5652 in
1749 5613 1965 5669 aquam,
1989 5598 2088 5652 de-

531 5695 904 5765 scenduntque
951 5695 1312 5751 diversimode
1346 5709 1444 5765 pro
1475 5693 1694 5763 vaporis
1746 5690 2089 5746 dissimilitu-

532 5784 659 5840 dine
693 5803 705 5840 ε
740 5787 786 5842 si
825 5788 966 5843 enim
997 5804 1161 5859 vapor
1195 5789 1293 5843 fuit
1325 5790 1520 5855 rarior,
1552 5785 1804 5856 guttatim
1832 5782 2086 5845 dilabun-

2186 4581 2348 4652 θῆρσι
2371 4579 2470 4648 τῆς
2491 4575 2744 4647 ἀληθείας
2766 4573 3106 4645 λαμπόμενε,
3127 4572 3278 4632 τίνας
3300 4569 3505 4639 ἀτμοὺς
3527 4566 3743 4635 αἰτιάσῃ

2186 4673 2378 4740 νέφους
2404 4667 2784 4739 δημιουργοὺς,
2805 4667 2838 4738 ἢ
2865 4665 3021 4737 ἀέρος
3046 4660 3320 4718 πύκνωσίν
3342 4677 3483 4724 τινα,
3509 4660 3542 4729 ἢ
3570 4656 3746 4726 νεφῶν

2188 4763 2294 4816 τῶν
2327 4761 2637 4831 μανοτάτων
2671 4756 2904 4826 θλίψινῆ
2938 4753 3230 4827 adﬁngit);
3269 4753 3355 4804 ἵνα
3382 4755 3415 4822 ἠ
3452 4751 3546 4820 μὲν
3571 4748 3747 4818 θλίψις

2192 4856 2273 4909 σοὶ
2306 4854 2403 4925 τὴν
2434 4850 2740 4924 ἀστραπὴν,
2771 4851 2805 4919 ἡ
2844 4848 2900 4900 δὲ
2929 4845 3083 4918 ῥῆξις
3115 4844 3210 4916 τὴν
3251 4842 3475 4914 βροντὴν
3505 4840 3747 4910 ἀπεργά-

2191 4966 2371 5019 σηται,
2397 4948 2545 4998 ποῖον
2596 4943 2651 4996 δὲ
2696 4939 2911 5011 πνεῦμα
2959 4934 3474 5007 στενοχωρούμενον,
3504 4928 3624 4986 εἶτα
3649 4932 3748 4983 οὐκ

2188 5040 2308 5110 ἔχον
2329 5036 2575 5102 διέξοδον,
2596 5035 2683 5089 ἵνα
2709 5030 2957 5104 ἀστράψῃ
2987 5028 3321 5098 θλιϐόμενον,
3357 5025 3450 5078 καὶ
3484 5023 3747 5103 βροντήσῃ

2189 5132 2522 5205 ῥηγνύμενον
2543 5146 2557 5193 ;
2584 5144 2650 5183 ex
2671 5124 2868 5195 quibus
2891 5124 3068 5176 locum
3086 5118 3353 5174 Eustathii
3383 5118 3455 5171 ita
3482 5116 3743 5171 restituo:

2200 5227 2268 5279 Ἥ
2294 5225 2351 5278 δὲ
2381 5221 2574 5295 βροντὴ
2604 5220 2744 5273 κατὰ
2771 5216 2958 5269 τοῦτον
2984 5214 3076 5267 τὸν
3115 5212 3274 5280 λόγον
3321 5212 3387 5280 τῇ
3435 5207 3747 5282 στερρότητι

2190 5321 2285 5375 καὶ
2315 5315 2408 5371 τοῦ
2449 5313 2753 5382 πνεύματος
2793 5308 3083 5378 ἀντιτυπία
3120 5307 3346 5375 γίνεται.
3375 5302 3616 5358 Celebris
3649 5300 3750 5354 fuit

2191 5424 2383 5469 eorum
2404 5407 2588 5479 opinio
2613 5405 2708 5475 qui
2733 5401 3139 5463 existimarunt,
3168 5398 3378 5452 tonitru
3403 5393 3516 5450 fieri
3543 5393 3750 5449 exstin-

2189 5505 2371 5559 ctione
2419 5498 2562 5569 ignis
2602 5495 2839 5551 nubibus
2869 5490 3174 5560 intercepti.
3203 5488 3272 5542 Et
3297 5484 3751 5558 quemadmodum

2189 5597 2396 5653 ferrum
2441 5591 2681 5647 candens
2723 5589 2778 5643 in
2824 5600 3018 5656 aquam
3064 5584 3379 5637 immersum
3421 5577 3636 5641 stridet,
3679 5577 3752 5629 ita

2190 5690 2333 5760 ignis
2354 5688 2464 5745 ille,
2492 5684 2577 5739 vel
2606 5673 2760 5736 stella
2791 5679 2981 5750 ignita,
3007 5682 3066 5730 ut
3094 5673 3421 5744 opinabatur
3460 5669 3751 5738 Epicurus,

2194 5783 2248 5838 in
2279 5780 2475 5835 nubem
2504 5776 2723 5843 delapsa
2751 5770 3037 5826 stridorem
3064 5766 3287 5831 excitat,
3319 5764 3397 5818 sic
3429 5762 3483 5816 in
3516 5760 3753 5816 nubibus
