4064 6290
390 310 498 367 835

1401 306 1468 364 IN
1506 307 1878 365 EUSTATHII
1916 309 2401 369 BEXAEMERON
2439 311 2670 370 NOTAE.

3509 323 3613 380 854

391 422 711 489 contingere
746 421 1074 477 fatebantur.
1102 419 1258 477 Hunc
1291 421 1585 478 stridorem
1628 423 1704 477 ita
1738 422 1929 480 deseri!

2050 423 2245 494 ἄμμον
2266 425 2430 493 ὅριον
2454 424 2529 493 τῇ
2553 424 2868 495 Occidam);
2893 427 2984 501 Τῷ
3007 429 3373 504 ἀσθενεστάτῳ
3396 431 3613 491 πάντων

388 518 499 586 psit
525 514 774 571 Ovidius.

461 624 767 696 Terribilem
795 624 1022 679 stridore
1048 641 1230 679 sonum
1253 624 1416 687 dedit,
1447 635 1505 696 ut
1527 626 1656 682 dare
1682 628 1881 696 ferrum

458 695 586 766 Igne
620 696 806 749 rubens
828 696 1301 766 plerumquesolet,
1332 695 1469 765 quod
1499 695 1695 766 forcipe
1721 715 1881 754 curva

503 782 591 819 um
624 766 771 833 faber
792 766 973 818 eduxit
1003 764 1216 818 lacubus
1245 764 1507 829 demittit,
1527 778 1581 820 at
1610 764 1743 821 illud

460 835 680 896 Stridet,
714 844 764 890 et
797 835 852 889 in
887 834 1061 902 tepida
1089 835 1413 889 submersum
1451 837 1629 891 sibilat
1654 837 1814 892 unda.

387 944 609 1000 Necnon
639 959 693 1000 et
720 942 1028 1011 Lucretius,

458 1056 507 1128 Ε
511 1058 549 1111 it
577 1073 776 1128 quoque
804 1057 893 1110 ubi
927 1074 955 1112 e
980 1057 1111 1112 nube
1135 1058 1191 1111 in
1224 1057 1408 1112 nubem
1435 1060 1509 1113 vis
1541 1059 1729 1114 incidit
1759 1061 1948 1115 ardens

457 1127 745 1201 fulminis,
770 1128 880 1201 Ιιωσ
906 1129 1069 1181 multo
1097 1130 1143 1181 si
1174 1128 1307 1201 [orte
1338 1129 1549 1184 humore
1575 1131 1763 1201 recepit

458 1195 639 1268 [gnem
665 1199 910 1251 continuo
932 1214 1117 1268 magno
1146 1199 1375 1252 clamore
1404 1201 1626 1255 trucidet
1653 1218 1671 1254 :

510 1276 527 1318 t
557 1268 747 1322 calidis
775 1269 999 1322 candens
1033 1268 1229 1337 ferrum
1259 1285 1286 1322 e
1318 1270 1618 1334 fornacibus
1646 1271 1774 1325 olim

457 1337 657 1391 Stridet
677 1339 765 1390 ubi
789 1339 841 1390 in
858 1337 1086 1408 gelidum
1107 1354 1324 1407 propere
1342 1339 1687 1394 demersimus
1710 1341 1944 1396 imbrem.

385 1427 694 1484 Aristotelis
719 1436 773 1484 et
808 1429 1041 1483 aliorum
1078 1446 1318 1484 veterum
1349 1432 1801 1502 philosOphorum
1831 1435 1949 1503 pla-

387 1521 497 1575 cita
525 1521 592 1577 de
620 1521 968 1591 generatione
1003 1523 1226 1576 tonitrui
1260 1523 1374 1593 lege
1402 1525 1542 1594 apud
1572 1526 1944 1591 Aristotelem,

386 1611 479 1668 lib.
516 1629 553 1667 ιι
590 1611 833 1676 Meteon,
878 1628 1000 1684 cap.
1030 1615 1165 1681 ult.;
1213 1613 1474 1670 Senecam
1505 1616 1600 1671 lib.
1629 1633 1665 1671 ιι
1687 1615 1943 1671 Natural.

383 1713 593 1776 quiest,
632 1721 753 1777 cap.
799 1706 900 1773 l7;
940 1705 1295 1762 Plutarchum
1344 1709 1438 1764 lib.
1490 1724 1549 1762 ιιι
1589 1707 1667 1763 De
1711 1709 1943 1778 placitis,

384 1810 506 1866 cap.
548 1797 618 1863 5;
668 1795 903 1852 Plinium
962 1798 1058 1854 lib.
1096 1816 1156 1863 ιι,
1186 1814 1307 1870 cap.
1337 1800 1438 1864 45,
1490 1809 1545 1857 et
1589 1802 1644 1856 in
1693 1803 1943 1859 eumdem

381 1896 670 1943 comment.
716 1888 902 1945 Jacobi
960 1890 1181 1946 blilichii
1211 1909 1226 1959 ;
1260 1893 1569 1948 Lucretium
1608 1895 1702 1949 lib.
1737 1910 1820 1959 vr;
1853 1895 1947 1948 Al-

379 1980 595 2036 bertum
646 1981 898 2053 Magnum
947 1989 1169 2041 tractat.
1193 1984 1248 2051 '5,
1287 1986 1381 2039 lib.
1417 2001 1501 2050 ιιι,
1533 2000 1653 2055 cap.
1684 1985 1748 2052 2;
1779 1984 1946 2041 Joan-

378 2087 504 2128 nem
540 2071 839 2138 Slobteum,
881 2073 937 2128 in
970 2072 1183 2145 Eclogis
1216 2075 1470 2146 physicis,
1514 2090 1636 2146 cap.
1687 2075 1784 2143 i5;
1824 2075 1944 2131 Ori-

379 2177 571 2235 genem
596 2164 691 2219 lib.
722 2179 738 2217 I
763 2162 981 2218 Elenchi
1010 2165 1189 2219 haeret.
1218 2174 1272 2219 et
1307 2165 1462 2220 alios.

448 2254 568 2309 Col.
597 2254 718 2320 712,
755 2256 853 2310 lin.
893 2256 982 2310 '55.
1014 2257 1294 2325 Συνιὶχθη
1322 2256 1386 2310 τὸ
1415 2256 1588 2325 ὕδωρ.
1634 2255 1711 2312 De
1736 2256 1945 2328 origine

378 2346 549 2401 maris
583 2362 691 2401 non
715 2352 932 2402 constat
961 2347 1102 2403 inter
1135 2349 1510 2419 philosophos.
1537 2349 1944 2404 Anaximander

377 2443 432 2492 et
451 2437 716 2506 Diogenes
742 2454 961 2495 omnem
994 2440 1195 2505 locum,
1214 2441 1307 2511 qui
1334 2449 1535 2497 terram
1558 2441 1748 2506 ambit,
1775 2440 1946 2498 fuisse

379 2528 686 2597 humidum,
717 2539 777 2586 et
807 2546 948 2602 aqua
978 2532 1244 2602 repletum
1275 2532 1680 2598 existimarunt,
1703 2541 1817 2588 tum
1848 2549 1943 2590 so-

376 2619 447 2677 lis
493 2621 688 2678 ardore
731 2623 1069 2677 exsiccatum
1122 2623 1410 2693 plurimam
1464 2623 1586 2693 ejus
1636 2633 1846 2694 partem
1887 2623 1942 2680 in

376 2728 635 2786 vaporem
681 2714 904 2780 abiisse,
951 2729 1071 2770 eam
1119 2730 1250 2770 vero
1290 2730 1410 2785 quae
1453 2717 1738 2782 remansit,
1791 2731 1943 2772 mare

377 2806 734 2863 constituere.
787 2809 1136 2878 Anaxagoras
1182 2813 1236 2862 et
1289 2806 1630 2863 Metrodorus
1678 2816 1943 2879 putarunt

378 2912 531 2954 mare
560 2914 684 2955 esse
714 2906 873 2954 terrae
905 2900 1161 2956 sudorem
1192 2900 1325 2955 solis
1352 2900 1754 2965 incalescentis,
1791 2901 1941 2956 ideo-

377 3004 484 3059 que
513 2989 736 3054 salsum,
771 2989 899 3059 quia
942 2989 1108 3045 sudor
1139 2991 1318 3045 salsus
1351 2998 1453 3045 est.
1486 2989 1562 3045 De
1592 2991 1679 3047 his
1708 2993 1935 3048 Aristot.

375 3079 474 3135 lib.
500 3095 540 3134 ιι
571 3078 816 3142 Meteon,
850 3094 972 3150 cap.
1005 3081 1027 3133 1
1056 3096 1070 3145 ;
1098 3089 1151 3136 et
1181 3078 1526 3144 Plutarchus,
1555 3080 1647 3135 lib.
1678 3080 1750 3134 De
1766 3083 1937 3150 placi-

376 3173 442 3226 tis
470 3172 787 3242 philosoph.,
825 3187 946 3242 cap.
990 3170 1073 3235 16,
1110 3179 1165 3228 et
1201 3173 1291 3226 alii
1324 3173 1378 3227 in
1408 3174 1527 3243 ipso
1556 3174 1742 3228 mundi
1775 3189 1935 3230 exoro

372 3263 484 3328 dio,
515 3278 640 3317 cum
684 3262 827 3318 Deus
866 3278 1036 3334 aquas
1068 3279 1236 3318 unum
1277 3265 1333 3318 in
1376 3265 1552 3320 locum
1589 3268 1931 3333 secrevisset,

371 3353 511 3408 duos
530 3348 757 3424 globos,
794 3369 959 3408 unum
986 3368 1159 3424 aquae,
1192 3356 1421 3409 alterum
1447 3362 1626 3421 terrae,
1659 3357 1761 3411 etsi
1791 3358 1934 3413 inter

267 3491 275 3499 .
370 3460 431 3503 se
454 3447 723 3511 diversos,
750 3445 1044 3501 continuos
1070 3454 1253 3501 tamen
1286 3446 1577 3503 mansisse.

442 3535 599 3601 lbid.,
628 3537 724 3592 lin.
762 3537 850 3591 58.
894 3537 1018 3591 Ἰνα
1048 3538 1132 3606 μὴ
1171 3538 1238 3591 ἐκ
1270 3536 1389 3591 τῶν
1419 3540 1664 3608 χωρίων.
1696 3540 1930 3599 Basilius

369 3627 518 3684 hom.
551 3627 625 3681 λιι
661 3630 781 3682 Ἵνα
810 3629 883 3699 μὴ
928 3629 987 3680 τὸ
1026 3629 1278 3699 ἐπιρρέον
1315 3629 1458 3702 ὕδωρ
1492 3631 1599 3686 τῶν
1628 3632 1929 3703 δεχομένων

367 3719 501 3773 αὑτὸ
546 3718 758 3790 χωρίων
811 3720 1225 3790 ὑπερχεόμενον,
1284 3721 1634 3791 μετεκϐαῖνον
1683 3723 1791 3789 ἀεὶ,
1835 3726 1929 3778 καὶ

367 3810 500 3865 ἄλλα
530 3811 591 3878 ἐξ
618 3811 789 3866 ἄλλων
818 3811 1077 3883 πληροῦν,
1108 3814 1287 3866 πᾶσαν
1315 3815 1454 3867 κατὰ
1478 3815 1539 3868 τὸ
1565 3818 1782 3887 συνεχὲς
1811 3820 1929 3871 ἐπι-

369 3902 538 3974 κλύσῃ
570 3904 669 3974 τὴν
709 3904 956 3975 ἡπειρον,
990 3903 1281 3975 ἐκελεύσθη
1326 3892 1651 3978 συναχθῆναι
1685 3910 1760 3972 εἰς
1803 3925 1929 3964 συν-

366 3998 589 4069 αγωγὴν
619 3996 763 4067 μίαν.
791 3995 866 4050 Es
887 3996 1085 4067 quibus
1114 3997 1186 4050 ita
1216 3997 1395 4051 locum
1424 3997 1687 4054 Eustathii
1716 4003 1924 4072 supple,

367 4086 454 4140 ἵνα
484 4085 557 4157 μὴ
587 4088 650 4139 ἐκ
678 4085 784 4139 τῶν
816 4086 1050 4158 χωρίων,
1080 4085 1207 4140 ἔνθα
1240 4086 1376 4151 ἐστὶ,
1406 4088 1802 4160 ὑπερχεόμενον
1832 4093 1926 4145 καὶ

364 4178 690 4233 ὑπεκϐαῖνον
718 4180 865 4231 ἐπικ.
892 4178 990 4248 τὴν
1012 4178 1067 4249 ἦ.
1093 4178 1267 4248 Hujus
1299 4186 1478 4234 autem
1507 4180 1774 4236 rationem
1802 4186 1925 4254 qui-

363 4270 486 4325 dam
515 4285 635 4325 esse
657 4270 844 4325 volunt
867 4270 1287 4339 propensionem
1312 4269 1544 4337 scilicet,
1569 4286 1731 4341 quam
1761 4273 1922 4330 habet

362 4374 502 4431 aqua
531 4368 590 4414 ut
620 4373 740 4414 sese
772 4357 828 4412 in
859 4356 1151 4413 rotundam
1197 4356 1423 4428 ﬁguram
1457 4360 1767 4430 conglohet,
1803 4379 1922 4433 quae

2051 517 2116 585 τῇ
2148 514 2359 586 ψάμμῳ
2389 517 2423 587 ἡ
2450 519 2571 579 ταῖς
2601 516 2742 585 βίαις
2770 518 3039 591 ἀφόρητος
3068 522 3394 592 χαλινοῦται.
3426 526 3613 582 Admi-

2052 606 2279 661 randam
2319 605 2413 662 Dei
2446 609 2766 678 potentiam,
2804 619 2858 665 et
2895 610 2949 665 in
2973 627 3143 683 genus
3172 613 3468 670 humanum
3504 619 3613 674 cle-

2051 696 2331 759 mentiam,
2355 696 2484 750 dum
2506 696 2816 754 furentibus
2839 700 3000 756 undis
3019 702 3284 757 terminos
3306 706 3609 773 constituit,

2052 784 2397 856 impetusque
2423 785 2687 842 ﬂuctuum
2711 788 2952 854 cohibet,
2977 797 3032 845 et
3056 806 3222 846 arena
3254 795 3413 861 quasi
3443 797 3614 851 inter-

2052 879 2203 934 Stitio
2231 879 2475 950 quodam
2496 894 2647 935 mare
2675 880 3020 936 discriminat
3047 897 3077 936 a
3103 885 3426 950 continenti,
3454 895 3506 941 ct
3528 904 3616 958 pe-

2049 970 2284 1025 riculum
2314 979 2487 1037 arcet,
2521 973 2722 1029 summi
2758 973 2864 1030 viri
2891 990 3103 1030 summa
3134 978 3443 1047 eloquentia
3479 995 3616 1050 prae-

2050 1062 2234 1117 dicare
2262 1064 2443 1118 conati
2475 1073 2639 1133 sunt;
2676 1080 2862 1130 unam,
2896 1066 2981 1122 vel
3013 1068 3235 1123 alteram
3269 1084 3457 1125 eorum
3491 1087 3619 1127 sen-

1932 1156 1935 1161 '
2048 1154 2297 1224 tentiam,
2330 1156 2459 1226 quia
2490 1158 2897 1229 elegantissima
2935 1170 3038 1227 est,
3083 1176 3195 1216 non
3220 1165 3489 1233 gravabor
3516 1165 3615 1220 de-

1973 1269 1986 1281 -
2049 1245 2309 1302 scribere.
2335 1246 2773 1321 TheOphylactus
2799 1249 3126 1315 Simocatus,
3147 1253 3307 1322 epist.
3330 1253 3396 1309 '5:
3419 1255 3619 1328 Ὄρους
3656 1325 3666 1338 .

2046 1338 2075 1389 ό
2111 1336 2435 1408 δημιουργὸς
2484 1340 2577 1393 καὶ
2613 1340 2689 1412 τῷ
2735 1341 3003 1413 θαλαττίῳ
3051 1342 3329 1410 διετάξατο
3360 1344 3613 1414 κλύδωνι,

2047 1427 2140 1480 καὶ
2165 1430 2276 1490 τοῖς
2303 1428 2567 1496 αἰγιαλοῖς
2594 1430 2654 1484 τὸ
2686 1432 2940 1501 πελάγιον
2990 1433 3340 1504 κεχαλίνωται
3378 1436 3612 1508 ῥεῖθρον.

2047 1516 2156 1569 Καὶ
2183 1517 2405 1588 ψάμμος
2442 1537 2525 1583 τις
2562 1509 2654 1573 ἐπῖ
2699 1524 2871 1593 μικρᾷ
2910 1523 3119 1595 ἠπείρῳ
3159 1523 3395 1598 θαλάττῃ
3432 1526 3616 1596 μεταί-

2046 1624 2231 1678 χμιον.
2279 1611 2351 1662 Οὐ
2397 1611 2501 1682 γὰρ
2544 1612 2750 1667 ἀδικεῖν
2785 1617 2817 1684 ἡ
2855 1612 3090 1667 θάλαττα
3128 1614 3230 1686 τὴν
3267 1614 3479 1684 γείτονα
3510 1620 3615 1690 γῆν

2049 1697 2478 1772 συγκεχώρηται·
2514 1701 2864 1774 παλινδρομεῖ
2888 1703 2943 1756 δὲ
2967 1703 3105 1775 πρὸς
3129 1705 3285 1758 ἑαυτὸ
3314 1707 3374 1759 τὸ
3404 1707 3614 1780 ῥεῖθρον

1977 1767 2020 1821 Β
2050 1767 2371 1860 μαινόμενον
2396 1791 2635 1863 μεγάλην
2657 1767 2953 1864 ἀπειλῆσαν
2978 1767 3044 1866 τῇ
3070 1795 3248 1867 χέρσῳ
3268 1797 3366 1870 τὴν
3395 1767 3609 1868 ἐφοδονς

2044 1880 2288 1936 Andreas
2309 1881 2587 1940 Cretensis
2608 1886 2855 1941 oratione
2881 1904 2893 1939 :
2916 1888 3010 1951 Είς
3034 1888 3125 1942 τὸν
3147 1889 3482 1961 ἀνθρώπινον
3498 1891 3612 1961 βίον

2043 1973 2138 2025 καὶ
2162 1976 2239 2036 εἰς
2263 1975 2389 2038 τοὺς
2415 1975 2794 2047 κοιμηθέντας.
2825 1979 2919 2041 Τίς
2944 1981 2972 2031 ό
2993 1979 3162 2042 τιθεὶς
3192 1980 3434 2054 θαλάσση
3463 1983 3612 2054 ψάμ-

2047 2081 2146 2135 μον
2177 2066 2355 2136 ὃριον;
2388 2066 2541 2138 Φόϐῳ
2579 2068 2635 2121 δέ
2674 2068 2816 2133 τίνος
2853 2058 3206 2143 χαλινουμένη
3245 2068 3609 2142 συστέλλεται,

2044 2157 2139 2209 καὶ
2174 2157 2494 2229 ἡμεροῦται,
2526 2159 2619 2213 καὶ
2663 2160 2770 2215 τῶν
2815 2160 2959 2216 ἰδίων
3007 2163 3147 2234 ὅρων
3175 2162 3324 2228 ἐντὸς
3355 2165 3611 2219 καθελκυ-

2047 2247 2180 2319 μένη
2225 2249 2525 2321 συνέχεται,
2562 2250 2655 2303 κα).
2702 2250 2872 2323 ὑγρὰς
2920 2251 2980 2303 οὐ
3035 2253 3364 2325 παρατρέχει
3418 2252 3608 2326 θύρας,

2043 2337 2159 2392 ἀλλ’
2181 2339 2256 2404 ὡς
2287 2339 2552 2413 φορϐαιὰν
2577 2341 2717 2395 κατὰ
2743 2342 2914 2414 στόμα
2933 2344 2993 2396 τὸ
3016 2343 3342 2415 πρόσταγμα
3367 2347 3608 2418 φέρουσα

2042 2430 2141 2501 τῆς
2168 2431 2267 2502 μὲν
2296 2433 2534 2500 γείτονος
2562 2434 3009 2499 κατεξανίσταται
3040 2437 3161 2507 γῆς,
3202 2439 3281 2501 είς
3324 2436 3519 2509 ἑαυτὴν
3549 2435 3608 2493 δέ

2042 2520 2434 2586 ἀναποδίζουσα
2461 2523 2666 2587 ὑπτίως
2691 2523 2782 2578 τὸν
2813 2525 2912 2596 μὲν
2942 2526 3113 2596 ἀτμὸν
3140 2526 3438 2599 ἐξαφρίζει,
3471 2530 3607 2601 πρὸς

2040 2612 2096 2666 δέ
2120 2611 2190 2666 τὰ
2218 2613 2368 2686 χείλη
2398 2614 2475 2686 τῷ
2511 2615 2656 2688 σάλῳ
2685 2617 3049 2689 συμφύρεται,
3081 2619 3174 2673 κα)⁸
3202 2621 3337 2692 πρὸς
3366 2621 3606 2675 τούπίσω

2040 2708 2206 2778 χωρεῖ
2259 2706 2320 2759 τὸ
2372 2706 2613 2760 δουλικὸν
2670 2709 3055 2782 ὑπογράφουσα
3104 2713 3305 2785 σχῆμα.
3349 2712 3604 2771 Omnium

2039 2797 2441 2868 elegantissime
2475 2796 2781 2855 Methodius
2819 2799 3131 2859 Patarensis
3158 2804 3469 2875 cpiscopus,
3503 2806 3601 2861 lib.

2037 2885 2116 2940 De
2140 2885 2302 2940 libero
2331 2885 2578 2951 arbitrio,
2609 2890 2699 2943 ubi
2726 2886 3072 2945 Valentinum
3107 2894 3181 2946 ita
3213 2893 3341 2948 facit
3375 2894 3605 2967 loquen-

2035 2984 2180 3032 tem:
2214 2978 2355 3041 Χθὲς
2382 2979 2442 3031 τὸ
2470 2977 2691 3033 δειλινὸν
2722 2983 3055 3053 περιπατῶν,
3085 2977 3130 3037 ὦ
3164 2983 3301 3053 φίλε,
3335 2985 3482 3058 παρὰ
3509 2987 3603 3042 τὸν

2035 3070 2133 3141 τῆς
2169 3069 2441 3142 θαλάσσης
2467 3072 2729 3140 αἰγιαλὸν,
2757 3074 2847 3127 καὶ
2881 3074 3045 3139 ὀξέως
3084 3074 3199 3139 πῶς
3234 3077 3491 3142 ἀτενίζων
3518 3081 3602 3143 εἰς

2035 3162 2227 3234 αὐτὴν,
2266 3163 2451 3233 ἐώρων
2483 3164 2783 3236 ὑπερϐολήν
2823 3183 2942 3219 τινα
2988 3167 3139 3232 θείας
3176 3169 3474 3242 δυνάμεως,
3504 3172 3600 3227 καὶ

2035 3254 2205 3325 σοφῆς
2233 3256 2542 3327 ἐπιστήμης
2567 3257 2784 3329 τέχνην,
2818 3259 2871 3312 ετ
2889 3276 2951 3328 γε
2979 3261 3070 3313 καὶ
3095 3261 3288 3333 τέχνην
3311 3262 3373 3315 τὸ
3389 3264 3599 3318 τοιοῦτο

2032 3344 2215 3398 καλεῖν
2238 3347 2367 3417 χρή.
2397 3347 2606 3416 Ὥσπερ
2635 3346 2743 3418 γὰρ
2770 3349 2799 3401 ό
2839 3348 3132 3421 Ὁμηρικὸς
3158 3350 3339 3422 στίχος
3367 3352 3599 3424 φθέγγε-

2030 3454 2119 3491 ται
2150 3440 2368 3502 ἐκεῖνος’

2076 3577 2170 3643 Ὠς
2198 3577 2248 3630 δ’
2277 3576 2479 3647 ἄνεμοι
2500 3578 2607 3633 δύο
2629 3579 2851 3648 πόντον
2880 3578 3146 3644 ὀρίνετον
3176 3581 3491 3648 ἰχθυόεντα

2064 3648 2305 3715 Βορέης,
2340 3650 2436 3702 καὶ
2467 3648 2749 3716 Ζέφυρος,
2773 3647 2913 3702 τώτε
2944 3647 3246 3717 Θρῄκηθεν
3268 3649 3455 3718 ἄητον

2076 3719 2331 3773 Ἐλθόντ’
2355 3720 2663 3785 ἐξαπίνης,
2692 3718 2997 3789 ἅμυδιςδέ
3026 3736 3090 3772 τε
3112 3720 3270 3789 κῦμα
3294 3722 3576 3777 κελαινὸν

2061 3791 2399 3856 Κορθύεται,
2433 3790 2665 3843 πολλὸν
2695 3789 2762 3841 δὲ
2781 3788 2970 3856 παρὲξ
2994 3788 3113 3843 ἅλα
3137 3788 3328 3859 φῦκος
3347 3792 3586 3861 ἔχευανο

2026 3905 2166 3958 οὕτω
2201 3923 2291 3975 μοι
2333 3904 2427 3957 καὶ
2471 3904 2596 3976 χθὲς
2627 3905 2906 3973 γεγονέναι
2955 3905 3120 3960 δοκεῖ.
3146 3907 3426 3979 Κορυφαῖς
3478 3908 3588 3982 γάρ

2024 3995 2194 4065 ὀρέων
2224 3994 2604 4066 παραπλήσιον
2647 3993 2832 4066 ἐώρων
2878 3994 3117 4066 κύματα,
3167 3995 3282 4060 καὶ,
3327 3996 3402 4060 ὡς
3430 3997 3589 4066 λόγον

2025 4087 2216 4149 εἰπεῖν,
2248 4085 2411 4138 αὐτοῦ
2447 4084 2808 4156 ἐφικνούμενα
2830 4085 2924 4139 τοῦ
2952 4085 3198 4157 ούρανοῦ.
3236 4087 3308 4140 Τὸ
3331 4087 3375 4141 δ’
3406 4088 3588 4143 ἐντεῦ-
3676 4119 3690 4135 -

2025 4176 2115 4230 θεν
2156 4176 2306 4230 οὐδὲν
2351 4176 2534 4248 ἕτερον
2567 4176 2910 4248 προσεδόκων
2939 4176 2971 4248 ἢ
3007 4176 3223 4232 ἃπασαν
3254 4179 3585 4254 ἐπικλυσθῆ-

2024 4268 2209 4322 σεσθαι
2237 4270 2335 4339 τὴν
2363 4269 2485 4338 γῆν’
2515 4268 2607 4322 καί
2645 4285 2732 4338 μοι
2776 4269 2952 4340 φυγῆς
2990 4271 3047 4322 ἐν
3074 4268 3152 4340 τῷ
3178 4268 3259 4323 νοῒ
3284 4269 3464 4338 τόπον,
3491 4272 3585 4328 καὶ

2019 4357 2116 4429 τὴν
2157 4357 2251 4411 τοῦ
2302 4357 2425 4410 Νῶε
2470 4357 2797 4412 ἀνέπλαττον
2840 4359 3089 4413 κιϐωτόν.
3141 4360 3214 4413 Τὸ
3259 4360 3302 4413 δ’
3335 4362 3434 4414 οὐκ
3464 4357 3584 4434 ἦνδ

362 4450 431 4506 ad
458 4450 578 4520 ejus
605 4451 862 4520 impetum
904 4449 1266 4504 cohibendum
1304 4451 1439 4507 satis
1465 4467 1586 4507 esse
1617 4453 1722 4509 sibi
1754 4465 1918 4510 autu—

2030 4447 2287 4521 ἐνόμιζον,
2315 4448 2449 4503 ἀλλὰ
2475 4448 2584 4521 γὰρ
2624 4449 2739 4520 ἅμα
2779 4449 3118 4523 κυρτωθῆναι
3147 4450 3244 4523 τὴν
3284 4451 3576 4520 θάλασσαν,

361 4552 512 4597 mant
536 4543 779 4612 exemplo
803 4550 1073 4613 guttarum
1104 4556 1225 4612 quae
1250 4557 1280 4597 e
1303 4544 1498 4614 tegulis
1522 4545 1777 4615 pendent,
1812 4562 1915 4603 nec

359 4635 552 4691 ﬂuunt.
577 4634 684 4690 Alii
709 4633 906 4689 divinae
927 4633 1181 4703 potentiae
1212 4642 1266 4690 et
1290 4635 1518 4691 bonitati
1549 4636 1604 4691 id
1627 4647 1913 4709 acceptum

357 4726 622 4793 referunt,
642 4741 762 4797 quae
802 4725 1052 4780 humanae
1073 4726 1267 4781 salutis
1289 4735 1344 4783 et
1370 4728 1493 4783 vitae
1521 4732 1696 4800 gratia
1723 4731 1913 4789 furens

332 4795 423 4874 'ac
453 4819 741 4873 imminens
762 4833 931 4884 mare,
954 4818 1118 4872 veluti
1142 4818 1381 4888 quodam
1403 4819 1557 4875 l'reno
1584 4826 1911 4893 compescit,

357 4920 410 4966 et
436 4912 546 4979 jam
570 4910 810 4982 proclive
836 4911 1143 4975 contundit,
1182 4910 1344 4981 idque
1367 4911 1568 4967 habent
1594 4921 1649 4968 et
1680 4929 1744 4969 ex
1777 4916 1911 4973 locis

356 5001 596 5070 Patrum,
637 5018 776 5074 quos
820 5001 963 5057 infra
1005 5002 1357 5072 adducemus,
1399 5011 1453 5059 et
1496 5019 1562 5059 ex
1592 5005 1713 5060 aliis
1742 5021 1913 5063 sacrae

358 5093 650 5164 Scriptura:
679 5093 1022 5158 testimoniis,
1054 5108 1174 5164 quae
1210 5094 1414 5164 passim
1444 5095 1666 5153 cuilibet
1709 5113 1908 5154 occur-

355 5195 502 5243 runt.

422 5276 579 5343 lbid.,
618 5277 717 5333 lin.
761 5275 852 5333 40.
893 5276 997 5331 Διὰ
1024 5276 1197 5331 τοῦτο
1229 5277 1557 5347 μαινομένη
1588 5281 1906 5349 πολλάκις.

352 5370 583 5427 Basilius
619 5369 767 5426 hom.
806 5369 840 5423 4
865 5369 997 5424 εΔιά
1034 5367 1191 5422 τοῦτο
1233 5371 1525 5442 μαινομένη
1558 5370 1817 5437 πολλάκις
1847 5373 1907 5440 ἐξ

350 5462 562 5534 ἀνέμων
599 5463 634 5534 ἡ
672 5461 913 5516 θάλασσα
945 5461 1038 5514 καὶ
1069 5462 1148 5524 είς
1187 5460 1317 5530 ὕψος
1349 5463 1601 5532 μέγιστον
1634 5464 1904 5521 διανιστα-

352 5556 484 5628 μένη
502 5557 612 5619 τοῖς
640 5554 900 5626 κύμασιν,
928 5552 1146 5607 ἐπειδὰν
1178 5552 1336 5623 μόνον
1358 5553 1464 5607 τῶν
1484 5555 1743 5622 αἰγιαλῶν
1767 5556 1907 5629 ἅψη-

347 5663 456 5711 ται,
485 5648 565 5710 είς
591 5644 764 5718 ἀφρὸν
794 5642 1093 5698 διαλύσασα
1121 5642 1219 5708 τὴν
1245 5643 1442 5714 ὁρμὴν,
1482 5645 1801 5717 ἐπανῆλθεν.
1838 5650 1907 5703 Ἠ

2022 4539 2183 4593 πάλιν
2214 4540 2461 4594 ἀνελύετο
2486 4543 2564 4603 εἰς
2585 4541 2804 4613 ἑαυτὴν,
2834 4543 2931 4613 οὑχ
2961 4542 3359 4613 ὑπερϐαίνουσα
3379 4545 3470 4599 τὸν
3497 4547 3577 4598 ol-

2020 4634 2161 4685 κεῖον
2191 4632 2373 4696 τόπον,
2406 4632 2482 4695 ὡς
2511 4631 2638 4695 ἔπος
2664 4634 2856 4697 εἰπεῖν,
2892 4632 3028 4686 θεῖόν
3054 4652 3106 4686 τι
3130 4635 3455 4709 πρόσταγμα
3482 4654 3578 4691 πε-

2016 4723 2317 4795 φοϐημένη.
2364 4726 2472 4779 Καὶ
2512 4724 2758 4797 καθάπερ
2796 4725 3052 4788 πολλάκις
3080 4724 3188 4779 τῶν
3215 4727 3436 4782 οἰκετῶν
3466 4746 3573 4796 τις,

2016 4814 2161 4870 ἄκων
2182 4833 2233 4869 τι
2265 4816 2402 4889 πρὸς
2429 4816 2521 4869 τοῦ
2548 4817 2804 4870 δεσπότου
2839 4817 3091 4889 πράττειν
3114 4817 3572 4890 ἀναγκαζόμενος,

2012 4909 2090 4981 τῷ
2121 4911 2218 4981 μὲν
2248 4911 2625 4983 προστάγματι
2645 4910 2731 4964 διὰ
2752 4910 2842 4963 τὸν
2864 4911 3026 4980 φόϐον
3055 4910 3314 4981 πείθεται,
3344 4913 3372 4967 ὃ
3392 4914 3448 4967 δὲ
3471 4915 3576 4970 πά-

2014 5019 2129 5073 σχει
2158 5003 2416 5078 πράττειν
2443 5004 2517 5075 μὴ
2542 5004 2707 5057 θέλων
2736 5003 2912 5072 λέγειν
2943 5021 2993 5057 τι
3022 5006 3083 5057 οὑ
3103 5005 3296 5077 τολμᾷ,
3321 5007 3572 5080 τονθορύ-

2012 5093 2093 5158 ζει
2123 5094 2179 5148 δὲ
2207 5097 2264 5149 ἐν
2296 5095 2475 5166 ἐαυτῴ
2502 5096 2673 5167 θυμοῦ
2706 5113 2849 5161 τινος
2879 5096 3269 5169 πληρούμενος
3304 5099 3442 5152 οὓτω
3477 5101 3570 5171 μοί

2010 5203 2126 5248 πως
2144 5186 2411 5256 ἐφαίνετο,
2433 5188 2526 5240 καὶ
2540 5187 2637 5259 τὴν
2653 5186 2924 5243 θάλασσαν
2944 5189 3183 5262 ὡσπερεὶ
3202 5190 3564 5262 θυμουμένην,

2010 5278 2104 5332 καὶ
2148 5279 2206 5332 ἐν
2249 5279 2413 5349 ἑαυτῇ
2448 5278 2784 5349 φράττουσαν
2817 5280 2915 5350 τὴν
2955 5280 3121 5352 ὀργὴν
3166 5280 3467 5351 κρατοῦσάν
3507 5297 3563 5334 τε

2006 5368 2224 5438 ἑαυτῆς,
2265 5368 2328 5421 οὐ
2363 5367 2658 5439 βουλομένη
2700 5369 2776 5441 τῷ
2815 5369 3046 5441 δεσπότῃ
3082 5370 3304 5439 φανερὸν
3344 5369 3563 5440 ποιῆσαι

2004 5460 2097 5514 τὸν
2137 5460 2323 5531 θυμόν.
2355 5460 2486 5527 Quae
2509 5477 2609 5532 ego
2635 5462 2717 5517 sic
2745 5463 3015 5517 vertebam
3041 5481 3051 5492 ·
3082 5460 3211 5515 Heri
3238 5460 3362 5513 dum
3389 5462 3470 5515 sol
3492 5463 3561 5517 ad

2004 5568 2251 5606 occasum
2278 5562 2523 5624 vergeret,
2553 5570 2670 5607 cum
2701 5552 3111 5613 deambularem,
3142 5570 3172 5605 ο
3194 5551 3378 5617 amice,
3404 5569 3563 5625 prope

2005 5644 2168 5697 maris
2199 5644 2369 5712 littus,
2399 5654 2449 5699 et
2479 5646 2745 5700 oculorum
2781 5645 2945 5697 aciem
2974 5644 3024 5695 in
3054 5642 3188 5696 illud
3216 5652 3409 5700 attente
3439 5664 3561 5703 con-

347 5737 448 5807 ἐμὲ
474 5740 545 5794 οὐ
583 5735 1014 5808 φοϐηθήσεσθε,
1054 5733 1198 5804 λέγει
1237 5734 1462 5801 Κύριος,
1516 5736 1621 5796 τὸν
1668 5737 1900 5799 nam

2030 5737 2233 5794 iterem.
2275 5734 2466 5795 diuina:
2533 5736 2739 5791 virtutis
2793 5729 3074 5798 quamdam
3134 5740 3558 5803 exsuperantiam
