  <div class='ocr_page' id='page_1' title='image "/cluster/home/n/w/nwhite01/storage/ocr_20150623/18/mdp.39015008168943/435.png"; bbox 0 0 4064 6290; ppageno 0'>
   <div class='ocr_carea' id='block_1_1' title="bbox 624 347 730 406">
    <p class='ocr_par' dir='ltr' id='par_1_1' title="bbox 624 347 730 406">
     <span class='ocr_line' id='line_1_1' title="bbox 624 347 730 406; baseline -0.028 0"><span class='ocrx_word' id='word_1_1' title='bbox 624 347 730 406; x_wconf 74' lang='lat'><strong><em>835</em></strong></span> 
     </span>
    </p>
   </div>
   <div class='ocr_carea' id='block_1_2' title="bbox 1945 342 2503 402">
    <p class='ocr_par' dir='ltr' id='par_1_2' title="bbox 1945 342 2503 402">
     <span class='ocr_line' id='line_1_2' title="bbox 1945 342 2503 402; baseline -0.002 -3"><span class='ocrx_word' id='word_1_2' title='bbox 1945 342 2194 402; x_wconf 85' lang='lat' dir='ltr'><strong><em>LEONIS</em></strong></span> <span class='ocrx_word' id='word_1_3' title='bbox 2229 342 2503 399; x_wconf 84' lang='lat' dir='ltr'><strong><em>ALLATII</em></strong></span> 
     </span>
    </p>
   </div>
   <div class='ocr_carea' id='block_1_3' title="bbox 3742 341 3872 397">
    <p class='ocr_par' dir='ltr' id='par_1_3' title="bbox 3742 341 3872 397">
     <span class='ocr_line' id='line_1_3' title="bbox 3742 341 3872 397; baseline 0 0"><span class='ocrx_word' id='word_1_4' title='bbox 3742 341 3872 397; x_wconf 77' lang='lat'><strong><em>836</em></strong></span> 
     </span>
    </p>
   </div>
   <div class='ocr_carea' id='block_1_4' title="bbox 619 451 3858 532">
    <p class='ocr_par' dir='ltr' id='par_1_4' title="bbox 619 451 3858 532">
     <span class='ocr_line' id='line_1_4' title="bbox 619 451 3858 532; baseline -0.004 -16"><span class='ocrx_word' id='word_1_5' title='bbox 619 468 830 532; x_wconf 87' lang='lat' dir='ltr'><strong><em>aspectu</em></strong></span> <span class='ocrx_word' id='word_1_6' title='bbox 870 455 1212 530; x_wconf 87' lang='lat' dir='ltr'><strong><em>percipiebam</em></strong></span> <span class='ocrx_word' id='word_1_7' title='bbox 1255 473 1274 512; x_wconf 91' lang='lat'><strong><em>:</em></strong></span> <span class='ocrx_word' id='word_1_8' title='bbox 1315 467 1366 513; x_wconf 89' lang='lat' dir='ltr'><strong><em>et</em></strong></span> <span class='ocrx_word' id='word_1_9' title='bbox 1423 457 1720 513; x_wconf 79' lang='lat' dir='ltr'><strong><em>excellentis</em></strong></span> <span class='ocrx_word' id='word_1_10' title='bbox 1772 472 1834 510; x_wconf 88' lang='lat' dir='ltr'><strong><em>ac</em></strong></span> <span class='ocrx_word' id='word_1_11' title='bbox 1889 457 2176 527; x_wconf 86' lang='lat' dir='ltr'><strong><em>singularis</em></strong></span> <span class='ocrx_word' id='word_1_12' title='bbox 2204 461 2250 519; x_wconf 69' lang='grc' dir='ltr'><strong>Α</strong></span> <span class='ocrx_word' id='word_1_13' title='bbox 2277 457 2386 512; x_wconf 89' lang='lat' dir='ltr'><strong><em>duo</em></strong></span> <span class='ocrx_word' id='word_1_14' title='bbox 2407 455 2553 527; x_wconf 84' lang='lat' dir='ltr'><strong><em>globi</em></strong></span> <span class='ocrx_word' id='word_1_15' title='bbox 2581 454 2942 519; x_wconf 73' lang='lat' dir='ltr'><strong><em>efﬁcerentur,</em></strong></span> <span class='ocrx_word' id='word_1_16' title='bbox 2977 453 3071 510; x_wconf 89' lang='lat' dir='ltr'><strong><em>sed</em></strong></span> <span class='ocrx_word' id='word_1_17' title='bbox 3093 452 3168 508; x_wconf 91' lang='lat' dir='ltr'><strong><em>ita</em></strong></span> <span class='ocrx_word' id='word_1_18' title='bbox 3192 451 3414 508; x_wconf 81' lang='lat' dir='ltr'><strong><em>fuerunt</em></strong></span> <span class='ocrx_word' id='word_1_19' title='bbox 3439 451 3624 508; x_wconf 81' lang='lat' dir='ltr'><strong>omnia</strong></span> <span class='ocrx_word' id='word_1_20' title='bbox 3648 451 3858 522; x_wconf 81' lang='lat' dir='ltr'><strong><em>dispo-</em></strong></span> 
     </span>
    </p>
   </div>
   <div class='ocr_carea' id='block_1_5' title="bbox 615 547 2172 615">
    <p class='ocr_par' dir='ltr' id='par_1_5' title="bbox 615 547 2172 615">
     <span class='ocr_line' id='line_1_5' title="bbox 615 547 2172 615; baseline -0.004 -7"><span class='ocrx_word' id='word_1_21' title='bbox 615 554 846 608; x_wconf 75' lang='lat' dir='ltr'><strong><em>scientite</em></strong></span> <span class='ocrx_word' id='word_1_22' title='bbox 890 561 1076 615; x_wconf 83' lang='lat' dir='ltr'><strong><em>artem,</em></strong></span> <span class='ocrx_word' id='word_1_23' title='bbox 1121 554 1168 605; x_wconf 89' lang='lat' dir='ltr'><strong><em>si</em></strong></span> <span class='ocrx_word' id='word_1_24' title='bbox 1196 568 1282 605; x_wconf 88' lang='lat' dir='ltr'><strong><em>ars</em></strong></span> <span class='ocrx_word' id='word_1_25' title='bbox 1315 551 1424 605; x_wconf 79' lang='lat' dir='ltr'><strong><em>lucc</em></strong></span> <span class='ocrx_word' id='word_1_26' title='bbox 1456 548 1685 606; x_wconf 80' lang='lat' dir='ltr'><strong><em>vocanda</em></strong></span> <span class='ocrx_word' id='word_1_27' title='bbox 1724 557 1821 603; x_wconf 81' lang='lat' dir='ltr'><strong><em>est.</em></strong></span> <span class='ocrx_word' id='word_1_28' title='bbox 1865 547 2073 604; x_wconf 77' lang='lat' dir='ltr'><strong><em>Etenim</em></strong></span> <span class='ocrx_word' id='word_1_29' title='bbox 2114 558 2172 602; x_wconf 84' lang='lat' dir='ltr'><strong><em>ut</em></strong></span> 
     </span>
    </p>
   </div>
   <div class='ocr_carea' id='block_1_6' title="bbox 619 641 1686 698">
    <p class='ocr_par' dir='ltr' id='par_1_6' title="bbox 619 641 1686 698">
     <span class='ocr_line' id='line_1_6' title="bbox 619 641 1686 698; baseline -0.003 -2"><span class='ocrx_word' id='word_1_30' title='bbox 619 641 912 698; x_wconf 78' lang='lat' dir='ltr'><strong><em>Homericis</em></strong></span> <span class='ocrx_word' id='word_1_31' title='bbox 942 641 1052 696; x_wconf 83' lang='lat' dir='ltr'><strong><em>illis</em></strong></span> <span class='ocrx_word' id='word_1_32' title='bbox 1079 643 1308 698; x_wconf 81' lang='lat' dir='ltr'><strong><em>versibus</em></strong></span> <span class='ocrx_word' id='word_1_33' title='bbox 1328 642 1549 697; x_wconf 81' lang='lat' dir='ltr'><strong><em>relatum</em></strong></span> <span class='ocrx_word' id='word_1_34' title='bbox 1572 649 1686 694; x_wconf 89' lang='lat' dir='ltr'><strong><em>est:</em></strong></span> 
     </span>
    </p>
   </div>
   <div class='ocr_carea' id='block_1_7' title="bbox 684 774 2170 844">
    <p class='ocr_par' dir='ltr' id='par_1_7' title="bbox 684 774 2170 844">
     <span class='ocr_line' id='line_1_7' title="bbox 684 774 2170 844; baseline -0.004 -14"><span class='ocrx_word' id='word_1_35' title='bbox 684 774 834 830; x_wconf 87' lang='lat' dir='ltr'><strong><em>Sicut</em></strong></span> <span class='ocrx_word' id='word_1_36' title='bbox 861 787 1034 830; x_wconf 90' lang='lat' dir='ltr'><strong><em>autem</em></strong></span> <span class='ocrx_word' id='word_1_37' title='bbox 1062 779 1198 832; x_wconf 83' lang='lat' dir='ltr'><strong><em>venti</em></strong></span> <span class='ocrx_word' id='word_1_38' title='bbox 1213 778 1316 830; x_wconf 87' lang='lat' dir='ltr'><strong><em>duo</em></strong></span> <span class='ocrx_word' id='word_1_39' title='bbox 1341 787 1554 844; x_wconf 84' lang='lat' dir='ltr'><strong><em>pontum</em></strong></span> <span class='ocrx_word' id='word_1_40' title='bbox 1572 781 1890 830; x_wconf 86' lang='lat' dir='ltr'><strong><em>commovent</em></strong></span> <span class='ocrx_word' id='word_1_41' title='bbox 1908 775 2170 842; x_wconf 85' lang='lat' dir='ltr'><strong><em>piscosum</em></strong></span> 
     </span>
    </p>
   </div>
   <div class='ocr_carea' id='block_1_8' title="bbox 678 845 1943 917">
    <p class='ocr_par' dir='ltr' id='par_1_8' title="bbox 678 845 1943 917">
     <span class='ocr_line' id='line_1_8' title="bbox 678 845 1943 917; baseline -0.002 -18"><span class='ocrx_word' id='word_1_42' title='bbox 678 845 879 917; x_wconf 52' lang='lat' dir='ltr'><strong><em>ﬂoreas</em></strong></span> <span class='ocrx_word' id='word_1_43' title='bbox 908 857 957 901; x_wconf 91' lang='lat' dir='ltr'><strong><em>et</em></strong></span> <span class='ocrx_word' id='word_1_44' title='bbox 985 845 1273 917; x_wconf 75' lang='lat' dir='ltr'><strong><em>Zephyrus,</em></strong></span> <span class='ocrx_word' id='word_1_45' title='bbox 1303 849 1391 916; x_wconf 91' lang='lat' dir='ltr'><strong><em>qui</em></strong></span> <span class='ocrx_word' id='word_1_46' title='bbox 1419 865 1446 900; x_wconf 90' lang='lat' dir='ltr'><strong><em>e</em></strong></span> <span class='ocrx_word' id='word_1_47' title='bbox 1482 847 1703 900; x_wconf 84' lang='lat' dir='ltr'><strong><em>Thracia</em></strong></span> <span class='ocrx_word' id='word_1_48' title='bbox 1738 847 1943 914; x_wconf 78' lang='lat' dir='ltr'><strong><em>spirant</em></strong></span> 
     </span>
    </p>
   </div>
   <div class='ocr_carea' id='block_1_9' title="bbox 681 915 1927 986">
    <p class='ocr_par' dir='ltr' id='par_1_9' title="bbox 681 915 1927 986">
     <span class='ocr_line' id='line_1_9' title="bbox 681 915 1927 986; baseline -0.001 -18"><span class='ocrx_word' id='word_1_49' title='bbox 681 915 904 970; x_wconf 77' lang='lat' dir='ltr'><strong><em>[luentes</em></strong></span> <span class='ocrx_word' id='word_1_50' title='bbox 936 915 1163 986; x_wconf 84' lang='lat' dir='ltr'><strong><em>repente,</em></strong></span> <span class='ocrx_word' id='word_1_51' title='bbox 1196 918 1356 970; x_wconf 87' lang='lat' dir='ltr'><strong><em>simul</em></strong></span> <span class='ocrx_word' id='word_1_52' title='bbox 1385 933 1502 970; x_wconf 87' lang='lat' dir='ltr'><strong><em>vero</em></strong></span> <span class='ocrx_word' id='word_1_53' title='bbox 1532 926 1581 969; x_wconf 90' lang='lat' dir='ltr'><strong><em>et</em></strong></span> <span class='ocrx_word' id='word_1_54' title='bbox 1609 917 1749 968; x_wconf 90' lang='lat' dir='ltr'><strong><em>unda</em></strong></span> <span class='ocrx_word' id='word_1_55' title='bbox 1779 916 1927 986; x_wconf 87' lang='lat' dir='ltr'><strong><em>nigra</em></strong></span> 
     </span>
    </p>
   </div>
   <div class='ocr_carea' id='block_1_10' title="bbox 679 983 2164 1056">
    <p class='ocr_par' dir='ltr' id='par_1_10' title="bbox 679 983 2164 1056">
     <span class='ocr_line' id='line_1_10' title="bbox 679 983 2164 1056; baseline 0 -20"><span class='ocrx_word' id='word_1_56' title='bbox 679 985 975 1051; x_wconf 81' lang='lat' dir='ltr'><strong><em>Attollitur,</em></strong></span> <span class='ocrx_word' id='word_1_57' title='bbox 995 983 1313 1054; x_wconf 84' lang='lat' dir='ltr'><strong><em>multamque</em></strong></span> <span class='ocrx_word' id='word_1_58' title='bbox 1343 997 1495 1039; x_wconf 72' lang='lat' dir='ltr'><strong><em>extra</em></strong></span> <span class='ocrx_word' id='word_1_59' title='bbox 1525 1002 1668 1040; x_wconf 86' lang='lat' dir='ltr'><strong><em>mare</em></strong></span> <span class='ocrx_word' id='word_1_60' title='bbox 1699 983 1872 1056; x_wconf 85' lang='lat' dir='ltr'><strong><em>algam</em></strong></span> <span class='ocrx_word' id='word_1_61' title='bbox 1899 983 2164 1052; x_wconf 82' lang='lat' dir='ltr'><strong><em>fundunt:</em></strong></span> 
     </span>
    </p>
   </div>
   <div class='ocr_carea' id='block_1_11' title="bbox 607 1097 2169 1169">
    <p class='ocr_par' dir='ltr' id='par_1_11' title="bbox 607 1097 2169 1169">
     <span class='ocr_line' id='line_1_11' title="bbox 607 1097 2169 1169; baseline -0.001 -17"><span class='ocrx_word' id='word_1_62' title='bbox 607 1098 688 1152; x_wconf 87' lang='lat' dir='ltr'><strong><em>ita</em></strong></span> <span class='ocrx_word' id='word_1_63' title='bbox 738 1099 864 1152; x_wconf 86' lang='lat' dir='ltr'><strong><em>mihi</em></strong></span> <span class='ocrx_word' id='word_1_64' title='bbox 896 1100 1006 1153; x_wconf 84' lang='lat' dir='ltr'><strong><em>heri</em></strong></span> <span class='ocrx_word' id='word_1_65' title='bbox 1035 1100 1313 1169; x_wconf 78' lang='lat' dir='ltr'><strong><em>contigisse</em></strong></span> <span class='ocrx_word' id='word_1_66' title='bbox 1347 1099 1550 1153; x_wconf 81' lang='lat' dir='ltr'><strong><em>videtur</em></strong></span> <span class='ocrx_word' id='word_1_67' title='bbox 1577 1097 1998 1152; x_wconf 89' lang='lat' dir='ltr'><strong><em>:summitatibus</em></strong></span> <span class='ocrx_word' id='word_1_68' title='bbox 2029 1097 2169 1151; x_wconf 89' lang='lat' dir='ltr'><strong><em>enim</em></strong></span> 
     </span>
    </p>
   </div>
   <div class='ocr_carea' id='block_1_12' title="bbox 610 1188 2167 1260">
    <p class='ocr_par' dir='ltr' id='par_1_12' title="bbox 610 1188 2167 1260">
     <span class='ocr_line' id='line_1_12' title="bbox 610 1188 2167 1260; baseline -0.001 -16"><span class='ocrx_word' id='word_1_69' title='bbox 610 1192 863 1244; x_wconf 80' lang='lat' dir='ltr'><strong><em>montium</em></strong></span> <span class='ocrx_word' id='word_1_70' title='bbox 885 1191 1082 1245; x_wconf 79' lang='lat' dir='ltr'><strong><em>similes</em></strong></span> <span class='ocrx_word' id='word_1_71' title='bbox 1110 1191 1425 1260; x_wconf 87' lang='lat' dir='ltr'><strong><em>aspiciebam</em></strong></span> <span class='ocrx_word' id='word_1_72' title='bbox 1459 1189 1647 1253; x_wconf 89' lang='lat' dir='ltr'><strong><em>undas,</em></strong></span> <span class='ocrx_word' id='word_1_73' title='bbox 1675 1205 1792 1260; x_wconf 70' lang='lat' dir='ltr'><strong><em>quae</em></strong></span> <span class='ocrx_word' id='word_1_74' title='bbox 1814 1190 1859 1242; x_wconf 86' lang='lat' dir='ltr'><strong><em>si</em></strong></span> <span class='ocrx_word' id='word_1_75' title='bbox 1889 1189 2058 1242; x_wconf 82' lang='lat' dir='ltr'><strong><em>dicere</em></strong></span> <span class='ocrx_word' id='word_1_76' title='bbox 2083 1188 2167 1258; x_wconf 83' lang='lat' dir='ltr'><strong><em>fas</em></strong></span> 
     </span>
    </p>
   </div>
   <div class='ocr_carea' id='block_1_13' title="bbox 607 1281 2168 1354">
    <p class='ocr_par' dir='ltr' id='par_1_13' title="bbox 607 1281 2168 1354">
     <span class='ocr_line' id='line_1_13' title="bbox 607 1281 2168 1354; baseline -0.001 -18"><span class='ocrx_word' id='word_1_77' title='bbox 607 1292 706 1347; x_wconf 85' lang='lat' dir='ltr'><strong><em>est,</em></strong></span> <span class='ocrx_word' id='word_1_78' title='bbox 738 1284 909 1354; x_wconf 86' lang='lat' dir='ltr'><strong><em>ipsum</em></strong></span> <span class='ocrx_word' id='word_1_79' title='bbox 943 1285 1125 1338; x_wconf 81' lang='lat' dir='ltr'><strong><em>caelum</em></strong></span> <span class='ocrx_word' id='word_1_80' title='bbox 1160 1287 1473 1354; x_wconf 81' lang='lat' dir='ltr'><strong><em>tangebant;</em></strong></span> <span class='ocrx_word' id='word_1_81' title='bbox 1509 1283 1646 1336; x_wconf 90' lang='lat' dir='ltr'><strong><em>unde</em></strong></span> <span class='ocrx_word' id='word_1_82' title='bbox 1675 1283 1794 1335; x_wconf 84' lang='lat' dir='ltr'><strong><em>hinc</em></strong></span> <span class='ocrx_word' id='word_1_83' title='bbox 1834 1291 2036 1334; x_wconf 78' lang='lat' dir='ltr'><strong><em>tantum</em></strong></span> <span class='ocrx_word' id='word_1_84' title='bbox 2073 1281 2168 1335; x_wconf 82' lang='lat' dir='ltr'><strong><em>hoc</em></strong></span> 
     </span>
    </p>
   </div>
   <div class='ocr_carea' id='block_1_14' title="bbox 607 1376 2168 1446">
    <p class='ocr_par' dir='ltr' id='par_1_14' title="bbox 607 1376 2168 1446">
     <span class='ocr_line' id='line_1_14' title="bbox 607 1376 2168 1446; baseline -0.001 -16"><span class='ocrx_word' id='word_1_85' title='bbox 607 1377 994 1446; x_wconf 74' lang='lat' dir='ltr'><strong><em>exspectabam,</em></strong></span> <span class='ocrx_word' id='word_1_86' title='bbox 1026 1379 1321 1430; x_wconf 81' lang='lat' dir='ltr'><strong><em>universam</em></strong></span> <span class='ocrx_word' id='word_1_87' title='bbox 1351 1378 1546 1430; x_wconf 82' lang='lat' dir='ltr'><strong><em>scilicet</em></strong></span> <span class='ocrx_word' id='word_1_88' title='bbox 1589 1388 1781 1431; x_wconf 88' lang='lat' dir='ltr'><strong><em>terram</em></strong></span> <span class='ocrx_word' id='word_1_89' title='bbox 1819 1376 2168 1445; x_wconf 85' lang='lat' dir='ltr'><strong><em>submergen—</em></strong></span> 
     </span>
    </p>
   </div>
   <div class='ocr_carea' id='block_1_15' title="bbox 607 1468 2166 1539">
    <p class='ocr_par' dir='ltr' id='par_1_15' title="bbox 607 1468 2166 1539">
     <span class='ocr_line' id='line_1_15' title="bbox 607 1468 2166 1539; baseline -0.001 -18"><span class='ocrx_word' id='word_1_90' title='bbox 607 1468 768 1530; x_wconf 85' lang='lat' dir='ltr'><strong><em>dam;</em></strong></span> <span class='ocrx_word' id='word_1_91' title='bbox 793 1479 841 1522; x_wconf 89' lang='lat' dir='ltr'><strong><em>et</em></strong></span> <span class='ocrx_word' id='word_1_92' title='bbox 863 1469 988 1522; x_wconf 84' lang='lat' dir='ltr'><strong><em>mihi</em></strong></span> <span class='ocrx_word' id='word_1_93' title='bbox 1014 1468 1181 1521; x_wconf 90' lang='lat' dir='ltr'><strong><em>locum</em></strong></span> <span class='ocrx_word' id='word_1_94' title='bbox 1208 1470 1260 1522; x_wconf 90' lang='lat' dir='ltr'><strong><em>in</em></strong></span> <span class='ocrx_word' id='word_1_95' title='bbox 1289 1485 1387 1539; x_wconf 88' lang='lat' dir='ltr'><strong><em>quo</em></strong></span> <span class='ocrx_word' id='word_1_96' title='bbox 1414 1486 1492 1522; x_wconf 91' lang='lat' dir='ltr'><strong><em>me</em></strong></span> <span class='ocrx_word' id='word_1_97' title='bbox 1516 1469 1642 1539; x_wconf 82' lang='lat' dir='ltr'><strong><em>fuga</em></strong></span> <span class='ocrx_word' id='word_1_98' title='bbox 1666 1469 1963 1536; x_wconf 87' lang='lat' dir='ltr'><strong><em>reciperem,</em></strong></span> <span class='ocrx_word' id='word_1_99' title='bbox 1992 1469 2166 1520; x_wconf 89' lang='lat' dir='ltr'><strong><em>animo</em></strong></span> 
     </span>
    </p>
   </div>
   <div class='ocr_carea' id='block_1_16' title="bbox 608 1559 2162 1631">
    <p class='ocr_par' dir='ltr' id='par_1_16' title="bbox 608 1559 2162 1631">
     <span class='ocr_line' id='line_1_16' title="bbox 608 1559 2162 1631; baseline 0.001 -18"><span class='ocrx_word' id='word_1_100' title='bbox 608 1560 888 1631; x_wconf 80' lang='lat' dir='ltr'><strong><em>ﬁngebam,</em></strong></span> <span class='ocrx_word' id='word_1_101' title='bbox 919 1569 969 1613; x_wconf 91' lang='lat' dir='ltr'><strong><em>et</em></strong></span> <span class='ocrx_word' id='word_1_102' title='bbox 1005 1559 1239 1614; x_wconf 73' lang='lat' dir='ltr'><strong><em>Noetica:</em></strong></span> <span class='ocrx_word' id='word_1_103' title='bbox 1269 1577 1408 1615; x_wconf 66' lang='lat' dir='ltr'><strong><em>arca:</em></strong></span> <span class='ocrx_word' id='word_1_104' title='bbox 1448 1563 1714 1629; x_wconf 62' lang='lat' dir='ltr'><strong><em>exemplar</em></strong></span> <span class='ocrx_word' id='word_1_105' title='bbox 1748 1560 2162 1615; x_wconf 86' lang='lat' dir='ltr'><strong><em>considerabam.</em></strong></span> 
     </span>
    </p>
   </div>
   <div class='ocr_carea' id='block_1_17' title="bbox 617 1650 2166 1721">
    <p class='ocr_par' dir='ltr' id='par_1_17' title="bbox 617 1650 2166 1721">
     <span class='ocr_line' id='line_1_17' title="bbox 617 1650 2166 1721; baseline -0.003 -15"><span class='ocrx_word' id='word_1_106' title='bbox 617 1651 808 1706; x_wconf 84' lang='lat' dir='ltr'><strong><em>Verum</em></strong></span> <span class='ocrx_word' id='word_1_107' title='bbox 836 1653 1153 1721; x_wconf 74' lang='lat' dir='ltr'><strong><em>exspectatio</em></strong></span> <span class='ocrx_word' id='word_1_108' title='bbox 1183 1664 1295 1704; x_wconf 89' lang='lat' dir='ltr'><strong><em>mea</em></strong></span> <span class='ocrx_word' id='word_1_109' title='bbox 1327 1652 1588 1720; x_wconf 78' lang='lat' dir='ltr'><strong><em>frustrata</em></strong></span> <span class='ocrx_word' id='word_1_110' title='bbox 1610 1664 1708 1706; x_wconf 87' lang='lat' dir='ltr'><strong><em>est.</em></strong></span> <span class='ocrx_word' id='word_1_111' title='bbox 1740 1650 1912 1706; x_wconf 86' lang='lat' dir='ltr'><strong><em>Simul</em></strong></span> <span class='ocrx_word' id='word_1_112' title='bbox 1939 1651 2074 1704; x_wconf 87' lang='lat' dir='ltr'><strong><em>enim</em></strong></span> <span class='ocrx_word' id='word_1_113' title='bbox 2105 1666 2166 1702; x_wconf 86' lang='lat' dir='ltr'><strong><em>ac</em></strong></span> 
     </span>
    </p>
   </div>
   <div class='ocr_carea' id='block_1_18' title="bbox 607 1741 2168 1814">
    <p class='ocr_par' dir='ltr' id='par_1_18' title="bbox 607 1741 2168 1814">
     <span class='ocr_line' id='line_1_18' title="bbox 607 1741 2168 1814; baseline 0 -18"><span class='ocrx_word' id='word_1_114' title='bbox 607 1759 752 1796; x_wconf 88' lang='lat' dir='ltr'><strong><em>mare</em></strong></span> <span class='ocrx_word' id='word_1_115' title='bbox 776 1743 1043 1807; x_wconf 85' lang='lat' dir='ltr'><strong><em>intumuit,</em></strong></span> <span class='ocrx_word' id='word_1_116' title='bbox 1079 1745 1269 1800; x_wconf 85' lang='lat' dir='ltr'><strong><em>iterum</em></strong></span> <span class='ocrx_word' id='word_1_117' title='bbox 1293 1745 1398 1798; x_wconf 85' lang='lat' dir='ltr'><strong><em>vice</em></strong></span> <span class='ocrx_word' id='word_1_118' title='bbox 1426 1761 1574 1798; x_wconf 85' lang='lat' dir='ltr'><strong><em>versa</em></strong></span> <span class='ocrx_word' id='word_1_119' title='bbox 1613 1744 1841 1814; x_wconf 79' lang='lat' dir='ltr'><strong><em>fractum</em></strong></span> <span class='ocrx_word' id='word_1_120' title='bbox 1872 1759 2014 1795; x_wconf 86' lang='lat' dir='ltr'><strong><em>mare</em></strong></span> <span class='ocrx_word' id='word_1_121' title='bbox 2041 1741 2168 1796; x_wconf 86' lang='lat' dir='ltr'><strong><em>dis—</em></strong></span> 
     </span>
    </p>
   </div>
   <div class='ocr_carea' id='block_1_19' title="bbox 2277 545 3853 618">
    <p class='ocr_par' dir='ltr' id='par_1_19' title="bbox 2277 545 3853 618">
     <span class='ocr_line' id='line_1_19' title="bbox 2277 545 3853 618; baseline -0.003 -15"><span class='ocrx_word' id='word_1_122' title='bbox 2277 549 2402 614; x_wconf 84' lang='lat' dir='ltr'><strong><em>sita,</em></strong></span> <span class='ocrx_word' id='word_1_123' title='bbox 2434 559 2491 603; x_wconf 90' lang='lat' dir='ltr'><strong><em>ut</em></strong></span> <span class='ocrx_word' id='word_1_124' title='bbox 2519 565 2585 603; x_wconf 78' lang='lat' dir='ltr'><strong><em>ex</em></strong></span> <span class='ocrx_word' id='word_1_125' title='bbox 2623 548 2710 604; x_wconf 88' lang='lat' dir='ltr'><strong><em>his</em></strong></span> <span class='ocrx_word' id='word_1_126' title='bbox 2749 548 2961 603; x_wconf 91' lang='lat' dir='ltr'><strong><em>duobus</em></strong></span> <span class='ocrx_word' id='word_1_127' title='bbox 3000 547 3286 618; x_wconf 82' lang='lat' dir='ltr'><strong><em>separatis,</em></strong></span> <span class='ocrx_word' id='word_1_128' title='bbox 3325 545 3596 616; x_wconf 85' lang='lat' dir='ltr'><strong><em>contiguis</em></strong></span> <span class='ocrx_word' id='word_1_129' title='bbox 3624 552 3853 610; x_wconf 87' lang='lat' dir='ltr'><strong><em>tamen,</em></strong></span> 
     </span>
    </p>
   </div>
   <div class='ocr_carea' id='block_1_20' title="bbox 2276 639 3853 710">
    <p class='ocr_par' dir='ltr' id='par_1_20' title="bbox 2276 639 3853 710">
     <span class='ocr_line' id='line_1_20' title="bbox 2276 639 3853 710; baseline -0.001 -14"><span class='ocrx_word' id='word_1_130' title='bbox 2276 649 2442 696; x_wconf 88' lang='lat' dir='ltr'><strong><em>unum</em></strong></span> <span class='ocrx_word' id='word_1_131' title='bbox 2471 641 2774 696; x_wconf 80' lang='lat' dir='ltr'><strong><em>eﬂiceretur</em></strong></span> <span class='ocrx_word' id='word_1_132' title='bbox 2801 641 3118 705; x_wconf 83' lang='lat' dir='ltr'><strong><em>rotundum,</em></strong></span> <span class='ocrx_word' id='word_1_133' title='bbox 3159 647 3212 695; x_wconf 89' lang='lat' dir='ltr'><strong><em>et</em></strong></span> <span class='ocrx_word' id='word_1_134' title='bbox 3250 639 3440 710; x_wconf 91' lang='lat' dir='ltr'><strong><em>globus</em></strong></span> <span class='ocrx_word' id='word_1_135' title='bbox 3481 655 3624 695; x_wconf 93' lang='lat' dir='ltr'><strong><em>unus</em></strong></span> <span class='ocrx_word' id='word_1_136' title='bbox 3654 640 3853 710; x_wconf 83' lang='lat' dir='ltr'><strong><em>perfe-</em></strong></span> 
     </span>
    </p>
   </div>
   <div class='ocr_carea' id='block_1_21' title="bbox 2275 727 3848 802">
    <p class='ocr_par' dir='ltr' id='par_1_21' title="bbox 2275 727 3848 802">
     <span class='ocr_line' id='line_1_21' title="bbox 2275 727 3848 802; baseline -0.001 -16"><span class='ocrx_word' id='word_1_137' title='bbox 2275 733 2575 796; x_wconf 88' lang='lat' dir='ltr'><strong><em>ctissimus,</em></strong></span> <span class='ocrx_word' id='word_1_138' title='bbox 2611 747 2720 786; x_wconf 91' lang='lat' dir='ltr'><strong><em>non</em></strong></span> <span class='ocrx_word' id='word_1_139' title='bbox 2756 731 3085 802; x_wconf 81' lang='lat' dir='ltr'><strong><em>geometrica</em></strong></span> <span class='ocrx_word' id='word_1_140' title='bbox 3113 729 3466 784; x_wconf 85' lang='lat' dir='ltr'><strong><em>rotunditate.</em></strong></span> <span class='ocrx_word' id='word_1_141' title='bbox 3499 727 3659 795; x_wconf 85' lang='lat' dir='ltr'><strong><em>Quod</em></strong></span> <span class='ocrx_word' id='word_1_142' title='bbox 3686 729 3848 784; x_wconf 88' lang='lat' dir='ltr'><strong><em>enim</em></strong></span> 
     </span>
    </p>
   </div>
   <div class='ocr_carea' id='block_1_22' title="bbox 2275 821 3845 892">
    <p class='ocr_par' dir='ltr' id='par_1_22' title="bbox 2275 821 3845 892">
     <span class='ocr_line' id='line_1_22' title="bbox 2275 821 3845 892; baseline -0.001 -17"><span class='ocrx_word' id='word_1_143' title='bbox 2275 821 2330 876; x_wconf 90' lang='lat' dir='ltr'><strong><em>in</em></strong></span> <span class='ocrx_word' id='word_1_144' title='bbox 2380 823 2536 892; x_wconf 89' lang='lat' dir='ltr'><strong><em>aquis</em></strong></span> <span class='ocrx_word' id='word_1_145' title='bbox 2587 823 2914 884; x_wconf 85' lang='lat' dir='ltr'><strong><em>abundabat,</em></strong></span> <span class='ocrx_word' id='word_1_146' title='bbox 2964 822 3020 876; x_wconf 92' lang='lat' dir='ltr'><strong><em>in</em></strong></span> <span class='ocrx_word' id='word_1_147' title='bbox 3062 821 3308 875; x_wconf 84' lang='lat' dir='ltr'><strong><em>cavernis</em></strong></span> <span class='ocrx_word' id='word_1_148' title='bbox 3349 829 3506 875; x_wconf 68' lang='lat' dir='ltr'><strong><em>terrm</em></strong></span> <span class='ocrx_word' id='word_1_149' title='bbox 3549 822 3845 876; x_wconf 89' lang='lat' dir='ltr'><strong><em>occlusum</em></strong></span> 
     </span>
    </p>
   </div>
   <div class='ocr_carea' id='block_1_23' title="bbox 2273 913 3842 984">
    <p class='ocr_par' dir='ltr' id='par_1_23' title="bbox 2273 913 3842 984">
     <span class='ocr_line' id='line_1_23' title="bbox 2273 913 3842 984; baseline -0.001 -15"><span class='ocrx_word' id='word_1_150' title='bbox 2273 921 2376 977; x_wconf 91' lang='lat' dir='ltr'><strong><em>est,</em></strong></span> <span class='ocrx_word' id='word_1_151' title='bbox 2406 923 2460 968; x_wconf 83' lang='lat' dir='ltr'><strong><em>et</em></strong></span> <span class='ocrx_word' id='word_1_152' title='bbox 2491 914 2546 968; x_wconf 91' lang='lat' dir='ltr'><strong><em>in</em></strong></span> <span class='ocrx_word' id='word_1_153' title='bbox 2577 914 3020 984; x_wconf 78' lang='lat' dir='ltr'><strong><em>profundissimis</em></strong></span> <span class='ocrx_word' id='word_1_154' title='bbox 3062 914 3294 968; x_wconf 77' lang='lat' dir='ltr'><strong><em>vallibus</em></strong></span> <span class='ocrx_word' id='word_1_155' title='bbox 3336 919 3640 982; x_wconf 87' lang='lat' dir='ltr'><strong><em>receptum,</em></strong></span> <span class='ocrx_word' id='word_1_156' title='bbox 3685 913 3842 983; x_wconf 88' lang='lat' dir='ltr'><strong><em>quod</em></strong></span> 
     </span>
    </p>
   </div>
   <div class='ocr_carea' id='block_1_24' title="bbox 2273 1002 3840 1075">
    <p class='ocr_par' dir='ltr' id='par_1_24' title="bbox 2273 1002 3840 1075">
     <span class='ocr_line' id='line_1_24' title="bbox 2273 1002 3840 1075; baseline 0 -19"><span class='ocrx_word' id='word_1_157' title='bbox 2273 1003 2329 1056; x_wconf 92' lang='lat' dir='ltr'><strong><em>in</em></strong></span> <span class='ocrx_word' id='word_1_158' title='bbox 2360 1003 2521 1058; x_wconf 82' lang='lat' dir='ltr'><strong><em>terris</em></strong></span> <span class='ocrx_word' id='word_1_159' title='bbox 2570 1018 2733 1075; x_wconf 84' lang='lat' dir='ltr'><strong><em>super</em></strong></span> <span class='ocrx_word' id='word_1_160' title='bbox 2785 1017 2954 1072; x_wconf 89' lang='lat' dir='ltr'><strong><em>aquas</em></strong></span> <span class='ocrx_word' id='word_1_161' title='bbox 2999 1003 3243 1067; x_wconf 83' lang='lat' dir='ltr'><strong><em>emersit,</em></strong></span> <span class='ocrx_word' id='word_1_162' title='bbox 3294 1002 3350 1057; x_wconf 92' lang='lat' dir='ltr'><strong><em>in</em></strong></span> <span class='ocrx_word' id='word_1_163' title='bbox 3402 1002 3840 1072; x_wconf 85' lang='lat' dir='ltr'><strong><em>impendentium</em></strong></span> 
     </span>
    </p>
   </div>
   <div class='ocr_carea' id='block_1_25' title="bbox 2272 1093 3840 1165">
    <p class='ocr_par' dir='ltr' id='par_1_25' title="bbox 2272 1093 3840 1165">
     <span class='ocr_line' id='line_1_25' title="bbox 2272 1093 3840 1165; baseline -0.001 -17"><span class='ocrx_word' id='word_1_164' title='bbox 2272 1095 2539 1149; x_wconf 80' lang='lat' dir='ltr'><strong><em>montium</em></strong></span> <span class='ocrx_word' id='word_1_165' title='bbox 2587 1095 2903 1149; x_wconf 88' lang='lat' dir='ltr'><strong><em>altitudines</em></strong></span> <span class='ocrx_word' id='word_1_166' title='bbox 2959 1104 3267 1165; x_wconf 88' lang='lat' dir='ltr'><strong><em>porrectum</em></strong></span> <span class='ocrx_word' id='word_1_167' title='bbox 3329 1093 3595 1160; x_wconf 76' lang='lat' dir='ltr'><strong><em>surrexit;</em></strong></span> <span class='ocrx_word' id='word_1_168' title='bbox 3643 1101 3697 1148; x_wconf 89' lang='lat' dir='ltr'><strong><em>et</em></strong></span> <span class='ocrx_word' id='word_1_169' title='bbox 3752 1093 3840 1148; x_wconf 90' lang='lat' dir='ltr'><strong><em>sic</em></strong></span> 
     </span>
    </p>
   </div>
   <div class='ocr_carea' id='block_1_26' title="bbox 2271 1184 3839 1256">
    <p class='ocr_par' dir='ltr' id='par_1_26' title="bbox 2271 1184 3839 1256">
     <span class='ocr_line' id='line_1_26' title="bbox 2271 1184 3839 1256; baseline 0.001 -18"><span class='ocrx_word' id='word_1_170' title='bbox 2271 1185 2550 1254; x_wconf 72' lang='lat' dir='ltr'><strong><em>aequaliter</em></strong></span> <span class='ocrx_word' id='word_1_171' title='bbox 2570 1185 2806 1254; x_wconf 89' lang='lat' dir='ltr'><strong><em>undique</em></strong></span> <span class='ocrx_word' id='word_1_172' title='bbox 2823 1197 2965 1239; x_wconf 90' lang='lat' dir='ltr'><strong><em>terra</em></strong></span> <span class='ocrx_word' id='word_1_173' title='bbox 2999 1193 3052 1239; x_wconf 88' lang='lat' dir='ltr'><strong><em>et</em></strong></span> <span class='ocrx_word' id='word_1_174' title='bbox 3074 1201 3226 1256; x_wconf 72' lang='lat' dir='ltr'><strong><em>aquae</em></strong></span> <span class='ocrx_word' id='word_1_175' title='bbox 3249 1184 3610 1247; x_wconf 86' lang='lat' dir='ltr'><strong><em>sustinentur,</em></strong></span> <span class='ocrx_word' id='word_1_176' title='bbox 3628 1192 3680 1238; x_wconf 89' lang='lat' dir='ltr'><strong><em>et</em></strong></span> <span class='ocrx_word' id='word_1_177' title='bbox 3709 1199 3839 1240; x_wconf 89' lang='lat' dir='ltr'><strong><em>sus-</em></strong></span> 
     </span>
    </p>
   </div>
   <div class='ocr_carea' id='block_1_27' title="bbox 2272 1274 3837 1348">
    <p class='ocr_par' dir='ltr' id='par_1_27' title="bbox 2272 1274 3837 1348">
     <span class='ocr_line' id='line_1_27' title="bbox 2272 1274 3837 1348; baseline 0.001 -19"><span class='ocrx_word' id='word_1_178' title='bbox 2272 1278 2467 1340; x_wconf 86' lang='lat' dir='ltr'><strong><em>tinent,</em></strong></span> <span class='ocrx_word' id='word_1_179' title='bbox 2516 1285 2691 1346; x_wconf 67' lang='lat' dir='ltr'><strong><em>nEque</em></strong></span> <span class='ocrx_word' id='word_1_180' title='bbox 2743 1277 3080 1332; x_wconf 68' lang='lat' dir='ltr'><strong><em>exceduntur</em></strong></span> <span class='ocrx_word' id='word_1_181' title='bbox 3124 1293 3301 1348; x_wconf 89' lang='lat' dir='ltr'><strong><em>neque</em></strong></span> <span class='ocrx_word' id='word_1_182' title='bbox 3344 1277 3632 1332; x_wconf 79' lang='lat' dir='ltr'><strong><em>excedunt.</em></strong></span> <span class='ocrx_word' id='word_1_183' title='bbox 3683 1274 3837 1331; x_wconf 83' lang='lat' dir='ltr'><strong><em>Fieri</em></strong></span> 
     </span>
    </p>
   </div>
   <div class='ocr_carea' id='block_1_28' title="bbox 2270 1369 3835 1440">
    <p class='ocr_par' dir='ltr' id='par_1_28' title="bbox 2270 1369 3835 1440">
     <span class='ocr_line' id='line_1_28' title="bbox 2270 1369 3835 1440; baseline 0.002 -19"><span class='ocrx_word' id='word_1_184' title='bbox 2270 1376 2452 1424; x_wconf 88' lang='lat' dir='ltr'><strong><em>tamen</em></strong></span> <span class='ocrx_word' id='word_1_185' title='bbox 2499 1376 2698 1438; x_wconf 80' lang='lat' dir='ltr'><strong><em>potest,</em></strong></span> <span class='ocrx_word' id='word_1_186' title='bbox 2743 1377 2803 1422; x_wconf 90' lang='lat' dir='ltr'><strong><em>ut</em></strong></span> <span class='ocrx_word' id='word_1_187' title='bbox 2854 1369 3311 1438; x_wconf 89' lang='lat' dir='ltr'><strong><em>quemadmodum</em></strong></span> <span class='ocrx_word' id='word_1_188' title='bbox 3361 1385 3468 1424; x_wconf 91' lang='lat' dir='ltr'><strong><em>una</em></strong></span> <span class='ocrx_word' id='word_1_189' title='bbox 3508 1385 3635 1440; x_wconf 90' lang='lat' dir='ltr'><strong><em>pars</em></strong></span> <span class='ocrx_word' id='word_1_190' title='bbox 3669 1377 3835 1425; x_wconf 67' lang='lat' dir='ltr'><strong><em>terrae</em></strong></span> 
     </span>
    </p>
   </div>
   <div class='ocr_carea' id='block_1_29' title="bbox 2271 1460 3833 1531">
    <p class='ocr_par' dir='ltr' id='par_1_29' title="bbox 2271 1460 3833 1531">
     <span class='ocr_line' id='line_1_29' title="bbox 2271 1460 3833 1531; baseline 0.002 -18"><span class='ocrx_word' id='word_1_191' title='bbox 2271 1461 2376 1514; x_wconf 86' lang='lat' dir='ltr'><strong><em>alia</em></strong></span> <span class='ocrx_word' id='word_1_192' title='bbox 2399 1460 2726 1515; x_wconf 87' lang='lat' dir='ltr'><strong><em>eminentior</em></strong></span> <span class='ocrx_word' id='word_1_193' title='bbox 2757 1468 2862 1525; x_wconf 92' lang='lat' dir='ltr'><strong><em>est,</em></strong></span> <span class='ocrx_word' id='word_1_194' title='bbox 2885 1461 2989 1514; x_wconf 86' lang='lat' dir='ltr'><strong><em>alia</em></strong></span> <span class='ocrx_word' id='word_1_195' title='bbox 3021 1461 3123 1514; x_wconf 89' lang='lat' dir='ltr'><strong><em>alia</em></strong></span> <span class='ocrx_word' id='word_1_196' title='bbox 3149 1461 3479 1531; x_wconf 86' lang='lat' dir='ltr'><strong><em>depressior,</em></strong></span> <span class='ocrx_word' id='word_1_197' title='bbox 3509 1477 3610 1516; x_wconf 89' lang='lat' dir='ltr'><strong><em>nec</em></strong></span> <span class='ocrx_word' id='word_1_198' title='bbox 3645 1471 3833 1516; x_wconf 88' lang='lat' dir='ltr'><strong><em>tamen</em></strong></span> 
     </span>
    </p>
   </div>
   <div class='ocr_carea' id='block_1_30' title="bbox 2272 1552 3828 1622">
    <p class='ocr_par' dir='ltr' id='par_1_30' title="bbox 2272 1552 3828 1622">
     <span class='ocr_line' id='line_1_30' title="bbox 2272 1552 3828 1622; baseline 0.001 -18"><span class='ocrx_word' id='word_1_199' title='bbox 2272 1560 2469 1606; x_wconf 85' lang='lat' dir='ltr'><strong><em>terram</em></strong></span> <span class='ocrx_word' id='word_1_200' title='bbox 2491 1567 2614 1607; x_wconf 88' lang='lat' dir='ltr'><strong><em>esse</em></strong></span> <span class='ocrx_word' id='word_1_201' title='bbox 2640 1554 2929 1607; x_wconf 89' lang='lat' dir='ltr'><strong><em>rotundam</em></strong></span> <span class='ocrx_word' id='word_1_202' title='bbox 2955 1552 3295 1622; x_wconf 83' lang='lat' dir='ltr'><strong><em>negabimus,</em></strong></span> <span class='ocrx_word' id='word_1_203' title='bbox 3328 1553 3408 1607; x_wconf 89' lang='lat' dir='ltr'><strong><em>sic</em></strong></span> <span class='ocrx_word' id='word_1_204' title='bbox 3437 1559 3490 1606; x_wconf 90' lang='lat' dir='ltr'><strong><em>et</em></strong></span> <span class='ocrx_word' id='word_1_205' title='bbox 3524 1567 3630 1606; x_wconf 90' lang='lat' dir='ltr'><strong><em>una</em></strong></span> <span class='ocrx_word' id='word_1_206' title='bbox 3653 1553 3828 1621; x_wconf 83' lang='lat' dir='ltr'><strong><em>regio,</em></strong></span> 
     </span>
    </p>
   </div>
   <div class='ocr_carea' id='block_1_31' title="bbox 2269 1643 3828 1715">
    <p class='ocr_par' dir='ltr' id='par_1_31' title="bbox 2269 1643 3828 1715">
     <span class='ocr_line' id='line_1_31' title="bbox 2269 1643 3828 1715; baseline -0.001 -16"><span class='ocrx_word' id='word_1_207' title='bbox 2269 1652 2322 1699; x_wconf 85' lang='lat' dir='ltr'><strong><em>et</em></strong></span> <span class='ocrx_word' id='word_1_208' title='bbox 2355 1646 2506 1701; x_wconf 88' lang='lat' dir='ltr'><strong><em>locus</em></strong></span> <span class='ocrx_word' id='word_1_209' title='bbox 2545 1646 2615 1700; x_wconf 83' lang='lat' dir='ltr'><strong><em>sit</em></strong></span> <span class='ocrx_word' id='word_1_210' title='bbox 2649 1646 2768 1715; x_wconf 90' lang='lat' dir='ltr'><strong><em>ipso</em></strong></span> <span class='ocrx_word' id='word_1_211' title='bbox 2812 1658 2962 1699; x_wconf 85' lang='lat' dir='ltr'><strong><em>mare</em></strong></span> <span class='ocrx_word' id='word_1_212' title='bbox 3011 1643 3297 1706; x_wconf 86' lang='lat' dir='ltr'><strong><em>humilior,</em></strong></span> <span class='ocrx_word' id='word_1_213' title='bbox 3348 1644 3424 1697; x_wconf 89' lang='lat' dir='ltr'><strong><em>ita</em></strong></span> <span class='ocrx_word' id='word_1_214' title='bbox 3467 1651 3526 1698; x_wconf 90' lang='lat' dir='ltr'><strong><em>ut</em></strong></span> <span class='ocrx_word' id='word_1_215' title='bbox 3556 1643 3610 1697; x_wconf 88' lang='lat' dir='ltr'><strong><em>si</em></strong></span> <span class='ocrx_word' id='word_1_216' title='bbox 3644 1643 3828 1698; x_wconf 87' lang='lat' dir='ltr'><strong><em>aditus</em></strong></span> 
     </span>
    </p>
   </div>
   <div class='ocr_carea' id='block_1_32' title="bbox 2269 1737 3828 1813">
    <p class='ocr_par' dir='ltr' id='par_1_32' title="bbox 2269 1737 3828 1813">
     <span class='ocr_line' id='line_1_32' title="bbox 2269 1737 3828 1813; baseline -0.001 -21"><span class='ocrx_word' id='word_1_217' title='bbox 2269 1745 2476 1810; x_wconf 84' lang='lat' dir='ltr'><strong><em>pateret</em></strong></span> <span class='ocrx_word' id='word_1_218' title='bbox 2515 1739 2670 1808; x_wconf 87' lang='lat' dir='ltr'><strong><em>aquis</em></strong></span> <span class='ocrx_word' id='word_1_219' title='bbox 2705 1738 3168 1813; x_wconf 82' lang='lat' dir='ltr'><strong><em>submergeretur,</em></strong></span> <span class='ocrx_word' id='word_1_220' title='bbox 3201 1739 3373 1791; x_wconf 87' lang='lat' dir='ltr'><strong><em>altera</em></strong></span> <span class='ocrx_word' id='word_1_221' title='bbox 3419 1737 3581 1790; x_wconf 86' lang='lat' dir='ltr'><strong><em>altior</em></strong></span> <span class='ocrx_word' id='word_1_222' title='bbox 3607 1743 3660 1790; x_wconf 87' lang='lat' dir='ltr'><strong><em>et</em></strong></span> <span class='ocrx_word' id='word_1_223' title='bbox 3689 1737 3828 1790; x_wconf 81' lang='lat' dir='ltr'><strong><em>emi—</em></strong></span> 
     </span>
    </p>
   </div>
   <div class='ocr_carea' id='block_1_33' title="bbox 605 1820 3828 1903">
    <p class='ocr_par' dir='ltr' id='par_1_33' title="bbox 605 1820 3828 1903">
     <span class='ocr_line' id='line_1_33' title="bbox 605 1820 3828 1903; baseline -0.001 -17"><span class='ocrx_word' id='word_1_224' title='bbox 605 1832 923 1896; x_wconf 86' lang='lat' dir='ltr'><strong><em>solvebatur,</em></strong></span> <span class='ocrx_word' id='word_1_225' title='bbox 958 1833 1101 1886; x_wconf 86' lang='lat' dir='ltr'><strong><em>ultra</em></strong></span> <span class='ocrx_word' id='word_1_226' title='bbox 1130 1834 1398 1903; x_wconf 88' lang='lat' dir='ltr'><strong><em>proprium</em></strong></span> <span class='ocrx_word' id='word_1_227' title='bbox 1434 1837 1601 1887; x_wconf 89' lang='lat' dir='ltr'><strong><em>tocum</em></strong></span> <span class='ocrx_word' id='word_1_228' title='bbox 1627 1851 1731 1888; x_wconf 87' lang='lat' dir='ltr'><strong><em>non</em></strong></span> <span class='ocrx_word' id='word_1_229' title='bbox 1760 1837 2060 1897; x_wconf 80' lang='lat' dir='ltr'><strong><em>concedens,</em></strong></span> <span class='ocrx_word' id='word_1_230' title='bbox 2087 1833 2170 1888; x_wconf 87' lang='lat' dir='ltr'><strong><em>di-</em></strong></span> <span class='ocrx_word' id='word_1_231' title='bbox 2195 1820 2239 1878; x_wconf 87' lang='grc' dir='ltr'>Β</span> <span class='ocrx_word' id='word_1_232' title='bbox 2267 1831 2516 1897; x_wconf 79' lang='lat' dir='ltr'><strong><em>acutior;</em></strong></span> <span class='ocrx_word' id='word_1_233' title='bbox 2572 1829 3026 1900; x_wconf 88' lang='lat' dir='ltr'><strong><em>quemadmodum</em></strong></span> <span class='ocrx_word' id='word_1_234' title='bbox 3082 1827 3404 1884; x_wconf 87' lang='lat' dir='ltr'><strong><em>Aristoteles</em></strong></span> <span class='ocrx_word' id='word_1_235' title='bbox 3465 1827 3533 1882; x_wconf 85' lang='lat' dir='ltr'><strong><em>de</em></strong></span> <span class='ocrx_word' id='word_1_236' title='bbox 3602 1827 3828 1898; x_wconf 82' lang='lat' dir='ltr'><strong><em>regione</em></strong></span> 
     </span>
    </p>
   </div>
   <div class='ocr_carea' id='block_1_34' title="bbox 606 1924 2165 1996">
    <p class='ocr_par' dir='ltr' id='par_1_34' title="bbox 606 1924 2165 1996">
     <span class='ocr_line' id='line_1_34' title="bbox 606 1924 2165 1996; baseline 0.002 -18"><span class='ocrx_word' id='word_1_237' title='bbox 606 1924 724 1978; x_wconf 73' lang='lat' dir='ltr'><strong><em>vino</em></strong></span> <span class='ocrx_word' id='word_1_238' title='bbox 768 1924 1017 1994; x_wconf 89' lang='lat' dir='ltr'><strong><em>quodam,</em></strong></span> <span class='ocrx_word' id='word_1_239' title='bbox 1068 1934 1125 1978; x_wconf 93' lang='lat' dir='ltr'><strong><em>ut</em></strong></span> <span class='ocrx_word' id='word_1_240' title='bbox 1169 1927 1472 1979; x_wconf 90' lang='lat' dir='ltr'><strong><em>summatim</em></strong></span> <span class='ocrx_word' id='word_1_241' title='bbox 1502 1926 1696 1991; x_wconf 90' lang='lat' dir='ltr'><strong><em>dicam,</em></strong></span> <span class='ocrx_word' id='word_1_242' title='bbox 1725 1927 1882 1996; x_wconf 87' lang='lat' dir='ltr'><strong><em>jussu</em></strong></span> <span class='ocrx_word' id='word_1_243' title='bbox 1914 1927 2165 1996; x_wconf 87' lang='lat' dir='ltr'><strong><em>perterri-</em></strong></span> 
     </span>
    </p>
   </div>
   <div class='ocr_carea' id='block_1_35' title="bbox 601 2015 2166 2088">
    <p class='ocr_par' dir='ltr' id='par_1_35' title="bbox 601 2015 2166 2088">
     <span class='ocr_line' id='line_1_35' title="bbox 601 2015 2166 2088; baseline 0.001 -18"><span class='ocrx_word' id='word_1_244' title='bbox 601 2022 736 2071; x_wconf 76' lang='lat' dir='ltr'><strong><em>tum.</em></strong></span> <span class='ocrx_word' id='word_1_245' title='bbox 785 2015 855 2069; x_wconf 85' lang='lat' dir='ltr'><strong><em>Et</em></strong></span> <span class='ocrx_word' id='word_1_246' title='bbox 883 2017 1320 2088; x_wconf 86' lang='lat' dir='ltr'><strong><em>quemadmodum</em></strong></span> <span class='ocrx_word' id='word_1_247' title='bbox 1358 2019 1548 2086; x_wconf 78' lang='lat' dir='ltr'><strong><em>swpius</em></strong></span> <span class='ocrx_word' id='word_1_248' title='bbox 1583 2035 1759 2072; x_wconf 85' lang='lat' dir='ltr'><strong><em>servus</em></strong></span> <span class='ocrx_word' id='word_1_249' title='bbox 1801 2018 2083 2088; x_wconf 85' lang='lat' dir='ltr'><strong><em>quispiam,</em></strong></span> <span class='ocrx_word' id='word_1_250' title='bbox 2119 2017 2166 2072; x_wconf 85' lang='lat' dir='ltr'><strong><em>si</em></strong></span> 
     </span>
    </p>
   </div>
   <div class='ocr_carea' id='block_1_36' title="bbox 607 2109 2168 2180">
    <p class='ocr_par' dir='ltr' id='par_1_36' title="bbox 607 2109 2168 2180">
     <span class='ocr_line' id='line_1_36' title="bbox 607 2109 2168 2180; baseline 0.001 -18"><span class='ocrx_word' id='word_1_251' title='bbox 607 2109 803 2163; x_wconf 85' lang='lat' dir='ltr'><strong><em>invitus</em></strong></span> <span class='ocrx_word' id='word_1_252' title='bbox 838 2125 871 2162; x_wconf 90' lang='lat' dir='ltr'><strong><em>a</em></strong></span> <span class='ocrx_word' id='word_1_253' title='bbox 908 2109 1120 2163; x_wconf 89' lang='lat' dir='ltr'><strong><em>domino</em></strong></span> <span class='ocrx_word' id='word_1_254' title='bbox 1147 2109 1215 2163; x_wconf 92' lang='lat' dir='ltr'><strong><em>ad</em></strong></span> <span class='ocrx_word' id='word_1_255' title='bbox 1243 2125 1370 2178; x_wconf 87' lang='lat' dir='ltr'><strong><em>apus</em></strong></span> <span class='ocrx_word' id='word_1_256' title='bbox 1403 2110 1767 2178; x_wconf 86' lang='lat' dir='ltr'><strong><em>compellatur,</em></strong></span> <span class='ocrx_word' id='word_1_257' title='bbox 1793 2111 2007 2179; x_wconf 88' lang='lat' dir='ltr'><strong><em>imperio</em></strong></span> <span class='ocrx_word' id='word_1_258' title='bbox 2035 2111 2168 2180; x_wconf 89' lang='lat' dir='ltr'><strong><em>qui-</em></strong></span> 
     </span>
    </p>
   </div>
   <div class='ocr_carea' id='block_1_37' title="bbox 601 2200 2162 2274">
    <p class='ocr_par' dir='ltr' id='par_1_37' title="bbox 601 2200 2162 2274">
     <span class='ocr_line' id='line_1_37' title="bbox 601 2200 2162 2274; baseline 0.003 -20"><span class='ocrx_word' id='word_1_259' title='bbox 601 2200 718 2256; x_wconf 89' lang='lat' dir='ltr'><strong><em>dem</em></strong></span> <span class='ocrx_word' id='word_1_260' title='bbox 741 2203 925 2256; x_wconf 89' lang='lat' dir='ltr'><strong><em>timore</em></strong></span> <span class='ocrx_word' id='word_1_261' title='bbox 946 2201 1134 2256; x_wconf 86' lang='lat' dir='ltr'><strong><em>ductus</em></strong></span> <span class='ocrx_word' id='word_1_262' title='bbox 1169 2203 1339 2268; x_wconf 88' lang='lat' dir='ltr'><strong><em>audit,</em></strong></span> <span class='ocrx_word' id='word_1_263' title='bbox 1377 2213 1431 2256; x_wconf 92' lang='lat' dir='ltr'><strong><em>at</em></strong></span> <span class='ocrx_word' id='word_1_264' title='bbox 1464 2203 1601 2274; x_wconf 80' lang='lat' dir='ltr'><strong><em>quod</em></strong></span> <span class='ocrx_word' id='word_1_265' title='bbox 1631 2203 1793 2266; x_wconf 85' lang='lat' dir='ltr'><strong><em>subit,</em></strong></span> <span class='ocrx_word' id='word_1_266' title='bbox 1831 2220 1949 2256; x_wconf 90' lang='lat' dir='ltr'><strong><em>cum</em></strong></span> <span class='ocrx_word' id='word_1_267' title='bbox 1983 2203 2162 2258; x_wconf 87' lang='lat' dir='ltr'><strong><em>nolens</em></strong></span> 
     </span>
    </p>
   </div>
   <div class='ocr_carea' id='block_1_38' title="bbox 603 2291 2168 2364">
    <p class='ocr_par' dir='ltr' id='par_1_38' title="bbox 603 2291 2168 2364">
     <span class='ocr_line' id='line_1_38' title="bbox 603 2291 2168 2364; baseline 0.001 -19"><span class='ocrx_word' id='word_1_268' title='bbox 603 2301 748 2361; x_wconf 83' lang='lat' dir='ltr'><strong><em>agat,</em></strong></span> <span class='ocrx_word' id='word_1_269' title='bbox 784 2291 963 2360; x_wconf 91' lang='lat' dir='ltr'><strong><em>palam</em></strong></span> <span class='ocrx_word' id='word_1_270' title='bbox 991 2293 1145 2362; x_wconf 78' lang='lat' dir='ltr'><strong><em>effari</em></strong></span> <span class='ocrx_word' id='word_1_271' title='bbox 1175 2309 1279 2346; x_wconf 89' lang='lat' dir='ltr'><strong><em>non</em></strong></span> <span class='ocrx_word' id='word_1_272' title='bbox 1314 2308 1476 2347; x_wconf 88' lang='lat' dir='ltr'><strong><em>ausus</em></strong></span> <span class='ocrx_word' id='word_1_273' title='bbox 1506 2293 1600 2346; x_wconf 88' lang='lat' dir='ltr'><strong><em>sub</em></strong></span> <span class='ocrx_word' id='word_1_274' title='bbox 1635 2294 1815 2364; x_wconf 87' lang='lat' dir='ltr'><strong><em>lingua</em></strong></span> <span class='ocrx_word' id='word_1_275' title='bbox 1842 2294 2168 2346; x_wconf 89' lang='lat' dir='ltr'><strong><em>immurmu—</em></strong></span> 
     </span>
    </p>
   </div>
   <div class='ocr_carea' id='block_1_39' title="bbox 603 2382 2164 2453">
    <p class='ocr_par' dir='ltr' id='par_1_39' title="bbox 603 2382 2164 2453">
     <span class='ocr_line' id='line_1_39' title="bbox 603 2382 2164 2453; baseline 0 -15"><span class='ocrx_word' id='word_1_276' title='bbox 603 2391 712 2447; x_wconf 87' lang='lat' dir='ltr'><strong><em>rat,</em></strong></span> <span class='ocrx_word' id='word_1_277' title='bbox 753 2383 1030 2436; x_wconf 88' lang='lat' dir='ltr'><strong><em>iracundia</em></strong></span> <span class='ocrx_word' id='word_1_278' title='bbox 1073 2382 1371 2438; x_wconf 76' lang='lat' dir='ltr'><strong><em>exardens:</em></strong></span> <span class='ocrx_word' id='word_1_279' title='bbox 1417 2385 1492 2438; x_wconf 87' lang='lat' dir='ltr'><strong><em>sic</em></strong></span> <span class='ocrx_word' id='word_1_280' title='bbox 1531 2383 1658 2437; x_wconf 83' lang='lat' dir='ltr'><strong><em>mihi</em></strong></span> <span class='ocrx_word' id='word_1_281' title='bbox 1695 2383 2078 2453; x_wconf 85' lang='lat' dir='ltr'><strong><em>quodammodo</em></strong></span> <span class='ocrx_word' id='word_1_282' title='bbox 2113 2390 2164 2440; x_wconf 81' lang='lat' dir='ltr'><strong><em>et</em></strong></span> 
     </span>
    </p>
   </div>
   <div class='ocr_carea' id='block_1_40' title="bbox 603 2473 2164 2544">
    <p class='ocr_par' dir='ltr' id='par_1_40' title="bbox 603 2473 2164 2544">
     <span class='ocr_line' id='line_1_40' title="bbox 603 2473 2164 2544; baseline 0.001 -16"><span class='ocrx_word' id='word_1_283' title='bbox 603 2490 750 2528; x_wconf 89' lang='lat' dir='ltr'><strong><em>mare</em></strong></span> <span class='ocrx_word' id='word_1_284' title='bbox 777 2473 1083 2538; x_wconf 86' lang='lat' dir='ltr'><strong><em>videbatur;</em></strong></span> <span class='ocrx_word' id='word_1_285' title='bbox 1115 2475 1215 2529; x_wconf 89' lang='lat' dir='ltr'><strong><em>etsi</em></strong></span> <span class='ocrx_word' id='word_1_286' title='bbox 1243 2475 1380 2529; x_wconf 87' lang='lat' dir='ltr'><strong><em>enim</em></strong></span> <span class='ocrx_word' id='word_1_287' title='bbox 1425 2475 1508 2529; x_wconf 85' lang='lat' dir='ltr'><strong><em>ira</em></strong></span> <span class='ocrx_word' id='word_1_288' title='bbox 1547 2473 1878 2544; x_wconf 76' lang='lat' dir='ltr'><strong><em>efferbuerat,</em></strong></span> <span class='ocrx_word' id='word_1_289' title='bbox 1913 2477 1968 2529; x_wconf 90' lang='lat' dir='ltr'><strong><em>in</em></strong></span> <span class='ocrx_word' id='word_1_290' title='bbox 2005 2483 2164 2530; x_wconf 86' lang='lat' dir='ltr'><strong><em>semet</em></strong></span> 
     </span>
    </p>
   </div>
   <div class='ocr_carea' id='block_1_41' title="bbox 603 2566 2162 2637">
    <p class='ocr_par' dir='ltr' id='par_1_41' title="bbox 603 2566 2162 2637">
     <span class='ocr_line' id='line_1_41' title="bbox 603 2566 2162 2637; baseline 0.001 -17"><span class='ocrx_word' id='word_1_291' title='bbox 603 2567 742 2620; x_wconf 82' lang='lat' dir='ltr'><strong><em>iram</em></strong></span> <span class='ocrx_word' id='word_1_292' title='bbox 804 2567 1102 2620; x_wconf 89' lang='lat' dir='ltr'><strong><em>continebat</em></strong></span> <span class='ocrx_word' id='word_1_293' title='bbox 1143 2566 1243 2621; x_wconf 87' lang='lat' dir='ltr'><strong><em>sibi</em></strong></span> <span class='ocrx_word' id='word_1_294' title='bbox 1297 2567 1470 2637; x_wconf 83' lang='lat' dir='ltr'><strong><em>frenos</em></strong></span> <span class='ocrx_word' id='word_1_295' title='bbox 1514 2568 1773 2634; x_wconf 80' lang='lat' dir='ltr'><strong><em>iniiciens,</em></strong></span> <span class='ocrx_word' id='word_1_296' title='bbox 1831 2576 1882 2620; x_wconf 90' lang='lat' dir='ltr'><strong><em>et</em></strong></span> <span class='ocrx_word' id='word_1_297' title='bbox 1933 2567 2162 2637; x_wconf 80' lang='lat' dir='ltr'><strong><em>furorem</em></strong></span> 
     </span>
    </p>
   </div>
   <div class='ocr_carea' id='block_1_42' title="bbox 600 2655 2161 2728">
    <p class='ocr_par' dir='ltr' id='par_1_42' title="bbox 600 2655 2161 2728">
     <span class='ocr_line' id='line_1_42' title="bbox 600 2655 2161 2728; baseline 0 -16"><span class='ocrx_word' id='word_1_298' title='bbox 600 2673 755 2712; x_wconf 84' lang='lat' dir='ltr'><strong><em>suum</em></strong></span> <span class='ocrx_word' id='word_1_299' title='bbox 795 2657 1020 2711; x_wconf 90' lang='lat' dir='ltr'><strong><em>Domino</em></strong></span> <span class='ocrx_word' id='word_1_300' title='bbox 1071 2657 1409 2726; x_wconf 87' lang='lat' dir='ltr'><strong><em>manifestare</em></strong></span> <span class='ocrx_word' id='word_1_301' title='bbox 1462 2669 1661 2713; x_wconf 87' lang='lat' dir='ltr'><strong><em>notens.</em></strong></span> <span class='ocrx_word' id='word_1_302' title='bbox 1724 2655 1951 2728; x_wconf 82' lang='lat' dir='ltr'><strong><em>Reliqua</em></strong></span> <span class='ocrx_word' id='word_1_303' title='bbox 1999 2657 2161 2726; x_wconf 87' lang='lat' dir='ltr'><strong><em>hujus</em></strong></span> 
     </span>
    </p>
   </div>
   <div class='ocr_carea' id='block_1_43' title="bbox 601 2747 2162 2805">
    <p class='ocr_par' dir='ltr' id='par_1_43' title="bbox 601 2747 2162 2805">
     <span class='ocr_line' id='line_1_43' title="bbox 601 2747 2162 2805; baseline 0.002 -3"><span class='ocrx_word' id='word_1_304' title='bbox 601 2748 866 2804; x_wconf 88' lang='lat' dir='ltr'><strong><em>orationis</em></strong></span> <span class='ocrx_word' id='word_1_305' title='bbox 924 2748 1110 2803; x_wconf 68' lang='lat' dir='ltr'><strong><em>Graeca</em></strong></span> <span class='ocrx_word' id='word_1_306' title='bbox 1169 2755 1223 2804; x_wconf 89' lang='lat' dir='ltr'><strong><em>et</em></strong></span> <span class='ocrx_word' id='word_1_307' title='bbox 1282 2747 1475 2802; x_wconf 87' lang='lat' dir='ltr'><strong><em>Latina</em></strong></span> <span class='ocrx_word' id='word_1_308' title='bbox 1534 2765 1656 2804; x_wconf 90' lang='lat' dir='ltr'><strong><em>cum</em></strong></span> <span class='ocrx_word' id='word_1_309' title='bbox 1720 2757 1908 2804; x_wconf 90' lang='lat' dir='ltr'><strong><em>nostro</em></strong></span> <span class='ocrx_word' id='word_1_310' title='bbox 1957 2747 2162 2805; x_wconf 68' lang='grc' dir='ltr'>ΜειΙιοα-</span> 
     </span>
    </p>
   </div>
   <div class='ocr_carea' id='block_1_44' title="bbox 604 2838 2162 2909">
    <p class='ocr_par' dir='ltr' id='par_1_44' title="bbox 604 2838 2162 2909">
     <span class='ocr_line' id='line_1_44' title="bbox 604 2838 2162 2909; baseline 0.002 -17"><span class='ocrx_word' id='word_1_311' title='bbox 604 2839 692 2893; x_wconf 87' lang='lat' dir='ltr'><strong><em>dio</em></strong></span> <span class='ocrx_word' id='word_1_312' title='bbox 741 2839 901 2895; x_wconf 83' lang='lat' dir='ltr'><strong><em>dabo.</em></strong></span> <span class='ocrx_word' id='word_1_313' title='bbox 958 2838 1092 2895; x_wconf 74' lang='lat' dir='ltr'><strong><em>Vide</em></strong></span> <span class='ocrx_word' id='word_1_314' title='bbox 1144 2847 1404 2909; x_wconf 80' lang='lat' dir='ltr'><strong><em>praeterea</em></strong></span> <span class='ocrx_word' id='word_1_315' title='bbox 1458 2839 1748 2908; x_wconf 80' lang='lat' dir='ltr'><strong><em>Georgium</em></strong></span> <span class='ocrx_word' id='word_1_316' title='bbox 1800 2838 2034 2896; x_wconf 89' lang='lat' dir='ltr'><strong><em>Pisidem</em></strong></span> <span class='ocrx_word' id='word_1_317' title='bbox 2085 2840 2162 2895; x_wconf 85' lang='lat' dir='ltr'><strong><em>De</em></strong></span> 
     </span>
    </p>
   </div>
   <div class='ocr_carea' id='block_1_45' title="bbox 603 2931 2161 3004">
    <p class='ocr_par' dir='ltr' id='par_1_45' title="bbox 603 2931 2161 3004">
     <span class='ocr_line' id='line_1_45' title="bbox 603 2931 2161 3004; baseline 0.001 -18"><span class='ocrx_word' id='word_1_318' title='bbox 603 2931 787 2986; x_wconf 86' lang='lat' dir='ltr'><strong><em>mundi</em></strong></span> <span class='ocrx_word' id='word_1_319' title='bbox 834 2933 1064 3002; x_wconf 86' lang='lat' dir='ltr'><strong><em>opificio,</em></strong></span> <span class='ocrx_word' id='word_1_320' title='bbox 1110 2939 1164 2986; x_wconf 85' lang='lat' dir='ltr'><strong><em>et</em></strong></span> <span class='ocrx_word' id='word_1_321' title='bbox 1207 2931 1469 2986; x_wconf 88' lang='lat' dir='ltr'><strong><em>Joannem</em></strong></span> <span class='ocrx_word' id='word_1_322' title='bbox 1513 2931 1962 3003; x_wconf 86' lang='lat' dir='ltr'><strong><em>Cbrysostomum</em></strong></span> <span class='ocrx_word' id='word_1_323' title='bbox 1997 2948 2161 3004; x_wconf 89' lang='lat' dir='ltr'><strong><em>super</em></strong></span> 
     </span>
    </p>
   </div>
   <div class='ocr_carea' id='block_1_46' title="bbox 601 3015 2158 3091">
    <p class='ocr_par' dir='ltr' id='par_1_46' title="bbox 601 3015 2158 3091">
     <span class='ocr_line' id='line_1_46' title="bbox 601 3015 2158 3091; baseline -0.002 -15"><span class='ocrx_word' id='word_1_324' title='bbox 601 3021 738 3076; x_wconf 86' lang='lat' dir='ltr'><strong><em>illud</em></strong></span> <span class='ocrx_word' id='word_1_325' title='bbox 781 3019 1021 3076; x_wconf 84' lang='lat' dir='ltr'><strong><em>Hicrem.</em></strong></span> <span class='ocrx_word' id='word_1_326' title='bbox 1055 3036 1177 3091; x_wconf 82' lang='lat' dir='ltr'><strong><em>cap.</em></strong></span> <span class='ocrx_word' id='word_1_327' title='bbox 1228 3037 1282 3085; x_wconf 79' lang='grc' dir='ltr'><strong><em>ν,</em></strong></span> <span class='ocrx_word' id='word_1_328' title='bbox 1314 3037 1455 3077; x_wconf 89' lang='lat' dir='ltr'><strong><em>vers.</em></strong></span> <span class='ocrx_word' id='word_1_329' title='bbox 1496 3019 1585 3085; x_wconf 72' lang='grc'><strong><em>22,</em></strong></span> <span class='ocrx_word' id='word_1_330' title='bbox 1615 3020 1719 3088; x_wconf 82' lang='lat' dir='ltr'><strong><em>Qui</em></strong></span> <span class='ocrx_word' id='word_1_331' title='bbox 1753 3015 2158 3090; x_wconf 81' lang='lat' dir='ltr'><strong><em>posuiarenam</em></strong></span> 
     </span>
    </p>
   </div>
   <div class='ocr_carea' id='block_1_47' title="bbox 603 3109 2157 3182">
    <p class='ocr_par' dir='ltr' id='par_1_47' title="bbox 603 3109 2157 3182">
     <span class='ocr_line' id='line_1_47' title="bbox 603 3109 2157 3182; baseline -0.001 -16"><span class='ocrx_word' id='word_1_332' title='bbox 603 3113 885 3166; x_wconf 84' lang='lat' dir='ltr'><strong><em>terminum</em></strong></span> <span class='ocrx_word' id='word_1_333' title='bbox 910 3112 1067 3176; x_wconf 86' lang='lat' dir='ltr'><strong><em>mari,</em></strong></span> <span class='ocrx_word' id='word_1_334' title='bbox 1091 3112 1147 3165; x_wconf 93' lang='lat' dir='ltr'><strong><em>in</em></strong></span> <span class='ocrx_word' id='word_1_335' title='bbox 1178 3120 1370 3167; x_wconf 89' lang='lat' dir='ltr'><strong><em>catena</em></strong></span> <span class='ocrx_word' id='word_1_336' title='bbox 1398 3127 1517 3182; x_wconf 71' lang='lat' dir='ltr'><strong><em>qua:</em></strong></span> <span class='ocrx_word' id='word_1_337' title='bbox 1542 3125 1573 3165; x_wconf 87' lang='lat' dir='ltr'><strong><em>a</em></strong></span> <span class='ocrx_word' id='word_1_338' title='bbox 1605 3111 1767 3166; x_wconf 88' lang='lat' dir='ltr'><strong><em>nobis</em></strong></span> <span class='ocrx_word' id='word_1_339' title='bbox 1789 3109 1980 3165; x_wconf 87' lang='lat' dir='ltr'><strong><em>Latina</em></strong></span> <span class='ocrx_word' id='word_1_340' title='bbox 2014 3109 2157 3166; x_wconf 85' lang='lat' dir='ltr'><strong><em>facta</em></strong></span> 
     </span>
    </p>
   </div>
   <div class='ocr_carea' id='block_1_48' title="bbox 594 3203 1239 3276">
    <p class='ocr_par' dir='ltr' id='par_1_48' title="bbox 594 3203 1239 3276">
     <span class='ocr_line' id='line_1_48' title="bbox 594 3203 1239 3276; baseline -0.003 -16"><span class='ocrx_word' id='word_1_341' title='bbox 594 3203 710 3274; x_wconf 89' lang='lat' dir='ltr'><strong><em>jam</em></strong></span> <span class='ocrx_word' id='word_1_342' title='bbox 739 3213 821 3261; x_wconf 93' lang='lat' dir='ltr'><strong><em>est</em></strong></span> <span class='ocrx_word' id='word_1_343' title='bbox 844 3205 1044 3276; x_wconf 91' lang='lat' dir='ltr'><strong><em>publici</em></strong></span> <span class='ocrx_word' id='word_1_344' title='bbox 1077 3204 1239 3275; x_wconf 87' lang='lat' dir='ltr'><strong><em>juris.</em></strong></span> 
     </span>
    </p>
   </div>
   <div class='ocr_carea' id='block_1_49' title="bbox 667 3293 2152 3359">
    <p class='ocr_par' dir='ltr' id='par_1_49' title="bbox 667 3293 2152 3359">
     <span class='ocr_line' id='line_1_49' title="bbox 667 3293 2152 3359; baseline -0.003 -8"><span class='ocrx_word' id='word_1_345' title='bbox 667 3296 785 3351; x_wconf 89' lang='lat' dir='ltr'><strong><em>Col.</em></strong></span> <span class='ocrx_word' id='word_1_346' title='bbox 806 3297 926 3359; x_wconf 74' lang='grc'><strong><em>712,</em></strong></span> <span class='ocrx_word' id='word_1_347' title='bbox 947 3297 1042 3352; x_wconf 92' lang='lat' dir='ltr'><strong><em>lin.</em></strong></span> <span class='ocrx_word' id='word_1_348' title='bbox 1065 3297 1154 3351; x_wconf 73' lang='lat'><strong><em>45.</em></strong></span> <span class='ocrx_word' id='word_1_349' title='bbox 1187 3294 1338 3349; x_wconf 79' lang='grc' dir='ltr'>Ἐπεὶ</span> <span class='ocrx_word' id='word_1_350' title='bbox 1354 3295 1411 3348; x_wconf 78' lang='grc' dir='ltr'>τί</span> <span class='ocrx_word' id='word_1_351' title='bbox 1438 3294 1724 3349; x_wconf 84' lang='grc' dir='ltr'>ἐκώλυσε.</span> <span class='ocrx_word' id='word_1_352' title='bbox 1751 3293 1984 3351; x_wconf 89' lang='lat' dir='ltr'><strong><em>Basilius</em></strong></span> <span class='ocrx_word' id='word_1_353' title='bbox 2008 3294 2152 3349; x_wconf 91' lang='lat' dir='ltr'><strong><em>hom.</em></strong></span> 
     </span>
    </p>
   </div>
   <div class='ocr_carea' id='block_1_50' title="bbox 596 3385 2156 3458">
    <p class='ocr_par' dir='ltr' id='par_1_50' title="bbox 596 3385 2156 3458">
     <span class='ocr_line' id='line_1_50' title="bbox 596 3385 2156 3458; baseline -0.003 -14"><span class='ocrx_word' id='word_1_354' title='bbox 596 3390 632 3444; x_wconf 66' lang='grc' dir='ltr'><strong><em>ι</em></strong></span> <span class='ocrx_word' id='word_1_355' title='bbox 665 3389 846 3443; x_wconf 75' lang='grc' dir='ltr'>εἘπεὶ</span> <span class='ocrx_word' id='word_1_356' title='bbox 879 3387 931 3440; x_wconf 86' lang='grc' dir='ltr'><strong><em>τί</em></strong></span> <span class='ocrx_word' id='word_1_357' title='bbox 979 3385 1180 3440; x_wconf 77' lang='grc' dir='ltr'>ἐκώλυε</span> <span class='ocrx_word' id='word_1_358' title='bbox 1221 3387 1318 3458; x_wconf 86' lang='grc' dir='ltr'><strong><em>τὴν</em></strong></span> <span class='ocrx_word' id='word_1_359' title='bbox 1377 3386 1642 3458; x_wconf 84' lang='grc' dir='ltr'>Ἐρυθρὰν</span> <span class='ocrx_word' id='word_1_360' title='bbox 1679 3386 1946 3440; x_wconf 85' lang='grc' dir='ltr'>θάλασσαν</span> <span class='ocrx_word' id='word_1_361' title='bbox 1979 3389 2156 3440; x_wconf 84' lang='grc' dir='ltr'>πᾶσαν</span> 
     </span>
    </p>
   </div>
   <div class='ocr_carea' id='block_1_51' title="bbox 597 3474 2158 3551">
    <p class='ocr_par' dir='ltr' id='par_1_51' title="bbox 597 3474 2158 3551">
     <span class='ocr_line' id='line_1_51' title="bbox 597 3474 2158 3551; baseline -0.001 -17"><span class='ocrx_word' id='word_1_362' title='bbox 597 3480 695 3551; x_wconf 87' lang='grc' dir='ltr'><strong><em>τὴν</em></strong></span> <span class='ocrx_word' id='word_1_363' title='bbox 723 3478 993 3546; x_wconf 75' lang='grc' dir='ltr'>Αἴγυπτον</span> <span class='ocrx_word' id='word_1_364' title='bbox 1022 3477 1333 3548; x_wconf 81' lang='grc' dir='ltr'><strong><em>κοιλοτέραν</em></strong></span> <span class='ocrx_word' id='word_1_365' title='bbox 1363 3474 1523 3531; x_wconf 82' lang='grc' dir='ltr'>οὖσαν</span> <span class='ocrx_word' id='word_1_366' title='bbox 1557 3478 1752 3548; x_wconf 81' lang='grc' dir='ltr'>ἑαυτῆς</span> <span class='ocrx_word' id='word_1_367' title='bbox 1784 3478 2045 3544; x_wconf 74' lang='grc' dir='ltr'>ἐπελθεῖν,</span> <span class='ocrx_word' id='word_1_368' title='bbox 2064 3479 2158 3532; x_wconf 70' lang='grc' dir='ltr'>καὶ</span> 
     </span>
    </p>
   </div>
   <div class='ocr_carea' id='block_1_52' title="bbox 597 3568 2156 3641">
    <p class='ocr_par' dir='ltr' id='par_1_52' title="bbox 597 3568 2156 3641">
     <span class='ocr_line' id='line_1_52' title="bbox 597 3568 2156 3641; baseline -0.001 -16"><span class='ocrx_word' id='word_1_369' title='bbox 597 3569 926 3641; x_wconf 82' lang='grc' dir='ltr'>συναφθῆναι</span> <span class='ocrx_word' id='word_1_370' title='bbox 944 3568 1021 3640; x_wconf 81' lang='grc' dir='ltr'>τῷ</span> <span class='ocrx_word' id='word_1_371' title='bbox 1045 3568 1430 3640; x_wconf 80' lang='grc' dir='ltr'><strong><em>παρακειμένῳ</em></strong></span> <span class='ocrx_word' id='word_1_372' title='bbox 1456 3571 1522 3640; x_wconf 80' lang='grc' dir='ltr'>τῇ</span> <span class='ocrx_word' id='word_1_373' title='bbox 1550 3569 1808 3640; x_wconf 82' lang='grc' dir='ltr'>Αἰγύπτῳ</span> <span class='ocrx_word' id='word_1_374' title='bbox 1837 3571 2081 3640; x_wconf 80' lang='grc' dir='ltr'><strong><em>πελάγει,</em></strong></span> <span class='ocrx_word' id='word_1_375' title='bbox 2106 3571 2156 3623; x_wconf 75' lang='grc' dir='ltr'><strong><em>εἰ</em></strong></span> 
     </span>
    </p>
   </div>
   <div class='ocr_carea' id='block_1_53' title="bbox 597 3656 2151 3735">
    <p class='ocr_par' dir='ltr' id='par_1_53' title="bbox 597 3656 2151 3735">
     <span class='ocr_line' id='line_1_53' title="bbox 597 3656 2151 3735; baseline -0.001 -20"><span class='ocrx_word' id='word_1_376' title='bbox 597 3662 673 3735; x_wconf 85' lang='grc' dir='ltr'>μὴ</span> <span class='ocrx_word' id='word_1_377' title='bbox 704 3660 1197 3733; x_wconf 83' lang='grc' dir='ltr'>τῷ.προστάγματι</span> <span class='ocrx_word' id='word_1_378' title='bbox 1237 3656 1304 3732; x_wconf 76' lang='grc' dir='ltr'>ἦν</span> <span class='ocrx_word' id='word_1_379' title='bbox 1343 3660 1689 3731; x_wconf 84' lang='grc' dir='ltr'><strong><em>πεπεδημένη</em></strong></span> <span class='ocrx_word' id='word_1_380' title='bbox 1717 3661 1807 3714; x_wconf 75' lang='grc' dir='ltr'>τοῦ</span> <span class='ocrx_word' id='word_1_381' title='bbox 1843 3663 2151 3728; x_wconf 82' lang='grc' dir='ltr'>κτίσαντος;</span> 
     </span>
    </p>
   </div>
   <div class='ocr_carea' id='block_1_54' title="bbox 595 3753 2156 3824">
    <p class='ocr_par' dir='ltr' id='par_1_54' title="bbox 595 3753 2156 3824">
     <span class='ocr_line' id='line_1_54' title="bbox 595 3753 2156 3824; baseline -0.001 -14"><span class='ocrx_word' id='word_1_382' title='bbox 595 3755 662 3810; x_wconf 91' lang='lat' dir='ltr'><strong><em>Et</em></strong></span> <span class='ocrx_word' id='word_1_383' title='bbox 688 3773 744 3810; x_wconf 79' lang='lat' dir='ltr'><strong><em>in</em></strong></span> <span class='ocrx_word' id='word_1_384' title='bbox 773 3755 878 3810; x_wconf 88' lang='lat' dir='ltr'><strong><em>hoc</em></strong></span> <span class='ocrx_word' id='word_1_385' title='bbox 907 3755 1068 3810; x_wconf 91' lang='lat' dir='ltr'><strong><em>etiam</em></strong></span> <span class='ocrx_word' id='word_1_386' title='bbox 1104 3762 1232 3809; x_wconf 88' lang='lat' dir='ltr'><strong><em>sunt</em></strong></span> <span class='ocrx_word' id='word_1_387' title='bbox 1259 3754 1537 3807; x_wconf 78' lang='lat' dir='ltr'><strong><em>variantes</em></strong></span> <span class='ocrx_word' id='word_1_388' title='bbox 1565 3753 2011 3824; x_wconf 85' lang='lat' dir='ltr'><strong><em>philosophorum</em></strong></span> <span class='ocrx_word' id='word_1_389' title='bbox 2037 3769 2156 3809; x_wconf 89' lang='lat' dir='ltr'><strong><em>sen-</em></strong></span> 
     </span>
    </p>
   </div>
   <div class='ocr_carea' id='block_1_55' title="bbox 592 3842 2152 3913">
    <p class='ocr_par' dir='ltr' id='par_1_55' title="bbox 592 3842 2152 3913">
     <span class='ocr_line' id='line_1_55' title="bbox 592 3842 2152 3913; baseline -0.001 -13"><span class='ocrx_word' id='word_1_390' title='bbox 592 3847 796 3901; x_wconf 71' lang='lat' dir='ltr'><strong><em>tentiae.</em></strong></span> <span class='ocrx_word' id='word_1_391' title='bbox 852 3843 1082 3910; x_wconf 86' lang='lat' dir='ltr'><strong><em>Quidam</em></strong></span> <span class='ocrx_word' id='word_1_392' title='bbox 1126 3842 1272 3898; x_wconf 89' lang='lat' dir='ltr'><strong><em>enim</em></strong></span> <span class='ocrx_word' id='word_1_393' title='bbox 1321 3849 1524 3897; x_wconf 89' lang='lat' dir='ltr'><strong><em>terram</em></strong></span> <span class='ocrx_word' id='word_1_394' title='bbox 1575 3843 1712 3897; x_wconf 88' lang='lat' dir='ltr'><strong><em>mari</em></strong></span> <span class='ocrx_word' id='word_1_395' title='bbox 1758 3842 2152 3913; x_wconf 88' lang='lat' dir='ltr'><strong><em>depressiorem</em></strong></span> 
     </span>
    </p>
   </div>
   <div class='ocr_carea' id='block_1_56' title="bbox 593 3932 2139 4002">
    <p class='ocr_par' dir='ltr' id='par_1_56' title="bbox 593 3932 2139 4002">
     <span class='ocr_line' id='line_1_56' title="bbox 593 3932 2139 4002; baseline 0 -10"><span class='ocrx_word' id='word_1_396' title='bbox 593 3937 881 4002; x_wconf 67' lang='lat' dir='ltr'><strong><em>afﬁrmant,</em></strong></span> <span class='ocrx_word' id='word_1_397' title='bbox 926 3935 1254 3990; x_wconf 85' lang='lat' dir='ltr'><strong><em>Catharinus</em></strong></span> <span class='ocrx_word' id='word_1_398' title='bbox 1305 3932 1372 3986; x_wconf 89' lang='lat' dir='ltr'><strong><em>ad</em></strong></span> <span class='ocrx_word' id='word_1_399' title='bbox 1425 3947 1546 4002; x_wconf 92' lang='lat' dir='ltr'><strong><em>cap.</em></strong></span> <span class='ocrx_word' id='word_1_400' title='bbox 1601 3948 1620 3987; x_wconf 92' lang='grc' dir='ltr'><strong><em>ι</em></strong></span> <span class='ocrx_word' id='word_1_401' title='bbox 1682 3933 1901 3998; x_wconf 88' lang='lat' dir='ltr'><strong><em>Genes.,</em></strong></span> <span class='ocrx_word' id='word_1_402' title='bbox 1935 3936 2139 4001; x_wconf 88' lang='lat' dir='ltr'><strong><em>Canus,</em></strong></span> 
     </span>
    </p>
   </div>
   <div class='ocr_carea' id='block_1_57' title="bbox 591 4025 2152 4099">
    <p class='ocr_par' dir='ltr' id='par_1_57' title="bbox 591 4025 2152 4099">
     <span class='ocr_line' id='line_1_57' title="bbox 591 4025 2152 4099; baseline -0.001 -16"><span class='ocrx_word' id='word_1_403' title='bbox 591 4028 908 4099; x_wconf 86' lang='lat' dir='ltr'><strong><em>Burgensis,</em></strong></span> <span class='ocrx_word' id='word_1_404' title='bbox 939 4034 1128 4081; x_wconf 88' lang='lat' dir='ltr'><strong><em>noster</em></strong></span> <span class='ocrx_word' id='word_1_405' title='bbox 1166 4026 1256 4080; x_wconf 91' lang='lat' dir='ltr'><strong><em>hic</em></strong></span> <span class='ocrx_word' id='word_1_406' title='bbox 1286 4033 1496 4089; x_wconf 87' lang='lat' dir='ltr'><strong><em>auctor,</em></strong></span> <span class='ocrx_word' id='word_1_407' title='bbox 1533 4025 1766 4081; x_wconf 88' lang='lat' dir='ltr'><strong><em>Basilius</em></strong></span> <span class='ocrx_word' id='word_1_408' title='bbox 1793 4034 1847 4080; x_wconf 86' lang='lat' dir='ltr'><strong><em>et</em></strong></span> <span class='ocrx_word' id='word_1_409' title='bbox 1867 4027 1958 4080; x_wconf 92' lang='lat' dir='ltr'><strong><em>alii</em></strong></span> <span class='ocrx_word' id='word_1_410' title='bbox 1986 4047 1997 4081; x_wconf 89' lang='lat'><strong>:</strong></span> <span class='ocrx_word' id='word_1_411' title='bbox 2032 4042 2152 4081; x_wconf 88' lang='lat' dir='ltr'><strong><em>eam</em></strong></span> 
     </span>
    </p>
   </div>
   <div class='ocr_carea' id='block_1_58' title="bbox 594 4116 2147 4192">
    <p class='ocr_par' dir='ltr' id='par_1_58' title="bbox 594 4116 2147 4192">
     <span class='ocr_line' id='line_1_58' title="bbox 594 4116 2147 4192; baseline 0.001 -19"><span class='ocrx_word' id='word_1_412' title='bbox 594 4119 1013 4192; x_wconf 88' lang='lat' dir='ltr'><strong><em>probabiliorem</em></strong></span> <span class='ocrx_word' id='word_1_413' title='bbox 1049 4127 1236 4173; x_wconf 87' lang='lat' dir='ltr'><strong><em>censet</em></strong></span> <span class='ocrx_word' id='word_1_414' title='bbox 1278 4116 1335 4172; x_wconf 91' lang='lat' dir='ltr'><strong><em>S.</em></strong></span> <span class='ocrx_word' id='word_1_415' title='bbox 1372 4116 1630 4182; x_wconf 88' lang='lat' dir='ltr'><strong><em>Thomas,</em></strong></span> <span class='ocrx_word' id='word_1_416' title='bbox 1688 4132 1706 4171; x_wconf 86' lang='lat'><strong>1</strong></span> <span class='ocrx_word' id='word_1_417' title='bbox 1749 4125 1916 4188; x_wconf 87' lang='lat' dir='ltr'><strong><em>part.,</em></strong></span> <span class='ocrx_word' id='word_1_418' title='bbox 1963 4134 2016 4188; x_wconf 88' lang='lat' dir='ltr'><strong><em>q.</em></strong></span> <span class='ocrx_word' id='word_1_419' title='bbox 2059 4117 2147 4184; x_wconf 87' lang='grc'><strong><em>69,</em></strong></span> 
     </span>
    </p>
   </div>
   <div class='ocr_carea' id='block_1_59' title="bbox 594 4207 2152 4272">
    <p class='ocr_par' dir='ltr' id='par_1_59' title="bbox 594 4207 2152 4272">
     <span class='ocr_line' id='line_1_59' title="bbox 594 4207 2152 4272; baseline 0 -9"><span class='ocrx_word' id='word_1_420' title='bbox 594 4221 698 4263; x_wconf 86' lang='lat' dir='ltr'><strong><em>art.</em></strong></span> <span class='ocrx_word' id='word_1_421' title='bbox 729 4209 754 4261; x_wconf 77' lang='grc'><strong>1</strong></span> <span class='ocrx_word' id='word_1_422' title='bbox 791 4228 803 4262; x_wconf 93' lang='lat'>:</span> <span class='ocrx_word' id='word_1_423' title='bbox 836 4207 977 4262; x_wconf 89' lang='lat' dir='ltr'><strong><em>idem</em></strong></span> <span class='ocrx_word' id='word_1_424' title='bbox 1007 4220 1061 4263; x_wconf 88' lang='lat' dir='ltr'><strong><em>et</em></strong></span> <span class='ocrx_word' id='word_1_425' title='bbox 1087 4208 1283 4262; x_wconf 84' lang='lat' dir='ltr'><strong><em>Cicero</em></strong></span> <span class='ocrx_word' id='word_1_426' title='bbox 1317 4208 1601 4263; x_wconf 91' lang='lat' dir='ltr'><strong><em>censuisse</em></strong></span> <span class='ocrx_word' id='word_1_427' title='bbox 1625 4208 1861 4272; x_wconf 85' lang='lat' dir='ltr'><strong><em>videtur,</em></strong></span> <span class='ocrx_word' id='word_1_428' title='bbox 1893 4225 1910 4262; x_wconf 85' lang='grc' dir='ltr'><strong><em>ι</em></strong></span> <span class='ocrx_word' id='word_1_429' title='bbox 1942 4209 2013 4263; x_wconf 87' lang='lat' dir='ltr'><strong><em>De</em></strong></span> <span class='ocrx_word' id='word_1_430' title='bbox 2041 4226 2152 4263; x_wconf 90' lang='lat' dir='ltr'><strong><em>na—</em></strong></span> 
     </span>
    </p>
   </div>
   <div class='ocr_carea' id='block_1_60' title="bbox 594 4299 2147 4370">
    <p class='ocr_par' dir='ltr' id='par_1_60' title="bbox 594 4299 2147 4370">
     <span class='ocr_line' id='line_1_60' title="bbox 594 4299 2147 4370; baseline 0 -16"><span class='ocrx_word' id='word_1_431' title='bbox 594 4309 716 4354; x_wconf 90' lang='lat' dir='ltr'><strong><em>tura</em></strong></span> <span class='ocrx_word' id='word_1_432' title='bbox 741 4300 956 4354; x_wconf 89' lang='lat' dir='ltr'><strong><em>deorum</em></strong></span> <span class='ocrx_word' id='word_1_433' title='bbox 982 4317 1017 4354; x_wconf 90' lang='grc' dir='ltr'><strong><em>ιι</em></strong></span> <span class='ocrx_word' id='word_1_434' title='bbox 1041 4319 1055 4356; x_wconf 86' lang='lat'><strong>:</strong></span> <span class='ocrx_word' id='word_1_435' title='bbox 1087 4299 1258 4365; x_wconf 85' lang='lat' dir='ltr'><strong><em>Mare,</em></strong></span> <span class='ocrx_word' id='word_1_436' title='bbox 1284 4300 1477 4370; x_wconf 79' lang='lat' dir='ltr'><strong><em>inquit,</em></strong></span> <span class='ocrx_word' id='word_1_437' title='bbox 1509 4317 1627 4353; x_wconf 90' lang='lat' dir='ltr'><strong><em>cum</em></strong></span> <span class='ocrx_word' id='word_1_438' title='bbox 1654 4316 1813 4369; x_wconf 87' lang='lat' dir='ltr'><strong><em>supra</em></strong></span> <span class='ocrx_word' id='word_1_439' title='bbox 1839 4311 2031 4355; x_wconf 89' lang='lat' dir='ltr'><strong><em>terram</em></strong></span> <span class='ocrx_word' id='word_1_440' title='bbox 2058 4303 2147 4368; x_wconf 88' lang='lat' dir='ltr'><strong><em>sit,</em></strong></span> 
     </span>
    </p>
   </div>
   <div class='ocr_carea' id='block_1_61' title="bbox 591 4394 2151 4464">
    <p class='ocr_par' dir='ltr' id='par_1_61' title="bbox 591 4394 2151 4464">
     <span class='ocr_line' id='line_1_61' title="bbox 591 4394 2151 4464; baseline -0.001 -16"><span class='ocrx_word' id='word_1_441' title='bbox 591 4394 822 4448; x_wconf 87' lang='lat' dir='ltr'><strong><em>medium</em></strong></span> <span class='ocrx_word' id='word_1_442' title='bbox 872 4402 1046 4446; x_wconf 86' lang='lat' dir='ltr'><strong><em>tamen</em></strong></span> <span class='ocrx_word' id='word_1_443' title='bbox 1094 4401 1244 4446; x_wconf 73' lang='lat' dir='ltr'><strong><em>terra:</em></strong></span> <span class='ocrx_word' id='word_1_444' title='bbox 1296 4395 1466 4445; x_wconf 89' lang='lat' dir='ltr'><strong><em>locum</em></strong></span> <span class='ocrx_word' id='word_1_445' title='bbox 1521 4401 1760 4462; x_wconf 72' lang='lat' dir='ltr'><strong><em>expetens</em></strong></span> <span class='ocrx_word' id='word_1_446' title='bbox 1809 4407 2151 4464; x_wconf 86' lang='lat' dir='ltr'><strong><em>congregatur</em></strong></span> 
     </span>
    </p>
   </div>
   <div class='ocr_carea' id='block_1_62' title="bbox 2265 1920 3823 1992">
    <p class='ocr_par' dir='ltr' id='par_1_62' title="bbox 2265 1920 3823 1992">
     <span class='ocr_line' id='line_1_62' title="bbox 2265 1920 3823 1992; baseline -0.003 -14"><span class='ocrx_word' id='word_1_447' title='bbox 2265 1922 2644 1992; x_wconf 64' lang='lat' dir='ltr'><strong><em>iEgyptiorum</em></strong></span> <span class='ocrx_word' id='word_1_448' title='bbox 2699 1929 2753 1976; x_wconf 88' lang='lat' dir='ltr'><strong><em>et</em></strong></span> <span class='ocrx_word' id='word_1_449' title='bbox 2777 1937 2927 1977; x_wconf 87' lang='lat' dir='ltr'><strong><em>mare</em></strong></span> <span class='ocrx_word' id='word_1_450' title='bbox 2952 1920 3140 1976; x_wconf 79' lang='lat' dir='ltr'><strong><em>Ru‘bro</em></strong></span> <span class='ocrx_word' id='word_1_451' title='bbox 3169 1928 3427 1991; x_wconf 85' lang='lat' dir='ltr'><strong><em>tanquam</em></strong></span> <span class='ocrx_word' id='word_1_452' title='bbox 3452 1920 3823 1975; x_wconf 78' lang='lat' dir='ltr'><strong><em>certissimum</em></strong></span> 
     </span>
    </p>
   </div>
   <div class='ocr_carea' id='block_1_63' title="bbox 2265 2013 3824 2086">
    <p class='ocr_par' dir='ltr' id='par_1_63' title="bbox 2265 2013 3824 2086">
     <span class='ocr_line' id='line_1_63' title="bbox 2265 2013 3824 2086; baseline -0.002 -17"><span class='ocrx_word' id='word_1_453' title='bbox 2265 2023 2417 2069; x_wconf 90' lang='lat' dir='ltr'><strong><em>notat</em></strong></span> <span class='ocrx_word' id='word_1_454' title='bbox 2457 2016 2581 2070; x_wconf 91' lang='lat' dir='ltr'><strong><em>libr.</em></strong></span> <span class='ocrx_word' id='word_1_455' title='bbox 2614 2017 2788 2086; x_wconf 88' lang='lat' dir='ltr'><strong><em>primo</em></strong></span> <span class='ocrx_word' id='word_1_456' title='bbox 2818 2013 3060 2081; x_wconf 65' lang='lat' dir='ltr'><strong><em>Meteon,</em></strong></span> <span class='ocrx_word' id='word_1_457' title='bbox 3095 2030 3216 2086; x_wconf 89' lang='lat' dir='ltr'><strong><em>cap.</em></strong></span> <span class='ocrx_word' id='word_1_458' title='bbox 3249 2015 3470 2081; x_wconf 83' lang='lat' dir='ltr'><strong><em>ultimo;</em></strong></span> <span class='ocrx_word' id='word_1_459' title='bbox 3505 2022 3560 2068; x_wconf 90' lang='lat' dir='ltr'><strong><em>et</em></strong></span> <span class='ocrx_word' id='word_1_460' title='bbox 3598 2013 3671 2067; x_wconf 90' lang='lat' dir='ltr'><strong><em>ita</em></strong></span> <span class='ocrx_word' id='word_1_461' title='bbox 3707 2013 3824 2068; x_wconf 80' lang='lat' dir='ltr'><strong><em>exi-</em></strong></span> 
     </span>
    </p>
   </div>
   <div class='ocr_carea' id='block_1_64' title="bbox 2265 2105 3819 2178">
    <p class='ocr_par' dir='ltr' id='par_1_64' title="bbox 2265 2105 3819 2178">
     <span class='ocr_line' id='line_1_64' title="bbox 2265 2105 3819 2178; baseline -0.001 -18"><span class='ocrx_word' id='word_1_462' title='bbox 2265 2108 2427 2160; x_wconf 82' lang='lat' dir='ltr'><strong><em>stimo</em></strong></span> <span class='ocrx_word' id='word_1_463' title='bbox 2472 2115 2725 2162; x_wconf 88' lang='lat' dir='ltr'><strong><em>auctores</em></strong></span> <span class='ocrx_word' id='word_1_464' title='bbox 2763 2122 2903 2178; x_wconf 90' lang='lat' dir='ltr'><strong><em>quos</em></strong></span> <span class='ocrx_word' id='word_1_465' title='bbox 2949 2122 3116 2177; x_wconf 90' lang='lat' dir='ltr'><strong><em>supra</em></strong></span> <span class='ocrx_word' id='word_1_466' title='bbox 3155 2106 3429 2161; x_wconf 89' lang='lat' dir='ltr'><strong><em>nominavi</em></strong></span> <span class='ocrx_word' id='word_1_467' title='bbox 3458 2120 3581 2161; x_wconf 88' lang='lat' dir='ltr'><strong><em>esse</em></strong></span> <span class='ocrx_word' id='word_1_468' title='bbox 3615 2105 3819 2160; x_wconf 85' lang='lat' dir='ltr'><strong><em>intelli-</em></strong></span> 
     </span>
    </p>
   </div>
   <div class='ocr_carea' id='block_1_65' title="bbox 2265 2196 3816 2268">
    <p class='ocr_par' dir='ltr' id='par_1_65' title="bbox 2265 2196 3816 2268">
     <span class='ocr_line' id='line_1_65' title="bbox 2265 2196 3816 2268; baseline -0.003 -15"><span class='ocrx_word' id='word_1_469' title='bbox 2265 2197 2489 2268; x_wconf 85' lang='lat' dir='ltr'><strong><em>gendos,</em></strong></span> <span class='ocrx_word' id='word_1_470' title='bbox 2521 2201 2809 2266; x_wconf 86' lang='lat' dir='ltr'><strong><em>omniaque</em></strong></span> <span class='ocrx_word' id='word_1_471' title='bbox 2841 2199 3002 2253; x_wconf 91' lang='lat' dir='ltr'><strong><em>dubia</em></strong></span> <span class='ocrx_word' id='word_1_472' title='bbox 3032 2209 3087 2253; x_wconf 90' lang='lat' dir='ltr'><strong><em>et</em></strong></span> <span class='ocrx_word' id='word_1_473' title='bbox 3131 2206 3469 2268; x_wconf 79' lang='lat' dir='ltr'><strong><em>argumenta,</em></strong></span> <span class='ocrx_word' id='word_1_474' title='bbox 3519 2196 3576 2250; x_wconf 89' lang='lat' dir='ltr'><strong><em>in</em></strong></span> <span class='ocrx_word' id='word_1_475' title='bbox 3613 2202 3816 2250; x_wconf 87' lang='lat' dir='ltr'><strong><em>utram-</em></strong></span> 
     </span>
    </p>
   </div>
   <div class='ocr_carea' id='block_1_66' title="bbox 2264 2284 3809 2359">
    <p class='ocr_par' dir='ltr' id='par_1_66' title="bbox 2264 2284 3809 2359">
     <span class='ocr_line' id='line_1_66' title="bbox 2264 2284 3809 2359; baseline -0.003 -16"><span class='ocrx_word' id='word_1_476' title='bbox 2264 2304 2370 2359; x_wconf 92' lang='lat' dir='ltr'><strong><em>que</em></strong></span> <span class='ocrx_word' id='word_1_477' title='bbox 2405 2297 2611 2358; x_wconf 89' lang='lat' dir='ltr'><strong><em>partem</em></strong></span> <span class='ocrx_word' id='word_1_478' title='bbox 2654 2289 2889 2344; x_wconf 89' lang='lat' dir='ltr'><strong><em>adducta</em></strong></span> <span class='ocrx_word' id='word_1_479' title='bbox 2931 2290 3190 2344; x_wconf 86' lang='lat' dir='ltr'><strong><em>facillimo</em></strong></span> <span class='ocrx_word' id='word_1_480' title='bbox 3229 2288 3445 2358; x_wconf 88' lang='lat' dir='ltr'><strong><em>negotio</em></strong></span> <span class='ocrx_word' id='word_1_481' title='bbox 3477 2286 3614 2341; x_wconf 90' lang='lat' dir='ltr'><strong><em>solvi</em></strong></span> <span class='ocrx_word' id='word_1_482' title='bbox 3641 2305 3653 2340; x_wconf 89' lang='lat'><strong>:</strong></span> <span class='ocrx_word' id='word_1_483' title='bbox 3676 2284 3809 2340; x_wconf 89' lang='lat' dir='ltr'><strong><em>divi-</em></strong></span> 
     </span>
    </p>
   </div>
   <div class='ocr_carea' id='block_1_67' title="bbox 2263 2378 3810 2452">
    <p class='ocr_par' dir='ltr' id='par_1_67' title="bbox 2263 2378 3810 2452">
     <span class='ocr_line' id='line_1_67' title="bbox 2263 2378 3810 2452; baseline -0.003 -16"><span class='ocrx_word' id='word_1_484' title='bbox 2263 2395 2498 2452; x_wconf 80' lang='lat' dir='ltr'><strong><em>namque</em></strong></span> <span class='ocrx_word' id='word_1_485' title='bbox 2553 2382 2877 2452; x_wconf 89' lang='lat' dir='ltr'><strong><em>sapientiam</em></strong></span> <span class='ocrx_word' id='word_1_486' title='bbox 2921 2387 2975 2437; x_wconf 89' lang='lat' dir='ltr'><strong><em>et</em></strong></span> <span class='ocrx_word' id='word_1_487' title='bbox 3013 2382 3310 2436; x_wconf 91' lang='lat' dir='ltr'><strong><em>bonitatem</em></strong></span> <span class='ocrx_word' id='word_1_488' title='bbox 3339 2378 3634 2434; x_wconf 88' lang='lat' dir='ltr'><strong><em>dilucidius</em></strong></span> <span class='ocrx_word' id='word_1_489' title='bbox 3659 2379 3810 2432; x_wconf 91' lang='lat' dir='ltr'><strong><em>inno-</em></strong></span> 
     </span>
    </p>
   </div>
   <div class='ocr_carea' id='block_1_68' title="bbox 2262 2468 3816 2544">
    <p class='ocr_par' dir='ltr' id='par_1_68' title="bbox 2262 2468 3816 2544">
     <span class='ocr_line' id='line_1_68' title="bbox 2262 2468 3816 2544; baseline -0.002 -16"><span class='ocrx_word' id='word_1_490' title='bbox 2262 2479 2492 2540; x_wconf 85' lang='lat' dir='ltr'><strong><em>tescere,</em></strong></span> <span class='ocrx_word' id='word_1_491' title='bbox 2524 2487 2646 2544; x_wconf 62' lang='lat' dir='ltr'><strong><em>qua;</em></strong></span> <span class='ocrx_word' id='word_1_492' title='bbox 2669 2473 2850 2528; x_wconf 88' lang='lat' dir='ltr'><strong><em>omnia</em></strong></span> <span class='ocrx_word' id='word_1_493' title='bbox 2879 2473 2953 2528; x_wconf 88' lang='lat' dir='ltr'><strong><em>ita</em></strong></span> <span class='ocrx_word' id='word_1_494' title='bbox 2989 2474 3046 2529; x_wconf 89' lang='lat' dir='ltr'><strong><em>in</em></strong></span> <span class='ocrx_word' id='word_1_495' title='bbox 3076 2472 3314 2544; x_wconf 86' lang='lat' dir='ltr'><strong><em>pondere</em></strong></span> <span class='ocrx_word' id='word_1_496' title='bbox 3344 2479 3398 2528; x_wconf 88' lang='lat' dir='ltr'><strong><em>et</em></strong></span> <span class='ocrx_word' id='word_1_497' title='bbox 3429 2485 3685 2527; x_wconf 87' lang='lat' dir='ltr'><strong><em>mensura</em></strong></span> <span class='ocrx_word' id='word_1_498' title='bbox 3704 2468 3816 2525; x_wconf 82' lang='lat' dir='ltr'><strong><em>dis—</em></strong></span> 
     </span>
    </p>
   </div>
   <div class='ocr_carea' id='block_1_69' title="bbox 2260 2563 2464 2634">
    <p class='ocr_par' dir='ltr' id='par_1_69' title="bbox 2260 2563 2464 2634">
     <span class='ocr_line' id='line_1_69' title="bbox 2260 2563 2464 2634; baseline -0.01 -15"><span class='ocrx_word' id='word_1_499' title='bbox 2260 2563 2464 2634; x_wconf 87' lang='lat' dir='ltr'><strong><em>posuit.</em></strong></span> 
     </span>
    </p>
   </div>
   <div class='ocr_carea' id='block_1_70' title="bbox 2329 2654 3815 2726">
    <p class='ocr_par' dir='ltr' id='par_1_70' title="bbox 2329 2654 3815 2726">
     <span class='ocr_line' id='line_1_70' title="bbox 2329 2654 3815 2726; baseline 0 -16"><span class='ocrx_word' id='word_1_500' title='bbox 2329 2655 2490 2723; x_wconf 88' lang='lat' dir='ltr'><strong><em>lbid.,</em></strong></span> <span class='ocrx_word' id='word_1_501' title='bbox 2532 2657 2631 2711; x_wconf 88' lang='lat' dir='ltr'><strong><em>lin.</em></strong></span> <span class='ocrx_word' id='word_1_502' title='bbox 2676 2656 2766 2712; x_wconf 69' lang='grc'><strong><em>49.</em></strong></span> <span class='ocrx_word' id='word_1_503' title='bbox 2809 2657 2936 2710; x_wconf 85' lang='grc' dir='ltr'>’Ὅτι</span> <span class='ocrx_word' id='word_1_504' title='bbox 2980 2654 3048 2710; x_wconf 83' lang='grc' dir='ltr'>δὲ</span> <span class='ocrx_word' id='word_1_505' title='bbox 3082 2657 3303 2726; x_wconf 72' lang='grc' dir='ltr'>ἀληθὲς</span> <span class='ocrx_word' id='word_1_506' title='bbox 3348 2656 3542 2712; x_wconf 80' lang='grc' dir='ltr'>τοῦτο.</span> <span class='ocrx_word' id='word_1_507' title='bbox 3589 2654 3815 2710; x_wconf 83' lang='lat' dir='ltr'><strong><em>Basilius</em></strong></span> 
     </span>
    </p>
   </div>
   <div class='ocr_carea' id='block_1_71' title="bbox 2260 2747 3816 2822">
    <p class='ocr_par' dir='ltr' id='par_1_71' title="bbox 2260 2747 3816 2822">
     <span class='ocr_line' id='line_1_71' title="bbox 2260 2747 3816 2822; baseline -0.001 -20"><span class='ocrx_word' id='word_1_508' title='bbox 2260 2747 2408 2804; x_wconf 88' lang='lat' dir='ltr'><strong><em>hom.</em></strong></span> <span class='ocrx_word' id='word_1_509' title='bbox 2466 2748 2501 2803; x_wconf 70' lang='grc'><strong>4</strong></span> <span class='ocrx_word' id='word_1_510' title='bbox 2534 2767 2548 2803; x_wconf 88' lang='lat'><strong>:</strong></span> <span class='ocrx_word' id='word_1_511' title='bbox 2583 2750 2734 2802; x_wconf 80' lang='grc' dir='ltr'>Ἐπεὶ</span> <span class='ocrx_word' id='word_1_512' title='bbox 2780 2749 2833 2802; x_wconf 78' lang='grc' dir='ltr'>τί</span> <span class='ocrx_word' id='word_1_513' title='bbox 2871 2747 3072 2803; x_wconf 78' lang='grc' dir='ltr'>ἐκώλυε</span> <span class='ocrx_word' id='word_1_514' title='bbox 3105 2749 3201 2821; x_wconf 85' lang='grc' dir='ltr'>τὴν</span> <span class='ocrx_word' id='word_1_515' title='bbox 3239 2749 3501 2822; x_wconf 83' lang='grc' dir='ltr'>Ἐρυθρὰν</span> <span class='ocrx_word' id='word_1_516' title='bbox 3551 2748 3816 2803; x_wconf 82' lang='grc' dir='ltr'>θάλασσαν</span> 
     </span>
    </p>
   </div>
   <div class='ocr_carea' id='block_1_72' title="bbox 2260 2839 3815 2913">
    <p class='ocr_par' dir='ltr' id='par_1_72' title="bbox 2260 2839 3815 2913">
     <span class='ocr_line' id='line_1_72' title="bbox 2260 2839 3815 2913; baseline 0.001 -20"><span class='ocrx_word' id='word_1_517' title='bbox 2260 2842 2438 2895; x_wconf 80' lang='grc' dir='ltr'>πᾶσαν</span> <span class='ocrx_word' id='word_1_518' title='bbox 2471 2841 2570 2913; x_wconf 85' lang='grc' dir='ltr'>τὴν</span> <span class='ocrx_word' id='word_1_519' title='bbox 2602 2841 2870 2910; x_wconf 75' lang='grc' dir='ltr'>Αἴγυπτον</span> <span class='ocrx_word' id='word_1_520' title='bbox 2900 2841 3208 2912; x_wconf 81' lang='grc' dir='ltr'><strong><em>κοιλοτέραν</em></strong></span> <span class='ocrx_word' id='word_1_521' title='bbox 3245 2839 3405 2896; x_wconf 82' lang='grc' dir='ltr'>οὖσαν</span> <span class='ocrx_word' id='word_1_522' title='bbox 3437 2841 3636 2910; x_wconf 78' lang='grc' dir='ltr'>ἑαυτῆς</span> <span class='ocrx_word' id='word_1_523' title='bbox 3669 2840 3815 2896; x_wconf 83' lang='grc' dir='ltr'>ὲπελ-</span> 
     </span>
    </p>
   </div>
   <div class='ocr_carea' id='block_1_73' title="bbox 2260 2931 3813 3006">
    <p class='ocr_par' dir='ltr' id='par_1_73' title="bbox 2260 2931 3813 3006">
     <span class='ocr_line' id='line_1_73' title="bbox 2260 2931 3813 3006; baseline 0.001 -21"><span class='ocrx_word' id='word_1_524' title='bbox 2260 2933 2390 2997; x_wconf 82' lang='grc' dir='ltr'>θεῖν,</span> <span class='ocrx_word' id='word_1_525' title='bbox 2427 2934 2518 2987; x_wconf 77' lang='grc' dir='ltr'>καὶ</span> <span class='ocrx_word' id='word_1_526' title='bbox 2555 2931 2885 3003; x_wconf 82' lang='grc' dir='ltr'>συναφθῆναι</span> <span class='ocrx_word' id='word_1_527' title='bbox 2933 2932 3008 3003; x_wconf 83' lang='grc' dir='ltr'><strong><em>τῷ</em></strong></span> <span class='ocrx_word' id='word_1_528' title='bbox 3043 2934 3424 3005; x_wconf 82' lang='grc' dir='ltr'>παρακειμένῳ</span> <span class='ocrx_word' id='word_1_529' title='bbox 3467 2936 3532 3006; x_wconf 81' lang='grc' dir='ltr'>τῇ</span> <span class='ocrx_word' id='word_1_530' title='bbox 3563 2934 3813 3004; x_wconf 83' lang='grc' dir='ltr'>Αἰγύπτῳ</span> 
     </span>
    </p>
   </div>
   <div class='ocr_carea' id='block_1_74' title="bbox 2259 3021 3812 3097">
    <p class='ocr_par' dir='ltr' id='par_1_74' title="bbox 2259 3021 3812 3097">
     <span class='ocr_line' id='line_1_74' title="bbox 2259 3021 3812 3097; baseline 0 -19"><span class='ocrx_word' id='word_1_531' title='bbox 2259 3025 2503 3094; x_wconf 83' lang='grc' dir='ltr'>πελάγει,</span> <span class='ocrx_word' id='word_1_532' title='bbox 2533 3027 2580 3078; x_wconf 78' lang='lat' dir='ltr'><strong><em>et</em></strong></span> <span class='ocrx_word' id='word_1_533' title='bbox 2623 3023 2797 3096; x_wconf 78' lang='grc' dir='ltr'>μήτῷ</span> <span class='ocrx_word' id='word_1_534' title='bbox 2831 3025 3208 3096; x_wconf 85' lang='grc' dir='ltr'>προστάγματι</span> <span class='ocrx_word' id='word_1_535' title='bbox 3247 3021 3315 3097; x_wconf 81' lang='grc' dir='ltr'>ἦν</span> <span class='ocrx_word' id='word_1_536' title='bbox 3346 3025 3687 3095; x_wconf 85' lang='grc' dir='ltr'>πεπεδημένη</span> <span class='ocrx_word' id='word_1_537' title='bbox 3724 3022 3812 3078; x_wconf 74' lang='grc' dir='ltr'>τοῦ</span> 
     </span>
    </p>
   </div>
   <div class='ocr_carea' id='block_1_75' title="bbox 2260 3117 3815 3190">
    <p class='ocr_par' dir='ltr' id='par_1_75' title="bbox 2260 3117 3815 3190">
     <span class='ocr_line' id='line_1_75' title="bbox 2260 3117 3815 3190; baseline 0 -18"><span class='ocrx_word' id='word_1_538' title='bbox 2260 3119 2575 3184; x_wconf 83' lang='grc' dir='ltr'>κτίσαντος;</span> <span class='ocrx_word' id='word_1_539' title='bbox 2618 3119 2737 3171; x_wconf 85' lang='grc' dir='ltr'>Ὅτι</span> <span class='ocrx_word' id='word_1_540' title='bbox 2774 3117 2882 3188; x_wconf 84' lang='grc' dir='ltr'>γὰρ</span> <span class='ocrx_word' id='word_1_541' title='bbox 2913 3120 3262 3190; x_wconf 87' lang='grc' dir='ltr'>ταπεινοτέρα</span> <span class='ocrx_word' id='word_1_542' title='bbox 3299 3118 3396 3189; x_wconf 80' lang='grc' dir='ltr'>τῆς</span> <span class='ocrx_word' id='word_1_543' title='bbox 3431 3118 3694 3189; x_wconf 82' lang='grc' dir='ltr'>Ἐρυθρᾶς</span> <span class='ocrx_word' id='word_1_544' title='bbox 3725 3119 3815 3172; x_wconf 89' lang='grc' dir='ltr'>θα-</span> 
     </span>
    </p>
   </div>
   <div class='ocr_carea' id='block_1_76' title="bbox 2259 3209 3816 3281">
    <p class='ocr_par' dir='ltr' id='par_1_76' title="bbox 2259 3209 3816 3281">
     <span class='ocr_line' id='line_1_76' title="bbox 2259 3209 3816 3281; baseline 0.001 -19"><span class='ocrx_word' id='word_1_545' title='bbox 2259 3209 2462 3280; x_wconf 85' lang='grc' dir='ltr'>λάσσης</span> <span class='ocrx_word' id='word_1_546' title='bbox 2489 3211 2520 3280; x_wconf 87' lang='grc' dir='ltr'><strong>ή</strong></span> <span class='ocrx_word' id='word_1_547' title='bbox 2553 3209 2838 3278; x_wconf 74' lang='grc' dir='ltr'>Αἴγυπτος,</span> <span class='ocrx_word' id='word_1_548' title='bbox 2859 3209 3001 3281; x_wconf 75' lang='grc' dir='ltr'>ἔργῳ</span> <span class='ocrx_word' id='word_1_549' title='bbox 3023 3209 3242 3263; x_wconf 73' lang='grc' dir='ltr'>ἔπεισαν</span> <span class='ocrx_word' id='word_1_550' title='bbox 3264 3211 3406 3281; x_wconf 77' lang='grc' dir='ltr'>ἡμᾶς</span> <span class='ocrx_word' id='word_1_551' title='bbox 3430 3211 3478 3261; x_wconf 86' lang='grc' dir='ltr'>οἱ</span> <span class='ocrx_word' id='word_1_552' title='bbox 3493 3209 3816 3280; x_wconf 79' lang='grc' dir='ltr'>θελήσαντες</span> 
     </span>
    </p>
   </div>
   <div class='ocr_carea' id='block_1_77' title="bbox 2254 3299 3810 3371">
    <p class='ocr_par' dir='ltr' id='par_1_77' title="bbox 2254 3299 3810 3371">
     <span class='ocr_line' id='line_1_77' title="bbox 2254 3299 3810 3371; baseline 0.001 -17"><span class='ocrx_word' id='word_1_553' title='bbox 2254 3301 2498 3371; x_wconf 83' lang='grc' dir='ltr'>ἀλλήλοις</span> <span class='ocrx_word' id='word_1_554' title='bbox 2519 3299 2588 3353; x_wconf 80' lang='grc' dir='ltr'>τὰ</span> <span class='ocrx_word' id='word_1_555' title='bbox 2615 3300 2823 3370; x_wconf 83' lang='grc' dir='ltr'>πελάγη</span> <span class='ocrx_word' id='word_1_556' title='bbox 2858 3300 3104 3369; x_wconf 73' lang='grc' dir='ltr'>συνάψαι,</span> <span class='ocrx_word' id='word_1_557' title='bbox 3134 3299 3192 3352; x_wconf 88' lang='grc' dir='ltr'>τό</span> <span class='ocrx_word' id='word_1_558' title='bbox 3212 3317 3269 3351; x_wconf 90' lang='grc' dir='ltr'><strong><em>τε</em></strong></span> <span class='ocrx_word' id='word_1_559' title='bbox 3310 3299 3599 3366; x_wconf 81' lang='grc' dir='ltr'>Αἰγύπτιον</span> <span class='ocrx_word' id='word_1_560' title='bbox 3629 3303 3722 3354; x_wconf 83' lang='grc' dir='ltr'>καὶ</span> <span class='ocrx_word' id='word_1_561' title='bbox 3749 3303 3810 3355; x_wconf 88' lang='grc' dir='ltr'><strong><em>τὸ</em></strong></span> 
     </span>
    </p>
   </div>
   <div class='ocr_carea' id='block_1_78' title="bbox 2267 3385 3805 3464">
    <p class='ocr_par' dir='ltr' id='par_1_78' title="bbox 2267 3385 3805 3464">
     <span class='ocr_line' id='line_1_78' title="bbox 2267 3385 3805 3464; baseline 0.001 -20"><span class='ocrx_word' id='word_1_562' title='bbox 2267 3390 2501 3456; x_wconf 85' lang='grc' dir='ltr'>Ἰνδικὸν,</span> <span class='ocrx_word' id='word_1_563' title='bbox 2531 3394 2590 3444; x_wconf 84' lang='grc' dir='ltr'>ὲν</span> <span class='ocrx_word' id='word_1_564' title='bbox 2713 3393 2746 3462; x_wconf 80' lang='grc' dir='ltr'><strong>ἡ</strong></span> <span class='ocrx_word' id='word_1_565' title='bbox 2789 3392 3016 3464; x_wconf 79' lang='grc' dir='ltr'>Ἐρυθρὰ</span> <span class='ocrx_word' id='word_1_566' title='bbox 3051 3390 3308 3446; x_wconf 84' lang='grc' dir='ltr'>θάλασσα.</span> <span class='ocrx_word' id='word_1_567' title='bbox 3351 3391 3546 3460; x_wconf 86' lang='grc' dir='ltr'>Διόπερ</span> <span class='ocrx_word' id='word_1_568' title='bbox 3578 3391 3805 3461; x_wconf 79' lang='grc' dir='ltr'>ἐπέσχον</span> 
     </span>
    </p>
   </div>
   <div class='ocr_carea' id='block_1_79' title="bbox 2253 3480 3872 3554">
    <p class='ocr_par' dir='ltr' id='par_1_79' title="bbox 2253 3480 3872 3554">
     <span class='ocr_line' id='line_1_79' title="bbox 2253 3480 3872 3554; baseline 0.002 -20"><span class='ocrx_word' id='word_1_569' title='bbox 2253 3480 2350 3552; x_wconf 83' lang='grc' dir='ltr'><strong><em>τὴν</em></strong></span> <span class='ocrx_word' id='word_1_570' title='bbox 2383 3481 2720 3553; x_wconf 76' lang='grc' dir='ltr'>ἐπιχείρησιν</span> <span class='ocrx_word' id='word_1_571' title='bbox 2748 3482 2960 3554; x_wconf 84' lang='grc' dir='ltr'>πρῶτος</span> <span class='ocrx_word' id='word_1_572' title='bbox 2989 3481 3285 3553; x_wconf 81' lang='grc' dir='ltr'>ἀρξάμενος</span> <span class='ocrx_word' id='word_1_573' title='bbox 3321 3482 3620 3554; x_wconf 86' lang='grc' dir='ltr'>Σέσωστρις</span> <span class='ocrx_word' id='word_1_574' title='bbox 3653 3485 3681 3536; x_wconf 87' lang='grc' dir='ltr'>ὁ</span> <span class='ocrx_word' id='word_1_575' title='bbox 3716 3485 3808 3537; x_wconf 75' lang='grc' dir='ltr'><strong><em>Αἰ·</em></strong></span> <span class='ocrx_word' id='word_1_576' title='bbox 3867 3547 3872 3550; x_wconf 28' lang='grc' dir='ltr'><strong><em>π</em></strong></span> 
     </span>
    </p>
   </div>
   <div class='ocr_carea' id='block_1_80' title="bbox 2253 3571 3808 3645">
    <p class='ocr_par' dir='ltr' id='par_1_80' title="bbox 2253 3571 3808 3645">
     <span class='ocr_line' id='line_1_80' title="bbox 2253 3571 3808 3645; baseline 0.002 -20"><span class='ocrx_word' id='word_1_577' title='bbox 2253 3571 2500 3641; x_wconf 86' lang='grc' dir='ltr'>γύπτιος,</span> <span class='ocrx_word' id='word_1_578' title='bbox 2535 3574 2629 3626; x_wconf 74' lang='grc' dir='ltr'>καὶ</span> <span class='ocrx_word' id='word_1_579' title='bbox 2664 3574 2693 3626; x_wconf 83' lang='grc' dir='ltr'>ὁ</span> <span class='ocrx_word' id='word_1_580' title='bbox 2736 3573 2873 3644; x_wconf 86' lang='grc' dir='ltr'>μετὰ</span> <span class='ocrx_word' id='word_1_581' title='bbox 2904 3573 3072 3626; x_wconf 79' lang='grc' dir='ltr'>ταῦτα</span> <span class='ocrx_word' id='word_1_582' title='bbox 3117 3573 3395 3644; x_wconf 68' lang='grc' dir='ltr'>βουληθεὶς</span> <span class='ocrx_word' id='word_1_583' title='bbox 3438 3574 3808 3645; x_wconf 80' lang='grc' dir='ltr'>ὲπεξεργάσα-</span> 
     </span>
    </p>
   </div>
   <div class='ocr_carea' id='block_1_81' title="bbox 2254 3663 3809 3736">
    <p class='ocr_par' dir='ltr' id='par_1_81' title="bbox 2254 3663 3809 3736">
     <span class='ocr_line' id='line_1_81' title="bbox 2254 3663 3809 3736; baseline 0.004 -18"><span class='ocrx_word' id='word_1_584' title='bbox 2254 3663 2376 3718; x_wconf 91' lang='grc' dir='ltr'>σθαι</span> <span class='ocrx_word' id='word_1_585' title='bbox 2397 3667 2617 3736; x_wconf 79' lang='grc' dir='ltr'>Δαρεῖος</span> <span class='ocrx_word' id='word_1_586' title='bbox 2637 3666 2664 3716; x_wconf 86' lang='grc' dir='ltr'>ὁ</span> <span class='ocrx_word' id='word_1_587' title='bbox 2689 3666 2886 3736; x_wconf 79' lang='grc' dir='ltr'>Μῆδος.</span> <span class='ocrx_word' id='word_1_588' title='bbox 2909 3664 3222 3721; x_wconf 88' lang='lat' dir='ltr'><strong><em>Habuerunt</em></strong></span> <span class='ocrx_word' id='word_1_589' title='bbox 3239 3668 3307 3721; x_wconf 87' lang='lat' dir='ltr'><strong><em>ab</em></strong></span> <span class='ocrx_word' id='word_1_590' title='bbox 3335 3667 3625 3725; x_wconf 85' lang='lat' dir='ltr'><strong><em>Aristotele</em></strong></span> <span class='ocrx_word' id='word_1_591' title='bbox 3653 3670 3745 3724; x_wconf 93' lang='lat' dir='ltr'><strong><em>lib.</em></strong></span> <span class='ocrx_word' id='word_1_592' title='bbox 3774 3687 3809 3724; x_wconf 88' lang='grc' dir='ltr'><strong><em>ιι</em></strong></span> 
     </span>
    </p>
   </div>
   <div class='ocr_carea' id='block_1_82' title="bbox 2251 3755 3810 3834">
    <p class='ocr_par' dir='ltr' id='par_1_82' title="bbox 2251 3755 3810 3834">
     <span class='ocr_line' id='line_1_82' title="bbox 2251 3755 3810 3834; baseline 0.002 -22"><span class='ocrx_word' id='word_1_593' title='bbox 2251 3755 2498 3822; x_wconf 65' lang='lat' dir='ltr'><strong><em>Meteon,</em></strong></span> <span class='ocrx_word' id='word_1_594' title='bbox 2529 3773 2650 3827; x_wconf 88' lang='lat' dir='ltr'><strong><em>cap.</em></strong></span> <span class='ocrx_word' id='word_1_595' title='bbox 2675 3758 2789 3812; x_wconf 84' lang='lat' dir='ltr'><strong><em>ult:</em></strong></span> <span class='ocrx_word' id='word_1_596' title='bbox 2824 3758 2984 3829; x_wconf 88' lang='grc' dir='ltr'><strong><em>Δηλοί</em></strong></span> <span class='ocrx_word' id='word_1_597' title='bbox 3031 3757 3087 3810; x_wconf 84' lang='grc' dir='ltr'>δὲ</span> <span class='ocrx_word' id='word_1_598' title='bbox 3126 3755 3186 3810; x_wconf 85' lang='grc' dir='ltr'><strong><em>τὸ</em></strong></span> <span class='ocrx_word' id='word_1_599' title='bbox 3217 3758 3529 3829; x_wconf 82' lang='grc' dir='ltr'><strong><em>γινόμενον⁶</em></strong></span> <span class='ocrx_word' id='word_1_600' title='bbox 3563 3760 3670 3825; x_wconf 85' lang='grc' dir='ltr'>Οὒς</span> <span class='ocrx_word' id='word_1_601' title='bbox 3709 3761 3810 3834; x_wconf 84' lang='grc' dir='ltr'><strong><em>γάρ</em></strong></span> 
     </span>
    </p>
   </div>
   <div class='ocr_carea' id='block_1_83' title="bbox 2252 3845 3807 3921">
    <p class='ocr_par' dir='ltr' id='par_1_83' title="bbox 2252 3845 3807 3921">
     <span class='ocr_line' id='line_1_83' title="bbox 2252 3845 3807 3921; baseline 0.002 -19"><span class='ocrx_word' id='word_1_602' title='bbox 2252 3866 2430 3920; x_wconf 80' lang='grc' dir='ltr'>φαμεν</span> <span class='ocrx_word' id='word_1_603' title='bbox 2453 3849 2841 3920; x_wconf 81' lang='grc' dir='ltr'>ἀρχαιοτάτους</span> <span class='ocrx_word' id='word_1_604' title='bbox 2865 3845 3128 3904; x_wconf 79' lang='grc' dir='ltr'>εἶναιτῶν</span> <span class='ocrx_word' id='word_1_605' title='bbox 3149 3849 3443 3921; x_wconf 87' lang='grc' dir='ltr'>ἀνθρώπων</span> <span class='ocrx_word' id='word_1_606' title='bbox 3463 3853 3807 3920; x_wconf 72' lang='grc' dir='ltr'>Αἰγυπτίους,</span> 
     </span>
    </p>
   </div>
   <div class='ocr_carea' id='block_1_84' title="bbox 2248 3940 3807 4014">
    <p class='ocr_par' dir='ltr' id='par_1_84' title="bbox 2248 3940 3807 4014">
     <span class='ocr_line' id='line_1_84' title="bbox 2248 3940 3807 4014; baseline 0.004 -20"><span class='ocrx_word' id='word_1_607' title='bbox 2248 3941 2451 3994; x_wconf 88' lang='grc' dir='ltr'>τούτων</span> <span class='ocrx_word' id='word_1_608' title='bbox 2503 3940 2721 4014; x_wconf 84' lang='grc' dir='ltr'>ὴχώρα</span> <span class='ocrx_word' id='word_1_609' title='bbox 2767 3943 2915 3995; x_wconf 83' lang='grc' dir='ltr'>πᾶσα</span> <span class='ocrx_word' id='word_1_610' title='bbox 2960 3946 3211 4013; x_wconf 83' lang='grc' dir='ltr'>γεγονυῖα</span> <span class='ocrx_word' id='word_1_611' title='bbox 3262 3944 3504 4012; x_wconf 82' lang='grc' dir='ltr'>φαίνεται</span> <span class='ocrx_word' id='word_1_612' title='bbox 3552 3946 3642 3998; x_wconf 79' lang='grc' dir='ltr'><strong><em>καὶ</em></strong></span> <span class='ocrx_word' id='word_1_613' title='bbox 3681 3942 3807 4000; x_wconf 77' lang='grc' dir='ltr'>οὖσα</span> 
     </span>
    </p>
   </div>
   <div class='ocr_carea' id='block_1_85' title="bbox 2248 4031 3806 4109">
    <p class='ocr_par' dir='ltr' id='par_1_85' title="bbox 2248 4031 3806 4109">
     <span class='ocr_line' id='line_1_85' title="bbox 2248 4031 3806 4109; baseline 0.003 -23"><span class='ocrx_word' id='word_1_614' title='bbox 2248 4031 2340 4086; x_wconf 83' lang='grc' dir='ltr'>τοῦ</span> <span class='ocrx_word' id='word_1_615' title='bbox 2384 4034 2626 4105; x_wconf 79' lang='grc' dir='ltr'>ποταμοῦ</span> <span class='ocrx_word' id='word_1_616' title='bbox 2676 4033 2852 4106; x_wconf 80' lang='grc' dir='ltr'>ἔργον.</span> <span class='ocrx_word' id='word_1_617' title='bbox 2885 4035 2994 4088; x_wconf 78' lang='grc' dir='ltr'><strong><em>Καὶ</em></strong></span> <span class='ocrx_word' id='word_1_618' title='bbox 3021 4035 3177 4088; x_wconf 85' lang='grc' dir='ltr'>τοῦτο</span> <span class='ocrx_word' id='word_1_619' title='bbox 3222 4035 3362 4088; x_wconf 84' lang='grc' dir='ltr'>κατά</span> <span class='ocrx_word' id='word_1_620' title='bbox 3401 4052 3460 4088; x_wconf 89' lang='grc' dir='ltr'><strong><em>τε</em></strong></span> <span class='ocrx_word' id='word_1_621' title='bbox 3485 4035 3582 4106; x_wconf 80' lang='grc' dir='ltr'>τὴν</span> <span class='ocrx_word' id='word_1_622' title='bbox 3631 4037 3806 4109; x_wconf 84' lang='grc' dir='ltr'>χώραν</span> 
     </span>
    </p>
   </div>
   <div class='ocr_carea' id='block_1_86' title="bbox 2250 4125 3805 4198">
    <p class='ocr_par' dir='ltr' id='par_1_86' title="bbox 2250 4125 3805 4198">
     <span class='ocr_line' id='line_1_86' title="bbox 2250 4125 3805 4198; baseline 0.003 -20"><span class='ocrx_word' id='word_1_623' title='bbox 2250 4125 2417 4197; x_wconf 81' lang='grc' dir='ltr'>αὐτὴν</span> <span class='ocrx_word' id='word_1_624' title='bbox 2443 4125 2637 4198; x_wconf 86' lang='grc' dir='ltr'>ὁρῶντι</span> <span class='ocrx_word' id='word_1_625' title='bbox 2667 4126 2821 4197; x_wconf 86' lang='grc' dir='ltr'>δῆλόν</span> <span class='ocrx_word' id='word_1_626' title='bbox 2859 4127 2996 4191; x_wconf 79' lang='grc' dir='ltr'>ἐστι,</span> <span class='ocrx_word' id='word_1_627' title='bbox 3022 4127 3116 4180; x_wconf 76' lang='grc' dir='ltr'>καὶ</span> <span class='ocrx_word' id='word_1_628' title='bbox 3147 4125 3215 4179; x_wconf 83' lang='grc' dir='ltr'><strong><em>τά</em></strong></span> <span class='ocrx_word' id='word_1_629' title='bbox 3249 4126 3375 4198; x_wconf 80' lang='grc' dir='ltr'>περὶ</span> <span class='ocrx_word' id='word_1_630' title='bbox 3410 4125 3506 4198; x_wconf 84' lang='grc' dir='ltr'>τὴν</span> <span class='ocrx_word' id='word_1_631' title='bbox 3551 4128 3805 4198; x_wconf 85' lang='grc' dir='ltr'>Ἐρυθρὰν</span> 
     </span>
    </p>
   </div>
   <div class='ocr_carea' id='block_1_87' title="bbox 2250 4215 3806 4288">
    <p class='ocr_par' dir='ltr' id='par_1_87' title="bbox 2250 4215 3806 4288">
     <span class='ocr_line' id='line_1_87' title="bbox 2250 4215 3806 4288; baseline 0.002 -19"><span class='ocrx_word' id='word_1_632' title='bbox 2250 4215 2523 4270; x_wconf 78' lang='grc' dir='ltr'>θάλασσαν</span> <span class='ocrx_word' id='word_1_633' title='bbox 2551 4218 2842 4288; x_wconf 87' lang='grc' dir='ltr'>τεκμήριον</span> <span class='ocrx_word' id='word_1_634' title='bbox 2889 4217 3087 4270; x_wconf 76' lang='grc' dir='ltr'>ἱκανόν.</span> <span class='ocrx_word' id='word_1_635' title='bbox 3123 4216 3335 4288; x_wconf 87' lang='grc' dir='ltr'>Ταύτην</span> <span class='ocrx_word' id='word_1_636' title='bbox 3374 4218 3480 4288; x_wconf 85' lang='grc' dir='ltr'><strong><em>γὰρ</em></strong></span> <span class='ocrx_word' id='word_1_637' title='bbox 3511 4219 3620 4272; x_wconf 82' lang='grc' dir='ltr'><strong><em>τῶν</em></strong></span> <span class='ocrx_word' id='word_1_638' title='bbox 3663 4220 3806 4288; x_wconf 60' lang='grc' dir='ltr'>βασι-</span> 
     </span>
    </p>
   </div>
   <div class='ocr_carea' id='block_1_88' title="bbox 2248 4306 3803 4381">
    <p class='ocr_par' dir='ltr' id='par_1_88' title="bbox 2248 4306 3803 4381">
     <span class='ocr_line' id='line_1_88' title="bbox 2248 4306 3803 4381; baseline 0.003 -21"><span class='ocrx_word' id='word_1_639' title='bbox 2248 4306 2379 4361; x_wconf 85' lang='grc' dir='ltr'>λέων</span> <span class='ocrx_word' id='word_1_640' title='bbox 2411 4325 2493 4370; x_wconf 90' lang='grc' dir='ltr'><strong><em>τις</em></strong></span> <span class='ocrx_word' id='word_1_641' title='bbox 2530 4307 2788 4379; x_wconf 80' lang='grc' dir='ltr'>ἐπειράθη</span> <span class='ocrx_word' id='word_1_642' title='bbox 2835 4308 3150 4380; x_wconf 85' lang='grc' dir='ltr'>διορύττειν.</span> <span class='ocrx_word' id='word_1_643' title='bbox 3183 4310 3256 4362; x_wconf 83' lang='grc' dir='ltr'><strong>Οὐ</strong></span> <span class='ocrx_word' id='word_1_644' title='bbox 3287 4309 3394 4380; x_wconf 86' lang='grc' dir='ltr'>γὰρ</span> <span class='ocrx_word' id='word_1_645' title='bbox 3433 4309 3636 4380; x_wconf 86' lang='grc' dir='ltr'>μικρὰς</span> <span class='ocrx_word' id='word_1_646' title='bbox 3662 4308 3803 4381; x_wconf 73' lang='grc' dir='ltr'>εἶχεν</span> 
     </span>
    </p>
   </div>
   <div class='ocr_carea' id='block_1_89' title="bbox 2248 4397 3800 4470">
    <p class='ocr_par' dir='ltr' id='par_1_89' title="bbox 2248 4397 3800 4470">
     <span class='ocr_line' id='line_1_89' title="bbox 2248 4397 3800 4470; baseline 0 -16"><span class='ocrx_word' id='word_1_647' title='bbox 2248 4399 2313 4454; x_wconf 83' lang='grc' dir='ltr'><strong><em>ἂν</em></strong></span> <span class='ocrx_word' id='word_1_648' title='bbox 2345 4400 2524 4462; x_wconf 80' lang='grc' dir='ltr'>αὐτοῖς</span> <span class='ocrx_word' id='word_1_649' title='bbox 2550 4397 2813 4468; x_wconf 82' lang='grc' dir='ltr'>ὡφελείας</span> <span class='ocrx_word' id='word_1_650' title='bbox 2841 4399 3049 4462; x_wconf 80' lang='grc' dir='ltr'>πλωτὸς</span> <span class='ocrx_word' id='word_1_651' title='bbox 3074 4400 3216 4462; x_wconf 76' lang='grc' dir='ltr'>ἄπας</span> <span class='ocrx_word' id='word_1_652' title='bbox 3236 4400 3264 4451; x_wconf 85' lang='grc' dir='ltr'>ὁ</span> <span class='ocrx_word' id='word_1_653' title='bbox 3292 4399 3452 4462; x_wconf 85' lang='grc' dir='ltr'>τόπος</span> <span class='ocrx_word' id='word_1_654' title='bbox 3472 4401 3800 4470; x_wconf 82' lang='grc' dir='ltr'>γιγνόμενος.</span> 
     </span>
    </p>
   </div>
   <div class='ocr_carea' id='block_1_90' title="bbox 591 4483 2156 4562">
    <p class='ocr_par' dir='ltr' id='par_1_90' title="bbox 591 4483 2145 4558">
     <span class='ocr_line' id='line_1_90' title="bbox 591 4483 2145 4558; baseline -0.001 -18"><span class='ocrx_word' id='word_1_655' title='bbox 591 4487 818 4558; x_wconf 86' lang='lat' dir='ltr'><strong><em>undique</em></strong></span> <span class='ocrx_word' id='word_1_656' title='bbox 846 4484 1138 4556; x_wconf 69' lang='lat' dir='ltr'><strong><em>aequaliter,</em></strong></span> <span class='ocrx_word' id='word_1_657' title='bbox 1165 4500 1323 4555; x_wconf 86' lang='lat' dir='ltr'><strong><em>neque</em></strong></span> <span class='ocrx_word' id='word_1_658' title='bbox 1354 4483 1628 4547; x_wconf 83' lang='lat' dir='ltr'><strong><em>redundat,</em></strong></span> <span class='ocrx_word' id='word_1_659' title='bbox 1663 4501 1821 4555; x_wconf 88' lang='lat' dir='ltr'><strong><em>neque</em></strong></span> <span class='ocrx_word' id='word_1_660' title='bbox 1839 4486 2145 4554; x_wconf 72' lang='lat' dir='ltr'><strong><em>effunditur.</em></strong></span> 
     </span>
    </p>
   </div>
   <div class='ocr_carea' id='block_1_91' title="bbox 2257 4483 3806 4562">
    <p class='ocr_par' dir='ltr' id='par_1_91' title="bbox 2257 4489 3806 4562">
     <span class='ocr_line' id='line_1_91' title="bbox 2257 4489 3806 4562; baseline 0.001 -19"><span class='ocrx_word' id='word_1_661' title='bbox 2257 4490 2476 4558; x_wconf 81' lang='grc' dir='ltr'>Λέγεται</span> <span class='ocrx_word' id='word_1_662' title='bbox 2508 4489 2564 4541; x_wconf 77' lang='grc' dir='ltr'>δὲ</span> <span class='ocrx_word' id='word_1_663' title='bbox 2604 4489 2824 4560; x_wconf 84' lang='grc' dir='ltr'>πρῶτος</span> <span class='ocrx_word' id='word_1_664' title='bbox 2856 4489 3159 4561; x_wconf 85' lang='grc' dir='ltr'>Σέσωστρις</span> <span class='ocrx_word' id='word_1_665' title='bbox 3204 4492 3542 4562; x_wconf 81' lang='grc' dir='ltr'>ἐπιχειρῆσαι</span> <span class='ocrx_word' id='word_1_666' title='bbox 3571 4492 3678 4544; x_wconf 85' lang='grc' dir='ltr'><strong><em>τῶν</em></strong></span> <span class='ocrx_word' id='word_1_667' title='bbox 3706 4508 3806 4545; x_wconf 87' lang='grc' dir='ltr'>πα-</span> 
     </span>
    </p>
   </div>
   <div class='ocr_carea' id='block_1_92' title="bbox 592 4577 2150 4649">
    <p class='ocr_par' dir='ltr' id='par_1_92' title="bbox 592 4577 2150 4649">
     <span class='ocr_line' id='line_1_92' title="bbox 592 4577 2150 4649; baseline 0 -15"><span class='ocrx_word' id='word_1_668' title='bbox 592 4580 700 4634; x_wconf 82' lang='lat' dir='ltr'><strong><em>Alii</em></strong></span> <span class='ocrx_word' id='word_1_669' title='bbox 742 4586 943 4634; x_wconf 89' lang='lat' dir='ltr'><strong><em>terram</em></strong></span> <span class='ocrx_word' id='word_1_670' title='bbox 971 4593 1093 4633; x_wconf 86' lang='lat' dir='ltr'><strong><em>esse</em></strong></span> <span class='ocrx_word' id='word_1_671' title='bbox 1124 4592 1274 4632; x_wconf 89' lang='lat' dir='ltr'><strong><em>mare</em></strong></span> <span class='ocrx_word' id='word_1_672' title='bbox 1307 4577 1578 4641; x_wconf 88' lang='lat' dir='ltr'><strong><em>altiorem,</em></strong></span> <span class='ocrx_word' id='word_1_673' title='bbox 1629 4585 1689 4630; x_wconf 86' lang='lat' dir='ltr'><strong><em>ut</em></strong></span> <span class='ocrx_word' id='word_1_674' title='bbox 1730 4577 2150 4649; x_wconf 81' lang='lat' dir='ltr'><strong><em>Chrysostomus</em></strong></span> 
     </span>
    </p>
   </div>
   <div class='ocr_carea' id='block_1_93' title="bbox 591 4670 2146 4742">
    <p class='ocr_par' dir='ltr' id='par_1_93' title="bbox 591 4670 2146 4742">
     <span class='ocr_line' id='line_1_93' title="bbox 591 4670 2146 4742; baseline -0.003 -14"><span class='ocrx_word' id='word_1_675' title='bbox 591 4671 740 4728; x_wconf 84' lang='lat' dir='ltr'><strong><em>hom.</em></strong></span> <span class='ocrx_word' id='word_1_676' title='bbox 763 4671 795 4726; x_wconf 88' lang='lat'><strong>9</strong></span> <span class='ocrx_word' id='word_1_677' title='bbox 817 4670 886 4725; x_wconf 91' lang='lat' dir='ltr'><strong><em>ad</em></strong></span> <span class='ocrx_word' id='word_1_678' title='bbox 901 4686 1020 4740; x_wconf 91' lang='lat' dir='ltr'><strong><em>pop.</em></strong></span> <span class='ocrx_word' id='word_1_679' title='bbox 1039 4670 1309 4736; x_wconf 84' lang='lat' dir='ltr'><strong><em>Antioch.;</em></strong></span> <span class='ocrx_word' id='word_1_680' title='bbox 1352 4672 1692 4742; x_wconf 78' lang='lat' dir='ltr'><strong><em>Augustinus</em></strong></span> <span class='ocrx_word' id='word_1_681' title='bbox 1715 4672 1768 4724; x_wconf 92' lang='lat' dir='ltr'><strong><em>in</em></strong></span> <span class='ocrx_word' id='word_1_682' title='bbox 1786 4670 1921 4738; x_wconf 90' lang='lat' dir='ltr'><strong><em>psal.</em></strong></span> <span class='ocrx_word' id='word_1_683' title='bbox 1953 4687 2146 4739; x_wconf 81' lang='lat' dir='ltr'><strong><em>cxxxv;</em></strong></span> 
     </span>
    </p>
   </div>
   <div class='ocr_carea' id='block_1_94' title="bbox 591 4761 2149 4835">
    <p class='ocr_par' dir='ltr' id='par_1_94' title="bbox 591 4761 2149 4835">
     <span class='ocr_line' id='line_1_94' title="bbox 591 4761 2149 4835; baseline -0.001 -17"><span class='ocrx_word' id='word_1_684' title='bbox 591 4763 954 4835; x_wconf 82' lang='lat' dir='ltr'><strong><em>Hieronymus</em></strong></span> <span class='ocrx_word' id='word_1_685' title='bbox 980 4763 1036 4817; x_wconf 91' lang='lat' dir='ltr'><strong><em>in</em></strong></span> <span class='ocrx_word' id='word_1_686' title='bbox 1074 4762 1205 4817; x_wconf 91' lang='lat' dir='ltr'><strong><em>illud</em></strong></span> <span class='ocrx_word' id='word_1_687' title='bbox 1250 4765 1388 4834; x_wconf 89' lang='lat' dir='ltr'><strong><em>psal.</em></strong></span> <span class='ocrx_word' id='word_1_688' title='bbox 1408 4779 1578 4829; x_wconf 76' lang='lat' dir='ltr'><strong><em>xxx&quot;,</em></strong></span> <span class='ocrx_word' id='word_1_689' title='bbox 1601 4761 1928 4834; x_wconf 88' lang='lat' dir='ltr'><strong><em>Congregans</em></strong></span> <span class='ocrx_word' id='word_1_690' title='bbox 1944 4763 2078 4816; x_wconf 84' lang='lat' dir='ltr'><strong><em>sicut</em></strong></span> <span class='ocrx_word' id='word_1_691' title='bbox 2094 4765 2149 4817; x_wconf 92' lang='lat' dir='ltr'><strong><em>in</em></strong></span> 
     </span>
    </p>
   </div>
   <div class='ocr_carea' id='block_1_95' title="bbox 589 4853 2144 4926">
    <p class='ocr_par' dir='ltr' id='par_1_95' title="bbox 589 4853 2144 4926">
     <span class='ocr_line' id='line_1_95' title="bbox 589 4853 2144 4926; baseline -0.001 -17"><span class='ocrx_word' id='word_1_692' title='bbox 589 4866 706 4910; x_wconf 86' lang='lat' dir='ltr'><strong><em>utre</em></strong></span> <span class='ocrx_word' id='word_1_693' title='bbox 746 4873 910 4926; x_wconf 84' lang='lat' dir='ltr'><strong><em>aquas</em></strong></span> <span class='ocrx_word' id='word_1_694' title='bbox 945 4857 1145 4921; x_wconf 86' lang='lat' dir='ltr'><strong><em>maris;</em></strong></span> <span class='ocrx_word' id='word_1_695' title='bbox 1183 4855 1550 4911; x_wconf 87' lang='lat' dir='ltr'><strong><em>Damasccnus</em></strong></span> <span class='ocrx_word' id='word_1_696' title='bbox 1590 4855 1684 4910; x_wconf 92' lang='lat' dir='ltr'><strong><em>lib.</em></strong></span> <span class='ocrx_word' id='word_1_697' title='bbox 1718 4870 1756 4908; x_wconf 88' lang='grc' dir='ltr'><strong><em>ιι</em></strong></span> <span class='ocrx_word' id='word_1_698' title='bbox 1789 4853 1912 4908; x_wconf 78' lang='lat' dir='ltr'><strong><em>Fid.</em></strong></span> <span class='ocrx_word' id='word_1_699' title='bbox 1941 4855 2144 4909; x_wconf 83' lang='lat' dir='ltr'><strong><em>orthod.</em></strong></span> 
     </span>
    </p>
   </div>
   <div class='ocr_carea' id='block_1_96' title="bbox 591 4944 2144 5016">
    <p class='ocr_par' dir='ltr' id='par_1_96' title="bbox 591 4944 2144 5016">
     <span class='ocr_line' id='line_1_96' title="bbox 591 4944 2144 5016; baseline 0.001 -17"><span class='ocrx_word' id='word_1_700' title='bbox 591 4961 711 5014; x_wconf 89' lang='lat' dir='ltr'><strong><em>cap.</em></strong></span> <span class='ocrx_word' id='word_1_701' title='bbox 733 4945 766 5000; x_wconf 88' lang='lat'><strong>9</strong></span> <span class='ocrx_word' id='word_1_702' title='bbox 791 4955 842 5001; x_wconf 91' lang='lat' dir='ltr'><strong><em>et</em></strong></span> <span class='ocrx_word' id='word_1_703' title='bbox 871 4945 971 5013; x_wconf 73' lang='lat'><strong>10;</strong></span> <span class='ocrx_word' id='word_1_704' title='bbox 1002 4945 1342 5002; x_wconf 88' lang='lat' dir='ltr'><strong><em>Contarenus</em></strong></span> <span class='ocrx_word' id='word_1_705' title='bbox 1367 4945 1462 5016; x_wconf 89' lang='lat' dir='ltr'><strong><em>lib.</em></strong></span> <span class='ocrx_word' id='word_1_706' title='bbox 1490 4960 1526 4998; x_wconf 90' lang='grc' dir='ltr'><strong><em>ιι</em></strong></span> <span class='ocrx_word' id='word_1_707' title='bbox 1550 4944 1624 4999; x_wconf 88' lang='lat' dir='ltr'><strong><em>De</em></strong></span> <span class='ocrx_word' id='word_1_708' title='bbox 1647 4947 1934 5010; x_wconf 87' lang='lat' dir='ltr'><strong><em>elementis,</em></strong></span> <span class='ocrx_word' id='word_1_709' title='bbox 1958 4951 2011 5000; x_wconf 91' lang='lat' dir='ltr'><strong><em>et</em></strong></span> <span class='ocrx_word' id='word_1_710' title='bbox 2031 4947 2144 5002; x_wconf 90' lang='lat' dir='ltr'><strong><em>alii.</em></strong></span> 
     </span>
    </p>
   </div>
   <div class='ocr_carea' id='block_1_97' title="bbox 591 5036 2148 5106">
    <p class='ocr_par' dir='ltr' id='par_1_97' title="bbox 591 5036 2148 5106">
     <span class='ocr_line' id='line_1_97' title="bbox 591 5036 2148 5106; baseline 0.003 -16"><span class='ocrx_word' id='word_1_711' title='bbox 591 5036 722 5103; x_wconf 75' lang='lat' dir='ltr'><strong><em>Qua:</em></strong></span> <span class='ocrx_word' id='word_1_712' title='bbox 758 5037 878 5092; x_wconf 73' lang='lat' dir='ltr'><strong><em>duae</em></strong></span> <span class='ocrx_word' id='word_1_713' title='bbox 929 5038 1212 5106; x_wconf 83' lang='lat' dir='ltr'><strong><em>Opiniones</em></strong></span> <span class='ocrx_word' id='word_1_714' title='bbox 1264 5037 1366 5092; x_wconf 89' lang='lat' dir='ltr'><strong><em>etsi</em></strong></span> <span class='ocrx_word' id='word_1_715' title='bbox 1415 5038 1644 5092; x_wconf 90' lang='lat' dir='ltr'><strong><em>multum</em></strong></span> <span class='ocrx_word' id='word_1_716' title='bbox 1686 5037 1828 5092; x_wconf 89' lang='lat' dir='ltr'><strong><em>inter</em></strong></span> <span class='ocrx_word' id='word_1_717' title='bbox 1857 5053 1916 5093; x_wconf 90' lang='lat' dir='ltr'><strong><em>se</em></strong></span> <span class='ocrx_word' id='word_1_718' title='bbox 1943 5037 2148 5094; x_wconf 89' lang='lat' dir='ltr'><strong><em>distare</em></strong></span> 
     </span>
    </p>
   </div>
   <div class='ocr_carea' id='block_1_98' title="bbox 589 5120 2146 5192">
    <p class='ocr_par' dir='ltr' id='par_1_98' title="bbox 589 5120 2146 5192">
     <span class='ocr_line' id='line_1_98' title="bbox 589 5120 2146 5192; baseline 0.002 -17"><span class='ocrx_word' id='word_1_719' title='bbox 589 5121 863 5187; x_wconf 86' lang='lat' dir='ltr'><strong><em>videntur,</em></strong></span> <span class='ocrx_word' id='word_1_720' title='bbox 902 5136 1002 5192; x_wconf 85' lang='lat' dir='ltr'><strong><em>ego</em></strong></span> <span class='ocrx_word' id='word_1_721' title='bbox 1036 5128 1217 5176; x_wconf 87' lang='lat' dir='ltr'><strong><em>tamen</em></strong></span> <span class='ocrx_word' id='word_1_722' title='bbox 1250 5121 1478 5177; x_wconf 81' lang='lat' dir='ltr'><strong><em>dixerim</em></strong></span> <span class='ocrx_word' id='word_1_723' title='bbox 1519 5129 1767 5178; x_wconf 90' lang='lat' dir='ltr'><strong><em>neutram</em></strong></span> <span class='ocrx_word' id='word_1_724' title='bbox 1801 5120 2014 5190; x_wconf 85' lang='lat' dir='ltr'><strong><em>falsam,</em></strong></span> <span class='ocrx_word' id='word_1_725' title='bbox 2051 5122 2146 5178; x_wconf 88' lang='lat' dir='ltr'><strong><em>sed</em></strong></span> 
     </span>
    </p>
   </div>
   <div class='ocr_carea' id='block_1_99' title="bbox 589 5210 2145 5280">
    <p class='ocr_par' dir='ltr' id='par_1_99' title="bbox 589 5210 2145 5280">
     <span class='ocr_line' id='line_1_99' title="bbox 589 5210 2145 5280; baseline 0.003 -16"><span class='ocrx_word' id='word_1_726' title='bbox 589 5210 951 5266; x_wconf 90' lang='lat' dir='ltr'><strong><em>certissimam</em></strong></span> <span class='ocrx_word' id='word_1_727' title='bbox 975 5218 1262 5280; x_wconf 88' lang='lat' dir='ltr'><strong><em>utramque</em></strong></span> <span class='ocrx_word' id='word_1_728' title='bbox 1283 5219 1338 5265; x_wconf 92' lang='lat' dir='ltr'><strong><em>et</em></strong></span> <span class='ocrx_word' id='word_1_729' title='bbox 1358 5227 1562 5277; x_wconf 89' lang='lat' dir='ltr'><strong><em>veram,</em></strong></span> <span class='ocrx_word' id='word_1_730' title='bbox 1588 5213 1635 5266; x_wconf 89' lang='lat' dir='ltr'><strong><em>si</em></strong></span> <span class='ocrx_word' id='word_1_731' title='bbox 1663 5227 1771 5267; x_wconf 90' lang='lat' dir='ltr'><strong><em>non</em></strong></span> <span class='ocrx_word' id='word_1_732' title='bbox 1797 5212 1864 5267; x_wconf 92' lang='lat' dir='ltr'><strong><em>de</em></strong></span> <span class='ocrx_word' id='word_1_733' title='bbox 1887 5214 2145 5269; x_wconf 89' lang='lat' dir='ltr'><strong><em>universo</em></strong></span> 
     </span>
    </p>
   </div>
   <div class='ocr_carea' id='block_1_100' title="bbox 589 5302 2143 5375">
    <p class='ocr_par' dir='ltr' id='par_1_100' title="bbox 589 5302 2143 5375">
     <span class='ocr_line' id='line_1_100' title="bbox 589 5302 2143 5375; baseline 0.002 -18"><span class='ocrx_word' id='word_1_734' title='bbox 589 5313 746 5357; x_wconf 63' lang='lat' dir='ltr'><strong><em>terra:</em></strong></span> <span class='ocrx_word' id='word_1_735' title='bbox 767 5302 1055 5366; x_wconf 85' lang='lat' dir='ltr'><strong><em>elemento,</em></strong></span> <span class='ocrx_word' id='word_1_736' title='bbox 1085 5316 1260 5371; x_wconf 88' lang='lat' dir='ltr'><strong><em>neque</em></strong></span> <span class='ocrx_word' id='word_1_737' title='bbox 1282 5317 1454 5372; x_wconf 63' lang='lat' dir='ltr'><strong><em>aquae,</em></strong></span> <span class='ocrx_word' id='word_1_738' title='bbox 1485 5303 1579 5358; x_wconf 89' lang='lat' dir='ltr'><strong><em>sed</em></strong></span> <span class='ocrx_word' id='word_1_739' title='bbox 1617 5312 1771 5375; x_wconf 87' lang='lat' dir='ltr'><strong><em>parte</em></strong></span> <span class='ocrx_word' id='word_1_740' title='bbox 1796 5305 2030 5375; x_wconf 90' lang='lat' dir='ltr'><strong><em>quadam</em></strong></span> <span class='ocrx_word' id='word_1_741' title='bbox 2056 5305 2143 5360; x_wconf 92' lang='lat' dir='ltr'><strong><em>in-</em></strong></span> 
     </span>
    </p>
   </div>
   <div class='ocr_carea' id='block_1_101' title="bbox 587 5392 2144 5468">
    <p class='ocr_par' dir='ltr' id='par_1_101' title="bbox 587 5392 2144 5468">
     <span class='ocr_line' id='line_1_101' title="bbox 587 5392 2144 5468; baseline 0.001 -20"><span class='ocrx_word' id='word_1_742' title='bbox 587 5394 880 5465; x_wconf 83' lang='lat' dir='ltr'><strong><em>telligatur.</em></strong></span> <span class='ocrx_word' id='word_1_743' title='bbox 929 5392 1188 5459; x_wconf 84' lang='lat' dir='ltr'><strong><em>Quamvis</em></strong></span> <span class='ocrx_word' id='word_1_744' title='bbox 1219 5394 1363 5448; x_wconf 89' lang='lat' dir='ltr'><strong><em>enim</em></strong></span> <span class='ocrx_word' id='word_1_745' title='bbox 1400 5394 1543 5451; x_wconf 89' lang='lat' dir='ltr'><strong><em>Deus</em></strong></span> <span class='ocrx_word' id='word_1_746' title='bbox 1573 5411 1744 5468; x_wconf 85' lang='lat' dir='ltr'><strong><em>aquas</em></strong></span> <span class='ocrx_word' id='word_1_747' title='bbox 1784 5405 1985 5452; x_wconf 90' lang='lat' dir='ltr'><strong><em>terram</em></strong></span> <span class='ocrx_word' id='word_1_748' title='bbox 2025 5412 2144 5452; x_wconf 92' lang='lat' dir='ltr'><strong><em>om-</em></strong></span> 
     </span>
    </p>
   </div>
   <div class='ocr_carea' id='block_1_102' title="bbox 586 5481 2197 5558">
    <p class='ocr_par' dir='ltr' id='par_1_102' title="bbox 586 5481 2197 5558">
     <span class='ocr_line' id='line_1_102' title="bbox 586 5481 2197 5558; baseline 0.002 -18"><span class='ocrx_word' id='word_1_749' title='bbox 586 5501 711 5541; x_wconf 88' lang='lat' dir='ltr'><strong><em>nem</em></strong></span> <span class='ocrx_word' id='word_1_750' title='bbox 740 5501 841 5541; x_wconf 90' lang='lat' dir='ltr'><strong><em>suo</em></strong></span> <span class='ocrx_word' id='word_1_751' title='bbox 873 5485 1022 5540; x_wconf 80' lang='lat' dir='ltr'><strong><em>ﬂuxu</em></strong></span> <span class='ocrx_word' id='word_1_752' title='bbox 1061 5494 1388 5556; x_wconf 83' lang='lat' dir='ltr'><strong><em>occupantes</em></strong></span> <span class='ocrx_word' id='word_1_753' title='bbox 1414 5498 1690 5558; x_wconf 84' lang='lat' dir='ltr'><strong><em>separatas</em></strong></span> <span class='ocrx_word' id='word_1_754' title='bbox 1735 5489 1789 5543; x_wconf 89' lang='lat' dir='ltr'><strong><em>in</em></strong></span> <span class='ocrx_word' id='word_1_755' title='bbox 1828 5506 1994 5544; x_wconf 91' lang='lat' dir='ltr'><strong><em>unum</em></strong></span> <span class='ocrx_word' id='word_1_756' title='bbox 2027 5489 2142 5545; x_wconf 89' lang='lat' dir='ltr'><strong><em>vel-</em></strong></span> <span class='ocrx_word' id='word_1_757' title='bbox 2195 5481 2197 5483; x_wconf 65' lang='grc'><em>’</em></span> 
     </span>
    </p>
   </div>
   <div class='ocr_carea' id='block_1_103' title="bbox 586 5578 2140 5645">
    <p class='ocr_par' dir='ltr' id='par_1_103' title="bbox 586 5578 2140 5645">
     <span class='ocr_line' id='line_1_103' title="bbox 586 5578 2140 5645; baseline 0.003 -15"><span class='ocrx_word' id='word_1_758' title='bbox 586 5578 663 5631; x_wconf 78' lang='lat' dir='ltr'><strong><em>uti</em></strong></span> <span class='ocrx_word' id='word_1_759' title='bbox 703 5579 903 5644; x_wconf 91' lang='lat' dir='ltr'><strong><em>locum,</em></strong></span> <span class='ocrx_word' id='word_1_760' title='bbox 935 5585 988 5633; x_wconf 89' lang='lat' dir='ltr'><strong><em>et</em></strong></span> <span class='ocrx_word' id='word_1_761' title='bbox 1043 5580 1327 5634; x_wconf 86' lang='lat' dir='ltr'><strong><em>stationem</em></strong></span> <span class='ocrx_word' id='word_1_762' title='bbox 1376 5580 1655 5645; x_wconf 90' lang='lat' dir='ltr'><strong><em>detulerit,</em></strong></span> <span class='ocrx_word' id='word_1_763' title='bbox 1689 5588 1744 5636; x_wconf 89' lang='lat' dir='ltr'><strong><em>et</em></strong></span> <span class='ocrx_word' id='word_1_764' title='bbox 1775 5589 1918 5635; x_wconf 88' lang='lat' dir='ltr'><strong><em>terra</em></strong></span> <span class='ocrx_word' id='word_1_765' title='bbox 1956 5596 2050 5637; x_wconf 89' lang='lat' dir='ltr'><strong><em>eas</em></strong></span> <span class='ocrx_word' id='word_1_766' title='bbox 2085 5582 2140 5636; x_wconf 93' lang='lat' dir='ltr'><strong><em>in</em></strong></span> 
     </span>
    </p>
   </div>
   <div class='ocr_carea' id='block_1_104' title="bbox 586 5669 2139 5742">
    <p class='ocr_par' dir='ltr' id='par_1_104' title="bbox 586 5669 2139 5742">
     <span class='ocr_line' id='line_1_104' title="bbox 586 5669 2139 5742; baseline 0.006 -23"><span class='ocrx_word' id='word_1_767' title='bbox 586 5669 809 5736; x_wconf 88' lang='lat' dir='ltr'><strong><em>proprio</em></strong></span> <span class='ocrx_word' id='word_1_768' title='bbox 832 5669 976 5733; x_wconf 89' lang='lat' dir='ltr'><strong><em>sinu,</em></strong></span> <span class='ocrx_word' id='word_1_769' title='bbox 1007 5685 1238 5726; x_wconf 88' lang='lat' dir='ltr'><strong><em>caverna</em></strong></span> <span class='ocrx_word' id='word_1_770' title='bbox 1267 5671 1532 5725; x_wconf 79' lang='lat' dir='ltr'><strong><em>duntaxat</em></strong></span> <span class='ocrx_word' id='word_1_771' title='bbox 1564 5672 1922 5742; x_wconf 86' lang='lat' dir='ltr'><strong><em>amplissima,</em></strong></span> <span class='ocrx_word' id='word_1_772' title='bbox 1948 5682 2139 5728; x_wconf 92' lang='lat' dir='ltr'><strong><em>mutuo</em></strong></span> 
     </span>
    </p>
   </div>
   <div class='ocr_carea' id='block_1_105' title="bbox 588 5759 2135 5833">
    <p class='ocr_par' dir='ltr' id='par_1_105' title="bbox 588 5759 2135 5833">
     <span class='ocr_line' id='line_1_105' title="bbox 588 5759 2135 5833; baseline 0.005 -22"><span class='ocrx_word' id='word_1_773' title='bbox 588 5759 867 5826; x_wconf 83' lang='lat' dir='ltr'><strong><em>complexu</em></strong></span> <span class='ocrx_word' id='word_1_774' title='bbox 895 5765 1183 5831; x_wconf 82' lang='lat' dir='ltr'><strong><em>exceperit,</em></strong></span> <span class='ocrx_word' id='word_1_775' title='bbox 1219 5779 1327 5818; x_wconf 92' lang='lat' dir='ltr'><strong><em>non</em></strong></span> <span class='ocrx_word' id='word_1_776' title='bbox 1372 5770 1552 5819; x_wconf 83' lang='lat' dir='ltr'><strong><em>tamen</em></strong></span> <span class='ocrx_word' id='word_1_777' title='bbox 1592 5763 1644 5817; x_wconf 94' lang='lat' dir='ltr'><strong><em>id</em></strong></span> <span class='ocrx_word' id='word_1_778' title='bbox 1677 5763 1748 5817; x_wconf 87' lang='lat' dir='ltr'><strong><em>ita</em></strong></span> <span class='ocrx_word' id='word_1_779' title='bbox 1790 5764 2036 5833; x_wconf 78' lang='lat' dir='ltr'><strong><em>contigit,</em></strong></span> <span class='ocrx_word' id='word_1_780' title='bbox 2077 5773 2135 5820; x_wconf 89' lang='lat' dir='ltr'><strong><em>ut</em></strong></span> 
     </span>
    </p>
   </div>
   <div class='ocr_carea' id='block_1_106' title="bbox 2251 4574 3804 4654">
    <p class='ocr_par' dir='ltr' id='par_1_106' title="bbox 2251 4574 3804 4654">
     <span class='ocr_line' id='line_1_106' title="bbox 2251 4574 3804 4654; baseline 0.002 -20"><span class='ocrx_word' id='word_1_781' title='bbox 2251 4581 2447 4636; x_wconf 86' lang='grc' dir='ltr'>λαιῶν·</span> <span class='ocrx_word' id='word_1_782' title='bbox 2491 4580 2604 4634; x_wconf 82' lang='grc' dir='ltr'>ἀλλ’</span> <span class='ocrx_word' id='word_1_783' title='bbox 2634 4574 2790 4652; x_wconf 77' lang='grc' dir='ltr'>εὗρεν</span> <span class='ocrx_word' id='word_1_784' title='bbox 2835 4581 3168 4652; x_wconf 83' lang='grc' dir='ltr'>ὑψηλοτέραν</span> <span class='ocrx_word' id='word_1_785' title='bbox 3213 4578 3374 4635; x_wconf 77' lang='grc' dir='ltr'>οὖσαν</span> <span class='ocrx_word' id='word_1_786' title='bbox 3401 4583 3497 4654; x_wconf 79' lang='grc' dir='ltr'>τὴν</span> <span class='ocrx_word' id='word_1_787' title='bbox 3544 4583 3804 4637; x_wconf 74' lang='grc' dir='ltr'>θάλατταη</span> 
     </span>
    </p>
   </div>
   <div class='ocr_carea' id='block_1_107' title="bbox 2247 4671 3804 4744">
    <p class='ocr_par' dir='ltr' id='par_1_107' title="bbox 2247 4671 3804 4744">
     <span class='ocr_line' id='line_1_107' title="bbox 2247 4671 3804 4744; baseline 0.002 -19"><span class='ocrx_word' id='word_1_788' title='bbox 2247 4674 2344 4744; x_wconf 84' lang='grc' dir='ltr'><strong><em>τῆς</em></strong></span> <span class='ocrx_word' id='word_1_789' title='bbox 2376 4673 2496 4743; x_wconf 83' lang='grc' dir='ltr'>γῆς.</span> <span class='ocrx_word' id='word_1_790' title='bbox 2531 4671 2620 4724; x_wconf 82' lang='grc' dir='ltr'><strong><em>Διὸ</em></strong></span> <span class='ocrx_word' id='word_1_791' title='bbox 2653 4673 2855 4736; x_wconf 76' lang='grc' dir='ltr'>ἐκεῖνός</span> <span class='ocrx_word' id='word_1_792' title='bbox 2875 4689 2934 4724; x_wconf 90' lang='grc' dir='ltr'><strong><em>τε</em></strong></span> <span class='ocrx_word' id='word_1_793' title='bbox 2976 4673 3258 4744; x_wconf 84' lang='grc' dir='ltr'>πρότερον,</span> <span class='ocrx_word' id='word_1_794' title='bbox 3288 4675 3376 4725; x_wconf 75' lang='grc' dir='ltr'><strong><em>καὶ</em></strong></span> <span class='ocrx_word' id='word_1_795' title='bbox 3403 4675 3620 4744; x_wconf 89' lang='grc' dir='ltr'>Δαρεῖος</span> <span class='ocrx_word' id='word_1_796' title='bbox 3653 4673 3804 4728; x_wconf 81' lang='grc' dir='ltr'>ὓστε-</span> 
     </span>
    </p>
   </div>
   <div class='ocr_carea' id='block_1_108' title="bbox 2250 4761 3802 4838">
    <p class='ocr_par' dir='ltr' id='par_1_108' title="bbox 2250 4761 3802 4838">
     <span class='ocr_line' id='line_1_108' title="bbox 2250 4761 3802 4838; baseline 0.001 -22"><span class='ocrx_word' id='word_1_797' title='bbox 2250 4781 2339 4836; x_wconf 80' lang='grc' dir='ltr'><strong><em>ρον</em></strong></span> <span class='ocrx_word' id='word_1_798' title='bbox 2361 4761 2631 4816; x_wconf 81' lang='grc' dir='ltr'>ἐπαύσατο</span> <span class='ocrx_word' id='word_1_799' title='bbox 2657 4764 2965 4835; x_wconf 84' lang='grc' dir='ltr'>διορύττων,</span> <span class='ocrx_word' id='word_1_800' title='bbox 2985 4764 3132 4828; x_wconf 83' lang='grc' dir='ltr'>ὅπως</span> <span class='ocrx_word' id='word_1_801' title='bbox 3160 4765 3232 4834; x_wconf 80' lang='grc' dir='ltr'><strong><em>μὴ</em></strong></span> <span class='ocrx_word' id='word_1_802' title='bbox 3255 4764 3520 4838; x_wconf 74' lang='grc' dir='ltr'>διαφθαρῇ</span> <span class='ocrx_word' id='word_1_803' title='bbox 3542 4765 3602 4818; x_wconf 87' lang='grc' dir='ltr'><strong><em>τὸ</em></strong></span> <span class='ocrx_word' id='word_1_804' title='bbox 3632 4765 3802 4835; x_wconf 77' lang='grc' dir='ltr'>ῥεῦμα</span> 
     </span>
    </p>
   </div>
   <div class='ocr_carea' id='block_1_109' title="bbox 2246 4854 3800 4926">
    <p class='ocr_par' dir='ltr' id='par_1_109' title="bbox 2246 4854 3800 4926">
     <span class='ocr_line' id='line_1_109' title="bbox 2246 4854 3800 4926; baseline 0.003 -20"><span class='ocrx_word' id='word_1_805' title='bbox 2246 4854 2336 4907; x_wconf 81' lang='grc' dir='ltr'>τοῦ</span> <span class='ocrx_word' id='word_1_806' title='bbox 2394 4854 2638 4924; x_wconf 79' lang='grc' dir='ltr'>ποταμοῦ</span> <span class='ocrx_word' id='word_1_807' title='bbox 2689 4855 3053 4926; x_wconf 82' lang='grc' dir='ltr'>συμμιγείσης</span> <span class='ocrx_word' id='word_1_808' title='bbox 3111 4855 3209 4925; x_wconf 80' lang='grc' dir='ltr'>τῆς</span> <span class='ocrx_word' id='word_1_809' title='bbox 3255 4855 3540 4926; x_wconf 84' lang='grc' dir='ltr'>θαλάττης.</span> <span class='ocrx_word' id='word_1_810' title='bbox 3607 4856 3800 4911; x_wconf 86' lang='lat' dir='ltr'><strong><em>Strabo</em></strong></span> 
     </span>
    </p>
   </div>
   <div class='ocr_carea' id='block_1_110' title="bbox 2247 4945 3804 5020">
    <p class='ocr_par' dir='ltr' id='par_1_110' title="bbox 2247 4945 3804 5020">
     <span class='ocr_line' id='line_1_110' title="bbox 2247 4945 3804 5020; baseline 0.001 -21"><span class='ocrx_word' id='word_1_811' title='bbox 2247 4945 2341 5000; x_wconf 91' lang='lat' dir='ltr'><strong><em>lib.</em></strong></span> <span class='ocrx_word' id='word_1_812' title='bbox 2368 4960 2383 4999; x_wconf 89' lang='grc' dir='ltr'><strong><em>ι</em></strong></span> <span class='ocrx_word' id='word_1_813' title='bbox 2422 4945 2753 5010; x_wconf 74' lang='grc' dir='ltr'>εἈπιθάνως</span> <span class='ocrx_word' id='word_1_814' title='bbox 2777 4945 2832 5000; x_wconf 84' lang='grc' dir='ltr'>δὲ</span> <span class='ocrx_word' id='word_1_815' title='bbox 2864 4947 3024 5014; x_wconf 82' lang='grc' dir='ltr'>λέγω,</span> <span class='ocrx_word' id='word_1_816' title='bbox 3054 4948 3134 5000; x_wconf 83' lang='grc' dir='ltr'>ὅτι</span> <span class='ocrx_word' id='word_1_817' title='bbox 3167 4947 3272 5019; x_wconf 83' lang='grc' dir='ltr'>πρὸ</span> <span class='ocrx_word' id='word_1_818' title='bbox 3301 4947 3406 5000; x_wconf 84' lang='grc' dir='ltr'><strong><em>τῶν</em></strong></span> <span class='ocrx_word' id='word_1_819' title='bbox 3438 4948 3694 5020; x_wconf 85' lang='grc' dir='ltr'>Τρωῖκῶν</span> <span class='ocrx_word' id='word_1_820' title='bbox 3716 4949 3804 5000; x_wconf 83' lang='grc' dir='ltr'>οὑ-</span> 
     </span>
    </p>
   </div>
   <div class='ocr_carea' id='block_1_111' title="bbox 2244 5033 3798 5110">
    <p class='ocr_par' dir='ltr' id='par_1_111' title="bbox 2244 5033 3798 5110">
     <span class='ocr_line' id='line_1_111' title="bbox 2244 5033 3798 5110; baseline 0.001 -20"><span class='ocrx_word' id='word_1_821' title='bbox 2244 5037 2404 5108; x_wconf 79' lang='grc' dir='ltr'>δεμία</span> <span class='ocrx_word' id='word_1_822' title='bbox 2441 5033 2508 5109; x_wconf 80' lang='grc' dir='ltr'>ἦν</span> <span class='ocrx_word' id='word_1_823' title='bbox 2534 5037 2750 5110; x_wconf 79' lang='grc' dir='ltr'>διώρυξ.</span> <span class='ocrx_word' id='word_1_824' title='bbox 2774 5039 2877 5092; x_wconf 87' lang='grc' dir='ltr'>Τὸν</span> <span class='ocrx_word' id='word_1_825' title='bbox 2911 5037 2968 5092; x_wconf 85' lang='grc' dir='ltr'>δὲ</span> <span class='ocrx_word' id='word_1_826' title='bbox 3009 5039 3429 5110; x_wconf 79' lang='grc' dir='ltr'>ἐπιχειρήσαντα</span> <span class='ocrx_word' id='word_1_827' title='bbox 3463 5040 3682 5110; x_wconf 81' lang='grc' dir='ltr'>ποιῆσαι</span> <span class='ocrx_word' id='word_1_828' title='bbox 3713 5041 3798 5092; x_wconf 75' lang='grc' dir='ltr'><strong><em>Σέ⁸</em></strong></span> 
     </span>
    </p>
   </div>
   <div class='ocr_carea' id='block_1_112' title="bbox 2247 5133 3800 5204">
    <p class='ocr_par' dir='ltr' id='par_1_112' title="bbox 2247 5133 3800 5204">
     <span class='ocr_line' id='line_1_112' title="bbox 2247 5133 3800 5204; baseline 0.001 -20"><span class='ocrx_word' id='word_1_829' title='bbox 2247 5148 2475 5203; x_wconf 89' lang='grc' dir='ltr'>σωστριν</span> <span class='ocrx_word' id='word_1_830' title='bbox 2505 5133 2804 5204; x_wconf 78' lang='grc' dir='ltr'>ἀποστῆναί</span> <span class='ocrx_word' id='word_1_831' title='bbox 2837 5150 2988 5202; x_wconf 83' lang='grc' dir='ltr'>φασι,</span> <span class='ocrx_word' id='word_1_832' title='bbox 3039 5133 3437 5204; x_wconf 84' lang='grc' dir='ltr'>μετεωροτέραν</span> <span class='ocrx_word' id='word_1_833' title='bbox 3471 5133 3800 5186; x_wconf 78' lang='grc' dir='ltr'>ὑπολαϐόντα</span> 
     </span>
    </p>
   </div>
   <div class='ocr_carea' id='block_1_113' title="bbox 2242 5221 3798 5294">
    <p class='ocr_par' dir='ltr' id='par_1_113' title="bbox 2242 5221 3798 5294">
     <span class='ocr_line' id='line_1_113' title="bbox 2242 5221 3798 5294; baseline 0 -19"><span class='ocrx_word' id='word_1_834' title='bbox 2242 5221 2339 5294; x_wconf 82' lang='grc' dir='ltr'><strong><em>τὴν</em></strong></span> <span class='ocrx_word' id='word_1_835' title='bbox 2363 5223 2462 5294; x_wconf 78' lang='grc' dir='ltr'>τῆς</span> <span class='ocrx_word' id='word_1_836' title='bbox 2501 5223 2766 5293; x_wconf 87' lang='grc' dir='ltr'>θαλάττης</span> <span class='ocrx_word' id='word_1_837' title='bbox 2801 5223 3140 5292; x_wconf 72' lang='grc' dir='ltr'>ἐπιφάνειαν.</span> <span class='ocrx_word' id='word_1_838' title='bbox 3172 5225 3236 5276; x_wconf 83' lang='lat' dir='ltr'><strong><em>Et</em></strong></span> <span class='ocrx_word' id='word_1_839' title='bbox 3260 5223 3357 5279; x_wconf 90' lang='lat' dir='ltr'><strong><em>lib.</em></strong></span> <span class='ocrx_word' id='word_1_840' title='bbox 3392 5239 3500 5277; x_wconf 82' lang='lat' dir='ltr'><strong><em>xvn</em></strong></span> <span class='ocrx_word' id='word_1_841' title='bbox 3533 5224 3798 5294; x_wconf 77' lang='grc' dir='ltr'>εἘτμήθη</span> 
     </span>
    </p>
   </div>
   <div class='ocr_carea' id='block_1_114' title="bbox 2241 5312 3795 5386">
    <p class='ocr_par' dir='ltr' id='par_1_114' title="bbox 2241 5312 3795 5386">
     <span class='ocr_line' id='line_1_114' title="bbox 2241 5312 3795 5386; baseline 0.001 -21"><span class='ocrx_word' id='word_1_842' title='bbox 2241 5313 2298 5365; x_wconf 82' lang='grc' dir='ltr'><strong><em>δὲ</em></strong></span> <span class='ocrx_word' id='word_1_843' title='bbox 2326 5314 2358 5383; x_wconf 86' lang='grc' dir='ltr'><strong>ἡ</strong></span> <span class='ocrx_word' id='word_1_844' title='bbox 2386 5312 2583 5386; x_wconf 81' lang='grc' dir='ltr'>διώρυξ</span> <span class='ocrx_word' id='word_1_845' title='bbox 2605 5314 2883 5386; x_wconf 84' lang='grc' dir='ltr'>καταρχὰς</span> <span class='ocrx_word' id='word_1_846' title='bbox 2916 5315 3012 5385; x_wconf 84' lang='grc' dir='ltr'>μὲν</span> <span class='ocrx_word' id='word_1_847' title='bbox 3043 5313 3145 5367; x_wconf 76' lang='grc' dir='ltr'>ὑπὸ</span> <span class='ocrx_word' id='word_1_848' title='bbox 3176 5313 3512 5385; x_wconf 85' lang='grc' dir='ltr'>Σεσώστριος</span> <span class='ocrx_word' id='word_1_849' title='bbox 3557 5315 3663 5384; x_wconf 84' lang='grc' dir='ltr'><strong><em>πρὸ</em></strong></span> <span class='ocrx_word' id='word_1_850' title='bbox 3693 5314 3795 5366; x_wconf 85' lang='grc' dir='ltr'><strong><em>τῶν</em></strong></span> 
     </span>
    </p>
   </div>
   <div class='ocr_carea' id='block_1_115' title="bbox 2242 5402 3798 5474">
    <p class='ocr_par' dir='ltr' id='par_1_115' title="bbox 2242 5402 3798 5474">
     <span class='ocr_line' id='line_1_115' title="bbox 2242 5402 3798 5474; baseline 0.001 -21"><span class='ocrx_word' id='word_1_851' title='bbox 2242 5402 2522 5474; x_wconf 83' lang='grc' dir='ltr'>Τρωῖκῶν,</span> <span class='ocrx_word' id='word_1_852' title='bbox 2547 5405 2595 5457; x_wconf 90' lang='grc' dir='ltr'>οἱ</span> <span class='ocrx_word' id='word_1_853' title='bbox 2623 5403 2679 5456; x_wconf 84' lang='grc' dir='ltr'>δὲ</span> <span class='ocrx_word' id='word_1_854' title='bbox 2726 5404 2829 5457; x_wconf 86' lang='grc' dir='ltr'>ὑπὸ</span> <span class='ocrx_word' id='word_1_855' title='bbox 2875 5404 2970 5456; x_wconf 80' lang='grc' dir='ltr'>τοῦ</span> <span class='ocrx_word' id='word_1_856' title='bbox 3008 5403 3374 5474; x_wconf 80' lang='grc' dir='ltr'>Ψαμμητίχου</span> <span class='ocrx_word' id='word_1_857' title='bbox 3409 5403 3594 5466; x_wconf 77' lang='grc' dir='ltr'>παιδὸς</span> <span class='ocrx_word' id='word_1_858' title='bbox 3641 5402 3798 5474; x_wconf 84' lang='grc' dir='ltr'>ἀρξα-</span> 
     </span>
    </p>
   </div>
   <div class='ocr_carea' id='block_1_116' title="bbox 2245 5492 3797 5566">
    <p class='ocr_par' dir='ltr' id='par_1_116' title="bbox 2245 5492 3797 5566">
     <span class='ocr_line' id='line_1_116' title="bbox 2245 5492 3797 5566; baseline -0.001 -19"><span class='ocrx_word' id='word_1_859' title='bbox 2245 5495 2404 5564; x_wconf 88' lang='grc' dir='ltr'>μένου</span> <span class='ocrx_word' id='word_1_860' title='bbox 2441 5496 2620 5566; x_wconf 84' lang='grc' dir='ltr'>μόνον,</span> <span class='ocrx_word' id='word_1_861' title='bbox 2668 5492 2785 5550; x_wconf 72' lang='grc' dir='ltr'>εἶτα</span> <span class='ocrx_word' id='word_1_862' title='bbox 2829 5496 3138 5559; x_wconf 78' lang='grc' dir='ltr'>ἐκλιπόντος</span> <span class='ocrx_word' id='word_1_863' title='bbox 3178 5495 3269 5549; x_wconf 84' lang='grc' dir='ltr'>τὸν</span> <span class='ocrx_word' id='word_1_864' title='bbox 3314 5495 3454 5566; x_wconf 86' lang='grc' dir='ltr'>βίον·</span> <span class='ocrx_word' id='word_1_865' title='bbox 3497 5495 3716 5566; x_wconf 78' lang='grc' dir='ltr'>ὕστερον</span> <span class='ocrx_word' id='word_1_866' title='bbox 3746 5494 3797 5546; x_wconf 85' lang='grc' dir='ltr'>δὲ</span> 
     </span>
    </p>
   </div>
   <div class='ocr_carea' id='block_1_117' title="bbox 2241 5585 3796 5659">
    <p class='ocr_par' dir='ltr' id='par_1_117' title="bbox 2241 5585 3796 5659">
     <span class='ocr_line' id='line_1_117' title="bbox 2241 5585 3796 5659; baseline 0.001 -22"><span class='ocrx_word' id='word_1_867' title='bbox 2241 5585 2344 5638; x_wconf 84' lang='grc' dir='ltr'>ὑπὸ</span> <span class='ocrx_word' id='word_1_868' title='bbox 2373 5587 2595 5656; x_wconf 85' lang='grc' dir='ltr'>Δαρείου</span> <span class='ocrx_word' id='word_1_869' title='bbox 2619 5588 2712 5640; x_wconf 81' lang='grc' dir='ltr'>τοῦ</span> <span class='ocrx_word' id='word_1_870' title='bbox 2738 5587 2949 5659; x_wconf 83' lang='grc' dir='ltr'>πρώτου</span> <span class='ocrx_word' id='word_1_871' title='bbox 2975 5586 3355 5657; x_wconf 79' lang='grc' dir='ltr'>διαδεξαμένου</span> <span class='ocrx_word' id='word_1_872' title='bbox 3387 5586 3445 5638; x_wconf 82' lang='grc' dir='ltr'><strong><em>τὸ</em></strong></span> <span class='ocrx_word' id='word_1_873' title='bbox 3472 5585 3596 5653; x_wconf 79' lang='grc' dir='ltr'>ἑξῆς</span> <span class='ocrx_word' id='word_1_874' title='bbox 3625 5585 3796 5655; x_wconf 74' lang='grc' dir='ltr'>ἔργον.</span> 
     </span>
    </p>
   </div>
   <div class='ocr_carea' id='block_1_118' title="bbox 2241 5673 3797 5752">
    <p class='ocr_par' dir='ltr' id='par_1_118' title="bbox 2241 5673 3797 5752">
     <span class='ocr_line' id='line_1_118' title="bbox 2241 5673 3797 5752; baseline -0.001 -23"><span class='ocrx_word' id='word_1_875' title='bbox 2241 5675 2342 5730; x_wconf 76' lang='grc' dir='ltr'><strong><em>Καὶ</em></strong></span> <span class='ocrx_word' id='word_1_876' title='bbox 2385 5673 2536 5742; x_wconf 74' lang='grc' dir='ltr'>οὗτος</span> <span class='ocrx_word' id='word_1_877' title='bbox 2558 5679 2634 5743; x_wconf 83' lang='grc' dir='ltr'><strong><em>δὲ,</em></strong></span> <span class='ocrx_word' id='word_1_878' title='bbox 2662 5680 2788 5752; x_wconf 76' lang='grc' dir='ltr'>δόξῃ</span> <span class='ocrx_word' id='word_1_879' title='bbox 2816 5681 2999 5748; x_wconf 81' lang='grc' dir='ltr'>ψευδεῖ</span> <span class='ocrx_word' id='word_1_880' title='bbox 3039 5679 3302 5743; x_wconf 76' lang='grc' dir='ltr'>πεισθεὶς,</span> <span class='ocrx_word' id='word_1_881' title='bbox 3335 5680 3510 5748; x_wconf 69' lang='grc' dir='ltr'>ἀφῆκε</span> <span class='ocrx_word' id='word_1_882' title='bbox 3541 5678 3599 5730; x_wconf 79' lang='grc' dir='ltr'><strong><em>τὸ</em></strong></span> <span class='ocrx_word' id='word_1_883' title='bbox 3647 5677 3797 5749; x_wconf 77' lang='grc' dir='ltr'>ἔργον</span> 
     </span>
    </p>
   </div>
   <div class='ocr_carea' id='block_1_119' title="bbox 2241 5769 3796 5845">
    <p class='ocr_par' dir='ltr' id='par_1_119' title="bbox 2241 5769 3796 5845">
     <span class='ocr_line' id='line_1_119' title="bbox 2241 5769 3796 5845; baseline -0.001 -25"><span class='ocrx_word' id='word_1_884' title='bbox 2241 5770 2366 5840; x_wconf 76' lang='grc' dir='ltr'>περὶ</span> <span class='ocrx_word' id='word_1_885' title='bbox 2416 5770 2718 5825; x_wconf 71' lang='grc' dir='ltr'>συντέλειαν</span> <span class='ocrx_word' id='word_1_886' title='bbox 2763 5772 2883 5845; x_wconf 67' lang='grc' dir='ltr'>ἤδη.</span> <span class='ocrx_word' id='word_1_887' title='bbox 2927 5771 3181 5843; x_wconf 79' lang='grc' dir='ltr'>Ἐπεξσθη</span> <span class='ocrx_word' id='word_1_888' title='bbox 3235 5771 3342 5841; x_wconf 75' lang='grc' dir='ltr'><strong><em>γὰρ</em></strong></span> <span class='ocrx_word' id='word_1_889' title='bbox 3402 5769 3796 5841; x_wconf 70' lang='grc' dir='ltr'>μετεωροτέραν</span> 
     </span>
    </p>
   </div>
  </div>
