4064 6290
310 365 416 422 857

1333 353 1400 409 ΞΝ
1440 353 1808 410 EUSTATHll
1846 353 2319 412 ΠΕΧΑΕΜΕΒΟΝ
2355 355 2585 415 NOTAE.

3421 363 3525 421 838

306 471 446 531 εἶναι
493 473 590 544 τὴν
634 470 898 542 Ἐρυθρὰν
941 469 1204 524 θάλατταν
1235 469 1335 540 τῆς
1367 469 1664 540 Αἰγύπτου,
1693 471 1786 524 καὶ
1820 471 1858 523 εἰ

1971 469 2200 540 Reliqua
2251 470 2368 542 lege
2406 471 2548 542 apud
2597 471 2810 542 ipsum;
2849 472 2966 544 lege
3015 479 3274 544 praeterea
3325 472 3528 534 Macro-

306 567 586 638 διακοπείη
624 567 730 627 πᾶς
751 565 780 616 ὁ
811 561 1009 635 μεταξὺ
1042 562 1246 633 ἰσθμὸς,
1281 563 1771 634 ὲπικλυσθήσεσθαι
1796 567 1860 634 τῇ

307 659 544 731 θαλάττῃ
593 657 692 727 τὴν
735 657 1031 725 Αἴγυπτον.
1064 653 1130 709 Hi
1178 663 1360 708 tamen
1411 654 1741 710 dissentiunt
1796 655 1864 709 ab

307 750 603 816 Herodoto,
636 749 731 819 qui
782 763 971 803 omnes
1001 747 1178 802 fossas
1222 755 1276 802 et
1324 746 1579 818 dioryg‘es
1621 762 1652 800 a
1699 745 1863 802 Seso-

305 843 476 900 stride
499 841 670 895 fuisse
694 837 920 895 eli‘ossas
955 844 1144 892 auctor
1165 845 1270 901 est,
1303 835 1398 891 sed
1427 835 1494 890 de
1522 836 1625 888 hac
1650 851 1716 889 ne
1750 851 1864 890 ver-

305 935 434 989 bum
460 933 700 1004 quidem,
734 932 826 987 sed
853 931 976 1001 ejus
1015 929 1357 985 eﬂ‘ossionem
1391 928 1600 990 tribuit,
1663 927 1758 982 lib.
1801 942 1861 991 ιι,

303 1023 704 1081 Psammeticho
729 1023 863 1093 regi,
899 1023 991 1093 qui
1021 1023 1206 1076 multis
1229 1028 1350 1090 post
1385 1019 1672 1075 Sesostrim
1705 1021 1863 1075 annis

305 1117 438 1170 vixit
465 1136 477 1170 :
515 1114 884 1186 Ψαμμητίχου
911 1115 968 1168 δὲ
991 1111 1178 1176 Νεκὼς
1211 1115 1340 1176 παῖς
1367 1113 1599 1180 ἐγένετο,
1625 1113 1717 1165 καὶ
1735 1111 1862 1164 €60-

307 1208 482 1261 σίλευε
513 1205 808 1275 Αἰγύπτου,
846 1206 904 1269 ὃς
937 1207 1002 1276 τῇ
1035 1202 1256 1276 διώρυχι
1285 1203 1609 1274 ἐπεχείρησε
1650 1203 1863 1274 πρῶτος

301 1301 370 1370 τῇ
413 1300 492 1361 είς
530 1297 791 1370 Ἐρυθρὰν
828 1296 1096 1350 Θάλασσαν
1138 1295 1394 1368 φερούσῃ,
1442 1295 1538 1366 τὴν
1575 1298 1796 1368 Δαρεῖος
1833 1297 1862 1348 ὁ

305 1391 520 1461 Πέρσης
546 1389 773 1461 δεύτερα
808 1386 1054 1459 διώρυξε.
1087 1386 1231 1442 Idem
1277 1387 1508 1442 habetur
1554 1388 1693 1456 apud
1727 1388 1860 1440 Dio-

304 1477 511 1533 dorum.
569 1477 724 1533 Unde
770 1476 1043 1531 immerito
1093 1475 1512 1546 reprehenditur
1558 1492 1587 1530 a
1643 1477 1860 1532 Pererio

305 1569 540 1625 Basilius
577 1568 742 1622 veluti
790 1567 1050 1621 memoria
1103 1567 1310 1636 lapsus,
1351 1576 1443 1621 aut
1469 1568 1719 1622 mendum
1740 1569 1859 1639 ejus

305 1661 525 1730 scriptis
553 1659 766 1714 aliunde
793 1659 1096 1728 irrepsisse.

365 1751 482 1806 Col.
506 1751 629 1815 712,
651 1751 745 1804 lin.
773 1749 860 1803 55.
890 1749 1098 1818 Καὶμὴ
1130 1749 1246 1804 ἀπὸ
1266 1749 1486 1818 ταύτης
1505 1748 1723 1818 ἄλλην.
1754 1749 1857 1803 Ba-

303 1842 461 1899 silius
485 1842 630 1896 hom.
665 1841 699 1895 4
729 1859 743 1896 :
780 1841 1061 1894 Τουτέστιν
1089 1840 1220 1910 άλλη
1259 1840 1367 1894 ἀπὸ
1389 1840 1588 1912 ταύτης
1617 1841 1690 1912 μὴ
1726 1842 1858 1894 ἀπο·
1889 1823 1929 1876 Β

301 1933 601 2004 γενηθήτω,
627 1931 738 1986 ἀλλ’
768 1933 825 1986 ὲν
856 1934 922 2003 τῇ
957 1929 1146 2004 πρώτη
1180 1931 1405 2004 συλλογῇ
1435 1933 1779 2003 ἀπομεινάτω
1803 1933 1862 1985 τὸ

301 2025 677 2096 συναγόμενον.

370 2118 531 2183 lbid.,
563 2117 660 2172 lin.
689 2115 777 2173 56.
808 2113 1012 2170 Πολλὰ
1044 2114 1153 2184 γὰρ
1195 2108 1295 2184 ἦν.
1327 2113 1560 2169 Basilius
1591 2114 1736 2168 bom.
1779 2115 1816 2169 4
1843 2133 1856 2170 :

302 2211 534 2264 Ἔπειτα
559 2211 587 2263 ό
618 2206 785 2262 εἰπὼν
804 2205 1131 2276 συναχθῆναι
1157 2203 1224 2258 τὰ
1244 2203 1412 2259 ὕδατα
1436 2207 1514 2270 είς
1543 2206 1862 2278 συναγωγὴν

299 2302 452 2374 μίαν,
485 2300 650 2364 ἔδειξέ
691 2317 792 2364 σοι,
829 2300 909 2352 ὅτι
949 2297 1116 2350 πολλά
1145 2293 1213 2368 ἧν
1235 2297 1373 2351 κατὰ
1414 2297 1638 2362 πολλοὺς
1665 2298 1861 2363 τόπους

296 2393 601 2466 διῃρημένα
619 2391 686 2444 τὰ
715 2391 899 2444 ὕδατα.
930 2390 999 2442 Αἵ
1019 2406 1079 2442 τε
1121 2388 1229 2459 γὰρ
1251 2388 1358 2442 τῶν
1391 2389 1532 2461 ὀρῶν
1556 2390 1862 2462 κοιλότητες

299 2483 540 2554 φάραγξι
591 2481 829 2551 βαθείαις
873 2480 1280 2552 ὑπερρηγμέναι
1318 2476 1461 2551 εἶχον
1508 2480 1613 2532 τῶν
1656 2480 1860 2534 ὑδάτων

298 2575 399 2646 τὴν
434 2573 712 2644 συλλογήν.
758 2572 836 2626 Ex
870 2573 1068 2642 quibus
1117 2573 1237 2626 loco
1275 2572 1402 2626 huic
1445 2572 1638 2627 mutilo
1685 2588 1861 2628 reme-

300 2663 474 2728 dium,
519 2664 592 2717 ita
623 2663 768 2718 enim
800 2664 1026 2718 restitue
1061 2683 1073 2718 :
1106 2662 1282 2716 Πολλὰ
1329 2660 1421 2717 οὖν
1461 2663 1601 2717 κατὰ
1635 2663 1862 2728 πολλοὺς

298 2755 494 2819 τόπους
520 2754 818 2828 διῃρημένα
849 2755 918 2808 τὰ
945 2755 1128 2809 ὕδατα.
1156 2756 1224 2809 Δῖ
1240 2773 1300 2808 τε
1329 2756 1436 2827 γὰρ
1456 2757 1563 2810 τῶν
1590 2757 1731 2828 ὀρῶν
1756 2775 1862 2811 κοι-

299 2845 518 2919 λότητες
559 2842 699 2917 εῐχον
745 2845 851 2900 τῶν
890 2845 1095 2902 ὑδάτων
1121 2849 1216 2918 τὴν
1250 2847 1512 2920 συλλογὴν
1546 2850 1639 2902 καὶ
1673 2850 1726 2902 αἱ
1753 2849 1857 2918 φά-

337 2958 522 3010 αγγες.

445 2959 522 3004 ες.

301 2959 483 3083 “gl.
516 3028 636 3090 715.
669 3027 762 3082 lin.
794 3028 846 3082 5.
884 3027 1028 3094 Τοὺς
1059 3029 1326 3095 κόλπους
1363 3029 1659 3098 σημαίνει.
1705 3029 1860 3086 Basi-

297 3123 405 3177 lius
436 3123 582 3176 hom.
605 3121 638 3173 ὦ
663 3139 677 3176 :
709 3121 788 3173 Τὰ
808 3119 864 3173 δὲ
895 3122 1212 3192 συστήματα
1227 3120 1334 3174 τῶν
1358 3121 1585 3188 ὑδάτων,
1611 3123 1854 3178 τουτέστι

295 3216 418 3278 τοὺς
447 3214 676 3276 κόλπους
713 3212 838 3276 τοὺς
869 3211 1011 3266 κατά
1053 3213 1180 3267 ίδιον
1214 3214 1396 3285 σχῆμα
1440 3215 1543 3268 ὑπὸ
1567 3217 1664 3286 τῆς
1701 3233 1857 3287 περι-

297 3308 551 3376 κειμένης
602 3305 704 3375 γῆς
758 3303 1200 3372 ἀπολειφθέντας,
1252 3303 1524 3368 θαλάσσας
1573 3308 1601 3359 ὁ
1653 3307 1854 3379 Κύριος

296 3396 698 3467 προσηγόρευσε
723 3411 736 3425 ·
771 3393 1010 3448 θάλασσα
1060 3395 1296 3465 Βόρειος,
1347 3395 1588 3450 θάλασσα
1629 3398 1852 3463 Νότιος,

307 3487 447 3559 Ἐᾠα
472 3487 734 3550 θάλασσα,
765 3487 858 3540 καὶ
900 3487 1160 3556 Ἑσπερία
1201 3486 1362 3539 πάλιν
1391 3488 1570 3558 ἑτέρα.
1607 3489 1714 3541 Καὶ
1736 3489 1853 3541 ὀνό-

299 3596 444 3650 ματα
479 3579 583 3633 τῶν
629 3577 876 3646 πελαγῶν
913 3577 1173 3641 ἰδιάζοντα
1223 3578 1423 3643 Πόντος
1456 3579 1725 3646 Εὔξεινος,
1757 3582 1852 3636 καὶ⁴

296 3671 644 3744 Προπόντιος,
714 3670 1127 3740 Ἑλλήσποντος,
1189 3673 1411 3740 Αἰγαῖος
1463 3673 1557 3726 καὶ
1633 3674 1811 3738 Ἰόνιος
1836 3715 1852 3740 ,

295 3765 615 3836 Σαρδονικὸν
673 3764 936 3834 πέλαγος,
986 3766 1081 3818 καὶ
1129 3766 1435 3829 Σικελικὸν,
1493 3767 1587 3820 καὶ
1646 3767 1857 3839 Τυρῤηο

295 3856 444 3908 νικὸν
500 3855 717 3926 ἕτερον,
772 3854 866 3908 καὶ
912 3855 1077 3925 μυρία
1120 3871 1182 3923 γε
1226 3855 1463 3925 ὀνόματα
1513 3856 1784 3925 πελαγῶν,
1818 3859 1854 3912 ἃ.

299 3945 507 4016 μακρὸν
527 3944 592 3998 ἂν
617 3944 702 4016 εἴη
733 3945 825 3998 καὶ
845 3944 1228 4014 ἀπειροκαλίας
1257 3945 1449 4015 μεστὸν
1480 3945 1546 3999 δι’
1575 3947 1854 4020 ἀκριϐείας

295 4039 802 4112 ἀπαριθμήσασθαι.
848 4040 1142 4112 Gregorius
1185 4041 1416 4112 Cyprius
1459 4041 1514 4096 in
1542 4041 1713 4095 Maris
1763 4058 1854 4095 en-

296 4133 463 4186 comio
487 4132 764 4196 εΚόλπους
804 4132 902 4203 μὲν
935 4132 1226 4196 πολυειδεῖς
1253 4133 1634 4194 ἀναλίσσουσα.
1658 4135 1853 4203 νήσους

295 4227 352 4278 δὲ
384 4222 448 4279 αὖ
474 4228 538 4279 ὲκ
573 4226 740 4297 μέσης
770 4225 969 4297 μικρὰς
1004 4224 1099 4278 καὶ
1129 4223 1345 4296 μείζους
1385 4224 1724 4290 ἀναδιδοῦσα,
1760 4225 1854 4278 καὶ

295 4317 571 4390 πορθμοὺς
602 4319 660 4370 ὲν
711 4317 876 4388 στενῷ
904 4318 984 4380 είς
1027 4317 1186 4388 μέσον
1227 4317 1508 4388 διήκοντας
1551 4317 1854 4391 ἀπεργαζοο

298 4410 454 4482 μένη,
496 4409 580 4474 τίς
607 4409 672 4464 ἂν
702 4409 856 4478 λόγος
890 4409 1122 4482 μετρίως
1151 4411 1323 4462 εἰπεῖν
1363 4410 1681 4481 ἀποχρήσοι.
1723 4408 1854 4475 Quae

1965 559 2113 614 bium
2162 551 2528 614 Saturnélium
2569 561 2664 618 lib.
2713 577 2812 628 vn,
2856 561 3113 629 Plinium,
3167 563 3523 636 Pomponium

1964 653 2180 720 Melam,
2215 653 2485 721 Solinum,
2511 653 2855 722 Strabonem,
2881 667 2934 712 et
2964 658 3121 714 alios.

2034 746 2198 813 lbid.,
2248 747 2346 802 lin.
2396 749 2448 801 7.
2483 750 2566 801 Οὐ
2606 749 2678 802 τὰ
2719 751 2976 818 τυχόντα
3017 747 3084 802 δὲ
3120 747 3240 804 τῶν
3271 749 3524 805 ὑδάτων.
3561 770 3571 780 ·

1963 835 2163 893 Fusius
2192 837 2294 891 hoc
2329 838 2470 893 idem
2495 835 2725 894 Basilius
2761 838 2908 894 hom.
2960 839 2994 893 4
3030 858 3042 894 :
3083 840 3156 892 Οὐ
3205 838 3312 909 γὰρ
3358 840 3526 909 δήπου

1963 931 2154 984 καὶτὰ
2180 930 2521 1000 τελματιαῖα,
2575 933 2669 986 καὶ
2711 933 2778 984 τὰ
2811 930 2868 996 ἐξ
2915 930 3134 1001 ὄμϐρων
3178 931 3528 1003 συναθροιζό-

1967 1040 2100 1093 μενα
2131 1022 2423 1093 προφέρειν
2467 1025 2596 1094 ἡμῖν
2639 1022 2926 1091 ὀφείλουσι,
2956 1022 3049 1074 καὶ
3086 1020 3172 1074 διὰ
3203 1021 3404 1074 τούτων
3438 1023 3529 1076 τὸν

1962 1115 2119 1184 λόγον
2165 1113 2320 1187 ἡμῶν
2369 1116 2616 1185 ἐλέγχειν
2660 1114 2896 1167 οἴεσθαι·
2933 1112 3065 1165 ἀλλά
3101 1113 3198 1182 τὴν
3243 1114 3528 1184 μεγίστην,

1961 1210 2056 1264 καὶ
2083 1208 2417 1280 τελεωτάτην
2431 1207 2732 1278 συνδρομὴν
2747 1206 2854 1258 τῶν
2885 1207 3088 1260 ὑδάτων
3111 1207 3363 1278 ὠνόμασε
3395 1224 3461 1292 συ
3471 1225 3528 1259 να

1961 1299 2179 1371 αγωγὴν
2239 1301 2387 1370 μίαν.
2421 1301 2529 1352 Καὶ
2563 1299 2668 1370 γὰρ
2714 1299 2780 1351 τὰ
2813 1299 3019 1369 φρέατα
3051 1299 3360 1366 συναγωγαὶ
3401 1299 3528 1352 ὑδά-
3573 1361 3581 1374 .

1959 1413 2066 1449 των
2096 1396 2201 1448 εἰσὶ
2229 1394 2610 1466 χειροποίητοι,
2661 1394 2750 1446 καὶ
2783 1394 2842 1446 τὸ
2882 1392 3158 1445 κοιλανθὲν
3183 1394 3282 1462 τῆς
3309 1395 3410 1464 γῆς
3428 1395 3527 1465 τῆς

1959 1484 2366 1555 ὲνεσπαρμένης
2399 1483 2597 1543 νοτίδος
2624 1481 2997 1552 ἐπιρρεούσης.
3030 1482 3103 1534 Οὑ
3135 1481 3312 1533 τοίνυν
3342 1482 3408 1534 τὰ
3433 1499 3526 1534 τυ-

1958 1573 2119 1644 χόντα
2149 1572 2256 1625 τῶν
2287 1572 2490 1625 ὑδάτων
2517 1571 2858 1642 ἀθροίσματα
2885 1573 2918 1639 ἡ
2955 1570 3053 1640 τῆς
3077 1571 3393 1642 συναγωγῆς
3425 1573 3524 1642 ἐμ-

1959 1665 2136 1735 φαίνει
2160 1663 2516 1736 προσηγορία,
2537 1661 2672 1715 ἀλλά
2699 1661 2794 1731 τὴν
2817 1660 3100 1731 ἐξέχουσαν
3125 1661 3216 1714 καὶ
3240 1661 3518 1734 μεγίστην,

1958 1760 2015 1811 ὲν
2110 1759 2217 1810 πᾶν
2238 1756 2298 1809 τὺ
2331 1759 2589 1826 στοιχεῖον
2635 1755 2827 1825 ἀθρόον
2853 1754 3232 1809 διαδείκνυται.
3265 1753 3333 1808 Ut
3374 1755 3519 1808 enim

1961 1856 2172 1904 vastam
2213 1849 2358 1902 illam
2389 1849 2556 1902 maris
2589 1848 2782 1901 molem
2828 1846 3079 1909 elIiceret,
3112 1860 3220 1899 non
3262 1861 3520 1916 quaecun-

1963 1956 2069 2010 que
2100 1955 2208 2001 res,
2243 1940 2336 1994 sed
2378 1938 2631 2008 grandes,
2662 1946 2715 1993 et
2757 1939 3034 1991 immensae
3082 1936 3521 2005 requirebantur.

1961 2031 2100 2097 Quid
2146 2030 2290 2086 stilla
2335 2029 2401 2083 ad
2432 2037 2638 2084 tantam
2689 2042 2954 2097 aquarum
2999 2027 3274 2082 illuviem?
3301 2026 3365 2080 Et
3411 2027 3525 2081 haec

1962 2121 2233 2178 sententia
2281 2120 2383 2174 fuit
2431 2121 2592 2176 etiam
2645 2119 2811 2172 Arist.
2863 2118 2955 2172 lib.
3010 2132 3049 2170 ιι
3090 2115 3308 2172 Μειεον.
3348 2116 3526 2186 Atque

1959 2212 2146 2280 omnia
2183 2212 2402 2282 quidem
2431 2211 2626 2278 maria,
2653 2220 2805 2266 extra
2844 2223 3058 2263 omnem
3096 2209 3522 2262 controversiam

1958 2317 2084 2357 cum
2115 2302 2332 2358 Oceano
2378 2302 2639 2356 continua
2680 2307 2827 2366 sunt,
2867 2308 3062 2369 praeter
3087 2311 3239 2352 mare
3267 2295 3523 2366 Caspium

1957 2394 2026 2450 de
2052 2409 2162 2464 quo
2187 2409 2295 2448 non
2327 2393 2461 2448 satis
2483 2391 2738 2446 convenit
2767 2391 2910 2444 inter
2938 2397 3212 2445 auctores.

2029 2484 2188 2549 lbid.,
2239 2487 2334 2540 lin.
2399 2485 2485 2539 Η.
2533 2485 2756 2552 ’Ὠσπερ
2808 2482 2918 2552 γὰρ
2969 2481 3036 2535 τὸ
3088 2481 3228 2550 πῦρ.
3288 2480 3526 2536 Basilius

1957 2577 2105 2633 hom.
2135 2577 2208 2631 ιε
2245 2577 2454 2646 Ὥσπερ
2499 2574 2608 2647 γάρ
2644 2574 2704 2627 τὺ
2747 2573 2858 2644 πῦρ
2893 2573 2986 2625 καὶ
3034 2574 3113 2635 είς
3140 2571 3312 2643 μικρὰ
3352 2589 3525 2626 κατα-

1955 2668 2389 2741 κερματισμένον
2414 2668 2561 2720 ἐστὶν
2581 2667 2674 2720 ἐπὶ
2703 2654 2820 2737 τῆς
2848 2659 2950 2718 ὦδε
2979 2666 3188 2736 χρείας,
3220 2666 3313 2720 καὶ
3331 2665 3526 2737 ἀθρόον

1961 2758 2058 2810 ἐπὶ
2083 2757 2176 2810 τοῦ
2197 2757 2411 2828 αἰθέρος
2433 2755 2678 2825 κέχυται⁸
2709 2754 2844 2807 καὶὸ
2872 2754 3005 2824 Ἀὴρ
3025 2754 3275 2825 διῄρηται
3308 2756 3404 2826 μὲν
3433 2755 3528 2808 καὶ

1955 2850 2095 2904 κατὰ
2119 2849 2288 2920 μικρά
2309 2849 2402 2901 καὶ
2419 2847 2628 2918 ἀθρόως
2647 2847 2704 2900 δὲ
2737 2847 2827 2901 τὸν
2845 2865 2911 2900 πε
2918 2847 3120 2918 ρίγειον
3137 2848 3361 2918 ὲκπεριε
3370 2847 3528 2919 ίληφε

1953 2939 2116 2992 τόπον
2136 2955 2150 2969 ο
2163 2937 2305 2990 οὑτω
2320 2938 2415 2990 καὶ
2431 2935 2520 2988 ἐπὶ
2535 2933 2630 2988 τοῦ
2649 2935 2862 3000 ὓδατος,
2881 2937 2928 2987 εί
2947 2938 3043 2989 καὶ
3063 2936 3252 3008 μικραί
3265 2937 3527 2997 τινέςείσι

1955 3018 2276 3100 διῄρημέναι
2321 3028 2625 3092 συστάσεις,
2666 3025 2800 3080 ἀλλά
2843 3027 2942 3098 μία
2971 3044 3035 3096 γε
3079 3029 3436 3100 συναγωγὴὴ
3465 3027 3528 3082 τὸ

1956 3117 2073 3172 ὅλον
2107 3118 2363 3186 στοιχεῖον
2393 3115 2501 3170 τῶν
2549 3115 2751 3170 λοιπῶν
2797 3117 3159 3188 ἀποκρίνασα.
3214 3116 3340 3173 Hac
3383 3119 3526 3188 ignis

1957 3208 2280 3272 similitudo,
2313 3207 2563 3277 quamvis
2601 3223 2714 3262 rem
2745 3207 2812 3262 de
2845 3222 2950 3276 qua
2988 3222 3170 3261 sermo
3191 3215 3273 3263 est
3303 3208 3527 3264 institu-

1956 3309 2044 3356 tus
2072 3299 2356 3355 commode
2396 3299 2650 3368 explicet,
2683 3313 2792 3352 non
2828 3305 3010 3352 tamen
3041 3298 3094 3352 in
3122 3299 3380 3354 omnibus
3408 3300 3525 3356 suis

1955 3393 2201 3464 partibus
2233 3406 2355 3446 esse
2381 3406 2563 3446 veram
2599 3391 2910 3461 opinamur.
2941 3389 3112 3459 Aquae
3139 3405 3376 3460 namque
3401 3407 3525 3462 qua:

1955 3482 2011 3536 in
2042 3481 2352 3551 paludibus,
2388 3481 2635 3546 lacubus,
2677 3481 2904 3550 aliisque
2940 3481 3077 3537 locis
3113 3481 3346 3546 ﬂuitant,
3377 3482 3524 3552 ejus-

1954 3573 2077 3628 dem
2111 3580 2238 3629 sunt
2273 3573 2503 3628 rationis
2532 3580 2586 3627 et
2629 3583 2837 3627 naturae
2874 3588 2998 3628 cum
3022 3574 3294 3630 elemento
3324 3591 3522 3646 aqueo,

1954 3674 2008 3722 et
2041 3667 2096 3719 in
2141 3666 2252 3721 ullo
2295 3666 2402 3720 alio
2428 3665 2534 3720 nisi
2566 3665 2708 3730 loco,
2748 3681 2962 3735 sapore,
3001 3674 3054 3722 et
3093 3668 3337 3738 pondere
3368 3669 3523 3726 diﬁ'e-

1955 3767 2126 3826 runt;
2159 3757 2301 3829 ignis
2339 3765 2522 3812 autem
2555 3773 2664 3828 quo
2701 3758 2904 3812 utimur
2932 3773 3034 3814 nos
3062 3759 3205 3813 infra
3244 3759 3521 3832 regionem

1955 3853 2097 3905 aeris
2128 3863 2238 3904 non
2273 3858 2358 3904 est
2387 3848 2632 3919 ejusdem
2661 3847 2848 3903 forma:
2885 3863 3009 3904 cum
3058 3851 3152 3904 illo
3181 3851 3518 3918 elementari,

1954 3955 2080 3996 cum
2122 3947 2310 3996 noster
2351 3940 2618 4011 impurior
2651 3940 2724 3996 sit
2757 3947 2812 3996 et
2838 3941 3102 4006 crassior,
3131 3948 3186 3996 et
3213 3942 3334 3997 ideo
3361 3942 3521 3998 luml-

1955 4033 2160 4096 nosior,
2192 4046 2294 4087 nec
2338 4032 2485 4086 illam
2520 4032 2818 4088 siccitatem
2858 4039 2912 4088 et
2950 4033 3188 4088 calorem
3221 4034 3277 4088 in
3323 4049 3382 4090 se
3423 4035 3522 4089 ha-

1953 4123 2064 4189 bet,
2099 4139 2258 4194 quem
2305 4124 2446 4195 ignis
2480 4124 2847 4188 elementaris,
2883 4125 2978 4179 sed
3009 4125 3166 4194 longe
3187 4124 3400 4181 diversa
3430 4141 3520 4180 ra-

1952 4216 2102 4271 tione
2132 4216 2306 4280 ardet,
2341 4226 2393 4271 et
2419 4217 2712 4280 comburit,
2760 4230 3001 4285 suosque
3030 4225 3250 4286 praestat
3270 4215 3516 4272 en'ectus.

2022 4305 2184 4374 lbid.,
2227 4309 2323 4362 lin.
2373 4308 2460 4364 15.
2504 4306 2672 4377 mm;
2719 4305 2828 4377 γάρ
2865 4308 2997 4361 ἐστι
3038 4307 3148 4375 τῆς
3203 4307 3334 4376 περὶ
3378 4308 3514 4378 τῆν.

1954 4397 2152 4452 Eadem
2185 4398 2348 4454 habet
2373 4398 2606 4454 Basilius
2633 4397 2778 4451 hom.
2801 4397 2857 4458 4.
2887 4404 2942 4451 ct
2969 4394 3261 4466 Gregorius
3285 4395 3517 4467 Cyprius

293 4503 476 4557 omnia
527 4501 925 4572 elegantissime
973 4499 1263 4571 Dionysius
1317 4499 1714 4556 Alexandrinus
1772 4500 1852 4554 De

1956 4492 2010 4546 in
2026 4489 2197 4544 Maris
2217 4491 2448 4546 encomio
2465 4507 2484 4544 :
2508 4492 2704 4561 Μήτηρ
2724 4489 2780 4542 δὲ
2799 4487 2890 4542 τοῦ
2907 4488 3108 4552 παντὸς
3133 4488 3339 4553 ὓδατος,
3354 4506 3519 4560 προσ-

294 4594 400 4646 situ
428 4593 589 4658 orbis,
612 4608 731 4662 quae
760 4593 887 4662 quia
916 4591 1304 4648 Commentarii
1332 4591 1452 4647 loco
1470 4608 1593 4648 esse
1621 4601 1853 4664 possunt

293 4701 404 4741 non
437 4685 704 4758 gravabor
737 4685 1010 4740 ascribere
1034 4704 1048 4739 :

362 4797 560 4865 Πάντη
599 4797 650 4850 δ’
683 4795 985 4864 ἀκαμάτου
1023 4797 1257 4865 φέρεται
1277 4797 1421 4863 ῥόος
1446 4795 1726 4850 ὠκεανοῖο

362 4815 560 4865 ιιαντη
599 4815 648 4850 0'
683 4815 985 4864 ακαματου
1067 4815 1257 4863 ερεται
1277 4815 1421 4863 ροος
1446 4815 1726 4850 ωκεανοιο

291 4863 397 4932 Εἲς
422 4867 539 4936 μὲν
563 4867 696 4932 ἐὼν,
727 4865 993 4934 πολλῇσι
1013 4815 1065 4919 ἕ
1100 4868 1507 4936 ἐπωνυμίῃσιν
1529 4865 1775 4934 ἀρηρώς.

295 4933 452 4990 Ἤτοι
477 4941 509 4990 ὀ
531 4937 647 5005 μὲν
674 4933 921 5005 λοκροῖο
948 4938 1082 5004 παρ’
1120 4933 1411 5004 ἐσχατιὴν
1441 4935 1704 5003 ζεφύροιο

295 5009 515 5072 Ἄτλας
543 5007 818 5076 ἑσπέριος
848 5005 1235 5072 κικλήσκεται
1256 5023 1268 5034 ·
1297 5005 1483 5076 αὐτὰρ
1514 5007 1766 5076 ὕπερθεν

289 5077 443 5143 Πρὸς
459 5074 702 5145 βορέην,
730 5077 829 5130 ἵνα
848 5076 1052 5140 παῖδες
1071 5075 1428 5144 ἀρειμανέων
1451 5074 1846 5143 Ἀριμασπῶν,

290 5151 522 5201 Πόντον
542 5165 670 5216 μινῌ
682 5147 965 5202 καλέουσι
1001 5149 1304 5216 πεπηγότα
1338 5162 1420 5205 τε,
1457 5146 1696 5216 χρόνιόν
1725 5161 1806 5198 τε.

292 5218 499 5272 Ἀλλοι
515 5214 566 5271 δ’
595 5214 671 5273 αὖ
689 5218 786 5272 καὶ
801 5217 1016 5286 νεκρὸν
1028 5214 1350 5286 ἐφήμισαν,
1363 5215 1556 5270 οὕνεκ’
1577 5215 1846 5283 ἀφαυροῦ

301 5287 552 5342 Ἠελίου.
584 5287 836 5356 Βράδιον
854 5287 965 5357 γὰρ
996 5287 1170 5355 ὑπεὶρ
1197 5287 1315 5342 ἅλα
1344 5286 1456 5357 τήν
1493 5286 1560 5338 δε
1597 5287 1843 5354 φαείνει,

285 5359 408 5412 Alei
443 5357 510 5410 δὲ
542 5359 832 5426 σκιεροῖσι
857 5356 1181 5427 παχύνεται
1203 5359 1270 5410 ἐν
1293 5356 1643 5427 νεφέλῃσιν.

285 5427 482 5497 Αὐτὰρ
519 5429 607 5482 ὅθι
629 5427 926 5496 πρώτιστα
943 5426 1251 5496 φαείνεται
1276 5426 1678 5497 ᾀνθρώποισιν

299 5491 483 5564 Ἠῷον
504 5491 790 5553 καλέουσι
820 5498 918 5550 καὶ
953 5491 1214 5552 ’Ἰνδικὸν
1239 5491 1412 5566 οἶδμα
1440 5497 1773 5564 θαλάσσης.

289 5569 459 5636 Ἀγχι
487 5568 540 5621 δ’
581 5569 925 5636 Ἐρυθραῐόν
951 5585 1034 5631 τε,
1055 5567 1152 5620 ’καὶ
1180 5570 1481 5636 Αίθιόπιον
1516 5566 1846 5622 καλέουσιν

288 5635 438 5706 Πρὸς
465 5635 662 5693 νότον.
702 5640 887 5693 Ἔνθα
923 5637 991 5692 δὲ
1033 5637 1261 5703 πολλὸς
1307 5635 1585 5706 ἀοικήτου
1628 5639 1844 5706 χθονὸς

1569 5708 1774 5762 αὐλὼν

297 5775 642 5849 Ἐκτέταται,
676 5779 987 5851 μαλεροῒσι
1017 5775 1381 5848 κεκαυμένος
1414 5705 1730 5845 nauigii:

1951 4583 2148 4639 κείσθω
2196 4584 2252 4637 δὲ
2307 4583 2402 4636 καὶ
2444 4581 2642 4646 παντὸς
2675 4581 2841 4654 ὑγροῦ
2873 4580 3142 4634 θάλασσα’
3171 4581 3412 4651 εὔδηλον,
3440 4581 3516 4644 ὼς

1950 4677 2043 4729 καὶ
2072 4674 2273 4729 τούτων
2293 4677 2391 4729 οὑκ
2415 4675 2546 4746 άλλη
2578 4693 2660 4738 τις
2676 4674 2820 4727 αἰτία
2845 4675 2905 4728 τὸ
2931 4673 3094 4745 μέρος
3128 4673 3299 4738 τοῦτο,
3328 4674 3408 4726 ὅτι
3440 4672 3515 4746 μὴ

1951 4768 2216 4823 θάλασσα’
2253 4769 2311 4821 οὑ
2345 4769 2407 4840 δὴ
2443 4769 2578 4839 μόνα
2612 4767 2785 4821 ταῦτα
2814 4768 2912 4838 τὴν
2945 4766 3138 4837 ὑγρὰν,
3171 4766 3246 4830 ὡς
3284 4766 3511 4838 μητέρα,

1949 4860 2087 4914 κατά
2118 4861 2207 4914 τὸν
2241 4862 2528 4932 εἰρημένον
2567 4861 2826 4931 κέκτηται
2866 4861 3087 4929 τρόπον.

2017 4952 2176 5016 lbid.,
2207 4954 2303 5007 lin.
2333 4954 2419 5006 l7.
2451 4953 2558 5006 Καὶ
2594 4952 2760 5007 πᾶσα
2785 4953 2821 5018 η
2856 4952 2930 5021 γῆ
2961 4953 3283 5020 ὑπόνομος.
3321 4949 3514 5006 Fusior

1947 5044 2179 5101 Basilius
2213 5047 2354 5099 hom.
2377 5046 2410 5099 4
2437 5063 2449 5099 :
2481 5044 2702 5116 Πρῶτον
2730 5045 2825 5114 μὲν
2859 5044 2939 5096 ὃτι
2971 5043 3118 5113 πηγὴ
3147 5043 3244 5114 τῆς
3270 5044 3396 5114 περὶ
3411 5043 3514 5114 γῆν

1948 5138 2164 5209 ἀπάσης
2184 5136 2384 5200 νοτίδος
2405 5136 2520 5188 ἐστὶ
2541 5133 2602 5186 τὸ
2625 5134 2724 5203 τῆς
2748 5133 3020 5205 θαλάσσης
3044 5133 3206 5206 ὕδωρ,
3232 5133 3390 5187 τοῦτο
3413 5134 3512 5204 μὲν

1945 5235 2003 5286 ὲν
2025 5235 2136 5296 τοῖς
2169 5229 2396 5300 ἀφανέσι
2440 5229 2624 5300 πόροις
2654 5228 3034 5299 διαδιδόμενον,
3064 5228 3139 5292 ὡς
3175 5227 3422 5299 δηλοῦσιν
3451 5227 3509 5278 αί

1948 5323 2246 5396 σομφώδεις
2275 5321 2380 5374 τῶν
2401 5321 2665 5391 ἠπείρων,
2689 5321 2782 5374 καὶ
2801 5319 3080 5392 ὕπαντροι,
3105 5321 3193 5390 ὑφ’
3220 5319 3287 5382 ἃς
3316 5321 3348 5388 ἡ
3374 5317 3510 5389 ῥοώ-

1945 5416 2042 5486 δης
2080 5414 2498 5476 διαυλωνίζουσα
2556 5411 2816 5477 θάλασσα,
2867 5413 3084 5466 ἐπειδὰν
3135 5411 3373 5473 σκολιαῖς
3414 5408 3509 5462 καὶ

1945 5504 2082 5575 πρὸς
2114 5503 2175 5557 τὸ
2224 5503 2402 5574 ὄρθιον
2450 5502 2776 5573 φερομέναις
2826 5499 3178 5571 ἐναπολειφθῇ
3229 5499 3506 5566 διεξόδοις,

1943 5595 2048 5649 ὑπὸ
2073 5595 2164 5649 τοῦ
2187 5594 2466 5660 κενοῦντος
2496 5593 2662 5666 αὑτὴν
2689 5593 2994 5664 πνεύματος
3035 5591 3313 5664 ὠθουμένη
3347 5590 3508 5663 φέρε-

1941 5703 2030 5740 ται
2061 5684 2163 5752 ἔξω
2187 5685 2285 5756 τὴν
2317 5685 2636 5754 ἐπιφάνειαν
2671 5682 3025 5755 διαρρήξασα,
3060 5681 3154 5733 καὶ
3183 5680 3391 5747 γίνεται
3412 5678 3508 5732 πό-

1942 5794 2098 5849 τιμος
2129 5779 2192 5832 ὲκ
2216 5777 2313 5841 τῆς
2338 5776 2636 5849 διηθήσεως
2672 5775 2734 5828 τὸ
2767 5774 2960 5844 πικρὸν
3012 5771 3236 5828 ἰαθεῖσα.
3273 5773 3412 5845 Ἤδη
3449 5771 3510 5827 δὲ
