4064 6290
629 342 732 402 859

1947 337 2194 395 LEONIS
2231 337 2508 396 ALLATII

3756 335 3881 388 8'50

628 457 720 510 καὶ
769 455 1098 527 θερμοτέροις
1146 456 1208 507 ἐκ
1260 454 1534 525 μετάλλων
1572 453 1851 522 ποιότητος
1885 452 2026 506 κατά
2082 453 2178 524 τὴν

2283 469 2509 523 corpora
2541 451 2684 508 enim
2728 449 3076 507 elementaria
3117 457 3326 504 natura:
3374 450 3490 519 lege
3559 457 3734 518 atque
3769 463 3875 503 or-

625 543 852 611 διέξοδον
881 541 1254 613 προσλαϐοῦσα
1284 545 1346 595 ὲκ
1368 543 1468 612 τῆς
1497 543 1663 613 αὐτῆς
1686 542 1780 595 τοῦ
1804 543 2074 606 κινοῦντος
2098 546 2180 596 αἱ·

628 637 746 699 τίας
767 635 957 698 ζέουσα
977 635 1180 702 γίνεται
1202 635 1277 698 ὡς
1302 635 1367 688 τὰ
1391 635 1580 695 πολλὰ,
1605 636 1700 688 καὶ
1717 634 1986 708 πυρώδης.
2007 637 2180 708 Ὅπερ

629 726 889 794 πολλαχοῦ
916 726 1012 795 μὲν
1031 725 1138 779 τῶν
1164 728 1360 797 νήσων,
1395 725 1656 797 πολλαχοῦ
1685 727 1741 779 δὲ
1769 725 1876 779 τῶν
1905 727 2182 798 παραλίων

625 817 800 870 τόπων
828 816 1032 881 ἔξεστιν
1061 819 1369 890 ἱστορῆσαι·
1401 818 1597 884 ὃπουγε
1628 820 1720 871 καὶ
1750 819 1890 871 κατὰ
1931 819 2029 889 τὴν
2089 837 2183 890 με-

626 909 829 976 σόγειον
865 909 1017 961 τόποι
1059 909 1200 972 τινὲς
1228 909 1335 962 τῶν
1369 910 1642 980 ποταμίων
1678 911 1880 962 ὑδάτων
1923 912 2180 978 γείτονες,

623 999 698 1063 ὡς
729 999 897 1070 μικρά
924 1001 1174 1070 μεγάλοις
1196 1000 1427 1064 εἰκάσαι,
1447 999 1512 1052 τά
1525 999 1871 1070 παραπλήσια
1896 1000 2180 1069 πάσχουσι.

624 1091 767 1161 Πρὸς
792 1087 882 1143 οὖν
906 1091 957 1143 τί
984 1091 1140 1143 τοῦτο
1166 1091 1379 1162 εἴρηταί
1413 1108 1533 1162 μοι;
1564 1092 1680 1143 Ὀτι
1723 1093 1870 1144 πᾶσα
1914 1091 2182 1160 ὑπόνομός

623 1183 769 1234 ἐστιν
797 1185 828 1252 ἠ
856 1183 926 1252 γῆ
946 1183 1032 1235 διά
1062 1184 1242 1253 πόρων
1275 1182 1493 1252 ἀφανῶν
1514 1183 1577 1234 ὲκ
1607 1182 1713 1235 τῶν
1741 1181 1922 1252 ἀρχῶν
1951 1182 2050 1251 τῆς
2088 1181 2184 1234 θαο

624 1273 828 1342 λάσσης
857 1273 1270 1337 ὑπονοστοῦντος
1314 1273 1408 1326 τοῦ
1443 1274 1650 1337 ὓδατος.
1694 1272 1769 1327 De
1812 1288 2074 1342 aquarum
2103 1273 2184 1327 vi-

625 1365 800 1427 ribus,
837 1373 890 1419 et
919 1365 1226 1433 saporibus,
1252 1366 1479 1435 aliisque
1501 1365 1878 1436 qualitatibus,
1919 1364 2040 1418 vide
2065 1379 2184 1433 quae

623 1471 692 1510 ex
721 1455 1010 1510 Aristotele
1039 1456 1358 1526 compendio
1395 1457 1528 1512 dicit
1568 1456 1814 1512 Stobaeus
1854 1456 1911 1511 in
1947 1455 2184 1525 Physicis

625 1547 819 1617 eclogis
854 1588 870 1614 ,
899 1561 1020 1617 cap.
1047 1547 1135 1601 54.

695 1660 812 1714 Col.
841 1653 967 1724 713,
1005 1661 1101 1714 lin.
1148 1661 1234 1715 19.
1271 1660 1332 1718 Ἠ
1357 1661 1465 1730 γὰρ
1500 1661 1739 1729 ῥοώδης
1777 1660 2078 1715 θάλασσα.
2109 1658 2186 1714 De

625 1751 905 1805 ﬂuminum
930 1751 1264 1822 fontiumque
1291 1767 1454 1808 causa
1478 1759 1531 1806 et
1561 1752 1766 1820 origine
1795 1753 1946 1822 plura
1969 1751 2183 1806 Aristo-

2289 547 2414 602 dine
2447 545 2762 600 cmlestibus
2791 545 3075 599 obediunt.
3118 543 3373 598 Albertus
3405 543 3500 596 lib.
3536 555 3574 595 ιι
3602 541 3870 606 Meteon,

2290 644 2446 690 tract.
2485 635 2540 700 2,
2572 651 2688 705 cap.
2717 635 2803 698 12,
2837 636 3010 704 inquit
3035 648 3264 703 vapores
3289 634 3341 686 in
3371 633 3552 696 terris,
3602 632 3874 688 cavernis

2287 727 2526 782 elevatos
2560 726 2898 796 reﬂexosque
2923 727 3198 780 attrahere
3223 723 3290 778 ad
3313 740 3370 780 se
3385 739 3607 793 aquam,
3623 737 3872 793 eamque

2289 833 2510 873 sursum
2542 817 2754 880 cﬂerre,
2786 826 2840 871 et
2883 816 3143 872 continua
3181 830 3279 870 sua
3330 815 3568 878 actione,
3606 823 3663 870 et
3708 816 3864 871 illisu

2289 908 2358 961 ad
2408 908 2612 964 montis
2648 909 2815 963 latera
2853 923 3015 978 poros
3057 909 3301 978 aperire,
3368 907 3568 976 quibus
3630 907 3866 962 tandem

2290 1000 2542 1070 erumpit.
2587 1000 2690 1054 Alii
2729 1001 2938 1064 dicunt,
2985 1014 3107 1054 cum
3140 1008 3285 1054 terra
3320 1001 3503 1054 multis
3538 1000 3611 1053 sit
3665 1001 3858 1068 pervia

2290 1093 2582 1162 specubus,
2608 1107 2802 1162 aquam
2833 1093 2997 1147 maris
3020 1093 3074 1146 in
3106 1092 3375 1161 ejusmodi
3406 1106 3539 1146 cava
3578 1091 3698 1145 loca
3735 1108 3862 1148 sese

2291 1183 2568 1246 inducere,
2625 1199 2744 1252 quae
2770 1184 2899 1253 quia
2934 1190 3062 1238 sunt
3111 1190 3364 1252 angusta,
3415 1197 3591 1252 neque
3638 1189 3859 1237 tantam

2291 1276 2457 1330 maris
2489 1275 2685 1329 molem
2717 1290 2912 1345 capere
2943 1281 3172 1343 queunt,
3217 1288 3334 1328 eam
3361 1287 3513 1342 aqua:
3541 1273 3858 1342 portionem

2291 1379 2657 1434 compressam
2683 1365 2746 1418 ad
2770 1365 3113 1418 extrinsecus
3131 1364 3478 1418 incumbente
3503 1364 3634 1416 mari
3661 1378 3855 1434 egreso

2291 1473 2409 1512 sum
2439 1472 2545 1527 qua
2573 1459 2657 1511 via
2692 1458 2884 1526 possit,
2911 1471 3174 1527 quaerere,
3218 1457 3405 1527 sicque
3435 1456 3550 1511 fieri
3581 1472 3854 1527 aquarum

2289 1551 2648 1606 exsilitiones.
2670 1551 2914 1606 Aliorum
2936 1551 3072 1607 alios
3098 1548 3288 1606 modos
3309 1557 3362 1605 et
3394 1549 3636 1606 rationes
3665 1565 3854 1620 quaere

2291 1643 2346 1697 in
2375 1643 2534 1699 dictis
2573 1644 2908 1700 auctoribus.

2360 1757 2520 1823 lbid.,
2555 1757 2652 1813 lin.
2686 1757 2775 1812 et.
2835 1742 3027 1813 natm
3054 1757 3121 1811 δὲ
3150 1757 3410 1812 ἐπειδάν.
3464 1755 3700 1813 Causam
3731 1773 3855 1828 pro-

627 1842 761 1895 teles
805 1841 900 1894 lib.
941 1857 956 1894 ι
1008 1817 1249 1904 Maleo-tn,
1316 1857 1437 1912 cap.
1488 1841 1577 1904 15.
1623 1817 1677 1895 ei
1725 1817 1820 1895 lib.
1869 1857 1928 1903 ιι,
1960 1855 2081 1910 Cﬂp-
2120 1839 2184 1906 9;
2219 1817 2262 1872 Β
2291 1857 2409 1919 pter
2435 1817 2596 1920 quam
2632 1865 2784 1920 aqua:
2807 1864 2930 1903 cum
2953 1867 3017 1904 ex
3052 1866 3161 1904 uno
3189 1858 3242 1906 et
3265 1849 3455 1905 eodem
3500 1848 3670 1914 fonte,
3701 1817 3855 1905 mare

624 1927 799 1991 Plato.
832 1934 885 1984 in
929 1929 1220 1995 Phwdone;
1252 1930 1518 1998 Georgius
1561 1929 1841 2000 Agricola,
1901 1931 1998 1984 lib.
2039 1945 2056 1983 1
2107 1928 2186 1983 De

627 2031 745 2075 ortu
787 2030 835 2074 et
884 2023 1056 2076 causis
1105 2021 1599 2086 subterraneorum;
1632 2021 1885 2080 Albertus
1934 2021 2182 2091 Magnus,

625 2109 720 2164 lib.
785 2125 825 2164 ιι
861 2109 1106 2176 Meteon,
1135 2119 1292 2166 tract.
1355 2111 1438 2177 12,
1469 2112 1629 2182 capit.
1661 2111 1748 2178 11;
1774 2109 2008 2166 Jacobus
2049 2111 2189 2165 Mili-

623 2200 800 2266 chius,
845 2202 901 2256 in
946 2204 1110 2272 capit.
1155 2203 1254 2256 105
1299 2202 1391 2257 lib.
1446 2217 1485 2257 ιι
1553 2201 1746 2269 Plinii;
1790 2199 2039 2258 Valesius
2107 2201 2186 2256 De

622 2307 776 2346 sacra
805 2291 1156 2362 philosophia,
1189 2309 1307 2364 cap.
1332 2294 1420 2358 6'5,
1454 2301 1507 2349 et
1529 2294 1639 2348 alii.
1669 2291 1793 2347 Fuit
1826 2292 2186 2364 quorumdam

622 2379 808 2447 opinio
845 2379 986 2433 intra
1023 2388 1222 2435 terram
1264 2397 1385 2436 esse
1427 2381 1691 2451 quasdam
1741 2383 2003 2437 cavitates
2029 2389 2083 2436 et
2107 2381 2187 2435 al-

624 2482 779 2533 veos,
803 2469 1000 2537 quibus
1022 2469 1222 2526 imbres
1241 2471 1600 2541 excipiantur,
1628 2479 1791 2541 atque
1811 2488 1878 2526 ex
1908 2473 1975 2528 iis
2010 2471 2185 2527 fontes

623 2566 678 2614 et
696 2559 888 2614 ﬂuvios
915 2560 1213 2622 dimanare,
1235 2569 1290 2616 et
1319 2577 1487 2631 aquas
1510 2563 1630 2617 illas
1656 2578 1828 2633 usque
1849 2563 1917 2616 ad
1949 2563 2184 2618 futuram

623 2649 857 2705 hiemem
887 2649 1151 2714 suﬂicere,
1183 2665 1282 2705 nec
1309 2667 1627 2707 exarescere
1658 2659 1950 2722 antequam
1989 2666 2184 2708 rursus

625 2744 815 2816 pluat:
853 2744 1046 2798 siccari
1074 2759 1201 2798 vero
1227 2759 1320 2800 eos
1346 2760 1578 2815 quorum
1609 2746 1745 2802 alvei
1773 2747 2011 2803 minores
2035 2754 2182 2814 sunt,

622 2843 680 2891 et
697 2835 768 2890 ob
799 2833 1070 2890 defectum
1103 2851 1367 2905 aquarum
1399 2853 1510 2891 non
1540 2836 1752 2893 ﬂuitant
1792 2855 1964 2910 usque
1989 2841 2056 2896 ad
2087 2858 2185 2896 no-

622 2943 721 2984 ras
751 2927 976 2997 pluvias.
1008 2928 1329 2984 Aristoteles
1365 2937 1419 2984 et
1457 2931 1548 2983 alii
1575 2945 1795 2986 causam
1835 2933 2062 3002 primam
2096 2950 2186 3004 ge—

622 3019 924 3074 nerationis
972 3018 1256 3074 ﬂuviorum
1318 3029 1566 3076 statuunt
1619 3022 1724 3075 loci
1769 3031 2040 3089 naturam,
2092 3024 2182 3078 ubi

623 3119 846 3182 propter
877 3112 979 3167 soli
1013 3112 1314 3176 raritatem,
1342 3113 1547 3168 multus
1578 3121 1632 3168 et
1667 3115 1923 3184 capiosus
1956 3115 2179 3184 spiritus

623 3208 932 3270 generatur,-
968 3201 1062 3271 qui
1105 3216 1265 3272 quam
1301 3201 1548 3271 proxime
1579 3203 1642 3256 ad
1683 3205 1901 3272 vaporis
1931 3211 2181 3258 naturam

624 3290 852 3346 accedit.
903 3291 1106 3347 Deinde
1151 3307 1282 3347 vero
1340 3291 1540 3362 frigore
1597 3293 1701 3347 loci
1747 3294 1800 3347 in
1849 3309 2044 3364 aquam
2093 3310 2185 3350 co-

623 3384 790 3452 gitur,
845 3399 966 3454 qua!
1011 3384 1184 3454 ejecta
1251 3383 1372 3438 fons
1427 3393 1482 3439 et
1533 3385 1683 3456 origo
1731 3384 2016 3440 ﬂuviorum
2080 3394 2182 3442 est.

620 3473 732 3529 Nec
789 3475 999 3529 videtur
1051 3475 1346 3530 absurdum
1399 3476 1447 3531 si
1495 3485 1714 3546 propter
1763 3478 2005 3532 eamdem
2056 3493 2186 3532 cau-

623 3581 739 3621 sam
796 3567 852 3620 in
879 3575 1032 3622 terra:
1087 3567 1388 3622 visceribus
1445 3575 1733 3638 generatur
1784 3583 1922 3639 aqua
1968 3577 2184 3640 propter

623 3673 785 3728 quam
819 3673 984 3727 supra
1021 3668 1220 3712 terram
1273 3659 1327 3712 in
1364 3673 1516 3724 aere;
1551 3661 1667 3729 pari
1699 3660 1842 3714 enim
1879 3663 2088 3714 ratione
2128 3662 2181 3714 in

622 3757 919 3820 vaporante
965 3765 1088 3806 aere
1139 3751 1311 3820 frigus
1359 3761 1634 3820 operatur.
1701 3751 1830 3815 Quae
1879 3751 2183 3807 Aristotelis

621 3844 806 3913 Opinio
829 3843 875 3896 si
904 3851 1050 3897 recte
1076 3843 1457 3898 consideretur
1482 3859 1638 3900 suam
1668 3843 1831 3898 habet
1886 3847 2182 3914 probabili—

624 3941 813 3998 tatem,
848 3949 948 3988 nec
989 3934 1065 3987 ita
1107 3935 1310 3990 absona
1343 3941 1427 3989 est
1482 3935 1536 3988 in
1585 3935 1928 4005 philosOphia
1981 3944 2041 3991 ut
2088 3953 2180 3992 ex-

623 4027 749 4096 pelli
777 4026 998 4082 omnino
1027 4035 1318 4082 mereatur.
1341 4026 1653 4082 Christiano
1674 4035 1852 4083 tamen
1877 4029 2100 4097 homini,
2117 4047 2180 4086 ea

623 4133 787 4186 super
820 4118 926 4172 hoc
958 4119 1224 4172 sententia
1256 4128 1339 4172 est
1363 4120 1740 4189 amplexanda,
1776 4135 1894 4190 quae
1928 4131 2010 4176 est
2053 4137 2182 4177 San-

624 4218 834 4264 ctorum
856 4208 1075 4262 Patrum
1097 4210 1424 4272 communis,
1444 4217 1496 4264 et
1519 4226 1684 4265 sacrae
1712 4209 2004 4282 Scriptura:
2027 4215 2180 4270 testi-

623 4300 829 4355 moniis
853 4298 1223 4354 confirmatur.
1263 4297 1535 4370 Originem
1581 4301 1807 4356 fontium
1842 4320 1871 4359 e
1898 4307 2032 4360 mari
2057 4321 2179 4361 esse

624 4407 656 4446 a
692 4407 800 4462 quo
829 4389 1070 4452 eﬂluunt,
1121 4399 1174 4446 et
1230 4389 1287 4444 in
1339 4391 1483 4460 quod
1511 4391 1760 4458 inﬂuunt,
1812 4394 1883 4447 ita
1921 4395 2174 4461 Basilius,

2289 1938 2521 2002 scilicet,
2550 1938 2813 2008 originem
2850 1939 3090 2004 trahant,
3129 1955 3236 1993 non
3279 1939 3523 1994 eamdem
3559 1947 3778 1994 servent
3799 1946 3855 1994 et

2298 2030 2636 2099 qualitatem,
2671 2038 2725 2084 et
2754 2044 3024 2099 saporem,
3052 2032 3147 2086 sed
3177 2031 3480 2087 secundum
3517 2031 3623 2086 loci
3672 2030 3853 2086 varie-

2284 2129 2448 2177 tatem
2482 2122 2609 2192 ipsa:
2639 2123 2801 2176 etiam
2836 2125 3110 2178 varientur
3137 2132 3259 2194 pete
3300 2139 3328 2177 a
3358 2124 3718 2194 philosophis.

2360 2212 2519 2280 lbid.,
2538 2217 2634 2270 lin.
2662 2216 2753 2274 27.
2783 2217 2944 2286 Αὕτη
2966 2218 3060 2272 καὶ
3103 2217 3220 2272 τῶν
3244 2219 3457 2287 ἀερίων
3475 2219 3719 2273 ὑδάτων.
3748 2219 3851 2273 Ba-

2286 2307 2461 2372 silius,
2509 2308 2654 2362 hom.
2684 2311 2718 2363 4
2760 2327 2775 2363 :
2806 2309 2961 2380 Καλὴ
2996 2309 3090 2362 καὶ
3117 2310 3249 2363 διότι
3279 2313 3391 2374 τοῖς
3427 2311 3632 2382 ἀερίοις
3653 2311 3837 2364 ὕδασιν

2285 2401 2425 2471 ἀρχή
2464 2400 2548 2463 τίς
2585 2403 2696 2453 ἐστι
2739 2402 2831 2454 καὶ
2867 2403 3037 2473 πηγὴ,
3077 2401 3384 2483 θαλπομένη
3437 2404 3535 2474 μὲν
3574 2407 3639 2474 τῇ
3665 2405 3843 2457 ἀκτῖνι

2288 2490 2382 2542 τοῦ
2413 2489 2584 2560 ἡλίου,
2613 2491 2974 2562 ἀποτιθεμένη
2999 2492 3055 2544 δὲ
3091 2492 3149 2544 τὸ
3195 2492 3386 2546 λεπτὸν
3417 2494 3510 2547 τοῦ
3541 2494 3724 2559 ὓδατος
3756 2495 3845 2549 διὰ

2283 2582 2388 2636 τῶν
2406 2583 2611 2653 ἀτμῶν,
2629 2584 2762 2655 ὅπερ
2775 2583 2900 2636 ἐλκυ
2909 2581 3028 2636 σθὲν
3043 2586 3120 2648 είς
3135 2584 3223 2636 τὸν
3240 2585 3348 2639 ἄνω
3358 2586 3539 2650 τόπον,
3559 2582 3674 2641 εἶτα
3691 2605 3850 2641 κατα-

2282 2673 2484 2744 ψυχθὲν
2513 2675 2598 2728 διὰ
2630 2676 2690 2728 τὸ
2713 2675 3041 2747 ὑψηλότερον
3068 2675 3316 2744 γενέσθαι
3344 2677 3440 2748 τῆς
3471 2679 3576 2732 ἀπὸ
3597 2679 3691 2732 τοῦ
3727 2679 3849 2732 ἐδά-

2285 2785 2416 2836 φους
2439 2767 2784 2831 ἀνακλάσεως
2815 2767 2922 2819 τῶν
2954 2767 3209 2831 ἀκτίνων,
3245 2769 3336 2823 καὶ
3377 2770 3510 2840 ὁμοῦ
3545 2772 3644 2841 τῆς
3667 2773 3731 2825 ὲκ
3753 2771 3848 2825 τοῦ

2283 2859 2476 2927 νέφους
2515 2860 2670 2920 σκιᾶς
2700 2859 2798 2928 τὴν
2843 2857 3000 2928 ψύξιν
3035 2861 3404 2929 ἐπιτεινούσης
3445 2861 3594 2924 ὑετὸς
3619 2863 3847 2930 γίνεται,

2284 2952 2374 3004 καὶ
2399 2951 2596 3004 πιαίνει
2628 2951 2723 3023 τὴν
2757 2953 2877 3021 γῆν.
2901 2950 3195 3021 Gregorius
3223 2952 3452 3023 Cyprius
3479 2953 3531 3006 in
3556 2953 3725 3008 Maris
3758 2972 3853 3008 en-

2281 3044 2489 3098 comio:
2521 3045 2752 3116 Ὄμϐροι
2783 3045 2837 3096 δὲ
2864 3045 2998 3115 πρὸς
3032 3033 3144 3108 τοῖς
3171 3047 3496 3118 εἰρημένοις,
3525 3049 3617 3100 καὶ
3643 3049 3846 3118 δρόσοι,

2283 3137 2376 3190 καὶ
2397 3137 2622 3205 νιφετοὶ,
2653 3137 2870 3206 νεφέλαι
2902 3154 2960 3190 τε
2995 3132 3061 3189 αὖ
3097 3139 3154 3190 αί
3185 3139 3403 3201 τούτους
3436 3139 3715 3207 γεννῶσαι,
3751 3143 3848 3194 καὶ

2287 3229 2383 3282 ὅσα
2397 3227 2610 3299 πρῶτον
2643 3231 2720 3291 εἰς
2740 3229 2828 3281 τὸν
2863 3229 2972 3282 ἄνω
2992 3229 3346 3299 συνιστάμενα
3372 3231 3549 3294 τόπον,
3581 3229 3678 3282 εἶτ’
3700 3235 3848 3285 ἐκεῖ·

2286 3318 2373 3371 θεν
2401 3321 2479 3382 εἱς
2503 3319 2604 3391 γῆν
2629 3320 2886 3372 κάτεισιν.
2923 3319 3198 3384 Quomodo
3234 3328 3412 3374 autem
3440 3321 3492 3373 in
3533 3336 3655 3376 aere
3677 3337 3840 3392 aqua:

2286 3418 2612 3477 generentur
2633 3409 3016 3466 exolicavimus
3044 3408 3309 3477 superius.

2283 3611 2288 3618 .
2359 3567 2514 3633 lbid.,
2540 3567 2634 3620 lin.
2669 3567 2756 3621 ὃὸ.
2791 3568 2895 3620 Kal
2923 3566 3004 3619 ἓτι
3032 3567 3123 3619 καὶ
3153 3566 3287 3620 νῦν.
3307 3564 3557 3627 Basilius,
3586 3579 3732 3619 nom.
3761 3565 3832 3620 5:

2297 3658 2359 3711 Ἠ
2386 3656 2495 3728 γὰρ
2517 3657 2634 3709 τότε
2668 3656 2838 3726 φωνὴ,
2872 3656 2966 3708 καὶ
2992 3655 3050 3706 τὸ
3078 3655 3287 3725 πρῶτον
3314 3655 3486 3706 ἐκεῖνο
3517 3653 3840 3724 πρόσταγμα

2281 3745 2390 3804 οἷον
2419 3750 2579 3818 νόμος
2627 3767 2710 3811 τις
2745 3750 2959 3816 ἐγένετο
3008 3747 3237 3816 φύσεως,
3288 3747 3380 3798 καὶ
3411 3745 3730 3814 ὲναπέμεινε
3769 3750 3834 3818 τῇ

2282 3845 2372 3912 γῇ,
2405 3841 2499 3911 τὴν
2519 3841 2609 3894 τοῦ
2642 3842 2832 3910 γεννᾷν
2854 3841 2989 3909 αὐτῇ
3019 3839 3111 3892 καὶ
3127 3841 3490 3908 καρποφορεῖν
3513 3837 3733 3909 δύναμιν
3761 3843 3840 3905 είς

2280 3933 2341 3985 τὸ
2370 3932 2495 4003 ἑξῆς
2525 3937 2910 4004 παρεχόμενος.
2943 3931 3007 3984 Ει
3050 3929 3315 3986 inferius:
3345 3930 3461 3983 Ἵνα
3507 3930 3715 4002 πρῶτον
3750 3934 3839 3985 ὲκ-

2281 4026 2388 4076 εῖνο
2423 4024 2748 4094 πρόσταγμα
2779 4021 3142 4074 διδασκαλεῖον
3172 4023 3236 4092 τῇ
3269 4021 3426 4090 φύσει
3460 4023 3676 4094 γένηται
3708 4023 3837 4095 πρὸς

2279 4115 2377 4186 τὴν
2409 4114 2534 4184 ἑξῆς
2566 4113 2900 4168 ἀκολουθίαν.
2932 4113 2997 4167 Et
3028 4114 3175 4167 hom.
3207 4115 3239 4168 9
3262 4134 3274 4168 :
3296 4113 3504 4184 Νόησον
3532 4115 3680 4186 ῥῆμα
3703 4116 3830 4169 Θεοῦ

2279 4207 2364 4260 διά
2399 4208 2498 4276 τῆς
2525 4207 2751 4271 κτίσεως
2782 4208 2990 4278 τρέχον,
3015 4209 3110 4260 καὶ
3129 4207 3248 4259 τότε
3284 4205 3605 4278 ἀρξάμενον,
3639 4207 3730 4260 καὶ
3753 4207 3836 4277 μέο

2279 4315 2368 4370 χρι
2395 4296 2490 4352 νῦν
2521 4298 2797 4370 ἐνεργοῦν,
2823 4299 2916 4351 καὶ
2950 4299 3029 4360 είς
3048 4297 3197 4360 τέλος
3228 4297 3422 4363 διεξιὸν
3459 4299 3561 4362 ἓως
3599 4297 3664 4352 ἂν
3693 4301 3721 4351 ὁ
3752 4299 3833 4351 κό-

2281 4407 2414 4460 σμος
2444 4389 2840 4461 συμπληρωθῇ.
2869 4388 3002 4444 Vide
3038 4389 3257 4456 locum;
3289 4397 3373 4445 est
3403 4391 3546 4445 enim
3579 4393 3828 4460 optimus.

620 4485 808 4542 homil.
829 4485 882 4548 4,
903 4494 1088 4540 noster
1105 4483 1420 4539 Eustathius
1443 4485 1496 4538 in
1519 4485 1622 4539 hoc
1644 4486 1784 4553 loco,
1821 4487 2179 4560 Hieronymus
2210 4506 2252 4560 ι)
2281 4479 2538 4536 Leontius
2568 4481 2814 4536 Arabissi
2844 4481 3135 4551 episc0pus
3183 4496 3432 4536 sermone
3464 4481 3531 4536 de
3563 4483 3829 4537 creatione

623 4575 691 4631 ad
717 4577 950 4646 primum
993 4582 1157 4644 caput
1200 4573 1562 4637 Ecclesiastes,
1597 4576 1858 4646 Isidorus,
1895 4579 1934 4632 ι.
1962 4595 2022 4634 ιιι
2058 4580 2180 4635 Ori-

622 4669 818 4738 ginum,
845 4667 978 4723 c.20
998 4685 1012 4734 ;
1036 4665 1450 4721 Damascenusn
1501 4667 1572 4720 De
1600 4667 1693 4736 βά.
1726 4670 1954 4736 ortlwd.,
1980 4670 2095 4740 c'ap.
2115 4671 2176 4738 9;

624 4759 914 4828 Gregorius
944 4758 1175 4830 Cyprius
1208 4757 1263 4811 in
1295 4755 1466 4811 Maris
1508 4759 1764 4823 encomio,
1821 4770 1874 4814 ct
1923 4776 1988 4814 ex
2024 4761 2175 4828 aliis;

623 4849 776 4904 Plato
803 4851 858 4904 in
893 4849 1198 4915 Phoadrme;
1250 4848 1458 4904 Plinius
1493 4850 1588 4905 lib.
1627 4866 1687 4912 ιι,
1725 4866 1844 4919 cap.
1881 4851 1988 4919 65;
2024 4852 2178 4907 Philo

622 4938 840 4994 Iudaeus
870 4939 945 4993 De
974 4940 1153 4994 mundi
1181 4941 1409 5010 api/icio.
1445 4940 1668 4994 Variant
1706 4948 1886 4995 tamen
1921 4941 1973 4995 in
2004 4943 2176 5011 expli-

623 5030 840 5086 catione
895 5031 1059 5098 illius,
1101 5032 1373 5102 quomodo
1424 5031 1678 5087 videlicet
1728 5041 1921 5103 suopte
1961 5033 2176 5105 ingenio

623 5123 804 5194 gravis
836 5123 1006 5193 possit
1033 5137 1064 5177 e
1104 5125 1240 5177 mari
1285 5125 1580 5179 ascendere
1608 5124 1663 5178 in
1694 5125 1992 5180 altissimos
2023 5141 2176 5179 mon-

624 5223 727 5278 tes,
758 5227 789 5267 e
833 5213 1032 5284 quibus
1059 5213 1294 5282 erumpit
1330 5213 1384 5266 in
1437 5221 1589 5266 tanta
1626 5214 1802 5285 copia.
1857 5213 2175 5270 Eustathius

623 5323 820 5380 quam
849 5307 1014 5362 maris
1045 5306 1258 5375 spiritu,
1285 5305 1481 5360 ﬂatuve
1512 5305 1740 5362 interius
1770 5316 2021 5362 movente
2053 5324 2177 5362 sur«

623 5416 743 5457 sum
771 5398 840 5454 ad
862 5399 1222 5468 scaturigines
1256 5397 1477 5468 impelli.
1502 5396 1595 5454 llis
1630 5399 1898 5454 consentit.
1918 5398 2172 5465 Basilius,

621 5491 851 5555 Plinius,
909 5488 1083 5544 Plato.
1128 5487 1184 5542 S.
1211 5487 1483 5553 Thomas,
1531 5501 1569 5540 ιι
1639 5487 1874 5544 Sentent.
1921 5490 2170 5552 (list.14,

623 5592 814 5653 quiest.
853 5583 902 5646 1,
935 5583 1028 5645 ait,
1086 5580 1363 5636 fontanam
1409 5588 1463 5634 et
1511 5579 1821 5634 ﬂuviatilem
1859 5595 2054 5650 aquam
2087 5588 2172 5634 at-

625 5675 763 5727 trahi
813 5689 1030 5728 sursum
1081 5673 1133 5728 vi
1186 5671 1488 5727 cmlestium
1543 5686 1832 5740 corporum
1866 5673 2171 5727 communis

627 5762 751 5818 boni
781 5763 970 5834 gratia.
991 5761 1095 5820 Nec
1126 5773 1328 5820 motum
1357 5763 1499 5820 hunc
1530 5777 1681 5834 aqua-
1708 5778 1826 5821 esse
1850 5763 2166 5833 violentum,

2281 4581 2334 4627 et
2365 4571 2572 4627 Lazaro
2597 4573 2860 4636 redivivo,
2886 4589 2994 4627 non
3028 4573 3304 4643 incompta
3339 4573 3693 4628 similitudine
3718 4590 3827 4629 ver-

2279 4664 2405 4719 bum
2443 4665 2574 4719 illud
2607 4664 2871 4730 divinum,
2895 4665 2990 4730 ait,
3023 4665 3145 4719 loco
3191 4665 3416 4719 seminis
3451 4665 3504 4718 in
3538 4666 3702 4720 rebus
3742 4682 3826 4735 ge-

2278 4757 2534 4812 nerandis
2568 4757 2757 4822 fuisse,
2784 4772 3014 4828 eamque
3038 4757 3092 4810 iu
3121 4757 3283 4811 rebus
3311 4757 3422 4811 illis
3448 4756 3552 4810 vim
3585 4757 3830 4811 habuisse

2279 4861 2438 4915 quam
2469 4855 2523 4900 et
2553 4861 2734 4901 semen
2763 4863 2779 4914 ;
2827 4857 2881 4900 et
2936 4848 3113 4901 adhuc
3151 4844 3218 4898 ad
3267 4848 3674 4916 conceptionem
3705 4863 3827 4900 con—

2279 4952 2516 4992 currere.
2557 4937 2621 4989 Τί
2677 4938 2854 5005 λέγεις
2905 4938 3178 5008 αἱρετικέ;
3239 4938 3466 5002 Βλέπεις
3509 4940 3629 4992 ἀντὶ
3668 4957 3826 4994 κατα-

2279 5028 2436 5100 ϐολῆς
2460 5029 2768 5102 σπέρματος
2797 5029 2856 5081 τὸ
2877 5029 2966 5082 τοῦ
2998 5029 3156 5098 λόγου
3185 5030 3462 5100 γινόμενον
3495 5031 3824 5102 πρόσταγμα.

2277 5121 2385 5174 Καὶ
2413 5121 2525 5184 πῶς
2553 5120 2845 5191 ἀμφίϐολον
2863 5121 3040 5190 λέγεις
3061 5121 3160 5191 τῆς
3186 5121 3517 5193 παρθενικῆς
3537 5125 3824 5194 γεννήσεως

2274 5212 2334 5265 τὸ
2363 5215 2654 5284 μυστήριον
2678 5229 2691 5278 ;
2712 5212 2777 5264 "A
2801 5214 2910 5285 γὰρ
2941 5213 3035 5267 νῦν
3069 5213 3378 5284 σπέρματος
3406 5215 3530 5268 ἄνευ
3563 5215 3624 5266 οὐ
3658 5215 3822 5266 τίκτε-

2273 5321 2381 5370 ται,
2411 5304 2616 5368 τούτοις
2654 5309 2685 5376 ή
2731 5306 2880 5376 φωνὴ
2913 5306 3032 5358 τότε
3074 5305 3356 5375 συνέτρεχε
3407 5305 3498 5358 τοῦ
3547 5306 3823 5368 καλοῦντος

2274 5396 2410 5464 πρὸς
2431 5396 2700 5466 γέννησιν,
2731 5399 2823 5451 καὶ
2854 5397 3165 5468 συλλήψεως
3196 5397 3412 5468 τρόπον,
3469 5398 3497 5450 ό
3529 5397 3625 5468 τῆς
3652 5397 3822 5450 κελεύ-

2276 5503 2409 5549 σεως
2445 5489 2692 5558 ἐμιμεῖτο
2717 5490 2898 5559 νόμος,
2933 5490 3025 5542 καὶ
3053 5489 3138 5541 διὰ
3175 5490 3302 5560 μιᾶς
3335 5490 3515 5559 φωνῆς
3542 5488 3823 5560 ἐσαρκοῦτο

2271 5577 2338 5631 τὰ
2368 5578 2564 5633 πάντα.
2623 5582 2729 5632 Καὶ
2776 5583 2803 5633 ὁ
2851 5583 2970 5634 τότε
3021 5582 3310 5652 σαρκώσας
3355 5581 3451 5652 τὴν
3483 5581 3679 5642 κτίσιν,
3737 5579 3822 5633 καὶ

2275 5671 2469 5742 σπόρον
2502 5671 2752 5742 ἀσπὸρως
2784 5675 3095 5744 χορηγήσας
3124 5677 3236 5736 τοῖς
3282 5674 3465 5736 πᾶσιν,
3522 5673 3680 5734 αὐτὸς
3727 5670 3822 5723 ἀπὸ

2272 5764 2492 5835 λογικῆς
2527 5762 2824 5833 σαρκωθεὶς
2859 5767 2959 5835 γῆς
3009 5765 3274 5834 προῆλθεν
3321 5765 3574 5834 ἀσπόρως
3611 5762 3707 5832 τὴν
3745 5759 3823 5814 διὰ
