4064 6290
325 333 422 385 841

1254 328 1316 382 IN
1356 323 1718 383 EUSTATlill
1760 319 2229 377 HEXAEMERON
2270 318 2498 375 NOTAE.

3437 314 3544 372 SL3

329 446 526 519 σαρκὸς
559 446 907 516 φυτευθεῖσαν
956 446 1047 500 τοῦ
1098 445 1323 500 Θανάτου
1358 445 1509 517 ῥίζαν
1550 445 1616 514 τῇ
1643 442 1882 514 δρεπάνῃ
1914 444 1956 500 Α
1985 441 2048 508 τῇ
2082 437 2211 508 ὁλκῇ
2245 436 2337 489 τοῦ
2371 433 2571 506 θερμοῦ
2606 432 2996 501 συνεπάγεσθαι
3027 433 3120 485 τοῦ
3160 433 3420 504 τροφίμου
3443 432 3545 504 τῆς

326 543 424 614 τῆς
446 540 775 612 παρθενικῆς
808 542 1083 594 ἐκκόπτων
1119 541 1437 609 γεννήσεως.

413 633 527 688 Col.
551 632 675 698 715,
719 632 812 688 lin.
849 632 937 686 57.
965 633 1032 686 Ἠ
1047 632 1153 699 γὰρ
1170 630 1511 698 βλάστησις
1531 625 1883 695 καθηγεῖται.

337 725 598 787 Basilius,
626 722 773 776 hom.
796 722 828 776 5
856 741 869 777 :
902 721 1118 794 Πρῶτόν
1150 723 1292 773 ἐστιν
1325 721 1384 772 έν
1427 723 1494 790 τῇ
1543 718 1750 788 γενέσει
1781 715 1888 768 τῶν

333 817 618 889 φυομένων
653 815 686 884 ἡ
727 813 1034 884 βλάστησις,
1087 813 1294 877 ἔπειτα,
1339 813 1465 866 ὅταν
1502 810 1750 883 προκύψῃ
1799 826 1887 878 μι-

340 909 473 980 κρὸν
497 907 565 960 τά
596 907 966 977 βλαστήματα,
1005 905 1196 976 βοτάνη
1232 906 1458 973 γίνεται,
1504 901 1642 964 εἶτα,
1672 901 1888 956 ἐπειδὰν

339 997 573 1068 αὐξηθῇ,
598 996 786 1067 χόρτος
815 998 931 1049 ἐστί
964 997 1102 1050 κατά
1127 996 1316 1068 μικρὸν
1336 995 1764 1067 διαρθρουμένων
1785 993 1890 1048 τῶν

339 1090 638 1160 φυομένων,
673 1092 766 1142 καὶ
793 1089 950 1160 μέχρι
979 1090 1078 1159 τῆς
1107 1089 1198 1142 ἐπὶ
1224 1089 1284 1141 τὸ
1319 1089 1534 1158 σπέρμα
1568 1085 1890 1150 τελειώσεως

336 1183 650 1255 προϊόντων.
693 1182 950 1247 Quamvis
996 1182 1138 1237 enim
1193 1182 1646 1252 germinationum
1694 1194 1890 1251 genera

335 1275 510 1338 varia,
547 1275 687 1329 sicut
719 1281 773 1328 et
824 1273 1151 1343 plantarum,
1201 1289 1301 1327 nec
1337 1289 1444 1327 uno
1487 1281 1747 1342 tempore,
1790 1287 1893 1327 nec

338 1368 458 1422 loco
506 1366 852 1430 conveniant,
892 1373 1072 1420 tamen
1136 1381 1349 1435 semper
1401 1366 1633 1436 priorem
1689 1380 1810 1420 esse
1839 1370 1892 1420 et

340 1452 630 1516 fructibus,
661 1459 712 1506 et
757 1451 980 1505 ﬂoribus
1032 1452 1475 1520 germinationem
1515 1465 1736 1504 necesse
1786 1456 1890 1512 est,

337 1543 791 1618 quemadmodum
831 1551 884 1597 et
931 1543 985 1596 in
1028 1543 1338 1597 animalium
1376 1543 1723 1612 generatione
1763 1557 1894 1596 con-

337 1646 576 1707 ceptum.
618 1633 782 1696 Plin.,
817 1632 1010 1687 Natur.
1044 1633 1193 1700 hist.,
1227 1634 1264 1688 ι.
1301 1650 1408 1698 xvr,
1445 1649 1494 1688 c.
1528 1633 1636 1688 25:
1670 1633 1892 1690 Catula-

340 1733 528 1785 tionem
559 1728 741 1782 rustici
780 1735 982 1786 vocant,
1018 1726 1262 1794 gestiente
1298 1733 1488 1779 natura
1526 1725 1725 1779 semina
1755 1725 1896 1778 acci-

1991 531 2093 600 γῆς
2119 530 2241 583 ὅσον
2272 529 2509 600 μέτριον,
2546 526 2814 580 καὶτοῦτο
2849 524 3233 596 καταμερίζειν
3273 528 3351 589 είς
3374 524 3545 578 καλά-

1996 641 2121 693 μην,
2157 623 2252 677 καὶ
2285 622 2484 692 φλοιὸν,
2515 622 2609 676 καὶ
2623 622 2729 686 ’τὰς
2756 621 2924 692 θήκας
2970 619 3061 674 τοῦ
3091 619 3232 672 σίτου
3267 619 3357 671 καὶ
3387 615 3546 670 αὐτὸν

1992 717 2081 770 τὸν
2109 718 2250 768 σῖτον
2277 716 2370 769 καὶ
2400 717 2524 778 τοὺς
2553 714 2862 787 ἀνθέρικας.
2887 712 2952 766 Ει
2981 712 3100 768 ideo
3128 710 3448 765 Aristoteles
3481 709 3549 762 li-

1992 808 2133 862 bello
2167 805 2240 859 De
2263 806 2532 874 juventute
2564 814 2614 860 et
2651 815 2835 859 senect.
2868 805 2956 858 vit.
2999 812 3154 857 mort.
3188 810 3238 856 et
3277 801 3546 868 respirat.,

1994 901 2190 971 capit.,
2214 900 2266 963 1,
2301 899 2514 954 radices
2530 914 2650 954 esse
2666 899 2741 952 ait
2761 914 2822 952 os
2846 898 3147 969 plantarum
3167 913 3182 962 ;
3204 891 3552 964 quemadmo-

1995 989 2120 1044 dum
2149 990 2292 1044 enim
2346 990 2602 1044 animalia
2655 1005 2752 1060 per
2780 1003 2841 1043 os
2875 989 3056 1044 cibum
3109 986 3408 1057 excipiunt,
3445 995 3554 1052 quo

1993 1083 2184 1136 vivunt
2226 1087 2280 1135 et
2328 1089 2744 1144 conservantur,
2798 1079 2982 1135 eadem
3017 1079 3228 1132 ratione
3273 1083 3327 1131 et
3357 1076 3556 1144 plantae

1997 1192 2093 1247 per
2139 1174 2351 1230 radices
2415 1173 2694 1228 humorem
2750 1181 2802 1227 et
2847 1173 3157 1226 alimentum
3229 1167 3556 1223 contrahunt

2003 1282 2112 1337 quo
2145 1273 2538 1322 sustentantur.
2592 1265 2770 1331 Quare
2813 1271 2992 1318 autem
3041 1263 3143 1317 hoc
3187 1259 3459 1316 contrarie
3498 1272 3558 1312 se

1997 1358 2158 1414 habet
2187 1357 2242 1412 in
2271 1358 2470 1428 plantis
2492 1366 2545 1411 et
2574 1349 2898 1410 animalibus
2942 1354 3060 1409 fuse
3083 1353 3280 1408 ibidem
3303 1350 3556 1421 explicat,

1999 1465 2156 1520 quem
2205 1451 2358 1516 vide;
2389 1456 2442 1504 et
2472 1448 2881 1518 The0phrastus
2914 1446 2990 1501 De
3013 1446 3136 1500 hist.
3162 1445 3352 1514 plant.,
3386 1444 3478 1496 lib.
3516 1457 3553 1504 ι,

1997 1557 2117 1612 cap.
2139 1542 2174 1595 2
2204 1561 2217 1595 :
2246 1542 2400 1594 Ἐστι
2435 1541 2491 1594 δὲ
2537 1539 2660 1611 ῥίζα
2693 1540 2789 1611 μὲν
2817 1539 2882 1592 δι’
2911 1532 2970 1592 οὗ
2995 1539 3166 1610 τροφὴ
3194 1538 3474 1604 ἐπάγεται.

2071 1633 2234 1700 lbid.,
2262 1634 2358 1688 lin.
2387 1632 2474 1688 50.
2495 1633 2564 1686 Ἠ
2583 1631 2652 1684 δὲ
2679 1631 2916 1701 καλάμη
2941 1631 3046 1685 τοῦ
3082 1632 3275 1685 σίτου.
3303 1628 3557 1693 Basilius,

2002 1726 2146 1780 hom.
2179 1726 2211 1779 5
2243 1743 2254 1778 :
2290 1725 2414 1788 Πῶς
2439 1724 2626 1793 γόνασι
2659 1722 3012 1786 διαζώννυται
3047 1723 3079 1794 ἡ
3106 1722 3325 1793 καλάμη
3351 1720 3442 1774 τοῦ
3476 1722 3560 1774 σί-

340 1838 457 1892 pere
481 1837 636 1891 eoque
670 1819 900 1872 animam
947 1817 1196 1886 inferente
1239 1817 1477 1871 omnibus
1519 1818 1670 1870 satis.
1704 1815 1896 1871 Conci-

2013 1835 2112 1881 :ou,
2137 1818 2222 1870 ἵνα
2249 1817 2436 1888 ὥσπερ
2468 1815 2752 1886 σύνδεσμοι
2779 1833 2919 1879 τινες
2947 1815 3144 1886 ῥᾳδίως
3175 1814 3236 1866 τὸ
3265 1813 3427 1884 βάρος
3452 1812 3562 1867 τῶν

339 1916 487 1984 piunt
526 1913 681 1967 variis
717 1911 919 1974 diebus,
944 1919 992 1964 et
1024 1926 1119 1977 pro
1160 1926 1257 1963 sua
1294 1925 1506 1979 quaeque
1539 1919 1757 1973 natura,
1791 1910 1900 1963 alia

340 2009 576 2078 protinus
599 2015 654 2058 ut
677 2004 958 2066 animalia,
1000 1999 1204 2056 tardius
1236 2003 1436 2072 aliqua,
1469 2012 1518 2056 et
1547 2003 1746 2056 diutius
1779 2019 1902 2072 gra-

340 2101 458 2156 vida
486 2107 669 2169 partus
718 2095 1104 2169 gerunt:quod
1157 2096 1464 2165 germinatio
1511 2097 1626 2148 ideo
1664 2103 1899 2150 vocatur.

341 2192 566 2247 Pariunt
616 2207 732 2244 vero
761 2205 877 2242 cum
905 2188 1116 2256 ﬂorent,
1158 2187 1354 2256 ﬂosque
1383 2185 1472 2239 ille
1505 2187 1672 2255 ruptis
1698 2192 1902 2239 constat

355 2285 617 2338 utriculis.
673 2282 929 2335 Educatio
970 2283 1021 2332 in
1050 2295 1200 2349 pomo
1227 2289 1302 2332 est
1325 2299 1338 2333 :
1364 2279 1458 2332 hoc
1485 2288 1534 2333 et
1567 2279 1899 2348 germinatio.

347 2377 481 2433 Vide
499 2375 950 2445 Theophrastum,
975 2372 1046 2426 De
1066 2372 1248 2426 histor.
1273 2374 1463 2440 plant.,
1491 2372 1582 2427 lib.
1601 2389 1682 2436 ιιι,
1711 2388 1828 2442 cap.
1848 2371 1901 2438 6,

357 2482 424 2519 ex
475 2482 582 2534 quo
637 2480 734 2518 sua
787 2471 1062 2517 mutuatus
1121 2473 1203 2516 est
1253 2460 1481 2516 Plinius.
1537 2461 1904 2517 Pulcherrime

344 2555 568 2612 Ocelius
587 2555 860 2619 Lucanus,
890 2555 982 2608 lih.
1036 2570 1130 2608 vm
1172 2555 1244 2608 De
1266 2555 1606 2620 universo,de
1634 2554 1903 2610 seminum

344 2657 491 2714 ortu,
533 2657 587 2703 et
615 2647 874 2701 arborum
917 2648 1271 2716 productione
1305 2648 1568 2701 circulum
1601 2648 1900 2703 constituit.

347 2739 585 2795 Arbores
604 2739 750 2795 enim
773 2739 1002 2793 fructum
1025 2739 1279 2805 ferentes,
1304 2749 1615 2809 caterseque
1627 2740 1823 2809 planta:
1840 2756 1905 2794 ex

346 2832 646 2886 seminibus
686 2831 770 2885 sui
811 2837 966 2884 ortus
1005 2829 1216 2883 initium
1262 2829 1482 2895 habent,
1537 2830 1748 2887 fructus
1776 2846 1906 2886 vero

348 2922 598 2994 producti
628 2932 682 2976 et
709 2922 820 2990 jam
851 2919 1075 2990 perfecti
1125 2936 1317 2976 rursus
1350 2922 1417 2976 ab
1441 2922 1627 2977 eodem
1659 2923 1714 2976 in
1763 2923 1904 2977 idem

348 3020 689 3068 commcanle
730 3018 926 3064 natura
959 3010 1354 3066 dissolvuntur.
1400 3009 1552 3077 Quod
1587 3020 1640 3067 et
1671 3011 1737 3068 de
1773 3027 1905 3082 qua-

2001 1911 2282 1981 ἀσταχύων
2315 1911 2571 1980 φέρωσιν,
2597 1910 2722 1962 ὅταν
2747 1909 2972 1979 πλήρεις
3000 1908 3148 1971 ὅντες
3175 1907 3399 1978 καρπῶν
3428 1907 3563 1978 πρὸς

2000 2005 2096 2074 τὴν
2124 2004 2225 2074 γῆν
2254 2002 2718 2068 κατακλίνωνται;
2773 2001 2871 2054 Διά
2908 2001 3063 2054 τοῦτο
3091 2003 3119 2053 ὁ
3149 2001 3244 2071 μὲν
3273 1999 3470 2071 βρόμος
3495 2000 3560 2052 δι’

2001 2097 2050 2150 ὅ)
2061 2114 2122 2148 ου
2152 2095 2324 2162 κενὸς,
2350 2095 2442 2149 ἆτε
2469 2095 2659 2166 μηδενὶ
2687 2093 2783 2165 τὴν
2809 2092 3045 2164 κεφαλὴν
3069 2092 3450 2163 βαρυνόμενος,
3471 2089 3562 2145 τὸν

2001 2187 2056 2240 δὲ
2092 2189 2234 2240 σῖτον
2260 2189 2370 2250 τοῖς
2404 2186 2716 2256 συνδέσμοις
2749 2184 2954 2249 τούτοις
2981 2187 3014 2256 ἡ
3050 2185 3210 2254 φύσις
3233 2183 3564 2256 nummuli-

2005 2297 2151 2333 σατο.
2190 2281 2276 2332 Ἐν
2302 2279 2443 2352 θήκῃ
2491 2280 2550 2333 δὲ
2581 2279 2672 2332 τὸν
2702 2280 2898 2334 κόκκον
2925 2278 3253 2350 ἀποθεμένη,
3276 2279 3350 2342 ὠς
3377 2279 3450 2350 μὴ
3478 2279 3564 2332 εύ-

2002 2370 2331 2442 διάρπαστον
2357 2366 2494 2423 εἶναι
2523 2372 2636 2432 τοῖς
2663 2369 3072 2442 σπερμολόγοις,
3092 2369 3168 2422 ἔτι
3200 2370 3294 2422 καὶ
3319 2371 3381 2440 τῇ
3413 2385 3567 2439 περι-

2005 2464 2130 2537 ϐολῇ
2163 2465 2271 2517 τῶν
2315 2464 2617 2536 ἀνθερίκων
2659 2458 2769 2517 οἷον
2813 2465 2960 2517 ἀκίσι
2989 2463 3085 2528 τὰς
3115 2465 3178 2518 ὲκ
3208 2462 3315 2516 τῶν
3359 2463 3567 2536 μικρῶν

2005 2555 2156 2622 ζώων
2203 2556 2458 2626 ἀφίστησι
2506 2556 2727 2628 βλάϐας.
2765 2555 2958 2611 Cicero
3001 2555 3068 2611 de
3123 2562 3399 2610 senectute
3452 2554 3567 2609 hare

2004 2649 2185 2704 omnia
2209 2648 2569 2705 disertissime
2597 2649 2943 2720 prosequitur
2969 2664 2983 2698 :
3016 2647 3326 2720 Quanquam
3352 2664 3432 2702 me
3453 2649 3569 2718 qui-

2005 2739 2121 2793 dem
2150 2758 2254 2794 uon
2284 2740 2486 2809 fructus
2514 2741 2689 2798 modo.
2712 2740 2802 2795 sed
2823 2741 2981 2794 etiam
3004 2741 3165 2808 ipsius
3196 2750 3348 2794 terra:
3371 2739 3462 2808 jus
3506 2754 3569 2792 ac

2007 2841 2202 2888 natura
2243 2833 2513 2886 delectat:
2545 2850 2658 2903 qua:
2679 2849 2794 2886 cum
2857 2832 3050 2903 gremio
3087 2831 3287 2886 mollito
3343 2848 3404 2884 ac
3441 2831 3568 2885 sub-

2008 2931 2122 2976 acto
2143 2939 2313 2977 semen
2346 2939 2587 2992 sparsum
2609 2924 2800 2992 excipit
2831 2940 2850 2978 :
2896 2923 3124 2994 primum
3153 2922 3208 2976 id
3255 2935 3571 2977 occtrcatum

2007 3014 2250 3078 cohibet;
2301 3030 2365 3070 ex
2391 3032 2491 3086 quo
2524 3017 2748 3080 occatio,
2800 3031 2915 3086 quia
2964 3015 3058 3069 hoc
3097 3016 3268 3085 eﬂicit,
3301 3016 3572 3069 nominata

347 3115 475 3161 tuor
503 3105 888 3158 elementorum
919 3105 1261 3174 generatione
1275 3106 1470 3158 asserit
1496 3124 1508 3159 :
1537 3106 1654 3176 Πῦρ
1680 3105 1776 3177 μὲν
1798 3105 1906 3178 γὰρ
1933 3151 1974 3209 C
2011 3117 2129 3162 est:
2156 3107 2343 3163 deinde
2375 3108 2684 3178 tepefactum
2714 3123 2901 3177 vapore
2931 3119 2975 3162 et
3011 3123 3307 3177 compressu
3337 3125 3432 3162 suo
3472 3107 3574 3178 dif-

349 3199 429 3260 είς
459 3195 517 3250 ἓν
567 3195 952 3266 συνερχόμενον
988 3195 1128 3267 ἀέρα
1169 3197 1460 3267 ἀπογεννᾷ,
1514 3196 1620 3268 ἀὴρ
1651 3198 1708 3250 δὲ
1741 3197 1904 3270 ὕδωρ,

351 3288 494 3361 ὕδωρ
527 3288 582 3340 δὲ
611 3289 735 3359 γῆν,
765 3289 872 3342 ἀπὸ
898 3289 1000 3358 γῆς
1025 3289 1082 3341 δὲ
1116 3290 1148 3359 ή
1182 3289 1316 3343 αὐτῇ
1350 3289 1594 3361 περίοδος
1618 3291 1716 3362 τῆς
1747 3308 1912 3361 μετα-

350 3379 510 3449 ϐολῆς
546 3378 705 3450 μέχρι
737 3377 928 3450 πυρὸς,
962 3377 1083 3432 ὅθεν
1118 3379 1320 3451 ἤρξατο
1365 3379 1734 3450 μεταϐάλλειν.
1757 3383 1818 3434 Ol
1855 3381 1912 3434 δὲ

351 3472 550 3542 καρποὶ
586 3469 768 3524 καὶτὰ
800 3470 1024 3524 πλεῖστα
1057 3472 1162 3525 τῶν
1196 3471 1491 3542 ῥιζοφύτων
1525 3473 1630 3527 ἀπὸ
1664 3474 1914 3545 σπερμά-

350 3581 457 3617 των
479 3564 732 3617 ἁνέλαϐον
759 3563 856 3634 τὴν
881 3563 1052 3636 ἀρχὴν
1085 3567 1182 3635 τῆς
1211 3567 1502 3634 γενέσεωςο
1557 3569 1915 3639 καρπωθέντα

351 3655 411 3706 δὲ
450 3654 542 3706 καὶ
598 3654 1084 3725 τελεσφορήσαντα,
1129 3640 1293 3710 πάλιν
1350 3657 1442 3711 ἐπὶ
1489 3658 1549 3710 τὸ
1578 3659 1795 3728 σπέρμα
1817 3659 1916 3730 τὴν

355 3746 608 3800 ἀνάλυσιν
639 3747 871 3797 ποιεῖται
913 3747 1022 3800 ἀπὸ
1069 3746 1160 3800 τοῦ
1212 3749 1397 3810 αὐτοῦ,
1445 3750 1538 3802 καὶ
1571 3750 1661 3802 ἐπὶ
1694 3750 1756 3802 τὸ
1789 3750 1920 3803 αὐτὸ

354 3837 444 3906 τὴν.
490 3833 717 3898 διέξοδον
738 3834 1157 3906 ἐπιτελουμένης
1184 3837 1280 3906 τῆς
1311 3836 1540 3902 φύσεως.

429 3928 588 3988 lbid.,
631 3927 728 3982 liti.
780 3927 865 3981 38.
911 3928 1130 3980 Νοτίδα
1173 3929 1281 3998 γὰρ
1342 3931 1583 3999 θερμήν.
1645 3931 1917 3999 Basilius,

358 4020 507 4074 hom.
532 4019 566 4074 5
599 4038 611 4074 :
646 4020 814 4072 Ὅταν
851 4021 907 4083 ὲς
934 4019 1036 4090 γῆν
1065 4021 1346 4092 καταπέσῃ
1371 4021 1432 4075 τὸ
1461 4022 1677 4094 σπέρμα
1709 4025 1920 4095 συμμέ-

363 4128 506 4184 τρως
531 4111 731 4176 νοτίδος
756 4111 848 4164 καὶ
877 4111 1084 4183 θέρμης
1128 4112 1372 4182 ἔχουσαν.
1417 4114 1609 4184 χαῦνον
1638 4115 1922 4187 γενόμενον

359 4205 453 4257 καὶ
491 4202 811 4274 πολύπορον,
838 4204 937 4273 τῆς
966 4206 1373 4277 παρακειμένης
1403 4207 1508 4277 γῆς
1530 4208 1924 4280 περιδραξάμε-

362 4310 483 4357 νον,
520 4293 587 4345 τὰ
619 4295 792 4347 οίκεῖα
833 4295 927 4348 καὶ
962 4295 1212 4366 σύμφυλα
1245 4297 1381 4368 πρὸς
1413 4297 1570 4350 έαυτδ
1603 4299 1920 4352 ἐπισπᾶται.

374 4385 429 4437 Ἐ
439 4385 738 4456 μπίπτοντα
764 4386 820 4438 δὲ
835 4389 946 4450 τοῖς
971 4388 1176 4459 πόροις,
1193 4389 1287 4441 καὶ
1314 4389 1808 4460 περιολισθαίνοντα
1828 4391 1923 4462 τῆς

2011 3203 2211 3272 fundit,
2235 3213 2282 3256 et
2320 3204 2464 3257 elicit
2494 3203 2870 3258 herbescentem
2899 3219 2964 3257 ea:
2987 3220 3045 3257 eo
3075 3203 3389 3258 viriditatem
3413 3219 3431 3268 ;
3459 3218 3574 3274 qua:

2020 3296 2108 3349 vix
2150 3313 2181 3348 a
2214 3295 2362 3365 ﬁbris
2407 3297 2681 3365 stirpium,
2738 3297 2930 3350 sensim
2975 3295 3244 3361 adolescit,
3307 3295 3576 3365 culmoque

2023 3403 2195 3441 erecta
2221 3388 2538 3456 geniculato,
2570 3390 2771 3460 vaginis
2795 3389 2913 3458 jam
2929 3390 3081 3460 quasi
3106 3388 3381 3458 pubescens
3404 3379 3576 3442 inclu-

2015 3479 2179 3545 ditur,
2214 3497 2242 3533 e
2279 3479 2463 3549 quibus
2507 3497 2624 3533 cum
2663 3482 2960 3545 emerserit,
2987 3480 3160 3550 fundit
3185 3481 3382 3551 frugem
3409 3482 3576 3551 spisso

2017 3570 2198 3623 ordine
2231 3581 2485 3636 sructam,
2525 3579 2574 3625 et
2605 3581 2787 3626 contra
2835 3575 3010 3626 avium
3057 3575 3317 3627 minorum
3346 3590 3578 3628 morsum

2019 3663 2252 3716 munitur
2297 3662 2436 3717 vallo
2479 3664 2791 3718 aristarum.
2841 3663 2993 3719 Hanc
3050 3666 3176 3720 item
3236 3673 3441 3720 natura:
3470 3667 3578 3719 vim

2020 3757 2093 3808 ita
2125 3754 2355 3824 explicat
2381 3754 2686 3810 Alexander
2711 3755 3086 3826 Aphrodiscus
3125 3757 3181 3810 in
3214 3757 3305 3811 lib.
3352 3774 3389 3823 ι,
3439 3757 3578 3811 Pro-

2023 3845 2176 3899 blem.
2207 3847 2259 3899 in
2284 3862 2513 3916 procem.
2539 3866 2551 3902 :
2582 3847 2836 3919 Καρποὺς
2866 3848 2920 3901 δὲ
2945 3849 3152 3913 πάντας
3179 3851 3272 3902 καὶ
3294 3850 3581 3920 σπέρματα

2023 3938 2158 4008 πρὸς
2182 3938 2392 4005 γένεσιν
2426 3940 2519 3993 καὶ
2551 3939 2796 4012 διαδοχὴν
2827 3940 2921 3993 τοῦ
2942 3941 3128 4008 γένους
3151 3944 3517 4015 τεκτηναμένη
3543 3947 3578 4014 ἠ

2024 4031 2448 4100 φύσις,λεπίσιν,
2477 4033 2510 4102 ἣ
2542 4031 2750 4102 σώμασί
2779 4050 2918 4086 τισιν
2939 4035 3174 4105 ὑγροῖςῆ
3211 4035 3512 4100 ξυλώδεσιν,
3545 4037 3578 4107 ἢ

2023 4124 2304 4195 δέρμασιν,
2343 4125 2540 4195 ὁμοίως
2596 4127 2929 4195 ἠσφαλίσατο
2953 4142 2968 4154 ’
2993 4126 3237 4198 καθάπερ
3284 4129 3340 4180 ὲν
3369 4128 3584 4199 κιεωτῷ

2025 4218 2241 4281 τούτους
2280 4218 2641 4290 ἀποκρύψασα
2675 4221 2810 4292 πρὸς
2841 4220 3126 4291 ἀποφυγὴν
3168 4221 3363 4291 κρύους
3394 4223 3427 4294 ἢ
3461 4223 3587 4276 θάλ-

2028 4310 2230 4382 πους,ἦ
2263 4309 2416 4374 ζώων
2443 4309 2600 4364 τινῶν
2619 4311 2961 4364 ἀδικούντων.
2979 4313 3088 4365 Καὶ
3119 4312 3246 4366 αὐτὸ
3265 4313 3320 4367 δὲ
3345 4315 3404 4367 τὸ
3433 4315 3558 4387 περί
3574 4346 3587 4355 -

2029 4400 2211 4473 ϐλημα
2252 4403 2530 4466 παντελῶς
2572 4405 2788 4474 ἀχρεῖον
2817 4405 2876 4456 ού
2908 4404 3238 4475 κατέλειψεν,
3273 4405 3405 4460 ἀλλά
3453 4408 3590 4478 πρὸς

362 4475 467 4546 γῆς
513 4476 582 4529 τὰ
626 4475 922 4530 λεπτότατα
951 4478 1134 4548 μόρια,
1169 4479 1259 4532 ἐπὶ
1305 4479 1464 4533 πλέον
1490 4479 1770 4552 ἀνευρύνει
1798 4480 1924 4542 τοὺς
1958 4488 1999 4540 D
2028 4492 2229 4564 τροφὴν
2256 4493 2683 4565 παρεσκεύασεν,

361 4567 555 4636 ὖγκους
582 4567 767 4632 αὐτοῦ,
807 4567 945 4622 ὥστε
971 4569 1246 4640 ῥιζοῦσθαι
1281 4572 1377 4641 μὲν
1406 4574 1486 4635 εἰς
1531 4571 1592 4624 τὸ
1631 4572 1800 4636 κάτω,
1835 4573 1926 4626 ἐπὶ

363 4659 425 4713 τὸ
445 4661 556 4715 ἄνω
586 4660 642 4713 δὲ
675 4661 1006 4732 προκύπτειν
1037 4663 1212 4735 ίσαρίθ
1221 4681 1334 4734 μων
1353 4667 1473 4727 ταῖς
1496 4663 1670 4735 ῥίζαις
1695 4665 1801 4718 τῶν
1824 4681 1925 4718 κα·-

364 4753 550 4825 λάμων
579 4754 1047 4826 προϐαλλομένων.
1071 4755 1299 4812 Joannis
1321 4774 1417 4822 xu,
1441 4756 1690 4814 Christus
1722 4761 1927 4828 optima

367 4844 724 4899 similitudine
753 4860 816 4898 ex
847 4861 1016 4914 grano
1040 4846 1095 4899 in
1117 4856 1258 4901 terra
1283 4848 1546 4903 moriente
1573 4848 1928 4915 ducta,suam

365 4935 834 5006 gloriﬁcationem,
877 4953 976 4992 nec
1012 4954 1117 4992 non
1146 4946 1200 4993 et
1227 4939 1456 4994 aliorum
1489 4942 1744 4996 ostendit.
1784 4942 1930 5008 Quo-

367 5028 530 5083 modo
562 5037 741 5082 autem
770 5046 836 5083 ex
862 5031 1086 5093 semine,
1123 5039 1215 5085 aut
1237 5032 1440 5102 planta,
1477 5041 1570 5086 aut
1601 5035 1801 5088 animal
1833 5050 1927 5105 ge—

368 5128 593 5174 neretur
625 5120 792 5176 habes
821 5138 884 5176 ex
918 5123 1208 5178 Aristotele
1246 5139 1283 5177 ll
1342 5123 1419 5179 De
1459 5134 1690 5194 generat.
1739 5127 1927 5191 anim.,

368 5225 490 5280 cap.
523 5210 574 5273 1,
604 5211 697 5264 ubi
732 5211 844 5266 haec
876 5213 1032 5282 longe
1060 5212 1246 5278 dubia,
1297 5222 1350 5268 et
1379 5223 1749 5282 controversa,
1795 5218 1930 5272 satis

369 5308 528 5354 acute
565 5300 706 5354 sicut
737 5310 789 5355 et
829 5309 1024 5356 caetera
1077 5304 1259 5358 omnia
1291 5304 1702 5375 perpenduntur
1753 5312 1806 5358 et
1837 5321 1932 5359 ex-

370 5394 663 5462 plicantur.

441 5485 599 5548 lbid.,
625 5487 720 5542 lin.
886 5488 1273 5560 Θαλπομένου
1302 5489 1370 5544 δὲ
1397 5491 1486 5545 ἀεὶ
1520 5491 1624 5546 τοῦ
1659 5491 1932 5558 βλαστή-

364 5595 570 5646 ματος.
627 5579 878 5644 Basilius,
927 5582 1074 5636 hom.
1111 5583 1144 5637 5
1194 5602 1206 5636 :
1259 5582 1602 5654 Θαλπομένου
1643 5585 1698 5637 δὲ
1727 5586 1811 5638 ἀεὶ
1838 5585 1930 5639 τοῦ

374 5670 746 5744 βλαστήματος
781 5675 1082 5746 συρομένην
1123 5675 1208 5728 διά
1241 5675 1347 5729 τῶν
1391 5676 1554 5746 ῥιζῶν
1596 5678 1692 5750 τὴν
1732 5677 1927 5743 νοτίδα,

454 5763 498 5796 ⁸⁸
536 5761 660 5819 Cen.
698 5782 788 5837 ιιι..
812 5766 897 5836 18.

815 5863 1081 5925 ΡΑτιιοι.
1121 5863 1237 5925 Gn.
1274 5864 1501 5927 XVIII.

2098 4582 2258 4648 lbid.,
2307 4583 2404 4637 lin.
2443 4584 2533 4639 57.
2568 4583 2678 4638 Καὶ
2710 4585 2762 4637 εὶ
2794 4576 3254 4653 συνεϐλάστησε
3303 4585 3426 4652 τοῖς
3470 4605 3594 4654 τρο-

2027 4673 2242 4742 φίμοις.
2311 4673 2568 4740 Basilius,
2601 4674 2749 4729 hom.
2787 4675 2820 4729 5
2851 4694 2864 4729 :
2899 4676 3007 4728 Kal.
3049 4675 3247 4740 εὐθέως
3282 4676 3592 4748 συνεξεδόθη

2027 4767 2139 4828 τοῖς
2171 4765 2455 4836 τροφίμοις
2481 4766 2549 4818 τά
2582 4765 2901 4838 δηλητήρια,
2937 4767 3072 4836 μετὰ
3095 4768 3186 4820 τοῦ
3221 4769 3366 4821 σίτου
3396 4770 3456 4822 τὸ
3489 4775 3596 4823 κω-

2030 4874 2189 4923 νειον,
2244 4857 2382 4928 μετά
2435 4857 2541 4911 τῶν
2574 4858 2773 4911 λοιπῶν
2819 4859 3118 4929 τροφίμων,
3171 4860 3447 4933 ἐλλέϐορος
3504 4865 3598 4916 καὶ

2031 4948 2294 5012 ἀκόνιτον,
2334 4950 2426 5002 καὶ
2455 4949 2832 5020 μανδραγόρας
2861 4949 2954 5002 καὶ
2981 4951 3008 5001 ὁ
3033 4951 3131 5019 τῆς
3165 4952 3411 5022 μήκωνος
3443 4953 3593 5017 ὀπός.

2031 5039 2215 5096 Multis
2251 5042 2389 5094 hanc
2424 5042 2781 5109 qumstionem
2819 5043 3091 5112 proponit,
3121 5053 3174 5096 et
3203 5045 3451 5100 dissolvit
3490 5045 3600 5099 Lu-

2033 5131 2258 5186 dovicus
2289 5130 2509 5196 Fidelis,
2536 5131 2608 5184 De
2638 5131 2821 5184 mundi
2848 5143 3136 5197 structura,
3159 5135 3253 5188 lib.
3288 5151 3360 5202 ιν,
3396 5150 3514 5202 cap.
3541 5133 3594 5198 6,

2032 5234 2085 5282 et
2123 5227 2417 5297 respondet
2456 5243 2644 5282 eorum
2680 5227 2970 5296 .Opinioni,
3020 5229 3114 5298 qui
3168 5228 3365 5285 herbas
3406 5228 3598 5285 noxias

2036 5326 2189 5374 sexto
2213 5319 2300 5374 die
2320 5327 2443 5389 post
2473 5319 2634 5389 primi
2667 5321 2910 5388 parentis
2933 5321 3421 5390 transgressionem
3463 5335 3596 5373 con-

2034 5411 2177 5465 ditas
2214 5411 2545 5473 sentiebant,
2582 5409 2672 5463 illa
2717 5412 2972 5465 suasione
3002 5410 3252 5480 permoti,
3281 5411 3426 5481 quod
3457 5409 3599 5466 Deus

2036 5499 2309 5553 hominem
2336 5499 2729 5567 condemnans,
2761 5490 3002 5554 futurum
3035 5499 3334 5569 respiciens
3357 5501 3553 5556 dixerit
3581 5521 3595 5557 :

2037 5589 2359 5644 Cerminabit
2396 5591 2489 5644 tibi
2522 5601 2660 5645 terra
2701 5593 2920 5646 tribulos
2961 5601 3010 5645 et
3050 5593 3227 5659 spinas
3248 5593 3314 5658 ν’,
3371 5594 3603 5665 ideoque

2033 5693 2223 5739 rentur
2256 5686 2308 5740 in
2361 5683 2740 5755 hujuscemodi
2788 5683 3248 5754 transgressionis
3283 5702 3502 5758 poenam
3537 5702 3604 5743 ac

3216 5869 3292 5928 ΞΤ
