4064 6290
524 357 629 416 883

1847 348 2091 410 LEONIS
2127 343 2404 410 ALLATII

3619 350 3737 407 844

524 475 1035 537 vindictam-herbas
1058 475 1250 533 noxias
1270 484 1391 547 post
1404 476 1542 532 Ade
1570 476 2066 547 praevaricationem

2169 478 2388 549 λέὁορον
2411 480 2519 540 τοῖς
2545 474 2849 547 ἀνθρώποις
2868 473 3185 546 δηλητήριον
3210 471 3355 536 ὄντα,
3383 470 3558 545 ψᾶρες
3581 471 3638 526 δὲ
3664 471 3736 526 ob

523 569 700 628 solum
734 564 902 621 hiisse
942 562 1250 627 productas.
1271 563 1639 620 Yeratamen
1670 569 1754 618 est
1806 561 2075 618 sententia

527 658 791 716 Eustathii
817 664 870 711 et
898 656 1127 711 aliorum
1146 657 1241 728 qui
1269 658 1465 715 herbas
1486 658 1585 712 bas
1612 656 1801 711 noxias
1824 668 1930 710 una
1950 667 2074 708 cum

528 751 647 807 aliis
680 747 862 805 herbis
886 756 1168 818 generatas
1196 749 1488 804 existimat.
1528 746 1697 802 Noxia
1733 744 1879 801 enim
1903 752 1957 801 et
1985 760 2065 800 νει

531 855 731 898 neuosa
763 839 926 895 rebus
956 839 1077 895 aliis
1104 840 1386 895 commista
1412 839 1649 893 humano
1664 838 1846 909 generi
1874 837 1928 892 in
1949 851 2075 891 con-

531 932 677 1004 poris
705 930 1118 1001 egritudinibus
1168 929 1598 987 sanandisiusui
1628 938 1774 984 sunt.
1813 927 1922 983 Nec
1966 942 2075 981 non

527 1021 851 1078 animalibus
880 1021 1226 1092 quibusdam,
1278 1020 1763 1090 eorum-corporis
1810 1019 2076 1074 constitu-

527 1117 674 1171 tione
715 1114 791 1168 ita
836 1122 1115 1184 poscente,
1148 1128 1266 1184 «pro
1317 1114 1575 1168 alimento
1632 1111 1976 1180 deserviunt,
2017 1118 2075 1166 ut

526 1206 786 1277 exemplis
820 1203 1046 1260 inferius
1075 1204 1299 1275 patebit.
1318 1203 1631 1266 Lucretius,
1668 1204 1764 1257 lib.
1791 1220 1871 1257 v.:

630 1382 893 1437 Prauerea
925 1382 1071 1436 nobis
1098 1392 1359 1437 ueratrum
1384 1391 1461 1436 est
1488 1398 1609 1435 acre
1643 1397 1910 1444 venenum,

629 1455 700 1505 At
747 1454 918 1520 capris
957 1452 1157 1522 adipes,
1202 1462 1252 1506 et
1287 1451 1641 1505 coturnicibus
1681 1461 1857 1520 auget.

632 1523 832 1591 Quippe
858 1521 1026 1575 videre
1051 1521 1175 1576 licet
1205 1523 1533 1591 pinguescere
1567 1537 1700 1588 saepe
1721 1522 1895 1573 cicuta

626 1593 941 1663 Barbigeras
956 1591 1195 1662 pecudes,
1226 1592 1421 1646 homini
1442 1607 1557 1661 qua:
1568 1603 1644 1644 est
1670 1607 1791 1644 acre
1807 1606 2071 1644 venenum.

527 1770 670 1826 ldem
716 1771 954 1826 sentiunt
1005 1770 1374 1827 Theodoretus
1415 1777 1468 1827 et
1498 1770 1852 1839 Ambrosius;
1883 1780 1936 1828 et
1969 1771 2075 1826 Au-

529 1863 716 1917 sonius
746 1863 822 1916 ait
850 1881 865 1917 :

599 2041 795 2112 Toxica
819 2041 1053 2112 zelotypo
1074 2040 1217 2094 dedit
1248 2057 1381 2096 uxor
1404 2043 1599 2096 moecha
1621 2059 1827 2108 veneno,

669 2111 778 2166 Nec
805 2113 932 2166 satis
960 2111 1033 2164 ad
1060 2122 1274 2164 mortem
1314 2112 1531 2165 credidit
1557 2130 1668 2168 esse
1683 2115 1887 2168 datum.

601 2181 814 2237 Miscuit
837 2183 1039 2250 argenti
1058 2181 1275 2235 lethalia
1293 2182 1526 2249 pondera
1554 2185 1674 2249 vivi,

663 2251 877 2321 Cogeret
896 2261 955 2304 ut
974 2252 1185 2305 celerem
1203 2252 1278 2305 vis
1294 2253 1557 2321 geminata
1587 2270 1778 2308 necem.

595 2320 808 2378 Diuidat
834 2323 942 2375 lites
964 2322 1158 2391 siquis,
1188 2320 1390 2390 faciunt
1403 2322 1632 2377 discreta
1664 2340 1930 2390 uenenum,

667 2391 971 2447 Antidotum
992 2402 1192 2446 sument
1212 2408 1338 2459 ,quce
1366 2394 1564 2447 sociata
1588 2393 1745 2449 bibet.

528 2545 618 2601 Sic
644 2553 697 2600 et
725 2545 1077 2601 animantium
1108 2562 1305 2617 genera
1328 2546 1553 2618 pulchra
1571 2556 1720 2615 sunt,
1749 2557 1804 2602 et
1834 2547 2071 2603 homini-

526 2641 628 2694 bus
659 2655 764 2695 non
798 2638 978 2694 minus
1023 2639 1173 2693 utilia
1211 2655 1373 2710 quam
1412 2641 1719 2705 necessaria
1759 2659 1772 2694 :
1808 2642 2071 2695 nonnulla

525 2737 703 2785 tamen
734 2731 1034 2802 perniciosa
1059 2740 1188 2786 sunt
1216 2741 1270 2787 et
1306 2730 1755 2788 nociva..Plinius
1788 2731 2071 2788 Naturalis

528 2819 673 2876 l’list.
715 2822 809 2876 lib.
839 2838 901 2885 ιι,
936 2837 1052 2893 cap.
1088 2823 1175 2886 (i3,
1211 2824 1372 2876 aliam
1407 2823 1569 2893 hujus
1608 2824 1685 2879 rei
1724 2839 1944 2882 causam
1983 2840 2072 2880 as-

526 2910 744 2980 signat:
777 2911 915 2978 Quin
965 2920 1015 2965 et
1060 2927 1252 2966 uenena
1282 2920 1474 2966 terram
1502 2915 1668 2967 nostri
1703 2916 1968 2969 miseriam
1990 2916 2072 2969 in-

524 3003 756 3056 stituisse
789 3001 930 3055 credi
968 3011 1166 3068 potest,
1211 3018 1275 3055 ne
1317 3003 1371 3055 in
1416 3001 1574 3056 twdio
1598 3003 1729 3058 dira
1751 3004 1873 3060 ritas
1911 3003 2070 3073 fatuis

524 3110 686 3159 mors,
717 3102 869 3147 terra:
895 3095 1092 3148 meritis
1117 3095 1460 3159 alienissima,
1492 3096 1631 3150 lenta
1662 3113 1756 3150 nos
1798 3113 2072 3152 consume-

523 3193 600 3239 ret
628 3184 764 3249 tabe,
797 3201 859 3238 ne
889 3185 1116 3238 lacerum
1142 3199 1328 3253 corpus
1350 3185 1575 3254 abrupta
1606 3186 1980 3257 dispergerent,
2009 3203 2071 3241 ne
2098 3170 2139 3225 ο

523 3276 696 3346 laquei
748 3285 1002 3346 torqueret
1051 3292 1201 3346 piena
1247 3288 1588 3346 pra-postera,
1640 3278 1845 3332 incluso
1883 3279 2072 3347 spiritu

519 3371 607 3424 cui
624 3381 942 3440 quereretur
962 3371 1132 3424 exitus
1159 3387 1178 3424 :
1200 3387 1261 3425 ne
1301 3371 1353 3425 in
1370 3371 1629 3441 profundo
1647 3374 1868 3442 quaesita
1886 3383 2072 3439 morte,

520 3461 789 3531 sepultura
814 3460 1005 3531 pabulo
1034 3461 1203 3531 fieret,
1248 3478 1311 3515 ne
1355 3462 1484 3531 ferri
1521 3466 1786 3518 cruciatus
1817 3463 2072 3518 scinderet

517 3570 730 3625 corpus.
766 3553 855 3608 Ita
883 3564 959 3608 est
1002 3555 1241 3618 miserta,
1301 3557 1475 3624 genuit
1513 3556 1568 3608 id
1601 3557 1750 3620 cuius
1806 3557 2069 3626 facillimo

517 3646 730 3713 haustu,
760 3645 964 3700 illibata
999 3660 1232 3714 corpore,
1258 3656 1306 3700 et
1332 3663 1448 3700 cum
1485 3656 1591 3701 toto
1621 3649 1873 3718 sanguine
1899 3650 2071 3702 extin-

515 3753 809 3808 gueremur,
835 3737 981 3791 nullo
1015 3738 1214 3802 labore,
1240 3737 1537 3792 sitientibus
1568 3738 1763 3793 similes
1797 3754 1815 3792 :
1844 3740 2071 3809 qualiter

514 3826 786 3897 defunctos
814 3844 917 3882 non
937 3827 1186 3894 volucris,
1214 3844 1315 3881 non
1336 3827 1452 3896 fera
1490 3828 1788 3897 attingeret,
1819 3837 2068 3898 terraeque

512 3928 822 3982 servaretur,
836 3919 925 3988 qui
939 3917 1037 3971 sibi
1056 3919 1154 3988 ipsi
1167 3919 1432 3988 periisset;
1450 3930 1517 3985 et,
1533 3929 1588 3972 ut
1601 3936 1771 3973 verum
1785 3920 2064 3989 fateamur,

513 4019 656 4066 terra
706 4012 854 4066 nobis
906 4013 1168 4067 malorum
1225 4014 1506 4067 remedium
1545 4020 1749 4083 genuit,
1793 4029 1886 4067 nos
1930 4011 2066 4066 illud

513 4102 631 4156 vita:
688 4104 910 4172 facimus
966 4120 1235 4158 uenenum.
1283 4103 1389 4160 Sed
1440 4105 1571 4175 quid
1633 4104 1838 4158 diceret
1901 4103 2064 4159 homo

509 4192 785 4254 ethnicus,
820 4194 967 4246 omni
1009 4194 1195 4248 divino
1237 4193 1441 4249 lumine
1480 4195 1793 4260 destitutus,
1839 4211 2064 4266 praeque

510 4282 698 4337 mundi
758 4283 920 4353 hujus
986 4285 1207 4339 caducis
1260 4285 1558 4352 blanditiis,
1611 4287 1746 4340 nihil
1781 4289 2061 4346 aestimans

507 4382 788 4440 aeternum,
809 4375 1012 4428 nullam
1038 4384 1359 4445 exspectans
1393 4376 1700 4434 felicitatem
1725 4379 1748 4431 ?

2175 568 2416 624 κώνειον.
2442 568 2765 625 Coturnices
2800 567 2926 621 item
2966 564 3191 620 venenis
3224 564 3583 635 pinguescere
3615 573 3734 618 tra-

2176 658 2257 713 dit
2277 657 2486 713 Plinius
2512 658 2610 713 lib.
2640 673 2698 720 α,
2741 670 2863 726 cap.
2901 654 2996 720 25,
3027 653 3398 709 Coturnicibus
3442 655 3621 709 ueneni
3641 671 3734 709 se-

2174 770 2291 809 men
2313 755 2643 825 gratissimus
2666 753 2810 807 cibus
2830 769 2848 806 :
2872 768 3026 822 quam
3053 751 3114 806 ob
3141 769 3358 806 causam
3390 767 3478 806 eas
3498 751 3730 806 damna-

2175 863 2286 901 vere
2332 863 2544 910 mensw,
2580 846 2832 916 simulque
2870 845 3186 898 comitialem
3235 854 3445 914 propter
3480 845 3723 899 morbum

2175 940 2356 1007 despui
2387 949 2610 1003 suetum,
2642 954 2793 1008 quem
2822 937 2950 991 sola:
2971 935 3286 990 animalium
3315 937 3565 996 sentiunt.
3583 952 3727 1020 prie.—

2177 1041 2252 1086 ων
2273 1031 2551 1086 hominem.
2577 1029 2658 1084 .ln
2687 1031 2773 1086 his
2793 1030 2963 1084 ‘Plinii
2987 1029 3168 1084 verbis
3200 1027 3376 1082 obiter
3404 1025 3458 1081 id
3477 1027 3724 1082 animad-

2173 1120 2487 1179 vertendum
2529 1119 2597 1174 de
2644 1118 2904 1173 comitiali
2954 1117 3117 1171 verbo
3167 1131 3276 1170 non
3304 1115 3557 1170 omnibus
3599 1131 3726 1171 esse

2174 1226 2353 1266 unam-
2375 1208 2723 1264 sententiam.
2756 1208 3073 1263 Aristoteles
3115 1206 3169 1260 in
3214 1205 3474 1260 Problem.
3504 1206 3595 1272 ait,
3616 1207 3721 1259 M6-

2173 1312 2296 1359 νους
2346 1292 2660 1364 ἀνθρώπους
2698 1295 2754 1345 ὲν
2787 1293 2863 1364 τῷ
2881 1293 2991 1346 τῶν
3027 1291 3184 1357 ζώων
3208 1292 3352 1360 γένει
3390 1291 3718 1362 ἐπιλήπτους

2173 1386 2437 1454 γίνεσθαι.
2470 1385 2796 1439 Plutarchus
2823 1382 2972 1437 addit
3017 1381 3528 1452 capramzlacobus
3568 1381 3719 1437 Dele-

2176 1478 2440 1549 campius,
2499 1485 2553 1532 et
2610 1491 2794 1540 canes,
2846 1482 2899 1530 et
2940 1473 3072 1529 feles
3104 1482 3158 1530 et
3194 1475 3391 1528 arietes
3433 1489 3496 1529 eo
3527 1474 3717 1528 morbo

2174 1571 2400 1640 periisse
2414 1584 2473 1624 se
2500 1567 2702 1623 vidisse
2730 1574 3000 1632 testatur;
3034 1580 3230 1635 capras
3259 1574 3310 1620 et
3341 1580 3468 1620 ores
3493 1581 3556 1621 eo
3574 1580 3717 1619 mor-

2175 1663 2244 1716 bo
2276 1662 2463 1717 vexari
2489 1661 2651 1715 tradit
2697 1656 3052 1728 Hippocrates
3106 1657 3203 1712 lib.
3249 1658 3387 1726 Περὶ
3410 1657 3521 1727 τῆς
3556 1654 3716 1727 ἱερῆς

2172 1754 2382 1807 νόσου’
2409 1765 2578 1820 equos
2595 1748 2879 1820 Apsyrtus;
2901 1747 3208 1818 accipitres,
3233 1755 3286 1803 et
3313 1750 3562 1818 graculos
3589 1746 3717 1803 Bro-

2088 1832 2148 1886 Β
2176 1845 2325 1899 daaus
2350 1843 2444 1898 lib.
2471 1858 2552 1907 ιιι,
2583 1856 2684 1912 cap
2707 1840 2808 1906 23;
2840 1840 3045 1895 Sextus
3076 1855 3204 1896 vero
3236 1840 3541 1911 Empiricus
3579 1840 3715 1912 Pyr-

2173 1934 2525 2005 rhon.Hypot.
2555 1934 2649 1988 lib.
2681 1950 2718 1995 ι,
2746 1947 2856 1986 non
2878 1931 3233 1998 helleborum,
3252 1932 3343 1988 sed
3362 1934 3593 1988 cicutam
3619 1948 3711 1987 co-

2173 2025 2412 2080 turnices
2428 2022 2823 2093 pinguelacere,
2840 2022 2999 2077 sicuti
3016 2023 3377 2096 hyoscyamus
3390 2039 3515 2078 sues
3530 2023 3709 2079 refert:

2172 2117 2246 2170 Τὸ
2267 2113 2394 2184 γοῦν
2418 2113 2636 2168 κώνειον
2669 2113 2867 2167 πιαίνει
2894 2113 3020 2177 τοὺς
3034 2112 3284 2183 ὄρτυγας,
3309 2115 3403 2168 καὶ
3432 2117 3460 2168 ὁ
3480 2115 3710 2168 ὑοσκύαυ-

2174 2226 2272 2280 μος
2293 2208 2389 2270 τὰς
2402 2201 2485 2274 ὗς,
2502 2207 2559 2260 αἳ
2572 2206 2634 2277 δὴ
2651 2206 2897 2278 χαίρουσι
2918 2208 3010 2261 καὶ
3032 2208 3406 2279 σαλαμάνδρας
3423 2207 3706 2261 ὲσθίουσαι.

2242 2298 2400 2363 lbid.,
2432 2298 2527 2353 lin.
2557 2299 2608 2353 9.
2644 2298 2744 2351 Διὰ
2777 2297 2846 2351 δὲ
2875 2297 2980 2353 τοῦ
3000 2297 3430 2369 μανδραγόρου.
3461 2297 3696 2360 Basilius,

2173 2390 2319 2446 hom.
2350 2392 2420 2447 5:
2447 2392 2565 2443 Ἔτι
2593 2390 2649 2444 δὲ
2680 2392 2773 2444 καὶ
2799 2391 2933 2444 αὐτὰ
2963 2391 3133 2444 ταῦτα
3166 2393 3221 2444 ὲν
3261 2390 3435 2463 καιρῷ
3463 2407 3591 2444 ποτε
3621 2390 3705 2443 καὶ

2172 2482 2304 2552 ἡμῖν
2342 2482 2605 2552 χρήσιμα.
2633 2480 2729 2534 Διὰ
2767 2480 2866 2552 μὲν
2893 2480 3000 2554 γὰρ
3031 2481 3123 2535 τοῦ
3152 2481 3523 2554 μανδραγόρου
3553 2481 3710 2534 ὕπνον

2175 2573 2347 2644 ίατρολ¹
2398 2573 2812 2640 κατεπάγουσιν.
2832 2589 2845 2602 ο
2885 2572 3024 2640 όπίῳ
3052 2572 3108 2626 δὲ
3133 2572 3230 2636 τὰς
3274 2573 3507 2645 σφοδρὰς
3531 2573 3719 2637 ὀδύνας

2170 2664 2278 2717 τῶν
2302 2664 2564 2734 σωμάτων
2590 2663 3064 2735 κατακοιμίζουσιν
3088 2681 3102 2694 ο
3128 2664 3226 2735 ἤδη
3264 2663 3321 2717 δέ
3343 2682 3486 2728 τινες
3505 2664 3581 2736 τῷ
3614 2682 3720 2718 itai-

2171 2755 2296 2826 νείῳ
2324 2756 2415 2810 καὶ
2454 2756 2516 2809 τὸ
2560 2754 2827 2819 λυσσῶδες
2879 2755 2985 2809 τῶν
3028 2756 3255 2827 ὀρέξεων
3308 2756 3718 2829 -κατεμάραναν,

2172 2848 2265 2901 καὶ
2301 2846 2378 2917 τῷ
2429 2847 2691 2920 ἐλλεϐόρῳ
2719 2846 2887 2905 πολλὰ
2916 2845 3025 2900 τῶν
3051 2847 3279 2918 χρονίων
3317 2848 3504 2902 παθῶν
3533 2846 3720 2920 ἐξεμό-

2170 2940 2419 3010 χλευσαν.
2451 2939 2668 2994 Plenam
2704 2938 3076 3009 mandragorae
3108 2940 3287 2995 herbas
3322 2940 3717 2996 consideratio-

2171 3046 2294 3088 nem
2320 3031 2486 3088 habes
2516 3032 2657 3103 apud
2685 3031 2924 3102 Plinium
2955 3031 3051 3085 lib.
3082 3047 3205 3098 xxv,
3242 3047 3359 3102 cap.
3389 3032 3474 3097 15,
3507 3032 3560 3086 ἰιι
3587 3047 3718 3102 quo,

2172 3134 2226 3178 et
2257 3123 2375 3192 ejus
2403 3124 2458 3178 in
2488 3123 2774 3178 medicinis
2800 3137 2931 3177 usus
2960 3122 3279 3191 explicatur,
3305 3122 3428 3190 ejus
3456 3123 3583 3175 item
3602 3122 3712 3176 vim

2175 3214 2508 3271 somniﬁeam
2539 3218 2612 3267 ita
2633 3213 2865 3283 explicat
2889 3231 2902 3266 :
2931 3198 3086 3265 Folia
3115 3220 3481 3265 conservantur
3507 3212 3559 3264 in
3592 3227 3710 3265 mu-

2176 3309 2258 3359 ria
2285 3305 2562 3374 eﬁicacius,
2598 3303 3045 3357 aliasrerentium
3075 3318 3255 3356 succus
3292 3303 3450 3369 pestis
3470 3312 3546 3354 est
3581 3318 3600 3355 :
3628 3303 3706 3354 sic

2173 3412 2371 3467 quoque
2396 3398 2568 3450 nauita
2589 3397 2740 3449 uires.
2779 3393 3109 3450 Gravedinem
3139 3395 3298 3449 etiam
3321 3395 3544 3464 aferunt
3560 3395 3702 3464 olla-

2173 3500 2258 3542 ctu
2288 3506 2625 3559 :quanquam
2649 3489 2791 3543 mala
2811 3490 2864 3542 in
2889 3488 3140 3559 aliquibus
3180 3490 3330 3543 terris
3361 3488 3697 3550 mandantur,

2172 3581 2332 3635 nimio
2367 3590 2538 3633 tamen
2553 3578 2710 3633 odore
2737 3581 3091 3634 obmutescunt
3112 3580 3303 3649 ignari.
3341 3578 3475 3633 Potu
3502 3579 3707 3650 quidem

2170 3670 2396 3740 largiore
2430 3671 2589 3724 etiam
2616 3671 2930 3727 moriuntur.
2981 3670 3065 3725 Vis
3094 3669 3365 3740 somniﬁca
3389 3686 3482 3740 pro
3517 3671 3713 3724 uiribus

2169 3761 2469 3817 bibentium.
2506 3761 2682 3816 Media
2710 3763 2851 3830 potio
2874 3763 3052 3834 cyathi
3078 3768 3255 3817 unius.
3283 3762 3491 3816 Bibitur
3509 3774 3558 3816 et
3590 3778 3716 3817 con-

2169 3860 2251 3905 tra
2280 3863 2558 3922 serpentes,
2588 3864 2637 3908 et
2666 3863 2784 3907 ante
2812 3855 3063 3908 sectioues
3104 3854 3499 3925 punitionesqne
3516 3870 3578 3908 ne
3596 3871 3715 3907 seu-

2169 3943 2387 3999 tiantur.
2421 3942 2497 3999 0b
2542 3945 2650 3998 huic
2682 3946 2813 3998 satis
2854 3954 2930 3998 est
2974 3943 3235 4013 aliquibus
3274 3960 3515 3998 somnum
3559 3943 3713 3998 odore

2163 4036 2431 4104 quaesisse.
2471 4034 2680 4088 Bibitur
2720 4044 2771 4089 et
2809 4050 2904 4104 pro
2940 4035 3205 4089 rhelleboro
3234 4035 3435 4089 duobus
3470 4035 3632 4089 obolis
3661 4037 3715 4089 in

2164 4126 2355 4184 mulso.
2393 4127 2455 4181 Et
2477 4126 2831 4198 Theophrast.
2868 4127 3011 4182 Hist.
3040 4130 3212 4197 plant.
3250 4131 3341 4183 lib.
3376 4145 3450 4195 ix,
3480 4144 3596 4199 cap.
3622 4131 3709 4192 l0,

2163 4219 2429 4292 Καθάπερ
2462 4221 2555 4275 καὶ
2581 4222 2673 4275 τοῦ
2697 4221 3072 4293 μανδραγόρου
3099 4223 3161 4275 τδ
3185 4223 3280 4279 μὲν
3304 4222 3501 4292 φύλλον
3526 4224 3720 4296 χρήσισ

2166 4329 2263 4383 μον
2309 4309 2445 4367 εἶναι
2488 4329 2614 4382 φασι
2656 4313 2792 4383 πρὸς
2839 4314 2907 4367 τὰ
2940 4314 3069 4386 ἓλκη
3108 4316 3227 4386 μετ’
3265 4315 3507 4384 ἀλφίτου,
3537 4315 3632 4386 τὴν
3658 4315 3715 4368 δὲ

2163 4406 2320 4478 ῥίζαν
2345 4406 2478 4477 πρὸς
2511 4408 2834 4478 ἐρυσίπελας
2865 4407 3145 4472 ξανθείσάν
3184 4426 3242 4463 τε
3268 4410 3360 4462 καὶ
3387 4408 3495 4473 ὄξει
3516 4409 3714 4463 δευθεῖ·

574 4488 692 4545 Col.
712 4487 853 4581 illi,
887 4489 984 4581 lin.
1130 4488 1211 4581 Td
1234 4488 1352 4559 μὲν
1388 4492 1495 4560 γὰρ
1517 4490 1782 4547 κώνειον.
1822 4493 2057 4550 Basilius
2089 4527 2133 4581 ι)
2164 4513 2281 4561 σαν,
2309 4497 2402 4550 καὶ
2433 4497 2569 4568 πρὸς
2593 4497 2659 4552 τὰ
2691 4499 3132 4572 ποδαγρικὰ,καὶ
3153 4501 3289 4572 πρὸς
3309 4500 3474 4554 ὕπνον
3495 4503 3587 4555 καὶ
3605 4501 3719 4571 φίλ-

507 4579 653 4634 bom.
687 4580 753 4635 5:
779 4580 853 4634 Τὸ
882 4580 978 4651 μὲν
1009 4580 1116 4653 γὰρ
1146 4579 1366 4635 κώνειον
1385 4583 1435 4635 οἱ
1464 4582 1635 4656 ψᾶρες
1658 4585 1941 4655 βόσκονται
1971 4588 2057 4641 διὰ
2091 4579 2118 4581 Γ
2158 4607 2282 4663 τρα.
2318 4589 2530 4644 Διδόασι
2555 4590 2613 4644 δὲ
2651 4594 2708 4646 ὲν
2733 4594 2917 4666 οῐνῳῆ
2948 4597 3005 4648 ὲν
3038 4594 3171 4658 ὄξει.
3205 4584 3469 4664 Τέμνουσι
3499 4595 3558 4648 δὲ
3590 4612 3715 4667 τρο-

504 4671 600 4744 τὴν
621 4672 960 4746 κατασκευὴν
1003 4673 1095 4727 τοῦ
1114 4673 1362 4743 σώματος
1387 4674 1482 4748 τὴν
1514 4679 1578 4730 ὲκ
1598 4677 1692 4730 τοῦ
1727 4677 2050 4751 δηλητηρίου

506 4758 708 4830 βλάϐην
752 4760 1247 4832 ἀποδιδράσκοντες.
1278 4765 1525 4829 Λεπτοὺς
1541 4765 1649 4839 γὰρ
1685 4766 1898 4838 ἔχοντες
1929 4771 2054 4834 τοὺς

501 4849 609 4902 ἀπὸ
636 4852 732 4922 τῆς
760 4850 981 4921 καρδίας
1005 4852 1223 4924 πόρους,
1261 4854 1551 4924 φθάνουσιν
1585 4858 1819 4928 ἐκπέψαι
1846 4861 1906 4914 τὸ
1953 4879 2053 4915 κα-

501 4940 754 5007 ταποθὲν,
785 4945 911 5017 πρὶν
940 4944 1037 5018 τὴν
1066 4947 1158 5000 ἀπ’
1179 4947 1343 5002 αὐτοῦ
1375 4948 1533 5018 ψῦξιν
1553 4950 1661 5004 τῶν
1693 4952 1920 5025 καιρίων
1953 4971 2051 5007 κα-

500 5030 789 5102 θάψασθαι.
823 5034 1130 5093 Alexander
1173 5040 1542 5111 Aphrodiseus
1576 5042 1671 5100 lib.
1703 5058 1742 5111 ι,
1781 5034 2050 5100 Problem.

498 5125 554 5182 in
583 5126 918 5198 praefatione.
947 5128 1128 5195 Quare
1160 5143 1377 5188 veratro
1419 5135 1747 5201 coturnices,
1786 5144 1840 5191 et
1875 5137 2052 5191 sturni

496 5218 673 5274 cicuta
706 5228 1015 5287 vescantur,
1044 5221 1185 5276 inter
1235 5225 1564 5293 quaestiones
1616 5228 2049 5299 inexplicabiles,

495 5308 712 5381 Deoque
739 5312 840 5367 soli
878 5311 1141 5367 duntaxat
1180 5320 1438 5386 tanquam
1462 5313 1666 5373 ‘eorum
1718 5320 1917 5375 artiﬁci
1965 5338 2052 5379 so-

495 5399 784 5456 lertissime
805 5403 1050 5472 cognitas
1080 5403 1275 5473 rejicit.

561 5490 721 5558 lbid.,
749 5494 844 5548 lin.
873 5495 927 5552 8.
969 5495 1079 5549 Τόν
1108 5496 1176 5550 δὲ
1211 5498 1532 5568 ἐλλέϐορον
1554 5501 1847 5558 ἐσθίουσι.
1893 5504 2049 5561 Basi-

492 5581 599 5637 lius
618 5582 761 5641 hom.
788 5586 855 5641 5:
893 5588 1206 5662 Ἐλλέϐορος
1228 5590 1283 5644 δὲ
1300 5591 1544 5661 ὀρτύγων
1562 5596 1677 5648 ἐστὶ
1701 5596 1895 5668 τροφὴ,
1924 5598 2050 5652 ἰδιό-

489 5687 614 5742 τητι
640 5675 886 5744 κράσεως
908 5677 1004 5749 τὴν
1043 5679 1249 5753 βλάϐην
1275 5684 1711 5754 ἀποφευγόντων.
1748 5688 2052 5745 Alexander

489 5759 783 5830 Aphrodis.
818 5766 939 5821 loco
961 5770 1137 5839 citat.,
1173 5775 1438 5847 Ὀρτυγές
1458 5795 1515 5831 τε
1546 5776 1813 5832 σιτοῦνται
1842 5781 1932 5836 τὸν
1962 5784 2049 5837 ἑλ-

2160 4684 2381 4756 χίσκους
2429 4683 2612 4758 ὥςπερ
2659 4687 3291 4758 ραφανίδος,ὲνείραντες
3319 4686 3375 4739 δὲ
3411 4688 3469 4739 ὲν
3501 4686 3716 4756 γλεύκει

2161 4775 2467 4848 ἐκρέμασαν
2483 4776 2622 4848 ὑπὲρ
2635 4778 2863 4832 καπνοῦ.
2894 4779 2959 4834 Ει
2988 4778 3287 4849 Xenophon
3312 4778 3365 4832 in
3388 4777 3661 4849 Symposio
3692 4799 3707 4834 :

2160 4867 2248 4938 Τῷ
2279 4868 2387 4940 γὰρ
2413 4868 2524 4923 όντι
2548 4866 2687 4934 οἶνος
2713 4872 2887 4943 ἄρδων
2912 4870 3009 4935 τὰς
3037 4869 3215 4942 ψυχὰς
3273 4871 3370 4936 τὰς
3415 4871 3513 4942 μὲν
3540 4870 3712 4934 λύπας

2152 4961 2341 5032 ὥσπερ
2369 4963 2396 5014 ὁ
2428 4963 2804 5034 μανδραγόρας
2832 4963 2957 5027 τοὺς
2987 4962 3306 5034 ἀνθρώπους
3334 4963 3590 5035 κοιμίζει,
3617 4963 3717 5025 τὰς

2151 5052 2207 5107 δὲ
2240 5054 2648 5126 φιλοφροσύνας,
2668 5054 2859 5127 ὥσπερ
2885 5055 3061 5109 ἔλαιον
3087 5055 3260 5124 φλόγα
3275 5054 3500 5127 ἐγείρει.
3524 5054 3579 5109 1η
3607 5072 3718 5124 quo

2156 5145 2532 5216 Xenophontis
2567 5148 2686 5203 loco
2715 5148 3061 5218 interpretem
3095 5149 3475 5213 allucinatum,
3509 5155 3562 5204 et
3593 5145 3715 5201 Pie-

2156 5240 2299 5292 rium
2342 5236 2682 5303 Valerianus,
2713 5240 2807 5294 lib.
2862 5255 3013 5306 Lvm,
3044 5256 3092 5296 c.
3112 5240 3180 5295 de
3215 5238 3565 5307 Mandragora
3594 5254 3717 5292 ver-

2157 5333 2308 5383 sione
2346 5330 2510 5401 hujus
2536 5331 2847 5401 deceptum,
2880 5333 3084 5402 optime
3129 5332 3412 5386 annotavit
3436 5332 3521 5386 vir
3551 5330 3604 5384 in
3628 5344 3716 5383 sa-

2156 5421 2267 5475 cris
2288 5422 2623 5492 explicandis
2652 5423 2953 5495 Scripturis
2971 5422 3177 5479 nemini
3198 5423 3471 5479 secundus
3489 5421 3712 5566 hkichael

2156 5511 2440 5566 Gislerius.
2460 5529 2617 5566 auem
2642 5531 2856 5566 semner
2875 5515 3106 5566 maxime
3119 5515 3417 5566 admiratus
3435 5529 3534 5566 sun
3569 5514 3712 5566 eius-

2156 5511 2440 5575 Gislerius,
2460 5529 2617 5583 quem
2642 5531 2856 5586 semper
2875 5515 3106 5570 maxime
3119 5515 3417 5569 admiratus
3435 5511 3552 5568 sun‘l
3569 5514 3713 5582 ejus-

2155 5617 2259 5672 que
2304 5608 2467 5659 verba
2508 5607 2743 5660 maximo
2771 5621 2892 5662 meo
2937 5622 3041 5660 usu
3067 5614 3122 5659 ct
3165 5606 3449 5660 commodo
3502 5619 3715 5674 semper

2155 5696 2367 5763 excepi,
2388 5706 2440 5750 et
2463 5698 2514 5750 in
2552 5697 2692 5750 hanc
2716 5697 2856 5752 diem
2877 5697 3113 5766 excipio,
3142 5712 3304 5766 quem
3332 5695 3519 5750 multis
3556 5698 3714 5752 annis

2155 5784 2411 5843 Ecclesiae
2440 5788 2718 5844 catholica:
2745 5790 2961 5842 utilitati
2986 5789 3255 5844 bonorum
3290 5788 3533 5842 omnium
3574 5790 3718 5844 votis
