4064 6290
334 375 440 432 8-55

1287 379 1352 433 IN
1388 374 1756 435 EUSTATHII
1794 369 2266 429 HEXA‘EMERON
2295 369 2523 427 ΝΟΤᾸΞ.

3444 314 3553 424 εει

345 494 485 566 Deus
515 494 860 564 superstitem
888 501 943 551 et
973 496 1296 553 incolumem
1332 507 1639 559 conservet.
1682 497 1735 550 in
1765 512 1894 552 eru-
1921 500 1964 555 Α
1993 494 2246 563 superius
2291 491 2504 546 dixerat
2552 503 2715 542 anum
2754 486 3044 557 quamdam
3086 485 3320 541 Atticam
3363 484 3555 542 cicuta

346 585 647 651 ditissimis,
678 586 959 657 solidaque
980 587 1248 651 doctrina,
1283 589 1481 658 pietate
1508 604 1572 643 ac
1599 603 1728 644 vera
1762 587 1891 642 reli-

345 679 499 748 gione
531 676 749 733 refertis
781 677 1186 735 Commentariis
1220 681 1275 735 in
1321 683 1478 736 Cant.
1529 682 1750 744 cantic.,
1801 693 1890 733 ca-
1924 742 1927 743 ν

345 763 440 833 pit.
469 778 565 825 vit,
589 778 733 818 vers.
772 763 857 829 15,
882 764 1219 834 expositione
1252 765 1447 835 prima.
1477 764 1552 822 De
1571 766 1674 820 hac
1703 765 1893 821 eadem

344 873 401 913 re
433 857 619 912 cadent
658 854 1020 919 Dioscorides,
1056 857 1288 929 indeque
1313 858 1518 914 factum
1545 859 1894 930 proverbium

345 948 582 1005 Luciano
608 951 663 1003 in
695 948 927 1016 Timone,
950 951 1084 1003 ὅπου
1104 967 1167 1018 γε
1200 951 1451 1024 καθάπερ
1468 953 1573 1006 ὑπὸ
1598 952 1897 1024 μανδραγό-

345 1058 437 1113 ρου
463 1038 762 1103 καθεύδεις,
785 1048 838 1095 et
862 1039 1204 1095 Demostheni
1223 1040 1278 1094 in
1299 1057 1353 1094 tv
1381 1040 1694 1111 Philippica,
1726 1040 1898 1093 Ἀλλ’-

349 1134 459 1187 οὑδ¹
511 1130 867 1203 ἀνεγερθῆναι
934 1132 1207 1202 δυνάμεθα
1234 1172 1249 1197 ,
1317 1133 1453 1186 ἀλλὰ
1523 1132 1898 1206 μανδραγόραν

344 1224 643 1289 πεπωκόσι,
686 1221 740 1276 εἴ
766 1240 818 1276 τι
859 1222 1146 1294 φάρμακον
1174 1223 1302 1278 ἄλλο
1347 1224 1607 1289 τοιοῦτον,
1645 1224 1898 1296 ἐοίκαμεν

344 1314 666 1387 ἀνθρώποις.
724 1313 857 1370 Vide
886 1314 1223 1386 Rodiginum,
1258 1317 1383 1372 libr.
1423 1334 1556 1383 xvn,
1600 1318 1767 1388 capit.
1804 1317 1895 1373 21.

344 1403 649 1461 Notandum
670 1406 815 1475 quod
847 1404 1256 1477 Theophrastus
1278 1409 1353 1462 ait
1379 1409 1794 1480 mandragoram
1830 1408 1898 1464 ad

347 1512 581 1560 amores,
611 1505 664 1553 et
693 1497 890 1567 philtra
919 1498 1247 1566 conducere,
1279 1510 1334 1556 et
1360 1509 1557 1569 praeter
1584 1500 1901 1572 Theophra-

348 1597 490 1643 stum
513 1588 652 1644 idem
680 1596 911 1645 testatur
941 1588 1303 1658 Dioscorides,
1324 1592 1656 1663 Epiphanius
1681 1592 1735 1646 in
1754 1591 1902 1663 Phy-

347 1678 566 1749 siologo,
585 1686 637 1735 et
652 1678 741 1733 alii
762 1695 777 1740 ;
796 1678 881 1733 sic
900 1678 1044 1733 enim
1074 1679 1250 1734 locum
1271 1680 1419 1734 illum
1448 1678 1722 1736 Genescos
1745 1679 1903 1733 intel-

348 1768 502 1838 liges,
539 1769 629 1824 sed
648 1769 716 1824 de
747 1769 852 1825 hoc
881 1769 938 1823 in
969 1770 1175 1827 nostris
1206 1772 1688 1828 exercitationibus
1720 1773 1896 1842 plura.

1994 586 2211 656 triginta
2238 583 2424 638 bolcas
2449 582 2568 637 sine
2597 579 2795 634 damno
2824 578 3123 634 sorbuisse.
3154 573 3263 631 Ἦν
3285 577 3365 642 δὲ,
3400 575 3549 647 φασὶ,

1991 675 2164 749 γραῦς
2203 675 2418 744 Ἀττικὴ
2464 673 2751 744 τριάκοντα
2809 670 2969 734 ὁλκὰς
3003 668 3224 723 κωνείου
3262 668 3555 733 ἀκινδύνως

1992 767 2424 840 προσφερομένη.
2459 763 2567 820 Res
2610 764 2772 818 etiam
2823 771 3012 817 notatu
3042 761 3204 833 digna
3230 769 3332 816 est.
3372 760 3557 817 Refert
3587 773 3593 781 '

1994 860 2402 931 Theophrastus
2461 855 2537 910 De
2566 855 2753 910 histor.
2791 855 2982 924 plant.,
3033 853 3127 907 lib.
3182 868 3258 916 Ix,
3306 867 3427 923 cap.
3465 852 3555 914 18,

1993 952 2292 1007 Eudemum
2335 948 2532 1003 Chium
2571 947 2762 1019 viginti
2800 946 2938 1002 duas
2981 944 3276 1015 aliquando
3308 944 3558 1015 potiones

1997 1040 2260 1096 hellebori
2291 1055 2409 1094 uno
2433 1039 2522 1094 die
2550 1038 2869 1109 sumpsisse,
2889 1052 3010 1092 cum
3041 1036 3146 1091 fori
3182 1036 3323 1106 apud
3353 1050 3560 1091 merces

1996 1132 2228 1194 sederet,
2260 1147 2361 1187 nec
2400 1131 2705 1186 surrexisse
2743 1130 3059 1200 priusquam
3094 1134 3240 1183 esset
3278 1126 3558 1189 meridies,

1997 1234 2125 1278 tunc
2168 1237 2301 1279 vero
2343 1218 2504 1277 dom'o
2544 1221 2712 1291 petita
2744 1221 2966 1275 balneas
3010 1219 3339 1289 ingressum,
3374 1231 3563 1272 creua-

1998 1325 2222 1386 tumque
2269 1328 2422 1370 more
2455 1314 2637 1378 solito,
2685 1327 2785 1368 nec
2815 1310 3111 1383 quidquam
3141 1310 3469 1367 evomuisse.
3504 1310 3565 1364 Id

1997 1416 2178 1461 tamen
2211 1407 2414 1461 auxilio
2438 1405 2671 1475 quodam
2704 1413 3007 1476 praeparato
3029 1404 3343 1474 perfecisse,
3372 1418 3566 1474 quam-

1998 1499 2083 1553 vis
2130 1507 2350 1569 propter
2398 1498 2634 1554 hominis
2690 1497 3141 1554 consuetudinem
3191 1498 3446 1568 pleraque
3498 1512 3568 1552 ex

1999 1592 2414 1646 medicamentis
2440 1593 2547 1645 vim
2578 1606 2731 1646 suam
2762 1591 3011 1647 amittere
3047 1605 3148 1645 nec
3186 1590 3419 1663 amplius
3449 1605 3567 1645 me-

2000 1677 2305 1734 dicamenta
2351 1695 2474 1735 esse
2518 1694 2676 1750 posse
2724 1679 3032 1751 negandum
3075 1694 3184 1735 non
3215 1680 3323 1748 sit,
3355 1680 3569 1750 hocque

2001 1768 2167 1826 refert
2193 1786 2261 1827 ex
2293 1769 2667 1842 Theophrasto
2702 1771 3022 1843 Apollonius
3064 1773 3116 1827 in
3173 1773 3362 1827 histor.
3398 1772 3569 1827 Mira-

348 1858 486 1934 Quid
517 1861 752 1917 herbarii
786 1863 1107 1933 praecipiant
1133 1864 1184 1919 in
1211 1866 1463 1932 secanda,
1484 1866 1900 1938 colligendaque
1929 1862 1972 1917 B
2000 1861 2215 1926 bilibus,
2264 1862 2366 1918 etsi
2404 1871 2613 1917 mutato
2655 1864 2872 1919 nomine
2915 1873 2969 1919 et
3012 1879 3111 1934 pro
3152 1863 3424 1928 Eudemo,
3457 1863 3567 1919 Eu-

351 1948 712 2023 mandragora
763 1954 995 2009 habetur
1040 1956 1179 2026 apud
1217 1958 1646 2027 Theophrastum
1688 1957 1893 2013 Πεδίον.

344 2044 510 2110 plant.
533 2044 629 2099 lib.
647 2060 718 2110 Ix,
745 2060 793 2099 c.
828 2046 885 2112 9,
911 2054 966 2101 et
985 2046 1466 2112 Pliniumlib.xxv,
1489 2064 1608 2118 cap.
1633 2051 1718 2104 l3.
1738 2048 1899 2104 Plura

342 2136 413 2189 de
444 2135 543 2189 hac
565 2136 731 2192 herba
756 2145 809 2192 et
834 2138 956 2207 ejus
982 2139 1280 2195 virtutibus
1309 2139 1546 2196 chinus
1568 2140 1901 2197 Lemniusin

346 2222 715 2292 Ezplicatione
737 2228 946 2286 herbar.
976 2227 1176 2296 biblic.,
1204 2245 1323 2300 cap.
1346 2231 1402 2287 2.

416 2317 530 2373 Col.
555 2318 678 2385 716,
706 2318 798 2372 lin.
825 2319 906 2374 10.
937 2321 1048 2374 Καὶ
1069 2320 1150 2387 τῷ
1187 2323 1335 2390 ὀπίῳ
1372 2323 1477 2390 τὰς
1510 2322 1794 2394 σφοδράς.
1830 2323 1903 2381 De

342 2409 456 2479 opii
490 2412 876 2479 pmparatione
902 2418 957 2468 et
980 2429 1081 2468 usu
1110 2414 1164 2468 in
1203 2415 1488 2471 medicinis
1511 2414 1720 2471 Plinius
1755 2415 1899 2475 Hist.

349 2508 526 2555 natur.
556 2500 649 2555 lib.
687 2517 780 2568 xx,
812 2516 932 2573 cap.
961 2503 1065 2570 £8;
1104 2505 1230 2560 huic
1261 2506 1369 2560 vim
1395 2522 1501 2560 non
1548 2507 1903 2577 soporiferam

345 2592 531 2654 modo,
581 2605 768 2645 verum
824 2592 871 2647 si
916 2595 1190 2663 copiosior
1241 2595 1522 2652 hauriatur
1568 2599 1903 2654 mortiferam

350 2683 564 2742 tribuit.
602 2693 657 2738 et
681 2682 919 2741 Galenus
952 2688 1199 2757 pluribus
1228 2689 1282 2744 in
1315 2692 1467 2746 locis.

420 2774 552 2830 Ibid.
584 2769 666 2842 Τῷ
691 2775 760 2830 δὲ
798 2780 1018 2846 κωνείῳ
1057 2781 1162 2847 τὰς
1199 2783 1554 2851 λυσσώδεις.
1610 2785 1684 2842 De
1729 2787 1906 2843 cicuta

344 2875 404 2922 et
434 2869 552 2937 ejus
580 2869 828 2926 remediis
857 2870 1064 2928 Plinius
1099 2873 1192 2928 lib.
1233 2890 1355 2937 xxv,
1385 2891 1505 2947 cap.
1548 2880 1779 2945 ultimo;
1814 2896 1908 2934 va-

349 2958 486 3012 riam
524 2971 700 3015 autem
737 2962 928 3017 cicuta
970 2966 1418 3034 praeparationem
1462 2969 1531 3023 ad
1577 2972 1784 3025 obitum
1817 2973 1905 3027 in-

347 3049 632 3106 ferendum
686 3052 895 3108 facilem
944 3061 998 3108 et
1050 3055 1254 3125 absque
1326 3058 1438 3111 ullo
1494 3057 1680 3114 dolore
1744 3061 1909 3118 refert

349 3139 703 3213 Theophrast.
734 3145 878 3202 Hist.
926 3147 1095 3216 plant.
1139 3149 1175 3205 l.
1225 3165 1298 3213 Ix,
1338 3166 1461 3222 cap.
1495 3152 1580 3217 I7,
1617 3163 1908 3228 narretque

340 3233 510 3287 etiam
549 3235 803 3290 Chiorum
853 3239 998 3292 circa
1043 3238 1144 3294 hoc
1197 3242 1436 3297 studium
1473 3254 1526 3299 et
1558 3246 1902 3311 industriam,

343 3324 439 3393 qui
478 3324 621 3379 illam
656 3343 766 3382 non
802 3330 1066 3396 tenebant,
1102 3334 1193 3388 sed
1231 3335 1476 3391 detracto
1503 3338 1737 3407 tegmine
1762 3338 1908 3409 quod

344 3413 714 3473 difficultatem
761 3428 961 3484 movet,
1013 3424 1270 3493 quoniam
1317 3429 1582 3498 concoqui
1624 3423 1765 3499 aegre
1811 3445 1908 3501 po-

344 3517 471 3572 test,
521 3508 718 3578 pistam
767 3511 822 3565 in
868 3516 1131 3570 mortario
1191 3517 1507 3583 tundebant,
1551 3528 1605 3575 et
1650 3524 1909 3591 prtetenui

346 3599 531 3653 crihro
559 3603 932 3660 trausmissam
958 3644 973 3669 ,
1008 3621 1151 3677 aqua
1186 3609 1489 3678 inspersam
1518 3611 1794 3675 bibebant,
1824 3622 1902 3667 at-

343 3703 455 3758 que
496 3689 569 3743 ita
613 3691 796 3748 obitus
841 3695 986 3750 celer
1034 3697 1315 3768 facilisque
1364 3701 1668 3756 eveniebat.
1702 3703 1821 3756 Ὅτι
1853 3702 1910 3755 δὲ

342 3780 587 3852 διαφέρει
623 3782 686 3835 τὸ
722 3784 960 3856 χρῆσθαι
1003 3806 1119 3852 πως
1160 3789 1372 3861 ἑκάστῳ
1399 3792 1630 3862 φανερὸν
1670 3795 1735 3846 ὲκ
1783 3793 1913 3846 πολ-

345 3872 473 3927 λῶν.
519 3875 670 3928 Ἐπεὶ
700 3877 793 3929 καὶ
820 3878 983 3942 Χίους
1014 3881 1146 3950 φασὶ
1177 3881 1253 3952 τῷ
1296 3884 1502 3954 κωνείῳ
1528 3885 1789 3958 πρότερον
1816 3886 1913 3958 οὑχ

344 3964 507 4030 οὕτω,
549 3967 681 4021 ἀλλά
707 3968 1007 4041 τρίϐοντας,
1053 3972 1306 4046 καθάπερ
1351 3978 1399 4030 οἰ
1442 3977 1609 4043 ἄλλοι,
1655 3978 1909 4049 χρῆσθαι.

346 4057 460 4113 Νῦν
505 4059 731 4115 δὲ.οὺδὲ
781 4060 848 4115 ἂν
900 4059 981 4127 εἷς
1015 4064 1275 4136 τρίψειεν,
1314 4067 1448 4122 ἀλλὰ
1499 4070 1914 4140 περιπτίσαντες

345 4148 441 4201 καὶ
470 4147 754 4218 ἀφελόντες
784 4151 845 4205 τὸ
880 4151 1107 4222 κέλυφος
1158 4152 1335 4227 (τοῦτο
1365 4155 1473 4228 γὰρ
1501 4157 1562 4209 τὸ
1588 4158 1686 4229 τὴν
1725 4159 1929 4229 δυσχέ·

349 4255 495 4310 ρειαν
528 4240 760 4313 παρέχον
798 4242 1259 4317 δυσκατέργαστον
1279 4245 1396 4320 ὃν),
1440 4249 1575 4318 μετὰ
1624 4248 1792 4302 ταῦτα
1825 4250 1915 4303 κός

344 4347 565 4385 πτουσιν
609 4334 667 4386 ἐν
705 4334 784 4406 τῷ
820 4335 989 4408 ὅλμῳ,
1020 4340 1116 4394 καὶ
1140 4339 1515 4404 διαπτίσαντες
1546 4339 1749 4400 λεπτὰ,
1793 4343 1913 4396 ἐπι-

347 4422 638 4489 πάττοντες
669 4426 754 4494 ἐφ’
781 4425 923 4501 ὕδωρ
956 4429 1221 4494 πίνουσιν,
1261 4429 1399 4488 ὥστε
1427 4435 1646 4502 ταχεῖαν
1674 4432 1767 4486 καὶ
1794 4431 1917 4485 ἐλα-

2000 1969 2221 2009 nomum
2253 1955 2479 2022 scribat,
2508 1964 2561 2011 et
2587 1956 2888 2013 Eudemum
2917 1959 3411 2031 Pharmacopolam,
3445 1977 3570 2017 cum

2001 2044 2241 2102 Eudemo
2285 2048 2420 2103 Chio
2471 2050 2790 2116 confundat,
2822 2052 2917 2108 sed
2965 2054 3032 2110 de
3074 2054 3160 2110 his
3198 2055 3354 2126 plura
3387 2055 3443 2110 in
3474 2071 3574 2110 rio-

2002 2138 2133 2193 stris
2160 2142 2494 2211 synonymis.

2073 2228 2232 2296 Ibid.,
2264 2232 2361 2287 lin.
2390 2232 2473 2287 15.
2500 2234 2608 2288 Kal
2642 2234 2837 2290 πάντα
2866 2235 3059 2305 ἐνμιᾷ
3086 2236 3313 2307 καιροῦ.
3340 2236 3573 2293 Basilius

2001 2320 2150 2374 hom.
2184 2337 2235 2375 tv
2263 2339 2276 2376 :
2305 2322 2486 2376 Πάντα
2519 2325 2576 2377 ἐν
2612 2326 2708 2396 μιᾷ
2738 2323 2928 2396 καιροῦ
2961 2327 3122 2397 ῥοπῇ,
3154 2326 3251 2378 οὐκ
3283 2324 3410 2379 ὄντα
3445 2326 3575 2397 πρό-

2003 2426 2175 2484 τερον,
2209 2411 2348 2482 ὑπὲρ
2376 2413 2475 2483 τῆς
2500 2414 2602 2484 γῆς
2624 2417 2704 2478 εἰς
2729 2415 2789 2468 τὸ
2820 2411 2958 2469 εἶναι
3002 2414 3265 2487 παρῆλθε,
3310 2414 3446 2485 μετὰ
3474 2416 3575 2485 τῆς

2003 2503 2207 2566 οἰκείας
2226 2502 2453 2556 ἕκαστον
2473 2503 2730 2575 ἰδιότητος
2754 2506 3170 2577 ὲναργεστάταις
3189 2505 3284 2576 μὲν
3298 2505 3576 2576 διαφοραῖς

2004 2592 2110 2647 ἀπὸ
2141 2592 2247 2647 τῶν
2285 2594 2610 2665 ἑτερογενῶν
2646 2594 3005 2669 χωριζόμενα,
3035 2596 3219 2671 οἰκείῳ
3247 2594 3303 2653 δὲ
3344 2596 3575 2653 ’ἑκαστον

2005 2683 2398 2755 γνωριζόμενον
2426 2685 2752 2759 χαρακτῆρι.

2074 2774 2232 2840 Ibid.,
2260 2777 2356 2831 lin.
2400 2778 2488 2832 17.
2516 2778 2628 2833 Καὶ
2686 2780 2910 2834 τούτων
2949 2781 3023 2836 τὰ
3053 2783 3169 2850 μέν
3203 2782 3355 2836 ἐστι.
3398 2782 3455 2836 In
3486 2797 3579 2836 aro-

2006 2865 2228 2923 boribus
2256 2869 2399 2924 sicut
2420 2877 2473 2924 et
2504 2868 2557 2923 in
2586 2869 2912 2928 animalibus
2947 2886 3069 2928 esse
3115 2872 3350 2942 speciem
3385 2888 3578 2944 quam—

2007 2956 2153 3021 dam,
2182 2965 2236 3012 et
2271 2958 2526 3030 figuram,
2558 2976 2720 3032 quam
2765 2971 2957 3017 auctor
2983 2970 3170 3019 noster
3199 2964 3577 3021 characterem

2008 3048 2263 3118 appellat,
2294 3064 2400 3119 qua
2440 3059 2496 3105 et
2547 3051 2617 3107 ab
2655 3051 2778 3107 aliis
2821 3052 3008 3109 divisae
3054 3063 3484 3125 cognoscuntur,
3526 3064 3581 3115 et

2011 3152 2123 3193 sum
2162 3149 2374 3196 natura:
2422 3156 2561 3213 opus
2608 3158 2863 3200 exercere
2898 3145 3140 3211 .valeant,
3176 3148 3310 3202 nulli
3352 3147 3581 3207 dubium

2011 3245 2247 3303 unquam
2276 3230 2379 3287 fuit
2406 3248 2509 3288 nec
2539 3234 2666 3289 erit.
2699 3234 2831 3302 Quae
2860 3235 3031 3291 forma
3072 3253 3136 3294 ex
3167 3239 3423 3295 omnibus
3452 3253 3580 3309 par-

2010 3324 2158 3379 tibus
2204 3326 2347 3380 sumi
2399 3334 2600 3395 potest,
2640 3328 2693 3382 in
2727 3344 2832 3383 una
2862 3330 3006 3384 enim
3048 3316 3178 3385 dum
3210 3332 3445 3397 variant,
3476 3330 3587 3386 etsi

2008 3414 2066 3469 in
2108 3416 2231 3472 aliis
2274 3419 2624 3483 conveniunt,
2675 3421 2904 3479 diversae
2953 3430 3133 3480 tamen
3184 3441 3286 3481 nec
3335 3423 3582 3496 ejusdem

2010 3509 2209 3578 speciei
2254 3510 2668 3580 judicabuntur.
2720 3515 2859 3571 Hinc
2909 3518 3157 3588 quaedam
3215 3519 3341 3575 latis
3393 3520 3579 3588 foliis,

2011 3600 2130 3655 alias
2156 3601 2385 3668 strictis,
2432 3606 2657 3661 serratis
2698 3607 2837 3674 alire,
2881 3609 3001 3664 alia:
3047 3610 3105 3664 in
3148 3610 3315 3665 alium
3358 3611 3582 3667 modum

2010 3695 2287 3764 expansis.
2327 3695 2418 3751 Sic
2464 3696 2533 3753 de
2573 3700 2797 3765 cortice,
2832 3702 3021 3764 ramis,
3053 3701 3352 3770 radicibus,
3384 3702 3581 3759 fructi-

2010 3785 2135 3847 bus.
2159 3795 2213 3842 et
2239 3788 2383 3844 aliis.
2416 3784 2639 3844 Summa
2669 3798 2849 3848 tamen
2873 3808 3063 3848 eorum
3089 3810 3290 3865 genera
3315 3794 3583 3854 habemus

2012 3891 2077 3931 ex
2114 3875 2489 3947 Theophrasto
2536 3879 2634 3933 lib.
2672 3896 2690 3935 ι
2723 3879 2800 3935 De
2828 3882 3016 3938 histor.
3061 3883 3255 3951 plant.,
3291 3898 3411 3954 cap.
3445 3884 3498 3947 6,
3529 3892 3585 3940 et

2014 3968 2144 4023 alibi
2176 3986 2193 4021 ι
2225 3969 2470 4039 quaedam
2501 3970 2645 4026 enim
2685 3988 2874 4028 earum
2904 3982 3033 4030 sunt
3062 3975 3303 4044 urbanae,
3334 3976 3582 4046 quaedam

2015 4060 2326 4125 silvestres,
2368 4063 2615 4133 quedam
2664 4061 2990 4131 fructiferae,
3041 4064 3289 4136 quaedam
3343 4067 3580 4128 steriles.

2014 4152 2257 4220 quaedam
2289 4150 2560 4216 floriferae,
2583 4152 2702 4209 alia;
2734 4152 2866 4210 ﬂore
2891 4161 3163 4221 carentes,
3188 4155 3435 4226 quaedam
3459 4173 3584 4227 per-

2015 4247 2179 4311 petuo
2211 4240 2466 4306 virentes,
2496 4244 2740 4313 quadam
2786 4245 3073 4315 perdentes
3117 4246 3265 4308 folia,
3302 4242 3413 4302 οἷον
3445 4250 3582 4321 ἡμέ-

2015 4350 2125 4405 ρων
2149 4373 2162 4396 ,
2204 4322 2429 4403 ἀγρίων,
2480 4335 2879 4408 καρποφόρων,
2921 4338 3212 4409 ἀκάρπων,
3252 4339 3581 4415 ἀνθοφόρων,

2014 4424 2275 4489 ἀνανθῶν,
2311 4425 2630 4496 ἀειφύλλων,
2665 4427 3018 4495 φυλλοϐόλων.
3053 4428 3262 4484 Plinius
3291 4430 3454 4484 etiam
3487 4431 3580 4485 lib.

345 4514 488 4586 φρὰν
512 4516 752 4585 γίνεσθαι
795 4518 894 4591 τὴν
942 4520 1276 4594 ἀπαλλαγήν.
1309 4522 1542 4594 Ideoque
1568 4522 1906 4578 Dioscorides

2016 4533 2127 4577 xvi.
2159 4532 2279 4588 cap.
2323 4517 2411 4579 18,
2449 4518 2701 4573 arborum
2741 4517 3074 4575 differentias
3122 4519 3492 4590 prosequitur,
3529 4528 3585 4573 et

349 4606 442 4662 lib.
489 4625 562 4672 tv,
590 4624 708 4680 cap.
745 4611 829 4675 79,
864 4611 1292 4670 efﬁcacissimam
1338 4616 1445 4670 vim
1476 4616 1665 4671 tribuit
1695 4617 1905 4680 cicutae,

345 4714 468 4773 quae
495 4699 548 4754 in
581 4701 759 4756 insula
786 4702 921 4758 Chio
952 4708 1218 4764 nascitur.

417 4791 532 4847 Col.
557 4792 679 4856 716,
705 4795 801 4850 lin.
836 4796 921 4851 11.
940 4799 1048 4854 Καὶ
1078 4799 1158 4866 τῷ
1188 4801 1479 4869 ἐλλεϐόρῳ
1499 4801 1570 4855 τὰ
1591 4803 1811 4871 χρόνια.
1836 4799 1910 4854 De

347 4884 607 4941 hellebori
638 4891 943 4959 speciebus,
977 4893 1184 4963 figuris,
1203 4895 1277 4958 vi,
1298 4894 1551 4949 facultate
1579 4902 1632 4949 et
1661 4911 1763 4950 usu
1795 4894 1911 4963 lege

346 4976 485 5032 Plin.
518 4980 554 5033 I.
588 4996 716 5045 xxv,
745 4995 793 5035 c.
822 4982 896 5049 5;
932 4982 1300 5040 Dioscoridem
1326 4986 1365 5040 l.
1399 5002 1471 5048 Iv,
1500 4999 1549 5038 c.
1581 4985 1682 5039 150
1701 4992 1754 5039 et
1787 4986 1906 5040 151.

346 5070 593 5126 Advertit
626 5070 823 5129 Sextus
855 5073 1162 5145 Empiricus
1202 5070 1462 5147 Pyrrhon.
1510 5076 1707 5146 Hypot.
1742 5078 1834 5131 lib.
1868 5093 1908 5140 ι,

347 5176 468 5231 cap.
504 5163 588 5226 14,
624 5163 986 5233 helleborum,
1019 5169 1063 5221 si
1098 5178 1255 5223 tenue
1276 5176 1330 5224 et
1378 5169 1757 5239 lanuginosum
1787 5167 1911 5238 quis

347 5252 526 5321 ipsum
556 5255 704 5322 edat,
736 5268 965 5314 mortem
993 5259 1207 5322 afferre.
1230 5261 1314 5318 sin
1341 5275 1589 5316 crassum
1621 5274 1728 5314 non
1759 5259 1908 5315 item.

346 5346 456 5399 Καὶ
481 5348 510 5399 ό
538 5346 812 5420 ἐλλέϐορος
842 5349 1033 5414 λεπτὸς
1066 5351 1161 5420 μὲν
1202 5352 1295 5404 καὶ
1336 5349 1571 5421 χνοώδης
1614 5348 1914 5420 προσφερό-

349 5453 507 5508 μενον
536 5440 766 5511 πνιγμδν
794 5443 1062 5514 ἐπιφέρει,
1090 5441 1397 5513 κριμνώδης
1427 5442 1483 5495 δὲ
1529 5442 1603 5495 ὣν
1628 5441 1831 5504 οὐκέτι,
1861 5447 1914 5494 et

348 5528 602 5586 Rufinum
639 5534 926 5602 quemdam
966 5535 1104 5605 apud
1138 5533 1450 5589 Chalcidem
1482 5534 1600 5590 sine
1628 5534 1738 5587 ulla
1773 5546 1913 5587 noxa

349 5626 533 5681 bibere
575 5628 794 5682 solitum
839 5628 1030 5685 fttisse.
1064 5631 1174 5684 Καὶ
1211 5631 1484 5698 Ῥουφῖνος
1523 5630 1580 5684 δὲ
1622 5631 1650 5683 ὁ
1682 5631 1740 5682 ἐν
1770 5628 1914 5682 Χαλ-

351 5717 454 5769 κίδι
476 5718 640 5772 πίνων
667 5719 943 5793 ἑλλέϐορον
963 5720 1084 5775 οὔτε
1108 5722 1257 5792 ἤμει,
1282 5720 1402 5776 οὔτε
1420 5723 1553 5785 ὅλως
1575 5720 1912 5794 ἐκαθαίρετο,

351 5807 463 5864 ἀλλ’
490 5809 564 5877 ὥς
586 5828 638 5869 τι
664 5811 772 5866 τῶν
802 5814 1041 5887 συνήθων
1069 5815 1433 5888 προςεφέρετο
1481 5815 1573 5870 καί
1615 5813 1831 5877 ἔπεσσε,
1862 5821 1916 5869 et

2010 4626 2129 4680 cap.
2161 4613 2223 4664 l9
2246 4629 2264 4665 τ
2292 4607 2550 4665 Prwterea
2579 4611 2823 4665 arborum
2847 4613 2969 4667 aliis
2996 4611 3240 4666 decidunt
3267 4612 3430 4682 folia;
3462 4612 3585 4667 alia:

2009 4702 2322 4770 sempiterna
2356 4719 2505 4756 coma
2536 4704 2719 4766 virent,
2742 4720 2897 4774 quam
2931 4702 3282 4773 ili/ferentium
3312 4708 3585 4759 antecedat

2011 4812 2210 4849 necesse
2240 4805 2316 4848 est
2361 4796 2523 4864 prior.
2558 4794 2693 4849 Sunt
2723 4798 2861 4849 enim
2910 4795 3160 4850 arborum
3198 4797 3437 4866 quantum
3471 4815 3585 4851 om-

2011 4886 2133 4939 nino
2161 4885 2442 4949 silrcstres,
2475 4884 2714 4956 quadam
2759 4875 3066 4942 urbaniores
3091 4904 3110 4942 :
3138 4904 3270 4958 quas
3302 4888 3386 4942 hic
3413 4887 3584 4959 placet

2012 4977 2302 5031 nominibus
2343 4978 2679 5048 distinguere.
2714 4977 2852 5050 Ergo
2897 4980 3070 5043 mites,
3108 4997 3225 5052 qua
3256 4980 3455 5051 fructu,
3492 4989 3587 5042 aut

2013 5069 2191 5138 aliqua
2232 5067 2384 5135 dote,
2419 5070 2803 5125 nmbraminere
2824 5109 2840 5134 ,
2883 5071 3044 5141 ofﬁcio
3063 5072 3345 5126 humanius
3369 5072 3581 5141 juvant,

2015 5178 2116 5215 non
2144 5163 2375 5231 improbe
2401 5162 2649 5215 dicantur
2674 5161 2915 5217 urbanae.

2083 5254 2240 5319 lbid.,
2279 5255 2373 5309 lin.
2410 5254 2503 5309 ao.
2538 5254 2852 5324 Ἆείφυλλα
2881 5253 2948 5309 δέ
2973 5256 3142 5311 ἐστιν
3176 5257 3368 5312 ἐλαία.
3405 5240 3584 5309 Then-

2012 5346 2271 5418 phrastus
2294 5347 2344 5411 I,
2374 5345 2447 5400 De
2461 5345 2795 5413 hist.plant.,
2819 5363 2939 5419 cap.
2961 5348 3027 5403 l5
3058 5368 3070 5402 :
3103 5348 3222 5400 Τῶν
3252 5345 3582 5419 μὲνήμέρων

2014 5441 2273 5511 ἀείφυλλα
2309 5440 2480 5503 ἐλαία,
2518 5440 2710 5511 φοίνιξ,
2741 5428 2935 5513 δάιρνη,
2970 5442 3247 5517 μύρῤινος,
3279 5441 3488 5508 πεύκης
3529 5454 3586 5493 τι

2015 5534 2186 5603 γένος,
2214 5533 2563 5604 κυπάριττοςο
2611 5533 2717 5586 τῶν
2767 5532 2824 5586 δὲ
2869 5533 3107 5603 ἀγρίων,
3149 5530 3336 5602 ἐλάτη,
3382 5529 3581 5600 πεύκη.

2014 5624 2298 5697 ἄρκευθος,
2342 5624 2558 5695 auaui,
2600 5624 2757 5689 Θυία,
2806 5625 2900 5678 καὶ
2945 5623 3011 5693 ἣν
3059 5621 3316 5694 Ἀρκάδες
3362 5621 3588 5677 καλοῦσί

2016 5717 2322 5792 φελλόδρυν,
2352 5716 2570 5790 φιλύρα,
2618 5717 2824 5789 κέδρος,
2863 5715 3043 5778 πίτυς,
3086 5713 3348 5787 μυρῤίκη,
3397 5713 3584 5781 πύξος,

2017 5813 2225 5888 πρῖνος,
2266 5809 2450 5885 ἀγρία,
2500 5807 2819 5879 κήλαστρον,
2863 5802 3082 5877 φιλὺκη,
3133 5802 3374 5881 ἀφάρκη.
3407 5803 3588 5864 ταῦτα
