4064 6290
516 361 618 416 847

1829 357 2078 415 LEONIS
2116 356 2387 412 ALLATII

3621 353 3738 407 8&8

514 481 572 535 δὲ
611 479 800 551 φύεται
848 479 974 551 περὶ
1009 478 1098 531 τὸν
1135 478 1410 549 Ὄλυμπον
1435 520 1448 544 ,
1489 479 1775 550 ἀνδράχνη,
1814 479 2071 550 κόμαρος,
2103 480 2147 536 Α
2173 477 2232 530 τὸ
2277 477 2492 548 χρῶμα,
2545 474 2882 546 φλοῖσθέντος
2927 471 3021 527 τοῦ
3072 473 3243 538 ξύλου,
3273 471 3587 542 λευκότερον
3635 471 3742 542 μὲν

515 568 818 642 τέρμινθος,
863 568 1049 639 ἀγρία,
1097 567 1292 639 δάφνη.
1327 573 1482 623 Δοκεῖ
1529 569 1583 622 δὲ
1617 571 1648 639 ἡ
1681 569 1947 640 άνδράχνη
1983 569 2077 621 καὶ

513 664 540 714 ὁ
571 662 783 731 οἵναρος
829 658 896 711 τὰ
941 659 1036 727 μὲν
1079 659 1226 711 κάτω
1276 659 1631 728 φυλλοϐολέῖν,
1673 659 1741 713 τὰ
1781 660 1836 712 δὲ
1877 659 2077 729 ἔσχατα

513 753 617 805 τῶν
645 749 957 820 ἀκρεμόνων
989 749 1246 816 ἀείφυλλα
1287 751 1456 819 ἔχειν·
1489 749 1734 819 ὲπιφύειν
1758 750 1814 803 δὲ
1843 751 1927 803 ἀεὶ
1952 750 2076 812 τοὺς

513 840 834 910 ἀκρέμονας.
877 837 940 891 Et
984 839 1194 894 Plinius
1223 857 1289 895 ex
1323 841 1694 911 Theophrasto
1727 841 1870 896 Hist.
1916 851 2026 896 nat.
2053 881 2070 906 ,

513 931 604 982 lib.
636 945 744 991 xvi,
777 945 896 998 cap.
927 929 996 982 20
1031 948 1042 982 :
1080 928 1410 982 Urbanarum
1443 932 1616 999 generi
1656 948 1754 984 non
1797 930 2072 995 decidunt,

511 1020 652 1081 oleae,
686 1020 857 1085 lauro,
889 1025 1098 1090 palmae,
1135 1031 1323 1093 myrto,
1355 1013 1614 1090 cupresso,
1659 1025 1814 1091 pinis,
1851 1023 2072 1086 hcderw,

511 1111 906 1174 rhododendro;
939 1122 992 1167 et
1038 1129 1158 1184 cap.
1203 1113 1265 1168 21
1319 1133 1332 1167 :
1377 1113 1703 1169 Silrestrium
1741 1116 1909 1185 generi
1944 1115 2075 1184 folia

511 1220 610 1257 non
639 1203 905 1269 decidunt,
929 1203 1107 1268 abieti,
1137 1205 1309 1270 larici,
1333 1207 1590 1273 pinastro,
1604 1207 1866 1276 junipero,
1899 1205 2072 1270 cedro,

512 1297 854 1364 therebintho,
887 1296 1043 1361 buxo,
1092 1298 1202 1350 ilici
1228 1339 1241 1363 ,
1273 1299 1556 1368 wquifolio,
1588 1299 1780 1362 suberi,
1815 1309 1959 1362 taxo,
1993 1309 2076 1352 ta-

509 1387 727 1451 marici;
759 1388 891 1440 inter
919 1397 1138 1457 utraque
1181 1405 1369 1458 genera
1409 1399 1528 1443 sunt
1559 1389 1817 1444 adrachne
1847 1391 1900 1442 in
1929 1388 2076 1443 Grca-

509 1477 615 1540 cia,
649 1487 697 1530 et
751 1478 937 1547 ubique
988 1479 1171 1533 unedo.
1222 1479 1440 1550 Reliqua
1474 1481 1611 1534 enim
1656 1482 1786 1550 folia
1831 1481 2074 1535 decidunt

515 1566 612 1630 his,
661 1580 1009 1640 praeterquam
1055 1572 1108 1623 in
1141 1572 1516 1626 cacuminibus.
1551 1571 1615 1625 Et
1643 1583 1832 1627 auctor
1865 1571 2075 1643 Geopo-

514 1661 618 1714 nic.
646 1677 658 1712 :
689 1659 885 1730 Δένδρα
930 1659 1152 1730 ἀειθαλῆ
1180 1663 1312 1725 ἐστι,
1346 1661 1622 1732 μηδέποτε
1650 1662 2073 1734 φυλλορῤοῦντα

515 1755 566 1804 ὲν
591 1750 668 1820 τῷ
702 1750 945 1822 χειμῶνι,
985 1751 1050 1807 ίδ.
1085 1750 1278 1820 φοίνιξ,
1309 1753 1510 1824 κίτρον,
1549 1754 1838 1824 στρόϐιλος,
1878 1754 2070 1823 δάφνη,

2173 564 2266 618 τοῦ
2294 565 2505 636 πρίνου,
2535 565 2886 636 οίνωπότερον
2922 563 2978 617 δὲ
3004 563 3102 634 τῆς
3131 562 3313 634 δρυός·
3350 561 3416 615 τά
3463 561 3521 614 δὲ
3563 560 3740 630 φύλλα

2176 656 2459 727 προσέοικε
2523 656 2618 726 μὲν
2658 657 2875 725 ἀμφοῖν,
2923 653 3031 723 ἔχει
3065 653 3121 706 δὲ
3159 651 3326 722 μείζω
3357 651 3389 723 ἦ
3423 651 3498 714 ὡς
3527 656 3737 722 πρῖνος,

2175 748 2378 802 ἐλάττω
2404 749 2460 802 δὲ
2488 749 2521 819 ἢ
2551 749 2625 811 ὼς
2661 747 2808 818 δρῦς.
2847 748 2954 799 Καὶ
2983 747 3072 799 τὸν
3109 744 3316 815 καρπὸν
3352 745 3448 815 μὲν
3475 744 3566 797 τοῦ
3606 746 3737 816 πρί-

2175 856 2265 892 νου
2294 840 2434 894 κατά
2460 840 2518 892 τὸ
2555 838 2777 909 μέγεθος
2816 837 3036 901 ἐλάττω,
3067 838 3183 899 ταῖς
3229 835 3534 905 ἐλαχίσταις
3557 835 3613 888 δὲ
3639 834 3738 905 βα-

2174 930 2349 995 λάνοις
2381 932 2519 984 ἴσον·
2553 932 2646 985 καὶ
2673 929 2994 999 γλυκύτερον
3026 928 3121 998 μὲν
3156 926 3248 980 τοῦ
3289 924 3502 998 πρίνου,
3534 928 3737 997 πικρό-

2173 1038 2326 1093 τερον
2365 1023 2420 1076 δὲ
2463 1024 2558 1093 τῆς
2594 1024 2769 1095 δρυός.
2810 1020 3043 1077 Καλοῢσι
3088 1019 3143 1072 δέ
3188 1036 3327 1082 τινες
3368 1019 3458 1072 τὸν
3502 1018 3598 1089 μὲν
3637 1017 3736 1072 τοῦ

2175 1113 2382 1184 πρίνου,
2416 1115 2506 1166 καὶ
2537 1115 2628 1167 τὸν
2667 1113 2865 1185 ταύτης
2904 1112 3110 1182 καρπὸν
3147 1111 3362 1174 ἄκυλον,
3401 1111 3492 1164 τὸν
3538 1111 3594 1163 δὲ
3633 1111 3734 1180 τῆς

2171 1204 2331 1276 δρυὸς
2374 1204 2615 1275 βάλανον.
2667 1207 2892 1276 Μήτραν
2939 1205 2994 1257 δὲ
3045 1202 3154 1273 ἔχει
3205 1202 3593 1274 φανερώτερον,
3630 1203 3661 1274 ἢ
3699 1207 3733 1257 ὁ

2173 1297 2359 1366 πρῖνος
2419 1297 2528 1349 Καὶ
2571 1297 2603 1365 ὴ
2651 1294 2746 1364 μὲν
2802 1293 3085 1364 φελλόδρυς
3145 1295 3395 1363 τοιαύτη-ν
3453 1293 3569 1345 τινὰ
3618 1291 3732 1361 ἔχει

2174 1385 2354 1454 φύσιν.
2388 1385 2550 1439 Plura
2587 1401 2797 1455 possem
2828 1399 3119 1454 congerere
3157 1385 3225 1438 ab
3263 1384 3384 1438 aliis
3423 1383 3490 1438 de
3523 1383 3731 1437 arbori.

2172 1475 2294 1539 bus,
2329 1491 2560 1545 quorum
2598 1476 2684 1529 hic
2716 1474 2774 1529 ﬁt
2818 1474 3038 1538 mentio,
3069 1473 3212 1527 dicta
3245 1481 3297 1527 et
3329 1471 3592 1536 dubitata,
3635 1471 3728 1527 sed

2173 1575 2332 1622 notas
2382 1568 2437 1621 in
2492 1566 2870 1629 Eustathium,
2932 1580 3039 1619 non
3102 1565 3392 1619 herbarum
3445 1563 3727 1619 historiam

2171 1659 2482 1714 scribimus.
2531 1656 2735 1712 Sullicit
2779 1657 2899 1726 ejus
2950 1655 3095 1710 dicta
3143 1655 3302 1710 dictis
3335 1655 3564 1709 aliorum
3603 1671 3728 1710 con-

2174 1749 2416 1803 firmasse
2450 1748 2529 1802 ιιι-Ι
2560 1748 2885 1802 declarasse.

515 1843 680 1906 ἐλαία,
733 1843 1081 1915 κυπάρισσος,
1133 1845 1376 1916 κερατία,
1423 1844 1599 1910 πίτυς,
1645 1849 1849 1917 πρῖνος,
1887 1845 2070 1912 πύξος,

2244 1839 2374 1895 Ibid.
2401 1841 2495 1894 lin.
2519 1840 2608 1894 25.
2639 1837 2705 1892 Τὸ
2730 1837 2915 1906 ῥόδον
2940 1835 3085 1891 ἄνευ
3129 1834 3238 1904 τῆς
3270 1836 3547 1904 ἀκάνθης.
3579 1835 3727 1890 Basi-

514 1936 766 2006 μυρσίνη,
817 1936 1021 2006 κέδρος,
1071 1935 1202 1999 ἰτέα,
1251 1937 1342 1989 καὶ
1372 1935 1652 2006 ἄρκευθος.
1702 1937 2073 1994 Artemidorus

513 2022 785 2081 Oueirocr.
851 2026 944 2078 lib.
995 2041 1031 2088 ι,
1077 2040 1196 2095 cap.
1242 2024 1309 2078 79
1355 2044 1366 2078 :
1406 2027 1644 2088 Φοίνικος
1673 2026 1729 2079 δὲ
1773 2028 1863 2080 καὶ
1891 2027 2074 2092 ἐλαίας

512 2115 760 2184 στέφανοι
819 2116 1026 2186 γάμους
1083 2116 1379 2188 ἐλευθέρων
1426 2119 1762 2190 περιποιοῦσι
1803 2122 2074 2189 γυναικῶν

511 2205 594 2258 διὰ
635 2206 731 2276 τὴν
771 2207 992 2277 πλοκήν.
1050 2207 1158 2260 Καὶ
1195 2207 1359 2259 τέκνα
1407 2211 1865 2282 προσαγορεύουσι
1916 2214 2076 2267 πολυ-

510 2297 694 2369 χρόνια
726 2297 812 2351 διά
842 2296 902 2350 τὸ
931 2296 1193 2362 ἀειθαλὲς,
1227 2297 1339 2351 υἱὸν
1380 2299 1476 2369 μὲν
1505 2302 1532 2353 ὁ
1577 2301 1770 2368 φοίνιξ,
1808 2303 2076 2377 θυγατέρα

509 2385 564 2438 δὲ
594 2388 626 2457 ἡ
653 2386 825 2440 ἐλαία.
858 2385 1179 2443 Plutarchus
1207 2390 1256 2441 in
1287 2386 1524 2459 Sympos.
1565 2390 1617 2452 8,
1651 2402 1841 2461 ψιωει.
1860 2394 1912 2458 9,
1948 2397 2078 2465 pal-

512 2492 656 2530 mam
704 2493 826 2533 esse
881 2479 955 2531 ait
1016 2481 1337 2551 μακρόϐιον,
1385 2482 1809 2551 ἐμπεδόφυλλον,
1851 2486 2078 2556 βεϐαίως

513 2569 814 2638 ἀείφυλλον,
848 2570 1078 2641 ideoque
1108 2587 1229 2626 esse
1259 2573 1484 2628 victoris
1515 2579 1815 2644 praemium,
1854 2579 1972 2633 Ὅτι
1999 2581 2079 2634 δεῖ

512 2656 608 2728 τὴν
646 2657 753 2711 τῶν
799 2659 1101 2730 νικηφόρων
1140 2660 1293 2724 δόξαν
1346 2660 1566 2731 ἄφθιτον
1609 2667 1700 2719 καὶ
1747 2667 1933 2739 ἀγήρω
1964 2669 2078 2722 δια-

515 2749 711 2820 μένειν.
745 2748 1075 2814 Phornutus,
1105 2753 1268 2822 capit.
1315 2753 1383 2810 de
1432 2754 1620 2821 Musis,
1663 2759 1714 2811 in
1742 2774 1804 2813 ea
1835 2762 2077 2830 agnoscit

513 2838 572 2891 τὸ
600 2840 837 2905 ἀείζωον.
882 2840 939 2895 In
991 2841 1125 2914 Tylo
1164 2843 1361 2910 insula,
1417 2843 1626 2900 Plinius
1678 2848 1772 2903 lib.
1821 2866 1918 2916 xu,
1953 2867 2072 2921 cap.

516 2929 604 2993 ll,
631 2930 762 2983 nulli
794 2931 1050 2985 arborum
1082 2931 1209 2985 folia
1241 2933 1492 2988 decidere
1527 2935 1724 3000 tradit;
1750 2944 1802 2989 et
1835 2937 1927 2992 lib.
1963 2953 2074 3002 xw,

515 3034 636 3090 cap.
671 3020 734 3074 2|
771 3040 785 3074 :
818 3020 883 3074 In
926 3021 1154 3076 Thurino
1186 3040 1332 3092 agro,
1373 3024 1462 3078 ubi
1488 3024 1704 3097 Sybaris
1722 3027 1847 3097 fuit,
1873 3044 1936 3082 ea:
1963 3031 2076 3099 ipsa

515 3109 640 3163 urbe
670 3112 1082 3180 prospiciebatur
1109 3131 1326 3184 quercus
1372 3133 1495 3180 una,
1545 3135 1809 3188 nunquam
1839 3120 1966 3189 [alia
1995 3121 2078 3175 di-

515 3202 745 3265 mittens,
777 3220 867 3257 nec
900 3215 1020 3259 ante
1054 3206 1275 3261 mediam
1306 3217 1538 3262 a’statem
1567 3213 1884 3279 germinans.
1914 3195 2098 3284 quue

513 3297 704 3375 mirum
751 3305 849 3360 est,
883 3296 1080 3352 ercis
1131 3301 1432 3356 auctoribus
1480 3303 1763 3370 proditum,
1807 3307 1944 3373 apud
1981 3325 2074 3363 nos

511 3374 689 3455 postea
733 3389 903 3444 sileri.
941 3388 1081 3444 Nam
1126 3391 1359 3446 locorum
1405 3403 1553 3448 tanta
1593 3397 1666 3448 vis
1707 3408 1803 3460 est,
1846 3409 1902 3452 ut
1937 3401 2077 3452 circa

514 3477 794 3548 Memphim
827 3479 1068 3550 Egypti,
1099 3491 1148 3536 et
1179 3483 1232 3536 in
1263 3481 1606 3552 Elephantine
1639 3487 1916 3542 Thebaidis
1945 3491 2078 3544 nulli

514 3570 690 3622 arbori
717 3569 978 3636 decidant,
1015 3589 1078 3626 ne
1123 3573 1309 3628 vitibus
1343 3575 1568 3645 quidem.
1603 3575 1735 3634 Vide
1776 3578 2074 3636 Varronem

515 3661 607 3715 li).
650 3677 689 3726 ι,
728 3677 845 3733 cap.
884 3663 933 3729 7,
970 3663 1046 3717 De
1078 3681 1133 3718 re
1165 3667 1393 3729 rustica;
1438 3675 1491 3721 et
1526 3666 1959 3738 Theophrastum
2005 3673 2079 3726 De

515 3754 698 3808 histor.
750 3755 918 3825 plant.
955 3757 1047 3811 lib.
1087 3773 1123 3823 ι,
1167 3758 1334 3828 capit.
1367 3759 1454 3822 15,
1509 3762 1601 3815 ubi
1644 3769 1697 3816 et
1745 3764 1812 3818 de
1863 3765 2079 3834 platano

514 3843 823 3903 Gortinensi
851 3855 904 3902 et
934 3848 1000 3903 de
1037 3845 1396 3920 Elephantino
1431 3865 1577 3920 agro.
1621 3854 1756 3926 Περὶ
1790 3855 1897 3927 γὰρ
1939 3857 2077 3910 Ἐλε-

515 3939 772 4008 φαντίνην
815 3939 931 3993 οὐδὲ
963 3939 1060 4004 τὰς
1106 3940 1398 4012 ἀμπέλους,
1436 3943 1554 3996 οὐδὲ
1601 3946 1699 4010 τὰς
1748 3949 1916 4010 συκᾶς
1951 3965 2079 4017 φασι

514 4029 874 4097 φυλλοϐολεῖν.
911 4030 970 4086 ln
1008 4033 1206 4103 quibus
1237 4032 1379 4088 sicut
1421 4045 1474 4089 et
1516 4035 1570 4090 in
1615 4038 1734 4094 aliis
1767 4055 1834 4093 an
1872 4038 2080 4097 Plinius

513 4120 688 4176 ﬁdelis
727 4122 1041 4193 interpretis
1070 4141 1294 4182 munere
1322 4127 1541 4184 functus
1584 4130 1655 4184 sit
1689 4131 1809 4186 aliis
1823 4132 2078 4202 judican-

513 4213 641 4268 dum
676 4213 922 4283 relinquo
949 4234 961 4270 :
997 4215 1100 4271 hoc
1128 4233 1312 4273 verum
1345 4227 1452 4286 est,
1477 4221 1720 4291 quaedam
1760 4223 1826 4279 de
1856 4239 1956 4279 suo
1985 4225 2081 4279 ad-

513 4304 760 4369 didisse,
817 4307 922 4360 alia
971 4308 1240 4364 omisisse.
1298 4310 1367 4364 At
1423 4327 1532 4366 non
1583 4330 1647 4368 ex
1711 4315 2080 4386 The0phrasto

513 4399 812 4462 transtulit,
841 4398 933 4454 sed
969 4415 1035 4455 ex
1065 4401 1208 4467 aliis,
1245 4403 1540 4476 Graecaque
1574 4412 1634 4459 ut
1676 4415 1830 4460 erant
1879 4409 1933 4462 in
1976 4409 2080 4464 illis

2099 3169 2143 3226 C

2173 1931 2299 1993 lius,
2334 1930 2478 1986 hom.
2504 1931 2536 1985 5
2567 1949 2580 1985 :
2614 1929 2761 2000 Πλὴν
2787 1945 2848 1999 γε
2876 1930 2956 1982 ὅτι
2989 1929 3046 1982 τὸ
3079 1928 3225 2000 ῥόδον
3246 1929 3366 1982 τότε
3394 1929 3519 1982 ἄνευ
3562 1928 3723 1981 ἀκάν-

2172 2023 2270 2094 θης
2303 2019 2388 2094 ἦν.
2421 2023 2681 2094 ’Ὑστερον
2707 2022 2764 2076 δὲ
2792 2021 2864 2092 τῷ
2899 2021 3082 2075 κάλλει
3109 2021 3200 2075 τοῦ
3236 2021 3426 2084 ἄνθους
3458 2021 3490 2091 ἡ
3521 2020 3724 2073 ἄκανθα

2173 2116 2532 2187 παρεζεύχθη,
2562 2117 2648 2170 ἵνα
2667 2115 2725 2168 τὸ
2750 2115 2977 2186 τερπνὸν
3012 2115 3110 2185 τῆς
3134 2114 3477 2177 ἀπολαύσεως
3506 2113 3721 2182 ἐγγύθεν

2172 2207 2379 2278 ἔχωμεν
2420 2208 2823 2279 παρακειμένην
2868 2207 2965 2278 τὴν
3008 2207 3203 2279 λύπην,
3259 2206 3590 2277 μεμνημένοι
3629 2209 3719 2277 τῆς

2173 2298 2460 2369 ἁμαρτίας,
2488 2298 2553 2351 δι’
2586 2298 2650 2368 ῆν
2687 2300 2921 2364 ἀκάνθας
2971 2301 3064 2354 καὶ
3111 2298 3387 2371 τριϐόλους
3428 2301 3561 2370 ἡμῖν
3597 2300 3712 2353 ἀνα-

2173 2389 2371 2442 τέλλειν
2415 2390 2771 2462 κατεδικάσθη
2806 2394 2838 2462 ἡ
2876 2392 2968 2462 γῆ.
3007 2391 3101 2446 Pia
3134 2399 3188 2446 et
3221 2393 3462 2462 prudens
3487 2407 3713 2447 commo-

2173 2482 2430 2545 nefactio,
2466 2491 2524 2536 ut
2553 2482 2804 2538 videlicet
2837 2484 2997 2539 homo
3049 2485 3103 2538 in
3151 2498 3330 2537 rosam
3382 2490 3603 2552 aspectu
3639 2483 3718 2537 in-

2169 2571 2336 2641 jecto,
2381 2573 2562 2627 statim
2613 2573 2827 2643 pristini
2855 2582 2907 2628 et
2945 2573 3153 2643 antiqui
3193 2573 3352 2643 primi
3386 2576 3644 2642 parentis,
3671 2581 3724 2626 et

2175 2665 2259 2719 sui
2301 2665 2483 2734 lapsus
2529 2667 2840 2721 memoriam
2896 2673 3145 2736 repetat;
3202 2676 3254 2720 et
3299 2667 3600 2720 calamitate
3632 2667 3727 2720 in-

2176 2767 2382 2829 specta,
2421 2761 2475 2812 in
2512 2775 2671 2829 quam
2700 2769 2924 2829 propter
2963 2768 3246 2830 peccatum
3304 2760 3528 2825 incidit,
3567 2762 3730 2817 corde

2177 2849 2368 2904 fremat
2391 2859 2445 2905 et
2478 2850 2667 2906 intime
2697 2852 2892 2912 doleat,
2927 2854 3118 2922 suique
3151 2856 3410 2909 creatoris
3441 2870 3594 2924 opem
3631 2869 3727 2910 ex-

2175 2953 2384 3012 poscat,
2409 2954 2462 2998 et
2494 2944 2598 2998 sibi
2624 2955 2830 2999 caveat.
2863 2942 3189 2998 Continuata
3220 2947 3362 3000 enim
3387 2955 3728 3016 peccatorum

2177 3035 2437 3088 memoria
2461 3036 2666 3089 nullum
2700 3035 2996 3090 remedium
3030 3038 3211 3108 aptius
3243 3037 3308 3092 ad
3333 3038 3541 3090 veniam
3571 3038 3734 3108 impc-

2177 3127 2447 3188 trandam,
2480 3141 2579 3182 nec
2613 3127 2778 3180 ullum
2819 3127 2961 3182 aliud
2997 3127 3070 3181 ita
3103 3144 3315 3199 segnem
3353 3128 3526 3182 reddit
3555 3127 3734 3182 homi-

2179 3233 2298 3272 nem
2346 3219 2414 3272 ad
2460 3219 2754 3288 nequitiam
2787 3221 3218 3288 perpe‘trandam,
3252 3227 3307 3273 ut
3337 3219 3526 3273 scribit
3554 3219 3730 3289 Chry—

2175 3317 2446 3363 sostomus
2478 3310 2532 3362 in
2562 3310 2730 3377 Epist.
2764 3310 2830 3363 ad
2867 3309 3139 3373 llebrteos,
3173 3325 3288 3377 cap.
3326 3326 3420 3370 xu.
3454 3311 3598 3364 hom.
3629 3310 3722 3373 51,

2175 3409 2229 3455 et
2254 3401 2308 3453 in
2336 3408 2524 3454 catena
2542 3401 2596 3454 in
2625 3418 2739 3470 cap.
2770 3418 2856 3454 xw
2890 3401 3163 3454 Hieremire
3191 3417 3208 3453 :
3242 3399 3359 3452 Ἐπὶ
3382 3400 3439 3451 τὸ
3464 3399 3721 3469 λειπόμεο

2175 3508 2263 3544 νον
2286 3492 2567 3563 φάρμακον
2589 3492 2915 3562 καταφεύγει
2936 3493 3036 3546 τῶν
3059 3491 3453 3562 ἁμαρτημάτων
3469 3490 3568 3561 τὴν
3588 3489 3725 3558 γνῶ-

2179 3600 2279 3636 σιν.
2305 3581 2413 3638 Nec
2441 3584 2686 3638 dissentit
2705 3584 2929 3654 August.
2952 3586 3045 3638 lib-
3063 3601 3103 3650 ι,
3125 3583 3193 3637 De
3214 3581 3337 3636 Gen.
3355 3592 3532 3636 contra
3559 3579 3728 3634 Mani-

2178 3677 2364 3739 chwos,
2394 3691 2443 3729 c.
2473 3677 2538 3730 15
2560 3692 2578 3729 ;
2603 3675 2705 3730 Per
2735 3687 2998 3744 peccatum
3038 3676 3256 3729 hominis
3286 3685 3423 3728 terra
3452 3675 3733 3728 maledicta

2177 3775 2276 3830 est,
2308 3776 2362 3819 ut
2408 3769 2584 3835 spinas
2613 3777 2836 3836 pareret,
2882 3785 2984 3821 non
3025 3777 3081 3821 ut
3127 3769 3237 3834 ipsa
3279 3782 3455 3836 paena:
3492 3766 3731 3831 sentiret,

2178 3875 2293 3929 qua:
2330 3861 2440 3913 sine
2477 3876 2629 3913 sensu
2669 3869 2780 3923 est,
2828 3859 2916 3914 sed
2958 3869 3014 3913 ut
3055 3860 3254 3928 peccati
3294 3859 3509 3911 humani
3541 3859 3732 3911 crimen

2179 3966 2377 4018 semper
2403 3950 2694 4004 hominibus
2724 3961 2842 4004 ante
2879 3951 3054 4004 oculos
3092 3959 3318 4018 poneret,
3350 3965 3451 4020 quo
3486 3947 3734 4002 admone-

2179 4055 2357 4098 rentur
2396 4043 2681 4115 aliquando
2716 4046 2878 4098 averti
2920 4063 2952 4099 α
2997 4045 3241 4114 peccatis,
3272 4053 3320 4098 et
3368 4042 3437 4096 ad
3469 4042 3564 4095 Dei
3597 4058 3730 4110 prce-

2180 4148 2328 4207 cepta
2357 4139 2602 4192 converti.
2643 4137 2831 4192 Herbce
2861 4147 3056 4200 autem,
3087 4148 3192 4192 etc.
3246 4135 3371 4190 Haec
3402 4142 3582 4189 tamen
3607 4150 3728 4189 sen-

2179 4229 2349 4283 tentia
2381 4227 2598 4282 Pererio
2624 4228 2662 4282 l.
2691 4242 2729 4294 ι,
2759 4228 2812 4280 in
2857 4226 2983 4280 Gen.
3020 4241 3131 4280 non
3171 4224 3394 4279 arridet.
3438 4223 3546 4279 Nec
3587 4224 3728 4277 enim

2181 4325 2357 4388 potest
2394 4317 2586 4371 adduci
2637 4324 2693 4370 ut
2723 4315 2907 4370 credat
2953 4330 3132 4370 rosam
3176 4323 3301 4368 ante
3331 4320 3614 4383 peccatum
3651 4311 3730 4365 fa-

2181 4417 2318 4462 ctam
2346 4407 2516 4464 fuisse
2548 4408 2752 4477 absque
2785 4407 2978 4477 spinis.
3016 4406 3158 4461 Deus
3187 4406 3329 4460 enim
3361 4405 3496 4458 tales
3537 4402 3728 4457 condi-

513 4491 826 4546 auctoribus
869 4489 1061 4545 Latina
1087 4489 1228 4548 fecit.
1257 4495 1388 4551 Esto
1415 4517 1427 4550 :
1465 4504 1642 4550 tamen
1676 4507 1958 4567 suspectus
1983 4499 2076 4552 ad-
2107 4505 2150 4558 D
2177 4500 2257 4554 dit
2301 4515 2388 4554 res
2420 4500 2608 4569 quales
2647 4506 2775 4553 sunt
2806 4498 3104 4554 secundum
3134 4505 3384 4552 naturam
3420 4509 3596 4560 suam,
3629 4508 3731 4548 nec

513 4581 618 4636 huc
650 4590 734 4638 est
771 4598 894 4638 cum
920 4592 974 4639 et
1011 4586 1067 4640 in
1101 4586 1223 4642 aliis
1256 4587 1444 4644 eodem
1472 4588 1633 4644 modo
1667 4605 1726 4645 se
1752 4597 1938 4659 gerat;
1984 4590 2077 4645 sed

512 4686 621 4725 non
647 4680 731 4728 est
765 4676 1046 4743 praesentis
1073 4678 1296 4748 negotii.

583 4765 700 4819 Col.
730 4767 853 4832 716,
875 4769 1073 4824 ιίη.22.
1090 4771 1197 4824 Καὶ
1221 4769 1592 4838 ἢνἈρκάδες
1611 4769 1920 4839 φίλοδρυν.
1947 4771 2079 4825 Cor-

511 4858 626 4927 rige
654 4873 719 4912 ex
752 4857 1148 4929 Theophrasto,
1177 4862 1482 4932 φελλόδρυν.
1531 4861 1704 4932 Hujus
1747 4871 1996 4916 naturam
2025 4871 2078 4918 et

511 4957 822 5004 accuratam
862 4952 1282 5024 descriptionem
1312 4955 1475 5010 habet
1508 4955 1642 5010 idem
1669 4953 2077 5025 Theophrastus

510 5041 586 5097 De
616 5041 796 5096 histor.
830 5043 997 5112 plant.
1027 5046 1122 5100 lib.
1168 5062 1246 5112 ιιι,
1287 5048 1452 5118 capit.
1491 5048 1556 5102 16
1589 5066 1601 5102 :
1641 5050 1704 5100 Ὃ
1733 5047 1788 5101 δὲ
1825 5045 2076 5102 καλοῦσιν

523 5133 778 5205 Ἀρκάδες
805 5133 1092 5205 φελλόδρυν
1130 5138 1335 5191 τοιάνδε
1382 5138 1492 5208 ἔχει
1537 5139 1635 5207 τὴν
1664 5141 1842 5208 φύσιν,
1873 5137 1946 5202 ὠς
1980 5138 2076 5209 μὲν

507 5223 692 5286 ἁπλῶς
723 5227 914 5290 εἰπεῖν,
947 5227 1050 5279 ἀνά
1083 5226 1242 5295 μέσον
1274 5229 1460 5297 πρίνου
1491 5229 1581 5282 καὶ
1610 5229 1767 5302 δρυός
1794 5232 1928 5282 ἐστι.
1967 5229 2076 5281 Καὶ

507 5315 635 5369 ἔνιοι
690 5317 1158 5388 ὑπολαμϐάνουσιν
1216 5315 1350 5372 εἶναι
1397 5320 1558 5392 θῆλυν
1601 5323 1807 5392 πρῖνον.
1858 5321 1938 5374 διὸ
1983 5322 2076 5374 καὶ

505 5403 636 5456 ὅπου
681 5405 755 5476 μὴ
801 5405 990 5474 φύεται
1044 5404 1246 5476 πρῖνος,
1289 5407 1470 5478 τούτῳ
1513 5409 1743 5479 χρῶνται
1800 5409 1934 5480 πρὸς
1979 5409 2076 5471 τάς

506 5496 743 5564 ἁμάξας.
784 5498 878 5551 καὶ
921 5499 988 5550 τά
1023 5497 1264 5562 τοιαῦτα,
1296 5498 1545 5570 καθάπερ
1575 5503 1607 5570 ἡ
1659 5503 1785 5572 περὶ
1818 5500 2077 5554 Λακεδαί-

508 5603 645 5653 μονα
696 5589 786 5640 καὶ
827 5587 1056 5641 Ἠλείαν.
1111 5586 1346 5641 Καλοῦσι
1396 5587 1452 5641 δὲ
1507 5589 1560 5641 οῖ
1607 5606 1668 5657 γε
1717 5593 1938 5660 Δωριεῖς
1984 5591 2075 5644 καὶ

503 5677 700 5746 ἀγρίαν
730 5679 792 5730 τὸ
830 5679 1060 5749 δένδρον.
1094 5680 1246 5732 Ἔστι
1293 5679 1349 5732 δὲ
1397 5679 1780 5751 μαλακώτερον
1827 5681 1920 5736 τοῦ
1955 5683 2077 5754 πρί-

502 5781 613 5829 νου,
651 5767 1005 5840 σκληρότερον
1041 5770 1096 5824 δὲ
1137 5771 1229 5824 καὶ
1271 5774 1598 5827 πυκνότερον
1626 5773 1723 5843 τῆς
1756 5773 1931 5845 δρυός.
1966 5775 2074 5829 Καὶ

2180 4599 2458 4662 peccatum
2487 4589 2615 4645 Adae
2664 4590 2894 4644 mutavit
2922 4604 3111 4644 earum
3160 4589 3524 4658 proprietates
3572 4594 3730 4654 atque

2178 4681 2539 4745 conditiones,
2590 4696 2712 4735 cum
2757 4695 2858 4734 nec
2898 4695 2964 4735 ea
3009 4678 3250 4749 quidem,
3283 4693 3406 4747 quae
3450 4690 3576 4730 vera
3605 4681 3730 4729 sunt

2179 4772 2477 4828 secundum
2528 4780 2784 4826 naturam
2830 4771 3068 4826 hominis
3113 4778 3395 4841 peccatum
3437 4768 3555 4836 ejus
3579 4765 3729 4835 quid-

2178 4878 2340 4934 quam
2386 4863 2696 4917 variaverit.
2747 4861 2947 4917 Bosam
2984 4876 3111 4916 vero
3155 4860 3306 4914 nasci
3353 4859 3494 4911 inter
3548 4856 3760 4924 spinas‘

2178 4954 2482 5009 naturalem
2540 4969 2679 5008 rosae
2726 4953 3172 5008 constitutionem
3220 4959 3382 5020 atque
3432 4947 3730 5018 generatio-

2177 5057 2300 5097 nem
2336 5043 2710 5112 consequitur.
2754 5043 2932 5109 Quare
2966 5042 3070 5097 etsi
3119 5048 3251 5095 ante
3291 5048 3571 5109 peccatum
3607 5037 3732 5090 Adae

2177 5141 2332 5188 erant
2367 5134 2482 5188 bare
2521 5134 2772 5188 humanae
2801 5143 3009 5187 naturae
3050 5133 3234 5194 noxia,
3279 5145 3389 5184 non
3425 5127 3655 5184 fuissent
3682 5124 3730 5177 ei

2177 5225 2232 5278 in
2263 5239 2500 5294 poenam,
2541 5225 2588 5279 si
2635 5239 2741 5278 non
2780 5233 3082 5293 peccasset,
3115 5220 3212 5276 sed
3259 5221 3333 5274 ita
3362 5226 3509 5274 esset
3555 5216 3733 5270 animo

2178 5332 2516 5388 corporaque
2548 5317 2794 5380 eﬂ‘ectus,
2838 5325 2896 5371 ut
2936 5315 3193 5370 facillime
3231 5313 3346 5368 haec
3387 5310 3619 5366 exitiosa
3652 5309 3732 5360 in-

2177 5420 2485 5464 tcrnosccre
2517 5416 2567 5462 et
2596 5409 2766 5462 vitare
2791 5415 2996 5477 posset.
3031 5405 3227 5462 Verum
3267 5411 3371 5466 est,
3408 5401 3570 5455 Deum
3602 5398 3734 5452 tales

2178 5519 2266 5557 res
2314 5503 2627 5559 condidisse
2679 5505 2870 5574 quales
2925 5511 3053 5558 sunt
3107 5497 3408 5556 secundum
3463 5503 3730 5549 naturam.

2181 5594 2337 5651 Sanae
2366 5597 2567 5652 mentis
2599 5605 2682 5652 est
2723 5595 2884 5650 fateri
2929 5609 3113 5649 rerum
3157 5590 3520 5662 proprietates
3559 5593 3612 5639 et
3643 5598 3733 5636 na-

2177 5695 2330 5744 turas
2352 5697 2575 5759 peccato
2601 5689 2898 5758 primorum
2918 5695 3203 5757 parentum
3223 5700 3330 5737 non
3347 5681 3515 5736 fuisse
3543 5679 3733 5732 immu-

2178 5787 2340 5836 tatas.
2388 5779 2739 5849 Exploratum
2770 5787 2876 5846 cst,
2915 5787 3041 5833 ante
3088 5783 3371 5847 peccatum
3426 5786 3548 5826 cum
3590 5765 3738 5823 nulla
