4064 6290
337 395 442 453 849

1357 398 1424 452 IN
1463 397 1831 454 EUSTATHII
1869 399 2340 458 HEXAEMERON
2375 403 2596 461 NOTAE.

3457 413 3562 468 850

335 512 496 582 culpa
525 525 700 580 neque
728 524 926 579 corpus
951 526 1123 580 neque
1151 511 1390 565 animum
1434 511 1690 576 alliceret,
1726 529 1901 582 neque
1929 520 1972 574 Α
2005 531 2144 568 mum
2180 527 2447 580 maturat;
2489 527 2542 572 et
2575 534 2694 589 cap.
2729 519 2818 588 26,
2862 520 3095 575 Perdunt
3139 521 3392 591 facillime
3443 533 3564 578 ante

335 618 549 675 poenam
583 603 746 656 ullam
782 601 948 658 fuisse
982 603 1225 658 inditam.
1254 602 1602 660 Verosverius
1637 614 1722 660 est
1749 606 1893 660 Ada-

338 709 484 749 mum
515 700 643 748 tunc
670 693 745 748 ita
769 694 948 747 animo
975 702 1029 748 et
1057 709 1293 764 corpore
1324 693 1492 750 fuisse
1523 695 1793 760 eti'ectnm,
1834 703 1895 750 ut

336 795 390 842 et
416 787 645 842 exitiosa
668 797 1042 857 cognosceret,
1070 796 1123 843 et
1153 795 1332 856 posset
1359 788 1548 842 vitare.
1581 786 1705 843 ldeo
1732 795 1784 843 et
1812 803 1902 842 ro-

339 895 453 935 sam
491 895 614 934 cum
657 879 830 950 spinis
875 888 1056 934 natam
1099 879 1505 944 aﬂirmabimus,
1543 888 1598 935 et
1633 881 1690 935 in
1733 881 1904 951 spinis

341 973 511 1038 nasci,
539 973 837 1028 naturalem
869 988 1008 1028 rosae
1031 973 1470 1029 constitutionem
1499 982 1553 1028 et
1603 973 1906 1044 generatio-

341 1080 464 1119 nem
505 1064 807 1134 consequi?
839 1064 955 1118 Alia
991 1064 1150 1119 nobis
1181 1064 1401 1120 aliunde
1437 1071 1490 1120 et
1536 1081 1674 1120 rosae
1713 1074 1907 1119 natura

340 1163 394 1210 et
426 1157 692 1210 naturalis
714 1156 1036 1210 constitutio
1060 1157 1374 1227 quaerenda.
1416 1156 1570 1224 Quod
1605 1166 1796 1212 natura
1824 1157 1908 1210 in-

343 1249 511 1304 situm
561 1256 648 1303 est
683 1257 843 1318 atque
875 1248 1083 1314 datum,
1113 1256 1166 1304 et
1209 1251 1511 1306 naturalem
1560 1250 1908 1306 constitutio-

345 1356 468 1395 nem
494 1342 864 1410 consequitur,
895 1339 1107 1403 Iex-est,
1136 1357 1255 1408 quae
1278 1341 1425 1395 nullo
1447 1341 1724 1396 hominum
1755 1342 1906 1412 inge-

346 1431 461 1489 nio.
507 1432 653 1485 nulla
710 1438 1012 1500 temporum
1063 1431 1472 1496 vicissitudine,
1523 1434 1674 1487 nulla
1723 1449 1906 1488 rerum

344 1529 627 1592 varietate,
661 1528 808 1581 nullo
831 1528 992 1582 etiam
1027 1527 1198 1598 ipsius
1223 1538 1449 1596 natum,
1481 1531 1524 1584 si
1559 1531 1671 1584 ﬁeri
1703 1535 1904 1599 posset,

345 1623 573 1690 impetu,
603 1621 865 1686 violatur;
906 1619 1000 1675 sed
1023 1636 1234 1690 semper
1258 1622 1503 1675 eamdem
1545 1638 1656 1682 rem
1692 1621 1756 1674 ad
1788 1620 1905 1675 exi-

348 1720 463 1766 tum
494 1728 661 1783 usque
687 1712 1060 1781 consequitur.
1092 1711 1246 1777 Quod
1272 1713 1522 1776 sitollas,
1555 1713 1637 1767 vel
1672 1714 1724 1766 in
1759 1711 1906 1766 aliud

346 1811 715 1859 transmittare
741 1804 1056 1866 lentaveris,
1088 1819 1201 1857 rem
1234 1812 1288 1858 et
1330 1804 1499 1874 ipsam
1534 1804 1745 1874 perdes,
1779 1814 1831 1859 et
1853 1806 1906 1858 in

347 1898 508 1951 aliam
556 1897 886 1952 immutabis.
920 1896 984 1949 Et
1021 1897 1223 1952 scimus
1262 1897 1422 1951 etiam
1463 1897 1697 1951 dubitari
1749 1913 1816 1950 an
1852 1899 1904 1951 id

346 1987 548 2042 virtute
578 1995 630 2042 et
666 1986 919 2042 facultate
967 1987 1148 2042 divina
1204 1987 1317 2040 lieri
1360 1997 1564 2057 posset,
1595 1997 1647 2042 et
1685 1989 1904 2043 conclu-

345 2080 482 2134 dunt
531 2095 596 2134 ex
641 2087 834 2133 natura
884 2079 961 2133 rei
1009 2076 1064 2132 id
1103 2079 1397 2147 implicare.
1451 2079 1532 2130 At
1560 2095 1660 2134 nos
1703 2080 1904 2134 nostris

345 2171 497 2226 hisce
545 2171 886 2241 temporibus
913 2171 1270 2240 agricolarum
1322 2170 1585 2224 industria
1631 2171 1702 2223 ita
1753 2186 1905 2225 rosas

343 2264 554 2318 institui
583 2263 876 2326 cernimus,
903 2271 960 2315 ut
982 2262 1184 2331 absque
1211 2260 1382 2331 spinis
1402 2269 1706 2330 erumpant,
1730 2275 1905 2330 neque

345 2355 528 2408 minus
561 2353 918 2416 venustiores,
952 2367 1125 2420 neque
1161 2351 1339 2404 minus
1372 2349 1722 2403 odoratiores.
1759 2347 1905 2414 Quo-

349 2445 510 2498 modo
543 2459 670 2512 ergo
702 2459 730 2495 a
770 2453 963 2496 natura
1002 2443 1075 2496 ita
1105 2450 1470 2511 comparatum
1515 2456 1633 2495 esse
1663 2439 1899 2494 affirma-

351 2535 564 2591 himus?
593 2535 736 2589 idem
765 2543 851 2590 est
882 2535 1019 2588 inter
1046 2534 1228 2603 spinas
1257 2533 1407 2588 nasci
1441 2533 1736 2587 naturalem
1767 2547 1905 2587 rosa:

353 2625 796 2682 constitutionem
817 2627 1073 2694 consequi
1097 2624 1380 2687 afﬁrmare,
1411 2638 1473 2677 ac
1489 2623 1627 2677 inter
1647 2623 1908 2677 domesti-

353 2715 715 2785 cosparietes
763 2715 1034 2769 hominem
1095 2715 1270 2776 nasci,
1322 2713 1622 2768 naturalem
1670 2712 1904 2768 hominis

352 2810 816 2865 constitutionem.
866 2808 931 2861 Et
975 2810 1171 2862 mirum
1222 2817 1328 2871 est,
1367 2808 1512 2878 quod
1545 2823 1665 2863 cum
1701 2807 1755 2861 in
1803 2807 1904 2862 hoc

353 2899 486 2956 ﬂore
507 2901 747 2954 omnium
782 2899 1148 2970 pulcherrimo
1192 2900 1346 2969 plura
1388 2907 1615 2968 possunt
1655 2901 1904 2955 conside-

351 2993 465 3046 rari
497 3008 617 3062 quae
647 2992 765 3062 ejus
793 2999 1039 3045 naturam
1073 2991 1329 3061 consequi
1365 3007 1472 3045 non
1505 2993 1738 3046 absurde
1761 2991 1905 3046 dice-

355 3099 560 3146 remus,
591 3084 852 3155 neglectis
877 3083 1005 3146 illis,
1029 3082 1092 3137 ad
1122 3082 1328 3153 spinas,
1347 3098 1466 3152 quae
1495 3083 1727 3152 pessima
1757 3090 1902 3150 sunt,

355 3175 592 3228 animum
630 3176 1000 3229 attendamus.
1032 3172 1109 3229 Ex
1146 3174 1622 3243 Peripateticorum
1669 3184 1722 3229 et
1762 3175 1906 3244 inge-

353 3283 586 3320 nuorum
629 3267 1075 3337 philosophorum
1118 3267 1302 3322 schola
1341 3275 1528 3320 notum
1576 3267 1649 3331 id,
1683 3281 1747 3320 ac
1773 3268 1907 3322 satis

353 3369 562 3415 certum
600 3360 886 3426 habemus,
928 3360 1002 3413 ita
1030 3361 1250 3430 pr0pria
1277 3375 1398 3415 esse
1437 3359 1513 3414 rei
1548 3359 1660 3424 illa,
1689 3374 1809 3429 quae
1841 3359 1908 3414 ad

349 3455 650 3508 naturalem
678 3454 1116 3509 constitutionem
1135 3461 1560 3522 consequuntur,
1602 3461 1660 3506 ut
1688 3453 1755 3508 de
1790 3453 1909 3508 aliis

353 3545 488 3610 dici,
526 3547 739 3601 et-aliis
789 3545 1176 3600 communicari
1224 3545 1445 3600 minime
1503 3545 1714 3615 possint
1761 3546 1909 3600 salva

356 3649 710 3708 utrorumque
757 3647 983 3694 natura.
1017 3640 1089 3692 At
1132 3639 1270 3693 inter
1305 3639 1490 3708 spinas
1540 3639 1690 3693 nasci
1737 3638 1911 3694 soline

355 3746 494 3786 rosa:
518 3731 800 3786 convenit?
843 3730 982 3800 Ergo
1012 3731 1154 3784 inter
1177 3730 1362 3799 spinas
1383 3730 1535 3784 nasci
1569 3745 1677 3784 non
1716 3745 1912 3786 conse-

357 3823 545 3892 quitur
589 3823 888 3876 naturalem
937 3837 1074 3876 rosaa
1098 3821 1563 3876 constitutionem.
1595 3821 1664 3875 At
1699 3837 1807 3876 non
1837 3822 1912 3875 ita

356 3914 574 3984 propria
617 3921 674 3966 ut
704 3913 775 3967 sit
805 3912 929 3967 aliis
973 3913 1344 3980 inconjuncta,
1389 3927 1519 3983 ergo
1562 3928 1673 3967 non
1721 3921 1913 3966 natura

356 4007 505 4070 data,
530 4018 659 4072 ergo
689 4012 865 4074 potest
897 4005 1141 4073 generari
1175 4020 1320 4067 rosa,
1352 4013 1407 4058 et
1459 4006 1577 4059 sine
1618 4003 1790 4074 spinis
1818 4019 1913 4073 ge-

357 4099 558 4152 nerari.
608 4096 710 4150 Sed
755 4095 946 4150 demus
991 4097 1153 4150 etiam
1196 4111 1310 4150 rem
1359 4096 1432 4149 ita
1491 4111 1549 4151 se
1589 4095 1824 4162 habere,
1860 4105 1914 4150 et

360 4189 501 4242 inter
524 4189 705 4257 spinas
727 4188 899 4252 nasci,
930 4188 1187 4256 consequi
1213 4203 1352 4242 rosae
1382 4188 1683 4244 naturalem
1713 4190 1915 4242 consti-

357 4281 638 4334 tationem.
687 4279 826 4344 Quid
869 4279 1029 4334 inde?
1071 4277 1337 4342 Culturaa,
1394 4279 1528 4344 soli,
1573 4294 1746 4349 aquae,
1788 4280 1910 4334 cceli

354 4379 558 4424 tantam
583 4386 704 4426 esse
739 4371 851 4440 jam
877 4378 934 4426 et
968 4369 1276 4425 facultatem
1307 4371 1362 4424 in
1395 4371 1614 4441 plantis,
1641 4371 1687 4426 si
1733 4370 1914 4426 Theo-

355 4467 578 4535 phrasto
633 4464 863 4533 aliisque
901 4463 1210 4524 credimus,
1247 4471 1308 4516 ut
1343 4463 1512 4517 miras
1567 4463 1915 4518 aiterationes

2006 607 2386 673 maturitatem,
2438 609 2637 677 palma,
2675 611 2830 680 ﬁcus,
2877 613 3182 683 amygdala,
3218 616 3406 680 malus,
3469 632 3565 687 py-

2005 715 2117 761 rus,
2149 699 2270 752 item
2296 701 2506 769 punica,
2532 718 2648 770 qua:
2687 703 2846 756 etiam
2875 703 3080 758 roribus
3113 704 3310 768 nimiis,
3339 716 3386 760 et
3415 707 3563 772 prui-

2003 792 2086 845 nis
2137 792 2320 860 ﬂorem
2370 795 2582 848 amittit.
2618 793 2737 860 Qua
2770 795 2833 849 de
2878 812 3039 850 causa
3081 797 3352 865 inﬂectunt
3390 813 3564 850 ramos

2006 885 2120 954 ejus
2153 902 2215 940 ne
2244 885 2462 955 subjecti
2494 887 2764 943 humorem
2791 889 3039 957 infestum
3086 890 3371 958 excipiant,
3415 899 3565 958 atque

2006 980 2323 1033 contineant.
2358 978 2529 1050 Pyrus
2569 991 2617 1034 et
2663 982 2964 1052 amygdala.
2990 983 3149 1036 etiam
3179 982 3226 1035 si
3267 999 3370 1036 non
3395 981 3562 1049 pIuat,

2007 1071 2096 1125 sed
2130 1073 2225 1141 ﬁat
2274 1074 2570 1126 austrinum
2616 1074 2822 1139 caelum,
2874 1084 2965 1128 aut
3009 1073 3266 1140 nubilum,
3316 1075 3566 1126 amittunt

2006 1165 2212 1234 ﬂorem,
2256 1175 2304 1220 et
2336 1167 2529 1235 primos
2574 1167 2810 1236 fructus,
2849 1169 2894 1221 si
2941 1185 3058 1221 cum
3101 1167 3387 1236 deﬂoruere
3435 1167 3565 1220 tales

2006 1255 2116 1310 dies
2146 1256 2359 1325 fuerint.
2407 1259 2548 1312 idem
2578 1258 2739 1313 refert
2775 1260 2865 1314 lib.
2903 1276 3035 1324 xvu,
3069 1275 3190 1329 cap.
3219 1259 3274 1324 2,
3315 1275 3436 1328 qua:
3463 1258 3563 1312 ha-

2006 1349 2124 1408 buit
2164 1365 2228 1403 ex
2276 1349 2668 1420 Theophrasto,
2703 1352 2777 1404 De
2818 1352 2993 1405 causis
3020 1352 3186 1416 plant.
3219 1352 3316 1406 lib.
3353 1369 3408 1416 ιι,
3445 1368 3565 1422 cap.

2007 1439 2105 1494 H:
2139 1440 2498 1511 ’Δποϐλητικά
2537 1441 2592 1494 δὲ
2638 1441 2867 1511 μάλιστα
2897 1440 3005 1495 τῶν
3037 1441 3262 1512 καρπῶν
3305 1443 3430 1512 πρὶν
3473 1459 3568 1495 πε-

2006 1531 2169 1583 πᾶναι
2207 1530 2362 1599 συκῆ,
2408 1531 2499 1582 καὶ
2531 1529 2722 1598 φοίνιξ,
2772 1530 2863 1582 καὶ
2894 1530 3196 1601 ἀμυγδαλῆ,
3230 1532 3323 1584 καὶ
3371 1531 3564 1601 μηλέα,

2005 1623 2100 1676 καὶ
2145 1622 2318 1685 ἄπιος.
2364 1621 2566 1675 Ἱκανὸν
2613 1605 2722 1693 γὰρ
2755 1625 2847 1676 καὶ
2897 1623 3069 1677 ὁτιοῦν
3116 1623 3430 1695 διυγρᾶναι,
3477 1626 3569 1679 καὶ

2006 1714 2227 1778 ἀσθενὲς
2259 1715 2499 1784 ποιῆσαι,
2527 1715 2620 1768 καὶ
2649 1715 2763 1784 ἅμα
2795 1715 3002 1781 τούτοις
3034 1733 3096 1784 γε
3125 1717 3220 1771 καὶ
3247 1715 3569 1788 πνευμάτων

2007 1806 2298 1874 ἐπιγίνεται
2332 1805 2572 1876 μέγεθος.
2625 1807 2688 1859 Ἢ
2715 1806 2769 1859 δὲ
2809 1808 2906 1877 ῥόα
2946 1811 3058 1870 τοῖς
3094 1807 3190 1878 μὲν
3236 1807 3447 1862 ἄνθεσιν
3477 1809 3570 1860 eii-

2008 1896 2377 1958 κατάπτωτος.
2428 1894 2679 1965 Ἀσθενὴς
2707 1894 2814 1966 γὰρ
2849 1896 3024 1948 αὐτῶν
3059 1897 3092 1967 ἡ
3123 1896 3424 1968 πρόσφυσις
3445 1913 3458 1926 ο
3495 1895 3570 1959 ὡς

2008 1987 2051 2040 δ’
2099 1988 2224 2040 ὅταν
2270 1985 2531 2056 ψεκάδια,
2585 1986 2678 2039 καὶ
2714 1987 2890 2058 δρόσοι
2935 1987 3190 2051 πέσωσιν,
3253 1988 3570 2059 εἰσδυόμενα

2011 2077 2148 2131 κατὰ
2178 2077 2239 2129 τὸ
2275 2075 2432 2138 ἀνθος
2463 2075 2771 2146 ἀνυγραίνει
2815 2077 2908 2129 καὶ
2950 2079 3093 2128 ποιεῖ
3122 2075 3219 2147 τὴν
3259 2075 3434 2150 βολήν.
3480 2077 3572 2130 Διὸ

2010 2171 2104 2222 καὶ
2133 2168 2425 2237 κατάγουσι
2455 2167 2522 2221 τὰ
2547 2167 2757 2239 δένδρα,
2789 2169 2882 2221 καὶ
2922 2169 3021 2221 οὐκ
3049 2169 3269 2238 ἀφιᾶσιν
3309 2170 3391 2233 είς
3415 2167 3566 2239 ὕψος,

2009 2263 2155 2324 ὅπως
2209 2262 2258 2314 οἱ
2309 2260 2511 2314 κύτινοι
2568 2259 2640 2332 μὴ
2690 2260 2840 2332 ὀρθοὶ
2888 2260 3166 2332 γενόμενοι
3215 2260 3471 2332 δέχωνται
3509 2261 3572 2315 τὸ

2011 2353 2190 2424 ὑγρόν.
2225 2354 2288 2406 Oi
2318 2352 2374 2404 δὲ
2417 2353 2509 2406 καὶ
2545 2352 2808 2406 ἀνάπαλιν
2855 2352 3129 2406 κελεύουσι
3173 2353 3421 2423 φυτεύειν
3471 2353 3570 2416 τὰς

2013 2445 2238 2515 ῥάϐδους
2276 2444 2464 2498 τούτου
2524 2446 2702 2515 χάριν,
2756 2445 2904 2508 ὅπως
2941 2447 3101 2509 εὐθὺς
3144 2443 3568 2501 κατανεύσωσιν.

2013 2537 2130 2589 Ὅτι
2159 2536 2202 2588 δ’
2233 2536 2466 2607 ὑγρότης
2493 2536 2638 2588 αἰτία
2668 2536 2764 2606 τῆς
2804 2534 3090 2604 ἀποϐολῆς,
3116 2534 3363 2589 κάκεῖθεν
3391 2532 3566 2604 δῆλον.

2009 2631 2073 2681 At
2103 2627 2208 2698 γάρ
2252 2628 2400 2682 ἄπιοι
2426 2629 2520 2680 καλ⁵
2552 2626 2876 2698 ἀμυγδαλαῖ,
2911 2625 3015 2679 κᾶν
3059 2626 3134 2697 μὴ
3179 2625 3366 2698 βρέχῃ,
3399 2625 3569 2688 νότιος

2009 2721 2064 2773 δὲ
2164 2723 2192 2772 ὁ
2225 2720 2331 2791 ἀὴρ
2362 2721 2457 2774 καὶ
2489 2719 2768 2790 ὲπινεφὴς,
2802 2717 3162 2772 ἀποϐάλλουσι
3204 2719 3298 2770 καὶ¹
3337 2717 3404 2770 τά
3435 2715 3570 2787 ἄνθη

2010 2825 2123 2865 και·
2150 2813 2275 2876 τοὺς
2324 2809 2571 2882 πρώτους
2623 2809 2892 2880 καρποὺς,
2947 2809 3042 2862 ἐὰν
3089 2807 3248 2872 εὐθὺς
3293 2805 3431 2877 μετά
3475 2806 3571 2878 τὴν

2009 2901 2309 2972 ἀπάνθησιν
2485 2899 2856 2956 Theodoretus
2907 2899 2964 2954 in
3013 2898 3226 2968 capit.t
3273 2895 3571 2963 Hieremiat,

2022 2993 2230 3057 Ἰστέον,
2262 2995 2342 3046 ὅτι
2388 2996 2416 3046 ὁ
2454 2993 2699 3064 Ἐϐραῖος
2731 2993 2852 3046 ἀντὶ
2897 2993 3161 3062 καρυῖνης
3206 2989 3573 3060 ἀμυγδαλίνην

2011 3085 2190 3156 φησίν.
2237 3086 2298 3137 Ἦ
2337 3085 2394 3138 δὲ
2426 3083 2762 3155 ἀμυγδαλίνη
2797 3083 2857 3136 τὸ
2897 3084 3032 3153 ταχὺ
3063 3083 3162 3153 τῆς
3199 3082 3466 3152 τιμωρίας
3493 3082 3579 3135 ai-

1961 3232 1976 3249 ,
2009 3177 2238 3230 νίττεται
2258 3193 2273 3207 ο
2303 3176 2408 3248 πρὸ
2437 3175 2541 3247 γάρ
2565 3175 2672 3228 τῶν
2710 3174 2882 3228 ἄλλων
2907 3175 3138 3246 δένδρων
3165 3173 3333 3228 ἀνθεῖ.

2078 3268 2238 3330 lbid.,
2271 3269 2369 3321 lin.
2400 3268 2487 3322 so.
2527 3271 2589 3324 Ἠ
2612 3267 2680 3322 δὲ
2716 3267 2896 3336 πικρά
2926 3265 3261 3336 ἀμυγδαλῆ.
3316 3265 3571 3328 Basilius,

2008 3359 2217 3414 Hom.5
2250 3379 2262 3413 :
2298 3360 2429 3413 Τινά
2455 3359 2513 3413 δὲ
2551 3362 2644 3412 καὶ
2674 3355 2771 3430 τὴν
2800 3360 2862 3411 ἐκ
2905 3357 3117 3427 φύσεως
3148 3356 3343 3410 κακίαν
3385 3357 3577 3426 ἐπιμε-

2009 3450 2178 3513 λείαις
2223 3450 2482 3522 γεωργῶν
2529 3449 2938 3522 θεραπευόμενα
2987 3449 3260 3519 έγνωμεν·
3314 3443 3426 3502 οἷον
3476 3448 3576 3512 τὰς

2009 3541 2185 3606 ὀξείας
2230 3542 2398 3613 ῥοιὰς,
2444 3542 2536 3596 καὶ
2577 3542 2684 3595 τῶν
2732 3541 3051 3613 ἀμυγδαλῶν
3095 3540 3192 3604 τὰς
3227 3539 3572 3612 πικροτέρας,

2011 3637 2137 3689 ὅταν
2167 3634 2534 3707 διατρηθεῖσαι
2566 3635 2626 3688 τὺ
2668 3635 2803 3705 πρὸς
2835 3637 2918 3705 τῇ-’
2949 3633 3072 3707 ῥίζῃ
3122 3632 3369 3702 στέλεχος
3399 3632 3576 3702 σφῆνα

2013 3729 2218 3800 πεύκης
2269 3727 2496 3799 λιπαρὸν
2529 3727 2628 3798 τῆς
2673 3725 2994 3798 ὲντεριώνης
3045 3725 3216 3797 μέσης
3263 3723 3576 3779 διελαθέντα

2011 3822 2284 3888 δέξωνται,
2321 3822 2399 3885 είς
2422 3819 2746 3892 εὐχρηστίαν
2779 3817 3168 3889 μεταϐάλλουσι
3193 3819 3313 3872 τότε
3352 3816 3445 3871 τοῦ
3479 3835 3575 3888 χυ-

2017 3913 2117 3984 μοῦ
2166 3913 2266 3983 τὴν
2314 3911 2645 3981 δυσχέρειαν.
2672 3909 3098 3979 Theophrastus,
3139 3906 3342 3962 Hister.
3397 3906 3576 3976 plant.

2014 4007 2109 4060 lib.
2136 4021 2196 4067 ιι,
2240 4020 2359 4072 cap.
2391 4005 2444 4066 8,
2488 4003 2823 4074 amygdalam
2865 4017 2930 4058 ex
2971 4016 3155 4056 amara
3199 4001 3409 4057 dulcem
3432 4001 3570 4057 ellici

2013 4099 2148 4159 vult,
2180 4097 2226 4151 si
2271 4098 2404 4166 quis
2436 4095 2664 4151 caudice
2700 4093 3062 4150 circumfosso
3097 4095 3577 4164 praeterforatoque

2015 4205 2290 4245 mensura
2313 4187 2618 4243 dodrantali
2654 4187 2896 4257 undique
2934 4188 3224 4258 lacrymam
3273 4185 3575 4241 eliluentem

2015 4284 2070 4338 in
2123 4283 2263 4338 idem
2321 4283 2559 4338 deﬂuere
2606 4280 2769 4336 sinat.
2808 4278 2944 4335 Vide
2985 4279 3258 4350 ejusdem,
3299 4277 3378 4331 De
3403 4276 3577 4331 causis

2013 4373 2180 4440 plant.
2217 4372 2310 4426 lib.
2345 4389 2384 4437 ι,
2414 4372 2578 4442 capit.
2609 4371 2700 4434 21,
2729 4385 2838 4440 quo
2867 4369 2986 4424 loco
3027 4369 3363 4440 amygdalam
3387 4367 3579 4422 humo-

2017 4465 2093 4520 ris
2133 4465 2461 4520 abundautia
2507 4463 2747 4519 sterilem
2801 4462 2882 4517 sic
2919 4460 3171 4532 castigari
3221 4459 3389 4514 tradit
3432 4457 3573 4512 Plin.

355 4556 790 4624 mutationesque
810 4557 881 4620 ,in
920 4555 986 4609 iis
1013 4555 1255 4624 quotidie
1277 4561 1588 4618 cernantur,
1619 4561 1674 4608 et
1697 4552 1908 4626 Hippon
1943 4573 1989 4628 ι)
2017 4557 2109 4613 lib.
2146 4572 2277 4620 xvu,
2306 4571 2426 4627 cap.
2456 4556 2552 4611 27:
2575 4555 2884 4627 Amygdala:
2906 4570 2971 4610 ea:
2998 4554 3195 4608 amaris
3228 4551 3405 4607 dulces
3446 4552 3579 4620 ﬁunt

355 4657 545 4703 auctor
563 4655 668 4711 est,
692 4661 907 4700 omnem
940 4647 1200 4716 plantam,
1230 4656 1283 4701 et
1311 4647 1634 4710 silvestrem,
1663 4657 1716 4701 et
1748 4647 1911 4700 urba-

354 4757 481 4795 nam
513 4741 717 4794 cultum
751 4739 1018 4809 adeptam,
1047 4749 1142 4793 aut
1166 4756 1275 4794 non
1305 4741 1552 4810 adeptam
1577 4739 1709 4794 eﬂici
1730 4755 1910 4810 posse,

355 4846 408 4889 et
461 4841 741 4903 peccatum
791 4831 845 4886 id
894 4847 1000 4885 non
1037 4831 1231 4885 faciet?
1274 4846 1431 4900 plena
1483 4831 1725 4900 peccati?
1772 4830 1912 4886 Deus

356 4928 518 4997 ipse?
567 4925 742 4991 Adde,
774 4927 960 4996 spinas
990 4932 1042 4979 et
1079 4924 1310 4978 tribulos
1341 4923 1661 4992 germinabit
1710 4923 1824 4977 tibi.
1855 4921 1913 4977 Si

350 5025 462 5094 jam
494 5033 644 5080 erant
677 5025 862 5094 spinae,
901 5024 945 5078 si
983 5023 1095 5091 jam
1129 5019 1335 5084 tribuli,
1370 5021 1550 5073 inania
1579 5019 1756 5073 divina
1793 5035 1914 5075 ver-

355 5116 443 5179 ba,
469 5115 648 5170 inanis
671 5129 826 5184 paena
850 5121 903 5168 et
928 5111 1257 5176 maledictio,
1275 5110 1528 5180 quamvis
1545 5109 1695 5164 dicas
1725 5109 1920 5174 fuisse,-

354 5207 448 5264 sed
494 5223 601 5262 non
649 5208 704 5260 in
739 5220 978 5276 ptenam.
1013 5203 1138 5260 Haec
1175 5211 1323 5264 sunt,
1368 5200 1571 5266 Pereri,
1601 5216 1740 5271 qua,
1775 5209 1829 5256 et
1867 5203 1915 5257 si

352 5313 461 5352 non
485 5305 633 5352 esset
662 5295 956 5354 Eustathii.
992 5294 1199 5356 Basilii,
1231 5292 1542 5362 Augustini,
1566 5306 1794 5362 quorum
1821 5307 1915 5362 pa-

357 5400 498 5445 trum
525 5392 538 5445 !
570 5390 889 5454 auctoritas,
939 5388 1203 5442 inducunt
1239 5397 1296 5441 ut
1325 5385 1540 5441 credam
1587 5401 1763 5440 rosam
1791 5392 1916 5440 ante

353 5493 634 5554 peccatum
661 5481 858 5535 factam
891 5496 1012 5536 esse
1043 5481 1247 5549 absque
1278 5479 1471 5548 spinis.

423 5578 540 5632 Col.
571 5575 692 5632 7l6.
715 5576 808 5629 lin.
831 5574 920 5628 28.
953 5575 1013 5628 Ἠ
1051 5573 1117 5626 δὲ
1139 5571 1452 5642 ἀμυγδαλῆ
1477 5571 1915 5641 πρώτη.Ρίίηἱυ5

353 5669 478 5724 libr.
513 5685 627 5732 xvi,
664 5665 863 5720 Natur.
902 5663 1071 5728 Hist.,
1104 5680 1222 5734 cap.
1252 5663 1343 5728 25,
1378 5662 1460 5716 Ex
1502 5663 1582 5718 Itis
1609 5681 1725 5735 quae
1751 5665 1922 5720 hieme-

356 5762 535 5830 aquila
555 5762 849 5822 exoriente,
869 5768 925 5812 ut
953 5757 1206 5824 diximus,
1232 5758 1548 5826 concipiunt,
1572 5759 1724 5826 ﬂoret
1743 5761 1915 5827 prima

359 5857 586 5908 ornnium
619 5852 900 5924 amygdala
943 5868 1115 5907 mense
1139 5850 1422 5918 Januario,
1460 5849 1659 5906 Martio
1687 5868 1802 5905 vero
1823 5868 1916 5921 po-

2013 4650 2061 4704 si
2088 4649 2433 4718 circumfosso
2480 4650 2674 4716 stipite,
2703 4656 2752 4703 et
2780 4647 2843 4702 ab
2884 4649 2993 4702 ima
3028 4657 3175 4714 parte
3204 4645 3580 4713 circumforato

2012 4742 2242 4810 deﬂuens
2270 4743 2462 4812 pituita
2508 4741 2858 4812 abstergatur.
2904 4739 3194 4794 Africanus
3231 4737 3372 4808 apud
3411 4737 3579 4792 Geor-

2011 4837 2242 4905 gicorum
2279 4835 2622 4890 collectorem
2651 4833 2744 4887 lib.
2791 4849 2847 4892 x,
2889 4831 3170 4886 medicina:
3197 4829 3361 4900 hujus
3390 4829 3582 4885 memi-

2013 4925 2094 4979 nit
2125 4935 2179 4980 et
2207 4926 2340 4980 alias
2377 4925 2560 4980 subdit
2592 4923 2883 4978 εΓλυκεῖαν
2913 4923 2969 4976 δὲ
3004 4925 3067 4976 ὲκ
3099 4924 3301 4995 πικρᾶς
3336 4923 3581 4992 ποιήσεις

2013 5023 2082 5084 εί,
2121 5022 2468 5092 ὲκτρυπήσας
2493 5019 2822 5092 τδπρέμνον
2849 5018 2939 5071 ἐπὶ
2963 5017 3266 5090 παλαιστὴν
3291 5020 3348 5072 ὲν
3379 5032 3576 5087 τετρα-

2013 5114 2191 5186 γώνῳ,
2235 5114 2295 5167 τὸ
2334 5114 2568 5180 δάκρυον
2599 5111 2788 5185 ἐκδέξῃ
2833 5112 2893 5165 τὸ
2926 5113 3044 5165 κατ’
3087 5111 3350 5176 ἐνιαυτὸν,
3380 5110 3484 5174 ἕως
3514 5107 3580 5162 ἂν

2013 5207 2305 5278 γλυκανθῇ.
2335 5205 2567 5260 Κάλλιον
2593 5205 2650 5258 δέ
2678 5221 2819 5268 τινες
2841 5203 3117 5268 ποιοῦντες
3147 5201 3577 5275 περιορύττουσι,

2015 5299 2108 5352 καὶ
2151 5297 2531 5368 περιϐάλλουσι
2559 5298 2758 5368 κόπρον
2801 5297 2950 5351 ὑείαν
2999 5296 3314 5368 ἐπιχέαντες
3364 5291 3457 5346 καὶ
3492 5286 3586 5344 οὗ-.

2017 5408 2129 5462 ρον,
2177 5385 2295 5444 εἶτα
2351 5390 2763 5462 προσχώσαντες
2817 5390 3098 5463 ἀρδεύουσι
3155 5389 3274 5442 κατ’
3314 5383 3576 5447 ἐνιαυτὸν,

2014 5484 2118 5547 ἕως
2141 5477 2201 5536 οὗ
2239 5482 2600 5552 γλυκανθῶσιι.
2637 5483 2752 5535 Πᾶν
2780 5482 2835 5535 δὲ
2875 5481 3122 5550 στέλεχος
3150 5475 3462 5546 ἀμυγδαλῆς
3489 5476 3580 5527 ὲκ-

2014 5577 2180 5630 κοπὲν
2218 5575 2506 5631 ἀποϐάλλει
2543 5575 2632 5628 τὸν
2676 5574 2905 5644 καρπόν.
2950 5572 3182 5641 Ἀπαλὴν
3225 5569 3282 5622 δὲ
3326 5568 3419 5622 καὶ
3446 5567 3579 5636 γλυ-

2015 5672 2165 5722 κεῖαν
2209 5671 2272 5722 ἐκ
2303 5667 2540 5740 σκληρᾶς
2581 5668 2674 5720 καὶ
2724 5666 2924 5736 πικρᾶς
2954 5664 3218 5732 ποιήσεις,
3257 5661 3305 5714 εί
3338 5659 3407 5714 τὰ
3452 5677 3504 5712 tu
3527 5661 3581 5730 ρὶ

2014 5761 2074 5813 τὸ
2108 5761 2353 5832 στέλεχος
2385 5761 2487 5824 ἕως
2518 5761 2624 5814 τῶν
2661 5759 2753 5812 ἐπὶ
2784 5756 2981 5824 πολλῆς
3011 5753 3173 5826 ῥιζῶν
3211 5751 3579 5825 γυμνὼοειας,

2015 5855 2109 5906 καὶ
2156 5853 2472 5925 ἀρδεύσειας
2521 5850 2758 5920 συνεχῶς
2808 5848 2959 5901 ὕδατι
2991 5847 3178 5920 θερμῷ
3211 5847 3333 5918 πρὸ’
3363 5846 3459 5915 τῆς
3492 5844 3592 5897 ἁνη
