4064 6290
564 377 661 434 851

1885 387 2130 444 ιευκιε
2171 387 2439 442 ALLA'l‘ll

3676 393 3785 448 852

564 494 916 565 θοσολήσεως.
956 497 1012 552 ln
1053 500 1250 569 quibus
1301 503 1508 558 ultimis
1556 504 1734 560 ver-bis
1773 520 1836 559 ea
1890 508 1970 561 sic
1995 522 2115 562 cor-
2143 512 2188 567 Α
2214 506 2333 562 visu
2352 506 2469 576 ipso
2497 506 2750 569 recreari,
2775 522 3106 577 corporeque
3128 502 3439 568 excitari.et
3455 509 3612 578 quasi
3627 524 3778 565 com-

562 589 701 659 rigo,
727 591 829 654 ἕως
852 590 957 643 τῶν
988 593 1252 663 ἐπιπολῆς
1286 594 1468 665 ῥιζῶν.

630 678 746 732 Col.
779 678 898 743 716,
931 680 1026 734 lin.
1062 681 1150 735 54.
1180 682 1298 751 Τὴν
1324 683 1598 752 αὐτὴν-δὲ
1614 688 1949 753 θεραπείαν.
1969 687 2121 743 Aris-

560 770 752 823 toteles
771 769 863 824 lib.
889 785 926 834 ι,
948 772 1021 825 De
1045 776 1262 840 plantis,
1290 790 1409 846 cap.
1434 778 1488 837 3.
1511 776 1806 847 Amygdala
1830 794 2049 848 quoque,
2071 787 2119 830 et

558 864 699 915 mala
727 874 954 932 granata
974 883 1126 920 suam
1153 870 1413 922 malitiam
1432 886 1523 938 per
1555 872 1817 925 culturam
1850 874 2116 934 amittunt,

556 964 605 1006 et
636 955 778 1008 mala
801 968 1029 1026 grauata
1052 968 1276 1015 stercore
1298 962 1512 1030 porcina
1536 962 1801 1016 radicibus
1829 963 2038 1033 injecto,
2069 972 2119 1015 et

558 1062 695 1113 aqua
739 1046 887 1102 dulci
929 1050 1127 1120 frigida
1174 1053 1349 1123 rigata
1397 1054 1616 1107 meliora
1665 1053 1976 1110 redduntur.
2016 1052 2119 1108 Sed

556 1139 826 1214 amygdali
851 1141 1011 1195 clavis
1042 1144 1283 1212 conﬁxae,
1319 1146 1517 1215 gummi
1552 1161 1642 1214 per
1672 1146 1894 1200 multum
1924 1154 2118 1213 tempus

555 1232 820 1286 stillantes
866 1235 1105 1289 meliores
1166 1235 1474 1301 redduntur,
1530 1238 1809 1309 multwque
1861 1238 2117 1294 silvestres

554 1325 753 1388 planta:
781 1340 871 1394 per
897 1325 992 1379 hoc
1025 1328 1311 1395 artiﬁcium
1341 1330 1609 1383 hortenses
1645 1330 1778 1400 ﬁunt
1800 1346 1825 1393 ξ
1854 1337 1907 1385 et.
1940 1330 2116 1385 Pam:-

556 1432 677 1471 mus
711 1417 854 1486 apud
897 1418 1241 1473 collectorem
1291 1418 1659 1489 Georgicorum
1702 1422 1791 1475 lib.
1823 1438 1878 1487 χ,
1929 1423 2119 1492 Περισ-

558 1507 722 1578 ρύξας
750 1507 844 1562 τοῦ
878 1510 1092 1581 δένδρου
1127 1510 1223 1575 τὰς
1249 1513 1401 1583 ῥίζας
1425 1515 1624 1585 κόπρον
1648 1516 1796 1567 ὑείαν
1818 1516 2114 1585 ἐπίχρισον,

556 1602 648 1653 καὶ
682 1600 863 1671 χώσας
893 1604 1055 1673 ῥδίνον¹
1075 1603 1218 1677 οὔρῳ
1251 1604 1591 1676 ἀνθρωπείῳ.
1643 1606 1739 1659 Τὰ·
1759 1606 1815 1659 δὲ
1846 1608 1973 1677 περὶ
1999 1606 2118 1660 τούμ-

555 1707 647 1743 του
677 1694 733 1744 ἐν
762 1692 837 1762 τῷ
865 1694 1006 1764 ἄλλῳ
1037 1713 1136 1764 μου
1181 1696 1467 1769 γεωργικῷ
1498 1697 1684 1769 βιϐλίῳ
1723 1698 1890 1769 τρίτῳ
1938 1701 1995 1752 ἐν
2038 1699 2115 1771 τῷ

555 1801 679 1852 κειρ.
722 1784 834 1849 ζκε¹
864 1785 1186 1860 τελεώτερον
1213 1789 1479 1860 εὑρήσεις.

2221 599 2379 667 ριελιι
2427 599 2660 669 quodam
2717 599 3055 655 reviviscere.
3110 599 3372 668 Agricolae
3405 600 3773 668 subscribunt,

2220 696 2492 743 testantur
2536 689 2866 760 philosophi,
2897 689 3226 759 experientia
3273 691 3391 761 ipsa
3438 707 3621 747 rerum
3661 709 3776 748 ma-

2219 780 2387 848 gistra
2409 782 2660 835 ducimur
2689 782 2754 835 ad
2787 782 3250 837 consentiendum.
3278 782 3390 838 lloc
3412 799 3566 854 aequo
3596 786 3775 843 animo

2219 868 2362 923 ferre
2389 885 2690 938 possemus.
2725 883 2777 926 at
2805 873 2949 941 quod
2979 873 3140 929 refert
3165 873 3510 931 Florentinus
3536 877 3588 931 in
3615 874 3776 931 Geor-

2219 962 2370 1030 gicis,
2398 962 2629 1029 palmam
2661 961 2918 1017 feminam
2949 978 3057 1019 non
3089 965 3254 1020 maris
3282 966 3653 1039 cujuscunque
3677 968 3775 1024 de-

2221 1050 2423 1105 siderio
2442 1052 2630 1116 teneri,
2649 1053 2741 1107 sed
2768 1054 2927 1108 unius
2943 1062 3151 1109 tantum
3171 1055 3236 1109 ad
3257 1070 3416 1125 quem
3434 1055 3675 1123 inclinat,
3696 1058 3771 1111 ita

2217 1159 2286 1197 ne
2305 1151 2359 1196 et
2387 1144 2719 1212 apprehensa
2745 1146 3084 1214 pulchritudo
3107 1146 3320 1202 arboris
3347 1147 3617 1218 ingenium
3637 1149 3773 1205 alte-

2217 1242 2324 1299 rat,
2343 1243 2396 1289 et
2423 1235 2581 1304 cujus
2598 1235 2769 1291 solius
2794 1237 3096 1307 amplexum
3118 1238 3393 1308 exposcit;
3412 1255 3568 1309 quem
3586 1249 3769 1310 postea

2218 1327 2469 1397 agricola:
2511 1335 2627 1383 arte
2661 1329 2891 1397 quadam
2921 1330 3349 1397 deprehendunt,
3382 1332 3567 1386 multis
3609 1332 3771 1389 simul

2217 1421 2384 1474 ramis
2414 1435 2479 1475 cx
2516 1419 2747 1476 diversis
2775 1421 3013 1476 maribus
3043 1422 3307 1488 collectis,
3340 1431 3394 1479 et
3421 1425 3487 1479 ad
3516 1424 3770 1481 feminam

2216 1526 2414 1581 aegram
2462 1517 2627 1581 atque
2673 1526 2858 1566 amore
2899 1510 3174 1582 fatigatam
3219 1515 3546 1584 propositis;
3587 1519 3767 1572 statim

2216 1603 2356 1656 enim
2374 1604 2509 1672 ipsa,
2528 1604 3024 1675 ueglectiscazteris,
3046 1605 3113 1658 ad
3133 1607 3378 1661 arborem
3399 1608 3505 1663 sibi
3520 1609 3769 1665 dilectam

2216 1693 2458 1759 inclinat,
2473 1704 2527 1751 et.
2550 1696 2728 1751 laetitia
2755 1696 2984 1767 quadam
3003 1698 3219 1752 subsilit
3239 1700 3346 1753 voti
3362 1715 3586 1770 compos
3603 1718 3619 1769 ;
3648 1703 3765 1767 hOr,

2215 1786 2457 1854 inquam,
2474 1787 2598 1855 quis
2614 1788 2890 1843 crederet?
2905 1788 3176 1854 allectum,
3194 1806 3448 1858 amorem,
3465 1792 3769 1847 inclinatio-

626 1875 786 1938 ιδιά..
821 1878 917 1930 lin.
963 1879 1051 1933 δῖε.
1095 1856 1172 1934 ’Ἠ
1213 1856 1290 1932 δέ
1321 1856 1530 1947 θήλεια
1575 1881 1798 1950 φοίνιξ.
1856 1881 2109 1945 Basilius.

2220 1892 2449 1947 nemque
2482 1878 2549 1933 ad
2581 1880 2789 1935 similes
2834 1882 3058 1936 arbores
3108 1884 3297 1952 palmae
3322 1899 3430 1939 non
3471 1884 3769 1956 denegave-

552 1969 702 2023 hom.
733 1969 805 2041 βε
841 1970 950 2023 Καὶ
981 1970 1108 2034 ἴδοις
1139 1971 1204 2025 ἄν
1242 1990 1372 2025 ποτε
1416 1974 1514 2045 τὴν
1551 1977 1680 2046 παρ’
1711 1975 1888 2028 αὐτῶν
1922 1976 2117 2046 ὀνομα-

554 2062 783 2133 ζομένην
827 2060 1049 2133 θήλειαν
1091 2064 1346 2118 καθεῖσαν
1386 2067 1511 2130 τοὺς
1539 2066 1762 2130 κλάδους
1792 2063 1900 2120 οἷον
1940 2067 2114 2139 ὀργῶ-

554 2168 682 2217 σαν,
734 2154 825 2206 καὶ
870 2154 968 2224 τῆς
1016 2155 1331 2227 συμπλοκῆς
1372 2158 1660 2228 ἐφιεμένην
1708 2159 1801 2212 τοῦ
1854 2159 2109 2231 ἄρρενος·

551 2240 674 2303 σςοὺς
714 2234 773 2292 δὲ
816 2240 1154 2313 θεραπευτὰς
1200 2245 1307 2300 τῶν
1355 2247 1534 2317 φυτῶν
1591 2249 1959 2320 ἐμϐάλλοντας
2002 2253 2115 2313 τοῖς

553 2327 763 2392 κλάδοις
791 2324 901 2383 οἷόν
939 2349 1059 2385 τινα
1106 2335 1393 2406 σπέρματα
1423 2337 1529 2391 τῶν
1559 2339 1833 2409 ipsum,
1864 2341 1988 2404 τοὺς
2025 2339 2114 2392 λε·-

559 2419 812 2490 τομένους
836 2422 1037 2493 ψῆνας..
1061 2428 1154 2480 καὶ
1173 2426 1343 2491 οὕτως
1370 2423 1478 2481 οἷον
1505 2431 1563 2482 ἐν
1594 2429 1838 2502 αἰσθήσει
1864 2432 1961 2502 τῆς
1983 2432 2114 2484 ἀπο-

553 2511 795 2575 Ααύσεως
834 2515 1074 2582 γίνεσθαι
1113 2518 1204 2570 καὶ
1242 2519 1594 2590 ἀνορθοῦσθαι
1637 2521 1797 2575 πάλιν
1831 2503 2114 2585 τοὺςκλά-

552 2603 690 2668 δους,
736 2608 828 2659 καὶ
867 2608 1001 2678 πρὸς
1033 2609 1106 2661 τὸ.
1125 2613 1320 2664 οἰκεῖον
1351 2613 1654 2684 σχῆμα.τοῦ
1689 2615 1853 2684 φυτοῦ
1879 2617 1977 2687 τὴν
2018 2617 2111 2670 κό-

552 2713 659 2765 μην
673 2698 1152 2755 ἁποκαθίστασθαι.
1178 2701 1316 2759 Plin.
1337 2705 1430 2761 lib.
1451 2722 1572 2770 xui,
1587 2722 1704 2776 cap.
1722 2707 1754 2760 4
1774 2727 1786 2761 :
1803 2707 2108 2773 Arboribus,

551 2790 653 2843 imo
666 2792 838 2858 potius
862 2794 1099 2849 omnibus
1129 2813 1241 2865 qua:
1271 2807 1410 2851 terra
1430 2798 1630 2868 gignat,
1660 2800 2109 2871 herbisqueetiam

551 2892 826 2953 utrumque
856 2901 1037 2940 sexum
1062 2905 1174 2942 esse
1206 2890 1593 2959 diligentissimi
1631 2903 1839 2947 natura:
1868 2894 2109 2952 tradunt.

550 2974 706 3039 Quod
736 2977 789 3027 in
829 2976 1038 3044 plenum
1066 2981 1197 3034 satis
1219 2982 1286 3035 sit
1315 2981 1516 3041 dixisse
1559 2985 1651 3038 hoc
1682 2988 1737 3039 in
1765 2986 1876 3042 loco
1902 3004 1916 3053 ;
1951 2988 2109 3042 nullis

550 3074 728 3118 tamen
757 3065 1032 3122 arboribus
1061 3071 1409 3139 manifestius,
1442 3090 1554 3129 mas
1585 3077 1638 3130 in
1675 3076 1890 3145 palmite
1934 3079 2105 3148 floret,

2217 1970 2353 2034 rim;
2383 1968 2746 2038 cognitionem
2771 1971 3044 2040 quomodo
3077 1970 3373 2026 concedere
3409 1971 3633 2027 debeam
3672 1974 3766 2028 ad-

2217 2059 2323 2114 huc
2376 2060 2574 2114 haereo.
2630 2059 2890 2117 Surculos
2943 2063 3012 2117 ab
3060 2064 3251 2117 arbore
3271 2062 3504 2128 decisos,
3541 2065 3765 2137 ideoque

2216 2149 2327 2203 vita
2367 2150 2626 2219 privatos,
2667 2152 2867 2221 optime
2895 2153 3299 2224 distinguendo,
3337 2169 3400 2207 ac
3431 2171 3759 2226 cognoscen-

2220 2239 2311 2302 do,
2344 2241 2497 2310 signa
2531 2242 2585 2295 in
2617 2242 2837 2296 surculo
2862 2242 3073 2297 arboris
3119 2250 3309 2297 amata:
3337 2242 3539 2312 optime
3571 2243 3754 2311 dijudi-

2214 2339 2344 2397 cat;.
2384 2331 2476 2387 sed
2504 2333 2786 2389 audiamus
2815 2334 2977 2389 verba
3028 2332 3328 2389 Florentini
3361 2352 3375 2389 :
3418 2337 3477 2387 '0
3506 2335 3563 2389 δὲ
3597 2334 3751 2404 φοίνιξ

2216 2425 2317 2495 ἐρᾷ
2352 2423 2446 2477 καὶ
2493 2423 2727 2495 δριμέως
2766 2423 2950 2494 ἐτέρου
2988 2424 3244 2493 φοίνικος,
3280 2424 3374 2478 καὶ
3417 2426 3478 2478 οὐ
3512 2424 3753 2497 πρότερον

2215 2531 2445 2568 παυεται
2473 2513 2565 2567 τοῦ
2590 2513 2772 2579 πόθου,
2794 2514 2896 2578 ἕως
2918 2515 2983 2568 ἂν
3007 2515 3173 2587 αὐτὴν
3214 2518 3242 2568 ὁ
3283 2515 3563 2588 ἐρώμενος.
3593 2533 3758 2589 παρα-

2217 2606 2535 2678 μυθήσεται.
2570 2607 2725 2659 Ἔστι
2756 2606 2864 2679 γὰρ
2898 2607 3021 2660 ἰδεῖν
3058 2608 3118 2661 τὸ
3149 2608 3357 2680 δένδρον
3391 2609 3765 2679 ἐπικεκαμμέ-

2212 2716 2322 2767 νον,
2356 2700 2449 2752 καὶ
2496 2699 2569 2771 μὴ
2604 2700 2780 2771 φέρον,
2799 2698 2895 2771 τὴν
2933 2700 3068 2753 ίδίαν
3108 2698 3282 2769 βάσιν,
3326 2701 3458 2773 μηδὲ
3488 2718 3764 2774 καρποφο-

2213 2787 2357 2860 ροῢν.
2392 2788 2563 2842 Τοῦτο
2584 2788 2644 2841 οὑ
2675 2788 2916 2842 λανθάνει
2935 2788 3023 2842 τὸν
3046 2790 3525 2860 γεωργὸν,αλλ’ὃτι
3553 2793 3647 2862 μὲν
3667 2793 3767 2864 ἐρᾷ

2212 2879 2304 2931 καὶ
2333 2880 2523 2948 ἐρᾶται
2548 2878 2921 2951 τεκμαίρεται,
2952 2879 3209 2948 ἀγνοείηδέ
3248 2885 3398 2934 ποίου
3435 2899 3447 2912 ·
3486 2882 3567 2937 διὸ
3595 2900 3766 2954 παρα-

2214 2970 2477 3040 πτόμενος
2509 2972 2761 3039 φοινίκων
2796 2971 3022 3035 πολλῶν,
3053 2974 3146 3027 καὶ
3187 2973 3346 3029 πάλιν
3375 2974 3466 3028 ἐπὶ
3487 2974 3587 3047 τὴν
3632 2975 3765 3046 ἐρῶ-

2214 3080 2311 3117 σαν
2337 3063 2588 3129 ἐπανιὼν,
2611 3066 2704 3118 καὶ
2716 3065 3086 3136 ἐφαπτόμενος
3108 3069 3171 3137 τῇ
3191 3067 3351 3137 χειρὶ,
3367 3067 3512 3120 δοκεῖ
3530 3066 3653 3137 φιλή
3663 3086 3764 3137 μα-

548 3153 744 3222 femina
791 3159 924 3212 citra
970 3162 1151 3228 florem
1196 3164 1449 3232 germinat
1491 3174 1694 3219 tantum
1730 3168 1893 3236 spinea
1922 3170 2108 3234 modo;

2213 3154 2460 3227 τιῶσπερ
2479 3155 2753 3210 διακονεῖν.
2766 3157 2925 3211 Ποίου
2937 3157 2992 3210 δὲ
3008 3158 3240 3226 φοίνικὸς
3259 3161 3403 3211 ἐστιν
3424 3159 3557 3228 αὐτῇ
3579 3158 3759 3223 πόθος,

547 3256 599 3299 et
631 3247 875 3311 inferius,
899 3249 1100 3307 thero
1129 3269 1233 3307 non
1258 3256 1370 3309 sine
1399 3257 1631 3311 maribus
1655 3260 1861 3328 gignere
1882 3260 2103 3330 feminas

546 3353 729 3406 sponte
770 3340 908 3395 edito
941 3360 1149 3399 nemore
1195 3347 1509 3416 confirmant
1539 3362 1558 3399 :
1586 3349 1827 3421 circaque
1872 3352 2104 3422 singulos

544 3427 719 3494 plures
750 3441 936 3486 nutare
972 3434 1024 3486 in
1053 3451 1170 3488 eum
1204 3451 1396 3504 pronas
1433 3435 1791 3493 blandioribus
1823 3441 2004 3498 comis.
2037 3441 2106 3493 il-

548 3519 657 3574 lum
681 3525 873 3578 erectis
895 3524 1157 3595 hispidum
1186 3529 1385 3599 afﬂatu,
1419 3528 1629 3598 visuque
1656 3530 1787 3599 ipso,
1820 3542 1870 3585 et
1899 3533 2105 3602 puluere

543 3614 704 3666 etiam
733 3616 960 3686 reliquas
987 3622 1253 3674 maritare.
1298 3621 1472 3690 Hujus
1500 3623 1685 3678 arbore
1725 3627 1902 3679 excisa
1923 3628 2103 3682 viduas

543 3714 661 3773 post
689 3709 1005 3763 sterilesccre
1063 3712 1309 3780 feminas.
1352 3714 1594 3784 Adeoque
1621 3726 1697 3770 est
1720 3718 1914 3771 veneris
1948 3719 2102 3773 intel-

544 3803 740 3866 lectus,
761 3814 818 3855 ut
849 3806 1014 3857 coitus
1042 3807 1200 3859 etiam
1233 3810 1556 3877 excogitatas
1590 3810 1657 3864 sit
1689 3810 1753 3863 ab‘
1789 3811 1994 3865 homine
2040 3829 2105 3866 ex

544 3895 780 3949 maribus
811 3896 962 3963 ﬂore,
994 3913 1054 3950 ac
1075 3898 1339 3968 lanugine,
1369 3900 1577 3953 interim
1611 3912 1957 3956 verotantum
1984 3905 2104 3971 pul-

542 4004 658 4041 vere
702 3988 933 4055 inspersa
982 3990 1212 4057 feminis.
1264 3991 1645 4050 Guillandinus
1688 3996 1741 4049 in
1789 3995 2021 4067 Egypto
2050 4006 2104 4051 et

542 4076 764 4133 Oriente
792 4079 1102 4134 observavit
1132 4097 1198 4135 ne
1223 4081 1436 4138 femina:
1466 4084 1681 4140 steriles
1716 4086 1845 4150 sint,
1882 4096 1975 4140 aut
2003 4088 2099 4140 im-

543 4178 819 4224 maturum
849 4172 1081 4227 fructum
1110 4175 1355 4243 perdant,
1387 4193 1566 4232 mares
1591 4194 1656 4233 eo
1687 4180 1970 4234 intervallo
1996 4180 2103 4234 seri
2142 4196 2145 4197 '

545 4273 606 4317 ut
645 4264 713 4318 ab
735 4265 802 4319 iis
839 4266 1110 4335 pulverem
1132 4274 1324 4322 ventus
1350 4268 1407 4321 in
1434 4268 1557 4322 illas
1579 4270 1830 4338 perferat.
1860 4271 2013 4336 Quod
2057 4271 2103 4324 si

544 4358 759 4428 longius
798 4358 1025 4420 distent,
1073 4375 1233 4429 quam
1270 4369 1328 4413 ut
1373 4361 1548 4431 pulvis
1582 4363 1780 4419 odorve
1821 4363 2103 4433 pervenire

542 4449 738 4517 possit,
776 4461 888 4505 tum
931 4464 961 4503 a
1012 4465 1159 4506 mare
1188 4450 1371 4504 funem
1400 4451 1682 4521 religatum
1730 4454 1797 4507 ad
1845 4453 2102 4508 feminam

2213 3248 2461 3318 σημαίνει
2478 3248 2674 3317 τρόπον
2695 3248 2889 3319 τινὰτῇ
2903 3247 3009 3303 τῶν
3028 3248 3210 3303 παθῶν
3236 3250 3325 3305 καὶ
3338 3252 3398 3320 τῇ
3419 3249 3522 3301 τῶν
3538 3248 3754 3319 χειρῶν,

2210 3341 2284 3403 ὡς
2306 3340 2369 3394 ἄν
2384 3357 2466 3403 τις
2480 3341 2604 3411 εἴπῃ
2621 3340 2816 3393 νεύσει.
2837 3340 2978 3412 Πρὸς
2992 3342 3185 3394 ἐκεῖνον
3205 3340 3309 3410 γὰρ
3333 3338 3640 3401 ἀποϐλέπει,
3661 3340 3752 3392 καὶ

2210 3429 2302 3483 ἐπὶ
2321 3430 2523 3482 ἐκεῖνον
2557 3429 2846 3502 πρόρριζος
2877 3429 3056 3500 ὥσπερ
3082 3428 3375 3482 σπεύδουσα
3392 3427 3581 3498 ἑαυτὴν
3598 3429 3749 3499 ἐπιρ-

2211 3522 2408 3595 ρίπτει.
2443 3523 2607 3585 "Atto;
2638 3517 2731 3576 οὖν
2756 3523 2963 3591 γίνεται
2991 3523 3052 3592 τῇ
3080 3518 3257 3593 ἐρώσῃ
3288 3519 3347 3573 τὸ
3386 3518 3477 3573 τοῦ
3504 3518 3747 3590 γεωργοῦ

2212 3614 2448 3685 συνεχῷς
2497 3614 2802 3687 ἁπτομένου
2848 3614 2941 3668 τοῦ
2992 3614 3212 3686 ἄρρενος
3239 3612 3332 3675 τὰς
3358 3615 3541 3685 χεῖρας
3590 3610 3754 3665 αὐτοῦ

2211 3707 2605 3777 προσπελάζειν
2631 3710 2697 3779 τῇ
2741 3707 3007 3779 ἐρωμένη
3051 3707 3281 3778 μάλιστα
3310 3705 3365 3759 δὲ
3410 3706 3639 3776 πραΰνει
3669 3704 3758 3757 τὸν

2211 3799 2409 3872 ἔρωτα,
2445 3803 2492 3853 εἰ
2523 3800 2663 3855 κατὰ
2700 3801 2798 3872 τὴν
2841 3800 3006 3869 ἄνθην
3044 3797 3241 3865 ἐξελὼν
3278 3799 3386 3852 ἀπο
3413 3798 3511 3868 τῆς
3555 3796 3762 3867 σκαφῆς

2208 3892 2302 3945 τοῦ
2336 3893 2562 3964 ἄρρενος
2586 3891 2811 3962 ἐνθήσει,
2828 3894 2893 3964 τῇ
2924 3892 3131 3962 κειραλῇ
3172 3891 3268 3961 τῆς
3286 3888 3515 3960 ἐρώσης,
3543 3887 3636 3942 καὶ
3658 3886 3764 3939 λοι-

2211 3985 2309 4038 πὸν
2339 3988 2371 4055 ὴ
2400 3985 2573 4054 φοίνιξ
2619 3984 2982 4055 ἀγλαϊζομὲνη
3026 3984 3306 4037 κάλλιστον
3353 3981 3559 4053 καρπὸν
3611 3978 3762 4033 οἴσει.

2211 4078 2267 4133 ln
2314 4079 2510 4147 quibus
2542 4078 2850 4133 necessario
2880 4075 3243 4146 ‘corrigemlus
3275 4083 3359 4130 est
3391 4075 3561 4138 locus,
3603 4079 3658 4126 et
3689 4071 3762 4124 ita

2211 4170 2597 4234 restituendus,
2650 4171 2698 4222 ei
2753 4168 2893 4222 κατὰ
2946 4167 3042 4238 τὴν
3091 4166 3257 4236 ἄνθην
3295 4164 3492 4232 ἐξελὼν
3540 4164 3644 4216 ἀπὸ
3667 4164 3762 4232 τῆς

2214 4259 2539 4332 σπάθηςτοῦ
2572 4259 2833 4333 ἄρρενος;
2876 4260 2951 4312 ita
2993 4258 3137 4312 enim
3182 4272 3245 4311 ea
3277 4256 3490 4309 arboris
3529 4269 3655 4325 pars
3696 4268 3761 4306 ex

2210 4370 2316 4422 qua
2368 4353 2576 4409 fructus
2608 4352 2842 4423 pendent
2891 4358 3136 4410 vocatur.
3164 4348 3341 4407 Julius
3372 4346 3584 4413 Pollux,
3617 4344 3761 4402 Ono-

2212 4455 2370 4501 mast.
2403 4445 2496 4500 lib.
2523 4462 2560 4508 ι,
2603 4460 2725 4514 cap.
2768 4444 2853 4509 1‘2,
2898 4444 2957 4496 Ὀ
2984 4442 3041 4496 δὲ
3063 4441 3271 4513 καρπὸς
3298 4444 3326 4494 ὁ
3355 4440 3577 4511 μὲντοῦ
3603 4438 3765 4511 ἄρρε-

544 4539 788 4610 perduci,
821 4550 882 4595 ut
912 4542 1081 4597 maris
1113 4542 1342 4597 fecunda
1378 4544 1461 4598 vis
1493 4558 1588 4614 per
1614 4558 1732 4599 eam
1761 4546 2010 4615 copulam
2040 4561 2105 4600 ac

2213 4555 2296 4601 νος
2316 4538 2422 4609 ψὴν
2447 4577 2462 4596 .
2496 4539 2523 4590 ὁ
2546 4536 2602 4590 δὲ
2620 4538 2720 4607 τῆς
2740 4536 2957 4606 θηλείας
2986 4535 3232 4606 βάλανος,
3263 4533 3320 4600 ἐξ
3348 4526 3408 4586 οὗ
3434 4533 3490 4586 δὲ
3526 4532 3764 4603 κρέμαν-

540 4628 818 4684 vinculum
850 4631 1073 4702 irrepat.
1123 4630 1321 4687 Refert.
1353 4631 1617 4688 Jovianus
1660 4633 1937 4689 Pontanus
1980 4634 2104 4689 Eri-

540 4718 675 4772 dani
701 4721 811 4785 1-1,
840 4722 1046 4791 palmas
1071 4722 1227 4790 duas,
1250 4739 1452 4780 marem
1478 4723 1772 4780 Brundusii
1796 4732 1995 4789 satum,
2030 4726 2109 4782 fe-

541 4810 745 4866 minam
804 4814 1071 4886 Ilydrunti
1141 4818 1354 4873 steriles
1412 4817 1599 4871 tandiu
1674 4815 1846 4874 fuisse
1865 4858 1895 4883 ,κ
1927 4819 2107 4889 quoad

542 4903 738 4959 adultas
766 4904 905 4962 fusis
931 4908 1097 4962 ramis
1130 4924 1190 4963 se
1217 4910 1447 4965 invicem
1472 4910 1876 4978 conspexerint,
1915 4919 1973 4965 et
1996 4898 2104 4965 tum

540 4997 807 5065 quamvis.
843 4999 1004 5071 longo
1055 5010 1229 5057 tractu
1283 5002 1505 5058 dissitas
1554 5001 1793 5056 fructum
1846 5002 2102 5059 edidisse.

539 5087 769 5145 Nonnus
801 5089 1191 5161 Dionysiacor.,
1221 5093 1310 5147 ιε.

649 5183 910 5251 Ἀρσενα
939 5182 1039 5236 καὶ
1066 5187 1303 5252 φοίνικα
1329 5187 1619 5255 γεγηθότα
1647 5184 2055 5257 θήλετμίσγπω.

539 5272 725 5330 Mirus
744 5290 808 5329 ac
833 5274 1077 5344 perditus
1099 5290 1252 5328 amor
1285 5277 1505 5333 arbores
1525 5278 1686 5333 etiam
1718 5294 1929 5334 vexans
1957 5279 2105 5334 omni

540 5382 706 5421 sensu
753 5365 1077 5421 destitutas!
1121 5365 1254 5431 Quis
1283 5366 1400 5421 haec
1428 5383 1535 5422 non
1582 5369 1829 5424 fabulosa
1857 5370 2107 5439 putaret?

538 5457 761 5517 Plantas
809 5467 997 5515 mutuo
1047 5474 1229 5515 amore
1272 5461 1414 5530 capi,
1455 5477 1522 5514 ex
1562 5461 1630 5517 iis
1658 5462 2103 5518 molestissimum

541 5552 775 5618 palmam
808 5557 1025 5615 sentire,
1059 5553 1103 5608 si
1135 5552 1323 5621 procul
1356 5534 1557 5606 marem
1591 5567 1619 5605 a
1651 5554 1853 5607 femina
1890 5556 2102 5610 conseri

541 5646 841 5713 contingat,
876 5647 1099 5701 alteram
1137 5652 1408 5701 amantem
1442 5659 1708 5711 arescere,
1741 5662 1928 5702 versus
1956 5661 2104 5700 ama-

540 5741 657 5793 tum
689 5752 807 5790 sese
833 5737 1113 5801 inclinare,
1145 5738 1386 5802 surculo,
1411 5737 1661 5808 lanugine
1683 5738 1766 5790 vel
1797 5737 1956 5792 etiam
1982 5739 2103 5808 pul-

547 5840 671 5881 vere
705 5827 751 5881 si
798 5838 1135 5898 aspergatur,
1163 5837 1244 5893 et,
1283 5830 1425 5900 quod
1479 5828 1870 5895 admirabilius,
1914 5830 2097 5895 odore,

2211 4646 2299 4683 ται
2325 4630 2374 4681 ol.
2409 4628 2626 4699 βάλανοι
2653 4627 2851 4699 σπάθη.
2883 4626 3084 4698 Εἴρηκε
3110 4626 3171 4679 τὸ
3196 4624 3365 4695 ὄνομα
3390 4622 3636 4693 Ξενοφῶν
3668 4623 3765 4676 καὶ

2220 4722 2518 4794 Ἡρόδοτος,
2558 4722 2752 4790 λέγων,
2779 4722 2859 4774 ὅτι
2889 4723 2982 4775 καὶ
2997 4720 3123 4788 τόξα
3143 4720 3283 4782 τινὲς
3310 4713 3454 4789 εἶχον
3480 4720 3543 4771 ἐκ
3563 4716 3765 4786 ταύτης

2210 4815 2308 4885 τῆς
2340 4814 2573 4886 σπάθης.
2606 4812 2689 4868 Ad
2717 4814 2819 4868 ltoc
2838 4814 3001 4882 hujus
3037 4811 3248 4867 arboris
3281 4809 3556 4880 ingenium
3592 4808 3765 4877 explir

2207 4905 2438 4960 candum
2466 4906 2621 4959 multi
2643 4904 2855 4959 sumini.
2873 4904 2971 4958 viri
2991 4903 3135 4957 vires
3157 4901 3356 4971 ingenii
3391 4899 3760 4963 contulerunt,

2209 5007 2275 5053 ut
2306 5000 2446 5054 alter
2471 4999 2643 5055 altero
2673 4997 3015 5066 eloquentior
3048 4995 3341 5050 videretur.
3377 4991 3519 5047 Inter
3538 4996 3764 5046 cancros

2210 5087 2572 5143 Philostratus
2611 5088 2665 5141 in
2719 5086 2891 5151 lcon.,
2918 5085 3010 5141 lib.
3054 5100 3091 5145 ι.
3128 5084 3181 5137 in
3219 5083 3337 5154 ἐλη,
3389 5081 3629 5135 Achilles
3656 5077 3765 5132 Ta.-

2208 5182 2327 5236 tius
2350 5178 2427 5237 De
2455 5180 2834 5247 Clisopltrontis
2862 5187 2911 5239 et
2954 5176 3235 5246 Leueippes
3273 5175 3551 5229 Amoribus
3569 5213 3584 5237 ,
3602 5172 3694 5227 lib.
3721 5188 3761 5234 ι,

2204 5282 2260 5329 et
2280 5273 2714 5344 TheOpbylactus
2746 5271 3076 5334 Simocatus,
3096 5269 3257 5339 epist.
3279 5267 3366 5331 18,
3393 5274 3449 5321 et
3471 5267 3528 5329 in
3557 5266 3759 5331 Qua'st.

2206 5367 2536 5417 uaturulibus
2559 5405 2573 5428 ,
2606 5371 2801 5434 quaest.
2831 5363 2884 5417 5.

2276 5456 2434 5523 ωειλ,
2468 5457 2564 5512 lin.
2595 5457 2683 5512 59.
2719 5456 3213 5527 Ἠδὲσυκάμινος
3241 5453 3355 5525 ὀψέ
3379 5453 3508 5525 μέν.
3529 5450 3760 5517 Plinius,

2205 5549 2300 5604 lib.
2333 5566 2452 5612 xw,
2472 5564 2593 5619 cap.
2617 5549 2707 5614 22,
2749 5549 2934 5604 Morus
2954 5560 3132 5604 autem
3166 5549 3447 5604 nouissima
3482 5548 3761 5617 germinat,

2205 5658 2323 5694 cum
2344 5643 2530 5709 primis
2557 5642 2689 5711 folia
2715 5642 2972 5706 demittit;
3001 5651 3054 5698 et
3088 5658 3208 5712 cap.
3246 5641 3336 5706 25,
3368 5639 3608 5695 Serotino
3632 5654 3767 5709 quo-

2205 5736 2329 5789 dam
2367 5737 2661 5806 germiuatu
2683 5737 2891 5805 florent,
2921 5744 3292 5806 maturantque
3323 5733 3580 5795 celeriter,
3608 5728 3767 5785 sicuti

2207 5846 2407 5893 morus,
2436 5845 2550 5896 quae
2581 5829 2862 5882 norissimu
2882 5830 3203 5883 urbanarum
3225 5827 3503 5896 germinat,
3529 5843 3641 5890 nea,
3659 5826 3765 5885 nisi
