4064 6290
577 371 684 428 $55

1902 361 2144 418 LEONIS
2181 357 2449 414 ALLATH

3683 352 3803 407 856

575 492 820 565 κρύουσι.
866 494 994 556 Quae
1015 487 1124 542 sint
1165 487 1420 542 arborum
1457 487 1726 556 lacrymaa,
1747 492 1802 537 et
1849 483 1942 552 qui
1987 483 2136 538 succi
2168 490 2210 542 Α
2237 495 2354 533 eam
2394 493 2513 548 qua:
2571 483 2816 544 superest
2877 474 2979 527 sibi
3035 486 3342 536 reservare;
3374 469 3597 565 _lalsum
3656 468 3797 565 item

573 587 808 654 explicat
864 581 1222 650 Theophrast.
1272 579 1348 634 De
1401 580 1578 634 causis
1630 579 1799 647 plant.
1867 577 1989 630 libr.
2050 591 2124 637 vi,

573 693 692 746 cap.
729 675 812 736 18,
873 673 1106 727 Καλοῦσι
1153 673 1209 725 δέ
1249 672 1317 725 τὰ
1346 673 1442 743 μὲν
1471 672 1657 734 όποὺς,
1706 672 1773 724 τὰ
1807 671 1862 723 δὲ
1899 668 2125 741 δάκρυα.

508 811 513 815 .
572 768 890 836 Κοινότερον
929 765 986 817 δέ
1016 767 1044 817 ό
1087 764 1236 826 ὀπός.
1269 764 1521 834 Διαφέρει
1547 762 1604 815 δέ
1643 762 1770 824 ἴσως
1801 759 1968 822 οὐδὲν,
2009 757 2129 810 ἐπεὶ

498 857 531 861 ”
568 858 628 911 τό
669 874 732 926 γε
757 857 1060 909 κοινότατον
1111 855 1406 926 ἀνωνύμως
1452 853 1763 924 λεγόμενον⁸
1811 853 1843 923 ἢ
1896 853 2128 922 ὑγρρτης

567 949 742 1002 οἰκεία
769 948 889 1002 καθ’
920 947 1144 1000 ἕκαστον
1171 947 1328 1016 πέψιν
1350 947 1564 1016 ἔχουσα.
1587 945 1683 1002 Διά
1704 947 1758 999 δέ
1785 947 1844 1000 τὸ
1877 961 2130 1016 σωματω-

567 1041 822 1112 δεστέρας
849 1036 986 1093 εἶναι
1015 1040 1108 1094 καὶ
1140 1040 1421 1111 γλίσχρας,
1451 1039 1548 1102 τὰς
1568 1039 1611 1092 δ’
1639 1037 1943 1101 ὕδατώδεις,
1979 1036 2128 1105 ἁγλί-

566 1149 782 1202 σχρους,
800 1131 906 1184 τῶν
939 1131 1034 1201 μὲν
1061 1131 1266 1198 γίνεται
1288 1129 1472 1201 πῆξαι,
1497 1130 1603 1182 τῶν
1629 1130 1672 1183 δ’
1701 1128 1784 1182 οὖ.
1812 1129 1953 1199 Πρὸς
1979 1129 2125 1192 ἐνίας

564 1223 621 1276 δὲ
660 1223 752 1276 καὶ
792 1222 1228 1294 παρεμϐάλλουσί
1267 1240 1318 1274 τι
1343 1221 1433 1274 τοῦ
1475 1222 1662 1290 πῆξαι,
1698 1222 1790 1274 καὶ
1827 1221 2121 1288 συλλέγειν.

638 1313 799 1376 lbid.,
836 1314 931 1367 lin.
968 1313 1052 1367 10.
1090 1314 1276 1366 Ἀλλο
1320 1312 1429 1381 γὰρ
1460 1311 1571 1379 τῆς
1607 1311 1844 1380 σχίνου.
1890 1310 2125 1366 Lentisci

567 1406 858 1476 lacrymam
885 1406 1202 1460 mastichem
1233 1421 1354 1460 esse
1375 1403 1649 1472 colligitur
1665 1418 1730 1457 ex
1755 1401 2128 1472 Theophrasto

563 1497 643 1551 De
666 1496 790 1549 hist.
823 1495 991 1562 plant,
1037 1494 1131 1547 lib.
1167 1510 1238 1547 Ix.
1277 1509 1324 1547 c.
1370 1493 1418 1553 1.
1456 1492 1773 1545 Συνίσταται
1815 1492 1871 1544 δέ
1904 1493 1995 1544 καὶ
2036 1492 2128 1544 ἐπὶ

563 1589 662 1658 τῆς
691 1587 893 1656 σχίνου,
927 1585 1020 1638 καὶ
1048 1585 1139 1638 ἐπί
1174 1585 1270 1656 τῆς
1309 1583 1547 1655 ἀκάνθης
1591 1585 1688 1655 τῆς
1737 1583 1902 1654 ξείνης
1940 1583 2130 1636 καλου-

568 1682 756 1752 μένης,
785 1680 843 1744 ἐξ
880 1674 953 1735 ὧν
998 1681 1030 1751 ἡ
1073 1681 1326 1750 μαστίχη.
1371 1677 1502 1744 Quae
1541 1687 1718 1732 autem
1769 1679 1839 1732 sit
1883 1676 2028 1731 ixine
2076 1684 2130 1731 et

565 1789 726 1843 quam
754 1773 1070 1829 mastichem
1101 1778 1346 1841 procreet
1367 1772 1506 1824 idem
1533 1771 1902 1840 prosequitur,
1933 1769 2024 1824 lib.
2046 1783 2124 1834 τι,

2234 569 2464 639 pretium
2493 565 2788 620 mastichcs
2827 561 3058 616 Turcico
3083 559 3388 630 imperatori
3427 557 3646 610 nomine
3677 555 3792 608 tri-

2232 663 2348 717 buti
2378 660 2611 730 persolvi
2649 679 2660 713 :
2695 657 2789 714 sed
2825 656 2937 709 hanc
2969 666 3096 711 sunt
3119 652 3344 706 alterius
3385 649 3606 719 negotii.
3631 647 3792 700 Dale-

2230 754 2477 822 campius
2505 751 2741 806 Plinium
2761 747 3109 817 reprehendit
3137 743 3282 814 quod
3307 743 3443 798 falso
3466 741 3792 796 mastichem

2233 843 2434 897 resinis
2476 842 2698 912 liquidis
2729 837 3193 899 annumeravcrit,
3228 834 3323 888 lib.
3376 850 3488 897 xw,
3522 847 3644 902 cap.
3693 831 3787 886 20.

2231 932 2337 988 Sed
2387 932 2681 987 immerito.
2726 929 2985 985 Masticlte
3027 929 3168 982 enim
3211 924 3579 989 dum-clliuit,
3630 933 3791 978 ante-

2227 1041 2390 1095 quam
2421 1024 2727 1087 coalescat,
2760 1023 2922 1077 tluida
2959 1029 3041 1076 est
3071 1017 3521 1090 quemadmodum
3559 1023 3611 1070 et
3640 1025 3788 1071 tere-

2226 1112 2467 1168 bintbus.
2506 1111 2562 1165 Et
2595 1111 2779 1166 forsan
2814 1119 3058 1181 tempore
3086 1108 3247 1162 Plinii
3277 1121 3364 1162 res
3393 1107 3550 1160 aliter
3589 1104 3785 1174 scha-

2229 1205 2392 1259 bebat
2437 1219 2500 1258 ac
2536 1203 2696 1257 modo
2725 1201 2992 1256 videmus.
3045 1198 3365 1255 Communis
3407 1205 3491 1252 est
3537 1197 3784 1251 omnium

2229 1293 2284 1347 in
2313 1292 2586 1348 eainsula
2638 1292 2857 1345 traditio
2901 1306 2931 1345 a
2977 1290 3276 1359 majoribus
3327 1294 3548 1357 excepta
3593 1286 3785 1340 masti-

2229 1382 2383 1437 chem
2432 1383 2584 1452 prius
2643 1381 2903 1452 liquidam
2955 1380 3282 1449 lluidamque
3328 1378 3520 1434 fuisse.
3578 1377 3784 1432 Verum

2233 1479 2521 1542 postquam
2555 1482 2784 1527 sanctus
2812 1470 2905 1526 Dei
2935 1479 3141 1542 martyr
3170 1470 3408 1526 Isidorus
3432 1471 3485 1523 in
3511 1485 3571 1524 ea
3603 1470 3784 1524 insula

2229 1565 2484 1634 martyris
2547 1579 2752 1624 corona
2817 1564 3052 1628 d'itatus,
3098 1565 3163 1618 ad
3221 1563 3499 1618 cmlestem
3550 1563 3780 1633 patriam

2228 1656 2624 1726 commigravit,
2653 1657 2707 1710 in
2743 1656 2940 1711 durum
2989 1671 3190 1726 corpus
3212 1655 3374 1710 veluti
3417 1654 3621 1724 gummi
3652 1669 3783 1706 ron-

2229 1749 2488 1810 crevisse,
2522 1747 2684 1818 idque
2709 1749 2973 1818 sanguine
3003 1749 3141 1802 tanti
3187 1748 3441 1818 martyris
3479 1747 3781 1817 praestitum

565 1835 685 1935 cap.
709 1865 762 1930 4,
808 1866 870 1917 Ἠ
905 1863 1039 1935 ἰξίνη
1069 1835 1260 1932 φύεται
1286 1863 1380 1934 μὲν
1408 1863 1466 1915 ού
1495 1835 1779 1933 πολλαχοῦ·
1813 1859 2117 1934 ριζόιρυλλον

2224 1835 2414 1902 fuisse,
2451 1837 2577 1892 dum
2610 1855 2705 1909 per
2759 1841 2881 1894 illas
2920 1840 3143 1894 arbores
3187 1839 3576 1894 dilacerandus
3617 1839 3778 1908 equis

562 1960 620 2013 δέ
651 1961 814 2012 ἐστιν’
847 1959 953 2012 ἀπὸ
980 1957 1034 2010 δέ
1058 1957 1156 2026 τῆς
1179 1955 1331 2028 ρίζης
1362 1955 1528 2026 μέσης
1555 1956 1583 2007 ὁ
1600 1954 1964 2026 σπερματικὸς
1985 1954 2118 2008 ἄκα-

562 2069 650 2114 νος
666 2050 1017 2120 ἐπιπέφυκεν,
1034 2048 1179 2101 ὥσπε
1191 2065 1218 2117 ρ
1238 2048 1400 2118 μῆλον
1417 2042 1473 2100 εὖ
1494 2046 1635 2118 μάλα
1651 2044 2118 2118 ἐπικεκρυμμένον

561 2143 654 2195 ἐπὶ
695 2141 804 2195 τῶν
839 2141 1071 2210 φύλλων.
1122 2134 1286 2202 Οὗτος
1327 2138 1382 2191 δὲ
1413 2139 1505 2190 ἐπὶ
1537 2137 1630 2191 τοῦ
1672 2138 1841 2209 ἄκρου
1879 2135 2031 2207 φέρει
2060 2134 2120 2186 τὸ

561 2232 793 2304 δάκρυον
831 2230 1112 2302 εὔστομον,
1157 2231 1252 2282 καὶ
1282 2227 1440 2282 τοῦτό
1483 2228 1688 2298 ἐστινὴ
1731 2224 1996 2296 ἀκανθικὴ
2029 2224 2121 2277 καὶ

559 2323 596 2392 ἡ
632 2322 885 2392 μαστίχη.
921 2320 1032 2390 Ego
1066 2329 1245 2374 tamen
1291 2317 1464 2388 magis
1506 2317 1572 2372 ad
1606 2330 1836 2372 mentem
1881 2315 2120 2370 auctoris

561 2423 614 2469 et
637 2414 702 2468 ad
733 2417 1053 2470 sententiam
1098 2415 1351 2483 legerem.
1386 2413 1479 2465 καὶ
1508 2411 1662 2464 τοῦτό
1701 2413 1845 2466 ἐστιν
1882 2411 1918 2482 ἡ
1949 2409 2117 2463 ἀκάν-

561 2506 688 2578 θικὴ
720 2505 976 2577 μαστίχη,
1010 2513 1062 2560 et
1095 2507 1151 2559 ni
1183 2520 1400 2560 vererer
1437 2503 1504 2558 ab
1537 2503 1807 2572 aliquibus
1861 2511 2116 2571 tanquam

563 2600 742 2654 audax
773 2599 1038 2664 accusari,
1084 2599 1312 2654 libenter
1341 2597 1529 2666 utique
1573 2611 1671 2665 pro
1711 2595 1928 2657 ἄκανος,
1955 2593 2116 2648 ἀκαν-

563 2713 654 2778 θος
691 2715 945 2784 legerem,
991 2719 1050 2768 ut
1092 2710 1284 2766 modus
1313 2710 1632 2780 pbrasisque
1673 2725 1778 2762 una
1820 2707 2119 2778 eademque

561 2805 937 2876 Theophrasto
971 2811 1246 2868 servetur;
1285 2802 1417 2857 dicit
1446 2802 1592 2858 enim
1626 2802 1762 2856 hanc
1793 2797 2112 2855 mastichem

559 2898 806 2966 generari
851 2897 942 2950 ἐπὶ
982 2897 1080 2968 τῆς
1102 2895 1360 2967 ἀκάνθης,
1391 2912 1499 2951 ηοη
1539 2896 1627 2950 ἐπὶ
1655 2893 1746 2946 τοῦ
1771 2893 1992 2954 ἀκάνου,
2047 2907 2116 2946 ex

559 3007 672 3061 quo
699 3009 808 3047 non
829 2991 1114 3061 ἀκανθική,
1145 2991 1236 3046 sed
1260 2991 1512 3062 ἀκανική,
1540 2990 1830 3052 diceretur,
1855 2987 2115 3059 quemad-

561 3085 780 3140 modum
813 3094 867 3140 et
893 3085 1149 3139 ἀκανικαὶ
1185 3085 1412 3140 ἄκανθαι
1455 3084 1595 3154 apud
1629 3084 1804 3154 ipsum
1840 3082 2109 3153 leguntur,

559 3179 655 3232 lib.
687 3195 764 3243 iv,
791 3193 910 3249 cap.
936 3179 986 3245 7,
1029 3177 1169 3233 Hist.
1212 3178 1380 3248 plant.
1406 3178 1536 3234 Etsi
1569 3177 1765 3242 ἄκανος
1798 3176 1934 3232 velis
1984 3175 2111 3228 reti-

559 3286 710 3332 nere,
761 3287 928 3341 quare
982 3273 1100 3341 ejus
1135 3273 1455 3327 sententiam
1499 3286 1609 3325 non
1661 3271 1972 3335 concludes,
2015 3268 2110 3324 καὶ

557 3361 716 3414 τοῦτό
747 3363 942 3432 ἐστινὴ
975 3362 1203 3434 ἀκανικὴ
1241 3363 1510 3434 μαστίχηῖ
1539 3362 1643 3417 Sed
1671 3363 1950 3419 dubitasse
1981 3363 2114 3419 satis

557 3454 624 3507 de
654 3453 773 3508 hac.
799 3452 1008 3508 Plinius
1041 3454 1133 3508 lib.
1175 3470 1273 3517 xu,
1303 3469 1421 3524 cap.
1455 3455 1544 3519 l7,
1583 3453 1684 3508 Sed
1708 3455 1957 3508 mastiehe
1982 3472 2113 3526 quo-

556 3560 656 3614 que
689 3545 894 3613 gemina
924 3553 1020 3609 est,
1049 3546 1295 3614 quoniam
1323 3555 1371 3598 et
1403 3546 1455 3598 in
1485 3545 1614 3598 Asia
1644 3543 1943 3614 erciaqtte
1973 3560 2115 3614 repe-

556 3637 716 3702 ritur,
745 3635 902 3689 herba
934 3637 1109 3690 radice
1136 3636 1269 3704 folia
1302 3637 1558 3702 amittens,
1591 3645 1639 3690 et
1682 3636 1937 3690 carduum
1968 3637 2115 3690 simi-

558 3731 656 3782 lem
680 3730 821 3784 malo
849 3731 1060 3786 seminis
1083 3730 1310 3799 plenum,
1343 3730 1675 3800 lacrymaque
1702 3731 1926 3799 erumpit
1949 3731 2115 3784 incisa

555 3831 704 3888 parte
726 3839 932 3876 summa
957 3825 1043 3876 vix
1084 3831 1142 3875 ut
1165 3822 1398 3892 dignosci
1430 3823 1592 3891 possit
1622 3840 1654 3877 a
1693 3822 1944 3876 masticbe
1974 3839 2112 3878 vera.

559 3911 798 3968 Necnon
828 3925 877 3968 et
930 3917 1084 3968 tertia
1130 3915 1183 3968 in
1231 3913 1400 3968 Ponto
1432 3925 1507 3968 est
1550 3915 1818 3969 bituminis
1867 3914 2113 3970 similior.

562 4004 957 4068 Laudatissima
1017 4015 1189 4060 autem
1239 4015 1315 4059 est
1353 4005 1487 4058 Chia
1531 4004 1780 4069 candida,
1815 4004 1966 4074 cujus
1997 4021 2114 4074 pre-

559 4100 693 4150 t'um
724 4097 778 4149 in
829 4097 991 4152 libras
1028 4113 1120 4160 xx,
1167 4099 1332 4168 nigra:
1364 4114 1481 4151 vero
1518 4114 1614 4152 xu.
1653 4097 1784 4152 Chia
1819 4115 1848 4152 e
1897 4096 2113 4152 lentisco

559 4189 789 4243 traditur
812 4191 953 4260 gigni
986 4191 1180 4260 gummi
1229 4190 1401 4253 modo,
1448 4190 1778 4244 adulteretur
1820 4199 1877 4244 ut
1929 4189 2112 4255 thura,

558 4283 753 4336 resina.
785 4281 978 4337 Petrus
1002 4283 1295 4346 Bellonius,
1318 4282 1682 4337 Observation.
1709 4283 1802 4336 lib.
1829 4298 1890 4348 ιι,
1917 4298 2037 4354 cap.
2057 4284 2108 4346 8,

556 4373 842 4430 Masticltes
867 4385 1140 4443 proventus
1172 4375 1224 4427 in
1250 4391 1312 4428 ea
1354 4375 1528 4428 insula
1561 4374 1690 4430 Chio
1721 4385 1897 4429 tantus
1927 4384 2026 4439 est,
2056 4385 2112 4427 ut

557 4468 777 4536 singulis
812 4467 964 4521 annis
1011 4466 1228 4520 Turcico
1263 4467 1570 4534 imperatori
1610 4483 1704 4534 pro
1735 4467 2002 4536 quaternis
2036 4467 2113 4520 vel

2221 1928 2552 1982 immanibus
2595 1928 2796 1998 ligatus
2821 1929 3158 1983 trahebatur.
3205 1928 3354 1983 Facti
3400 1929 3563 1998 hujus
3593 1929 3781 1983 metui-

2221 2019 2302 2073 nit
2334 2017 2592 2076 Nicolaus
2627 2021 3038 2092 Pepagomenus
3067 2022 3316 2077 oratione
3348 2023 3402 2076 in
3426 2021 3630 2076 dictum
3651 2038 3779 2078 san-

2219 2117 2390 2174 ctum,
2409 2126 2570 2181 quam
2603 2111 2847 2168 Latinam
2868 2127 2897 2166 a
2923 2113 3081 2173 nobis
3103 2113 3297 2168 [actam
3320 2130 3426 2166 una
3453 2112 3776 2168 cumGraeca

2218 2202 2434 2271 publico
2453 2202 2757 2270 commodo,
2791 2201 2898 2258 Deo
2933 2204 3112 2267 dante,
3148 2204 3384 2260 edemus.
3409 2204 3455 2258 Is
3475 2204 3652 2274 itaque
3668 2205 3772 2260 ait:

2219 2291 2386 2361 Λόγος
2416 2292 2473 2345 δέ
2499 2309 2581 2357 τις
2610 2293 2828 2365 φέρεται
2857 2295 2950 2348 καὶ
2983 2295 3136 2365 ἡμῶν
3161 2295 3286 2366 ἄχρι
3322 2295 3550 2364 φθάσας,
3589 2296 3661 2359 ὡς
3686 2296 3776 2350 τὸν

2219 2379 2312 2436 νῦν
2350 2383 2716 2454 καταρρέοντα
2742 2383 2846 2437 τῶν
2877 2382 3068 2454 σχίνων
3103 2384 3255 2448 ὀπὸν,
3288 2386 3380 2438 καὶ
3415 2386 3773 2455 πηγνύμενον,

2221 2471 2334 2526 ῐστε
2376 2473 2574 2537 πάντες
2613 2475 2784 2526 ὁπόσα
2835 2473 3024 2528 τούτου
3064 2474 3208 2546 παρὰ
3247 2479 3357 2539 τοῖς
3403 2477 3552 2540 Χίοις
3599 2477 3772 2548 μόνοις

2219 2561 2378 2634 φορὰ,
2408 2563 2502 2616 καὶ
2532 2562 2605 2626 ὡς
2629 2564 2784 2635 εἴπερ
2821 2581 2872 2617 τι
2905 2563 2982 2634 τῷ
3019 2564 3116 2636 βίῳ
3141 2565 3311 2636 τούτῳ
3345 2566 3772 2621 λυσιτελέστατον

2217 2653 2337 2708 καθ’
2374 2656 2535 2708 αὐτόν
2578 2672 2636 2707 τε
2707 2657 2802 2709 καὶ
2840 2660 2949 2721 τοῖς
2991 2657 3166 2722 ἄλλοις
3211 2659 3651 2731 ἐπιμιγνύμενον,
3700 2661 3771 2732 μὴ

2215 2745 2448 2818 πρόσθεν
2481 2745 2704 2818 ἰσχυρὰν
2733 2747 2958 2800 εἰωθότα
2987 2749 3281 2819 λαμϐάνειν
3306 2751 3402 2821 τὴν
3439 2753 3618 2823 πῆξιν,
3646 2755 3770 2807 κάν-

2212 2838 2400 2892 τεῦθεν
2429 2842 2538 2901 τοῖς
2557 2839 2974 2904 ὓδασιν,ύοντος,
2999 2858 3059 2893 συ
3069 2844 3556 2915 μπαραφερόμενόν
3585 2863 3642 2898 τε
3682 2846 3770 2898 καὶ

2215 2930 2601 3002 ἀπολλύμενον.
2634 2929 2756 2986 Ὅτι
2789 2932 2861 3003 μὴ
2886 2932 3022 2986 πάνυ
3047 2934 3266 3006 μετρίου
3291 2937 3431 2999 τινὸς
3452 2937 3578 2991 ἄνευ
3611 2938 3659 2990 οἱ
3682 2937 3769 2990 τοῦ

2217 3023 2488 3096 μάρτυρος
2536 3021 2706 3088 ἆθλοι,
2755 3027 2848 3079 καὶ
2890 3026 2956 3080 τὰ
2987 3027 3218 3100 λαμπρὰ
3245 3029 3384 3083 κατὰ
3420 3031 3526 3086 τῶν
3568 3031 3771 3103 ἐχθρῶν

2215 3113 2587 3185 ἀγωνίσματα,
2629 3115 2725 3168 καὶ
2766 3115 2825 3168 τὸ
2855 3116 2949 3187 τῆς
2993 3117 3218 3190 γνώμης
3255 3120 3549 3184 ἀνένδοτον,
3593 3122 3686 3175 καὶ
3717 3123 3770 3176 αί

2139 3223 2180 3278 C
2215 3204 2406 3274 συχναὶ
2451 3207 2832 3278 καρτερήσεις,
2883 3209 2961 3270 εἰς
2993 3209 3021 3261 ὃ
3053 3209 3146 3264 νῦν
3187 3212 3388 3281 ὁρᾶται,
3441 3212 3577 3282 πρὸς
3622 3211 3767 3264 λίθου

2217 3295 2374 3364 φύσιν
2403 3297 2568 3365 ἐγγὺς
2599 3298 2981 3368 μετεποίησαν,
3029 3301 3140 3372 ἃμα
3180 3318 3236 3352 τε
3273 3301 3454 3354 τούτου
3497 3301 3764 3372 τοσαύτην

2213 3386 2506 3456 εἰργάσατο
2533 3385 2629 3458 τὴν
2660 3387 2917 3453 ἐπίδοσιν,
2945 3389 3020 3453 ὡς
3055 3389 3242 3460 μηδένα
3277 3389 3465 3462 μικροῦ
3488 3390 3595 3443 τῶν
3620 3392 3756 3462 ὁπή-

2214 3495 2342 3530 ποτε
2385 3478 2489 3547 γῆς
2515 3477 2802 3532 οἰκούντων
2835 3479 2908 3551 μὴ
2937 3481 3034 3551 τῆς
3065 3482 3175 3533 κατ’
3203 3481 3315 3545 ἕτος
3342 3479 3627 3535 ἀπολαύειν
3659 3501 3755 3552 φο-

2215 3571 2333 3642 ρᾶς.
2365 3570 2515 3641 Μηδέ
2540 3570 2647 3642 γὰρ
2674 3571 2738 3624 ἂν
2757 3575 2865 3635 τοῖς
2892 3572 2996 3642 πρὸ
3023 3571 3116 3624 τοῦ
3147 3574 3304 3625 πᾶσιν
3321 3573 3759 3643 Ἀσκληπιάδαις,

2212 3660 2422 3722 οὐδενὸς
2458 3661 2578 3712 ὅτου
2614 3660 2718 3713 τῶν
2751 3661 2883 3730 πρὸς
2913 3662 3150 3732 ἰατρείαν
3184 3661 3364 3715 παθῶν
3393 3663 3451 3714 οὑ
3486 3663 3765 3732 μεμνημέ-

2212 3768 2341 3815 νοις,
2367 3749 2624 3814 πολλάκις
2674 3752 2855 3820 σχεδὸν
2905 3751 3260 3823 ἀμνημοσύνη
3309 3750 3491 3803 τούτου
3543 3751 3764 3822 προσῆν,

2213 3845 2412 3917 καίπερ
2451 3849 2562 3909 τοῖς
2604 3846 2981 3918 καιριωτάτοις
3023 3845 3458 3917 συμϐαλλομένου
3489 3844 3555 3897 τὰ
3589 3863 3766 3918 περιτ-

2213 3939 2433 3992 τεύοντα
2462 3939 2567 3993 τῶν
2603 3939 2780 4012 ὑγρῶν
2810 3939 3152 4010 ἀποκαθᾶραι
3187 3941 3280 3992 καὶ
3310 3939 3602 4008 ἀλγηδόνας
3629 3939 3764 3993 ἔστιν

2211 4030 2276 4094 ἃς
2313 4032 2660 4101 ἐπικουφίσαι
2691 4049 2748 4084 τε
2779 4033 2872 4085 καὶ
2929 4033 3192 4103 κοιμίσαι,
3232 4032 3325 4084 καὶ
3364 4031 3434 4082 τὰ
3477 4032 3765 4103 παρειμένα

2211 4122 2305 4174 τοῦ
2355 4123 2603 4194 σώματος
2644 4125 3073 4196 ίσχυροποιῆσαι,
3130 4125 3223 4177 καὶ
3275 4123 3575 4195 νευρῶσαι,
3616 4125 3762 4192 φύσιν

2212 4213 2443 4283 ἔχοντος.
2499 4216 2703 4280 Ὄντως
2749 4216 2972 4289 ἀρίστου
3026 4217 3118 4269 καὶ
3169 4215 3479 4286 θαυμαστοῦ
3530 4215 3758 4288 γεωργοῦ

2214 4305 2421 4374 καρπὸς
2445 4306 2656 4376 ἥδιστος
2684 4309 2800 4360 κατ’
2835 4308 3146 4378 ἐπωνυμίαν
3176 4307 3338 4360 αὑτοῦ
3370 4307 3466 4379 τὴν
3497 4309 3760 4379 ἐνέργειαν

2213 4396 2567 4466 κεκτημένος.
2603 4397 2748 4468 Πλὴν
2791 4398 2911 4450 ὅσον
2938 4399 2966 4449 ὁ
3002 4398 3097 4468 μὲν
3132 4398 3223 4450 καὶ
3258 4397 3432 4466 ψυχὰς
3464 4397 3760 4468 καμνούσας

2212 4487 2353 4552 ἀξιοῖ
2387 4487 2699 4559 θεραπείας,
2732 4491 2825 4543 καὶ
2869 4493 2979 4552 τοῖς
3019 4490 3078 4542 τὸ
3119 4490 3275 4560 σῶμα
3307 4491 3554 4561 πονήρως
3591 4489 3757 4560 ἔχουσι

555 4561 727 4630 quinis
746 4558 974 4614 millibus
987 4557 1294 4611 ducatorum
1313 4557 1541 4625 pendant
1562 4561 1615 4610 in
1632 4556 1986 4610 deductionem
1999 4558 2112 4626 ejus

2217 4574 2461 4646 δωρεῖται
2493 4577 2588 4648 τὴν
2633 4578 2789 4631 iactv
2838 4582 2865 4632 ὁ
2902 4579 2957 4631 δέ
2997 4578 3130 4650 τῷδε
3173 4580 3425 4651 βραχεῖαν
3467 4580 3638 4650 ἐνίησι
3670 4581 3758 4651 τῆς

557 4670 775 4707 summa:
798 4669 954 4723 quam
985 4652 1067 4706 illi
1103 4652 1287 4706 tributi
1318 4650 1523 4705 nomine
1549 4649 1676 4704 dare
1705 4649 1907 4715 debent,
1937 4659 1984 4703 et
2008 4651 2117 4704 sin—

561 4747 710 4814 gulas
731 4747 970 4801 centenas
986 4746 1146 4800 libras
1169 4746 1393 4800 centenis
1404 4743 1578 4813 quinis
1597 4742 1804 4797 ducatis
1829 4743 2112 4806 testimnnt,

555 4837 806 4906 quidquid
817 4838 930 4906 ejus
952 4847 1179 4906 superest
1202 4836 1301 4891 sibi
1323 4844 1607 4889 reservant.
1638 4832 1779 4888 Galli
1804 4843 2114 4889 mercatores

554 4930 834 4986 inastiches
847 4932 1070 5000 pretium
1083 4930 1215 4983 idem
1229 4939 1468 4998 perpetuo
1484 4943 1595 4982 esse
1607 4926 1993 4981 considerantes
2007 4930 2117 4982 exi-

554 5025 796 5085 stimant;
810 5031 962 5091 atque
983 5024 1138 5076 etiam
1153 5024 1379 5090 referunt
1396 5019 1836 5087 incolas,collecta
1847 5020 1960 5090 ejus
1975 5031 2116 5074 certa

552 5113 867 5185 quantitate,
884 5115 1136 5181 reliquam
1163 5113 1404 5182 abjicere.
1439 5112 1542 5168 Sed
1573 5113 1626 5167 id
1652 5113 1859 5167 veritati
1890 5114 2117 5167 maxime

555 5205 881 5260 contrarium
924 5213 1001 5257 est
1033 5220 1051 5256 :
1081 5221 1201 5258 nam
1238 5205 1314 5257 uti
1351 5201 1582 5258 diximus
1646 5221 1865 5274 magnas
1912 5188 2112 5274 impen-

554 5315 642 5350 sas
688 5298 742 5354 in
776 5296 980 5352 lentisci
1012 5296 1288 5365 fruticibus
1340 5296 1595 5362 colendis,
1630 5307 1680 5350 et
1725 5297 1975 5352 curandis
2029 5299 2115 5367 fa-

555 5389 836 5453 ciunt;sed
867 5391 1118 5459 quoniam
1150 5388 1368 5442 Turcico
1392 5390 1693 5457 imperatori
1713 5391 1933 5461 singulis
1963 5395 2114 5446 annis

553 5498 648 5550 pro
680 5494 930 5554 quatuor,
964 5493 1054 5536 aut
1089 5483 1321 5552 plurium
1355 5483 1578 5537 millium
1621 5485 1931 5540 ducatorum
1973 5487 2114 5539 testi—

560 5578 788 5630 motione
812 5576 1063 5644 pendunt,
1099 5577 1211 5642 ejus
1238 5576 1465 5642 pretium
1490 5576 1564 5630 vel
1595 5594 1801 5646 augere,
1835 5579 1912 5633 vel
1941 5580 2114 5632 immi-

557 5682 714 5721 nuere
745 5686 846 5721 non
876 5671 1014 5724 licet.
1050 5669 1104 5722 ln
1136 5668 1336 5738 quibus
1366 5669 1553 5724 multis
1588 5669 1785 5723 labitur
1815 5669 2109 5726 Bellonius.

561 5753 760 5811 Verum
791 5761 932 5814 enim
957 5769 1061 5823 est,
1096 5761 1302 5818 incolas
1331 5761 1643 5830 przescripta
1673 5764 1973 5829 quantitate
2001 5762 2114 5816 col-

563 5849 700 5905 lecta
731 5850 993 5918 reliquam
1019 5854 1101 5908 vcl
1135 5854 1390 5923 abjiccrc,
1425 5854 1507 5909 vel
1541 5852 1826 5925 negligere.
1871 5852 2108 5920 Falsum,

2218 4667 2455 4737 ἰατρείας
2477 4670 2791 4742 ἀπόρροιαν.

2284 4759 2442 4824 lbid.,
2473 4761 2569 4814 lin.
2598 4762 2683 4817 ll.
2709 4763 2816 4818 Καὶ
2839 4762 3026 4829 ἄλλος
3047 4766 3078 4817 ὀ
3102 4762 3211 4831 τῆς
3225 4763 3569 4833 βαλσάμου.
3602 4763 3759 4816 Theo-

2215 4849 2469 4918 phrastus
2502 4852 2558 4905 in
2590 4851 2726 4906 valle
2759 4849 2929 4922 Syria:
2957 4851 3130 4918 nasci,
3170 4851 3404 4905 lructum
3441 4851 3610 4920 magis
3636 4853 3756 4904 odo-

2217 4953 2390 4996 ratum
2425 4959 2546 4999 esse
2578 4960 2738 5014 quam
2789 4945 3102 5016 lacrymam,
3149 4952 3203 4999 et
3244 4945 3486 4999 incisura
3530 4943 3668 4997 facta
3693 4959 3755 4996 ex

2215 5033 2458 5096 caudice,
2501 5034 2615 5088 sive
2660 5044 2812 5104 parte
2855 5050 3109 5104 superna,
3155 5044 3342 5090 testate
3375 5043 3486 5090 tota
3519 5049 3751 5096 succum,

2215 5123 2308 5177 sed
2364 5124 2512 5177 illum
2567 5126 2954 5194 paucissimum
2989 5127 3192 5198 colligi,
3240 5128 3333 5181 lib.
3372 5143 3426 5181 ιι
3473 5125 3549 5180 lle
3579 5127 3750 5180 histor.

2213 5214 2404 5282 plant.,
2439 5229 2560 5284 cap.
2607 5213 2660 5278 6,
2705 5216 2776 5268 Τὸ
2817 5215 2872 5269 δέ
2915 5215 3186 5288 βάλσαμον
3227 5217 3434 5286 γίνεται
3470 5218 3568 5287 μὲν
3609 5216 3754 5286 ἐντῷ

2214 5305 2432 5373 Αὐλῶν,
2471 5306 2547 5376 τῷ
2573 5308 2698 5378 περὶ
2737 5309 2954 5381 Συρίαν,
2997 5309 3349 5381 παραδείσους
3386 5309 3429 5362 δ’
3469 5305 3606 5362 εἶναί
3636 5327 3750 5379 φασι

2212 5396 2304 5449 δύο
2323 5397 2528 5466 μόνους,
2549 5399 2636 5450 τὸν
2660 5399 2756 5469 μὲν
2771 5401 2891 5454 ὅσον
2916 5400 3084 5453 εἴκοσι
3111 5401 3354 5472 πλέθρων
3403 5402 3492 5455 τὸν
3517 5403 3560 5456 δ’
3585 5403 3752 5472 ἓτερον

2214 5488 2389 5560 πολλῷ
2427 5490 2695 5545 ἐλάττονα.
2736 5491 2958 5563 Reliqua
2983 5494 3102 5549 vide
3135 5495 3276 5564 apud
3308 5495 3748 5564 'l‘heOphrastum.

2213 5595 2276 5634 ex
2307 5597 2414 5651 quo
2451 5581 2655 5638 Plinius
2695 5583 2789 5638 lib.
2835 5600 2934 5647 xu,
2970 5601 3089 5654 cap.
3130 5585 3224 5650 25,
3275 5601 3372 5641 sua
3412 5588 3638 5656 accepit,
3662 5599 3751 5640 nec

2213 5674 2464 5728 convenit
2495 5674 2547 5727 in
2567 5676 2819 5731 omnibus
2849 5677 2916 5731 de
2942 5677 3169 5732 historia
3199 5678 3431 5734 balsami
3479 5685 3749 5738 auctorum

2213 5765 2496 5819 sententia.
2565 5765 2770 5822 Plinius
2829 5767 2961 5821 dicit
3001 5768 3300 5822 balsamum
3353 5769 3442 5822 uni
3493 5777 3748 5822 terrarum

2211 5854 2408 5913 Judazac
2454 5873 2814 5928 concessum;
2885 5859 3229 5917 Dioscorides
3283 5861 3534 5918 concedit
3596 5861 3748 5916 etiam
