4064 6290
304 398 407 455 857

1303 398 1367 451 IN
1407 399 1773 456 EUSTATllIl
1800 399 2264 454 HEXAEMERON
2293 401 2520 456 ΝΟΤᾸΞ.

3406 403 3512 458 858

305 519 576 592 ASgypto;
615 517 812 572 Strabo
845 518 938 572 lib.
979 535 1066 573 va
1113 519 1366 575 silvestre
1413 521 1565 575 nasci
1613 520 1777 573 tradit
1809 520 1860 572 in
1894 530 1939 580 Α
1968 521 2180 574 saeculis
2206 532 2492 585 excoctum,
2518 519 2720 590 glebam
2745 519 2903 573 habui
2932 530 3133 573 erutam
3168 535 3324 589 prope
3368 518 3512 573 Nar-

307 612 599 668 maritimis
632 609 942 666 Sabaeorum
970 629 987 679 ;
1029 610 1435 682 Theophrastus
1466 613 1715 668 silvestre
1745 611 1861 665 bal-

310 719 520 760 samum
552 702 758 756 nullum
801 718 1025 773 usquam
1067 711 1340 774 repertum
1375 704 1614 773 accepit;
1640 700 1863 788 ‘Pausa-

312 795 431 848 nias
466 792 520 845 in
548 790 792 846 Bmoticis
823 793 1045 848 arbores
1076 793 1131 848 in
1168 795 1364 848 Arabia
1397 794 1679 857 describit,
1715 807 1860 864 myr-

1965 612 2148 666 bonem
2179 615 2230 666 in
2286 613 2399 681 ejus
2436 613 2628 680 lapidis
2677 615 2872 682 fodinis
2901 613 3123 667 dimidia
3154 627 3216 666 ex
3241 619 3388 681 parte
3430 615 3510 666 ni-

1962 721 2108 777 gram
2137 745 2152 769 ,
2205 706 2378 758 altera
2429 705 2641 773 flavam,
2693 707 2892 758 succini
2946 703 3096 758 modo
3128 720 3144 757 :
3173 704 3308 773 quod
3355 721 3511 773 argu-

1961 806 2135 851 mento
2189 797 2480 849 certissimo
2521 807 2620 860 est,
2658 797 2924 850 succinum
2963 813 3021 850 eo
3058 794 3209 848 modo
3234 796 3374 864 gigni
3410 813 3510 866 quo

311 893 489 939 torum
535 885 929 956 magnitudine,
965 885 1108 941 foliis
1141 886 1395 940 amaraci.
1439 883 1573 939 Vide
1599 887 1861 954 reliquam
1959 888 2210 942 diximus.

309 977 595 1032 historiam
630 979 937 1048 viperarum
989 979 1089 1033 sub
1128 979 1246 1046 ejus
1284 977 1475 1032 fronde
1513 978 1859 1030 latitantium.

315 1070 519 1124 Plinius
546 1070 716 1124 incidi
744 1071 906 1133 vitro,
933 1071 1106 1140 lapide
1133 1071 1410 1139 osseisque
1432 1070 1691 1131 cultellis,
1721 1068 1864 1123 ferro

316 1162 454 1224 laedi,
481 1161 885 1232 Theophrastus
919 1162 1108 1216 ferreis
1147 1163 1418 1231 unguibus
1452 1161 1583 1215 cmdi
1609 1203 1622 1226 ,
1658 1159 1864 1214 Plinius

315 1257 543 1324 primam
578 1254 805 1325 gratiam
847 1269 969 1308 esse
1012 1254 1283 1325 lacrymae,
1330 1252 1622 1308 secundam
1650 1250 1862 1312 semini,

315 1346 526 1400 tertiam
569 1345 782 1408 cortici,
813 1344 1089 1398 minimam
1139 1345 1285 1414 ligno
1306 1345 1418 1412 ait;
1461 1342 1867 1412 Theophrastus

315 1438 544 1508 primam
578 1437 810 1501 fructus,
847 1435 1140 1492 secundam
1174 1437 1450 1504 lacrymae,
1484 1435 1728 1488 ultimam
1754 1435 1866 1487 vir—

316 1544 525 1598 garum.
555 1526 830 1582 Diversam
863 1527 1026 1596 hujus
1072 1527 1302 1582 balsami
1354 1526 1642 1596 colligendi
1693 1525 1862 1578 ratio-

317 1635 438 1674 nem
475 1619 593 1674 sine
639 1634 871 1674 censura
922 1627 1108 1672 narrat
1141 1618 1448 1672 Brocardus
1486 1617 1782 1670 monachus
1812 1625 1864 1670 et

318 1727 377 1766 se
408 1711 608 1766 vidisse
652 1711 867 1775 fatetur,
909 1710 963 1764 in
1011 1710 1373 1779 descriptione
1404 1718 1560 1764 terrae
1613 1717 1812 1764 sanctae
1847 1726 1861 1762 :

319 1803 414 1858 Est
443 1805 600 1858 etiam
634 1803 705 1856 ibi
737 1803 920 1857 hortus
949 1802 1206 1865 Balsami,
1238 1802 1328 1873 qui
1373 1803 1630 1872 irrigatur
1662 1819 1692 1855 a
1723 1801 1865 1868 [ante

315 1911 492 1962 parvo.
518 1895 769 1948 uberrime
815 1905 984 1948 tamen
1023 1895 1231 1963 fluente,
1258 1895 1310 1947 in
1337 1911 1436 1963 quo
1479 1895 1624 1946 aiunt
1659 1883 1862 1947 beatam

330 1985 587 2055 Virginem
616 2003 832 2056 puerum
860 1985 1038 2040 Jesum
1075 1987 1260 2039 lavisse
1284 2001 1301 2038 :
1321 1985 1382 2037 ob
1417 1984 1471 2037 id
1500 1984 1718 2038 habetur
1746 1986 1861 2055 fons

316 2077 404 2128 ille
440 2078 493 2128 in
523 2078 866 2140 vmzeratione,
892 2075 1078 2129 nedum
1123 2093 1154 2128 a
1187 2073 1522 2136 Christianis.
1553 2091 1724 2128 verum
1752 2084 1798 2128 et
1833 2093 1865 2128 a

317 2164 616 2222 Saracenis.
652 2166 866 2221 Modum
911 2166 1186 2236 colligendi
1231 2165 1523 2218 balsamum
1568 2165 1703 2218 hunc
1741 2165 1866 2219 mihi

319 2256 573 2312 Saraceni
593 2257 946 2312 ostenderunt.
977 2255 1274 2326 Carpebant
1303 2255 1488 2324 folium
1519 2271 1676 2307 unum
1705 2272 1736 2307 a
1766 2256 1864 2308 sti-

315 2351 443 2417 pite,
489 2350 753 2403 adhwrent
785 2350 923 2404 enim
954 2349 1084 2417 folia
1135 2348 1322 2416 stipiti,
1356 2357 1402 2400 et
1434 2356 1620 2401 contra
1658 2345 1863 2399 radium

321 2441 451 2494 solis
484 2440 617 2493 illud
647 2441 1012 2507 discerpentes,
1042 2449 1240 2508 guttam
1284 2436 1662 2490 lucidissimam
1705 2445 1754 2489 et
1785 2452 1869 2488 su-

321 2548 418 2599 pra
467 2531 675 2582 modum
711 2531 1025 2599 odoriferam
1057 2531 1343 2582 elicuerunt
1378 2544 1395 2581 :
1426 2537 1475 2582 et
1504 2531 1548 2581 is
1592 2540 1668 2582 est
1719 2543 1864 2581 verus

322 2625 492 2692 liquor
531 2622 796 2677 balsami:
828 2624 915 2692 qui
943 2624 994 2676 in
1035 2623 1240 2689 phialas
1282 2623 1469 2676 vitreas
1505 2620 1788 2690 colligitur,
1817 2629 1866 2674 et

323 2715 390 2768 ad
411 2716 641 2768 diversas
674 2714 850 2766 mundi
875 2724 1050 2779 partes
1071 2715 1321 2774 mittitur,
1354 2714 1561 2766 tametsi
1594 2729 1718 2766 raro
1755 2713 1867 2765 sine

322 2806 554 2858 mixtura
588 2804 656 2857 ad
686 2806 911 2874 regiones
943 2813 1145 2856 nostras
1187 2804 1465 2870 perveniat.
1493 2802 1652 2856 Aiunt
1683 2802 1864 2866 etiam,

321 2900 367 2952 si
403 2899 588 2965 folium
626 2896 756 2950 illud
786 2908 967 2950 contra
997 2896 1201 2948 radium
1228 2896 1353 2949 solis
1385 2911 1486 2948 non
1517 2893 1865 2964 frangeretur,

323 2985 532 3037 minime
559 3000 767 3036 succum
802 2985 950 3036 illum
983 2983 1231 3039 stillaret.

393 3075 509 3129 Col.
538 3077 662 3142 717,
704 3077 798 3130 lin.
837 3077 921 3130 l3.
951 3075 1269 3144 Ἰστοροῦσι
1288 3074 1353 3128 δέ
1368 3092 1522 3142 τινες
1539 3073 1712 3128 καὶτὸ
1728 3071 1867 3142 ἤλε-

322 3185 518 3236 κτρον.
556 3167 806 3231 Basilius,
851 3167 994 3220 hom.
1039 3168 1092 3230 5,
1133 3167 1301 3236 Λόγος
1334 3166 1390 3219 δέ
1433 3167 1516 3230 τίς
1547 3168 1660 3220 ἐστι
1689 3167 1782 3220 καὶ
1807 3167 1867 3219 τὸ
1896 3204 1938 3262 C

322 3259 579 3330 ἧλεκτρον
599 3259 727 3312 ὀπὸν
751 3255 887 3312 εἶναι
912 3259 1089 3329 φυτῶν
1112 3260 1189 3322 εἰς
1211 3259 1356 3312 λίθου
1381 3259 1537 3328 φύσιν
1561 3259 1875 3331 ἀποπηγνύ-

326 3367 500 3420 μενον.
530 3347 738 3405 Psellus
785 3349 847 3404 de
877 3348 1140 3417 lapidibus
1167 3349 1362 3419 duplex
1391 3350 1650 3403 electrum
1677 3350 1874 3404 consti-

325 3448 451 3506 tuit,
497 3458 661 3496 unum
699 3442 962 3506 Iudicum,
1015 3441 1243 3495 alterum
1296 3439 1621 3510 Libyticum.
1665 3450 1717 3494 et
1745 3440 1874 3493 dicit

322 3534 547 3604 reperiri
574 3533 728 3602 juxta
759 3531 978 3587 ﬂuvium
1017 3531 1330 3592 Eridanum,
1379 3531 1788 3610 ειιὶμίἱιηἜνιοι
1817 3530 1872 3583 δὲ

325 3627 417 3682 καὶ
438 3627 666 3694 δάκρυον
683 3625 812 3679 αὐτό
831 3642 958 3693 φασι
973 3625 1180 3696 δένδρου
1207 3624 1364 3688 τινός.
1396 3624 1607 3692 Κοῦφον
1634 3623 1740 3694 γάρ
1761 3627 1874 3676 ἐστι

325 3718 416 3770 καὶ
436 3715 711 3787 θυμιᾶται,
741 3717 814 3780 ὡς
841 3719 870 3769 ὁ
899 3716 1184 3780 λιϐανωτὸς
1216 3718 1307 3769 καὶ
1335 3719 1368 3786 ἡ
1403 3718 1653 3787 μαστίχη.
1683 3715 1873 3772 Varias

328 3815 608 3862 auctorum
655 3808 950 3862 sententias
997 3807 1064 3861 de
1115 3809 1376 3873 succino,
1429 3818 1482 3862 et
1523 3811 1641 3878 ejus
1668 3809 1874 3879 origine

325 3899 542 3971 collegit
587 3899 823 3965 Plinius,
867 3898 962 3955 lib.
1013 3914 1220 3962 xxxv",
1274 3914 1392 3968 cap.
1443 3899 1478 3953 2
1531 3908 1584 3955 et
1635 3901 1689 3964 5,
1737 3917 1873 3970 quas

325 3989 414 4044 hic
441 4004 720 4043 recensere
746 3988 986 4058 ineptum
1029 4002 1149 4042 esse
1185 3987 1335 4043 duxi.
1372 3987 1428 4043 Si
1449 3991 1573 4060 quis
1600 3990 1874 4045 eruditio-

328 4098 451 4136 nem
485 4084 622 4135 tanti
669 4083 770 4137 viri
800 4092 852 4136 et
903 4081 1160 4136 admirari
1189 4090 1243 4138 et
1286 4085 1533 4138 venerari
1577 4084 1868 4152 desiderat,

329 4174 484 4228 adeat
525 4176 698 4230 locum
733 4176 928 4230 mirum
971 4191 1124 4234 sane.
1154 4183 1206 4230 et
1232 4176 1540 4230 omnimoda
1588 4177 1872 4246 prudentia

328 4266 681 4337 doctrinaque
735 4266 1174 4323 refertissimum.
1224 4265 1334 4321 Nos
1388 4266 1582 4322 miselli
1633 4266 1760 4320 item
1817 4275 1871 4321 et

327 4372 591 4428 pauperes
620 4359 686 4413 ad
730 4360 880 4412 illum
917 4358 1050 4429 quid
1082 4357 1389 4412 addemus?
1412 4358 1737 4413 Aristoteles
1774 4356 1868 4411 lib.

331 4447 406 4503 De
445 4449 770 4505 mirabilibus
814 4451 1189 4507 auscultation.
1235 4451 1300 4505 ad
1352 4449 1540 4504 ﬁctitia
1589 4459 1868 4520 poetarum

2036 979 2193 1045 lbid.,
2235 981 2331 1034 lin.
2369 980 2454 1036 l9.
2491 981 2668 1035 Τοῦτο
2698 981 2763 1034 τὸ
2794 980 3047 1046 ἡλιακὸν
3071 979 3214 1048 φῶς.
3255 979 3509 1046 Quaenam

1967 1071 2129 1127 fuerit
2163 1073 2253 1126 lux
2286 1073 2377 1125 illa
2418 1073 2590 1143 prima
2647 1073 2839 1141 priscis
2890 1074 2996 1124 illis
3038 1073 3370 1140 temporibus
3408 1087 3505 1125 nec

1965 1179 2070 1217 non
2100 1163 2249 1218 hisce
2275 1164 2477 1217 nostris
2507 1170 2922 1216 controversum
2952 1162 3129 1217 adhuc
3161 1169 3278 1217 est:
3311 1162 3378 1216 de
3398 1176 3502 1231 qua

1965 1255 2084 1309 fuse
2114 1263 2168 1309 et
2214 1256 2492 1309 enucleate
2521 1254 2679 1307 multi
2723 1254 3088 1323 disputarunt.
3140 1253 3506 1310 Damascenus

1967 1347 2065 1401 lib.
2098 1363 2160 1413 ιι,
2200 1345 2324 1400 Fid.
2359 1346 2587 1414 orthod.,
2621 1362 2671 1401 c.
2711 1347 2760 1410 7,
2799 1346 3090 1412 existimat,
3139 1348 3311 1401 lucem
3362 1348 3507 1402 illam

1966 1437 2136 1493 fuisse
2157 1438 2480 1491 elementum
2525 1438 2682 1507 ignis.
2715 1437 3034 1490 Ambrosius
3070 1436 3392 1493 Catharinus
3438 1441 3510 1493 ait

1965 1529 2138 1582 lucem
2173 1529 2317 1581 illam
2349 1527 2514 1582 fuisse
2545 1528 2716 1582 lucem
2765 1527 2896 1581 solis
2927 1529 3240 1596 perfectam,
3268 1545 3419 1599 atque
3448 1545 3514 1584 ac

1965 1631 2110 1671 nunc
2136 1623 2250 1683 est;
2285 1617 2445 1685 cujus
2477 1616 2828 1685 perfectionis
2859 1631 2910 1670 et
2951 1613 3371 1686 pulchritudinis
3399 1637 3513 1674 ma-

1964 1725 2126 1780 gnum
2160 1726 2280 1765 esse
2304 1717 2702 1780 argumentum,
2731 1711 2874 1779 quod
2905 1726 2966 1764 ea
2997 1710 3136 1766 Deus
3167 1713 3281 1782 ipse
3299 1729 3400 1768 suo
3426 1714 3515 1782 ju-

1967 1801 2112 1854 dicio
2142 1801 2533 1871 comprobavit.
2563 1799 2705 1854 Beda
2754 1801 2806 1853 in
2833 1799 3110 1866 llexaem.,
3139 1801 3392 1858 Nicolaus
3439 1804 3515 1860 De

1975 1892 2113 1962 lyra,
2143 1890 2436 1954 Tostatus,
2470 1898 2522 1945 et
2581 1891 2671 1944 alii
2721 1891 3053 1945 arbitrantur
3099 1894 3325 1963 primam
3369 1895 3515 1949 illam

1973 1984 2147 2037 lucem
2197 1998 2302 2036 non
2337 1981 2506 2036 fuisse
2537 1983 2726 2044 solem,
2764 1983 2856 2038 sed
2889 1997 3088 2053 corpus
3131 1986 3400 2054 quoddam
3434 1987 3516 2041 lu-

1970 2072 2148 2125 cidum
2197 2070 2264 2124 ad
2321 2072 2726 2127 similitudinem
2760 2071 2940 2127 densa:
2985 2075 3322 2146 lucentisque
3355 2078 3516 2134 nubis

1972 2164 2028 2218 in
2068 2163 2335 2233 superiori
2364 2171 2516 2232 parte
2545 2165 2732 2219 mundi
2773 2166 3046 2229 videlicet,
3079 2169 3135 2222 in
3180 2185 3286 2238 qua
3331 2182 3516 2240 postea

1973 2257 2055 2312 sol
2083 2263 2165 2309 est
2194 2254 2425 2322 positus,
2457 2257 2598 2326 quod
2617 2257 2763 2310 circa
2795 2258 3099 2313 densiorem
3128 2261 3364 2315 materiae
3387 2277 3515 2331 par-

1973 2356 2101 2412 tem,
2129 2362 2248 2416 quae
2271 2346 2504 2401 medium
2535 2349 2717 2403 mundi
2739 2350 2915 2404 locum
2950 2352 3514 2421 circumplectebatur,

1971 2438 2028 2491 in
2062 2436 2246 2489 orbem
2281 2450 2629 2504 conversum,
2661 2439 2869 2492 dierum
2922 2448 2976 2494 et
3007 2441 3248 2494 noctium
3301 2442 3516 2498 vicissi-

1972 2527 2189 2581 tudines
2221 2524 2505 2588 elliciebat,
2535 2536 2588 2582 et
2615 2544 2677 2582 ex
2709 2530 2800 2582 illo
2833 2529 3011 2584 lucido
3046 2546 3272 2600 corpore
3305 2541 3515 2603 postea,

1970 2630 2163 2689 quarto
2194 2616 2281 2672 die
2313 2617 2577 2672 formatus
2613 2628 2695 2673 cst
2735 2620 2814 2673 sol
2842 2620 3120 2688 amplioris
3180 2622 3520 2691 praestantio-

1972 2710 2158 2779 risque
2179 2709 2317 2764 lucis
2340 2709 2641 2764 additione.
2662 2708 2952 2782 Dionysius
2970 2713 3292 2784 Areopagita
3317 2721 3454 2784 part.
3477 2731 3517 2780 ι,

1972 2816 2092 2872 cap.
2121 2802 2175 2866 4,
2207 2801 2281 2856 De
2309 2802 2470 2859 divin.
2497 2805 2722 2867 nomin.,
2756 2820 2914 2873 quem
2949 2815 3250 2876 sequuntur
3279 2806 3340 2861 D.
3374 2808 3520 2863 Tho-

1971 2909 2088 2949 mas
2133 2894 2304 2964 prima
2337 2903 2489 2965 parte
2525 2903 2719 2966 quarst.
2755 2896 2846 2958 67,
2885 2905 2988 2952 art.
3028 2897 3083 2960 4,
3116 2905 3168 2951 et
3199 2907 3390 2969 quaest.
3431 2899 3516 2965 70,

1973 2995 2076 3042 art.
2109 2987 2134 3039 1
2159 3005 2173 3053 ;
2201 2985 2490 3058 Dionysius
2521 2988 2920 3042 Carthusianus
2941 3003 3104 3058 super
3127 2990 3359 3059 primum
3393 3004 3518 3060 cap.

1971 3077 2166 3133 Genes.
2219 3085 2324 3134 art.
2368 3079 2434 3146 9;
2469 3077 2722 3133 Pererius
2774 3088 2827 3134 et
2881 3080 2972 3134 alii
3021 3081 3352 3148 existimant,
3408 3096 3519 3138 non

1972 3171 2130 3225 aliam
2161 3171 2346 3234 fuisse,
2375 3187 2536 3241 quam
2588 3172 2759 3226 lucem
2786 3173 2938 3237 solis,
2969 3173 3061 3227 sed
3103 3174 3275 3243 primo
3301 3174 3519 3244 quidem

1972 3259 2059 3313 die
2085 3259 2247 3313 veluti
2295 3258 2603 3324 informem,
2638 3269 2691 3314 et
2732 3261 3099 3330 imperfectam
3136 3277 3255 3318 esse
3288 3263 3517 3330 factam,

1971 3359 2167 3422 quarto
2190 3359 2366 3405 autem
2385 3352 2471 3406 die
2489 3351 2654 3407 fuisse
2669 3355 2968 3407 absolutam
2992 3362 3043 3407 et
3065 3365 3518 3410 consummatam.

1971 3444 2110 3497 Αὐτὸ
2139 3443 2245 3515 γάρ
2274 3446 2388 3497 ἐστι
2416 3444 2478 3497 τδ
2502 3445 2634 3514 φῶς,
2662 3447 2709 3498 ει
2742 3445 2833 3500 καὶ
2859 3445 2977 3498 τότε
3005 3446 3403 3516 ἀσχημάτιστον
3429 3442 3516 3516 ἧν,

1971 3537 2105 3608 ὅπερ
2137 3538 2165 3589 ὁ
2198 3536 2337 3600 θεῖος
2388 3537 2492 3606 ἔφη
2536 3537 2757 3605 Μωσῆς,
2807 3538 2900 3590 καὶ
2943 3537 3108 3608 αὐτὴν
3159 3537 3370 3608 ἐκείνην
3423 3539 3518 3611 τὴν

1972 3627 2190 3700 πρώτην
2226 3629 2401 3700 ὁρίσαι
2434 3629 2542 3682 τῶν
2581 3629 2699 3682 καθ’
2738 3630 2881 3699 ἡμᾶς
2913 3629 3129 3700 ἡμερῶν
3167 3630 3375 3701 τριάδα.
3413 3631 3519 3684 Καὶ

1971 3721 2176 3792 ὥσπερ,
2209 3729 2314 3776 etc.
2345 3719 2539 3776 Noster
2561 3729 2769 3786 auctor,
2792 3730 2846 3775 et
2877 3721 3108 3776 Basilius
3130 3737 3250 3776 cum
3281 3737 3346 3776 eo
3371 3722 3516 3776 hom.

1973 3813 2026 3880 6,
2063 3814 2221 3883 cujus
2251 3813 2414 3868 verba
2449 3814 2535 3868 hic
2557 3814 2848 3877 ascribam.
2882 3829 2948 3868 ne
2978 3813 3164 3869 eadem
3196 3815 3395 3886 saepius
3427 3830 3514 3870 co-

1972 3920 2068 3975 gar
2097 3904 2538 3974 repetere,tradit
2565 3908 2790 3976 primam
2814 3907 2951 3961 hanc
2977 3907 3146 3962 lucem
3175 3906 3342 3962 fuisse
3368 3923 3518 3963 crea-

1972 4003 2080 4048 tam
2133 4011 2228 4065 per
2277 4011 2354 4059 se,
2409 4005 2463 4050 et
2496 3997 2927 4062 immaterialem,
2961 4005 3156 4068 quarto
3203 4005 3383 4051 autem
3430 3997 3518 4052 dic

1973 4079 2174 4134 factum
2206 4095 2326 4135 esse
2355 4096 2553 4151 corpus
2577 4082 2734 4144 solis,
2771 4091 3027 4150 tauquam
3063 4082 3182 4150 ejus
3213 4081 3517 4134 vehiculum

1971 4170 2058 4224 cui
2091 4171 2253 4226 insita
2291 4179 2344 4225 et
2376 4171 2641 4241 impressa
2695 4181 2798 4228 est.
2831 4174 2963 4226 Τότε
2997 4173 3094 4244 μὲν
3124 4172 3230 4244 γὰρ
3260 4172 3396 4243 αὐτὴ
3424 4172 3517 4226 τοῦ

1971 4262 2144 4331 φωτὸς
2164 4264 2196 4333 ή
2216 4262 2373 4332 φύσις
2399 4264 2672 4336 παρήχθη,
2699 4265 2790 4319 νῦν
2811 4266 2866 4318 δὲ
2889 4265 3177 4337 τὸήλιακὸν
3189 4265 3343 4318 τοῦτο
3365 4265 3520 4336 σῶμα

1970 4356 2152 4428 ὄχημα
2175 4353 2310 4410 εἶναι
2339 4356 2414 4427 τῷ
2442 4357 2762 4429 πρωτογόνῳ
2789 4357 2980 4428 ἐκείνῳ
3017 4358 3152 4426 φωτὶ
3190 4355 3513 4430 παρεσκεύασ

1972 4465 2110 4501 σται.
2144 4449 2230 4512 Ὦς
2257 4447 2364 4520 γὰρ
2383 4448 2507 4503 ἄλλο
2528 4448 2587 4501 τὸ
2617 4448 2723 4520 πῦρ
2758 4449 2852 4503 καὶ
2879 4449 3004 4503 ἄλλο
3029 4450 3056 4502 ὁ
3089 4448 3294 4519 λύχνος,
3324 4448 3384 4502 τὸ
3422 4448 3522 4520 μὲν

327 4551 630 4598 commenta
662 4543 878 4613 refugit.
908 4542 1283 4614 Dalecampius
1315 4544 1474 4598 aliam
1520 4543 1730 4598 succini
1761 4542 1844 4598 ori

1973 4540 2067 4611 τὴν
2093 4540 2183 4594 τοῦ
2204 4539 2453 4610 φωτίζειν
2469 4539 2694 4610 δύναμιν
2721 4539 2860 4610 ἔχον,
2887 4541 2945 4594 τὸ
2968 4540 3025 4594 δὲ
3039 4541 3394 4611 παραφαινειν
3411 4542 3524 4604 τοῖς

327 4636 503 4705 ginem
535 4643 724 4689 contra
759 4633 989 4689 Plinium
1015 4636 1088 4688 ita
1119 4642 1305 4689 narrat
1341 4655 1353 4689 :
1395 4633 1460 4688 In
1487 4635 1712 4704 regione,
1758 4651 1873 4705 qua:

326 4728 590 4782 succinum
634 4727 812 4791 mittit,
861 4727 1149 4796 resinifera:
1193 4727 1352 4781 nulla!
1381 4736 1502 4782 sunt
1533 4727 1764 4782 arbores.
1803 4728 1873 4780 At

329 4823 381 4875 in
419 4821 898 4891 septentrionalium
948 4821 1183 4874 littorum
1223 4831 1394 4874 tractu
1433 4820 1698 4876 bituminis
1740 4831 1874 4875 certe

328 4931 485 4984 genus
533 4916 726 4984 ﬂavum
768 4923 843 4968 est
889 4924 945 4967 ut
972 4916 1174 4985 nigrum
1207 4913 1346 4982 apud
1394 4931 1486 4968 nos
1525 4915 1581 4967 in
1631 4915 1869 4979 Avernis,

327 5003 536 5074 eiusque
566 5007 795 5073 naphtha
821 5006 978 5074 ﬂava,
1007 5006 1211 5076 qualem
1244 5023 1270 5060 e
1301 5004 1596 5060 Saxonibus
1626 5007 1872 5075 aﬂ'erunt,

329 5105 376 5148 et
420 5095 702 5165 petroleum
752 5105 956 5158 vocant,
1001 5107 1057 5148 ut
1093 5097 1230 5164 apud
1271 5113 1362 5150 nos
1395 5109 1532 5150 atra.
1576 5096 1708 5150 Cum
1755 5114 1873 5167 ergo

328 5191 468 5259 fonte
497 5207 590 5244 suo
618 5191 838 5244 scaturit
882 5189 1107 5244 bitumen
1144 5189 1198 5243 id
1227 5190 1381 5244 molle
1414 5189 1601 5255 adhuc,
1632 5200 1681 5245 et
1722 5193 1882 5262 liqui-

328 5281 474 5344 dum,
511 5281 657 5334 obvia
704 5297 916 5350 qua'que
973 5281 1325 5350 amplectit-ur,
1372 5283 1578 5348 retinet,
1624 5283 1875 5340 includit.

331 5374 525 5429 Fluctu
566 5392 682 5429 vero
730 5374 986 5428 lambente
1029 5375 1083 5428 in
1123 5375 1288 5428 altum
1337 5375 1666 5444 prouolutum
1706 5378 1873 5448 magis

330 5469 598 5536 vertigine,
633 5477 681 5520 et
711 5467 992 5538 salsugine,
1027 5471 1367 5539 temporisque
1391 5469 1741 5525 diuturnitate
1769 5470 1871 5524 du-

329 5561 504 5619 rescit,
536 5568 592 5613 ut
631 5559 768 5627 apud
811 5576 901 5612 nos
931 5559 1356 5626 pissasphaltum,
1390 5569 1440 5614 et
1458 5560 1576 5629 jam
1619 5570 1728 5614 tum
1755 5580 1872 5617 suc-

329 5650 502 5703 cinum
537 5660 634 5713 est,
671 5651 842 5719 sicque
881 5660 1176 5703 concretum
1212 5650 1266 5703 in
1306 5651 1476 5705 littore
1506 5651 1618 5720 ejus
1657 5655 1876 5707 scaturi-

330 5743 439 5811 gini
479 5744 714 5812 opposito
757 5742 987 5795 adversis
1031 5742 1190 5796 ventis
1231 5742 1459 5811 eji‘citur.
1493 5742 1732 5815 Gagatis,
1785 5748 1874 5815 qui

333 5837 514 5901 procul
543 5835 697 5889 dubio
733 5835 954 5891 bitumen
985 5844 1058 5891 est
1094 5836 1144 5890 in
1191 5835 1468 5892 visceribus
1498 5846 1650 5892 terra:
1695 5837 1873 5892 multis

1972 4632 2242 4702 δεομένοις
2290 4631 2668 4702 πεποιημένον·
2709 4630 2849 4686 οὕτω
2897 4633 2990 4685 καὶ
3030 4631 3107 4700 τῷ
3155 4631 3526 4703 καθαρωτάτῳ

1976 4724 2167 4795 ἐκείνῳ
2210 4724 2303 4777 καὶ
2337 4723 2632 4795 εἰλικρινεῖ,
2660 4723 2753 4777 καὶ
2797 4723 2943 4792 ἀΰλῳ
2988 4725 3146 4792 φωτὶ,
3197 4723 3376 4794 ὄχημα
3426 4723 3526 4777 νῦν

1973 4818 2019 4870 οἱ
2049 4817 2332 4890 φωστῆρες
2357 4815 2882 4886 κατεσκευάσθησαν.
2915 4815 3057 4870 Idem
3089 4815 3296 4870 videtur
3321 4817 3526 4871 sentire

1975 4909 2270 4980 Gregorius
2314 4909 2712 4974 Nazianzenus,
2752 4914 2806 4962 et
2857 4908 2969 4969 alii,
3015 4924 3152 4978 quos
3199 4923 3364 4979 supra
3405 4909 3520 4962 lau-

1973 5001 2242 5056 davimus.
2286 4999 2436 5056 Hanc
2465 5002 2708 5056 ultimam
2745 5002 3087 5064 sententiam,
3131 5000 3378 5071 quamvis
3420 5001 3521 5054 mi-

1975 5110 2092 5149 ram
2117 5110 2147 5149 a
2180 5095 2502 5166 quibusdam
2534 5093 2920 5156 existimatam,
2947 5101 3000 5149 et
3032 5109 3228 5148 novum
3260 5094 3514 5148 inducen-

1974 5197 2080 5244 tem
2110 5187 2432 5241 miraculum
2453 5185 2597 5256 quod
2620 5186 2841 5240 minime
2867 5185 3252 5241 admittendum
3269 5186 3324 5239 in
3352 5186 3519 5238 histo-

1972 5281 2053 5334 ria
2085 5279 2377 5335 creationis
2401 5318 2416 5344 ,
2449 5286 2510 5333 ut
2538 5279 2724 5334 multis
2771 5280 3004 5343 videtur,
3039 5280 3096 5334 in
3143 5295 3239 5334 sua
3271 5278 3520 5333 doctrina

1975 5374 2049 5428 ita
2103 5371 2416 5427 defenderet
2468 5369 2817 5440 Palingenius
2877 5387 2943 5426 ex
2992 5371 3076 5426 sui
3123 5369 3340 5424 Zodiaci
3385 5369 3517 5424 Vita:

1974 5465 2098 5520 libr.
2127 5479 2224 5530 xu,
2246 5463 2320 5517 ait
2339 5462 2482 5516 enim
2519 5460 2683 5517 Deum
2716 5479 2812 5518 sua
2851 5463 3236 5532 omnipotentia
3257 5476 3320 5515 ac
3343 5461 3519 5515 scien-

1974 5561 2048 5613 tia
2076 5567 2226 5614 extra
2265 5557 2459 5612 caelum
2491 5556 2645 5626 plura
2682 5564 2736 5611 et
2767 5556 2973 5626 majora
3004 5569 3238 5617 creasse,
3274 5553 3524 5623 quinimo

1973 5668 2094 5707 cum
2133 5653 2367 5723 potuerit

2269 5795 2340 5806 —-
2365 5763 2558 5818 Facere
2589 5763 2818 5831 inﬁnita,
2847 5755 3134 5831 putandum
3164 5766 3241 5831 est

2081 5835 2290 5892 Fecisse
2320 5837 2526 5904 inﬁnita
2557 5827 2856 5903 omnemque
2881 5827 3112 5897 explesse
3134 5828 3382 5898 uigorem,

3530 5799 3542 5824 Ι
