4064 6290
618 293 732 350 859

1983 287 2163 346 ιΕοΝ
2170 287 2247 343 15-
2268 289 2561 344 ABLATW.

3753 283 3865 341 880

736 408 851 463 Nec
872 424 1102 464 servasse
1136 408 1188 460 in
1215 425 1269 461 se
1300 407 1622 470 t°anum,.vel
1667 405 1851 461 inutile
1887 407 2191 477 quidquam.
2224 410 2269 463 Α
2297 405 2443 459 bteus
2461 405 2514 458 in
2544 402 2753 475 Eclogis
2770 402 3018 473 physicis,
3049 400 3297 456 Julianus
3324 399 3584 470 Apostata
3607 439 3622 465 ,
3652 404 3891 472 hymnox

697 520 814 575 Hoc
847 527 1023 575 autem
1050 519 1317 574 infinitum
1339 535 1463 576 esse

659 633 885 703 Puram,
929 633 1265 695 immensam,
1299 642 1348 688 et
1402 636 1766 703 sine-corpore
1798 636 1982 697 lucem,

728 700 942 776 Lucem,
971 719 1075 774 qua
1099 706 1266 758 nostri
1299 704 1606 776 solis.longe
1630 700 1800 759 minor
1827 716 1903 761 est
1934 708 2071 766 luxg.

724 771 944 846 Lucem,
979 771 1139 845 quam
1188 776 1378 828 terreni
1409 771 1565 829 oculi'
1585 793 1686 831 non
1726 792 1933 831 cernere
1956 783 2185 846 nossent,

722 843 943 908 Lucem,
971 843 1130 914 quam
1164 861 1230 898 ea:
1258 862 1367 900 sese
1395 847 1614 915 e/fundit
1664 846 1802 901 Deus
1833 843 2116 917 infinitam.

691 954 761 1010 Et
794 957 942 1010 illam
984 956 1161 1013 lucem
1194 974 1317 1014 esse
1365 960 1483 1014 sine
1524 958 1943 1029 corpore‘quod
1962 959 2188 1015 minime

615 1046 839 1101 videtur
871 1047 1287 1114 inconveniens,
1312 1064 1437 1104 cum
1461 1050 1554 1105 lux
1571 1065 1686 1104 non
1718 1049 2000 1120 proveniat
2021 1065 2052 1103 a
2074 1064 2187 1103 ma-

617 1139 778 1206 teria,
806 1140 899 1196 sed
931 1156 961 1194 a
990 1139 1162 1195 forma
1185 1183 1200 1208 ,

864 1263 933 1275 —
956 1231 1040 1285 Ea:
1062 1250 1167 1303 qua
1198 1233 1271 1288 vis
1290 1242 1355 1286 «et
1380 1232 1538 1306 decor
1575 1235 1732 1306 eﬂluit
1753 1235 1940 1289 omnis.

691 1322 823 1389 Quae
855 1340 977 1380 cum
1012 1325 1385 1380 concedantur
1430 1325 1619 1380 formis
1667 1327 1976 1395 corporeis,
2012 1325 2215 1382 multa».

614 1414 795 1485 magis
826 1415 1231 1470 concedendum
1254 1425 1336 1471 est
1364 1415 1553 1472 formis
1585 1417 1943 1486 incorporeis.

728 1506 1037 1560 Pra’sertim
1060 1523 1175 1561 cum
1206 1508 1310 1560 sint
1350 1522 1496 1574 pura:
1524 1508 1713 1576 magis,
1753 1515 1802 1561 et
1833 1516 2027 1566 tenues.
2062 1518 2112 1561 et

728 1576 1022 1648 Rarticipes
1053 1580 1216 1648 multo
1251 1577 1459 1630 uberius
1499 1578 1802 1647 pulchrique
1836 1576 2073 1648 bonique.
2102 1622 2108 1627 .

732 1645 850 1717 imo
870 1648 1005 1700 inter
1027 1647 1175 1700 divos
1207 1664 1306 1717 quo
1335 1649 1550 1717 quisque
1580 1645 1841 1714 potentior
1868 1645 1978 1713 est,
1993 1660 2040 1702 et

726 1716 945 1803 [gignier
972 1717 1066 1803 Itoc
1103 1716 1262 1803 etiam
1276 1716 1474 1803 majori
1502 1719 1695 1803 lumine
1718 1719 1898 1799 fulget.
1939 1799 1949 1803 Δ
2045 1790 2058 1803 ¹
2212 1750 2256 1803 Β

737 1785 904 1857 υῑᾳαο
927 1788 1060 1841 inter
1086 1789 1265 1841 stellas
1300 1790 1464 1841 multo
1499 1785 1845 1842 nitidissimus
1873 1799 1955 1844 est
1977 1790 2085 1856 sol,

733 1856 823 1911 Sic
844 1860 979 1912 inter
1011 1860 1157 1911 divos
1192 1859 1323 1912 lucet
1358 1874 1448 1912 rea:
1480 1858 1569 1912 ille
1597 1858 1830 1912 deorum.

729 1925 853 1982 Non
892 1938 1064 1982 tamen
1097 1929 1340 1982 obscurat
1372 1930 1616 1999 reliquos.
1639 1931 1763 2000 quin
1802 1931 2005 2000 perﬁcit
2035 1929 2199 1985 illos..

622 2017 731 2073 Nec
752 2020 1049 2090 requiritur
1076 2036 1188 2086 aer,
1217 2022 1271 2077 in
1297 2037 1405 2093 quo
1436 2031 1690 2093 tanquam
1728 2023 1783 2076 in
1819 2023 2066 2094 subjecto
2093 2024 2177 2077 lu-

614 2128 737 2167 men
776 2113 910 2168 illud
949 2114 1231 2180 inhaereat,
1270 2132 1395 2171 cum
1447 2132 1541 2172 aer
1580 2117 1802 2172 minime
1831 2119 1901 2174 sit
1954 2119 2199 2175 luminis

616 2202 941 2274 subjectum.
983 2221 1158 2276 neque
1191 2207 1372 2261 lumen
1405 2207 1478 2263 sit
1504 2208 1559 2261 in
1581 2222 1705 2263 aere
1736 2202 1748 2261 ἐ
1783 2206 1897 2261 lmo
1928 2224 2019 2262 aer
2047 2226 2174 2262 con-

618 2306 701 2349 tra
730 2306 806 2350 est
847 2298 901 2350 in
933 2297 1145 2362 lumine,
1183 2299 1380 2371 et‘lux,
1416 2309 1559 2353 stare
1600 2308 1770 2369 potest
1803 2300 1995 2371 absque
2033 2302 2189 2354 aeris

614 2389 744 2443 visu.
765 2387 878 2443 Lux
900 2406 1025 2444 vero
1052 2401 1282 2458 quae-est
1311 2391 1364 2444 in
1398 2391 1626 2453 sole,est
1646 2392 1907 2462 particula
1939 2393 2075 2448 lucis
2097 2394 2174 2449 di-

615 2481 771 2544 vinat,
806 2479 1037 2553 ideoque
1068 2483 1121 2536 in
1155 2484 1271 2538 sole
1294 2483 1534 2547 nitescit,
1555 2486 1802 2554 quamvis
1841 2486 1896 2540 in
1931 2484 2040 2541 Deo
2062 2501 2191 2540 nona

610 2571 1103 2641 comprehendatur
1134 2582 1353 2645 propter
1389 2576 1687 2630 materiam
1718 2576 1863 2632 illius
1884 2619 1898 2644 ,
1928 2593 2046 2647 qua:
2088 2587 2191 2633 est.

612 2661 720 2716 luci
757 2662 1057 2733 aptissima.

682 2753 791 2827 illa
816 2758 972 2810 etiam
1001 2756 1094 2811 lux
1125 2758 1304 2812 divina
1333 2767 1409 2813 est
1441 2761 1690 2827 impressa
1722 2761 1948 2814 aliorum

679 2824 930 2901 inarum
964 2828 1170 2901 formis,
1204 2832 1438 2898 quamvis
1475 2824 1579 2901 non
1611 2831 1849 2885 omnibus
1881 2848 2058 2901 alque,

685 2893 754 2968 [έί
785 2914 886 2951 non
915 2893 1083 2953 stellw
1115 2893 1290 2953 omnes
1320 2900 1513 2968 wquali
1541 2901 1732 2956 tantine
1761 2893 1952 2959 lucent;

682 2965 789 3040 ﬁed
821 2969 989 3038 magis
1014 2965 1486 3040 unaralia,quanto
1511 2970 1629 3024 huic.
1648 2972 1923 3040 perfectior
1950 2971 2044 3024 illa
2063 2981 2161 3025 cst.
2187 3021 2190 3024 .

682 3034 732 3116 ρ
733 3046 848 3106 tque
873 3034 976 3091 una
1005 3034 1386 3116 candelaialias
1413 3034 1691 3116 accendere
1726 3034 1921 3116 plures,

680 3105 792 3159 Nec
825 3118 997 3162 tamen
1030 3114 1145 3175 ipsa
1175 3127 1327 3163 suum
1356 3113 1578 3172 amittit,
1618 3105 1866 3166 miu'uitve
1897 3114 2118 3165 nitorem
2144 3108 2241 3175 λϐ

679 3176 840 3253 θανά
867 3196 1014 3234 secus
1042 3181 1137 3253 illa
1168 3183 1263 3234 Dei
1293 3181 1385 3233 lux
1410 3183 1695 3247 inviolata,
1725 3182 1955 3253 nihilque

677 3247 988 3303 Decrescens
1019 3250 1153 3304 alios
1181 3253 1409 3321 impertit
1440 3253 1631 3307 lumine
1656 3254 1822 3306 divos.

606 3336 956 3409 Palingenius
981 3340 1165 3411 itaque
1192 3345 1657 3414 oppugnatoribus
1685 3344 1847 3415 hujus
1882 3344 2164 3400 sententiae
2190 3371 2194 3378 ν

609 3432 682 3486 ita
709 3433 1058 3504 responderet
1089 3453 1101 3489 :
1129 3433 1327 3491 Lucem
1360 3436 1508 3491 illam
1539 3438 1613 3491 ita
1638 3446 1873 3493 creatam
1910 3438 2029 3493 sine
2055 3437 2163 3491 ulla

607 3526 831 3580 materia
862 3528 1106 3597 potuisse
1127 3544 1223 3598 per
1255 3545 1316 3584 se
1337 3530 1640 3601 subsistere
1672 3532 1789 3585 sine
1818 3546 1963 3596 acre,
1999 3531 2052 3584 in
2078 3545 2164 3587 se-

605 3616 834 3686 metipsa
867 3619 1032 3672 veluti
1057 3618 1110 3672 in
1148 3621 1365 3689 propria
1399 3620 1596 3684 forma,
1627 3637 1748 3691 qwe
1775 3631 1890 3677 erat
1920 3621 1988 3675 ab
2014 3623 2162 3675 omni

600 3723 832 3780 corpore
861 3718 914 3765 et
952 3714 1181 3767 materia
1225 3724 1496 3783 separata,
1527 3723 1580 3769 et
1603 3715 1687 3769 sic
1730 3714 1936 3768 nullum
1962 3730 2159 3767 novum

604 3801 880 3857 inducitur
909 3804 1255 3873 miraculum;
1278 3805 1368 3858 illa
1394 3815 1583 3876 postea
1623 3807 1714 3860 lux
1736 3813 1930 3876 quarto
1953 3806 2040 3860 die
2062 3806 2161 3860 fuit

603 3894 705 3948 soli
735 3897 1158 3957 communicata,
1202 3914 1311 3952 non
1338 3916 1432 3969 per
1451 3898 2158 3954 mutationemsubstantia-

602 3985 730 4051 lem,
759 3987 851 4040 sed
883 4002 977 4057 per
999 3989 1269 4045 diversam
1314 3993 1756 4061 applicationem,
1803 3991 2158 4062 quemadmo-

600 4074 729 4129 dum
783 4076 958 4132 lumen
1011 4078 1253 4136 divinum
1307 4084 1743 4139 communicatur
1798 4084 1996 4149 beatis,
2050 4098 2157 4154 qua

594 4171 1094 4228 communicatione
1129 4173 1263 4245 fiunt
1305 4174 1582 4240 luminosi,
1619 4176 1779 4231 sicuti
1815 4177 1998 4231 multa:
2026 4190 2157 4229 can-

594 4258 731 4315 delae
761 4275 1002 4318 accensa:
1027 4279 1056 4317 a
1079 4266 1251 4334 prima
1280 4266 1524 4323 candela.
1560 4268 1663 4323 Sed
1686 4269 1753 4324 de
1775 4270 1877 4323 hac
1907 4269 2156 4339 Palinge-

598 4353 676 4407 nii
717 4357 985 4409 sententia
1031 4358 1263 4411 aliorum
1291 4367 1409 4414 esto
1435 4360 1736 4428 judicium;
1759 4362 2002 4431 quaedam
2031 4378 2153 4418 esse

2294 497 2350 550 in
2381 497 2580 561 Solem,
2602 505 2655 551 et
2684 494 2937 551 Proclus.‘

2359 586 2518 649 lbid.,
2551 587 2647 640 lin.
2673 586 2764 640 47.
2800 585 2867 639 Τὸ
2894 586 2948 638 δ’
2974 584 3121 639 αὐτύ
3150 582 3533 654 παράδειγμα.
3565 581 3681 639 Hoc
3712 585 3885 641 idem"

2288 677 2510 733 uberius
2542 679 2903 748 prosequitur
2928 676 3162 733 Basilius
3196 677 3344 731 hom.
3393 675 3447 730 6.
3476 675 3690 730 Lunam
3724 691 3854 731 vero

2286 768 2418 822 solis
2448 767 2658 838 fulgore
2691 769 2819 839 tegi,
2852 775 2905 823 et
2941 767 2995 822 in
3029 775 3201 823 totum
3224 776 3469 823 mutuata
3498 768 3566 822 ab
3621 783 3692 822 eo
3732 768 3854 824 luce

2288 856 2515 929 fulgere,
2563 848 2731 913 refert
2764 859 2972 913 Plinius
3017 858 3110 914 lib.
3149 873 3209 923 ιι,
3241 872 3362 928 cap.
3404 857 3459 918 9,
3490 857 3651 929 cujus
3684 860 3850 914 verba

2285 964 2408 1004 cum
2433 949 2498 1003 ad
2524 965 2636 1004 rem
2664 949 2978 1004 facianthic
3005 949 3297 1004 ascribam.
3321 949 3462 1004 Solis
3491 949 3850 1020 fulgor-ceam,

2285 1053 2346 1096 ut
2371 1042 2581 1106 reliqua.
2601 1043 2913 1114 sidera.tegi
2950 1059 2968 1097 :
3005 1044 3051 1097 si
3082 1044 3291 1113 quidem
3326 1044 3379 1097 in
3407 1052 3571 1098 totum
3601 1055 3852 1099 mutuata

2285 1132 2348 1187 ab
2393 1148 2453 1187 eo
2485 1133 2595 1187 luce
2637 1132 2855 1202 fulgere,
2882 1133 3090 1203 qualem
3119 1137 3175 1185 in
3203 1149 3506 1202 repercussu
3538 1150 3689 1204 aqua!
3714 1135 3854 1187 voli-

2284 1234 2397 1278 tare
2448 1227 2816 1295 conspicimus.
2879 1224 3009 1281 Ideo
3047 1225 3286 1280 molliore
3337 1237 3386 1280 et
3441 1227 3745 1296 imperfecta
3798 1228 3849 1280 ri

2281 1316 2498 1379 solvere,
2537 1325 2740 1370 tantum
2768 1317 3057 1381 humorem,
3094 1328 3247 1388 atque
3273 1319 3433 1371 etiam
3453 1334 3660 1387 augere,
3695 1334 3846 1388 quem

2280 1407 2408 1462 solis
2433 1406 2572 1461 radii
2604 1417 2900 1463 assumant.
2933 1406 3059 1462 Ideo
3081 1418 3127 1462 et
3152 1408 3402 1477 inrequali
3423 1406 3617 1462 lumine
3640 1410 3841 1476 aspici:

2279 1500 2402 1570 quin
2433 1515 2499 1553 ex
2522 1500 2739 1553 adverso
2770 1500 2977 1554 demum
2992 1501 3168 1570 plena,
3190 1499 3407 1570 reliquis
3426 1499 3611 1554 diebus
3635 1510 3843 1554 tantum

2277 1607 2341 1645 ex
2371 1608 2426 1645 se
2454 1593 2603 1646 terris
2636 1591 2897 1660 ostendat,
2924 1601 3177 1663 quantum
3196 1609 3260 1647 ea:
3286 1593 3392 1647 sole
3413 1594 3530 1664 ipsa
3560 1594 3837 1659 concipiat.
3860 1636 3875 1643 -

2280 1681 2348 1737 In
2376 1686 2517 1737 coitu
2553 1684 2758 1755 quidem
2791 1702 2894 1739 non
2918 1687 3083 1739 'cerni
3101 1691 3129 1739 ':
3150 1688 3417 1756 quoniam
3445 1687 3693 1740 haustum
3723 1703 3837 1740 om-

2279 1791 2394 1829 nem
2439 1774 2572 1830 lucis
2616 1793 2799 1831 aversa
2839 1776 2931 1830 illo
2989 1787 3187 1848 regeret
3222 1778 3363 1832 unde
3387 1781 3661 1849 acceperit.
3690 1778 3836 1849 Apu-

2283 1869 2422 1923 leius
2457 1868 2551 1922 lib.
2574 1868 2658 1922 De
2693 1868 3061 1925 Deo.Socratis
3096 1889 3113 1925 :
3147 1870 3299 1925 Luna
3324 1872 3454 1926 solis
3485 1872 3704 1936 tantula,
3735 1888 3828 1927 no-

2276 1961 2375 2014 ctis
2407 1960 2556 2023 deus,
2589 1978 2680 2015 seu
2709 1963 3058 2026 corniculata,
3081 1980 3172 2018 seu
3203 1963 3438 2027 dividua,
3462 1980 3553 2017 seu
3580 1967 3832 2034 protumi-

2275 2050 2365 2112 da,
2397 2068 2487 2105 seu
2517 2051 2671 2120 plena
2699 2053 2789 2117 sit,
2826 2054 2974 2108 varia
3003 2054 3200 2124 ignium
3230 2054 3364 2124 face,
3394 2063 3591 2125 quanto
3631 2053 3828 2123 longius

2275 2140 2413 2195 absit
2445 2159 2478 2195 a
2516 2142 2644 2205 sole,
2685 2154 2834 2197 tanto
2886 2143 3089 2214 largius
3134 2145 3442 2198 illuminata
3495 2160 3623 2213 pars
3669 2145 3827 2198 incre-

2273 2244 2443 2289 mento
2479 2237 2681 2290 itineris
2709 2247 2755 2290 et
2787 2237 2999 2291 luminis
3023 2255 3247 2293 mensem
3278 2240 3388 2293 suis
3418 2239 3623 2294 actibus
3656 2257 3716 2293 ac
3736 2255 3820 2308 ρο-
3856 2272 3863 2277 -

2272 2327 2417 2382 ribus
2447 2328 2734 2397 dispendiis
2760 2330 3008 2384 aestimat.
3036 2329 3101 2384 Et
3139 2331 3281 2385 hanc
3310 2332 3381 2386 ob
3409 2346 3635 2387 causam
3661 2331 3814 2386 Grai

2272 2431 2431 2490 pmtze
2473 2423 2607 2476 solis
2638 2422 2801 2476 filiam
2850 2431 3064 2487 vocant,
3103 2422 3392 2495 Euripides
3420 2426 3477 2480 in
3522 2424 3857 2490 Platenium-

2378 2511 2444 2568 Ὦ
2503 2513 2904 2583 λιπαροζώνου
2968 2516 3219 2585 θύγατερ

2384 2608 2610 2663 Ἠελίου
2629 2648 2644 2670 ,
2745 2615 2748 2619 ’

2371 2702 2665 2753 Σελαναία
2683 2741 2697 2763 ,
2743 2702 3197 2769 χρυσεόκυκλον
3222 2702 3469 2771 φέγγοςα

2372 2790 2637 2848 Hesiodus
2664 2808 2793 2847 vero
2823 2801 2876 2847 et
2900 2791 3158 2864 Virgilius
3190 2809 3435 2849 sororem
3461 2813 3476 2848 :

2337 2879 2451 2935 Nec
2478 2882 2664 2950 fratris
2689 2885 2856 2938 radiis
2880 2884 3106 2939 obnoxia
3132 2901 3344 2955 surgere
3359 2884 3506 2940 luna.

2268 2972 2483 3029 Thales
2516 2974 2653 3029 dixit
2685 2991 2803 3030 eam
2851 2992 2881 3031 a
2934 2978 3049 3032 sole
3100 2977 3373 3032 illustrari
3409 3018 3425 3043 ,
3466 2977 3611 3048 quod
3659 2978 3841 3034 etiam

2265 3063 2629 3138 Pythagoras,
2657 3065 3033 3136 Parmenides,
3059 3067 3440 3140 Empedocles,
3467 3067 3819 3141 Anaxagoras

2266 3165 2321 3212 et
2353 3156 2693 3214 MetrOdorus
2745 3169 3054 3215 senserunt.
3090 3161 3362 3217 Aviccnna
3413 3171 3464 3217 et
3508 3160 3815 3219 Macrobius

2266 3250 2449 3303 lunam
2476 3265 2506 3303 a
2534 3251 2649 3306 sole
2678 3252 2917 3306 mutuari
2953 3253 3133 3308 lumen
3157 3254 3375 3309 credunt
3403 3272 3417 3307 :
3445 3253 3649 3322 reliqua
3679 3268 3808 3307 verr

2265 3350 2413 3396 astra
2439 3341 2506 3396 de
2530 3358 2631 3397 suo
2657 3344 2949 3400 collucere.
2973 3345 3209 3417 Antipho
3233 3345 3444 3416 proprio
3467 3358 3583 3398 eam
3613 3343 3798 3399 lucere

2263 3430 2484 3498 lumine,
2509 3441 2690 3503 partes
2714 3443 2895 3490 autem
2927 3437 3047 3506 ejus
3070 3436 3400 3491 absconditas
3421 3449 3643 3490 accessu
3663 3433 3790 3488 sol-is

2261 3519 2566 3589 obscura'ri,
2602 3534 2862 3597 tanquam
2890 3528 3214 3583 imbecillius
3236 3542 3264 3580 a
3286 3526 3515 3589 fortiori,
3542 3524 3806 3596 quemad-

2263 3620 2483 3674 modum
2538 3627 2592 3674 et
2644 3621 2769 3675 aliis
2828 3620 3005 3676 stellis
3065 3617 3811 3690 contingit;Anasimander,

2262 3707 2626 3783 Xenophanes
2657 3714 2936 3783 proprium
2969 3713 3153 3767 lunam
3195 3712 3399 3765 habere
3440 3711 3624 3764 lumen
3664 3709 3813 3764 dixe-

2258 3812 2386 3859 runt
2411 3823 2441 3872 ;.
2474 3805 2797 3860 Aristoteles
2855 3805 3136 3876 pr0prium
3192 3803 3431 3873 quidem,
3471 3802 3565 3857 sed
3605 3801 3811 3867 rarius;

2261 3898 2432 3953 Stoici
2476 3898 2897 3967 subobscuram,
2930 3905 2982 3954 et
3014 3911 3271 3961 aereum;
3318 3893 3553 3950 Berosus
3596 3902 3813 3949 auctore

2257 3988 2564 4055 Cleomede,
2591 3998 2753 4062 atque
2772 3991 2935 4046 etiam
2954 3989 3201 4045 Vitruvio
3220 3990 3316 4044 lib.
3348 4005 3423 4052 ιχ,
3446 4004 3568 4059 cap.
3587 3988 3639 4051 4,
3658 4002 3811 4059 quem

2258 4080 2401 4145 vide,
2432 4083 2646 4152 putavit
2703 4083 2845 4137 luna:
2873 4097 3073 4152 corpus
3110 4081 3273 4152 pilam
3303 4094 3428 4135 esse
3456 4080 3627 4134 altera
3664 4086 3810 4147 parte

2256 4172 2608 4239 candentem,
2636 4173 2808 4227 altera
2841 4173 3126 4227 caeruleam
3155 4212 3169 4235 ,
3197 4170 3429 4240 ejusque
3464 4170 3807 4224 mutationem

2256 4262 2393 4329 fieri,
2431 4271 2593 4333 prout
2621 4263 2796 4333 magis
2839 4263 3089 4318 minusve
3115 4278 3144 4316 a
3170 4263 3285 4316 sole
3318 4261 3634 4331 corripitur.
3667 4260 3806 4315 Cau-

2256 4368 2346 4408 sas
2369 4353 2719 4408 diversitatis.
2740 4353 3183 4422 appar'entiarum
3230 4352 3285 4406 in
3321 4351 3451 4405 luna
3483 4351 3685 4420 optime
3715 4366 3806 4405 ex»

590 4462 717 4516 qua:
767 4454 821 4502 el
871 4456 1031 4503 caute
1070 4450 1193 4520 legi,
1223 4459 1278 4504 et
1309 4452 1602 4521 prudenter
1639 4454 1900 4523 explicari
1957 4454 2155 4513 debere
2185 4461 2227 4514 ι)
2258 4446 2409 4515 ponit
2433 4442 2669 4501 Iacobus
2698 4444 2993 4509 Milicbius,
3021 4452 3315 4499 comment.
3352 4443 3408 4497 in
3437 4445 3619 4498 locum
3654 4444 3804 4497 Plinii

511 4572 516 4595 ι
592 4554 812 4594 censeo.
840 4539 1038 4595 Verum
1072 4540 1201 4596 mihi
1229 4557 1443 4613 semper
1459 4545 1513 4598 in
1544 4544 1629 4599 his
1660 4545 1927 4610 rebus,in
1953 4547 2149 4615 quibus

593 4639 803 4685 natura:
829 4633 910 4687 vis
966 4640 1019 4689 et
1050 4633 1305 4699 facultas,
1330 4651 1511 4690 rerum
1543 4634 1859 4691 difﬁcultate
1891 4653 2148 4707 oppressa

589 4724 890 4793 decmnbit,
922 4735 976 4782 et
1004 4730 1202 4783 mentis
1230 4729 1482 4784 humana:
1523 4729 1703 4794 acies,
1743 4729 1994 4800 oculique
2024 4732 2149 4785 cali-

587 4822 740 4886 gant,
769 4832 866 4871 nec
907 4819 1012 4872 nisi
1071 4819 1251 4874 afﬂatu
1307 4819 1492 4875 divino
1537 4820 1851 4876 confirmari
1894 4830 2143 4891 possunt,

588 4917 901 4962 sanctorum
949 4907 1170 4964 Patrum
1219 4912 1491 4966 sententia
1525 4911 1740 4966 videtur
1791 4899 2143 4981 probabilior,

588 4999 915 5069 minimeque
947 5002 1199 5057 curiosus
1232 5003 1566 5059 intellectum
1620 5004 1857 5076 captivo,
1888 5003 1990 5060 etsi
2034 5019 2140 5059 non

586 5091 773 5147 eadem
806 5109 925 5163 qua:
947 5104 1001 5149 et
1030 5112 1154 5167 ego,
1182 5098 1476 5153 sentientes
1501 5098 1785 5153 invenero.

653 5185 767 5240 Col.
788 5186 846 5240 7i
861 5186 910 5253 7,
937 5187 1033 5241 lin.
1053 5189 1144 5243 25.
1175 5190 1283 5243 Καὶ
1307 5191 1385 5256 ὡς
1407 5190 1610 5259 ἕτερόν
1626 5209 1697 5245 τι.
1722 5189 1974 5252 Basilius,
1992 5189 2137 5244 hom.

578 5277 613 5326 6
641 5292 655 5328 :
684 5277 770 5342 Ὠς
798 5273 889 5330 οὖν
910 5278 1097 5349 ἕτερον
1122 5279 1219 5348 μέν
1240 5297 1291 5332 τι
1318 5283 1381 5349 τῇ
1414 5282 1570 5350 φύσει
1592 5283 1623 5352 ή
1649 5281 1929 5350 λευκότης,
1957 5281 2138 5351 ἕτερον

580 5368 635 5420 δέ
660 5386 710 5422 τι
738 5369 799 5423 τὸ
830 5369 1251 5440 λελευκασμένον
1277 5371 1448 5440 σῶμα·
1475 5371 1614 5425 οὕτω
1641 5373 1734 5425 καὶ
1763 5371 1833 5425 τὰ
1861 5371 1955 5424 νῦν
1986 5374 2137 5443 εἰρη-

583 5460 738 5527 μένα,
761 5462 993 5534 διάφορα
1016 5462 1141 5514 ὄντα
1162 5462 1362 5532 ἥνωται
1381 5466 1444 5533 τῇ
1472 5464 1695 5535 δυνάμει
1716 5464 1808 5518 τοῦ
1835 5466 2133 5527 κτίσαντος.

652 5548 806 5610 lbitl.,
836 5550 932 5603 lin.
967 5549 1055 5605 28.
1089 5551 1326 5602 Ἔπειτα
1360 5551 1462 5603 τὸν
1489 5552 1664 5620 ἣλιον
1692 5553 1759 5605 ἐκ
1791 5553 1895 5608 τοῦ
1927 5554 2131 5619 πυρός.

582 5635 655 5691 De
682 5641 812 5692 solis
852 5649 1067 5703 natura,
1107 5641 1501 5713 magnitudine,
1540 5643 1731 5713 ﬁgura,
1763 5646 2134 5700 conversioni-

583 5726 702 5780 bus.
739 5728 975 5796 defectu,
1004 5732 1196 5802 signis,
1229 5742 1281 5789 et
1317 5743 1487 5800 motu,
1514 5735 1634 5789 vide
1664 5751 1782 5805 qum
1816 5735 1979 5791 refert
2013 5735 2135 5793 Sto-

2252 4552 2281 4590 a
2328 4536 2485 4591 nobis
2522 4551 2685 4607 supra
2724 4537 2986 4606 positum.
3020 4534 3221 4590 Verum
3259 4550 3448 4589 eorum
3485 4535 3694 4605 Opinio,
3718 4534 3804 4605 qui

2250 4627 2433 4680 lunam
2464 4636 2517 4682 et
2540 4627 2819 4697 proprium
2860 4628 3042 4682 lumen
3084 4626 3304 4691 habere,
3335 4628 3576 4696 itemque
3620 4641 3650 4679 a
3697 4626 3804 4681 sole

2249 4725 2511 4790 mutuari,
2551 4740 2714 4794 quam
2747 4724 2908 4779 etiam
2959 4723 3207 4794 sequitur
3248 4731 3440 4777 noster
3469 4722 3801 4784 Eustathius,

2251 4816 2436 4871 verior
2483 4825 2567 4872 est
2601 4825 2652 4872 et
2677 4816 3041 4887 probabilior;
3078 4816 3238 4870 habet
3271 4817 3416 4870 enim
3471 4830 3631 4870 suum
3684 4830 3806 4885 pro-

2246 4910 2423 4980 prium
2490 4910 2784 4964 obscurum
2844 4907 3246 4979 quodammodo
3299 4924 3399 4963 nec
3449 4909 3801 4967 luminosum,

2243 5002 2539 5056 carbonum
2600 5002 2795 5067 instar,
2856 5002 3051 5072 recipit
3100 5016 3230 5056 vero
3273 5003 3453 5058 solare
3491 5002 3799 5072 splendens,

2205 5150 2209 5153 .
2242 5095 2448 5149 clarum
2488 5108 2598 5164 quo
2632 5108 2753 5148 sese
2796 5095 3070 5159 ostendat,
3100 5094 3335 5163 aliisque
3389 5092 3458 5147 ad
3513 5090 3802 5146 videndum

2239 5184 2694 5255 quemadmodum
2754 5186 2993 5240 interdiu
3042 5187 3125 5241 sol
3180 5186 3324 5239 viam
3379 5185 3579 5255 aperit.
3634 5182 3798 5235 Plura

2238 5280 2305 5334 de
2338 5279 2423 5333 bis
2476 5277 2793 5333 Cleomedes
2840 5278 2939 5332 lib.
2992 5295 3031 5332 ιι
3075 5276 3319 5347 Meteon,
3366 5279 3514 5333 inter
3568 5285 3796 5332 caetera:

2241 5373 2474 5444 ’ᾙδεσαν
2515 5373 2569 5425 δὲ
2617 5372 2712 5425 καὶ
2754 5374 2801 5425 οἱ
2833 5371 3152 5426 παλαίτατοι
3189 5370 3297 5426 τῶν
3330 5369 3577 5440 φυσικῶν
3614 5385 3673 5420 τε
3712 5365 3819 5419 καὶ

2237 5465 2597 5535 ἀστρολόγων,
2622 5465 2702 5518 ὅτι
2730 5464 2836 5517 ἀπὸ
2859 5463 2951 5516 τοῦ
2979 5463 3128 5535 ἡλίου
3157 5463 3415 5535 ήσελήνη
3435 5462 3497 5515 τὸ
3524 5461 3638 5531 φῶς
3666 5458 3798 5530 ἔχει,

2233 5557 2308 5619 ὡς
2338 5556 2493 5627 δῆλόν
2538 5558 2652 5609 ἐστι
2694 5555 2905 5627 πρῶτον
2950 5555 3047 5625 μὲν
3091 5557 3155 5608 ὲκ
3195 5555 3293 5625 τῆς
3325 5552 3679 5625 ἐτυμολογίας
3706 5549 3799 5604 τοῦ

2234 5649 2492 5718 ὀνόματος
2536 5649 2723 5719 αὐτῆς,
2771 5646 2941 5709 οὕτως
2979 5646 3368 5718 ὠνομασμένης
3414 5649 3477 5699 ὲκ
3520 5645 3616 5699 τοῦ
3646 5643 3798 5701 σέλας

2234 5737 2398 5808 αὐτὴν
2427 5737 2543 5791 νέον
2574 5736 2712 5807 ἔχειν
2752 5738 2858 5803 ἀεὶ,
2900 5737 2991 5789 καὶ
3035 5738 3096 5789 ὲκ
3132 5737 3225 5790 τοῦ
3269 5736 3599 5791 ἐπιδίδου-θαι
3640 5734 3801 5807 δᾷδας
