4064 6290
322 392 422 449 861
1271 387 1339 443 ιΝ
1377 386 1743 444 EUSTATHlI
1768 386 1952 442 HEXA
1962 387 2240 445 EMERON
2274 388 2502 446 NOTAE.
3098 418 3111 427 ο
3422 375 3529 431 309-

322 512 435 571 τοῖς
458 509 536 571 εις
565 506 637 559 τὰ
680 507 996 577 Ἀρτεμίσια
1025 506 1265 560 εἰσιοῦσι.
1299 506 1468 562 Τοῦςτο
1488 507 1723 579 {aputu
1753 509 1867 579 σύμι

1990 524 2116 580 gere
2164 518 2219 564 et
2258 510 2503 564 rohorari
2555 511 2851 566 cernimus.
2891 509 3197 566 Ludovicus
3240 510 3436 568 Fidelis
3462 513 3538 569 De

320 599 475 655 σολόν
505 601 619 652 ἐστι
645 596 738 650 τοῦ
768 596 965 665 ἔξωθεν
986 598 1127 669 ἔχειν
1152 597 1246 668 τὴν
1268 598 1494 669 σελήνην
1522 600 1580 653 τὸ
1607 599 1740 669 φῶς.

1988 599 2174 654 mundi
2199 611 2388 656 struet.
2426 602 2520 656 lib.
2555 619 2608 665 ν,
2643 618 2765 673 cap.
2800 602 2852 665 5,
2883 603 3232 672 quiestionem
3261 601 3326 657 de
3358 604 3540 661 calore

396 691 555 753 lbid.,
588 690 684 745 lin.
711 689 807 743 ult.
847 688 962 759 Τῆς
981 690 1205 760 ἡμέρας
1232 691 1466 757 ἐκείνης
1495 692 1646 761 μήτε
1670 692 1867 761 οὔσης

1985 693 2119 747 solis
2162 695 2443 763 proponit,
2474 702 2523 749 et
2563 695 2631 749 ad
2677 704 2909 749 mentem
2962 695 3135 749 nostri
3180 696 3418 749 auctoris
3462 695 3537 752 ita
3604 699 3612 706 '

324 783 468 853 Lego
501 780 579 851 μὴ
596 780 873 852 καιούσης,
914 782 1047 853 μήτε
1080 789 1212 844 etc.,
1243 781 1307 835 ad
1337 789 1571 836 mentem
1618 785 1878 846 auctoris,
1983 785 2230 840 dissolvit
2260 805 2274 840 :
2308 785 2495 840 Verum
2529 786 2633 853 hic,
2666 787 2861 857 inquit,
2892 787 3129 840 nonnihil
3155 788 3425 841 subaritur
3441 805 3539 841 an-

324 874 419 944 qui
450 872 564 927 haec
599 871 708 926 duo
748 870 802 924 in
839 871 953 925 sole
991 870 1375 932 consideravit,
1420 871 1600 925 lumen
1635 878 1689 926 et
1734 873 1881 927 calo-
1982 881 2218 944 :rietatis,
2258 897 2326 934 an
2360 881 2462 934 soli
2502 892 2778 951 perpetuus
2815 882 3015 936 [tces-eat
3042 882 3210 946 calor,
3250 899 3319 935 an
3363 882 3538 938 calere

325 981 465 1030 rem.
498 965 681 1020 lumen
713 963 865 1019 dedit
896 963 1000 1018 diei
1023 1003 1039 1028 ν
1081 964 1314 1018 calorem
1345 963 1447 1019 30“
1482 982 1495 1017 ε
1528 972 1581 1019 ει
1625 964 1748 1020 ideo
1791 965 1881 1020 hic
1979 988 2197 1042 prorsus
2244 976 2311 1027 sit
2352 973 2679 1029 destitutus?
2703 973 2860 1029 Circa
2903 975 2956 1029 id
2985 978 3132 1030 uaria
3164 977 3539 1046 circumferun-

326 1060 405 1113 ait
450 1057 618 1113 solem
656 1063 866 1110 tantum
901 1056 971 1109 ab
1011 1055 1113 1108 illa,
1140 1055 1227 1108 die
1256 1070 1431 1124 neque
1463 1064 1672 1120 urente.
1703 1073 1880 1128 neque
1984 1076 2070 1133 tur
2093 1081 2278 1130 sensa;
2309 1066 2439 1119 nihil
2470 1077 2641 1120 tamen
2687 1067 2918 1120 alienum
2948 1084 2978 1120 a
3007 1070 3221 1123 veritate
3262 1069 3538 1124 existima-

324 1150 697 1212 calefaciente,
729 1149 821 1204 sed
849 1149 1023 1203 solum
1048 1148 1385 1203 illuminante
1406 1149 1585 1204 lumen
1608 1134 1874 1221 accipere.
1981 1156 2159 1217 verim,
2187 1157 2235 1209 si
2268 1163 2324 1207 ut
2352 1155 2452 1208 soli
2473 1155 2717 1223 splendor
2753 1172 2954 1224 semper
2999 1155 3221 1223 luerens,
3265 1159 3425 1211 etiam
3453 1162 3526 1214 in.

388 1241 505 1297 Col.
539 1241 660 1307 720,
694 1241 788 1295 lin.
813 1239 867 1294 2.
899 1240 1024 1293 Ὅτι
1058 1238 1125 1292 δὲ
1153 1239 1221 1293 ἐκ
1252 1239 1441 1308 πυρὸς
1481 1240 1867 1309 συνέστηκεν⁴

1981 1258 2158 1301 ternus
2207 1247 2473 1311 tribuatur
2506 1248 2691 1301 calor:
2722 1251 2812 1317 qui
2860 1250 3258 1320 circumquaque
3310 1251 3535 1319 di/fusus

323 1335 526 1391 Dmnes
555 1332 668 1390 fere
701 1341 910 1389 veteres
951 1332 1260 1403 phil050phi
1301 1349 1410 1387 uno
1442 1348 1537 1389 ore
1588 1335 1757 1390 solem
1789 1351 1878 1389 ca.-
1978 1336 2088 1391 hare
2119 1337 2399 1407 calefaciat
2428 1337 2704 1407 inferiora.
2737 1336 2872 1391 Hinc
2888 1350 3084 1408 quanto
3110 1341 3322 1409 propius
3352 1341 3420 1394 ad
3442 1358 3534 1396 nos
3633 1326 3644 1338 ’

322 1420 489 1475 lidum
541 1429 594 1476 et
644 1420 882 1476 candens
926 1420 1056 1490 quid
1106 1437 1230 1477 esse
1270 1422 1624 1486 alllrmarunt,
1672 1424 1775 1478 etsi
1823 1423 1876 1480 in
1979 1429 2181 1483 accedit
2213 1430 2313 1491 sol,
2342 1438 2391 1483 et
2415 1440 2596 1483 nostro
2633 1428 2808 1482 senith
2849 1430 3069 1484 vicinior
3115 1442 3348 1499 apparet,
3391 1441 3537 1488 tanto

322 1513 501 1567 calido
525 1513 628 1567 hoc
661 1512 1013 1582 exprimendo
1049 1528 1158 1568 non
1184 1512 1555 1568 convenerint.
1594 1512 1883 1584 Euripides
1977 1518 2123 1572 illius
2156 1520 2427 1583 iutensior,
2473 1529 2521 1574 et
2564 1536 2664 1589 quo
2694 1521 2944 1574 remotior
2970 1538 3001 1572 a
3027 1521 3205 1584 nobis,
3232 1540 3289 1576 eo
3318 1523 3538 1578 debilior

321 1606 376 1661 in
410 1606 695 1661 Phoenissis
728 1607 902 1677 ignem
944 1608 1153 1662 vocavit
1183 1647 1197 1670 ,
1975 1611 2299 1680 percipiatur
2327 1610 2491 1666 calor.
2532 1610 2601 1664 Et
2624 1612 2841 1681 proinde
2879 1612 2968 1683 qui
3004 1629 3152 1666 sonte
3178 1613 3396 1668 subsunt
3429 1624 3540 1669 tor-

431 1698 590 1753 Ἦλιε
628 1699 787 1764 θοαῖς
826 1700 1101 1770 ἵπποισζν
1129 1700 1416 1754 εἱλίσσων
1433 1700 1648 1767 φλόγα,

1975 1703 2104 1756 ridae
2120 1703 2480 1757 uehementiori
2509 1712 2803 1756 exuruntur
2825 1715 2977 1767 cestu,
3012 1704 3151 1774 quod
3179 1704 3285 1759 illis
3317 1705 3383 1758 sit
3407 1706 3537 1761 solis

426 1802 480 1848 et
504 1795 560 1848 in
592 1792 877 1847 Phaetonte
899 1837 915 1860 ,
1973 1794 2419 1863 perpendicularis
2454 1795 2622 1859 calor,
2647 1804 2696 1850 et
2720 1798 2809 1866 qui
2848 1797 3035 1851 absunt
3076 1797 3302 1867 longius,
3344 1798 3537 1869 majori

1908 1873 1949 1927 Β
1977 1881 2146 1950 rigent
2177 1879 2392 1949 frigore.
2436 1879 2578 1933 Hinc
2609 1882 2691 1950 fit,
2724 1892 2782 1933 ut
2811 1883 2899 1951 qui
2937 1882 3031 1935 sub
3058 1881 3176 1952 polo
3201 1884 3418 1947 arctico,
3457 1884 3537 1937 vel

1978 1970 2270 2022 antarctico
2298 1968 2521 2023 resident
2550 1971 2815 2024 immensis
2843 1971 3132 2041 algoribus,
3162 1974 3294 2025 sicut
3331 1975 3421 2041 qui
3438 1974 3535 2028 sub

1977 2077 2110 2114 zona
2125 2060 2323 2114 torrida
2341 2062 2596 2115 continuis
2612 2061 2916 2131 subjaceant
2940 2063 3238 2119 ardoribus.
3267 2062 3308 2098 δ’
3310 2064 3349 2118 it
3363 2067 3537 2120 etiam

1976 2163 2031 2205 ut
2064 2152 2171 2206 sole
2211 2153 2532 2206 horizontem
2577 2154 2815 2207 nostrum
2833 2165 3120 2224 occupante
3150 2173 3239 2209 aer
3257 2157 3549 2227 fervidior,.

1975 2253 2025 2298 et
2055 2243 2357 2299 abscedente
2380 2230 2599 2316 rigidior
2628 2244 3059 2315 deprehendatur.

2043 2333 2203 2399 lbid.,
2233 2335 2333 2389 litt.
2360 2336 2410 2390 4.
2455 2335 2563 2389 Τοῦ
2599 2335 2956 2404 διαχωρίζειν
2983 2336 3099 2391 ἀνὰ
3125 2338 3335 2408 μέσον.
3375 2336 3531 2393 Basi-

1974 2427 2101 2493 lius,
2128 2428 2272 2482 hom.
2300 2426 2352 2492 6,
2383 2427 2498 2480 Νῦν
2528 2428 2583 2481 δὲ
2611 2428 2762 2498 ἥλιον
2789 2428 3016 2494 ἐπέταξε
3045 2433 3156 2494 τοῖς
3191 2430 3406 2501 μέτροις
3430 2429 3533 2501 τῆς

1974 2519 2201 2590 ἡμέρας,
2224 2520 2316 2573 καῖ
2349 2520 2595 2590 σελήνην,
2613 2521 2739 2573 ὅταν
2764 2522 2892 2574 ποτὲ
2915 2521 3048 2591 πρὸς
3074 2522 3163 2574 τὸν
3189 2521 3316 2575 ἴδιον
3338 2521 3532 2575 κύκλον

1973 2612 2301 2684 ἀπαρτισθῇ,
2330 2614 2568 2683 ἀρχηγὸν
2613 2614 2831 2687 ἐποίησε
2868 2615 2965 2686 τῆς
3001 2616 3211 2679 νυκτός.
3246 2614 3525 2671 Constant.

1971 2702 2117 2759 Man.
2151 2704 2204 2758 in
2239 2705 2433 2759 Annal.

427 1902 615 1973 Θερμὴ
655 1903 723 1958 δὲ
748 1904 1004 1973 ἄνακτος

424 1996 582 2060 Φλὸξ
603 1997 1057 2065 ὑπερτέλλουσα
1081 1997 1205 2069 γῆς.

389 2087 755 2158 Anaxagoras,
784 2096 837 2143 et
853 2087 1185 2144 Democritus
1205 2090 1426 2155 ferrum,
1441 2091 1525 2144 vel
1538 2105 1724 2145 saxum
1744 2105 1875 2144 can-

315 2179 484 2246 dens;
515 2179 865 2236 Parmenides
893 2182 1061 2236 solem
1093 2183 1343 2237 etlunsm
1375 2182 1441 2238 de
1461 2183 1667 2237 circulo
1698 2182 1871 2238 lacteo

312 2273 485 2328 voluit
509 2274 911 2339 excerni,illum
943 2273 1159 2343 quidem
1173 2289 1203 2327 a
1216 2275 1424 2329 rariore
1438 2274 1596 2329 calidi
1619 2275 1866 2340 mistura,

313 2367 459 2420 hanc
486 2380 516 2419 a
546 2366 799 2421 densiore
827 2364 1009 2437 frigidi
1030 2383 1046 2433 ;
1064 2365 1429 2437 Xenophanes
1447 2366 1514 2421 de
1531 2367 1767 2422 nubibus
1787 2368 1868 2421 inp

313 2460 497 2515 censis
525 2467 702 2513 ortum
748 2462 918 2516 solem
969 2469 1142 2532 putat,
1163 2468 1217 2516 et
1252 2460 1518 2517 defectum
1540 2461 1734 2518 iisdem
1776 2477 1870 2517 ex.-

315 2549 528 2603 stinctis
542 2550 777 2612 evenire,
797 2557 851 2604 et
867 2551 1031 2605 alium
1047 2566 1241 2606 rursus
1256 2552 1388 2605 Oriri
1408 2571 1423 2618 ;
1441 2553 1865 2623 Theophrastus,

316 2638 556 2708 physicis
589 2638 841 2708 igniculis
864 2638 930 2694 de
961 2639 1180 2694 humida
1208 2640 1548 2697 exhalatione
1577 2640 1863 2711 componi;

312 2730 701 2785 Anaximandri
744 2740 804 2786 et.
842 2731 1071 2785 aliorum
1106 2731 1392 2804 opiniones
1423 2732 1546 2787 vide
1581 2734 1721 2803 apud
1745 2731 1883 2787 διο-λ
1971 2730 2661 2815 33':'llf’h’ff‘ff‘uinh
2690 2814 2699 2815 ί
2751 2796 2804 2815 Α.
2852 2813 2860 2815 _
2968 2797 2990 2815 ,Α
3030 2781 3109 2815 M‘.

1974 2796 2141 2849 Οὕτω
2162 2795 2278 2864 μὲν
2304 2795 2415 2850 οὖν
2440 2795 2707 2850 cett-5.18:0
2743 2796 2815 2849 τὰ
2845 2797 2991 2850 κατὰ
3022 2796 3161 2862 τοὺς
3202 2797 3458 2864 ἀστέρας

314 2822 488 2875 barum
521 2820 574 2874 in
619 2819 831 2891 Eclogis
858 2820 1109 2891 physicis,
1135 2836 1253 2892 pag.
1289 2822 1392 2889 53;
1423 2829 1477 2877 et
1510 2821 1698 2879 Patres
1721 2822 1864 2877 anti-

319 2912 405 2937 _..:
469 2909 703 2937 n--:|:..-
773 2912 896 2937 ιη...
944 2912 1004 2937 ρ.
1051 2911 1378 2937 Δ..-..-ιε....-
1407 2914 1649 2937 -ι-.-ει----
1701 2915 1752 2937 ε-
1787 2915 1833 2937 ι-

1974 2819 2141 2849 υυτω
2232 2819 2278 2849 Τ
2304 2819 2415 2850 συν
2440 2819 2707 2850 τετελετο
2743 2819 2815 2849 τα
2845 2819 2991 2850 κατα
3022 2819 3161 2862 τους
3202 2819 3389 2864 αστερι

1969 2866 2078 2937 καὶ
2104 2819 2347 2937 stagneo
2379 2866 2503 2937 μὲν
2522 2866 2694 2937 ἣλιος
2717 2865 2911 2934 ἀστὴρ
2948 2865 3355 2937 ἡμεροκράτωρ
3374 2884 3389 2897 ·

314 2912 431 2981 qui,
469 2909 726 2972 Basilius.
773 2912 919 2965 hom.
944 2912 1006 2980 6;
1040 2911 1380 2983 Augustinus
1407 2914 1652 2984 pluribus
1701 2915 1756 2969 in
1786 2915 1866 2969 lo—

1969 2909 2078 2989 Εἴ
2089 2909 2165 2988 ὁὶ
2175 2909 2453 3003 ἆξῐτῖνῆξ
2462 2909 2784 3005 signa";
2803 2909 3526 3005 ἓὲἓὶὧέὖῖἒῗῆῗῖύκτσ.

314 3003 429 3068 eis;
489 3001 811 3058 Ambrosius
850 3003 945 3057 lib.
978 3019 1035 3057 lt.
1069 3002 1320 3058 Hexaem.
1362 3014 1416 3059 et
1442 3006 1555 3059 alii.
1585 3005 1649 3060 Et
1692 3023 1756 3062 ex
1788 3023 1867 3062 re-

2038 3033 2196 3099 lbid.,
2232 3035 2327 3089 lin.
2362 3001 2412 3089 7.
2446 3001 2620 3088 Ἕσέι
2650 3001 2719 3087 es
2741 3035 2779 3102 ἠ
2813 3001 2928 3099 νὺξ
2957 3001 3245 3104 σκίασμαξ
3269 3034 3526 3102 Basilius,

312 3094 665 3159 centioribus,
701 3093 855 3165 Hugo
884 3093 951 3150 de
980 3092 1036 3151 S.
1080 3094 1294 3151 Victore
1342 3096 1533 3152 Adnot.
1570 3099 1623 3152 in
1656 3096 1861 3164 Cenes,

1969 3126 2114 3180 hom.
2144 3092 2195 3192 ϐξ
2227 3125 2336 3178 Καὶ
2359 3126 2391 3196 ὴ
2412 3125 2505 3191 νὺξ
2533 3126 2627 3178 ἐπὶ
2650 3126 2710 3178 τὸ
2744 3092 2981 3179 έναντξον
3008 3128 3127 3189 ταῖς
3140 3092 3365 3179 ’ἀκτῖσιν
3394 3092 3528 3181 uno;

1937 3182 1943 3193 ο

311 3201 433 3254 cap.
469 3185 536 3252 6,
569 3187 767 3250 solum,
802 3186 996 3256 inquit,
1040 3186 1208 3242 solem
1247 3187 1519 3257 pr0priam
1549 3187 1748 3243 habere
1782 3189 1863 3243 lu-

1967 3220 2151 3289 χωρεῖ,
2183 3185 2344 3271 ὀὐδὲν
2366 3185 2550 3287 inp-0v
2581 3212 2713 3269 οὖσα
2738 3214 2878 3270 κατὰ
2897 3215 2993 3286 τὴν
3018 3185 3176 3284 φύσιν
3221 3215 3254 3286 ἢ
3286 3216 3527 3287 σκίασμα

309 3294 449 3343 cem,
479 3286 533 3334 et
563 3279 742 3349 ipsum
783 3295 846 3335 ex
883 3279 1006 3350 igne
1037 3294 1159 3335 esse
1198 3279 1422 3343 factum,
1468 3280 1707 3350 reliquas
1734 3295 1863 3336 vero

2136 3279 2223 3372 Ὦς
2255 3308 2363 3379 γὰρ
2390 3279 2657 3379 ἐν’ὴμέρα
2688 3308 2721 3377 ὴ
2748 3307 2875 3360 σκιὰ
2888 3279 2965 3377 τῷ
2994 3279 3404 3377 ἀντιφράσσοντι
3427 3279 3528 3377 «ip

308 3371 493 3425 stellas
534 3387 600 3426 ex
644 3386 803 3427 aerea
857 3372 1086 3428 materia
1145 3373 1387 3428 relucere
1444 3372 1645 3442 potius,
1702 3389 1862 3443 quam

1965 3371 2135 3472 utith
2188 3371 2611 3472 παρυξρίσταίταί,
2634 3371 2815 3462 ὀὕτως
2844 3399 2877 3468 ἡ
2916 3397 3031 3462 νὺξ,
3051 3397 3400 3467 σκιαζομένου
3431 3398 3529 3451 τοῦ

307 3461 509 3515 lucere.
557 3459 739 3518 Solem
784 3471 986 3526 tamen,
1036 3463 1179 3519 sicut
1226 3470 1279 3517 et
1324 3473 1517 3519 caetera
1560 3473 1707 3519 astra
1756 3481 1865 3522 non

1965 3493 2091 3563 περὶ
2119 3493 2221 3562 γῆν
2253 3491 2436 3562 ἀέρος,
2470 3488 2816 3543 συνίστασθαι
2850 3489 3113 3557 πέφυκεν.
3171 3487 3381 3542 Plinius
3409 3488 3442 3541 I.
3462 3502 3523 3549 tt,

307 3568 430 3655 ﬁsse
460 3553 673 3655 (falidm’
707 3555 1008 3655 Pecuignew
1033 3562 1241 3655 milita
1278 3555 1737 3655 mulli_d°c_l°m_s’
1774 3574 1864 3612 Va‘
1964 3553 2084 3655 cap.
2113 3553 2198 3647 ίοζ
2234 3553 2400 3637 Terra
2433 3585 2682 3637 subeunte
2721 3583 3018 3651 repentinas
3051 3578 3234 3633 obduci
3264 3578 3525 3643 tenebras,

307 3644 594 3701 lidissimis
629 3646 931 3702 rationibus
966 3648 1317 3702 concludunt.
1372 3646 1465 3702 Sol
1498 3650 1640 3704 enim
1682 3650 1861 3705 incor-

1965 3644 2272 3743 rui‘sumque
2300 3673 2446 3726 illius
2480 3674 2667 3726 umbra
2696 3644 2842 3727 sidus
2878 3670 3129 3725 hebetari.
3165 3669 3343 3740 Neque
3377 3670 3523 3723 aliud

308 3735 585 3804 ruptibilis
614 3742 719 3797 est,
763 3751 862 3791 nec
903 3735 1143 3791 admittit
1178 3738 1467 3807 qualitates
1496 3742 1859 3811 corruptivas,

1965 3778 2073 3815 esse
2112 3771 2313 3816 noctem
2355 3778 2511 3832 quant
2556 3772 2709 3816 term
2760 3761 3020 3815 umbram.
3071 3758 3419 3829 Palingenius
3466 3759 3523 3813 in

309 3827 446 3881 tales
489 3833 618 3880 sunt
642 3827 790 3880 calor
817 3835 871 3882 et
900 3826 1088 3898 frigtts.
1120 3829 1279 3919 Astra
1333 3844 1387 3886 et
1416 3832 1495 3889 sol
1525 3848 1625 3888 nec
1672 3842 1865 3904 praeter
1964 3853 2192 3909 Zodiaco
2216 3826 2476 3919 vitm'lib.
2505 3870 2563 3909 ﬂ.

310 3926 585 3984 nattu'am,
612 3933 713 3973 nec
747 3918 1014 3975 violenter
1037 3918 1324 3976 moventur
1354 3942 1367 3977 :
1403 3925 1546 3993 quod
1587 3925 1632 3981 si
1682 3934 1864 3982 essent

2179 3975 2248 3987 ——
2280 3948 2382 4000 Sed
2408 3961 2512 3998 nox
2544 3945 2761 4000 aduersa
2787 3947 2841 3998 in
2871 3954 3021 4014 parte
3048 3952 3278 4007 creatur,

307 4012 463 4082 ignea
488 4011 543 4066 id
566 4011 858 4078 accideret,
881 4011 1020 4082 ignis
1044 4013 1187 4067 enim
1220 4030 1437 4070 sursum
1480 4026 1742 4072 movetur.
1774 4016 1863 4073 Sic
1965 4015 2163 4085 Quippe
2184 4015 2330 4069 aliud
2345 4033 2447 4070 non
2464 4027 2538 4070 est
2560 4033 2713 4086 quam
2730 4011 2883 4069 terra}
2900 4024 3051 4086 atque
3069 4015 3290 4084 azquoris
3315 4013 3519 4067 umbra.

307 4104 468 4158 etiam
526 4104 734 4157 nullum
792 4112 937 4159 esset
999 4118 1248 4159 securum
1303 4112 1357 4160 et
1422 4113 1630 4173 tutum,
1683 4110 1862 4163 omnia

2031 4104 2189 4169 lbid.,
2223 4107 2318 4160 lin.
2352 4106 2438 4160 11.
2465 4108 2571 4160 Καὶ
2602 4110 2633 4161 ό
2655 4105 2771 4176 μὲν
2800 4106 2971 4175 ἥλιος
3015 4103 3236 4173 ὥσπερ.
3280 4103 3353 4157 De
3391 4104 3521 4169 solis

307 4195 452 4250 enim
487 4203 759 4251 astrorum
798 4196 891 4250 illo
929 4197 1054 4267 igne
1101 4196 1553 4269 conflagrassent,
1599 4216 1720 4255 cum
1754 4217 1860 4257 non

1965 4196 2298 4262 praestantia,
2341 4195 2636 4266 dignitate,
2688 4197 2738 4248 vi
2791 4194 3135 4256 admiranda,
3184 4202 3236 4248 et
3281 4194 3519 4262 potentia

307 4303 405 4359 per
438 4289 613 4344 lucem
646 4288 821 4344 Solum
847 4289 941 4344 sed
982 4289 1142 4344 etiam
1180 4305 1275 4359 per
1304 4291 1561 4355 calorem,
1595 4291 1859 4348 caleface-
1963 4288 2258 4359 Dionysius
2291 4288 2617 4358 Areopagita
2651 4286 2728 4341 De
2754 4287 2917 4341 dit-in.
2948 4284 3265 4349 nominibus,
3296 4299 3416 4354 cap.
3450 4284 3518 4349 ις

307 4385 429 4433 rent
465 4389 519 4433 et
546 4388 834 4435 torrerent.
869 4379 1123 4437 Dicamus
1156 4382 1342 4452 igitur,
1367 4383 1599 4437 solarem
1627 4389 1860 4440 calorem
1961 4378 2209 4435 lulianus
2233 4379 2512 4450 Aposlata.
2530 4376 2799 4447 Orpheus.
2824 4377 3069 4441 Proclus,
3096 4374 3312 4446 Lycius,
3334 4376 3517 4442 hymn.

305 4472 443 4526 nihil
478 4472 624 4527 aliud
655 4488 776 4529 esse
815 4490 977 4544 quam
1013 4475 1247 4531 calorem
1276 4477 1434 4547 ignis,
1470 4477 1857 4549 solisfulgore.
1963 4471 2017 4525 in
2040 4538 2043 4541 λ
2068 4473 2265 4538 solent,
2309 4470 2519 4525 Plinius
2556 4471 2647 4524 ιιι).
2693 4487 2755 4530 ll.
2798 4485 2919 4539 cap.
2972 4468 3027 4536 6,
3066 4466 3469 4539 elegantissime
3502 4480 3519 4518 τ

304 4580 413 4635 quo
437 4565 755 4619 naturaliter
779 4566 1047 4629 trahatur,
1066 4556 1717 4639 modiﬁcatum.Namque
1732 4585 1871 4629 cum.
1891 4568 1931 4622 D
1963 4565 2160 4619 Eorum
2195 4563 2394 4619 medius
2408 4563 2490 4618 sol
2505 4563 2695 4632 fertur,
2732 4562 3056 4630 amplissima
3074 4558 3431 4630 magnitudine
3459 4573 3519 4610 ae

304 4654 448 4708 inter
478 4653 817 4711 alimentaria
849 4669 1081 4725 corpora
1119 4655 1333 4726 igneum
1368 4655 1544 4712 solum
1579 4656 1857 4711 caelestem
1955 4664 2208 4726 potestate
2233 4673 2250 4711 :
2275 4672 2364 4711 nec
2382 4666 2668 4725 temporum
2690 4653 2861 4720 modo,
2882 4664 3259 4723 terrarumque,
3278 4650 3366 4705 sed
3381 4650 3518 4704 side-

304 4746 548 4805 imitatur
593 4745 880 4815 fulgorem,
924 4747 1103 4816 ipsum
1134 4762 1265 4801 vero
1308 4747 1382 4800 ita
1426 4754 1485 4801 ut
1511 4746 1733 4816 plurimi
1767 4761 1849 4801 ve-
1958 4765 2073 4803 rum
2094 4750 2252 4802 etiam
2282 4750 2512 4817 ipsorum
2550 4745 2763 4815 salique
2803 4754 2992 4799 rector.
3021 4743 3174 4797 Hunc
3194 4736 3376 4797 mundi
3405 4758 3518 4797 esse

302 4848 480 4893 terum
515 4837 981 4908 philosophorum,
1012 4838 1083 4893 ob
1114 4852 1230 4892 eam
1270 4837 1677 4893 similitudinem
1711 4845 1859 4893 astra
1958 4841 2117 4894 totius
2152 4841 2407 4903 animum,
2441 4856 2505 4897 ae
2531 4838 2741 4909 planius
2782 4845 3044 4889 mentem:
3075 4835 3209 4888 hunc
3229 4830 3517 4904 principale

303 4932 457 5001 ignea
489 4945 612 4985 esse
644 4930 909 4999 suSpicati
959 4928 1069 4984 sint
1089 4968 1103 4993 ,
1132 4927 1191 4981 ﬁt
1221 4929 1377 4983 valde
1410 4936 1856 4993 consentaneum,
1961 4940 2166 4987 natura:
2195 4932 2422 5002 regimen
2467 4947 2529 4984 ac
2556 4946 2745 4984 numen
2775 4928 2980 4983 credere
3006 4929 3173 4989 decet,
3214 4942 3369 4996 opera
3402 4930 3515 4994 ejus

300 5032 362 5075 ut
396 5021 772 5077 similitudinis
821 5021 969 5074 illius
1016 5035 1182 5078 causa
1232 5020 1390 5075 facile
1421 5020 1669 5074 trahatur
1716 5020 1859 5090 ignis
1961 5026 2304 5080 wstimantes.
2362 5023 2464 5077 Hic
2505 5024 2671 5077 lucem
2730 5021 2880 5076 rebus
2930 5021 3195 5074 ministrat
3248 5020 3514 5090 aufertque

302 5114 515 5169 cmlesti
563 5113 788 5182 lumine,
838 5113 982 5183 quod
1034 5116 1196 5169 etiam
1254 5113 1538 5183 vestigium
1588 5112 1856 5182 quoddam

1965 5120 2226 5183 tenebras;
2249 5118 2330 5172 hie
2368 5118 2569 5189 reliqua
2596 5116 2772 5170 sidera
2803 5114 3028 5169 occultat
3057 5131 3076 5168 :
3107 5114 3191 5168 hic
3226 5117 3357 5169 vices
3388 5122 3513 5166 tent-

301 5205 604 5260 divinitatis
632 5205 751 5275 ejus
781 5206 1029 5275 corporis
1061 5212 1163 5260 est.
1191 5203 1246 5259 Si
1283 5204 1438 5274 plura
1473 5203 1649 5275 cupis,
1681 5203 1858 5258 adesis
1955 5227 2139 5280 parum
2172 5226 2468 5279 annumque
2494 5224 2692 5277 semper
2718 5216 3069 5261 renascentem
3097 5221 3160 5260 ex
3186 5223 3284 5260 usu
3309 5216 3515 5259 natura

300 5295 655 5359 Franciscum
692 5295 962 5352 Valesium
989 5295 1068 5351 De
1086 5312 1244 5349 sacra
1279 5295 1625 5365 philosophia,
1652 5309 1771 5366 cap.
1805 5295 1855 5348 l.
1959 5308 2251 5368 temperat;
2288 5298 2370 5350 hic
2401 5298 2517 5365 ειειεὶ
2562 5298 2833 5350 tristitiam
2883 5295 3118 5362 discutit,
3156 5306 3310 5366 atque
3350 5293 3511 5347 etiam

302 5389 545 5460 Denique
575 5388 846 5445 sententia
888 5395 973 5443 est
1017 5387 1529 5459 Peripateticorum,
1574 5388 1740 5447 solem
1766 5398 1897 5457 per'
1957 5390 2173 5447 humani
2206 5389 2389 5443 nubila
2429 5390 2591 5442 animi
2623 5399 2863 5451 serenat;
2903 5388 2985 5440 hic
3023 5403 3175 5439 suum
3214 5386 3382 5439 lunten
3409 5399 3512 5437 cte-

301 5485 482 5538 lumen
519 5480 694 5536 facere
721 5488 831 5534 tam
860 5481 1118 5547 calorem,
1166 5488 1275 5533 tam
1312 5479 1506 5551 frigus,
1537 5479 1751 5535 diversa
1777 5486 1860 5532 ta-
1958 5484 2083 5537 teris
2119 5498 2318 5552 quoque
2350 5480 2609 5535 sideribus
2638 5480 2880 5550 fmuerat.
2918 5479 3236 5540 Prwclarus,
3265 5476 3508 5539 eximius,

300 5592 426 5635 men
467 5576 702 5640 ratione,
739 5575 891 5629 illum
920 5574 1137 5644 quidem
1173 5589 1269 5644 per
1307 5588 1384 5639 se,
1419 5573 1522 5627 hoc
1556 5579 1735 5627 autem
1765 5588 1859 5643 per
1958 5574 2134 5626 omnia
2175 5573 2402 5635 intuens,
2445 5572 2621 5626 omnia
2657 5574 2818 5625 etiam
2861 5569 3165 5634 exaudiens,
3205 5576 3262 5620 ut
3288 5566 3511 5635 principi

302 5667 586 5735 accidens;
623 5654 746 5721 nam
799 5666 1087 5737 praesentia
1132 5666 1354 5723 luminis
1408 5664 1539 5720 facit
1594 5665 1856 5728 calorem,
1958 5666 2257 5719 litterarum
2308 5664 2536 5719 Homero
2584 5665 2842 5734 placuisse
2881 5664 2933 5716 in
2985 5679 3086 5715 uno
3137 5677 3196 5714 eo
3229 5660 3392 5714 uideo.
3432 5659 3509 5714 De

303 5762 548 5821 absentia
601 5776 727 5816 vero
764 5762 1109 5832 friguszquo
1154 5759 1299 5813 enim
1343 5758 1523 5812 lumen
1569 5757 1721 5822 solis,
1768 5766 1859 5811 aut
1957 5758 2088 5814 solis
2137 5756 2398 5813 encomiis
2454 5759 2569 5827 lege
2621 5753 2972 5809 Plutarchum
3021 5752 3110 5807 l‘rb.
3152 5751 3229 5807 De
3267 5752 3505 5807 doctrina

315 5852 463 5908 nullo
498 5853 658 5915 modo
714 5862 805 5903 aut
837 5853 1073 5911 tenuiter
1104 5850 1378 5924 pertingit,
1415 5850 1547 5907 inihi
1578 5848 1750 5924 frigus
1782 5849 1858 5903 vi-
1955 5850 2278 5921 principum;
2312 5849 2641 5905 Macrobium
2679 5863 2690 5899 I
2718 5842 3115 5910 Saturnalium;
3161 5844 3507 5902 Ambrosium
