4064 6290
608 387 713 445 865

1941 389 2190 446 LEONlS
2224 386 2494 444 ALLATII

3733 383 3861 439 εδδ

608 503 707 560 lib.
735 520 787 558 Iv
816 501 1094 565 Hexaem.,
1128 516 1249 571 cap.
1286 502 1346 569 l;
1379 502 1699 573 Gregorium
1765 502 2166 561 Nazianzenqu

2269 511 2379 571 τοῖς
2424 504 2645 578 χωρίοις
2688 505 2815 576 περϊ
2863 503 2901 559 ἀ
2955 503 3376 575 συναθροίζεται.
3433 499 3643 557 Plinius
3713 502 3853 557 love

611 592 689 647 De
718 609 848 646 nova
881 590 1175 657 Dominica,
1204 603 1258 647 et
1285 600 1424 647 orat.
1462 611 1523 657 ιι,
1558 593 1635 647 De
1673 594 1970 665 theologia;
2004 595 2170 653 Joan-

609 701 732 740 nem
780 682 1065 739 Jovianum
1100 681 1407 739 Pontanum
1443 683 1662 741 Urania:
1697 686 1791 744 lib.
1830 687 2173 762 tgAugusti-

608 791 738 831 num
769 774 1136 844 Eugubinum,
1168 776 1414 847 Cosmop.
1438 792 1560 849 cap.
1586 779 1638 834 1.

675 868 792 925 Col.
814 868 936 932 7‘20,
960 859 1056 923 lin.
1079 870 1164 943 15.
1182 869 1249 925 Ἠ
1267 870 1334 924 δὲ
1350 871 1578 941 σελήνη
1596 875 1708 942 οὐχ
1722 874 1893 930 οὕτω,
1908 874 1984 932 De
2005 878 2174 934 variis

604 960 750 1015 luna:
789 961 1186 1017 mutationibus
1209 979 1371 1034 supra
1402 966 1590 1020 nescio
1618 983 1738 1037 quae
1760 969 2016 1025 diximus.
2040 967 2172 1035 Qui-

604 1051 729 1107 dam
758 1063 1106 1123 augmentum
1133 1056 1272 1110 lunm
1296 1054 1525 1112 ﬂamma:
1553 1058 1888 1115 incremento
1909 1061 2168 1130 tribuere,

603 1161 726 1217 quae
753 1146 945 1200 ordine
978 1148 1237 1217 paulatim
1266 1158 1562 1213 cresceret,
1585 1150 1757 1207 donec
1781 1153 1940 1222 plena
1973 1153 2173 1209 redda-

484 1276 494 1287 -
604 1248 717 1304 tur,
756 1255 1085 1311 rursumque
1113 1241 1303 1295 eodem
1335 1253 1494 1311 pacto
1534 1243 1872 1310 decrescere,
1908 1246 2082 1301 donec
2112 1248 2168 1301 in

604 1332 993 1403 conjunctione
1038 1348 1263 1404 prorsus
1300 1336 1698 1406 exstinguatur,
1735 1338 1785 1392 id
1816 1340 1960 1409 quod
2003 1341 2171 1395 etiam

605 1426 672 1481 de
701 1435 982 1482 menstrua
1017 1428 1383 1483 occultatione
1408 1428 1768 1503 XenOphanes
1798 1434 2095 1489 asserebat.

676 1519 839 1585 lbid.,
874 1520 972 1573 lin.
1002 1518 1086 1573 l6.
1112 1521 1340 1588 Χρόνον
1360 1520 1429 1573 δὲ
1460 1521 1632 1590 ἥλιος
1662 1522 1781 1577 καί.
1808 1521 1883 1578 De
1907 1531 2167 1594 tempore,

606 1608 728 1678 ejus
760 1619 956 1663 natura
987 1615 1042 1663 et
1089 1610 1213 1664 aliis
1242 1609 1310 1664 ad
1340 1618 1556 1682 tempus
1600 1613 1972 1684 spectantibus
2011 1615 2171 1685 plura

608 1701 915 1772 philosophi
946 1702 1000 1755 in
1036 1701 1296 1774 physicis.

2269 599 2450 654 dicto:
2485 597 2621 653 Cum
2653 597 2882 653 orientis
2925 607 3086 666 atque
3116 593 3416 651 occidentis
3445 593 3582 648 radii
3628 594 3851 651 rubent

2269 689 2419 745 coire
2443 684 2682 760 pluvias.
2717 687 2850 742 Cum
2886 686 3094 742 oriente
3122 685 3260 739 radii
3281 699 3395 748 non
3427 684 3673 739 illustres
3699 687 3851 739 emi-

2267 780 2495 845 nebunt,
2546 778 2793 849 quamvis
2834 777 3158 832 circumdati
3202 776 3346 831 nube
3377 791 3485 832 non
3544 776 3678 838 sint,
3718 776 3851 845 plu-

2268 872 2408 925 viam
2442 871 2794 941 portendunt.
2814 867 2871 924 Si
2899 879 3024 924 ante
3049 876 3296 923 exortum
3322 867 3495 923 nubes
3522 867 3844 937 globabuu-

2267 972 2356 1019 tur
2387 963 2615 1019 hiemem
2648 978 2895 1034 asperam
2922 961 3350 1026 denuntiahunt;
3375 961 3422 1017 si
3455 962 3627 1017 nubes
3656 961 3843 1017 solem

2267 1055 2721 1120 circumcludent,
2762 1064 2965 1126 quanto
3008 1055 3192 1110 minus
3220 1054 3444 1110 luminis
3462 1056 3839 1126 relinquetur,

2267 1154 2417 1203 tanto
2466 1148 2829 1203 turbulentior
2867 1154 3157 1217 tempestas
3198 1147 3336 1214 erit;
3381 1147 3436 1201 si-
3480 1161 3611 1202 vero
3662 1148 3841 1202 etiam

2266 1241 2475 1312 duplex
2505 1242 2655 1296 orbis
2706 1239 2868 1295 fuerit
2896 1255 2962 1295 eo
2990 1240 3246 1295 atrocior.
3293 1239 3449 1307 Quod
3471 1240 3515 1296 si
3548 1240 3601 1295 in
3630 1249 3837 1297 exortu

2267 1333 2357 1389 ﬁet
2381 1335 2453 1389 ita
2480 1342 2540 1388 ut
2569 1335 2866 1390 rubescant
2892 1333 3062 1389 nubes
3087 1334 3319 1388 maxima
3347 1334 3663 1390 ostendetur
3689 1342 3839 1390 tem-

2266 1436 2468 1496 pestas.
2503 1424 2742 1480 Plurima
2763 1425 2850 1480 his
2883 1424 3079 1479 similia
3118 1424 3285 1479 refert
3316 1424 3517 1481 Aratus
3552 1427 3689 1499 Περὶ
3721 1428 3839 1481 διο-

2269 1519 2528 1591 σημείων.
2568 1517 2836 1573 Collector
2881 1515 3248 1587 Georgicorum
3287 1517 3385 1573 lib.
3410 1534 3452 1581 ι,
3486 1518 3594 1572 Καὶ
3616 1520 3648 1572 ὁ
3678 1518 3837 1590 ἥλιος

2264 1611 2342 1675 δέ,
2378 1610 2677 1665 ἀνατέλλων
2708 1610 2799 1665 καὶ
2830 1609 3221 1680 μελαινόμενος,
3251 1609 3490 1683 ὄμϐρους
3515 1610 3687 1680 δηλοῖ.
3718 1612 3838 1665 Καὶ

2270 1702 2645 1766 ἀνατέλλοντος
2690 1701 2745 1755 δέ
2788 1702 2882 1755 τοῦ
2915 1700 3088 1773 ἡλίου,
3137 1701 3229 1755 ἐὰν
3263 1702 3415 1774 παρά
3463 1702 3562 1767 τὰς
3609 1704 3836 1767 ἀκτῖνας

678 1793 838 1859 lbid.,
869 1794 966 1850 lin.
991 1793 1081 1849 22.
1115 1794 1186 1849 Τὸ
1220 1794 1289 1849 δὲ
1328 1795 1610 1852 ἔστωσαν
1635 1801 1721 1866 εις
1751 1801 1985 1870 σημεῖα.
2019 1799 2237 1870 Νοτι-κ,
2269 1795 2534 1849 σκοτεινὸν
2569 1794 2726 1863 νέφος
2759 1797 2922 1866 φανῇ,
2966 1793 3167 1867 ὖμϐρον
3205 1794 3371 1867 δηλοῖ.
3419 1795 3688 1866 Δυόμενος
3716 1796 3774 1849 δὲ
3806 1800 3838 1850 ὁ

607 1885 743 1939 nulli
788 1886 951 1941 verba
981 1885 1098 1941 haec
1142 1888 1446 1954 astrologiae
1488 1905 1648 1959 quam
1696 1859 1893 1945 vocant
1934 1892 2166 1963 judicia-

2268 1884 2436 1956 1ἣλιος,
2471 1885 2567 1938 ἐὰν
2596 1859 2817 1938 κατὰτὸ
2855 1859 3137 1957 ἀριστερον
3169 1859 3331 1957 μέρος
3356 1886 3513 1955 νέφος
3526 1859 3709 1959 ’μέλαν
3733 1889 3839 1962 ἔχῃ

605 1978 765 2039 riam,
782 1987 836 2034 et
858 1978 1070 2048 pondus
1101 1978 1304 2035 addere
1330 1990 1383 2035 et
1406 1982 1785 2038 auctoritatem
1809 1994 2164 2054 praesumunt,

605 2078 659 2124 et
680 2070 825 2126 illam
863 2071 1170 2136 scientiam,
1203 2071 1249 2126 si
1273 2087 1398 2149 qua:
1422 2081 1506 2128 est
1531 2088 1561 2126 a
1582 2072 1710 2141 Deo,
1750 2076 1818 2131 ab
1844 2075 1962 2146 ipso
1983 2078 2167 2131 statim

604 2163 791 2216 mundi
818 2164 1062 2227 exordio,
1093 2163 1197 2219 hoc
1225 2167 1545 2220 testimonio
1569 2169 2004 2235 corroboratam,
2035 2170 2179 2243 quinr

603 2260 658 2308 et
696 2254 1015 2311 mortalibus
1052 2256 1121 2311 ad
1170 2272 1291 2311 eam
1332 2261 1736 2330 aucupandam,
1767 2268 1821 2315 et
1852 2261 2166 2329 sudoribus,

602 2355 659 2403 et
681 2348 876 2419 vigiliis
904 2350 1237 2420 prapositam
1269 2352 1589 2422 gloriantur.
1622 2334 1874 2423 lnquiunt
1904 2357 2083 2421 enim,
2109 2358 2167 2412 in

604 2440 724 2511 ipsa
763 2440 1001 2495 siderum
1040 2443 1312 2511 positione
1344 2455 1396 2499 et
1432 2452 1676 2515 aspectu,
1707 2448 1872 2503 veluti
1900 2448 1954 2502 in
1985 2449 2166 2504 tabula

605 2531 840 2601 quadam
867 2532 1016 2586 cerni
1047 2534 1254 2600 omnia,
1290 2550 1411 2605 quae
1440 2552 1670 2606 usquam
1701 2538 1905 2593 mundo
1931 2540 2054 2594 huic
2083 2541 2168 2595 iu-

605 2621 791 2677 feriori
831 2631 1088 2678 eventura
1113 2634 1261 2689 sunt,
1293 2628 1439 2681 omni
1481 2628 1757 2685 dubietate
1788 2646 1851 2685 ac
1885 2631 2167 2686 incertitu-

605 2714 734 2768 dine
783 2714 1016 2770 sublata.
1069 2715 1270 2771 Verum
1310 2717 1425 2773 haec
1471 2720 1738 2775 sententia
1768 2738 1928 2792 quam
1972 2722 2166 2778 habeat

604 2803 936 2859 validitatem
982 2812 1037 2859 et
1077 2805 1265 2869 robur,
1302 2816 1356 2860 et
1383 2807 1583 2876 quibus
1612 2808 1818 2862 nitatur
1849 2807 2165 2865 fundameno

605 2896 678 2952 tis
718 2912 782 2951 ac
820 2897 1123 2952 rationibus
1154 2896 1243 2950 alii
1289 2905 1412 2952 ante
1441 2912 1540 2953 nos
1587 2899 1723 2954 satis
1767 2907 2020 2954 accurate
2048 2906 2163 2953 tra-

604 2994 883 3058 diderunt,
918 3008 1018 3049 nec
1057 2993 1197 3048 ratio
1230 2992 1781 3067 nostraascriptionis
1824 2992 1875 3046 id
1909 2992 2082 3062 poscit
2109 3000 2166 3047 ut

603 3092 659 3139 et
688 3100 791 3139 nos
818 3084 1006 3140 eadem
1042 3094 1391 3155 repetamus;
1425 3100 1604 3140 rerum
1643 3091 1888 3147 eventus,
1929 3099 2048 3155 quae
2093 3084 2165 3140 sit

2269 1975 2512 2047 πλησίον,
2548 1976 2746 2040 εὐθέως
2790 1974 2991 2048 ὄμϐρον
3024 1977 3359 2050 προσδοκᾷνο
3392 1977 3608 2050 βρονταὶ
3635 1979 3695 2033 δὲ
3738 1982 3835 2035 καὶ

2267 2066 2541 2139 ἀστραπαῖι
2576 2065 2697 2121 ὅθεν
2750 2058 3010 2136 γίνονται,
3054 2067 3260 2121 ἐκεῖθεν
3301 2067 3392 2121 τὸν
3441 2068 3688 2139 χειμῶνα
3741 2071 3822 2139 δη-

2266 2157 2357 2212 λοῦ
2367 2175 2439 2212 σι.

2339 2250 2503 2315 lbid.,
2538 2250 2633 2304 lin.
2662 2249 2750 2306 28.
2784 2251 2961 2305 Ὅταν
2997 2249 3065 2305 δὲ
3090 2254 3151 2305 αἱ
3177 2253 3488 2323 λεγόμεναι
3518 2252 3695 2321 ἅλως.
3727 2252 3841 2307 Ba-

2265 2342 2442 2407 silius,
2474 2344 2621 2399 bom.
2648 2344 2702 2409 6,
2756 2344 2865 2398 Καὶ
2892 2344 2970 2416 τῷ
3001 2344 3145 2416 ήλίῳη
3176 2345 3234 2399 δὲ
3285 2346 3411 2400 ὅταν
3443 2348 3501 2400 αἱ
3542 2346 3830 2419 λεγόμεναι

2264 2436 2406 2500 ἄλως
2431 2436 2859 2509 περιγραφῶσιν,
2890 2436 2924 2508 ἢ
2950 2435 3138 2500 ὓδατος
3159 2436 3341 2510 ἀερίου
3370 2437 3639 2511 πλῆθος,ἢ
3666 2456 3827 2493 πνευ-

2267 2529 2449 2600 μάτων
2485 2529 2666 2600 βιαίων
2696 2529 2907 2601 κίνησιν
2952 2530 3373 2598 ἀποφαίνουσινο
3406 2531 3439 2602 ἢ
3483 2531 3576 2585 καὶ
3598 2530 3690 2595 οὓς
3717 2532 3827 2585 ὀνο-

2267 2621 2526 2693 μάζουσιν
2579 2622 2881 2693 ἀνθηλίους,
2936 2622 3064 2676 ὅταν
3110 2622 3578 2695 συμπεμτρὲχωσι
3625 2626 3690 2695 τῇ
3736 2623 3829 2678 τοῦ

2262 2714 2412 2785 ἡλίου
2449 2715 2609 2786 φορᾷ,
2645 2713 3058 2785 συμπτωμάτων
3089 2714 3252 2767 τινῶν
3286 2715 3486 2786 ἀερίων
3506 2718 3704 2787 σημεῖα
3744 2718 3829 2786 γί-

2261 2824 2459 2862 νονται.
2495 2808 2703 2878 Ὥσπερ
2731 2802 2825 2861 οὖν
2857 2808 2951 2860 καὶ
2974 2808 3029 2860 αἱ
3057 2807 3262 2879 ράὅδοι,
3293 2810 3349 2861 αἱ
3380 2808 3520 2862 κατά
3549 2809 3648 2879 τὴν
3666 2811 3849 2883 χρόαν,

2260 2899 2361 2970 τῆς
2390 2898 2555 2971 ἴριδος
2583 2901 2663 2963 είς
2694 2899 2851 2972 ὀρθὸν
2889 2903 3000 2963 τοῖς
3041 2900 3256 2969 νέφεσιν
3290 2900 3700 2973 ἐμφαινόμεναι,
3734 2903 3830 2974 δμ-

2263 2992 2445 3065 6ρους,
2476 2993 2509 3064 ἦ
2545 2993 2818 3064 χειμῶνας
2845 2991 3134 3057 ἐξαισίους,
3170 2993 3203 3066 ἢ
3238 2993 3375 3057 ὅλως
3414 2994 3511 3067 τὴν
3553 2996 3643 3049 ἐπὶ
3681 2997 3830 3052 πλεῖ-

2265 3102 2387 3139 στον
2425 3085 2721 3157 μεταϐολὴν
2750 3087 2843 3140 τοῦ
2873 3086 3033 3159 ἀέρος
3063 3085 3445 3142 ἐνδείκνυνται.
3468 3087 3669 3144 Aratus
3703 3109 3720 3145 :

604 3175 720 3230 haec
748 3176 981 3237 vanitas,
1009 3174 1249 3245 quotidie
1285 3176 1447 3231 etiam
1476 3175 1784 3229 nolentibus
1805 3174 2159 3232 demonstrat.

2303 3198 2454 3272 goat
2484 3198 2601 3272 μὲν
2630 3200 2839 3267 ἠελίου
2866 3199 3159 3272 σχεδόθεν
3183 3200 3540 3272 μελανεῦσαι
3564 3202 3781 3272 ἀλωαὶ-

603 3267 840 3324 Basilius
877 3269 933 3323 in
968 3268 1114 3324 hunc
1144 3271 1322 3324 locum
1360 3271 1560 3324 acriter
1581 3276 1767 3324 contra
1797 3268 1963 3324 hosce
1987 3279 2162 3325 astro-

602 3364 756 3435 logos
786 3363 1079 3418 invehitur.
1130 3362 1573 3435 Chrysostomus,
1624 3368 1677 3417 et
1716 3360 2007 3433 Gregorius
2047 3360 2162 3416 Ma-

603 3473 743 3526 gnus
776 3457 832 3511 in
870 3473 907 3511 ll
957 3472 1080 3526 cap.
1115 3455 1369 3518 Matthxi,
1397 3454 1735 3526 Augustinus
1778 3454 1873 3508 lib.
1917 3469 1977 3518 ιι,
2013 3468 2166 3521 super

602 3549 793 3605 Cenes.
845 3552 915 3603 ad
968 3551 1223 3614 litteram,
1254 3563 1303 3604 c.
1352 3548 1440 3613 l7,
1486 3556 1541 3601 et
1582 3547 1674 3601 lib.
1724 3564 1787 3613 ιι,
1813 3545 1885 3600 De
1923 3546 2165 3601 doctrina

603 3641 927 3706 Christiana,
958 3658 1078 3713 cap.
1108 3641 1200 3705 21,
1233 3650 1287 3696 et
1313 3641 1475 3705 alibi;
1503 3639 1768 3695 Eusebius
1798 3638 1873 3693 De
1897 3654 2166 3709 prtepara-

604 3736 744 3788 tione
792 3733 1043 3803 Evangel.
1077 3735 1175 3788 lib.
1205 3749 1319 3796 xw,
1354 3749 1476 3805 cap.
1508 3732 1575 3800 4;
1613 3741 1668 3786 et
1706 3732 1801 3786 lib.
1833 3745 1910 3795 vt,
1946 3746 2069 3801 cap.
2107 3729 2161 3784 9.

603 3826 744 3895 Quin
769 3836 824 3883 et
855 3828 1055 3899 ingenti
1093 3827 1429 3882 voluminum
1477 3825 1634 3895 copia
1682 3836 1874 3879 contra
1900 3838 1993 3879 eos
2029 3823 2166 3878 scri-

608 3927 839 3992 pserunt
883 3918 1181 3985 Diodorus,
1211 3917 1495 3975 Tarsensis
1529 3918 1819 3987 episcopus
1839 3958 1854 3981 ,
1900 3914 2172 3970 referente

603 4012 800 4067 Pholio
833 4012 886 4064 in
920 4010 1264 4073 Bibliotheca,
1298 4017 1352 4065 et
1387 4007 1722 4063 Bardesanes
1748 4005 1919 4078 Syrus
1953 4020 2018 4059 eo
2044 4004 2164 4058 dia-

605 4106 729 4173 logo
756 4119 937 4172 quem,
967 4110 1160 4174 rogatu
1191 4101 1508 4163 amicorum,
1549 4100 1616 4155 de
1651 4099 1781 4162 fato,
1820 4107 1874 4153 et
1905 4097 2165 4152 adversus

604 4195 887 4250 Chaldaeos
911 4194 1254 4264 conscripsit,
1290 4200 1349 4247 ut
1379 4198 1640 4246 memorat
1669 4189 1935 4245 Eusebius
1957 4188 2053 4243 lib.
2086 4205 2161 4256 vr,

607 4286 686 4342 De
717 4294 1003 4356 praeparat.
1049 4284 1275 4353 Evang.,
1323 4298 1443 4352 cap.
1474 4282 1506 4336 8
1532 4322 1546 4345 ,
1578 4290 1630 4336 ct
1660 4296 1726 4335 ex
1772 4279 2171 4335 recentioribus

603 4378 841 4434 Joannes
885 4375 1048 4431 Picus
1102 4374 1385 4429 duodecim
1444 4372 1597 4427 libris
1637 4379 1691 4427 et
1735 4371 1847 4425 alii.
1913 4370 2166 4441 Plerique

605 4486 729 4527 cum
758 4476 947 4524 nostro
980 4464 1266 4521 Eustathio
1304 4463 1467 4519 verba
1507 4462 1621 4517 haec
1660 4459 1929 4531 pertinere
1975 4460 2166 4516 existi-

2298 3268 2519 3339 Εὐδιοι,
2550 3270 2871 3339 ἀσσότεραι
2902 3268 2971 3323 δὲ
2996 3270 3092 3323 καὶ
3122 3268 3807 3339 ἀστεμφὲςμελανεῦσαις

2294 3337 2549 3394 Μᾶλλον
2568 3336 2869 3410 χειμέριαι.
2896 3340 3010 3395 Δύο
3045 3340 3096 3394 δ’
3131 3340 3207 3395 ἂν
3229 3336 3774 3410 λίαζὶεπῶτεραιεῖεν.

2259 3454 2581 3511 Ptolemaeus
2604 3470 2822 3526 quoque
2841 3455 2937 3511 lib.
2966 3471 3027 3519 ιι,
3054 3471 3169 3527 cap.
3194 3456 3377 3511 ultimo
3409 3470 3654 3511 arearum
3686 3456 3805 3511 ani.

2260 3551 2690 3606 madversionem
2713 3566 2822 3606 non
2841 3553 3110 3623 neglexit:
3132 3568 3249 3607 nam
3280 3553 3326 3609 si
3352 3567 3459 3607 una
3488 3549 3650 3606 fuerit
3674 3565 3826 3620 pura

2262 3642 2628 3712 paulatimque
2674 3651 2982 3707 evanescat,
3025 3643 3372 3699 serenitatem
3406 3661 3421 3696 :
3452 3642 3537 3698 sin
3562 3639 3687 3696 duae
3728 3649 3824 3696 aut

2261 3740 2396 3796 tres,
2438 3731 2669 3787 hiemem
2702 3733 3029 3801 signiﬁcant.
3060 3733 3238 3804 Atque
3268 3734 3367 3788 bac
3390 3748 3509 3788 cum
3538 3740 3827 3787 ventorum

2263 3823 2625 3889 turbulentia,
2687 3824 2992 3889 subrubra,
3032 3825 3300 3896 quasique
3346 3831 3645 3894 perruptae,
3699 3836 3824 3876 cum

2261 3913 2408 3979 nive,
2460 3914 2772 3984 caliginosae
2822 3929 2971 3980 vero,
3023 3931 3087 3970 ac
3126 3916 3319 3985 spissa!
3368 3914 3485 3970 haec
3528 3912 3821 3967 accidentia

2262 4004 2470 4072 majora
2506 4020 2570 4060 ac
2600 4005 2870 4061 severiora
2918 4006 3269 4076 portendunt.
3302 4006 3503 4061 Aratus
3543 4005 3658 4059 haec
3696 4018 3822 4076 pro-

2264 4096 2510 4164 gnostica
2541 4096 2615 4149 ita
2644 4096 2908 4152 describit
2941 4117 2954 4152 :

2296 4208 2363 4259 El
2402 4204 2468 4259 δέ
2489 4208 2557 4260 κέ
2576 4225 2682 4275 μιν
2710 4208 2841 4275 περὶ
2868 4207 3075 4263 πᾶσαν
3106 4208 3298 4264 ἀλωαὶ
3318 4206 3756 4273 κυκλώσονται,

2303 4278 2382 4349 "H_
2399 4277 2650 4349 msh-fw
2668 4276 2787 4349 δύο
2817 4281 3231 4349 περικείμεναι,
3258 4280 3331 4347 ἠὲ
3350 4279 3436 4349 μί’
3461 4278 3575 4345 εἴη,

2305 4343 2382 4420 T37
2406 4343 2522 4415 μὲν
2555 4346 2616 4420 τῃ
2646 4343 2899 4420 ἀνέμοιο
2918 4343 3246 4420 ruina-alni;
3269 4343 3333 4420 τε
3351 4343 3635 4420 ’δοκεύειν

2309 4417 2679 4541 Ῥηγ-νυμένιὲ
2705 4417 2962 4489 ἀνέμοιο·
2987 4419 3389 4490 μαραινομένῃ
3418 4418 3486 4472 δὲ
3509 4420 3793 4488 γαλήνης,

2309 4484 2403 4539 Ταὶ
2428 4486 2535 4539 δύο
2562 4487 2614 4539 δ’
2682 4505 2718 4541 ν
2752 4488 2988 4541 γειιλῶνι
3029 4489 3464 4541 πεοιτοογάοιτο
3488 4489 3737 4541 σελήνη.

2302 4484 2408 4570 [αλ
2418 4484 2535 4570 eoo
2642 4484 2718 4570 ἀν
2748 4484 3004 4570 χέιμιῖινί
3029 4484 3464 4570 περιτροχάρξτο
3488 4484 3737 4570 σελήνη,

604 4568 758 4616 mant
791 4560 857 4615 ad
887 4560 1041 4630 signa
1087 4556 1418 4612 naturalium
1472 4554 1782 4620 ell‘ectuum,
1827 4553 2158 4618 serenitatis,

2296 4556 2626 4638 ρζεζζοναίῗ
2660 4553 3019 4638 ἃνξιεὶμῷνα
3044 4553 3564 4638 φέρει-τριέλιτςτος

607 4650 823 4720 pluviae,
846 4656 1156 4713 ventorum,
1179 4645 1504 4708 sterilitatis,
1524 4643 1795 4712 sanitatis,
1826 4644 2159 4710 morborum,

606 4741 845 4807 serendi,
877 4741 1121 4805 secandi,
1161 4738 1472 4809 navigandi,
1505 4746 1559 4794 et
1590 4736 1921 4803 medicandi,
1951 4736 2016 4792 de
2040 4738 2162 4807 qui-

605 4833 708 4888 bus
741 4833 839 4890 lib.
866 4849 1000 4887 xvm
1019 4873 1034 4898 ,
1065 4846 1189 4903 cap.
1218 4831 1287 4887 55
1309 4871 1324 4895 ,
1374 4831 1594 4900 capiose
1632 4828 1862 4894 Plinius,
1910 4830 2164 4885 collector

608 4926 1002 4998 Georgicorum,
1041 4926 1242 4981 Aratus
1293 4930 1347 4979 et
1388 4923 1509 4991 alii;
1556 4932 1611 4980 et
1654 4938 1756 4979 nos
1802 4924 2062 4979 nonnulla
2097 4940 2164 4979 ex

605 5020 715 5078 illis
741 5034 1027 5089 excerpere
1059 5019 1398 5074 conabimur.

677 5113 839 5178 1m,
899 5113 996 5166 lin.
1040 5112 1130 5166 ea.
1176 5111 1384 5182 Ἀχλὺς
1429 5109 1538 5181 γὰρ
1597 5109 1659 5164 τὸ
1707 5110 1853 5179 ἀέρι.
1907 5108 2162 5174 Basilius,

609 5209 752 5264 hom.
781 5204 836 5268 6,
877 5203 1122 5258 Ἐπειδὰν
1154 5203 1260 5272 γὰρ
1285 5204 1350 5257 δι’
1382 5203 1573 5273 ἀχλύος
1601 5205 1634 5274 ἡ
1669 5201 1913 5274 ἀναφορὰ
1943 5202 2163 5274 γένηται

605 5301 697 5357 τοῦ
726 5302 898 5372 ἡλίου,
930 5297 1302 5370 ἀμαυροῦνται
1334 5298 1429 5369 μέν
1458 5299 1514 5350 αἱ
1542 5299 1775 5361 ἀκτῖνες,
1817 5294 2163 5366 ἀνθρακώδης
2189 5370 2196 5377 _

605 5397 662 5451 δὲ
689 5396 782 5450 καὶ
813 5393 1047 5464 ὖφαιμος
1080 5391 1176 5462 τὴν
1204 5390 1365 5464 χρόαν
1389 5393 1597 5461 ὁρᾶται,
1620 5391 1714 5462 τῆς
1740 5388 2044 5460 παχύτητος
2068 5386 2162 5440 τοῦ

605 5491 765 5562 ἀέρος
792 5487 996 5557 ταύτην
1021 5472 1350 5556 ἐμποιούσης
1386 5482 1481 5554 τὴν
1517 5481 1814 5551 φαντασίαν
1841 5484 1959 5543 ταῖς
1988 5480 2160 5550 ὕψεσι.

605 5581 697 5654 Μὴ
732 5581 999 5653 διαχυθεὶς
1048 5578 1105 5631 δέ
1144 5576 1247 5630 ὑπὸ
1273 5576 1371 5645 τῆς
1418 5576 1633 5638 ἀκτῖνος
1664 5575 1693 5626 ὁ
1747 5572 2166 5641 πεπυκνωμένος

606 5674 742 5737 τέως
783 5674 876 5727 καὶ
909 5670 1176 5733 συνεστὼς
1219 5667 1344 5739 ἀὴρ,
1381 5666 1537 5737 δῆλός
1582 5668 1695 5719 ἐστι
1721 5666 1810 5720 διὰ
1851 5666 1949 5737 τὴν
1995 5664 2165 5735 ἀπόρ-

611 5767 758 5835 ῥοιαν
784 5762 892 5815 τῶν
926 5765 989 5816 ἐκ
1019 5762 1116 5833 τῆς
1156 5761 1258 5833 γῆς
1291 5759 1477 5832 ἀτμῶν
1523 5759 1860 5832 κρατηθῆναι
1897 5760 1970 5831 μὴ
2012 5760 2167 5830 δυνη-

609 5852 743 5916 Θεὶς,
765 5850 897 5903 ἀλλὰ
930 5850 1004 5921 τῷ
1029 5849 1348 5922 πλεονασμῷ
1379 5850 1470 5904 τοῦ
1496 5849 1660 5922 ὑγροῦ
1689 5849 1927 5921 χειμῶνα
1950 5848 2164 5913 ἐπάξων

2298 4626 2404 4680 Καὶ
2415 4625 2653 4695 μᾶλλον
2661 4625 3159 4697 μελανεῦσαιζκαὶ
3175 4633 3225 4685 εί
3233 4625 3557 4699 [summa

2263 4741 2434 4794 Areas
2460 4739 2563 4796 has
2591 4756 2825 4799 coronas
2860 4745 3074 4799 vocavit
3102 4744 3311 4801 Plinius
3347 4743 3443 4799 lib.
3479 4759 3541 4807 ιι,
3568 4759 3688 4814 cap.
3727 4742 3824 4809 29,.

2263 4830 2480 4902 quando
2522 4831 2773 4890 videlicet
2804 4836 2950 4890 circa
2987 4838 3158 4893 solem
3190 4847 3244 4891 et
3289 4837 3495 4899 lunam,
3537 4836 3619 4892 vel
3660 4836 3812 4889 aliam

2262 4922 2460 4976 claram
2493 4925 2703 4980 stellam
2738 4927 2977 4983 circulus
3022 4928 3377 4998 conspicitur.
3413 4925 3690 4982 Exsistunt
3719 4943 3819 4981 ατο

2261 5013 2378 5069 dem
2406 5033 2610 5072 corona:
2639 5021 2780 5073 circa
2812 5021 3012 5087 lurtam,
3041 5031 3088 5076 et
3117 5022 3258 5076 circa
3290 5021 3487 5076 nobilia
3516 5032 3663 5075 astra
3692 5021 3811 5075 ctelo

2262 5123 2460 5179 quoque
2493 5109 2822 5166 inha'rentia.
2861 5113 3179 5171 Aristoteles
3210 5115 3278 5169 de
3325 5113 3409 5168 his
3442 5113 3537 5168 lib.
3575 5128 3659 5179 ιιι,
3705 5110 3812 5166 He-

2265 5210 2391 5255 teor.
2425 5204 2666 5257 omnium
2702 5205 3128 5262 absolutissime.
3838 5203 3847 5234 ³

2330 5291 2489 5353 lbid.,
2539 5294 2634 5350 lin.
2674 5296 2735 5350 51
2779 5316 2792 5352 :
2841 5298 3019 5352 Ὲπὰν
3063 5296 3133 5350 δὲ
3180 5298 3279 5352 καὶ
3337 5299 3391 5351 οί
3441 5298 3807 5366 καλούμενοι.

2262 5383 2463 5438 Aratus
2506 5404 2521 5440 :

2297 5501 2557 5572 Σκεπτεο
2582 5500 2632 5554 δ’
2653 5501 2690 5569 ἣ
2714 5502 3006 5568 ἀνιόντος.
3032 5500 3071 5569 ἢ
3100 5503 3313 5557 αὐτίκα
3343 5500 3651 5572 δυομένοιο

2299 5571 2372 5624 Et
2395 5588 2511 5625 που
2540 5576 2592 5626 ot
2624 5572 2851 5641 νεφέων
2877 5572 2949 5626 τὰ
2973 5572 3236 5642 παρήλια
3258 5571 3701 5642 κικλήσκονται.

2302 5642 2374 5712 Ἦ,
2394 5644 2590 5712 νότου,
2630 5644 2702 5710 ὴὲ
2725 5642 2951 5711 βορῆος
2976 5641 3270 5712 ἐρεύθεται
3296 5643 3334 5711 ἢ
3358 5641 3688 5710 ἑκάτερθεν,

2297 5711 2392 5779 Μὴ
2413 5711 2463 5764 δ’
2485 5713 2634 5766 οὕτω
2656 5713 2918 5779 σκοπιὴν
2936 5711 3157 5782 ταύτην
3177 5713 3438 5783 ἀμινῆνα
3456 5712 3813 5783 φυλάσσειν*

2298 5784 2379 5854 οὐ
2389 5782 2501 5854 γὰρ
2518 5782 2600 5835 ὅτ’
2616 5783 3024 5854 ἀμφοτέρωθεν
3043 5785 3191 5854 ὁμοῦ
3206 5782 3337 5853 περὶ
3346 5783 3584 5854 μέσσον
3597 5782 3807 5851 ἔχωσιν

2313 5851 2537 5907 Ἠέλιον
2562 5851 2747 5908 κεῖναι
2780 5851 3023 5925 νεφέλαι
3045 5851 3290 5924 σχεδὸν
3306 5853 3617 5919 Ὠκεανοῖο,
