4064 6290
255 370 363 427 865

296 489 498 558 Γίττῃ
509 509 569 558 αι
597 485 847 558 ἀμϐολίη
873 485 1068 558 διόθεν
1089 485 1609 557 χειμῶνοςΊόντος.

290 559 368 613 El
380 555 459 628 ’τε
472 555 588 625 μὲν
607 557 674 610 ἐκ
701 556 920 628 βορέαο
943 557 1041 628 μίἈ
1059 555 1152 625 οἴη
1177 555 1552 628 φοινίσσοιτο
1578 598 1592 621 ,

308 626 408 681 Ἐκ
419 627 612 694 βορέω
640 627 850 692 πνοιάς
879 644 945 680 κε
971 626 1154 696 φέροι·
1179 629 1345 694 νοτιη
1378 627 1444 679 δὲ
1466 628 1678 680 νότοιο.

297 697 365 752 Ἠ
399 697 499 750 καί
523 713 639 750 που
663 696 1016 766 ῥαθάμιγγες
1041 697 1418 765 ἐπιτροχόωσ’
1447 698 1659 761 ὐετοῖο,

307 767 633 836 Ἐσπερίοις
653 768 751 836 καὶ,
770 765 1008 835 μᾶλλον
1027 767 1344 835 ἐπιπρεπὲς
1365 766 1540 836 ἤματι
1561 770 1810 834 τούτοιςο

305 835 665 907 Ἐσπερόθεν
693 835 803 906 τὰρ
832 837 987 907 όμῶς
1017 839 1365 907 σημαίνεται
1396 835 1646 907 ἐμμενὲς
1677 837 1810 892 αἰεί.

261 951 338 1007 De
377 949 664 1014 antbeliis,
699 949 813 1004 sive
837 949 1090 1020 pareliis‘,
1133 948 1470 1013 Aristoteles,
1499 947 1725 1017 Plinius,
1759 956 1815 1005 et

260 1043 373 1098 alii.

330 1134 448 1190 Col.
467 1133 590 1196 720,
609 1133 712 1188 11in.
737 1133 806 1188 53
838 1152 850 1188 :
876 1131 984 1186 Kal
1003 1130 1184 1185 πάλιν
1217 1132 1395 1200 ἡνίκα
1406 1129 1667 1198 ῥάϐδοις.
1693 1131 1814 1187 Ari-

262 1229 484 1284 stoteles
519 1226 738 1282 Πειθοῖ.
774 1227 867 1280 lib.
899 1241 979 1286 ut,
1010 1225 1210 1294 parelia
1235 1225 1513 1289 scribit,-et
1531 1225 1707 1295 virgas
1723 1241 1816 1280 ea-

258 1321 381 1376 dem
404 1336 470 1375 ex
494 1335 658 1374 causa
684 1320 818 1381 ﬁeri,
844 1319 938 1374 sed
968 1318 1131 1374 nubis
1152 1319 1340 1374 habitu
1369 1319 1605 1382 diverso,
1640 1319 1814 1388 siqui-

257 1409 381 1466 dem
411 1425 532 1464 cum
569 1410 658 1463 illa
708 1409 1028 1479 caliginosa,
1071 1418 1122 1463 et
1161 1407 1403 1478 aequalis,
1449 1423 1512 1462 ac
1555 1415 1814 1478 praeterea

259 1517 463 1573 aquosa
487 1503 762 1572 densaque
790 1501 970 1566 fuerit,
1004 1509 1116 1556 tum
1146 1503 1321 1556 visum
1355 1511 1612 1571 tanquam
1647 1515 1677 1554 a
1708 1501 1814 1556 levi

259 1597 482 1666 speculo
529 1596 595 1649 ad
646 1597 810 1650 solem
871 1594 1126 1650 reﬂexum
1181 1593 1471 1649 candorem
1507 1594 1809 1662 concipere.

261 1687 438 1744 Solem
482 1691 622 1745 enim
656 1696 709 1743 et
756 1689 936 1744 colore
978 1696 1030 1742 et
1065 1689 1233 1758 ﬁgura
1280 1687 1482 1743 referre
1528 1687 1810 1757 parelium,

260 1795 326 1835 ac
357 1781 514 1836 nubis
542 1781 754 1850 quidem
786 1779 1148 1850 aequalitatem
1177 1778 1376 1833 coloris
1414 1793 1536 1832 esse
1563 1791 1810 1836 causam.

261 1872 602 1927 reﬂexionem
629 1880 805 1926 autem
834 1873 980 1925 visus
1014 1870 1078 1924 ad
1113 1870 1308 1924 nubem
1345 1877 1598 1939 tanquam
1624 1882 1814 1939 specu-
1845 1859 1883 1912 Β

259 1966 369 2020 lum
411 1964 610 2032 ﬁgurae,
642 1979 764 2019 cum
795 1964 885 2018 illa
924 1971 981 2018 ut
1018 1965 1254 2018 nondum
1285 1963 1355 2019 sit
1389 1977 1547 2032 aqua,
1581 1962 1655 2015 ita
1683 1977 1814 2014 con-

258 2058 435 2114 festim
467 2060 536 2114 sit
570 2060 623 2112 in
646 2073 708 2113 ea
751 2059 1029 2122 mutanda,
1062 2057 1291 2126 ideoque
1333 2057 1568 2126 pluviam
1597 2065 1813 2124 porten-

256 2152 385 2206 dere
419 2153 680 2221 parelium
711 2152 882 2221 magis
920 2150 984 2204 ad
1022 2159 1265 2205 austrum
1298 2163 1457 2217 quam
1489 2147 1555 2200 ad
1593 2148 1812 2198 boream

255 2244 440 2307 situm,
467 2245 610 2313 quod
633 2243 777 2298 illius
805 2258 898 2297 aer
925 2242 1138 2296 facilius
1158 2256 1320 2311 quam
1351 2239 1512 2308 hujus
1543 2240 1596 2292 in
1620 2252 1812 2308 aquam

254 2341 519 2388 transeat.
553 2332 794 2402 Denique
828 2333 1037 2387 oriente
1078 2342 1130 2386 et
1173 2331 1453 2386 occidente
1493 2330 1606 2384 sole
1638 2329 1810 2392 cerni,

255 2440 366 2478 non
393 2426 496 2478 alte
517 2425 610 2478 sed
643 2425 858 2492 oblique
892 2423 1018 2486 sita,
1050 2430 1109 2476 ut
1139 2429 1192 2478 et
1221 2423 1420 2491 virgas,
1447 2436 1567 2491 qua:
1591 2427 1812 2490 propter

258 2515 483 2569 nubium
516 2515 932 2583 inaequalitatem
958 2515 1036 2568 sic
1059 2522 1342 2567 vocantur.

331 2605 491 2668 lbid.,
544 2606 638 2660 lin.
671 2605 758 2660 58.
815 2606 874 2660 Ἠ
913 2606 979 2659 δὲ
1037 2605 1266 2673 σελήνη
1325 2604 1566 2659 ἐπειδὰν
1616 2603 1685 2657 ἐν
1739 2600 1812 2670 τῇ

257 2695 444 2762 τρίτῃ.
480 2694 730 2759 Basilius,
774 2697 920 2750 hom.
953 2696 1007 2761 6,
1047 2698 1227 2769 Λεπτὴ
1268 2698 1363 2768 μὲν
1391 2697 1498 2768 γὰρ
1526 2692 1659 2749 οὖσα
1687 2695 1813 2766 περὶ

256 2788 444 2859 τρίτην
493 2789 700 2859 ἡμέραν
747 2789 838 2842 καὶ
879 2789 1110 2860 καθαρὰ,
1161 2789 1424 2861 σταθερὰν
1470 2789 1648 2843 εὐδίαν
1685 2807 1813 2842 κατ-

257 2879 665 2946 επαγγέλλεται·
685 2882 878 2949 παχεῖα
892 2879 946 2931 δὲ
968 2883 1085 2942 ταῖς
1107 2881 1372 2951 κεραίαις,
1397 2882 1488 2934 καὶ
1513 2880 1811 2951 ὑπέρυθρος

258 2971 572 3040 φαινομένη,
606 2971 638 3040 ἢ
667 2971 758 3023 καὶ
801 2971 942 3043 ὕδωρ
999 2971 1196 3043 λάϐρον
1223 2972 1327 3025 ἀπὸ
1359 2971 1552 3040 νεφῶν,
1593 2971 1625 3042 ἢ
1658 2971 1808 3024 νότου

258 3060 434 3129 βιαίαν
478 3063 687 3131 κίνησιν
732 3063 960 3117 ἀπειλεῖ.
1011 3063 1085 3117 Ex
1128 3065 1326 3133 quibus
1360 3065 1575 3133 corrigo
1602 3072 1810 3117 textum

255 3151 545 3217 Eustathii,
580 3153 720 3226 ὕδωρ
747 3155 964 3225 λάϐρον,
992 3155 1024 3226 ἢ
1048 3154 1194 3208 νότον
1219 3155 1406 3226 βίαιον.
1435 3156 1632 3210 Aratus
1655 3155 1809 3210 lucu-

257 3243 432 3298 lenter
455 3245 569 3299 haec
600 3247 780 3299 omnia
807 3265 818 3300 :

289 3335 483 3406 Λεπτὴ
509 3335 624 3404 μὲν
653 3336 875 3406 καθαρὴ
913 3355 976 3391 τε
1003 3337 1133 3405 περὶ
1161 3337 1358 3404 τρίτον
1384 3333 1538 3405 ἦμαρ
1562 3337 1769 3402 ἐοῦσα,

292 3405 500 3472 Εὔδιος
532 3407 584 3458 κ’
611 3407 722 3472 εἴη,
752 3405 941 3474 λεπτὴ
971 3408 1038 3461 δὲ
1063 3409 1156 3462 καὶ
1187 3411 1256 3460 οὐ
1279 3407 1418 3475 μάλ’
1439 3408 1686 3475 ἐρευθὴς

291 3477 642 3546 Πνευματίη.
669 3479 859 3545 Πακίη
891 3479 957 3531 δὲ
993 3479 1086 3532 καὶ
1119 3479 1433 3546 ἀμϐλείῃσι
1465 3480 1723 3546 κεραίαις

296 3545 573 3618 Τέτρατον
598 3549 664 3600 ἐκ
693 3547 1015 3614 τριατάτοιο
1038 3545 1194 3617 φόως
1220 3545 1776 3618 ἀμενηνόιίέχουσα

296 3617 363 3670 Ἦ
389 3617 539 3682 νότῳ
557 3618 930 3685 ἀμϐλύνεται,
954 3619 991 3687 ἢ
1015 3619 1228 3683 ὓδατος
1245 3617 1421 3688 ἐγγὺς
1443 3619 1666 3683 ἐόντος.

260 3726 478 3782 Varro:
517 3726 576 3783 Si
625 3740 810 3798 quarto
867 3729 951 3785 die
1003 3734 1127 3784 (una
1168 3733 1266 3784 erit
1313 3731 1532 3796 directa,
1566 3749 1810 3802 magnam

259 3829 608 3890 tempestatem
643 3823 694 3874 in
728 3824 862 3874 mari
903 3824 1198 3892 prazsagiet,
1229 3826 1329 3876 nisi
1355 3825 1400 3876 si
1429 3840 1676 3877 coronam
1703 3827 1808 3878 cir-
1875 3863 1879 3868 ς

257 3927 318 3964 ea
359 3928 413 3965 se
439 3910 666 3976 habebit,
699 3920 745 3964 et
780 3926 893 3964 eam
925 3913 1186 3965 sinceram
1215 3929 1233 3966 :
1267 3915 1512 3983 quoniam
1533 3913 1626 3968 illo
1657 3915 1810 3970 modo

259 4019 359 4056 non
385 4013 502 4057 ante
529 4003 743 4071 planam
771 4002 949 4057 lunam
975 4003 1323 4058 hiematurum
1354 4003 1598 4070 ostendit,
1630 4007 1676 4059 si
1701 4007 1809 4074 ple-

261 4094 462 4147 nilunio
498 4111 588 4162 per
621 4094 894 4147 dimidium
927 4110 1059 4163 pura
1088 4096 1206 4158 erit,
1237 4094 1348 4150 dies
1371 4111 1577 4150 serenos
1607 4097 1810 4166 signiﬁ-

259 4187 490 4240 cabrt:si
520 4187 698 4248 rutila,
732 4196 905 4240 ventos
936 4203 954 4239 :
979 4189 1291 4258 nigrescens,
1313 4189 1524 4241 imbres.
1554 4186 1613 4242 Si
1640 4190 1806 4259 caligo

258 4279 398 4332 orbis
421 4277 604 4331 nubem
638 4279 926 4342 incluserit,
959 4288 1132 4333 ventos
1164 4295 1266 4348 qua
1293 4296 1347 4332 se
1386 4281 1580 4347 ruperit
1607 4295 1624 4332 :
1659 4281 1705 4334 si
1729 4297 1810 4349 ge-

261 4370 387 4422 mini
405 4369 550 4424 orbes
571 4370 866 4439 junxerint,
896 4370 1151 4440 majorem
1171 4380 1548 4439 tempestatem,
1571 4381 1620 4425 et
1643 4374 1807 4442 magis

258 4463 304 4516 si
329 4471 430 4516 tres
457 4475 628 4528 erunt,
651 4473 740 4517 aut
782 4463 938 4533 nigri,
978 4471 1070 4516 aut
1099 4463 1396 4532 interrupti,
1433 4473 1585 4534 atque
1607 4463 1805 4517 distra-

1254 368 1320 424 ΙΝ
1361 367 1730 425 EUSTATHH
1758 368 2225 425 HEXAEMERON
2262 371 2487 429 NOTAE.

3362 375 3466 432 866

1844 507 1890 562 Α
1921 488 2015 542 hoc
2041 491 2322 545 concedant
2353 492 2517 546 oculis
2539 490 2754 556 nostris,
2782 499 2836 543 ut
2859 506 2920 543 ea
2945 488 3048 543 duo
3072 488 3266 552 sidera,
3284 491 3470 543 mani—

1913 580 2101 649 festum
2131 584 2200 635 sit
2239 583 2463 652 amplius
2503 584 2701 638 carteris
2741 584 2911 638 lucere
2938 599 3091 650 super
3128 592 3338 645 terram,
3377 599 3468 636 nec

1911 672 2047 727 diem
2068 675 2352 730 clarescere
2385 677 2488 730 nisi
2515 675 2625 730 luce
2651 676 2802 739 solis,
2830 691 2921 728 nec
2953 684 3155 728 noctem
3189 683 3263 726 tot
3299 673 3467 728 stellis

1913 766 2252 836 fulgentibus.
2287 770 2363 822 ita
2396 769 2562 822 lucere
2597 770 2642 822 si
2675 769 2800 822 luna
2842 767 2998 833 desit,
3029 766 3470 838 quemadmodum

1911 860 2189 927 praesentia
2216 859 2357 914 illius
2389 861 2719 914 illustratur.

1981 948 2140 1016 lbid.,
2172 950 2267 1005 lin.
2294 951 2383 1005 M.
2423 951 2499 1006 Τὰ
2535 950 2602 1004 δὲ
2627 951 2817 1019 ἄστρα
2844 950 2943 1004 καὶ
2962 949 3186 1020 μηνῶν.
3219 948 3294 1005 De
3321 950 3472 1005 varia

1912 1050 2180 1096 astrorum
2215 1042 2688 1096 observatione'in
2723 1057 2973 1112 agrorum
3019 1043 3252 1104 cultura,
3301 1041 3470 1094 multa

1910 1140 2142 1194 veteres,
2173 1131 2405 1196 Plinius,
2441 1132 2870 1206 TheOpbrastus,
2903 1131 3098 1197 Varro,
3124 1140 3312 1187 auctor
3339 1130 3470 1186 Ceo-

1911 1224 2238 1292 ponicorum,
2269 1233 2323 1279 et
2356 1225 2470 1279 alii.

1981 1313 2140 1378 Ibid.,
2188 1316 2283 1369 lin.
2323 1315 2414 1370 46.
2449 1313 2562 1370 Kal
2604 1317 2663 1369 al
2696 1314 2969 1382 πλειάδες
3007 1314 3468 1369 άνατέλλουσαι.

1909 1404 2180 1462 Hesiodus
2205 1407 2259 1461 in
2294 1409 2519 1478 Ἔργοις
2545 1408 2641 1461 καὶ
2667 1408 2930 1478 ἡμέραις,
2966 1407 3004 1462 l.
3035 1423 3096 1461 tl.

1944 1520 2256 1586 Πληϊάδων
2302 1521 2690 1589 Ἀτλαγενέων
2717 1519 3242 1586 ἐπιτελλομενάων,

1951 1592 2216 1659 Ἀρχεσθ’
2237 1591 2481 1659 ἀμητοῦ·
2511 1592 2742 1659 ἀρότοιο
2773 1591 2839 1643 δὲ
2863 1589 3310 1659 δυσσομενάων*

1946 1659 2018 1713 Al
2045 1659 2117 1726 δή
2148 1678 2233 1714 τοι
2256 1662 2475 1730 νύκτας
2498 1679 2560 1715 τε
2593 1661 2688 1714 καὶ
2711 1661 2903 1730 ἤματα
2923 1659 3369 1730 τεσσαράκοντα

1943 1733 2329 1799 Κεκρύφαταιο
2364 1727 2531 1796 αὖτις
2559 1731 2624 1783 δὲ
2648 1727 3078 1800 περιπλομένου
3108 1727 3386 1783 ἐνιαυτοῦ

1947 1802 2277 1865 Φαίνονται,
2302 1800 2372 1854 τὰ
2403 1801 2602 1869 πρῶτα
2628 1802 3099 1870 χαρασσομένοιο
3126 1800 3398 1868 σιδήρου.

1913 1913 1977 1966 Ει
2012 1914 2330 1978 Columella,
2358 1913 2432 1967 De
2468 1930 2522 1967 re
2546 1914 2764 1978 rustica,
2799 1913 2893 1967 lib.
2935 1928 2995 1977 ιι,
3035 1927 3155 1981 cap.
3196 1912 3250 1975 8,
3291 1911 3470 1965 l'lacet

1912 2015 2090 2060 nostro
2131 2015 2294 2074 poetic
2337 2007 2605 2069 adoreum,
2665 2015 2818 2076 atque
2879 2006 3037 2059 etiam
3081 2005 3311 2058 triticum
3367 2019 3470 2058 non

1911 2105 2030 2152 ante
2061 2099 2318 2150 seminare
2338 2113 2491 2166 quam
2520 2096 2798 2151 occiderint
2829 2095 3062 2167 Virgilio:
3089 2097 3262 2166 :quod
3296 2097 3470 2166 ipsum

1910 2192 2140 2244 numeris
2177 2191 2252 2243 sic
2288 2191 2527 2243 edisserit
2557 2203 2576 2242 :

1997 2282 2064 2352 At
2097 2283 2142 2334 si
2173 2283 2427 2335 triticeam
2461 2283 2514 2334 in
2545 2298 2783 2346 messem,
2814 2281 3126 2352 robustaque
3154 2285 3304 2351 farra

1993 2350 2269 2406 Exercebis
2293 2353 2504 2404 humum
2537 2352 2760 2420 solisque
2782 2353 2999 2406 instabis
3030 2350 3209 2408 aristis
3233 2393 3249 2421 ,

1995 2424 2128 2476 Ante
2163 2421 2255 2475 tibi
2285 2421 2409 2476 an:
2436 2422 2730 2476 Atlantides
2763 2423 3170 2480 abscondantur.

1910 2534 2313 2589 Absconduntur
2339 2544 2510 2588 autem
2539 2536 2703 2590 altero
2747 2545 2795 2590 et
2820 2537 3079 2590 tricesimo
3113 2536 3198 2590 die
3228 2545 3343 2606 post
3379 2553 3470 2590 au-

1912 2627 2141 2681 tumnale
2191 2627 2591 2696 w’luinoctium,
2639 2628 2785 2697 quod
2837 2628 2944 2697 fere
2996 2628 3274 2698 conficitur
3331 2645 3470 2683 nono

1910 2715 2138 2772 Kalend.
2167 2715 2405 2772 Octobris
2435 2731 2453 2770 :
2479 2725 2690 2786 propter
2713 2717 2849 2788 quod
2878 2718 3098 2788 intelligi
3129 2717 3274 2772 debet
3304 2720 3468 2772 tritici

1918 2813 2054 2866 satio
2084 2811 2286 2865 dierum
2323 2827 2413 2889 sep:
2436 2820 2486 2865 et
2523 2811 2871 2882 quadraginta
2911 2812 2974 2864 ab
3001 2828 3189 2866 occasu
3221 2811 3468 2883 Virgilia-

1911 2922 2025 2958 rum
2059 2905 2146 2974 qui
2180 2906 2240 2973 fit
2273 2914 2394 2958 ante
2418 2904 2553 2957 diem
2583 2921 2634 2958 lx
2668 2901 2894 2960 Kalend.
2921 2903 3228 2959 Novembris
3252 2905 3318 2958 ad
3343 2905 3468 2958 bru-

1911 3011 2009 3049 ma:
2044 3005 2276 3064 tempora
2309 2995 2427 3048 :sic
2456 2995 2593 3049 enim
2627 3005 2832 3049 servant
2878 2995 3154 3064 prudentes
3197 2997 3464 3068 agricolae,

1909 3097 1967 3142 ut
1999 3087 2290 3158 quindecim
2328 3087 2506 3142 diebus
2543 3089 2686 3150 prius
2733 3105 2887 3158 quam
2911 3091 3222 3159 conﬁciatur
3258 3089 3464 3154 bruma,

1911 3177 2224 3248 totidemque
2262 3187 2377 3246 post
2423 3194 2538 3230 eam
2586 3177 2872 3246 confectam
2909 3196 3068 3250 neque
3108 3188 3279 3244 arent,
3306 3196 3470 3250 neque

1911 3271 2064 3325 vitem
2098 3280 2188 3323 aut
2224 3271 2461 3324 arborem
2488 3279 2689 3339 putent.

1977 3360 2134 3425 lbid.,
2166 3362 2260 3416 lin.
2281 3361 2368 3416 54.
2394 3360 2512 3429 Πρὸ
2543 3360 2610 3413 δὲ
2642 3361 2863 3414 τούτων
2889 3363 3120 3430 χρόνος.
3171 3361 3335 3432 quue
3364 3361 3465 3417 de-

1909 3453 2203 3508 monstrari
2241 3461 2414 3523 potest
2444 3460 2760 3522 argumento
2789 3453 3121 3508 Validissian
3152 3471 3212 3509 ex
3255 3453 3468 3509 Aristo-

1910 3545 2031 3599 telis
2056 3545 2324 3607 doctrina,
2357 3545 2752 3615 praasupposito
2779 3552 2991 3614 tempus
3025 3560 3144 3601 esse
3175 3561 3464 3600 numerum

1910 3645 2108 3693 motus.
2166 3638 2223 3691 lu
2276 3651 2383 3705 quo
2437 3643 2615 3690 autem
2668 3637 2881 3690 dill‘erat
2933 3651 3102 3691 aevum
3147 3651 3179 3690 a
3225 3643 3468 3707 tempore

1910 3733 2065 3802 plura
2095 3729 2320 3784 Proclus
2364 3729 2667 3784 DiadOchus
2697 3729 2749 3782 in
2780 3729 3057 3800 Tlteologia
3091 3728 3392 3786 Platonica.

1978 3822 2134 3887 lbid.,
2174 3823 2268 3875 lin.
2301 3821 2386 3876 57.
2423 3820 2672 3889 Καιροὺς
2695 3819 2761 3873 δὲ
2783 3821 2982 3891 λέγειν
3011 3822 3325 3890 ἡγούμεθα.
3363 3822 3468 3878 Ba-

1911 3915 2089 3980 silius,
2118 3914 2264 3968 hom.
2300 3912 2354 3976 6,
2389 3914 2624 3984 Καιροὺς
2651 3912 2706 3964 δὲ
2738 3911 2913 3981 λέγειν
2941 3911 3218 3984 ἡγούμεθα
3236 3913 3334 3978 τὰς
3357 3914 3466 3970 τῶν

1908 4005 2064 4077 ὡρῶν
2109 4003 2427 4072 ὲναλλαγὰς,
2465 4003 2747 4075 χειμῶνος,
2782 4003 2876 4057 καὶ
2907 4003 3084 4074 ἔαρος,
3123 4006 3216 4058 καὶ
3254 4005 3462 4077 θέρους,

1908 4097 2000 4149 καὶ
2029 4093 2361 4166 μετοπώρου·
2385 4095 2448 4158 ἃς
2476 4095 2746 4159 εὐτάκτως
2771 4094 3099 4166 περιοδεύειν
3130 4097 3273 4166 ἡμᾶς
3295 4097 3356 4150 τδ
3377 4115 3466 4152 τε-

1907 4187 2171 4256 ταγμένον
2208 4187 2304 4257 τῆς
2341 4187 2602 4256 κινήσεως
2633 4186 2738 4240 τῶν
2767 4189 3062 4259 φωστήρων
3091 4189 3335 4260 παρέχει.
3389 4190 3463 4244 De

1908 4288 2142 4350 quatuor
2168 4281 2294 4332 anni
2327 4287 2626 4348 temporum
2654 4279 3030 4336 vicissitudine
3057 4283 3334 4348 nonnulla,
3359 4283 3460 4338 etsi

1908 4372 2186 4442 pueriliter
2212 4369 2655 4442 phil050pbatur,
2687 4379 2740 4425 et
2770 4372 2924 4441 quasi
2953 4373 3178 4442 plastice
3209 4375 3463 4444 proponit

1907 4464 2247 4529 Eustathius,
2294 4462 2408 4518 sive
2456 4461 2780 4517 Eumathius
2826 4463 3229 4520 Macrembolita
3270 4466 3366 4521 lib.
3405 4484 3460 4522 tv

258 4555 342 4608 eti.
381 4553 615 4610 Nascens
647 4557 770 4610 luna
807 4558 852 4610 si
893 4571 1053 4610 cornu
1089 4558 1353 4623 superiore
1386 4556 1568 4610 obatro
1611 4567 1804 4626 surget,
1840 4562 1883 4616 υ
1911 4555 1987 4610 De
2017 4555 2282 4608 amoribus
2319 4553 2550 4608 Ismenes
2578 4564 2627 4607 et
2650 4553 2912 4609 Ismeniae.

256 4647 454 4716 pluvias
487 4647 782 4702 decrescens
818 4648 986 4712 dabit,
1034 4649 1081 4700 si
1125 4648 1391 4717 inferiore,
1431 4657 1550 4701 ante
1579 4647 1806 4717 plenilu-

258 4738 420 4803 nium,
454 4739 501 4791 si
530 4739 582 4790 in
610 4738 780 4791 media
813 4738 1026 4807 nigritia
1051 4739 1143 4790 illa
1173 4739 1352 4807 fuerit,
1373 4738 1589 4792 imbrem
1620 4739 1672 4792 in
1697 4737 1807 4805 ple-

259 4829 476 4882 nilunio.
519 4829 579 4884 Si
622 4831 772 4898 plana
825 4831 966 4882 circa
1009 4845 1061 4881 se
1103 4828 1309 4882 habebit
1356 4829 1550 4895 orbem,
1591 4845 1654 4884 ea:
1701 4846 1806 4900 qua

257 4931 399 4988 parte
427 4920 506 4973 his
535 4926 763 4974 maxime
800 4920 1104 4988 splendebit,
1134 4935 1196 4973 ex
1222 4937 1283 4975 ea
1309 4933 1512 4975 ventum
1540 4923 1804 4987 ostendet;

259 5013 300 5065 si
336 5013 390 5064 in
429 5021 545 5065 ortu
593 5029 789 5065 cornua
828 5013 1093 5066 crassiora
1131 5011 1347 5079 fuerint,
1379 5012 1649 5066 horridam
1679 5025 1804 5068 temo

257 5113 524 5172 pestatem.
552 5102 612 5157 Si
641 5113 762 5158 ante
783 5115 1023 5174 quartam
1051 5121 1151 5157 non
1175 5106 1438 5173 apparuit,
1466 5114 1612 5158 vento
1640 5104 1806 5160 Favo-

259 5195 340 5248 nio
367 5195 548 5263 ﬂante,
580 5195 820 5249 hiemalis
850 5205 957 5250 toto
991 5212 1158 5249 mense
1183 5197 1302 5251 erit.
1339 5197 1398 5252 Si
1425 5197 1626 5250 decima
1657 5208 1806 5252 sexta

259 5288 597 5342 vehementius
628 5289 872 5358 flammea
911 5289 1233 5356 apparuerit.
1272 5305 1486 5357 asperas
1532 5297 1806 5357 tempesta-

261 5389 331 5433 tes
367 5382 660 5450 prazsagiet.
693 5380 786 5435 His
818 5381 1014 5434 similia
1046 5380 1206 5434 habet
1229 5379 1437 5435 Plinius
1471 5381 1608 5434 libro
1636 5381 1802 5446 dicto,

258 5479 307 5526 et
347 5482 534 5526 auctor
581 5470 1010 5541 Geoponicorum,
1056 5472 1150 5524 lib.
1194 5487 1246 5538 ις
1301 5470 1542 5528 Ruellius
1591 5474 1801 5528 collect.

260 5561 331 5614 De
357 5562 631 5615 uativitate
653 5563 913 5627 stirpium,
951 5559 1043 5614 lib.
1081 5576 1140 5624 ιι,
1163 5575 1282 5631 cap.
1325 5560 1395 5614 De
1420 5563 1691 5632 prwsagiis
1719 5580 1806 5617 so—

260 5649 319 5703 lis
345 5660 394 5704 et
426 5651 597 5715 lunw;
629 5658 681 5706 et
711 5649 1141 5720 Theophrastus.

323 5742 482 5807 lbid.,
520 5743 616 5797 lin.
649 5741 738 5796 42.
775 5743 1024 5809 Ὄργανα
1051 5735 1163 5794 οὖν
1193 5742 1443 5810 χρόνων.
1473 5742 1804 5813 Augustinus

264 5834 333 5888 De
359 5833 543 5890 Genesi
575 5836 642 5890 ad
675 5835 780 5890 litt.
805 5834 900 5890 lib.
932 5849 992 5898 ιι,
1027 5848 1147 5904 cap.
1182 5833 1268 5903 l6,
1300 5832 1468 5902 Certe,
1500 5837 1695 5907 inquit,
1728 5835 1805 5891 vel

1975 4648 2092 4701 Col.
2123 4647 2243 4712 πει,
2281 4647 2376 4700 lin.
2414 4646 2463 4700 ι.
2505 4647 2613 4699 Καὶ
2653 4646 2870 4715 χειμὼν
2890 4647 3005 4715 μὲν
3031 4649 3267 4718 γίνεται.
3304 4647 3458 4704 Basi-
3551 4626 3557 4636 ’

1906 4738 2032 4801 lius,
2069 4737 2212 4790 hom.
2240 4737 2291 4799 6,
2325 4734 2542 4805 Χειμὼν
2588 4736 2686 4805 μὲν
2727 4735 2833 4806 γὰρ
2870 4735 3072 4804 γίνεται
3113 4741 3224 4800 τοῖς
3269 4739 3460 4803 νοτίοις

1908 4830 2092 4901 μέρεσι
2130 4829 2222 4882 τοῦ
2257 4828 2403 4899 ἡλίου
2433 4827 2952 4900 προσδιατρίϐοντος,
2991 4831 3082 4882 καὶ
3117 4831 3247 4893 πολὺ
3275 4831 3334 4883 τὸ
3369 4849 3460 4884 νυ-

1905 4921 2147 4992 κτερινὸν
2180 4919 2420 4988 σκίασμα
2452 4919 2577 4989 περὶ
2607 4919 2695 4970 τὸν
2725 4918 2842 4971 καθ’
2882 4920 3026 4989 ἡμᾶς
3066 4921 3224 4973 τόπον
3261 4923 3457 4975 ἀποτε-

1903 5013 2136 5076 λοῦντος,
2167 5011 2304 5064 ὥστε
2331 5010 2730 5080 καταψύχεσθαι
2760 5010 2856 5080 μὲν
2888 5011 2975 5063 τὸν
3007 5012 3133 5084 περὶ
3163 5014 3263 5083 γῆν
3300 5015 3454 5087 ἀέρα,

1906 5103 2079 5164 πάσας
2127 5102 2182 5154 δὲ
2231 5102 2327 5164 τὰς
2376 5100 2545 5171 ὑγρὰς
2599 5098 3012 5170 ἀναθυμιάσεις,
3071 5103 3457 5174 συνισταμένας

1906 5195 2032 5266 περὶ
2063 5195 2228 5264 ἡμᾶς,
2260 5191 2480 5263 ὄμϐρων
2505 5207 2560 5243 τε
2586 5192 2761 5245 αἰτίαν
2797 5193 2887 5244 καὶ
2912 5192 3156 5264 κρυμῶν,
3182 5195 3272 5247 καὶ
3304 5195 3457 5263 νιφά-

1903 5288 1991 5350 δος
2037 5285 2314 5356 ἀμυθήτου
2361 5281 2639 5352 παρέχειν.
2689 5284 2900 5339 Gemin.
2952 5285 3024 5339 De
3057 5296 3323 5354 apparent.
3355 5303 3456 5339 cae-

1907 5379 2045 5441 lest.,
2081 5367 2267 5450 Τροπὴ
2296 5378 2352 5430 δέ
2381 5381 2494 5432 ὲστι
2531 5376 2826 5450 χειμερινὴ,
2863 5378 2986 5432 ὅταν
3013 5380 3040 5432 ὁ
3064 5377 3209 5448 ἥλιος
3243 5379 3456 5448 πορῤωο

1904 5468 2051 5538 τάτῳ
2080 5467 2237 5537 ἡμῶν
2267 5467 2362 5537 τῆς
2393 5469 2654 5538 οἰκήσεως
2691 5466 2942 5538 γένηται,
2963 5467 3054 5520 καὶ
3080 5467 3456 5530 ταπεινότατος

1901 5560 1976 5623 ὡς
2005 5560 2140 5630 πρὸς
2162 5559 2250 5614 τὸν
2278 5561 2544 5631 ὁρίζοντα,
2573 5559 2666 5612 καὶ
2697 5558 3010 5612 νοτιώτατον
3039 5557 3231 5611 κύκλον
3249 5558 3454 5633 γράψῃ,

1904 5653 1999 5706 καὶ
2031 5654 2291 5724 μεγίστην
2324 5652 2511 5706 πασῶν
2549 5652 2655 5705 τῶν
2688 5654 2744 5705 ἐν
2782 5649 3007 5720 ἐνιαυτῷ
3043 5649 3210 5703 νύκτα
3236 5652 3446 5725 ποιήση-

1903 5759 2010 5806 ται,
2045 5742 2327 5814 ἐλαχίστην
2353 5743 2410 5797 δὲ
2441 5744 2672 5816 ἡμέραν.

1973 5833 2133 5900 lbid.,
2185 5835 2279 5892 lin.
2331 5836 2380 5891 7.
2445 5834 2712 5890 Ἐπειδὰν
2757 5833 2825 5889 δὲ
2875 5833 3148 5888 ἐπανιών.
3203 5835 3458 5904 Basilius,
