4064 6290
608 393 712 449 867
1917 367 2160 426 LEONiS

2288 360 2465 418 LATll
3750 332 3891 389 εδδ

596 504 747 561 hom.
780 501 832 563 6,
865 496 1109 553 Ἐπειδὰν
1134 496 1190 549 δέ
1219 491 1455 548 ἐπανιὼν
1477 491 1634 546 πάλιν
1660 487 1770 541 ἀπὸ
1795 484 1904 537 τῶν
1940 487 2223 554 μεσημ--Α
2246 478 2326 530 λιν
2348 475 2439 527 ἐπὶ
2466 471 2557 527 τοῦ
2599 463 2909 541 ίσημερινοῦ
2937 462 3158 563 γένηται
3191 455 3414 563 κύκλου,
3441 454 3535 507 καὶ
3565 451 3877 552 ῖσηνοτὴν

598 597 796 671 ϐρινων
821 546 1038 664 χωρίων
1069 590 1160 641 ἐπὶ
1187 586 1279 639 τοῦ
1314 586 1475 657 μέσου
1502 582 1745 650 γένηται,
1772 575 1909 629 ῶστε
1940 542 2002 638 ἐξ
2036 542 2153 625 ἴσον

2285 567 2469 637 λμέραν
2499 565 2565 634 τῇ
2590 562 2742 614 νυκτὶ
2763 559 3071 628 ποιήσηται.
3104 551 3177 606 De
3200 549 3362 604 modo
3391 542 3771 604 incrementi,
3811 548 3880 595 et

2285 661 2291 671 .
2554 658 2586 671 ,.
2641 655 2676 671 ,.
2784 669 2826 671 ἡ
2864 666 2918 671 η
2962 646 3202 671 “Mum
3262 658 3322 671 Μ
3366 651 3684 671 “nmmum
3727 651 3875 671 mn-

605 646 1016 762 pgpii'etu‘vdxz‘t
1042 680 1178 752 πρὸς
1196 646 1406 750 ἡμέραν
1429 646 1746 744 τὸννχρόνον,
1770 669 1892 722 ὅσον
1914 666 2157 719 πλεῖστον

2285 658 2589 715 Iecrementi
2624 655 2833 710 dierum
2859 666 2922 705 ac
2962 646 3227 709 noctium,
3261 658 3325 698 ac
3366 651 3686 710 temporum
3726 651 3875 689 mu-

2326 753 2356 762 ν.
2560 748 2624 759 ..
2693 748 2725 762 .,
2786 745 2893 762 μη
2980 739 3171 762 ,,,,,,,
3227 743 3271 762 Α,
3334 733 3549 762 ..ΑΜ-,ρ
3603 744 3871 762 ΜηΜη-

2264 753 2485 815 tatione,
2521 745 2921 806 vicissitudine,
2973 739 3175 794 ca‘oris
3224 743 3279 791 et
3333 733 3551 804 frigoris
3603 744 3871 785 succes-

2258 827 2436 907 sione,
2472 842 2586 896 sole
2614 854 2708 910 per
2736 836 2913 908 spatia
2943 831 3150 887 zodiaci
3179 845 3299 900 qua:
3324 836 3451 882 sunt
3476 827 3624 879 inter
3659 823 3869 893 aequi-

2264 933 2519 988 noctialia
2566 938 2620 986 et
2670 928 2877 999 tropica
2912 931 3112 996 puncta
3144 926 3513 992 percurrente,
3548 923 3608 971 et
3636 928 3863 970 eorum

2266 1042 2431 1081 causa
2483 1024 2766 1092 diligenter
2817 1015 3107 1074 admodum
3160 1010 3477 1068 Cleomedes
3537 1008 3670 1061 libr.
3731 1005 3860 1074 jam

2266 1119 2432 1180 dicto,
2465 1132 2504 1179 ι,
2531 1113 2912 1172 Meteororum;
2943 1117 2999 1165 et
3028 1105 3237 1160 Plinius
3269 1102 3363 1156 lib.
3394 1115 3550 1167 xvm,
3580 1112 3716 1166 cap.
3754 1094 3856 1149 25.

2334 1209 2493 1271 lbid.,
2531 1207 2626 1260 lin.
2663 1204 2753 1259 25.
2805 1204 2885 1256 Οὐ
2935 1197 3093 1254 ποιεῖ
3132 1195 3201 1249 δὲ
3238 1193 3351 1262 τὴν
3381 1192 3626 1261 ἡμέραν.
3683 1187 3863 1242 Βειείο

2267 1306 2393 1369 lius,
2455 1304 2601 1356 hom.
2650 1298 2703 1363 6,
2738 1298 3015 1350 Ἔστωσαν
3063 1292 3120 1344 δὲ
3169 1289 3263 1342 καὶ
3313 1288 3391 1350 είς
3434 1283 3677 1357 ἡμέρας,
3747 1280 3860 1350 οὐχ

2268 1380 2415 1449 ὥστε
2463 1394 2673 1465 ἡμέρας
2737 1391 2940 1451 ποιεῖν,
2996 1384 3108 1439 ἀλλ’
3167 1381 3307 1434 ὥστε
3367 1377 3664 1448 κατάρχειν
3734 1372 3859 1425 τῶν

2270 1462 2514 1555 ἡμερῶν.
2560 1462 2772 1550 Ἡμέρα
2797 1476 2903 1548 γὰρ
2939 1474 3031 1527 καὶ
3055 1471 3147 1539 νὺξ
3192 1468 3535 1542 πρεσϐύτερα
3572 1464 3682 1530 τ’ἧς
3734 1462 3858 1514 τῶν

2270 1574 2568 1644 φωστὴρων
2616 1568 2896 1638 γενέσεως.
2950 1564 3118 1617 Τοῦτο
3162 1562 3271 1632 γὰρ
3320 1559 3659 1613 ἐνδείκνυται
3711 1557 3856 1624 ἡμῖν

2270 1665 2364 1719 καὶ
2396 1666 2425 1716 6
2460 1659 2670 1731 ψαλμὺς
2711 1659 2879 1727 λέγων
2899 1673 2913 1687 ·
2948 1657 3152 1709 Ἐθετο
3185 1651 3363 1719 ἣλιον
3411 1652 3499 1714 εὶς
3542 1646 3858 1710 ἐξουσίαν

2271 1755 2380 1822 τῆς
2403 1753 2643 1823 ἡμέρας,
2682 1748 2953 1816 σελήνην
3001 1746 3099 1800 καὶ
3137 1744 3394 1811 ἀστέρας
3424 1744 3510 1807 είς
3542 1738 3857 1803 ἐξουσίαν

601 784 711 843 τοῖς
727 774 1032 847 ὑπεργείοις
1055 768 1454 844 προσδιατρίϐει
1500 765 1702 827 τόποις,
1743 759 1978 830 τοσούτῳ
2018 756 2160 810 κατά

606 872 767 946 μέρος
803 871 1060 936 ἐπανάγει
1088 865 1185 938 τὴν
1212 860 1524 933 εὐκρασίαν,
1547 859 1643 911 καὶ
1671 855 1877 923 γίνεται
1906 852 2003 922 ἔαρ
2024 852 2158 902 πᾶσι

605 942 704 1037 μὲν
733 964 914 1032 φυτοῖς
941 958 1042 1028 τῆς
1066 956 1405 1027 βλαστήσεως
1434 949 1691 1021 ἀρχηγὸν,
1723 945 1947 1015 δένδρων
1967 942 2024 995 δὲ
2048 943 2159 1002 τοῖς

604 1034 876 1117 πλείστοις
903 1051 1135 1122 παρέχον
1160 1047 1258 1118 τὴν
1279 1045 1587 1106 ἀναϐίωσιν,
1615 1039 1771 1105 ζώοις
1794 1037 1849 1090 δὲ
1869 1034 2158 1107 χερσαίοις,

606 1149 700 1201 καὶ
740 1146 977 1213 ἐνύδροις
1024 1143 1194 1196 ἆπασι
1236 1140 1296 1192 τὸ
1326 1138 1480 1206 γένος
1529 1131 1795 1203 φυλάσσον
1833 1131 1896 1181 ἐκ
1928 1127 2024 1196 τῆς
2054 1124 2161 1177 τῶν

607 1237 996 1307 ἐπιγινομένων
1034 1231 1302 1304 διαδοχῆς.
1348 1227 1650 1282 Geminus:
1681 1220 1898 1293 Ἐαρινὴ
1940 1218 2035 1288 μὲν
2070 1211 2162 1269 οὖν

610 1329 867 1401 ίσημερία
910 1328 1119 1396 γίνεται
1163 1323 1290 1393 περί
1334 1321 1430 1392 τὴν
1472 1319 1579 1372 τῶν
1626 1314 1830 1370 ἀνθέων
1877 1310 2056 1382 ἀκμὴν
2106 1311 2163 1362 ἐν

608 1420 773 1493 Κριοῦ
810 1420 908 1491 μιᾷ
942 1418 1122 1489 μοίρᾳ.
1170 1413 1306 1469 Vide
1345 1413 1412 1467 de
1440 1412 1543 1465 hoc
1575 1411 1730 1480 plura
1763 1404 1905 1476 apud
1946 1403 2164 1458 Cicero-

608 1528 755 1577 nem,
792 1526 829 1563 ιι
861 1509 938 1562 De
965 1519 1142 1561 natur.
1174 1505 1426 1560 Deorum.

678 1602 792 1657 Col.
812 1602 909 1655 7‘21
922 1640 936 1664 ,
952 1600 1047 1653 lin.
1068 1599 1125 1652 Η
1141 1639 1151 1650 .
1170 1596 1280 1650 Καὶ
1305 1596 1524 1665 γίνεται
1551 1592 1655 1661 ἔαρ
1671 1588 1791 1655 τοῖς
1802 1586 1916 1657 μὲν
1938 1582 2161 1654 φυτοῖς.

613 1695 832 1765 Longus
853 1693 1094 1761 sophista
1150 1688 1475 1743 Poemenicon
1511 1685 1601 1738 lib.
1655 1700 1692 1749 ι,
1714 1677 1884 1751 τΗρος
1908 1673 1975 1748 ἦν
2003 1675 2163 1748 ἀρχὴ,

615 1785 711 1839 καὶ
747 1784 921 1838 πάντα
959 1779 1201 1852 ἤκμαζεν
1235 1777 1391 1848 ἄνθη,
1424 1775 1491 1828 τά
1523 1775 1579 1827 ἐν
1603 1773 1844 1843 δρυμοῖς,
1880 1767 1948 1820 τὰ
1983 1768 2040 1819 ἐν
2062 1766 2169 1818 λει-

940 1832 1232 1942 ὃ-σαῆδρυεια.
1269 1832 1476 1938 Βόμϐος
1503 1861 1569 1935 ἦν
1598 1832 2012 1937 ἧδημελ-ιττῶν,
2043 1853 2174 1928 ἦχος
2203 1855 2245 1909 Β
2271 1847 2379 1916 τῆς
2409 1846 2645 1911 νυκτός.
2678 1843 2799 1907 Πῶς
2831 1839 2924 1895 οὖν
2956 1839 3066 1910 ἔχει
3094 1839 3188 1909 τὴν
3218 1835 3459 1902 ἐξουσίαν
3492 1832 3593 1902 τῆς
3622 1832 3853 1902 ἡμέρας

619 1967 843 2041 ὀρνίθων
890 1963 1191 2036 μουσικῶν,
1247 1960 1588 2031 σκιρτήματα
1629 1952 1888 2024 ποιμνίων
1925 1951 2170 2021 ἀρτιγεν-

618 2040 810 2132 νὴτων·
853 2056 1014 2129 ἄρνες
1054 2054 1318 2125 ἐσκίρτων
1350 2053 1407 2105 ἐν
1433 2052 1545 2112 τοῖς
1571 2048 1771 2117 ὄρεσιν,
1812 2040 2072 2112 ἐϐόμϐουν
2118 2040 2175 2091 ἐν

617 2130 731 2215 τοῖς
768 2148 1025 2220 λειμῶσιν
1062 2147 1118 2201 αί
1163 2144 1427 2216 μέλιτται,
1459 2140 1557 2204 τὰς
1595 2138 1801 2209 λόχμας
1833 2133 2056 2205 κατῇδον
2084 2130 2176 2202 6p-

619 2242 782 2306 νιθες.
1247 2230 1253 2237 ’

688 2332 850 2397 lbid.,
885 2331 984 2387 lin.
1026 2330 1114 2385 1'5.
1168 2327 1420 2383 Ἐκεῖθεν
1462 2323 1529 2378 δὲ
1569 2321 1705 2392 ἤδη.
1737 2318 1995 2382 Basilius,
2029 2315 2175 2369 hom.

621 2423 676 2486 6,
718 2422 954 2477 Ἐκεῖθεν
987 2421 1043 2474 δέ
1070 2420 1170 2492 ἡδη
1208 2418 1344 2489 πρὸς
1384 2412 1600 2486 θερινὰς
1637 2408 1844 2482 τροπὰς
1885 2406 1971 2459 ἐπ’
2013 2402 2179 2479 αὐτὴν

620 2515 721 2586 τὴν
755 2515 986 2585 Ἀρκτον
1019 2509 1331 2565 ἀπελαύνων
1357 2508 1386 2558 6
1418 2506 1566 2574 ἥλιος
1637 2501 1733 2562 τὰς
1768 2498 2022 2569 μεγίστας
2052 2495 2179 2564 ἡμῖν

621 2604 730 2659 τῶν
758 2601 977 2675 ἡμερῶν
1001 2599 1313 2669 παρίστησι,
1337 2596 1429 2649 καὶ
1451 2592 1537 2646 διὰ
1559 2590 1619 2643 τὸ
1644 2589 1734 2642 ἐπὶ
1758 2588 2000 2640 πλεῖστον
2023 2599 2183 2654 προσ-

625 2693 828 2765 ομιλεῖν
851 2690 927 2762 τῷ
952 2689 1095 2759 ἀέρι,
1127 2686 1286 2740 αύτόν
1323 2701 1382 2736 τε
1418 2679 1774 2751 καταφρίσσει
1805 2676 1892 2728 τὸν
1923 2674 2059 2744 ὑπὲρ
2091 2688 2181 2724 κε-

627 2783 800 2856 φαλῆς
834 2781 990 2854 ἡμῶν
1023 2780 1179 2851 ἀέρα,
1213 2777 1307 2832 καὶ
1333 2775 1431 2845 τὴν
1453 2772 1555 2842 γῆν
1577 2772 1752 2824 πᾶσαν
1778 2764 2178 2836 καταξηραίνει,

626 2877 737 2938 τοῖς
789 2890 847 2926 τε
900 2870 1206 2942 σπέρμασιν
1251 2869 1316 2920 ἐκ
1358 2863 1545 2918 τούτου
1592 2857 1866 2931 συνεργῶν
1912 2855 2045 2926 πρὸς
2086 2852 2182 2923 τὴν

628 2964 853 3037 ἆδρησιν
902 2960 995 3014 καὶ
1031 2958 1137 3011 τῶν
1176 2955 1404 3027 δένδρων
1443 2951 1686 3021 καρποὺς
1716 2945 2050 3012 κατεπείγων
2093 2943 2184 2994 ἐπὶ

627 3035 726 3127 τὴν
773 3052 953 3122 πέψιν,
1003 3050 1091 3103 ὅτε
1132 3046 1226 3102 καὶ
1270 3043 1700 3116 φλογωδέστατός
1743 3043 1886 3094 ἐστιν
1934 3035 2123 3092 ἑαυτοῦ
2155 3037 2183 3088 6

626 3146 796 3217 ἥλιος,
828 3142 1077 3214 βραχείας
1102 3138 1266 3192 ποιῶν
1289 3138 1385 3199 τὰς
1416 3134 1571 3199 σκιάς
1592 3133 1683 3186 ἐπὶ
1702 3133 1797 3203 τῆς
1820 3127 2180 3201 μεσημϐρίας,

627 3235 715 3289 διὰ
739 3234 799 3287 τὸ
823 3235 914 3302 ἀφ’
940 3230 1141 3302 ὑψηλοῦ
1162 3229 1251 3282 τὸν
1276 3229 1400 3299 περὶ
1429 3226 1572 3298 ἡμᾶς
1602 3222 1973 3293 καταλάμπειν
1999 3220 2180 3273 τόπον.

629 3324 931 3381 Geminus:
968 3320 1153 3394 Τροπὴ
1202 3320 1259 3373 δὲ
1305 3318 1486 3390 θερινὴ
1528 3316 1733 3386 γίνεται
1774 3314 1900 3385 περὶ
1940 3312 2037 3384 τὴν
2080 3310 2186 3364 τῶν

629 3416 921 3487 καυμάτων
959 3413 1202 3466 ἐπίτασιν
1247 3412 1303 3463 ἐν
1350 3408 1624 3482 Καρκίνου
1666 3407 1762 3477 μιᾷ
1794 3404 1976 3476 μοίρᾳ,
2002 3404 2132 3457 ὃπου
2159 3404 2188 3457 ό

628 3508 777 3578 ἥλιος
807 3505 898 3559 τὸν
935 3503 1268 3576 βορειότατον
1302 3500 1497 3554 κύκλον
1542 3498 1760 3569 γράφει,
1793 3496 1886 3550 καὶ
1926 3494 2187 3565 μεγίστην

633 3596 820 3654 πασῶν
843 3595 948 3650 τῶν
971 3597 1027 3648 ἐν
1049 3592 1273 3664 ἐνιαυτῷ
1301 3593 1508 3664 ἡμέραν
1538 3589 1791 3654 ἐπιτελεῖ,
1826 3586 2110 3659 ἐλαχίστην
2132 3583 2189 3637 δὲ

632 3688 729 3759 τὴν
771 3687 959 3741 νύκτα.
1011 3685 1228 3757 Longus
1280 3683 1608 3739 Pcemenicon
1651 3682 1775 3736 libr.
1811 3695 1851 3746 ι,
1880 3674 2051 3747 *Ηρος
2097 3671 2189 3730 οὖν

634 3780 734 3852 ἤδη
781 3779 950 3845 τέλος,
984 3777 1080 3832 καὶ
1132 3777 1321 3851 θέρους
1368 3776 1530 3847 ἀρχὴ,
1575 3774 1670 3828 καὶ
1720 3772 1894 3826 πάντα
1928 3772 1985 3823 ἐν
2016 3770 2188 3840 ἀκμῇ,

632 3872 823 3944 δένδρα
847 3874 904 3925 ἐν
931 3873 1178 3943 καρποῖς,
1216 3869 1373 3923 πεδία
1397 3870 1454 3923 ἐν
1483 3867 1653 3937 ληῖοις
1672 3882 1687 3897 ο
1720 3865 1872 3938 ἡδεῖα
1898 3864 1995 3934 μὲν
2016 3861 2191 3914 τεττί-

635 3986 749 4039 γων
785 3968 912 4038 ὴχὴ,
956 3967 1181 4036 γλυκεῖα
1205 3964 1298 4018 καὶ
1327 3965 1360 4034 ἡ
1394 3963 1490 4033 τῆς
1530 3960 1747 4032 ὀπώρας
1789 3957 1944 4029 ὀδμὴ,
1989 3953 2192 4026 τερπνὴ

636 4058 695 4111 δὲ
719 4057 980 4127 ποιμνίων
1005 4055 1193 4126 βληχή.
1219 4052 1447 4106 Είκασεν
1474 4052 1537 4106 ἄν
1561 4067 1642 4113 τις
1658 4051 1756 4103 και
1771 4049 1895 4111 τοὺς
1921 4045 2193 4116 ποταμοὺς

639 4146 785 4217 ᾅδειν
831 4146 1012 4216 ἠρέμα
1053 4145 1291 4215 ῥέοντας,
1337 4144 1429 4195 καὶ
1474 4143 1599 4204 τοὺς
1648 4139 1878 4210 ἀνέμους
1931 4138 2194 4209 συρίττειν

637 4238 759 4299 ταῖς
784 4235 990 4289 πίτυσιν
1012 4233 1361 4305 ἐμπνέοντας,
1384 4232 1582 4286 καὶτὸν
1600 4231 1746 4302 ἥλιον
1771 4229 2050 4298 φιλόκαλον
2069 4228 2194 4281 ὄντα

641 4328 844 4391 πάντας
869 4325 1117 4382 ἀποδύειν

712 4420 872 4483 ll)id.,
912 4419 1008 4474 lin.
1055 4417 1136 4471 l9.
1184 4416 1284 4469 Ἐν
1321 4413 1430 4483 γὰρ
1461 4413 1588 4479 ταῖς
1616 4411 2041 4482 βραχυτάταις.
2095 4411 2190 4465 Ba-

2269 1941 2298 1993 6
2322 1939 2499 2010 ἥλιος;
2527 1938 2647 1989 Ὅτι
2689 1935 2749 1987 τὸ
2776 1933 2888 2004 φῶς
2916 1936 2972 1986 ἐν
3018 1930 3193 2001 ἐαυτῷ
3240 1927 3571 2000 περιφέρων,
3616 1924 3852 1979 ἐπειδάν

2272 2048 2399 2085 ποτε
2432 2029 2522 2082 τὸν
2553 2026 2670 2081 καθ’
2701 2028 2846 2097 ἡμᾶς
2879 2024 3124 2095 ὁρίζοντα
3154 2022 3420 2092 ὑπεράρῃ,
3447 2017 3665 2089 ἡμέραν
3699 2035 3848 2087 παρ-

2272 2122 2382 2193 έχει
2409 2118 2660 2181 διαλύσας
2685 2116 2744 2170 τὸ
2777 2115 2986 2177 σκότος.

2345 2212 2630 2277 lbid.,'lin.
2670 2211 2758 2265 54.
2800 2210 2871 2263 Ἥ
2895 2207 2962 2260 δὲ
3001 2204 3230 2272 σελήνη
3265 2202 3525 2258 ἐπειδάν.
3579 2200 3840 2257 Basilius.

2274 2306 2423 2360 hom.
2454 2304 2508 2369 6,
2544 2303 2745 2373 Σελήνη
2779 2301 2897 2371 μὲν,
2932 2298 3149 2352 ἐπειδάν
3186 2296 3479 2358 δωδεκάκις
3510 2293 3601 2347 τὸν
3649 2292 3837 2360 ἑαυτῆς

2276 2398 2535 2470 ἐκτελέσῃ
2557 2395 2774 2465 δρόμον,
2807 2389 3051 2446 ἐνιαυτοῦ
3085 2391 3198 2442 ἐστι
3255 2388 3548 2458 ποιητικῆς
3590 2385 3736 2454 πλὴν
3759 2385 3829 2436 ὅτι

2279 2492 2441 2564 μηνὸς
2460 2489 2751 2561 ἐμϐολίμου
2767 2486 2935 2539 δεῖται
2964 2483 3219 2546 πολλάκις
3236 2481 3373 2552 πρὸς
3392 2480 3489 2551 τὴν
3519 2479 3725 2550 ἀκριϐῆ
3742 2476 3834 2530 τῶν

2276 2582 2431 2656 ὡρῶν
2453 2581 2750 2651 συνδρομήν
2769 2596 2781 2608 ·
2828 2579 2902 2641 ῶς
2924 2576 3156 2647 Ἑϐραῖοι
3173 2574 3231 2626 τὸ
3248 2572 3473 2626 παλαιὸν
3490 2570 3581 2624 τὸν
3605 2569 3837 2623 ἐνιαυτὸν

2276 2671 2431 2747 ἦγον,
2471 2674 2565 2727 καὶ
2603 2672 2708 2725 τῶν
2752 2670 3015 2741 Ἑλλήνων
3044 2669 3092 2721 οί
3126 2666 3487 2739 ἀρχαιότατοι.
3537 2663 3840 2718 Ludovicus

2277 2767 2476 2822 Fidelis
2500 2765 2577 2818 De
2598 2762 2777 2817 mundi
2808 2772 3096 2824 structura,
3134 2760 3226 2812 lib.
3260 2774 3313 2822 ν,
3348 2773 3468 2827 cap.
3501 2758 3553 2823 5,
3581 2755 3716 2811 Sunt
3747 2773 3840 2808 au-

2281 2868 2381 2913 tem
2400 2872 2654 2911 annorum
2674 2854 2747 2919 lii,
2767 2863 2823 2907 ut
2845 2855 3013 2917 aiunt,
3036 2849 3360 2917 lunares,illi
3377 2849 3593 2902 salares.
3611 2846 3837 2901 Lunares

2282 2949 2527 3005 tredecim
2555 2947 2693 3001 (una:
2721 2944 3125 3000 revolutionibus
3167 2958 3185 2995 :
3232 2942 3433 2996 salares
3458 2958 3565 2993 una
3590 2940 3835 3009 completa

2283 3043 2411 3099 solis
2440 3059 2471 3095 a
2504 3048 2694 3110 puncto
2727 3039 2947 3100 Arietis,
2971 3051 3130 3105 usque
3157 3034 3226 3088 ad
3258 3034 3399 3089 idem
3425 3043 3667 3102 punctum
3695 3050 3833 3086 ret-o-

2284 3136 2479 3189 lutione
2493 3131 2764 3187 duodecim
2784 3145 3002 3192 menses,
3025 3144 3113 3182 seu
3132 3137 3387 3182 trecentos
3402 3127 3666 3195 sexaginta
3685 3126 3838 3194 quin-

2284 3243 2380 3298 que
2402 3224 2512 3278 dies
2567 3220 2953 3290 complectente,
2995 3234 3098 3271 uno
3135 3217 3319 3271 addita
3359 3215 3639 3286 quadrante
3666 3216 3829 3282 per/i-

2284 3319 2514 3373 eiuntur.
2549 3315 2732 3368 Annus
2762 3321 2935 3367 autem
2960 3309 3246 3364 bissextilis
3282 3309 3477 3366 dicitur,
3506 3306 3597 3374 qui
3632 3316 3818 3372 quarto

2284 3425 2482 3482 quoque
2521 3423 2657 3460 anno
2690 3405 2791 3460 566
2851 3402 3032 3457 diebus
3077 3400 3365 3469 completur.
3406 3397 3559 3450 Plura
3604 3397 3669 3449 de
3708 3394 3807 3448 hoc

2287 3516 2430 3555 anno
2458 3497 2812 3561 Censorinus,
2842 3493 3110 3564 Iosephus
3142 3492 3369 3562 Scaliger
3395 3498 3443 3543 et
3474 3487 3584 3542 alii.

2357 3591 2513 3655 lbid.,
2544 3590 2637 3644 lin.
2671 3588 2759 3643 55.
2798 3584 2971 3653 Πλὴν
3026 3583 3115 3638 ὅτι
3141 3583 3333 3654 μηνὸς
3360 3579 3685 3650 ἐμϐολίμου.
3710 3574 3817 3631 Pli-

2288 3684 2414 3738 nius
2443 3683 2563 3737 libr.
2600 3697 2660 3744 n,
2698 3679 2863 3749 capit.
2889 3679 2944 3743 8,
2982 3674 3172 3731 Deinde
3191 3674 3320 3729 solis
3347 3680 3569 3726 meatum
3594 3684 3700 3723 esse
3718 3684 3827 3735 par-

2291 3777 2421 3829 tium
2444 3774 2649 3845 quidem
2681 3779 3026 3826 trecentarum
3055 3768 3331 3838 sexaginta
3360 3780 3378 3818 :
3410 3762 3498 3819 sed
3527 3773 3582 3815 ut
3609 3760 3831 3815 observa-

2292 3870 2362 3924 tio
2400 3865 2709 3920 umbrarum
2756 3863 2869 3932 ejus
2918 3860 3095 3915 redeat
3135 3858 3202 3911 ad
3254 3866 3431 3918 notas,
3482 3856 3664 3927 quinos
3696 3853 3831 3905 annis

2291 3959 2399 4013 dies
2430 3958 2611 4028 adjici,
2645 3970 2896 4025 superque
2935 3962 3176 4023 quartam
3206 3958 3409 4020 partem
3449 3947 3573 4008 diei,
3603 3961 3749 4014 quam
3775 3942 3830 3997 ob

2291 4068 2506 4108 causam
2546 4052 2722 4122 quinto
2757 4065 2892 4102 anno
2921 4064 3055 4101 unus
3094 4044 3441 4100 intercalaris
3473 4040 3583 4094 dies
3617 4038 3831 4097 additur,

2293 4155 2348 4197 ut
2382 4154 2667 4210 temporum
2711 4141 2849 4194 ratio
2879 4139 3005 4193 satis
3056 4136 3231 4191 itineri
3282 4124 3555 4203 congruat.
3608 4129 3679 4184 De
3708 4143 3835 4181 anno

2294 4235 2604 4291 interealari
2653 4243 2708 4287 et
2749 4246 2934 4286 mense
2972 4228 3094 4284 vide
3142 4228 3384 4283 Solinum
3414 4223 3579 4292 capit.
3640 4236 3721 4284 Ill,
3750 4219 3835 4273 Pe-

2294 4340 2438 4381 trum
2479 4324 2747 4379 Nannium
2800 4323 3125 4393 Symmicton
3173 4319 3269 4373 lib.
3305 4334 3359 4383 v,
3393 4323 3446 4370 et
3479 4315 3615 4368 alios
3662 4312 3753 4383 qui
3779 4311 3836 4365 de

2293 4418 2670 4476 emendatione
2697 4422 3000 4484 temporum
3036 4413 3391 4481 scripserunt.

643 4514 820 4577 silius,
857 4512 1005 4565 hom.
1038 4509 1093 4573 6,
1124 4508 1388 4576 Μέγισται
1433 4505 1541 4576 γάρ
1573 4507 1707 4558 είσιν
1739 4504 1983 4576 ἡμερῶν,
2009 4507 2067 4558 ἐν
2108 4498 2183 4568 αἶς

2366 4508 2500 4565 Ibid.
2522 4549 2536 4572 ,
2568 4508 2664 4563 lin.
2714 4507 2802 4560 '57.
2856 4506 2917 4559 '0
2954 4505 3062 4574 γὰρ
3091 4501 3340 4571 ήλιακός
3369 4501 3662 4566 ἐνιαυτός.
3700 4497 3839 4553 Basi-

644 4603 972 4683 βραχύταταί
1018 4605 1151 4657 εἰσιν
1188 4602 1243 4656 αί
1298 4604 1465 4664 σκιαὶ,
1516 4599 1609 4653 καὶ
1658 4596 1983 4669 βραχύταται
2034 4595 2194 4649 πάλιν

640 4697 842 4769 ἡμέραι
873 4698 927 4750 ai
961 4695 1058 4759 τὰς
1085 4693 1239 4757 σκιὰς
1275 4692 1489 4763 ἔχουσαι
1517 4689 1856 4762 μακροτάτας
1879 4705 1893 4719 ·
1927 4687 2196 4742 καὶτοῦτο

644 4792 772 4861 παρ’
838 4790 966 4867 ἡμῖν
1017 4790 1127 4850 τοῖς
1189 4784 1517 4857 ἐτεροσκίοις
1564 4780 1904 4852 λεγομένοις,
1965 4779 2075 4832 ὅσοι
2110 4772 2196 4831 ’τὰ

646 4879 867 4952 ἀρκτῷα
890 4880 989 4950 τῆς
1015 4878 1118 4949 γῆς
1146 4874 1486 4947 ἐποικοῦμεν.
1525 4872 1730 4927 Horum
1760 4877 2065 4925 accuratam
2099 4884 2195 4923 ex-

648 4972 971 5042 positionem
1000 4970 1167 5023 habes
1209 4967 1347 5037 apud
1380 4962 1740 5029 Cleomedem,
1779 4960 1992 5015 Meteor.
2023 4960 2116 5015 lib.
2155 4975 2193 5018 ι.

715 5061 872 5124 lbid.,
898 5061 994 5114 lin.
1015 5060 1104 5114 20.
1140 5058 1250 5114 Καὶ
1281 5057 1463 5113 πάλιν
1484 5055 1602 5112 ἀπὸ
1623 5054 1741 5108 τῶν
1764 5051 2193 5123 προσαρκτίων.

644 5154 900 5220 Basilius,
934 5154 1078 5208 hom.
1115 5153 1167 5217 6,
1217 5152 1489 5206 Ἐντεῦθεν
1537 5148 1886 5220 διαδεξαμένη
1916 5147 2061 5219 ἡμᾶς
2102 5144 2195 5200 τοῦ

649 5249 960 5323 μετοπώρου
1008 5251 1041 5321 ἡ
1093 5246 1211 5318 ῶρα
1258 5245 1552 5317 ἀποθραύει
1601 5244 1698 5315 μὲν
1742 5242 1834 5296 τοῦ
1886 5242 2109 5310 πνίγους
2139 5241 2199 5292 τὸ

648 5341 1001 5416 ὑπερϐάλλον,
1034 5337 1173 5393 κατά
1202 5337 1390 5408 μικρὸν
1412 5337 1466 5390 δὲ
1496 5337 1708 5405 ὑφιεῖσα
1746 5335 1845 5406 τῆς
1884 5333 2088 5404 θέρμης
2113 5329 2199 5384 διὰ

530 5442 534 5447 ’
644 5441 745 5511 τῆς
788 5437 927 5494 κατά
957 5439 1055 5508 τὴν
1084 5436 1279 5507 κρᾶσιν
1323 5432 1612 5503 μεσότητος
1657 5426 1906 5489 ἀϐλαϐῶς
1948 5428 2094 5497 ἡμᾶς
2133 5426 2198 5478 δι’

544 5524 548 5528 ’
646 5535 845 5606 ἑαυτῆς
870 5532 947 5605 τῷ
969 5529 1216 5603 χειμῶνι,
1241 5525 1502 5598 προσάγει
1524 5523 1761 5595 δηλονότι
1791 5520 1883 5576 τοῦ
1913 5519 2065 5592 ἡλίου
2099 5517 2202 5570 πά-

646 5627 728 5682 λιν
760 5628 866 5684 ἀπὸ
890 5625 995 5680 τῶν
1025 5620 1401 5696 προσαρκτίων
1431 5619 1521 5671 ἐπὶ
1549 5615 1616 5670 τὰ
1651 5615 1800 5671 νότια
1841 5612 2202 5684 ὑποστρέφον-

648 5732 759 5779 τος.
784 5717 1042 5773 Geminus
1063 5732 1075 5767 :
1094 5712 1369 5784 ’ῐσημερία
1398 5710 1454 5764 δέ
1473 5711 1588 5763 ἐστι
1615 5706 2001 5777 φθινοπωρινὴ,
2026 5705 2153 5758 ὅταν
2172 5703 2201 5754 6

650 5804 798 5877 ἣλιος
819 5804 911 5861 ἀπ’
940 5804 1152 5876 ἄρκτων
1184 5803 1318 5875 πρὸς
1359 5798 1700 5874 μεσημϐρίαν
1730 5795 2058 5868 παροδεύων,
2098 5793 2201 5846 πά-

2296 4603 2419 4661 lius,
2452 4600 2597 4655 hom.
2638 4598 2694 4664 6,
2735 4596 2983 4660 Ἡλιακδς
3013 4595 3070 4649 δέ
3102 4598 3245 4648 ἐστιν
3278 4593 3516 4656 ἐνιαυτὸς
3555 4593 3589 4662 ἡ
3625 4591 3732 4645 ἀπὸ
3759 4589 3835 4644 τοῦ

2295 4689 2457 4746 αὐτοῦ
2490 4691 2712 4763 σημείου
2741 4691 2832 4743 ἐπὶ
2858 4690 2919 4743 τὸ
2946 4688 3076 4742 αὐτὸ
3112 4690 3333 4758 σημεῖον
3368 4684 3509 4739 κατά
3526 4683 3625 4753 τὴν
3650 4682 3836 4735 οἰκείαν

2294 4783 2506 4854 κίνησιν
2538 4783 2630 4836 τοῦ
2660 4782 2809 4853 ἡλίου
2838 4780 3299 4841 ἀποκατάστασις.
3338 4776 3403 4831 Et
3434 4775 3651 4831 lsaacus
3678 4774 3836 4844 Argy-

2296 4892 2390 4932 rus
2422 4876 2478 4930 in
2509 4874 2721 4931 Canone
2761 4873 3019 4942 paschali,
3056 4887 3177 4943 cap.
3207 4871 3258 4935 Ι,
3301 4867 3515 4939 Ἐπειδὴ
3547 4868 3655 4940 γὰρ
3684 4870 3715 4920 6
3746 4868 3837 4938 ἐνι-

2298 4965 2456 5029 αυτὸς
2479 4967 2544 5037 τῇ
2576 4964 2669 5019 τοῦ
2699 4964 2846 5036 ἡλίου
2889 4965 3098 5034 κινήσει
3124 4961 3571 5033 παραμετρεῖται,
3614 4960 3647 5028 ἡ
3677 4958 3740 5011 δὲ
3762 4956 3838 5010 τοῦ

2297 5059 2444 5131 ἡλίου
2492 5058 2703 5129 κίνησις
2759 5055 3030 5119 κυκλικῶς
3071 5051 3433 5125 ἐνεργουμένη
3484 5050 3578 5104 καὶ
3626 5050 3737 5103 ἀπὸ
3762 5048 3838 5103 τοῦ

2297 5149 2460 5205 αὐτοῦ
2484 5148 2707 5221 σημείου
2736 5150 2814 5212 εἰς
2835 5148 2894 5202 τὸ
2915 5147 3045 5201 αὐτὸ
3068 5143 3541 5214 ἀποκαθισταμένη
3570 5140 3662 5194 τὸν
3687 5142 3840 5197 ἐνιαυ-

2298 5240 2386 5294 τὸν
2417 5237 2606 5310 ὁρίζει.
2639 5239 2705 5293 Et
2736 5236 2997 5312 Geminus
3019 5237 3202 5292 libello
3226 5235 3301 5289 De
3327 5234 3616 5305 Apparent.
3639 5234 3802 5287 caelat
3824 5270 3837 5291 .

2311 5330 2368 5382 ὐ
2398 5331 2454 5383 δὲ
2483 5330 2630 5399 ἥλιος
2659 5327 2887 5398 ἐνιαυτῷ
2937 5327 3312 5400 διαπορεύεται
3351 5325 3451 5391 τὸν,
3476 5323 3738 5387 ζωδιακὸν
3761 5321 3839 5376 κύ-

2299 5423 2425 5477 κλον
2444 5439 2457 5451 ·
2488 5422 2602 5475 ἐστι
2632 5421 2739 5491 γὰρ
2767 5420 3032 5485 ἐνιαύσιος
3060 5420 3269 5492 χρόνος,
3302 5421 3359 5471 ἐν
3389 5411 3433 5486 ᾧ
3462 5420 3490 5470 6
3525 5416 3681 5486 ἥλιος
3710 5432 3842 5487 ταρι-
3880 5416 3883 5419 “

2301 5514 2586 5587 πορεύεται
2627 5518 2717 5569 τὸν
2763 5512 3023 5577 ζωδιακὸν
3064 5511 3279 5573 κύκλον,
3312 5510 3406 5564 καὶ
3434 5508 3540 5563 ἀπὸ
3570 5507 3667 5562 τοῦ
3694 5503 3838 5561 αὐτοῦ

2302 5608 2526 5679 σημείου
2566 5607 2658 5660 ἐπὶ
2690 5606 2751 5659 τὸ
2786 5606 2916 5659 αὐτὸ
2940 5607 3159 5677 σημεῖον
3206 5601 3655 5657 ἀποκαθίσταται.
3705 5600 3755 5652 '0
3792 5596 3844 5649 δὲ

2302 5701 2489 5772 χρόνος
2513 5692 2666 5763 οὗτός
2690 5699 2834 5752 ἐστιν
2854 5697 3075 5768 ἡμερῶν
3126 5694 3338 5762 τξεδον”
3368 5694 3424 5745 ἐν
3444 5690 3725 5752 τοσαύταις
3747 5687 3838 5757 γάρ

2304 5792 2536 5866 ἡμέραις
2573 5789 2761 5857 τὰςτξ¹
2818 5790 3009 5863 μοίρας
3066 5784 3350 5860 παροδεύει
3398 5784 3426 5838 6
3478 5779 3662 5853 ἥλιος·
3714 5778 3839 5835 ὥστε
