4064 6290
243 386 353 441 869

1248 387 1315 442 IN
1353 386 1719 443 EUSTATHII
1747 385 2220 444 HEXAEMERON
2257 386 2488 443 NOTAE.

3366 386 3487 442 δῖοι

242 506 399 581 παρὰ
453 505 647 578 μικρὸν
707 507 766 560 ὲν
810 506 908 577 μιᾷ
937 504 1117 577 ἡμέρᾳ
1166 507 1356 578 μοῖραν
1409 508 1669 561 κινεῖσθαι
1722 507 1801 561 τοι

1912 523 2001 561 sus
2043 508 2123 562 uel
2150 523 2380 561 recessus
2427 505 2624 577 liquido
2668 514 2982 561 monstrant.
3019 503 3228 559 Norant
3273 505 3485 574 pariter

242 599 416 671 ἥλιον.

316 692 434 748 Col.
454 690 545 745 72l
559 731 574 753 ,
597 690 691 744 lin.
711 689 799 745 59.
826 690 936 758 Τῆς
946 690 1019 744 δὲ
1037 689 1303 758 σελήνης
1314 690 1812 761 ληγούσης-,ιϐιιεί-

243 784 376 848 lius,
409 781 644 847 hom..6,
666 779 831 853 Οἶμαι
856 783 913 836 δὲ
940 783 1033 837 καὶ
1061 784 1127 855 τῇ
1159 782 1265 841 τῶν
1294 781 1446 847 ζώων
1477 786 1807 854 κατασκευῇ,

246 875 343 929 καὶ
367 877 477 938 τοῖς
497 872 604 927 ἀπὸ
638 873 743 944 γῆς
779 873 1087 944 φυομένοις,
1119 872 1191 943 μὴ
1226 872 1425 945 μικρὰν
1464 874 1724 945 ὑπάρχειν
1745 875 1809 927 ἐκ

248 967 346 1037 τῆς
393 964 535 1019 κατὰ
571 964 670 1037 τὴν
716 966 943 1036 σελήνην
974 965 1290 1037 ιμεταϐολῆς
1333 966 1431 1038 τὴν
1482 967 1805 1021 συντέλειαν.

249 1059 459 1123 ’Ἄλλως
490 1058 598 1131 γὰρ
624 1057 916 1112 διατίθεται
943 1058 1266 1129 μειουμένης
1295 1059 1482 1130 αὐτῆς,
1511 1061 1604 1114 καὶ
1637 1060 1809 1124 ἄλλως

246 1151 551 1223 αὐξομένης
577 1150 647 1204 τὰ
666 1149 912 1222 σώματα,
942 1149 1036 1204 νῦν
1062 1151 1160 1221 μὲν
1183 1150 1453 1224 ληγούσης
1473 1152 1638 1225 ἀραιὰ
1665 1153 1810 1222 γενό-

252 1260 411 1315 μενα,
441 1245 537 1297 καὶ
567 1243 719 1310 κενὰ,
739 1242 835 1297 νῦν
866 1243 922 1297 δὲ
950 1242 1272 1316 αὐξομένης,
1294 1245 1390 1299 καὶ
1420 1245 1555 1318 πρὸς
1575 1247 1637 1299 τὸ
1669 1246 1809 1318 πλῆ-

253 1353 345 1407 ρες
391 1335 781 1408 ἐπειγομένης,
811 1335 904 1389 καὶ
958 1334 1096 1390 αὐτὰ
1145 1336 1305 1390 πάλιν
1332 1337 1803 1409 ἀναπληρούμενα.

250 1429 449 1487 Sextus
502 1430 926 1502 Empyricus-in
982 1431 1227 1487 eamdem
1278 1432 1598 1487 sententiam
1628 1433 1802 1497 l.vm,

246 1521 381 1577 Adv.
416 1522 662 1576 mathem.
687 1561 702 1585 ,
732 1520 900 1575 Κατὰ
957 1520 1066 1593 γὰρ
1102 1522 1200 1585 τὰς
1231 1523 1328 1592 τῆς
1367 1523 1594 1594 σελήνης
1639 1522 1804 1593 αὐξή-

247 1634 362 1682 σεις
406 1617 500 1670 καὶ
532 1615 739 1686 φθίσεις
767 1613 937 1668 πολλὰ
979 1614 1088 1667 τῶν
1129 1631 1189 1667 τε
1224 1614 1478 1683 ἐπιγείων
1518 1613 1670 1679 ζώων
1712 1614 1805 1668 καὶ

248 1708 554 1763 θαλασσίων
586 1707 756 1778 φθίνει
786 1723 845 1759 τε
892 1706 986 1759 καὶ
1012 1705 1162 1773 αὔξει
1191 1747 1205 1771 ,
1255 1705 1533 1777 ἀμπώτεις
1589 1722 1647 1760 τε
1710 1706 1803 1759 καὶ

249 1800 627 1876 πλημμυρίδες
652 1800 777 1870 περί
812 1815 931 1851 τινα
960 1798 1099 1870 μέρη
1129 1798 1227 1869 τῆς
1254 1797 1524 1869 θαλάσσης
1543 1798 1799 1868 γίνονται.

248 1895 375 1952 Haec
399 1872 582 1951 eadem
605 1893 938 1947 incremento
957 1891 1198 1961 ejusdem
1223 1892 1432 1962 augeri,
1457 1891 1804 1946 decremento
1836 1872 1877 1929 η

247 1990 419 2047 minui
440 1988 583 2044 dicit
606 1985 816 2041 Plinius
849 1986 943 2040 lib.
989 2001 1049 2047 ιι,
1083 1998 1204 2054 cap.
1234 1984 1323 2049 «il,
1355 1992 1409 2041 et
1435 1999 1555 2052 cap.
1584 1983 1673 2047 99,
1712 1982 1803 2037 ubi

247 2092 562 2152 potestatem
594 2081 736 2134 lume
766 2087 821 2134 et
872 2086 1138 2132 terrenam
1166 2084 1219 2131 et
1246 2077 1511 2131 marinam
1547 2076 1799 2145 explicat.

244 2174 479 2229 Consule
498 2173 625 2228 item
653 2171 933 2226 JElianum
959 2169 1030 2223 De
1056 2168 1178 2223 hist.
1208 2168 1371 2223 anim.
1388 2168 1482 2222 lib.
1508 2183 1583 2228 Ix,
1606 2182 1725 2236 cap.
1750 2168 1801 2232 Α,

244 2267 337 2338 qui
369 2265 530 2321 etiam
560 2265 654 2320 lib.
687 2280 788 2328 xu,
831 2278 951 2334 cap.
981 2262 1069 2323 l3,
1100 2270 1305 2326 narrat,
1346 2260 1570 2332 physam
1601 2259 1805 2331 Egyp-

245 2361 381 2412 tium
408 2358 634 2427 piscem,
690 2370 902 2411 necnon
935 2363 988 2409 et
1017 2354 1165 2410 illius
1199 2352 1358 2422 jecur
1385 2368 1507 2408 cum
1552 2354 1677 2406 luna
1710 2366 1806 2422 pa-

245 2450 378 2504 riter
406 2449 743 2511 decrescere,
781 2447 1091 2518 pariterque
1129 2460 1453 2502 recrescere.
1488 2443 1649 2499 Plura
1685 2459 1805 2514 quae

248 2538 588 2611 συμπάθειαν
621 2538 821 2593 habent
843 2552 967 2592 cum
1005 2538 1130 2591 luna
1165 2544 1510 2607 augescente,
1542 2543 1595 2591 et
1651 2551 1806 2591 sene-

247 2639 433 2687 scente
467 2637 748 2686 enumerat
775 2628 980 2683 Gellius
1021 2628 1116 2684 lib.
1157 2645 1250 2694 ιτ,
1297 2643 1416 2699 cap.
1448 2630 1502 2692 8,
1532 2627 1805 2699 refertque

246 2723 438 2778 Lucilii
492 2738 681 2778 versus
724 2722 830 2776 huc
879 2720 1232 2792 pertinentes.
1273 2720 1526 2778 Manilius
1571 2735 1800 2792 pratum.

246 2816 342 2871 lib.
381 2832 441 2881 ιι,
468 2815 548 2871 sic
570 2816 664 2881 alt,

316 2929 408 2987 Sic
425 2930 692 2985 submersa
726 2930 894 3000 fretis,
927 2930 1239 2985 concharum
1270 2939 1318 2984 et
1340 2946 1545 2984 carcere
1566 2929 1750 2984 clausa

316 3003 395 3054 Ad
426 3002 565 3056 lunae
588 3011 785 3056 motum
815 3003 1020 3055 variant
1050 3000 1304 3055 animalia
1332 3017 1538 3070 corpus.

241 3116 622 3187 Hippocrates.
654 3117 770 3173 sive
802 3118 926 3187 quis
961 3116 1100 3171 alios
1127 3115 1310 3171 libello
1341 3112 1415 3169 De
1441 3096 1797 3182 Astronomia,

1907 597 2106 665 experti
2131 597 2318 651 medici
2340 597 2568 659 morbos,
2587 599 2985 667 morborumque
2999 596 3261 664 periodos,
3289 607 3336 650 et
3360 597 3472 665 ipso

1910 689 2048 745 lunt:
2064 691 2399 752 incremento,
2419 689 2721 758 plenilunio,
2735 694 2810 745 vel
2826 692 3149 745 decrementa
3173 707 3275 743 nau
3300 707 3344 745 ω
3359 691 3471 743 vela

1908 782 2273 844 committunt;
2322 780 2568 851 agricola:
2620 793 2830 850 aspectu
2859 783 2996 836 lance
3049 783 3251 835 diverso
3304 790 3479 835 terras
3540 794 3545 817 ί

1895 866 2091 926 aratro
2124 872 2353 943 ﬁndunt,
2392 874 2517 943 ﬁmo
2569 875 2918 944 impinguant,
2952 876 3154 929 semina
3197 883 3470 945 spargunt,
3542 916 3545 937 ε

1907 975 2097 1035 segetes
2130 974 2347 1031 metunt,
2381 979 2670 1037 ca'teraque
2692 969 2832 1037 agris
2864 985 2925 1021 ac
2950 968 3116 1021 hortis
3137 967 3366 1021 colendis
3387 967 3472 1020 di-

1907 1054 2125 1125 ligenter
2156 1054 2436 1124 adaptant,
2463 1066 2512 1111 et
2541 1057 2595 1110 id
2620 1060 2818 1128 generis
2842 1058 3071 1127 plurima
3095 1067 3359 1112 astrorum
3389 1075 3473 1112 re-

1906 1147 2037 1217 ferri
2063 1157 2271 1217 possent
2313 1149 2484 1220 signa.
2518 1147 2801 1220 Oppianus
2844 1151 3220 1205 Ἀλιευτικῶν
3258 1152 3470 1223 quinto,

1906 1255 2067 1295 versu
2102 1241 2205 1295 589
2233 1259 2246 1294 :

1909 1355 2125 1424 Ἕθνεα
2152 1354 2203 1424 δέ
2232 1354 2573 1423 ὀστράκινα,
2605 1356 2675 1410 τά
2713 1357 2764 1410 θ’
2794 1355 3109 1424 ἐρπύζουσι
3155 1355 3435 1424 θαλάσσῃ

1904 1423 2107 1496 Πάντα
2121 1423 2313 1493 φάτις,
2325 1426 2521 1493 μήνης
2536 1426 2651 1496 μὲν
2678 1426 3007 1494 ἀεξομένης
3036 1426 3185 1480 κατὰ
3210 1423 3461 1496 κύκλον,

1904 1494 2086 1561 Σαρκὶ
2116 1496 2519 1563 περιπλήθειν,
2536 1493 2646 1552 καὶ
2674 1493 2926 1551 πλείονα
2946 1495 3186 1564 ναιέμεν
3205 1493 3374 1550 οἷκον
3392 1513 3406 1526 ·

1904 1566 2239 1631 Φθινούσης
2259 1565 2309 1617 δ’
2334 1566 2572 1633 ἐξαῦτις
2594 1567 3015 1635 ἀφαυροτέροις
3031 1566 3319 1634 μελέεσσι

1913 1635 2291 1691 Ῥικνοῦσθαι
2315 1653 2329 1666 ’
2359 1638 2486 1704 τοίη
2516 1655 2605 1703 τις
2634 1636 2725 1691 ἐνὶ
2761 1639 2978 1705 σφίσιν
3010 1636 3181 1690 ἐστὶν
3218 1636 3466 1706 ἀνάγκη.

1905 1744 1969 1798 Et
1997 1743 2207 1802 Plinius
2236 1747 2329 1801 lib.
2357 1764 2432 1812 Ix,
2460 1763 2579 1820 cap.
2617 1749 2706 1812 51,
2739 1746 2933 1804 Cancri
2960 1758 3007 1801 et
3033 1749 3209 1802 omnia
3243 1747 3354 1817 ejus
3381 1764 3466 1816 ge-

1905 1839 2043 1893 neris
2070 1838 2238 1894 hieme
2277 1840 2562 1904 lwduntur,
2596 1851 2851 1895 autumno
2876 1848 2925 1894 et
2968 1857 3082 1894 vere
3128 1840 3467 1909 pinguescunt

1903 1939 1951 2004 et
1990 1930 2276 1999 plenilunio
2314 1933 2502 2001 magis,
2543 1933 2666 2002 quia
2709 1941 2855 1985 nocte
2886 1931 3032 1985 sidus
3069 1930 3238 1999 tepido
3268 1928 3467 1999 fulgore

1904 2025 2168 2093 mitiﬁcat.
2200 2023 2410 2090 Quibus
2444 2025 2790 2080 manifestum
2817 2031 2922 2089 est,
2950 2040 3059 2078 non
3098 2032 3303 2078 tantum
3336 2038 3466 2078 con-

1904 2115 2090 2183 chilia,
2142 2116 2237 2171 sed
2293 2116 2572 2182 animalia,
2615 2125 2670 2172 et
2716 2117 2917 2172 mullos
2953 2125 3213 2187 praeterea
3260 2116 3471 2185 lapides

1904 2206 2116 2280 aliaque
2153 2207 2512 2264 diversissimi
2544 2209 2760 2280 generis
2791 2223 2914 2262 οιιιιι
2948 2209 3076 2262 luna
3116 2222 3386 2272 crescere,
3411 2214 3479 2263 et.

1904 2296 2236 2355 decrescere.
2276 2298 2500 2355 Nonnus
2533 2300 2880 2372 Dionysiacon
2911 2316 2964 2366 ν,
3010 2300 3077 2356 de
3108 2300 3345 2355 selenete
3385 2298 3466 2352 la-

1903 2389 2027 2461 pide

2525 2536 2597 2547 --
2624 2504 2702 2573 Τῇ
2728 2506 2796 2559 δὲ
2833 2506 3102 2577 σελήνης

1898 2568 2038 2643 Ετχε
2062 2574 2234 2647 λίβον
2259 2574 2626 2639 πάλλευκον,
2660 2568 2728 2642 ὃς
2749 2568 3061 2647 ,εὐκεράὸιὸ
3076 2568 3326 2646 ’θεαίνης

1901 2644 2264 2719 ᾼειπομένῃς
2282 2648 2534 2719 μινύθει,
2564 2646 2660 2719 καὶ
2689 2644 2923 2719 delicuit
2951 2650 3174 2719 ὁππότε
3192 2644 3353 2719 μήκη

1916 2715 2259 2788 ᾎρτιερανὴς
2285 2716 2472 2788 σέβας
2494 2716 2679 2788 ὐπρόν
2709 2717 3163 2772 ἀποστίλϐουσα
3185 2715 3423 2788 κεραίης

1914 2783 2142 2839 Ἠελίου
2167 2785 2481 2854 γενετῆρος
2517 2783 2833 2857 ἀμέλγεται
2873 2789 3201 2859 αὐτόγονον
3219 2783 3355 2857 strip.

1971 2916 2180 2973 Psellns
2209 2919 2275 2974 de
2323 2919 2632 2990 lapidibus:
2671 2921 2727 2975 Ὀ
2757 2920 3058 2994 σεληνίτης.
3105 2922 3359 2977 Καλεῖται
3403 2922 3461 2977 δὲ

1900 3011 2092 3075 οὕτως,
2118 3013 2199 3065 ὅτι
2236 3012 2510 3084 ὀφθαλμὸν
2550 3009 2660 3068 οἶόν
2687 3031 2808 3069 τινα
2857 3016 3244 3088 συναυξόμενον
3277 3015 3462 3071 τοῦτον

1903 3105 1995 3158 καὶ
2029 3104 2463 3176 συμμειούμενον
2505 3109 2625 3171 ταῖς
2667 3107 2766 3177 τῆς
2799 3107 3027 3181 σελήνης
3066 3107 3326 3179 αὐξήσεσι
3369 3109 3464 3163 καὶ

238 3224 308 3261 ex
334 3209 776 3278 interpretatione
816 3206 1083 3262 Gulideoli
1129 3207 1351 3263 Μοτάἰεί
1378 3208 1596 3276 :Aspice
1612 3209 1801 3265 lunam

1904 3196 2269 3268 συμμειώσεσι
2300 3197 2588 3252 δείκνυται.
2613 3197 2745 3254 Vide
2779 3198 3085 3270 Philippum
3121 3200 3461 3255 Maussacum

233 3303 452 3369 quando
490 3308 568 3354 est
614 3299 771 3369 plena
811 3300 1025 3362 lumine,
1056 3300 1181 3371 quia
1211 3312 1319 3352 tum
1356 3300 1539 3354 crescit
1562 3300 1798 3370 sanguis,

230 3402 291 3446 et
314 3391 543 3446 medulla
565 3392 619 3446 in
646 3391 788 3446 omni
817 3391 1042 3456 homine,
1066 3401 1115 3446 et
1146 3387 1324 3445 bestiis
1358 3393 1617 3447 omnibus.
1658 3390 1802 3448 Idem

230 3485 302 3553 ﬁt
320 3486 374 3538 in
403 3485 539 3537 mari
565 3493 612 3539 et
644 3485 845 3538 cunctis
870 3485 921 3538 in
952 3483 1102 3538 rebus
1128 3484 1429 3538 mundanis.
1458 3482 1798 3549 Ptolemaeus,

234 3577 317 3630 Ἦ
347 3592 404 3628 τε
439 3575 633 3647 σελήνη
679 3576 754 3639 ὡς
787 3578 1164 3647 περιγειοτάτη
1203 3576 1382 3630 δίδωσι
1414 3579 1524 3640 τοῖς
1564 3576 1700 3648 πρὸς
1734 3579 1800 3648 τῇ

227 3671 311 3740 γῇ
335 3668 435 3739 τὴν
466 3668 785 3740 ἀπόρροιαν,
812 3661 1234 3739 συμπαθοῦντων
1264 3669 1419 3739 αὐτῇ,
1451 3668 1543 3721 καὶ
1584 3685 1805 3740 συντρε-

227 3759 493 3831 πομένων
532 3758 640 3814 τῶν
673 3758 955 3823 πλείστων,
998 3760 1091 3813 καὶ
1128 3760 1385 3831 ἐμψύχων
1421 3761 1515 3815 καὶ
1551 3761 1795 3832 ἀψύχων·

227 3853 335 3907 καὶ
381 3850 638 3921 ποταμῶν
692 3850 1058 3918 συναυξόντων
1097 3854 1194 3906 καὶ
1237 3854 1641 3923 συμμειούντων
1691 3858 1803 3919 τοῖς

229 3942 412 4012 φωσὶν
440 3941 608 4011 αὐτῆς
633 3940 701 3994 τὰ
722 3940 984 4013 ῥεύματα,
1009 3941 1286 3995 θαλασσῶν
1309 3944 1365 3997 δὲ
1396 3947 1801 4017 συντρεπουσῶν

226 4036 360 4095 ταῖς
388 4032 705 4096 ἀνατολαῑςο
739 4041 794 4087 et
819 4033 1086 4104 interpres
1141 4049 1442 4105 anonymus
1500 4035 1628 4093 Tab.
1678 4037 1802 4093 Pto-

231 4127 391 4187 lem.,
410 4123 548 4197 Ὀρῶ
576 4125 675 4196 μὲν
706 4124 815 4196 γὰρ
841 4126 935 4178 καὶ
959 4124 1027 4178 τὰ
1054 4124 1311 4179 θαλάττια
1334 4125 1448 4192 ζῶα
1481 4129 1802 4195 συναυξανόοι

232 4232 379 4288 μενα
420 4216 513 4269 καὶ
566 4216 970 4288 συμμειούμενα
1018 4220 1083 4289 τῇ
1124 4218 1339 4290 σελήνῃ,
1389 4220 1482 4273 καὶ
1535 4220 1690 4291 ἡμῶν
1743 4222 1801 4277 δὲ

230 4303 419 4359 αὐτῶν
456 4320 575 4358 τινα
631 4306 772 4377 μέρη
816 4304 909 4359 τοῦ
961 4305 1233 4380 σώματος,
1289 4304 1399 4362 οἷον
1458 4310 1653 4381 ὄνυχας
1704 4312 1799 4366 καὶ

227 4395 456 4468 τρίχας·
497 4392 564 4468 ἦν
601 4397 659 4450 δέ
699 4415 750 4451 τι
785 4399 878 4451 καὶ⁵
930 4398 1070 4471 ἱερὸν
1117 4398 1254 4463 ζῶον
1301 4402 1358 4455 ὲν
1411 4404 1476 4473 τῇ
1541 4404 1798 4476 Αἰγύπτῳ

226 4488 434 4560 ταῦρος
475 4490 825 4562 ἀνακείμενος
867 4494 930 4562 τῇ
972 4491 1095 4562 θεῷ,
1138 4488 1199 4548 οὗ
1241 4494 1426 4565 ήσόὸη
1473 4494 1795 4567 συνηύξανεν

1904 3287 1958 3342 in
1988 3295 2158 3341 notat.
2193 3288 2258 3340 ad
2292 3286 2639 3343 Plutarchum
2663 3289 2732 3344 de
2762 3288 2972 3346 ﬂumin.
3004 3293 3058 3346 in
3093 3288 3364 3360 Hydaspe,
3399 3299 3456 3344 et

1901 3380 2169 3435 Casarem
2208 3377 2462 3434 Evolum
2515 3378 2928 3445 Neapolitanum
2971 3380 3048 3435 De
3094 3383 3268 3436 causis
3318 3383 3461 3436 anti-

1900 3472 2094 3541 pathite
2138 3482 2187 3526 et
2227 3472 2532 3542 sympathia:
2579 3489 2754 3529 rerum
2795 3475 3117 3529 naturalium
3154 3476 3209 3529 in
3246 3474 3369 3531 ﬁne.
3398 3476 3465 3531 Et;

1903 3564 2221 3635 llodulpbus
2266 3563 2560 3620 Goclenius
2600 3567 2654 3619 in
2698 3562 3035 3637 Morosophia
3080 3564 3305 3622 Joannis
3346 3565 3460 3622 Bo-

1901 3657 2038 3713 berti
2071 3672 2189 3728 pag.
2222 3655 2345 3723 l7l,
2371 3664 2425 3712 et
2453 3666 2722 3728 sequent.,
2753 3658 2911 3729 plura
2933 3674 2999 3713 ex
3024 3658 3253 3714 laudatis
3275 3668 3469 3715 aucto-

1903 3753 2054 3807 ribus
2087 3751 2351 3821 congerit,
2379 3753 2446 3808 de
2484 3753 2537 3807 vi
2565 3760 2620 3807 et
2650 3751 2889 3807 ellicacia
2942 3752 3081 3806 luna:
3109 3752 3164 3806 in
3204 3752 3289 3808 his
3317 3753 3475 3828 infe-_

1902 3845 2160 3900 rioribus.
2194 3846 2393 3899 Mirum
2443 3845 2569 3899 item
2605 3853 2688 3899 est
2718 3844 2862 3917 quod
2901 3846 2954 3899 in
2994 3842 3243 3899 Herbarii
3272 3845 3461 3914 cujus-

1901 3935 2025 3990 dam
2058 3936 2274 3992 schedis
2304 3937 2521 4007 legitur,
2566 3936 2834 3991 lunariam
2877 3935 3098 3991 herbam
3138 3924 3469 3993 in‘summis-

1899 4024 2126 4093 Alpibus
2156 4026 2308 4080 nasci
2332 4039 2497 4096 prepe
2537 4024 2715 4081 fontes
2745 4035 2834 4080 aut
2874 4026 3116 4092 ﬂumina,
3154 4026 3300 4083 foliis
3334 4043 3459 4098 par-

1900 4116 2042 4171 vulis
2074 4155 2088 4177 ,
2151 4115 2400 4171 rotundis
2449 4116 2623 4171 instar
2663 4116 2926 4170 nummuli
2962 4116 3029 4170 ad
3079 4119 3313 4173 amaraci
3346 4119 3459 4175 fere

1900 4208 2331 4275 similitudinem,
2370 4208 2517 4263 caesii
2562 4208 2647 4264 vel
2688 4209 2901 4264 caerulei
2928 4210 3149 4272 coloris,
3188 4211 3341 4265 caule
3366 4226 3465 4264 ru-

1898 4301 2017 4365 bro,
2050 4309 2104 4357 et
2156 4301 2401 4366 odorato,
2453 4301 2636 4357 radice
2675 4316 2896 4368 crocea;
2952 4302 3326 4373 lunariamque
3374 4303 3461 4357 id-

1898 4395 2046 4449 circo
2082 4395 2361 4465 appellari,
2404 4394 2546 4465 quod
2586 4394 2651 4448 ad
2686 4395 2828 4450 lunae
2860 4396 3177 4462 auetns,vel
3206 4396 3457 4450 imminu-

1898 4487 2077 4542 tiones
2102 4502 2349 4542 crescere
2398 4502 2460 4541 ac
2484 4485 2798 4542 decrescere
2821 4487 3184 4543 consueverit.
3216 4486 3460 4542 totidem-

228 4581 401 4651 αὐτῇ,
438 4581 531 4635 καὶ
587 4581 945 4652 συνεμειοῦτο.
998 4583 1118 4637 Εἰσὶ
1165 4583 1221 4636 δὲ
1267 4585 1359 4638 καὶ
1406 4585 1500 4640 νῦν
1542 4587 1795 4658 συμφθε-

1900 4596 2003 4651 que
2034 4579 2160 4635 folia
2185 4581 2385 4636 habere
2421 4580 2641 4645 dicitur,
2673 4589 2806 4650 quot
2835 4580 2962 4635 luna
2990 4581 3151 4635 habet
3175 4581 3312 4637 dies.
3368 4606 3371 4607 ν

227 4690 438 4738 νοντες,
466 4676 561 4729 καὶ
589 4674 971 4740 ωναυξοῦντες
997 4676 1131 4730 λίθοι
1162 4678 1304 4742 τινὲς
1330 4680 1396 4752 τῇ
1448 4678 1570 4751 θεῷ.
1606 4678 1792 4736 Horat.

225 4779 296 4829 ιι,
326 4779 635 4841 sermonum
662 4765 696 4819 4
722 4785 734 4819 :

374 4876 603 4933 Lubrica
633 4889 900 4935 nascentes
933 4881 1143 4951 implent
1174 4882 1429 4937 conchilia
1457 4883 1614 4940 lunas.

227 5012 476 5070 Isidorus
507 5014 631 5071 libr.
679 5030 777 5081 xu,
811 5030 930 5087 cap.
959 5015 1013 5084 6,
1053 5017 1299 5074 Omnium
1352 5017 1652 5073 clausorum
1680 5035 1795 5073 ma-

226 5112 306 5165 ris
343 5112 675 5177 animalium,
728 5122 881 5182 atque
936 5114 1248 5167 concharum
1296 5115 1608 5167 incremento
1656 5114 1794 5169 [una

228 5202 467 5260 membra
489 5214 819 5276 turgescunt;
848 5205 1047 5275 defectu
1069 5217 1409 5260 evacuantur.
1441 5205 1604 5261 Luna:
1630 5208 1790 5271 enim,

226 5314 349 5351 cum
382 5297 438 5350 in
479 5307 755 5369 augmento
784 5299 963 5368 fuerit,
1005 5309 1157 5370 auget
1192 5302 1480 5365 humorem,
1518 5316 1637 5354 cum
1674 5317 1792 5354 vero

226 5390 282 5443 in
317 5387 577 5459 defectum
597 5391 811 5454 venerit,
838 5389 1079 5445 humores
1108 5391 1436 5456 minuuntur,
1467 5400 1572 5448 etc.
1609 5390 1794 5448 Ludo-

226 5484 384 5539 vicus
428 5480 629 5537 Fidelis
675 5481 753 5536 De
805 5482 986 5537 mund.
1048 5493 1235 5537 struet.
1291 5484 1413 5539 libr.
1453 5499 1506 5545 ν,
1551 5499 1671 5554 cap.
1736 5483 1789 5550 5,

228 5574 414 5641 Lunre,
443 5575 639 5645 inquit,
667 5574 988 5644 diuersitate,
1009 5579 1324 5632 incremento
1347 5576 1423 5631 vel
1447 5576 1788 5644 decrementa,

229 5677 486 5739 augentur
517 5669 594 5724 vel
656 5672 982 5738 minuuntur,
1029 5672 1439 5741 impinguantur,
1470 5671 1549 5725 vel
1586 5687 1790 5724 marce-

232 5774 382 5816 scunt
408 5780 628 5834 corpora
649 5765 924 5835 inferiora,
960 5765 1108 5836 “quod
1137 5767 1432 5820 animantia
1461 5765 1637 5829 bruta,
1672 5781 1789 5819 ares

238 5869 297 5906 ac
328 5855 516 5923 pisces,
559 5857 871 5929 illorumque
902 5858 1165 5925 medullae,
1201 5860 1305 5913 imo
1334 5869 1382 5914 et
1422 5860 1584 5914 maris
1616 5874 1790 5913 acces-

1968 4669 2128 4732 lbid.,
2158 4670 2254 4724 lin.
2285 4669 2373 4724 42.
2415 4670 2567 4724 Διότι
2599 4672 2909 4741 ὑγρότητα.
2942 4669 3195 4735 Basilius,
3222 4670 3366 4725 hom.
3398 4672 3454 4731 6.

1897 4763 2040 4816 Διότι
2072 4747 2364 4835 ’ὑγρότητά
2402 4782 2521 4817 τινα
2562 4763 2852 4835 θερμότητι
2898 4764 3238 4836 κεκραμένην
3267 4763 3459 4844 ὲπὶῦτδ

1899 4855 2060 4926 βάθος
2113 4855 2415 4925 φθάνουσαν
2467 4854 2764 4927 λεληθότως
2818 4854 3039 4925 ἐνίησιν.
3096 4853 3454 4922 Aristoteles,

1896 4947 1990 5000 lib.
2022 4963 2077 5010 ν,
2106 4945 2184 4999 De
2204 4956 2341 5015 part.
2376 4946 2617 5005 animal.,
2642 4960 2764 5017 cap.
2804 4946 2856 5010 5,
2888 4947 3150 5002 rationem
3181 4948 3456 5018 augmenti

1894 5037 2061 5092 tradit
2094 5052 2214 5093 esse
2237 5047 2422 5092 noctes
2453 5037 2766 5107 tepidiores.
2790 5037 3238 5108 quemadmodum
3269 5046 3322 5094 et
3356 5040 3456 5096 de-

1895 5131 2155 5184 crementi
2200 5128 2532 5199 frigidiores;
2569 5145 2690 5184 cum
2729 5130 2872 5184 enim
2918 5130 3173 5185 animalia
3210 5131 3324 5187 haec
3355 5147 3453 5186 ex-

1895 5219 2143 5290 sanguia,
2171 5227 2229 5272 ut
2248 5227 2462 5283 ostreas,
2486 5219 2786 5290 conchylia,
2812 5228 2866 5275 et
2886 5219 2943 5274 id
2966 5222 3178 5291 generis
3210 5222 3315 5275 alia
3344 5221 3456 5276 sint

1894 5309 2190 5379 frigidioris
2230 5317 2463 5371 naturas,
2510 5309 2710 5380 frigore
2743 5317 2934 5365 vexata
2967 5312 3199 5366 calorem
3240 5309 3455 5365 deside-
3489 5368 3497 5377 ,

1893 5406 2037 5466 rant,
2070 5397 2227 5468 cujus
2251 5413 2351 5469 ope
2392 5398 2635 5468 pleniora
2662 5399 2917 5462 evadunt,
2948 5407 3168 5469 propter
3195 5399 3337 5453 enim
3369 5397 3454 5454 lu-

1893 5501 2010 5540 cem
2046 5486 2339 5555 pleniorem
2382 5498 2570 5542 noctes
2600 5495 2728 5543 sunt
2760 5489 3075 5559 lepidiores,
3104 5496 3157 5544 et
3187 5502 3293 5541 non
3324 5488 3454 5558 quia

1892 5593 1990 5647 per
2011 5579 2064 5633 id
2101 5587 2315 5649 tempus
2360 5580 2633 5650 copiosius
2681 5589 2981 5651 pascuntur
3009 5588 3069 5634 ut
3117 5579 3269 5632 multi
3300 5579 3454 5635 dixe-

1891 5676 2040 5725 runt.
2074 5670 2329 5737 Quinimo
2357 5672 2470 5743 ipse
2493 5673 2810 5729 Aristoteles
2837 5674 2875 5727 l.
2909 5688 2982 5735 ιν,
3011 5671 3088 5725 De
3124 5672 3456 5741 generatione

1895 5765 2139 5828 animal.,
2178 5780 2298 5834 cap.
2330 5765 2393 5830 2,
2420 5765 2576 5820 docet
2608 5765 2765 5820 sicuti
2797 5763 2876 5819 sol
2916 5778 3011 5831 per
3052 5770 3222 5816 totum
3249 5778 3452 5819 annum

1894 5865 2134 5912 aestatem
2176 5864 2337 5929 atque
2375 5858 2603 5914 hiemem
2640 5856 2785 5924 facit,
2831 5855 2903 5907 ita
2937 5854 3118 5909 lunam
3170 5868 3264 5924 per
3302 5872 3455 5913 mena
