4064 6290
617 325 717 381 εῖι

1962 320 2207 378 LEONIS
2242 322 2514 379 ALLATII

3779 327 3918 381 872

617 456 756 503 sem,
806 454 916 494 non
955 437 1170 508 quidem
1215 453 1460 502 accessu,
1494 442 1833 513 decessuque
1879 450 1938 498 ut
1987 443 2180 509 solem,
2210 448 2250 504 Α
2283 443 2510 498 rhaeum.
2544 441 2658 496 Sita
2700 449 2878 497 autem
2929 440 3136 513 Pyrrha
3185 448 3300 496 erat
3336 442 3389 496 in
3422 441 3656 496 occiduo
3705 440 3912 501 Lesbi

619 531 718 588 sed
743 532 1098 595 incremento,
1129 540 1183 585 et
1213 531 1563 588 decremento
1585 534 1828 591 luminis.
1861 534 2014 590 Luna
2036 538 2180 592 enim

618 620 774 688 plena
810 619 1066 682 calorem,
1107 635 1268 690 quem
1313 622 1519 693 reliquo
1541 631 1786 694 tempore
1818 625 1980 682 habet
2001 629 2182 684 minus

618 712 912 773 intensum,
954 711 1227 784 intendit;
1260 715 1401 771 sicut
1432 724 1485 770 et
1513 718 1594 772 sol
1622 728 1808 776 aestate
1832 721 1954 790 plus
1987 722 2184 778 calefa-

616 803 712 870 cit,
743 802 919 858 hieme
950 804 1152 858 minus.

687 898 804 953 Col.
839 897 959 960 721,
986 898 1081 953 lin.
1105 899 1192 952 45.
1230 902 1294 953 υἱ
1333 898 1441 970 γὰρ
1487 903 1896 972 καθεύδοντες.
1926 905 2178 971 Basilius,

617 990 810 1046 hom.6
839 1009 852 1045 :
883 991 1108 1062 Δηλοῦσι
1141 991 1196 1044 δὲ
1225 994 1273 1045 οἱ
1300 993 1648 1058 καθευδοντες
1675 997 1778 1050 ὑπὸ
1807 998 2034 1070 σελήνην
2052 1001 2183 1071 ὑγρό

611 1100 773 1155 τητος
799 1084 1060 1155 περισσῆς
1084 1085 1180 1148 τὰς
1206 1087 1302 1157 τῆς
1332 1090 1569 1160 κεφαλῆς
1593 1091 1926 1163 εὐρυχωρίας
1955 1094 2186 1166 πληρού-

617 1191 785 1245 μενοι,
818 1177 910 1228 καὶ¹
940 1178 1007 1230 τά
1045 1179 1313 1249 νεοσφαγῆ
1354 1179 1460 1232 τῶν
1497 1182 1670 1254 κρεῶν
1704 1186 1837 1253 ταχὺ
1880 1187 2185 1258 τρεπόμενα

611 1267 677 1337 τῇ
715 1268 983 1339 προσϐολῇ
1012 1269 1110 1339 τῆς
1151 1270 1397 1342 σελήνης,
1431 1275 1525 1327 καὶ
1561 1273 1711 1339 ζώων
1741 1278 2049 1348 ἐγκέφαλοι,
2091 1283 2185 1335 καὶ

611 1358 719 1412 τῶν
747 1359 1042 1414 θαλαττίων
1066 1363 1133 1415 τὰ
1166 1364 1454 1435 ὑγρότατα,
1484 1367 1576 1419 καὶ
1604 1369 1658 1420 αί
1689 1369 1796 1423 τῶν
1833 1370 2062 1441 δένδρων
2095 1374 2183 1426 ὲν-

610 1452 885 1521 τεριῶναι.
931 1451 1167 1509 Galenus
1219 1456 1311 1510 lib.
1373 1473 1431 1510 Ill
1486 1457 1563 1512 De
1617 1459 1754 1514 dieb.
1795 1460 2075 1527 decretor.,
2117 1465 2184 1520 de

612 1544 741 1598 luna
777 1563 789 1598 :
824 1543 1004 1597 Πάντα
1039 1546 1135 1616 μὲν
1164 1547 1270 1618 γὰρ
1293 1547 1328 1602 ἃ.
1356 1549 1485 1620 δρᾷν
1525 1551 1767 1620 πέφυκεν
1803 1555 2015 1628 ἀμυδρὰ
2044 1558 2186 1626 γίνε-

611 1651 720 1697 ται,
763 1635 1070 1707 μηνοειδοῦς
1095 1639 1388 1710 γενομένης
1416 1642 1613 1712 αὐτῆς·
1642 1645 1856 1700 ἅπαντα
1896 1648 1954 1702 δὲ
1991 1651 2182 1723 ισχυρά

615 1727 1062 1800 πεπληρωμένης,
1101 1729 1238 1784 ὥστε
1264 1733 1358 1786 καὶ
1395 1735 1520 1799 τοὺς
1560 1739 1803 1808 καρποὺς
1828 1741 1885 1792 ἐν
1921 1741 2052 1813 τῷδε
2083 1762 2181 1797 πε-

614 1821 793 1873 παίνει
853 1822 944 1875 καὶ
991 1821 1205 1888 αὐξάνει
1251 1825 1497 1896 τάχιστα,
1529 1830 1621 1882 καὶ
1656 1831 1724 1884 τά
1751 1832 1916 1904 νεκρὰ
1958 1833 2183 1906 σώματα

611 1912 884 1984 διασὴπει,
907 1916 996 1968 καὶ
1017 1918 1138 1979 τοὺς
1166 1917 1268 1971 ὑπὸ
1292 1917 1389 1989 τὴν
1415 1920 1586 1992 αὐγὴν
1607 1922 1773 1994 αὐτῆς
1801 1926 2178 1998 κοιμηθέντας,

610 2003 644 2075 ἢ
677 2005 768 2058 καὶ
793 2005 963 2069 ἄλλως
993 2008 1081 2060 ἐπὶ
1111 2009 1268 2062 πλέον
1299 2009 1696 2082 διατρίψαντας,
1727 2015 1936 2088 ὠχροὺς
1970 2020 2061 2072 καὶ
2093 2039 2182 2075 κα-

614 2097 941 2169 ρηϐαρικοὺς
972 2099 1359 2170 ἀπεργάζεται.
1403 2101 1596 2158 Omnia
1641 2107 1906 2176 siquidem
1940 2125 2059 2179 quae
2101 2109 2183 2165 fa-

609 2203 733 2244 cere
779 2199 903 2244 nata
937 2203 1036 2256 est,
1074 2193 1164 2248 ubi
1199 2194 1352 2250 falcis
1395 2195 1618 2266 figuram
1658 2210 2031 2269 repraesentat,
2065 2203 2181 2258 lan-

609 2280 770 2352 guida
803 2283 975 2348 fiunt;
1024 2285 1201 2338 vaiida
1232 2287 1436 2348 omnia,
1471 2303 1593 2341 cum
1627 2289 1784 2357 plena
1815 2290 1996 2347 fuerit.
2031 2292 2180 2358 Qua-

609 2381 830 2443 propter
859 2383 913 2428 et
945 2373 1125 2447 fruges
1158 2384 1289 2431 tunc
1338 2376 1589 2448 adauget,
1619 2388 1964 2453 maturatque
2004 2387 2177 2440 celer-

609 2466 766 2528 rime,
800 2472 1011 2520 mortua
1039 2481 1267 2536 corpora
1295 2467 1348 2521 in
1373 2467 1551 2522 tabem
1581 2468 1850 2537 dissolvit,
1880 2488 2180 2546 somnoque

610 2557 803 2626 sapitis
835 2557 935 2612 sub
969 2558 1088 2627 ejus
1118 2559 1342 2623 lumine,
1379 2560 1463 2614 vel
1502 2561 1660 2615 aliter
1685 2562 1891 2619 diutius
1921 2565 2178 2623 immora-

608 2650 680 2704 tis
709 2650 988 2718 pallorem,
1017 2657 1070 2704 et
1103 2651 1300 2721 capitis
1326 2651 1569 2707 dolorem
1599 2655 1874 2712 conciliat.

677 2741 840 2807 Ibid.,
872 2742 969 2797 lin.
1003 2742 1092 2797 46.
1135 2743 1369 2812 Ὁμοίως
1399 2743 1467 2796 δὲ
1500 2746 1596 2798 καὶ
1631 2746 1703 2800 τὰ
1731 2750 1884 2816 περί.
1919 2750 2174 2817 Basilius,

608 2832 756 2890 hom.
788 2834 821 2888 6
853 2854 865 2889 :
899 2835 1008 2888 Καὶ⁵
1031 2835 1098 2888 τὰ
1140 2836 1267 2906 περὶ
1297 2835 1388 2887 τὸν
1422 2835 1560 2908 ἀέρα
1590 2837 1645 2891 δὲ
1684 2841 1828 2913 πάθη
1864 2847 1981 2908 ταῖς
2016 2863 2179 2916 μετα-

607 2925 788 2991 ϐολαῖς
825 2927 1023 2999 ταύτης
1063 2927 1487 2996 συνδιατίθεται,
1529 2929 1604 2994 ὡς
1653 2936 2016 3007 μαρτυροῦσιν
2047 2943 2178 3012 ἡμῖν

605 3021 669 3074 αἴ
693 3038 749 3074 τε
779 3022 918 3075 κατά
953 3022 1048 3092 τὴν
1074 3022 1366 3093 νουμηνίαν
1393 3023 1648 3090 πολλάκις
1677 3027 1784 3080 ἀπὸ
1815 3027 2048 3102 γαλήνης
2085 3035 2178 3087 καὶ

605 3113 864 3184 νηνεμίας
910 3114 1159 3182 αἰφνίδιοι
1199 3115 1434 3186 ταραχαὶ
1467 3117 1640 3186 νεφῶν
1673 3119 2062 3194 κλονουμένων,
2087 3129 2177 3182 καὶ
2203 3151 2244 3206 C

608 3203 1026 3273 συμπιπτόντων
1055 3204 1320 3275 ἀλλήλοις.

676 3295 812 3352 ibid.
845 3297 940 3351 lin.
970 3297 1058 3353 50.
1093 3299 1201 3353 Καὶ
1233 3301 1497 3370 γίνονται
1529 3303 1662 3372 περὶ
1700 3305 1839 3370 τοὺς
1868 3309 2170 3378 εὐρίπους.

604 3389 860 3451 Basilius,
898 3391 1044 3445 hom.
1089 3391 1122 3446 6
1167 3412 1181 3448 :
1234 3395 1342 3447 Καὶ
1383 3395 1439 3447 αἱ
1477 3397 1604 3467 περὶ
1637 3399 1760 3461 τοὺς
1785 3401 2042 3471 εὺρίπους
2069 3421 2175 3457 πα-

604 3482 857 3554 λίρροιαι,
885 3484 978 3536 καὶ
1003 3485 1034 3554 ἡ
1065 3485 1190 3556 περὶ
1219 3485 1308 3539 τὸν
1328 3486 1616 3560 λεγόμενον
1639 3491 1876 3546 ὠκεανὸν
1901 3493 2172 3566 ἄμπωτις,

604 3573 672 3644 ἢν
698 3576 817 3637 ταῖς
843 3574 1106 3644 περιόδοις
1137 3577 1235 3648 τῆς
1265 3577 1490 3651 σελήνης
1521 3585 1866 3654 τεταγμένως
1905 3587 2175 3659 ἑπομένην

607 3663 824 3736 ἐξεῦρον
851 3666 1348 3735 οίπροσοικοῦντες.
1370 3673 1430 3724 υἱ
1469 3673 1567 3742 μὲν
1596 3674 1704 3747 γὰρ
1734 3675 1946 3749 εὔριποι
1975 3682 2176 3752 μεταρ-

606 3755 818 3826 ρέουσιν
849 3757 932 3826 ἐφ’
962 3759 1195 3831 ἑκάτερα
1234 3763 1374 3817 κατά
1421 3763 1490 3818 τὰ
1522 3765 1683 3820 λοιπά
1715 3769 1813 3839 τῆς
1843 3771 2085 3844 σελήνης,
2117 3778 2175 3829 ὲν

603 3847 662 3900 δὲ
692 3848 770 3920 τῷ
799 3849 974 3920 καιρῷ
997 3851 1098 3921 τῆς
1125 3853 1388 3920 γενέσεως
1416 3857 1534 3911 οὐδὲ
1564 3859 1622 3911 τὸ
1657 3859 1990 3932 βραχύτατον
2017 3866 2174 3937 ἀτρε-

608 3941 818 4012 μοῦσιν,
855 3943 968 3996 ἀλλ’
1003 3944 1060 3997 ἐν
1102 3945 1244 4016 σάλῳ
1277 3951 1370 4001 καὶ
1397 3950 1725 4007 ταλαντώσει
1750 3954 1983 4028 διηνεκεῖ
2012 3958 2172 4013 καθε-

607 4033 890 4104 στήκασιν,
926 4033 1049 4100 ἕως,
1101 4038 1394 4105 ὲκφανεῖσα
1443 4041 1622 4108 πάλιν,
1677 4045 1993 4103 ἀκολουθίαν
2054 4052 2174 4105 τινὰ

604 4126 672 4195 τῇ
725 4125 1014 4199 παλιρροία
1053 4130 1414 4201 παράσχηται.
1455 4135 1517 4188 Ἦ
1564 4137 1619 4188 δὲ
1666 4139 1891 4212 ἐσπερία
1933 4141 2172 4200 θάλασσα

605 4213 702 4280 τὰς
751 4215 1029 4286 ἀμπώτεις
1080 4219 1406 4286 ὑφίσταται,
1458 4223 1550 4277 νῦν
1613 4227 1709 4298 μὲν
1761 4230 2169 4301 ,ὑπονοστοῦσα,

606 4309 766 4366 πάλιν
794 4309 850 4363 δὲ
880 4309 1258 4377 ἐπικλύζουσα,
1285 4313 1472 4383 ὥσπερ
1504 4319 1794 4386 ἀναπνοαῖς
1817 4327 1914 4396 τῆς
1947 4330 2172 4402 σελήνης

605 4400 942 4472 ὑφελκομένη
978 4401 1110 4472 πρὸς
1135 4403 1194 4455 τὸ
1230 4405 1423 4469 ὀπίσω,
1453 4411 1543 4461 καὶ
1591 4413 1750 4467 πάλιν
1792 4419 1911 4480 ταῖς
1948 4421 2040 4472 ἀπ’
2063 4400 2172 4474 αύ-

2285 537 2454 592 latere
2497 537 2538 589 (Ξ
2574 551 2604 591 a
2637 536 2791 590 Malia
2821 534 3029 598 stadiis,
3062 537 3137 590 ita
3167 535 3433 591 referente
3462 535 3751 593 Strabone
3786 538 3905 592 lib.

2283 643 2417 694 xm;
2448 635 2503 682 et
2542 642 2690 681 mare
2735 627 2876 681 inter
2907 626 3167 682 Euboeam
3209 633 3264 682 et
3319 626 3657 692 Chalcidem,
3720 628 3902 698 quod

2283 728 2446 790 ponte
2498 720 2662 774 duum
2698 720 2949 790 jugerum
2992 720 3340 791 iungebatur.
3401 720 3556 788 Quod
3611 733 3666 778 et
3750 725 3900 780 aliis

2284 808 2456 865 fuisse
2483 825 2770 866 commune
2811 813 2944 867 satis
2983 812 3332 867 manifestum
3365 823 3449 869 est
3495 814 3550 868 in
3600 815 3892 882 historia,

2282 909 2336 955 et
2362 904 2610 972 quamvis
2655 902 2972 958 Eustathius
3006 905 3248 960 videatur
3295 905 3557 960 reﬂuxum
3595 910 3789 963 maris
3823 909 3890 964 in

2284 990 2500 1061 Euripis
2560 1001 2767 1046 tantum
2823 994 3126 1062 aﬂirmare;
3195 1002 3375 1050 tamen
3427 997 3472 1051 si
3527 1007 3677 1052 recte
3744 998 3884 1068 ejus

2283 1084 2448 1138 verba
2478 1083 2897 1154 perpendantur,
2923 1085 2990 1141 de
3012 1086 3264 1142 universa
3292 1087 3456 1142 totius
3487 1091 3655 1144 maris
3687 1091 3879 1154 mole,

2284 1175 2400 1229 sive
2429 1183 2511 1245 (ut
2547 1177 2619 1229 ita
2654 1175 2852 1246 dicam)
2884 1177 3141 1233 barathro
3187 1179 3581 1250 intelliguntur.
3619 1180 3881 1253 Euripo-

2282 1281 2403 1319 rutn
2441 1275 2621 1321 autem
2667 1268 2992 1322 mentionem
3039 1268 3272 1333 induxit,
3302 1272 3446 1340 quod
3486 1273 3539 1326 in
3579 1272 3688 1328 illis
3722 1289 3878 1344 prae-

2283 1360 2440 1429 cipue
2471 1358 2649 1415 ﬂuxus
2679 1361 2780 1416 iste
2817 1373 3093 1419 cernatur.
3128 1363 3196 1416 Et
3238 1365 3381 1418 circa
3425 1365 3629 1431 littora,
3667 1379 3730 1421 ut
3783 1369 3874 1422 in-

2283 1452 2400 1520 quit
2431 1450 2659 1519 Plinius,
2691 1455 2856 1524 magis
2887 1471 3045 1525 quam
3077 1456 3131 1508 in
3175 1456 3283 1510 alto
3321 1457 3374 1510 hi
3421 1459 3648 1528 wquoris
3681 1469 3867 1515 motus

2283 1542 2748 1612 deprehenduntur.
2807 1545 2909 1613 Qui
2955 1562 3063 1617 quo
3110 1548 3450 1605 manifestior
3494 1552 3673 1607 oculis
3734 1568 3867 1622 spe—

2283 1638 2546 1692 ctantium
2580 1645 2683 1704 est,
2723 1654 2788 1693 eo
2835 1641 3143 1711 perplexior
3193 1645 3338 1712 angit
3385 1643 3864 1699 considerantium

2283 1731 2531 1797 animos,
2592 1739 2648 1788 et
2699 1733 2979 1789 veritatem
3038 1749 3200 1789 sensu
3262 1745 3534 1806 patentem
3598 1737 3864 1794 deturbat

2285 1831 2446 1893 atque
2502 1825 2806 1882 confundit.
2857 1826 3088 1892 Quidam
3140 1827 3540 1893 existimarunt,
3582 1843 3765 1897 nocte,
3802 1837 3863 1886 et

2282 1913 2518 1970 interdiu
2581 1917 2846 1987 reciproci
2911 1917 3146 1987 mquoris
3197 1917 3346 1972 ﬂuxu
3399 1929 3706 1975 aestuantem
3758 1936 3860 1977 re-

2281 2007 2387 2063 lahi
2419 2009 2645 2080 septies.
2683 2009 2890 2066 Seneca
2919 2011 2976 2064 in
3009 2009 3238 2066 Hercule
3272 2009 3497 2067 OEtteo:

2424 2121 2654 2197 Euripus
2681 2124 2851 2179 undas
2881 2125 3044 2197 ﬂectit
3074 2124 3344 2180 instabiles
3373 2143 3529 2197 vagas

2421 2192 2722 2266 Septemque
2750 2192 2937 2250 cursus
2966 2196 3066 2265 [ἐνί
3092 2205 3141 2250 et
3177 2199 3387 2250 totidem
3413 2192 3588 2266 rerert.

2421 2265 2561 2319 Dum
2589 2267 2791 2336 lapsum
2827 2266 2984 2321 Titan
3016 2276 3213 2338 mergat
3244 2267 3450 2322 Oceano
3471 2265 3651 2339 ’jubar.
3996 2295 3997 2354 ξ

2279 2376 2464 2434 Livius
2493 2379 2588 2433 lib.
2623 2395 2770 2434 xxvii
2795 2395 2905 2434 non
2935 2381 3234 2436 asscntitur
3265 2381 3390 2435 huic
3419 2384 3697 2437 sententia:
3725 2403 3740 2437 :
3769 2384 3834 2437 Et
3995 2365 3997 2438 ί

2278 2469 2472 2538 fretum
2500 2471 2693 2538 ipsum,
2730 2471 2926 2542 inquit,
2954 2470 3142 2540 Euripi
3186 2488 3289 2527 non
3336 2475 3520 2542 septies
3568 2475 3673 2539 die,
3715 2477 3842 2529 sicut

2278 2561 2426 2631 fama
2475 2561 2596 2631 fert,
2645 2565 2961 2630 temporibus
3007 2565 3162 2618 statis
3196 2568 3508 2632 reciprocat,
3544 2568 3634 2621 sed
3663 2578 3845 2624 temere

2278 2655 2334 2709 in
2382 2654 2590 2709 modum
2647 2658 2804 2720 venti,
2857 2673 2994 2710 nunc
3037 2657 3156 2723 huc,
3192 2675 3330 2713 nunc
3371 2661 3500 2714 illuc
3532 2678 3677 2716 verso
3715 2665 3845 2717 mari

2276 2747 2413 2802 velut
2446 2758 2619 2802 monte
2663 2750 2924 2818 ρι’ωεὶρὶιὶ
2950 2749 3218 2804 devolutus
3250 2761 3452 2806 torrens
3483 2757 3712 2823 rapitur.
3739 2757 3842 2811 An-

2276 2841 2501 2910 tiphilus
2533 2840 2818 2913 Byzantius
2860 2842 2980 2913 ejus
3028 2845 3510 2915 reciprocationem
3558 2849 3841 2921 Anthoiog.

2279 2931 2428 3004 Epig.
2455 2933 2551 2988 lib.
2586 2949 2625 2998 ι,
2660 2949 2780 3005 cap.
2817 2935 2908 2999 36,
2939 2936 3346 3007 elegantissime
3373 2943 3648 3010 expressit
3681 2961 3695 2997 :

2347 3044 2636 3119 Εὐϐοϊκοῦ
2671 3046 2920 3119 adgnata
2950 3048 3338 3119 παλινδίνητε
3371 3051 3675 3117 θάλασσα,

2415 3116 2728 3191 ῌᾼᾳγκῖςὸν
2750 3117 2924 3191 ὕδωρ,
2950 3118 3119 3186 ἰδίοις
3131 3116 3429 3191 ,ῥεύμασιν
3447 3116 3778 3179 ἀντίπαλον

2366 3185 2566 3261 Ἠελίῳ
2591 3187 2719 3261 κήν
2736 3185 2908 3241 νυκτὶ
2937 3185 3296 3261 τεταγμένον
3311 3193 3376 3258 ἐς
3396 3194 3520 3261 τρὶς
3542 3197 3790 3250 ἄπιστον
3806 3215 3819 3229 ·

2421 3257 2655 3335 Ιῖαυσίν
2685 3257 2837 3335 ὅσον
2873 3257 3124 3335 ςτιένιιπιςιζζ
3144 3263 3334 3332 χεῦμα
3352 3257 3762 3335 δανειζόμενον
3781 3311 3795 3332 ,

2353 3327 2556 3407 Θαρμα
2569 3328 2712 3407 ,βίον
2745 3327 3039 3407 θαμᾷῷρέ
3060 3336 3122 3385 τὸ
3144 3327 3416 3407 ζἰιρλίρίοτη,
3440 3327 3810 3407 οὺδὲματεύὼ

2421 3397 2548 3466 Σὴν
2570 3397 3100 3470 στάσιν-ξἈρῤήτῳ
3132 3397 3315 3457 carica
3341 3397 3781 3478 μέμηλεξεὼει.

2281 3509 2380 3564 Diu
2411 3511 2536 3566 item
2573 3514 2862 3582 quaesitum
2893 3530 2923 3569 a
2951 3515 3312 3588 philosophis,
3341 3536 3583 3590 quanam
3611 3525 3818 3589 ratione,

2279 3607 2331 3654 et
2362 3616 2470 3670 quo
2493 3601 2804 3672 impellente
2837 3619 2986 3660 mare
3015 3607 3322 3672 accederet,
3364 3626 3665 3682 rursusque
3693 3631 3826 3672 rece-

2280 3693 2461 3760 deret;
2493 3709 2681 3748 eorum
2731 3696 2930 3765 placita
2974 3698 3139 3754 refert
3175 3699 3523 3760 Plutarchus.
3561 3707 3830 3779 Euripides

2280 3787 2335 3842 in
2361 3786 2633 3859 Iphigenia
2667 3790 2898 3845 Taurica
2920 3807 2950 3846 a
2975 3796 3151 3850 ventis
3169 3797 3497 3866 quihusdam
3525 3803 3631 3858 illic
3656 3804 3827 3860 ﬂanti-

2279 3879 2380 3935 bus
2413 3881 2487 3935 ita
2533 3882 2650 3952 rapi
2697 3884 2891 3940 credit.
2941 3885 3105 3952 Quid,
3155 3889 3201 3943 si
3246 3889 3298 3944 id
3342 3893 3474 3948 idem
3522 3893 3631 3949 ﬂeri
3673 3901 3820 3951 nulla

2277 3971 2443 4027 ﬂante
2493 3987 2624 4028 aura
2657 3983 2994 4044 compertum
3027 3979 3151 4034 est?
3173 3979 3539 4049 Aristotelem,
3574 3989 3714 4058 quod
3747 3993 3828 4046 rei

2278 4063 2441 4132 hujus
2469 4073 2721 4119 naturam
2757 4067 3003 4124 invenire
3035 4086 3142 4125 non
3178 4083 3385 4142 posset,
3417 4077 3575 4131 t:edio
3603 4082 3828 4137 animam

2277 4154 2488 4210 efﬂasse
2515 4156 2761 4225 perbibet
2793 4158 3229 4229 Nanzianzenus,
3256 4163 3510 4225 Justinus
3541 4183 3743 4246 martyr
3778 4178 3828 4232 in

2278 4247 2422 4303 illius
2451 4248 2779 4318 profundum
2812 4268 2872 4308 se
2899 4256 3235 4326 praecipitem
3258 4259 3502 4329 dedisse,
3538 4265 3723 4338 sicque
3742 4269 3828 4325 de-

2277 4353 2512 4394 mersum
2538 4341 2776 4397 animum
2810 4345 3096 4415 ahjecisse.
3125 4350 3482 4408 Communior
3510 4365 3688 4415 tamen
3715 4376 3828 4417 sen-

2275 4433 2443 4485 tentia
2473 4442 2526 4486 et
2554 4436 2765 4489 veritati
2798 4439 2971 4508 magis
3010 4457 3251 4498 consona
3282 4445 3522 4513 videtur,
3556 4467 3719 4521 quam
3753 4470 3827 4509 sc-

603 4493 702 4562 τῆς
730 4493 1003 4558 ὲκπνοίαις
1044 4497 1122 4559 είς
1167 4496 1226 4549 τὸ
1273 4499 1468 4552 οἰκεῖον
1504 4502 1698 4573 μέτρον
1731 4508 2164 4583 προωθουμένης.

606 4585 875 4611 Ιῗ.⁹.-ι--..-
927 4587 1006 4611 ..ΑΙ
1041 4585 1258 4611 Λευ---
1310 4598 1382 4611 --ι
1423 4592 1520 4611 ρης.
1549 4610 1556 4611 ,
1582 4609 1608 4611 η
1796 4599 1809 4611 ι
1892 4609 1900 4611 ε

2280 4521 2379 4572 :uti
2414 4531 2542 4576 sunt
2581 4526 2826 4579 nonnulli
2866 4493 3072 4599 antiqui
3103 4531 3408 4604 philosophi
3447 4493 3522 4590 et,
3553 4493 3655 4593 :iri
3707 4558 3823 4611 prze-

606 4585 895 4654 Εὐρίπους,
927 4587 1008 4640 vel
1037 4585 1276 4658 εὔριπος,
1304 4598 1386 4645 εει
1423 4592 1617 4648 fretum
1648 4611 1742 4651 seu
1778 4599 1973 4656 ductus
2003 4619 2170 4673 aqua-

605 4692 724 4730 rum
778 4685 976 4732 terram
1027 4689 1254 4750 utraque
1309 4691 1460 4752 parte
1512 4685 1846 4755 adjacentem
1900 4693 2165 4752 dividens.

602 4765 795 4821 Cicero
846 4769 938 4823 lib.
993 4785 1043 4833 v,
1083 4770 1159 4825 De
1209 4771 1449 4843 legibus:
1485 4776 1684 4832 Ductus
1737 4797 1993 4851 aquarum
2041 4805 2167 4858 quos

605 4857 695 4910 isti
730 4856 882 4912 Nilos
916 4858 1236 4933 Euriposque
1269 4876 1472 4930 vocant,
1505 4869 1618 4937 quis
1666 4887 1782 4923 cum
1833 4873 2015 4929 viderit
2052 4856 2168 4934 non

604 4949 867 5002 irriserit?
894 4949 1083 5007 Pollux
1115 4955 1207 5010 lib.
1247 4973 1323 5019 ix,
1355 4973 1472 5028 cap.
1512 4961 1533 5014 1
1575 4981 1586 5015 :
1621 4962 1734 5018 Ἵνα
1765 4964 1818 5018 δὲ
1852 4969 1883 5037 ἡ
1927 4967 2168 5027 Θάλασσα

603 5041 938 5114 ἑκατέρωθεν
974 5040 1136 5099 οὖσαν
1176 5049 1273 5118 τὴν
1313 5052 1413 5121 γῆν
1452 5053 1665 5125 διαιρεῖ,
1707 5058 1860 5112 τοῦτο
1899 5061 2168 5136 θαλάσσης

603 5130 836 5193 αὐλῶνα,
866 5133 959 5185 καὶ
990 5133 1228 5204 εὔριπον,
1265 5143 1357 5193 καὶ
1385 5144 1624 5214 πορθμὸν
1653 5146 1733 5200 δεῖ
1765 5149 1966 5207 καλεῖν.
1999 5130 2166 5226 Magis

603 5221 821 5291 proprie
850 5228 1028 5278 tamen
1059 5224 1112 5278 id
1141 5241 1336 5283 nomen
1371 5229 1470 5286 fuit
1502 5235 1812 5304 impositum
1845 5243 1910 5296 ad
1949 5244 2038 5298 illa
2071 5221 2168 5301 ex-

602 5312 853 5382 plicanda
886 5330 1005 5384 quae
1043 5328 1329 5373 moventur
1361 5331 1522 5393 atque
1566 5341 1856 5387 recurrunt
1881 5375 1896 5398 ,
1951 5335 2166 5394 ﬂuendo

601 5405 685 5458 vel
719 5403 1009 5462 reﬂuendo.
1048 5409 1262 5480 Longus
1303 5412 1543 5472 Pmmen.
1581 5436 1596 5472 ι
1639 5440 1652 5476 :
1692 5424 1852 5490 Πόλις
1907 5431 2021 5484 ἐστὶ
2066 5433 2166 5485 Λέ-

602 5495 729 5598 coep
777 5499 1053 5574 Μιτυλήνη
1106 5504 1311 5576 μεγάλη
1361 5510 1452 5562 καὶ
1497 5511 1666 5583 καλή·
1707 5517 2010 5592 διείληπται
2059 5526 2164 5598 γὰρ

600 5587 858 5658 εὗρίποις,
882 5593 1270 5668 ὑπεισρεούσης
1305 5598 1404 5669 τῆς
1436 5600 1720 5677 θαλάττης,
1754 5613 1846 5666 καὶ
1871 5617 2162 5690 ίκεκόσμη-

600 5692 688 5730 ται
715 5683 975 5752 γεφύραις
1003 5685 1186 5749 ξεστοῦ
1218 5691 1310 5744 καὶ
1354 5691 1546 5750 λευκοῦ
1580 5697 1746 5754 λίθου.
1780 5683 2163 5776 Propriissinie

601 5772 779 5822 tamen
811 5771 1042 5844 Euripus
1069 5778 1353 5839 dicebatur
1382 5789 1522 5857 apud
1557 5797 1764 5850 veteres
1804 5771 1999 5854 fretum
2031 5800 2162 5871 Pyr-

2272 4614 2636 4680 stantissimi,
2694 4619 2787 4672 sed
2836 4620 3000 4674 etiam
3044 4624 3198 4677 multi
3259 4627 3541 4685 catholicae
3583 4630 3826 4690 Ecclesia

2269 4703 2482 4769 Patres,
2523 4719 2575 4762 et
2596 4725 2758 4779 quam
2800 4715 3146 4784 amplectitur
3176 4728 3362 4775 noster
3383 4721 3728 4793 Eustathius,
3756 4733 3827 4783 lu-

2270 4811 2394 4850 nam
2433 4798 2644 4854 scilicet
2686 4817 2809 4858 essc
2865 4820 3085 4861 causam
3120 4809 3284 4879 hujus
3319 4820 3522 4879 motus,
3565 4821 3827 4887 quomodo

2269 4900 2447 4945 autem
2482 4892 2535 4946 id
2569 4893 2680 4956 ﬂat.
2715 4898 3021 4967 explicatur
3049 4918 3078 4956 a
3103 4904 3440 4977 philosophis
3467 4910 3522 4964 in
3557 4917 3826 4984 meteoris,

2269 4992 2321 5035 et
2361 4998 2461 5038 nos
2506 4985 2646 5040 infra
2691 4991 2937 5058 quaedam
2975 4993 3239 5053 dicemus.
3283 4999 3359 5054 ita
3403 5017 3626 5060 sensere
3658 5005 3829 5063 Ptole-

2270 5089 2459 5139 mauis,
2503 5077 2716 5146 Cicero,
2753 5081 2985 5152 Plinius,
3025 5087 3244 5156 Strabo,
3280 5091 3556 5154 Marsilius
3586 5097 3826 5165 Ficinus,

2269 5165 2501 5224 Levinus
2550 5169 2824 5240 Lemnius,
2864 5184 2917 5231 et
2961 5180 3073 5233 alii.
3120 5181 3261 5238 Idem
3302 5187 3507 5256 placuit
3543 5190 3827 5248 Ambrosio

2268 5257 2360 5311 lib.
2392 5276 2444 5313 iv
2476 5260 2756 5331 Hexaem.,
2793 5283 2912 5338 cap.
2953 5270 3004 5333 7,
3039 5271 3264 5342 Basilio,
3297 5279 3443 5335 hom.
3479 5281 3532 5336 6.

2273 5384 2280 5395 ι
2335 5349 2497 5418 Ihid.,
2534 5353 2629 5412 lin.
2673 5357 2760 5412 5L
2808 5362 2916 5415 Καὶ
2953 5365 3087 5433 περὶ
3117 5368 3225 5421 τὸν
3268 5371 3554 5429 ὠκεανόν.
3585 5373 3660 5432 De
3699 5387 3823 5433 testu

2268 5445 2454 5514 maris,
2483 5457 2536 5502 et
2566 5450 2684 5520 ejus
2715 5454 3174 5525 consideratione,
3208 5471 3264 5518 et
3300 5480 3488 5533 causa,
3517 5480 3570 5526 et
3600 5473 3823 5527 aliorum

2265 5535 2411 5591 circa
2461 5540 2561 5594 hoc
2603 5545 2953 5612 opinionibus
3008 5553 3163 5621 plura
3208 5555 3374 5613 habes
3423 5560 3565 5630 apud
3609 5561 3820 5618 Franci-

2266 5643 2418 5682 scum
2451 5630 2764 5702 Vallesium,
2806 5639 2882 5694 De
2915 5660 3069 5698 sacra
3103 5647 3454 5721 philosophia,
3499 5671 3623 5726 cap.
3657 5659 3743 5720 52,
3773 5668 3821 5713 et

2266 5721 2528 5780 adversus
2563 5725 3000 5802 Eratosthenem,
3039 5741 3130 5809 qui
3162 5743 3264 5797 soli
3294 5721 3640 5816 ἀνωμαλίας
3666 5751 3820 5820 hujus

2266 5826 2489 5869 causam
2549 5832 2671 5875 esse
2705 5822 2938 5895 volebat,
2975 5836 3028 5883 et
3069 5834 3234 5890 maris
3269 5836 3515 5906 ejusdem
3552 5841 3714 5896 aliam
3745 5851 3819 5898 at-
