4064 6290
223 382 359 442 875
1304 372 1369 429 IN
1408 365 1778 428 EUSTATHII
1809 358 2286 422 HEXAEMERON
2327 359 2555 417 NOTAE.
3427 356 3532 421 8M

231 512 366 569 que
400 497 583 553 aliam
617 491 963 566 superiiciem
994 490 1360 548 disertissime
1384 488 1629 556 disputat
1660 482 1858 538 Strabo
1889 489 1933 542 Α
1966 479 2233 533 volantem
2283 477 2438 548 sequi
2498 490 2606 530 non
2661 474 2896 546 possint,
2954 472 3135 528 ﬂuxus
3197 470 3415 542 quidem
3475 475 3534 525 lit

232 565 358 647 lib.
402 607 451 646 ι.
503 565 743 645 Consule
776 595 1036 658 praeterea
1078 580 1433 640 Laurentium
1459 578 1759 633 Corvinum
1799 574 1859 626 in
1966 570 2168 627 Oceani
2197 571 2302 626 sub
2331 569 2539 625 torrida
2575 568 2631 623 in
2653 567 3018 633 occidentem,
3054 565 3235 637 quoad
3282 565 3535 636 impingit

237 696 363 739 sua
391 681 723 754 Geograplt.,
751 657 800 735 c.
831 678 928 745 ii;
957 676 1219 733 Joannem
1255 671 1609 727 Franciscum
1645 665 1858 727 Picum,
1968 661 2036 718 ad
2057 662 2331 717 contraria
2377 662 2583 727 littora,
2625 668 2996 729 curveturque
3035 659 3105 714 ab
3136 657 3204 713 iis
3238 678 3250 713 :
3278 657 3535 714 dissolvi-

236 775 285 830 l.
324 791 345 829 1
410 774 502 829 De
569 773 810 827 examine
855 771 1046 833 uanit.,
1096 783 1148 823 c.
1195 765 1298 830 ηε
1335 763 1602 819 Joannem
1645 757 1856 821 Picum,
1966 762 2057 809 tur
2086 769 2216 809 vero
2251 752 2503 810 discessu
2538 755 2681 808 lunae
2720 750 3011 806 concilium
3052 763 3342 820 aquarum,
3385 748 3532 818 quod

240 866 362 922 lib.
404 882 481 921 ιιι
512 865 712 920 Contra
754 862 979 925 Astrol.,
1024 874 1146 929 cap.
1190 856 1292 923 is;
1327 853 1595 917 Ficinum,
1638 864 1762 919 cap.
1804 846 1858 912 Β,
1966 852 2050 900 cst
2078 845 2135 899 in
2166 844 2365 899 itinere
2393 858 2587 899 versus
2630 841 2917 907 torridam,
2954 854 3076 911 quae
3104 839 3391 910 desertaeja
3423 850 3555 894 tra-r

242 958 328 1013 ad
363 956 587 1014 Plotin.
620 956 715 1011 lib.
753 969 845 1019 ιιι,
878 949 1206 1016 Εηηεαά.9;
1260 946 1652 1004 Contarenum,
1694 939 1790 993 lib.
1813 936 1857 990 ἰι
1966 946 2056 993 ctu
2083 937 2178 1008 qui
2224 937 2345 993 illas
2375 936 2673 1000 exciverat,
2729 935 2932 1005 impetu
2979 941 3160 1005 capto,
3201 939 3428 998 remeat,
3476 941 3553 989 et.

247 1049 342 1104 De
371 1049 693 1112 elementis;
726 1055 782 1103 et
814 1045 1076 1101 Levinum
1107 1039 1394 1096 Lemnium
1417 1034 1494 1090 De
1515 1031 1705 1089 occult.
1744 1037 1861 1085 nat.
1966 1032 2198 1086 assultat
2245 1029 2316 1084 ad
2362 1030 2547 1083 littora
2591 1044 2727 1097 sua;
2765 1039 2819 1084 et
2860 1028 2950 1082 hic
2983 1026 3217 1097 impetus
3249 1033 3335 1081 est
3389 1024 3532 1080 alius

245 1142 505 1206 mirac.,
550 1140 645 1195 lib.
690 1154 751 1202 ιι,
781 1152 902 1207 cap.
939 1136 1030 1201 41,
1076 1133 1235 1203 cujus
1264 1131 1457 1195 verba,
1488 1125 1618 1197 quia
1649 1129 1864 1179 contro-
1964 1128 2257 1190 generatus
2279 1135 2373 1190 per
2415 1119 2720 1176 absentiam
2753 1119 2916 1182 lunae,
2951 1116 3127 1172 donec
3163 1117 3282 1187 ipsa
3312 1116 3530 1171 rediens

248 1230 483 1286 versi-ae
525 1229 691 1299 hujus
729 1225 935 1281 nodum
977 1223 1217 1279 dilucide
1251 1218 1569 1291 expediunt,
1601 1222 1656 1270 et
1698 1226 1861 1267 omne
1964 1212 2118 1266 frena
2157 1211 2393 1282 impetus
2420 1210 2587 1280 hujus
2617 1209 2847 1280 recipiat
2871 1209 3075 1263 moder.
3096 1217 3313 1278 turque,
3339 1216 3394 1262 et
3423 1224 3530 1262 una

252 1321 519 1377 dubium
563 1326 834 1381 amovent,
877 1318 1165 1387 lucemque
1209 1313 1445 1369 aiferunt
1490 1307 1725 1371 auctori,
1767 1304 1857 1359 hic
1965 1319 2090 1359 cum
2133 1319 2234 1359 suo
2284 1312 2433 1359 motu
2489 1305 2844 1375 circumagat.
2894 1304 2972 1357 lta
3019 1304 3202 1361 littora
3249 1303 3532 1374 aequaliter

256 1412 604 1467 describere
635 1423 744 1463 non
792 1408 1060 1478 gravabor
1096 1423 1109 1460 :
1153 1403 1351 1474 Magna
1374 1416 1522 1464 sane,
1568 1397 1768 1468 inquit,
1808 1404 1858 1448 et
1965 1397 2205 1466 patentia
2247 1395 2439 1450 iisdem
2469 1394 2622 1450 horis
2654 1395 2952 1466 implentur
2980 1395 3183 1459 omnia,
3219 1394 3530 1450 reductiora

260 1504 426 1558 lunw
472 1518 646 1572 opera,
678 1500 732 1554 in
762 1515 937 1553 rerum
970 1510 1165 1553 natura
1202 1502 1455 1565 apparent
1484 1508 1502 1546 :
1531 1504 1706 1546 verum
1730 1487 1858 1542 solis

261 1596 559 1666 eﬂ‘ectibus
580 1591 890 1664 posteriora.
917 1589 1059 1646 Solis
1080 1590 1218 1645 enim
1241 1586 1486 1656 beneﬁcio
1514 1583 1611 1637 illa
1639 1581 1855 1651 fruitur,

265 1689 559 1759 lucemque
588 1686 651 1741 ab
680 1686 772 1740 illo
810 1686 1055 1751 sortitur,
1091 1685 1169 1737 sic
1196 1690 1251 1735 ut
1286 1687 1436 1734 tanta
1459 1677 1606 1731 illius
1633 1689 1759 1743 pars
1788 1672 1859 1725 il-

268 1781 565 1847 lustretur,
599 1784 849 1849 quantam
869 1774 951 1829 sol
978 1790 1073 1828 suo
1095 1769 1367 1841 splendore
1388 1766 1651 1830 irradiat;
1678 1760 1857 1831 deﬁcit

1964 1501 2097 1542 vero
2156 1484 2388 1550 tardius,
2436 1486 2698 1541 nonnulla
2751 1484 3114 1541 diversimode
3165 1484 3237 1540 ob
3280 1484 3529 1542 diversos

1965 1579 2157 1635 oceani
2185 1578 2386 1632 aditus.

2035 1670 2196 1737 lbid.,
2229 1670 2322 1724 lin.
2354 1669 2445 1724 55.
2483 1667 2755 1722 Κάτωθεν
2781 1667 2893 1737 γὰρ
2934 1668 2971 1735 ἡ
3014 1667 3268 1738 σελήνη.
3311 1666 3369 1723 In
3397 1668 3531 1724 ecli-

1965 1763 2155 1834 psibus
2185 1761 2480 1826 solaribus,
2509 1775 2744 1831 quanam
2772 1761 2988 1815 ratione
3016 1760 3149 1816 solis
3181 1758 3319 1814 radii
3343 1760 3529 1814 lunam

268 1880 466 1926 autem
501 1870 731 1939 lucisque
758 1882 938 1938 expers
970 1863 1228 1932 redditur,
1262 1861 1353 1917 ubi
1384 1870 1539 1915 terrae
1565 1858 1857 1912 interuentu
1886 1840 1936 1902 Β
1961 1870 2072 1910 ιιυιι
2086 1860 2392 1924 penetrem,
2416 1861 2470 1908 et
2499 1852 2773 1922 quomodo
2806 1852 2959 1916 luna,
2988 1866 3114 1906 cum
3137 1852 3212 1906 sit
3241 1851 3400 1923 longe
3429 1853 3531 1906 nii—

271 1965 375 2017 [κω
402 1964 488 2017 illi
519 1961 867 2030 intercipitur.
903 1959 1049 2014 Tunc
1078 1967 1254 2011 autem
1276 1954 1546 2025 potissime
1570 1952 1627 2005 in
1649 1958 1858 2004 terrena

268 2057 420 2111 uires
456 2070 580 2109 suas
600 2053 851 2124 explicat,
888 2066 1006 2103 cum
1036 2048 1113 2103 vel
1143 2047 1245 2101 soli
1274 2060 1339 2099 ex
1373 2042 1590 2097 aduerso
1619 2037 1859 2109 opposita

268 2150 552 2219 impletur,
593 2157 748 2218 atque
790 2144 1088 2202 orbiculata
1128 2140 1364 2211 efficitur,
1399 2135 1474 2191 vel
1506 2132 1596 2187 ubi
1631 2131 1859 2200 primum

268 2243 364 2296 illi
400 2240 760 2312 conjungitur.
806 2236 906 2291 His
933 2236 1071 2290 enim
1096 2233 1302 2287 dierum
1340 2227 1532 2298 spatiis
1571 2229 1859 2294 augescunt

272 2344 518 2405 segetes,
557 2331 815 2386 conchilia
856 2333 1178 2398 turgescunt,
1210 2337 1350 2377 venre
1387 2317 1663 2388 sanguine,
1706 2328 1856 2366 ossa-

273 2443 384 2497 que
407 2424 651 2480 medullis
681 2423 984 2493 implentur.
1011 2418 1126 2485 Quo
1151 2417 1209 2487 ﬁt
1234 2424 1294 2468 ul
1313 2409 1619 2468 concubitus
1642 2407 1711 2461 iis
1737 2415 1862 2458 tem-

274 2516 505 2589 poribus
547 2514 720 2568 minus
759 2511 969 2581 ofﬁciat.
1023 2507 1093 2561 Et
1132 2505 1380 2579 quoniam
1428 2500 1604 2556 omnia
1642 2497 1860 2551 humore

278 2608 502 2673 imbuit,
535 2607 594 2677 fit
628 2614 685 2659 ut
715 2620 898 2658 carnes
922 2600 1088 2655 radiis
1115 2599 1261 2653 illius
1289 2595 1541 2666 exposita:
1565 2590 1856 2654 tabescant,

282 2709 448 2770 atque
472 2698 704 2753 homines
735 2711 919 2751 somno
953 2694 1169 2760 vinoque
1197 2689 1377 2760 sopiti,
1423 2687 1680 2758 pallorem
1711 2683 1860 2753 capi-

283 2795 461 2865 lisque
501 2790 831 2864 gravedinem
869 2786 1217 2849 contrahant,
1260 2801 1323 2838 ac
1367 2781 1549 2838 morbo
1602 2777 1862 2834 comitiali

285 2887 590 2958 afﬁciantur
618 2898 637 2937 :
660 2882 868 2937 relaxat
911 2880 1049 2934 enim
1096 2893 1297 2943 nervos,
1342 2891 1403 2929 ac
1438 2874 1703 2928 cerebrum
1737 2869 1857 2940 plus

286 2979 426 3033 satis
457 2978 744 3040 humectat,
773 2973 1030 3043 mentique
1061 2972 1110 3026 vi
1141 2969 1358 3040 algiﬁca
1383 2975 1646 3035 stuporem
1673 2961 1857 3031 infert.

288 3071 492 3128 Oceani
526 3085 726 3140 quoque
769 3077 929 3122 aestus
977 3066 1229 3128 excitare,
1273 3076 1590 3130 causamque
1627 3058 1860 3127 recipro~

283 3161 450 3217 candi
476 3159 558 3214 illi
580 3158 810 3229 prtebere
837 3172 941 3210 non
958 3164 1036 3210 est
1064 3152 1203 3226 quod
1229 3153 1344 3224 quis
1370 3148 1623 3219 ambigat.
1662 3146 1723 3203 Si
1749 3146 1860 3216 qui-

282 3253 406 3308 dem
464 3268 583 3305 cum
633 3248 976 3320 perspicimus
1019 3244 1198 3301 silenti
1239 3252 1393 3313 atque
1436 3240 1659 3294 obscura
1697 3237 1855 3299 luna;

281 3359 449 3414 eaque
477 3341 553 3397 vel
582 3339 752 3396 medio
782 3337 905 3394 orbe
935 3335 1187 3402 dissecta,
1228 3333 1307 3389 uel
1337 3333 1390 3387 in
1423 3344 1624 3387 cornua
1653 3328 1859 3397 falcata

278 3438 394 3492 sine
444 3443 722 3505 augescat,
786 3439 879 3486 aut
919 3430 1212 3492 minuatur,
1262 3425 1437 3479 nullos
1485 3419 1858 3492 propemodum

280 3528 407 3601 ﬁeri
449 3541 705 3597 aquarum
746 3538 1055 3587 concursus,
1104 3535 1195 3574 nec
1225 3518 1281 3572 in
1326 3516 1494 3570 ullam
1524 3511 1857 3568 altitudinem

281 3620 465 3676 attolli
508 3633 795 3681 oceanum,
845 3629 1164 3686 quiscunque
1222 3611 1384 3665 etiam
1448 3609 1632 3662 littora
1676 3604 1853 3659 alluit.

283 3711 520 3767 Rursum
552 3707 643 3761 ubi
686 3722 806 3759 cum
856 3703 964 3759 sole
1018 3699 1372 3773 congreditur,
1426 3709 1579 3768 atque
1615 3694 1860 3750 innovari

283 3803 491 3872 incipit,
518 3809 610 3854 aut
645 3801 700 3854 in
735 3798 911 3853 orbem
948 3794 1307 3851 circumducta
1335 3792 1491 3861 plena
1536 3788 1860 3857 conspicitur

286 3893 552 3948 maximos
582 3888 807 3945 excitari
826 3895 1008 3949 cestus,
1030 3885 1323 3954 ﬂuctusque
1353 3879 1529 3934 attolli
1556 3880 1610 3932 in
1638 3878 1860 3931 immen-

287 3999 430 4048 sam,
476 3983 591 4054 quis
635 3980 741 4035 alio
787 3994 947 4049 quam
998 3978 1052 4030 in
1084 3977 1224 4029 lunw
1256 3980 1474 4035 malum,
1502 3971 1730 4040 ﬂuxum,
1774 3982 1856 4021 re-

290 4078 595 4147 fluxumque
637 4070 820 4126 oceani
860 4065 1091 4137 referat?
1141 4062 1209 4120 Ut
1237 4065 1376 4118 enim
1407 4075 1621 4131 magnes
1656 4057 1858 4127 ferrum

292 4167 482 4232 allicit,
521 4167 596 4218 sic
631 4162 778 4218 sidus
807 4160 903 4215 hoc
946 4170 1100 4214 terra:
1124 4156 1422 4226 proximum
1453 4168 1597 4206 mare
1637 4150 1857 4205 attrahit

291 4259 635 4328 concitatque.
671 4253 816 4309 Nam
862 4268 979 4306 cum
1019 4250 1146 4303 luna
1190 4248 1395 4311 oritur,
1448 4259 1673 4299 oceanus
1712 4243 1859 4296 circa

291 4354 414 4409 illas
454 4351 638 4423 plagas
673 4347 984 4410 deuoluitur,
1026 4357 1205 4411 nempe
1241 4338 1545 4404 orientales,
1582 4347 1860 4408 partesque

295 4440 638 4498 occidentales
677 4437 890 4493 deserit.
906 4433 1132 4504 Quando
1162 4449 1278 4487 vero
1308 4430 1377 4485 ad
1405 4429 1856 4498 occasum'uergit,

1964 1965 2087 2014 nor,
2120 1956 2293 2002 t0tum
2327 1954 2510 2000 tamen
2542 1946 2713 2001 solem
2745 1946 3027 2009 obscuret,
3062 1945 3265 2002 diserte
3293 1928 3529 2016 explicat

1960 2038 2299 2106 Cieomedes,
2324 2036 2542 2091 Meteor.
2571 2037 2665 2093 lib.
2692 2053 2753 2103 ιι,
2792 2052 2915 2108 pag.
2951 2036 3021 2092 80
3054 2037 3311 2103 editionis
3349 2035 3527 2092 Paris.

2031 2126 2193 2195 lbid.,
2246 2128 2343 2182 lin.
2395 2128 2486 2183 55.
2535 2128 2701 2196 Μέγα
2738 2125 2806 2179 δὲ
2846 2127 2946 2181 καὶ
2984 2124 3137 2194 αὐτὴ
3189 2128 3228 2195 ἠ
3271 2125 3524 2192 σελήνη.

1963 2222 2040 2279 De
2068 2220 2443 2293 magnitudine
2475 2220 2636 2285 lunae,
2662 2226 2718 2274 et
2749 2218 2979 2275 aliorum
3002 2218 3343 2288 planetarum
3370 2217 3529 2287 plura

1960 2314 2280 2372 Cleomedes
2338 2314 2460 2369 loco
2507 2312 2564 2368 d.
2626 2320 2679 2368 et
2732 2311 2846 2368 alii.
2894 2311 3246 2381 Anaxagoras
3307 2316 3531 2365 auctore

1962 2406 2259 2463 Plutarcho
2286 2407 2470 2461 lunam
2505 2405 2723 2462 dicebat
2754 2418 2880 2460 esse
2916 2417 3101 2474 parem
3126 2400 3525 2472 Peloponneso.

1961 2500 2273 2556 Ludovicus
2297 2497 2501 2556 Fidelis
2532 2497 2611 2554 De
2637 2514 2785 2552 mun.
2811 2506 2931 2561 str.,
2964 2495 3002 2552 l.
3025 2510 3081 2559 v,
3111 2508 3163 2551 c.
3202 2493 3258 2561 7,
3286 2507 3530 2562 quaerere

1962 2601 2127 2664 atque
2166 2591 2403 2647 scrutari
2437 2590 2506 2646 de
2535 2589 2907 2661 magnitudine
2937 2594 2991 2642 et
3051 2585 3360 2656 quantitate
3397 2584 3529 2645 solis

1960 2692 2016 2741 et
2043 2684 2184 2739 lunae
2203 2697 2468 2754 arrogans
2504 2696 2628 2738 esse
2660 2678 2965 2741 contendit,
3000 2690 3211 2750 nosque
3238 2683 3529 2731 contentos

1962 2790 2084 2833 esse
2110 2774 2308 2831 debere
2347 2772 2624 2842 descripto
2651 2770 2807 2834 solis,
2855 2777 2911 2823 et
2947 2768 3108 2831 lunae,
3142 2779 3207 2820 ac
3245 2763 3528 2821 stellarum

1962 2866 2068 2922 hoc
2090 2881 2336 2929 munere,
2371 2873 2431 2919 ut
2468 2864 2550 2920 sol
2580 2862 2712 2926 diei,
2748 2868 2802 2917 et
2833 2861 2963 2916 luna
2997 2858 3145 2916 nocti
3166 2856 3416 2928 praesint,
3452 2854 3531 2910 di-

1960 2958 2426 3029 vidantqueinter
2446 2957 2622 3012 lucem
2651 2960 2707 3010 et
2747 2951 3023 3015 tenebras,
3044 2948 3188 3005 diem
3210 2955 3265 3003 et
3287 2955 3529 3005 noctem.

1972 3049 2179 3105 Vanum
2205 3060 2283 3105 est
2322 3049 2482 3114 enim,
2515 3045 2714 3119 inquit,
2749 3043 3067 3114 praeclarum
3108 3050 3269 3096 terere
3303 3049 3529 3110 tempus,

1961 3153 2031 3219 et.
2053 3143 2244 3198 sudore
2296 3143 2462 3196 multo
2498 3140 2788 3210 exquirere,
2849 3151 2965 3192 aure
3005 3133 3146 3189 Deus
3198 3134 3379 3204 ignota
3417 3145 3530 3186 esse

1962 3235 2144 3291 uoluit.

2033 3327 2166 3382 Ibid.
2207 3326 2397 3381 Μῦθοι
2433 3325 2501 3379 δὲ
2528 3322 2813 3394 ληρώδεις
2837 3321 2955 3377 ὑπὸ
2976 3319 3338 3390 μεθυόντων.
3374 3314 3531 3370 Basi-

1962 3419 2088 3483 lius,
2122 3419 2269 3473 bom.
2300 3417 2334 3472 6
2369 3436 2381 3470 :
2413 3416 2585 3471 Μῦθοί
2619 3431 2762 3477 τινες
2792 3411 3207 3480 καταγέλαστοι,
3238 3406 3342 3461 ὑπὸ
3375 3409 3531 3476 γραῖ-

1959 3513 2085 3568 δίων
2119 3509 2573 3581 κωθωνιζομένων
2617 3503 3112 3579 παραληρούμενοι,
3166 3496 3438 3569 πανταχοῦ
3460 3495 3533 3549 δι·
3565 3508 3568 3510 ⁷

1959 3606 2251 3678 εδόθησαν,
2307 3605 2390 3657 ὅτι
2426 3600 2783 3675 μαγγανείαις
2815 3599 2927 3651 τισὶ
2954 3599 3054 3668 τῆς
3103 3593 3308 3655 οἰκείας
3370 3589 3530 3662 ἕδρας

1959 3698 2347 3768 ἀποκινηθεῖσα
2390 3695 2587 3767 σελήνη
2638 3692 2777 3764 πρὸς
2817 3690 2921 3760 γῆν
2965 3686 3349 3758 καταφέρεται.
3402 3684 3530 3744 Πῶς

1962 3795 2060 3864 μὲν
2101 3788 2193 3846 οὖν
2219 3789 2406 3860 κινήσε
2470 3787 2678 3857 γοήτων
2703 3782 2950 3852 ἐπαοιδῇ,
2967 3781 3033 3853 ἢν
3065 3777 3226 3843 αὐτὸς
3247 3772 3533 3846 ἐθεμελίω-

1961 3901 2051 3938 σεν
2080 3884 2108 3935 ὁ
2124 3881 2573 3951 ’Υψιποςοοποῖος
2605 3878 2648 3930 δ’
2667 3876 2733 3930 ἂν
2755 3876 2849 3930 καὶ
2865 3874 3029 3937 τόπος
3056 3867 3532 3926 κατασπασθεῖσαν

1958 3976 2128 4047 αὐτὴν
2164 3973 2490 4038 ὑπεδέξατος
2536 3969 2729 4041 Sagas,
2774 3982 3070 4041 magosque
3112 3964 3309 4019 ρωιυω
3364 3960 3535 4029 depo-

1961 4083 2112 4134 nere,
2153 4074 2355 4123 terram
2400 4062 2755 4134 suspendere,
2801 4069 2861 4115 ut
2889 4057 3072 4114 verbis
3122 4052 3337 4126 Apuleii
3382 4059 3530 4118 utar",

1960 4160 2138 4217 fontes
2169 4159 2390 4222 durare,
2426 4166 2640 4211 montes
2696 4153 2925 4216 diluere,
2974 4163 3165 4205 manes
3208 4146 3528 4210 sublimare,

1958 4256 2090 4311 deos
2123 4252 2419 4317 inﬁrmare,
2450 4249 2629 4306 sidera
2656 4244 3024 4316 exstinguere,
3054 4250 3319 4296 tartarum
3348 4238 3530 4311 ipsum

1960 4346 2291 4409 illuminare,
2318 4357 2471 4398 mare
2494 4341 2711 4412 pigrum
2752 4338 3029 4408 colligare,
3060 4335 3228 4390 solem
3261 4332 3528 4394 inhibere,

1960 4440 2145 4495 lunam
2206 4437 2495 4501 deducere,
2552 4432 2739 4488 stellas
2792 4430 3044 4493 evellere,
3087 4435 3142 4482 et
3201 4425 3305 4479 alia
3358 4424 3530 4477 multa

292 4539 347 4593 in
379 4537 486 4591 illis
515 4533 751 4604 partibus
782 4531 1112 4586 crebrescunt
1143 4526 1359 4596 fluctus,
1407 4525 1460 4577 in
1491 4523 1558 4577 iis
1597 4537 1715 4576 vero
1740 4534 1856 4590 qua:

1961 4530 2108 4586 dictu
2138 4530 2344 4602 gravia,
2375 4537 2429 4583 et
2458 4526 2707 4581 maximae
2739 4520 3136 4584 admirationis,
3170 4517 3287 4574 suis
3319 4513 3533 4585 magnis

295 4627 362 4683 ad
385 4635 557 4681 ortum
583 4631 813 4693 spectant
837 4621 1217 4679 detumescunt,
1245 4614 1397 4685 idque
1426 4610 1752 4684 afﬂuentibus
1780 4607 1856 4663 vel

292 4720 504 4791 parcius
536 4733 630 4787 pro
660 4716 973 4768 incremento
1024 4709 1326 4778 defectuque
1359 4704 1490 4759 lucis
1511 4718 1670 4774 quam
1701 4701 1859 4755 luna-

295 4830 376 4868 res
405 4810 546 4865 radii
572 4806 833 4863 exhibent.
865 4803 1072 4858 Caetera
1119 4801 1186 4854 ad
1221 4799 1326 4853 hoc
1371 4797 1515 4852 idem
1554 4793 1856 4865 spectantia

293 4910 411 4977 lege
445 4903 587 4974 apud
626 4902 826 4973 ipsum.
870 4896 1108 4953 Joannes
1138 4892 1441 4964 Kepplerus
1500 4888 1555 4943 in
1600 4886 1856 4942 Introdu-

296 5000 476 5054 ctione
527 4994 595 5049 ad
650 5007 806 5049 suam
856 4988 1211 5056 Astrologiam
1258 5000 1445 5038 novam
1492 4980 1858 5048 αἰτιολόγητον

236 5086 239 5093 ’
297 5091 537 5145 rationes
579 5086 758 5140 ﬂuxus
789 5090 844 5140 et
882 5080 1123 5138 reiluxus
1162 5078 1330 5132 maris
1367 5076 1441 5129 ita
1471 5073 1712 5128 insinuat
1743 5091 1754 5123 :
1783 5071 1861 5124 lu-

277 5195 422 5237 ‘nam
445 5180 652 5238 scilicet
680 5191 778 5234 sua
825 5172 1144 5229 attractoria
1172 5171 1247 5235 vi,
1288 5183 1410 5240 quae
1448 5166 1517 5221 ad
1554 5175 1730 5221 terras
1771 5179 1857 5217 us-

298 5290 403 5347 que
446 5272 760 5346 porrigitur,
794 5283 964 5340 aquas
1009 5266 1112 5323 sub
1143 5279 1334 5318 zonam
1374 5259 1637 5315 torridam
1679 5258 1862 5329 prole-

299 5379 469 5432 ctare,
504 5379 612 5436 quo
650 5364 796 5417 facto
820 5360 1014 5415 nudari
1045 5360 1231 5414 littora
1279 5370 1562 5421 zonarum,
1593 5363 1647 5408 et
1678 5352 1863 5407 clima-

299 5471 411 5517 tum
446 5457 772 5514 lateralium.
809 5454 994 5523 Itaque
1023 5452 1179 5524 aquis
1220 5451 1275 5504 in
1306 5447 1487 5504 latiori
1519 5446 1672 5502 alveo
1698 5458 1863 5500 ocea-

300 5556 357 5611 ni
390 5547 828 5622 assurgentibus,
884 5543 1000 5599 ﬁeri
1035 5549 1235 5615 potest,
1279 5549 1339 5595 ut
1368 5540 1424 5594 in
1451 5535 1861 5609 angustioribus

299 5648 418 5718 ejus
445 5642 695 5705 sinubus,
721 5639 880 5694 modo
900 5651 1007 5691 non
1033 5634 1196 5689 nimis
1219 5639 1367 5687 arcte
1385 5629 1681 5693 conclusis,
1705 5642 1861 5699 aqua:

301 5748 566 5810 prasente
613 5736 739 5790 luna
785 5732 947 5788 etiam
1002 5728 1263 5798 aufugere
1314 5725 1383 5781 ab
1433 5737 1498 5780 ea
1548 5720 1855 5778 videantur.

303 5833 437 5889 Cum
470 5839 649 5886 autem
684 5841 834 5896 aqua:
874 5825 1058 5878 lunam
1103 5821 1360 5876 verticem
1399 5818 1646 5877 celeriter
1674 5824 1860 5872 trans—

615 5922 874 5981 Ριτιιοι.
910 5917 1026 5978 Gn.
1058 5913 1286 5978 XVIII.

1961 4622 2451 4687 susurraminibus,
2493 4617 2953 4690 quandocunque,
3004 4619 3059 4668 et
3105 4610 3415 4677 ubicunque
3469 4606 3533 4659 li-

1961 4716 2140 4772 buerit
2166 4714 2322 4770 multi
2368 4713 2669 4775 credidere,
2701 4717 2756 4765 et
2792 4708 3028 4761 maxime
3062 4703 3304 4758 omnium
3337 4706 3527 4771 poetae.

1958 4807 2096 4863 Dido
2147 4806 2212 4861 ad
2263 4807 2474 4860 Annam
2509 4818 2752 4860 sororem
2790 4802 2886 4862 ait,
2949 4797 3043 4854 lib.
3072 4810 3127 4850 ιν
3156 4791 3372 4848 ιΕηαὶά.
3403 4789 3531 4845 Ἧι·-

1958 4901 2170 4973 gilianae
2202 4917 2214 4952 :

1961 5016 2100 5072 Hinc
2130 5015 2258 5070 mihi
2289 5013 2537 5083 Massyla:
2575 5009 2739 5083 gentis
2764 5014 3060 5083 monstrata
3090 5002 3334 5059 sacerdos
3367 5014 3384 5051 :

1963 5087 2091 5142 "rec
2124 5104 2177 5141 se
2210 5077 2533 5138 carminibus
2571 5077 2832 5150 promittit
2862 5077 3058 5150 solvere
3087 5084 3280 5127 mentes

1961 5160 2108 5224 Quas
2138 5157 2277 5220 velit,
2308 5164 2393 5208 ast
2427 5153 2551 5224 aliis
2572 5149 2747 5224 duras
2768 5149 3044 5224 immittere
3068 5161 3247 5208 curas,

1961 5219 2161 5283 ἕξεων-ε
2187 5219 2379 5296 aquam
2403 5223 2604 5293 ﬂuuiis,
2632 5232 2681 5274 et
2715 5219 2937 5296 ﬂumina
2967 5227 3161 5296 vertere
3187 5223 3348 5274 retro,

1962 5286 2365 5366 Nocturno'squc
2396 5286 2493 5348 ciet
2516 5308 2697 5366 manes
2715 5286 2739 5345 ἐ
2763 5291 2963 5366 mugire
2986 5286 3179 5366 videbis

1960 5369 2069 5426 Sub
2101 5358 2315 5438 pedibus
2349 5376 2565 5427 terram,
2594 5373 2643 5416 et
2662 5358 2967 5416 descendere
2998 5358 3258 5412 utentibus
3275 5367 3451 5407 ornos.

1959 5481 2297 5553 Propertius,
2331 5479 2478 5550 Eleg.
2507 5478 2599 5533 lib.
2637 5492 2677 5542 ι,
2712 5477 2847 5546 eleg.
2879 5476 2904 5527 i
2944 5494 2957 5529 :

1959 5601 2030 5655 At
2057 5616 2144 5653 vos
2173 5596 2405 5650 deducta:
2433 5594 2617 5666 quibus
2638 5601 2716 5647 est
2745 5590 2964 5666 fallacia
2993 5587 3130 5666 laute

2032 5669 2101 5723 Et
2134 5668 2281 5721 labor
2309 5668 2365 5720 in
2395 5656 2615 5736 magicis
2642 5656 2799 5716 sacra
2822 5660 2970 5729 piare
2999 5656 3151 5736 focis.

1964 5740 2044 5795 En
2071 5737 2291 5809 agedum
2315 5726 2542 5809 domian
2568 5743 2788 5809 mentem
2822 5726 3097 5804 convertite
3126 5730 3348 5783 nostris,

2036 5795 2288 5880 Et'facite
2310 5808 2405 5863 illa
2432 5821 2543 5862 meo
2571 5804 2766 5874 palleat
2789 5814 2876 5853 ore
2912 5795 3098 5865 magis.

3216 5886 3295 5945 '28
