4064 6290
529 381 632 437 875

532 498 677 553 Tunc
705 512 794 566 ego
820 492 1129 566 crediderim
1160 492 1324 557 vobis,
1357 501 1405 545 et
1421 491 1622 566 sidera,
1662 497 1710 543 et
1740 503 1917 541 amnes

601 561 766 622 Posse
799 564 1034 636 Cytinaeis
1056 562 1244 617 ducere
1266 561 1605 617 carminibus.

535 703 798 765 Tibullus,
840 698 989 770 Eleg.
1019 699 1074 765 2,
1102 698 1197 753 lib.
1229 713 1245 752 ι
1281 717 1293 752 :

535 836 688 907 Hanc
707 853 800 907 ego
820 836 885 891 de
906 836 1039 907 paulo
1072 834 1341 907 ducentem
1368 833 1542 907 sidera
1571 829 1694 907 vidi,

596 902 861 961 Fluminis
894 906 1003 960 hwc
1031 904 1206 976 rapidi
1233 906 1463 959 carmine
1491 902 1641 957 vertit
1668 902 1789 953 iter.

532 1042 873 1114 Apollonius,
907 1041 1105 1113 Argon.
1142 1040 1237 1095 lib.
1268 1054 1330 1094 ιιι
1361 1056 1375 1093 :

534 1156 645 1213 Καί
682 1154 985 1224 ποταμοὺς
1015 1153 1215 1224 ἵστηοθ
1250 1152 1456 1224 ἱεροὺς,
1479 1147 1791 1224 usitatius-dt
1812 1146 2064 1224 ῥέοντας
2083 1160 2100 1176 '

539 1230 763 1296 Ἄστρα
800 1219 864 1279 τε
890 1225 987 1278 καὶ
1012 1219 1212 1294 μήνης
1246 1219 1408 1292 ἱερῆς
1435 1220 1693 1289 ἐπέδησε
1731 1219 2075 1281 κελεύθους.

537 1339 813 1401 Lucanus,
838 1336 935 1393 lib.
980 1351 1032 1389 vi
1064 1355 1079 1390 :

540 1458 609 1512 Et
629 1458 830 1528 patitur
856 1461 1030 1528 tantos
1059 1459 1216 1528 cantu
1246 1449 1488 1528 depressa
1520 1448 1746 1528 labores,

539 1516 715 1584 Donec
738 1526 1033 1595 suppositas
1063 1522 1275 1593 propior
1306 1516 1570 1589 despumet
1598 1520 1652 1572 in
1687 1516 1892 1572 herbas.

540 1639 727 1704 Ovid.,
758 1654 837 1693 xu
878 1635 1230 1706 Metamorph.
1264 1651 1280 1689 :

543 1753 719 1807 Mater
745 1759 858 1807 erat
883 1749 1106 1821 Mycale,
1136 1765 1290 1821 quam
1321 1746 1599 1821 deduxisse
1627 1744 1860 1800 canendo

538 1824 695 1905 .Stepe
718 1819 1022 1877 reluctantis
1052 1819 1324 1875 constabat
1347 1835 1545 1873 cornua
1570 1819 1730 1871 lunas.

545 1936 822 2002 Horatius,
848 1934 949 1991 oda
978 1950 1032 1998 ν,
1059 1930 1266 2002 Epod.:

548 2053 680 2121 Qua:
707 2053 881 2107 sidera
917 2057 1195 2121 excantata
1225 2063 1341 2121 race
1372 2044 1623 2100 Thessala

652 2123 954 2194 Lunamque
979 2118 1104 2174 coelo
1132 2118 1332 2186 diripit.

547 2238 713 2293 Plura
745 2235 962 2307 collegit
982 2234 1221 2289 Joannes
1249 2230 1590 2286 Passeratius
1613 2226 1667 2282 in
1696 2225 1903 2282 dictum
1932 2226 2112 2281 locum

548 2329 838 2402 Propertii.
886 2327 1021 2393 Quae
1049 2324 1233 2380 omnia
1283 2322 1362 2376 uti
1397 2320 1613 2382 stolida,
1666 2317 1939 2382 fabulosa,
1992 2315 2115 2387 quis

551 2433 697 2474 sanae
724 2416 923 2471 mentis
966 2429 1077 2468 non
1124 2411 1351 2481 rejiciet,
1400 2424 1523 2465 cum
1573 2414 1827 2479 auctores
1862 2405 1990 2476 ipsi,
2022 2404 2115 2478 qui

549 2511 641 2566 illa
672 2507 945 2564 mentibus
966 2503 1246 2559 hominum
1269 2503 1512 2572 ingerere
1540 2497 1721 2553 conati
1751 2507 1897 2562 sunt,
1919 2511 1982 2550 ea
2012 2495 2117 2551 sibi

552 2598 992 2654 contradicentes
1040 2592 1387 2663 vituperant?
1439 2589 1668 2658 Medea,
1728 2590 1774 2645 si
1827 2588 2115 2659 potuisset,

554 2708 664 2747 non
691 2692 765 2745 ita
794 2690 1106 2754 clamasset,
1140 2686 1199 2742 Si
1236 2701 1439 2754 possem
1465 2684 1647 2739 sanior
1673 2699 1861 2747 essem,
1890 2680 1978 2735 sed
2006 2689 2119 2734 tra-

556 2786 632 2839 hit
661 2786 880 2839 invitam
909 2798 1042 2837 nova
1071 2782 1165 2835 vis.
1184 2778 1342 2833 Circe
1356 2793 1477 2848 quae
1494 2773 1755 2846 quidquid
1775 2773 1933 2829 vellet
1959 2786 2119 2842 posse

556 2876 899 2942 credebatur,
922 2888 1080 2929 suum
1107 2871 1348 2941 nequivit
1378 2870 1626 2940 Ulyssem
1665 2864 1927 2921 remorari
1955 2884 1967 2919 :
2001 2879 2120 2935 qua:

557 2969 637 3023 sic
668 2967 866 3023 cecinit
893 2964 1136 3031 Ovidius,
1164 2963 1257 3017 lib.
1291 2978 1332 3028 ι,
1366 2960 1441 3016 De
1475 2959 1669 3015 remed.
1692 2975 1862 3013 amor.
1890 2975 1910 3014 :

563 3073 761 3129 Omnia
790 3071 961 3141 fecisti
991 3087 1052 3125 ne
1081 3068 1306 3124 callidus
1334 3068 1498 3141 hostis
1523 3067 1710 3141 abiret,

663 3141 766 3198 Ille
791 3139 933 3195 dedit
964 3150 1115 3196 certae
1151 3141 1307 3193 lintea
1338 3139 1491 3201 plena
1521 3139 1679 3209 fugae.

561 3213 755 3269 Omnia
784 3213 974 3283 fecisti.
1008 3228 1069 3265 ne
1095 3223 1142 3264 te
1166 3211 1304 3279 {erus
1342 3219 1511 3283 ureret
1536 3210 1700 3279 ignis;

665 3280 875 3355 Longus
900 3284 954 3336 in
983 3282 1142 3336 invito
1168 3288 1367 3350 pectore
1395 3280 1525 3334 sedit
1557 3295 1727 3333 amor.

561 3398 817 3469 Sciteque
837 3397 906 3452 ab
931 3394 1255 3467 Hippocrate
1283 3394 1511 3449 diluitur
1537 3393 1719 3450 libello
1744 3394 1821 3448 De
1835 3393 2121 3464 epilepsia:

561 3493 625 3549 Si
662 3491 821 3554 enim,
858 3489 1054 3558 inquit,
1101 3487 1253 3541 homo
1282 3485 1606 3541 carminibus
1640 3485 1822 3540 lunam
1873 3485 2125 3541 deducere

560 3583 687 3638 caelo
716 3592 912 3653 posset,
951 3591 1061 3634 tum
1093 3589 1229 3634 certe
1275 3579 1436 3643 Deus,
1463 3587 1513 3633 et
1550 3594 1693 3633 mens
1722 3577 1919 3642 divina,
1953 3587 2126 3632 astro-

560 3691 678 3729 rum
717 3673 959 3730 conditor
999 3682 1047 3727 et
1090 3680 1283 3737 rector,
1316 3671 1585 3725 hominum
1613 3670 1883 3735 potestati,
1909 3686 2127 3740 magno-

560 3784 779 3839 rumque
812 3765 1238 3828 incantamentis,
1281 3763 1419 3835 qucd
1448 3762 1619 3817 dicere
1660 3762 1808 3832 nefas
1855 3770 1953 3827 est,
1994 3771 2128 3816 esset

561 3860 840 3916 obnoxius.
871 3858 1090 3914 Fabula:
1116 3865 1171 3913 et
1194 3856 1396 3912 erroris
1426 3854 1654 3925 hujusce
1678 3855 1832 3926 origo
1857 3863 1981 3909 nata
2023 3862 2127 3922 est,

564 3962 624 4008 ut
652 3952 814 4008 refert
858 3949 1181 4004 Plutarchus
1210 3948 1337 4004 libr.
1378 3946 1454 4002 De
1504 3956 1748 4017 prcecept.
1800 3945 2127 4012 connubial.,

542 4042 710 4113 tquod
740 4041 989 4096 homines
1032 4041 1175 4094 lunae
1203 4038 1498 4109 deliquium
1530 4039 1863 4110 ignorarent,
1904 4039 2132 4109 ejusque

548 4131 792 4185 luminis
848 4129 904 4183 in
944 4129 1132 4199 eclipsi
1164 4126 1457 4191 defectum.
1504 4128 1758 4200 Aganice,
1796 4129 1960 4185 verba
2003 4138 2132 4185 sunt

551 4220 867 4285 .Plutarclii,
901 4218 1171 4289 Hegetoris
1199 4217 1437 4272 Thessali
1464 4220 1599 4288 ﬁlia,
1629 4220 1861 4275 siderum
1892 4223 1946 4275 in
1966 4222 2130 4290 pleni-

568 4311 729 4365 luniis
758 4308 987 4378 defectus
1022 4310 1213 4379 perita,
1246 4325 1307 4362 ac
1329 4311 1576 4378 temporis
1616 4328 1718 4381 quo
1761 4311 1889 4365 luna
1929 4312 2133 4381 objectu

570 4411 722 4456 terrae
748 4398 936 4454 umbra
967 4399 1361 4453 obnubilaretur
1390 4416 1580 4469 gnara,
1619 4417 1736 4454 cum
1775 4401 1883 4456 haec
1918 4403 2136 4456 mulier-

1866 364 2119 423 LEONIS
2157 359 2428 420 ALLATll

2131 490 2178 547 Α
2202 483 2477 552 νόμενον.
2505 476 2757 541 Basilius,
2787 475 2934 530 hom.
2966 470 3023 539 6,
3056 470 3130 525 De
3155 469 3301 525 sole:
3329 466 3422 538 Μὴ
3448 465 3789 534 ἐξαπατάτω

3666 347 3789 403 8ῗὸ

2200 591 2259 628 σε
2290 573 2350 628 τὸ
2379 572 2720 644 φαινόμενον,
2766 566 2889 639 μήδ’
2926 566 3007 618 ὅτι
3049 563 3315 634 πηχυαῖος
3341 561 3453 622 τοῖς
3481 557 3648 630 ὁρῶσι
3698 556 3789 609 δο-

2197 663 2302 725 κεῖ,
2330 659 2583 713 τοσοῦτον
2620 658 2784 711 αὑτὸν
2812 652 2950 708 εἶναι
2989 653 3199 722 λογίσῃ.
3246 646 3626 719 Συναιρεῖσθαι
3661 644 3783 717 γὰρ

2199 751 2441 820 πέφυκεν
2465 752 2523 803 ἐν
2555 752 2667 812 τοῖς
2700 746 2955 818 μεγάλοις
2978 744 3310 815 διαστήμασι
3335 742 3402 796 τὰ
3434 740 3638 812 μεγέθη
3660 738 3785 793 τῶν

2200 841 2511 913 ὁρωμένων,
2539 840 2640 911 τῆς
2675 839 2934 910 ὁρατικῆς
2976 834 3257 906 δυνάμεως
3287 833 3388 886 οὐκ
3436 830 3787 903 ὲξαρκουμέ-

2201 951 2298 1006 νης
2322 934 2411 987 τὸν
2451 931 2649 1005 μεταξὺ
2682 931 2842 984 τόπον
2879 928 3164 999 διαπερᾷν,
3196 924 3322 980 ἀλλ’
3348 923 3511 978 οἱονεὶ
3543 924 3788 976 Mam-

2202 1025 2449 1095 νωμένης
2501 1022 2579 1094 τῷ
2630 1022 2798 1093 μέσῳ,
2842 1022 2936 1075 καὶ
2976 1018 3115 1073 κατὰ
3168 1015 3345 1086 ὀλίγον
3399 1016 3566 1086 αὐτῆς
3609 1014 3787 1085 μέρος

2204 1115 2647 1190 προσϐαλλούσης
2660 1117 2770 1177 τοῖς
2800 1114 3032 1183 ὁρατοῖς.
3054 1108 3254 1181 ⁵Μικρά
3284 1103 3376 1162 οὖν
3402 1109 3437 1178 ή
3464 1107 3582 1176 ὄψις
3615 1105 3785 1177 ἡμῶν

2203 1207 2490 1279 γενομένη,
2525 1206 2693 1278 μικρὰ
2722 1203 2940 1275 ἐποίησε
2955 1198 3271 1274 νομίζεσθαι
3302 1199 3372 1253 τὰ
3397 1199 3673 1270 ὁρώμενα,
3713 1197 3785 1250 τὸ

2204 1303 2403 1355 οἰκεῖον
2458 1298 2630 1361 πάθος
2679 1298 2791 1360 τοῖς
2837 1297 3055 1367 ὁρατοῖς
3107 1293 3462 1365 ἐπιφέρουσα.
3515 1291 3676 1343 Ὥστε
3728 1290 3784 1341 εί

2203 1392 2513 1465 ψεύδεταιή
2548 1390 2690 1461 ὄψις,
2726 1389 2951 1443 ἄπιστον
2976 1386 3038 1439 τὸ
3064 1387 3362 1458 κριτήριον.
3393 1384 3548 1439 Multi
3590 1392 3784 1437 tamen

2207 1499 2273 1538 ex
2323 1482 2563 1552 antiquis
2623 1478 2961 1550 philosophis
3014 1478 3178 1532 etiam
3234 1477 3402 1533 solem
3455 1476 3601 1531 illius
3648 1491 3785 1531 esse

2208 1571 2624 1645 magnitudinis,
2651 1586 2758 1642 qua
2786 1586 2846 1626 se
2892 1569 3169 1625 hominum
3202 1568 3379 1623 oculis
3404 1567 3664 1632 ostendit,
3694 1566 3785 1621 af-

2209 1666 2516 1731 ﬁrmarunt,
2546 1663 2688 1717 inter
2714 1677 2810 1717 eos
2838 1661 3092 1732 princeps
3125 1660 3297 1715 fuisse
3324 1659 3544 1714 videtur
3575 1658 3782 1729 Epicu-

2210 1772 2329 1821 rus,
2357 1769 2516 1825 quem
2544 1750 2968 1822 elegantissime,
2992 1760 3046 1806 et
3077 1764 3186 1804 non
3218 1749 3474 1806 invalidis
3496 1764 3783 1820 argumen-

2136 1829 2187 1892 Β
2215 1849 2284 1904 tis
2320 1845 2517 1902 refellit
2543 1842 2879 1910 Cleomedes,
2911 1841 3010 1897 lib.
3041 1856 3078 1897 ιι
3111 1839 3329 1896 Meteor.

2281 1939 2401 1994 Col.
2451 1936 2576 1998 724,
2604 1936 2704 1991 lin.
2749 1935 2804 1989 4.
2837 1936 3064 2003 Ὥσπερ
3114 1933 3226 2003 γὰρ
3260 1933 3318 1987 εἴ
3360 1949 3471 2000 τις.
3521 1932 3777 1998 Basilius,

2213 2030 2359 2086 hom.
2389 2028 2423 2084 6
2454 2049 2467 2084 :
2515 2026 2919 2100 ’Υπομνήσθητι
2944 2027 3001 2080 δὲ
3047 2025 3155 2080 τῶν
3187 2024 3401 2079 οἰκείων
3441 2025 3649 2091 παθῶν,
3683 2028 3782 2077 καὶ

2212 2123 2365 2197 παρά
2409 2121 2632 2176 σεαυτοῦ
2674 2120 2816 2187 ἕξεις
2851 2117 2961 2173 τῶν
2989 2117 3294 2190 λεγομένων
3326 2118 3425 2188 τὴν
3460 2116 3660 2171 πίστιν.
3712 2116 3784 2171 Ei

2214 2230 2346 2267 ποτε
2374 2211 2482 2266 ἀπὸ
2526 2211 2832 2283 ἀκρωρείας
2877 2208 3117 2280 μεγάλης
3159 2208 3339 2262 πεδίον
3381 2204 3520 2272 εῖδες
3559 2207 3692 2261 πολύ
3719 2225 3781 2261 τε

2215 2304 2310 2357 καὶ
2364 2302 2573 2367 ὕπτιον,
2608 2303 2770 2374 ἡλίκα
2820 2300 2916 2373 μέν
2953 2317 3035 2354 σοι
3062 2299 3337 2371 κατεφάνη
3367 2299 3436 2353 τά
3466 2298 3655 2371 ζεύγη,
3685 2318 3786 2372 πηο

2215 2394 2353 2449 λίκοι
2395 2394 2452 2448 δὲ
2480 2397 2527 2447 οί
2570 2394 2831 2465 ἀροτῆρες
2864 2390 3049 2458 αὐτοί;
3097 2394 3146 2445 εί
3191 2392 3264 2463 μὴ
3317 2392 3620 2464 μυρμήκων
3663 2390 3785 2445 τι·θά

2218 2503 2299 2539 σοι
2335 2485 2602 2556 παρέσχον
2634 2482 2951 2552 φαντασίαν.
2985 2483 3049 2534 El
3079 2481 3136 2535 δὲ
3167 2483 3262 2536 καὶ⁴
3292 2482 3403 2536 ἀπὸ
3434 2483 3663 2546 σκοπιᾶς
3692 2484 3782 2535 καὶ

2221 2577 2361 2649 μέγα
2403 2575 2637 2645 πέλαγος
2679 2573 3059 2645 τετραμμένης
3100 2575 3166 2646 τῇ
3210 2573 3457 2647 θαλάσσῃ
3492 2574 3591 2637 τὰς
3636 2574 3783 2644 ὁψεις

2219 2666 2500 2732 ὲπέὸαλες,
2531 2664 2711 2738 ἡλίκαι
2747 2664 2844 2735 μέν
2875 2680 2957 2717 σοι
2995 2662 3179 2730 ἔδοξαν
3211 2659 3350 2717 εἶναι
3388 2662 3494 2717 τῶν
3524 2665 3700 2736 νήσων
3728 2666 3783 2716 al

2222 2758 2492 2829 μέγισται,
2526 2754 2730 2826 πηλίκη
2770 2753 2828 2806 δέ
2858 2770 2939 2806 σοι
2971 2753 3247 2824 κατεφάνη
3282 2752 3380 2823 μία
3402 2751 3508 2804 τῶν
3532 2751 3784 2822 μυριοφό-

2224 2865 2329 2921 ρων
2351 2847 2589 2902 ὁλκάδων
2618 2847 2831 2909 λευκοῖς
2860 2846 3045 2910 ἱστίοις
3074 2845 3211 2916 ὑπὲρ
3235 2844 3442 2915 κυανῆς
3457 2843 3783 2916 κομιζομένη

2222 2939 2528 3012 θαλάσσης;
2564 2940 2612 2992 εί
2661 2938 2737 3010 μὴ
2784 2937 2962 3009 πάσης
2988 2937 3315 3009 περιστερᾶς
3348 2936 3671 3010 μικροτέραν
3706 2951 3785 2988 σοι

2224 3032 2529 3105 παρέσχετο
2560 3031 2658 3102 τὴν
2688 3032 3000 3101 φαντασίαν.

2292 3124 2450 3190 lbid.,
2501 3123 2598 3179 lin.
2655 3122 2706 3176 7.
2777 3118 3291 3189 Ἐνδαπανηθεῒσα
3347 3119 3477 3191 γάρ.
3524 3118 3783 3183 Basilius,

2222 3217 2371 3272 hom.
2404 3217 2484 3271 6:
2517 3216 2684 3282 Διότι,
2733 3213 2983 3285 καθάπερ
3030 3211 3192 3283 ἔφην,
3237 3210 3653 3281 ὲνδαπανηθεῖσα
3705 3209 3782 3281 τῷ

2223 3309 2343 3381 ἀέρι
2387 3312 2420 3380 ή
2471 3308 2612 3377 ὄψις,
2660 3305 2901 3377 ἐξίτηλος
2940 3305 3225 3374 γενομένη,
3268 3305 3398 3375 πρὸς
3437 3304 3530 3374 τήν
3572 3303 3772 3374 ἀκριόῆ

2224 3384 2523 3472 κατάληψιν
2555 3398 2661 3453 τῶν
2702 3397 2991 3470 ὁρωμένων
3035 3396 3135 3449 οὐκ
3183 3395 3399 3466 ἐξαρκεῖ.
3438 3391 3633 3447 Eadem
3675 3407 3765 3446 ra-

2226 3494 2374 3549 tione
2415 3491 2733 3547 Aristoteles
2792 3489 2868 3545 De
2911 3497 3140 3560 generat.
3178 3489 3332 3542 anim.
3360 3486 3451 3542 lib.
3480 3502 3532 3551 v,
3563 3499 3682 3555 cap,
3713 3483 3766 3546 l,

2226 3584 2302 3639 ait
2316 3599 2380 3641 ea
2399 3599 2519 3654 quae
2555 3582 2731 3638 oculis
2767 3582 3201 3653 prominentibus
3219 3588 3344 3637 sunt
3359 3578 3538 3651 procul
3554 3592 3776 3633 cernere

2224 3683 2522 3748 nequeunt,
2541 3691 2660 3747 quas
2676 3685 2864 3731 contra
2884 3675 3031 3730 intus
3051 3675 3106 3730 in
3126 3690 3258 3730 cavo
3280 3673 3466 3729 oculos
3480 3671 3673 3726 habent
3698 3685 3789 3741 po-

2227 3769 2385 3834 sitos,
2417 3768 2575 3838 longe
2603 3767 2848 3837 aspicere
2881 3776 3129 3837 possunt,
3155 3765 3243 3819 διὰ
3266 3765 3328 3819 τὸ
3359 3765 3459 3837 τὴν
3485 3763 3694 3834 κίνησιν
3716 3761 3793 3834 μὴ

2226 3857 2701 3915 διασκεδάννυσθαι
2724 3859 2802 3922 εἰς
2834 3859 3049 3929 ἀχανὲς,
3073 3857 3187 3913 ἀλλ’
3210 3856 3555 3926 εὐθυπορεῖν.
3588 3854 3793 3921 Quibus

2227 3951 2407 4007 verbis
2431 3950 2739 4020 opinionem
2764 3947 3007 4005 Platonis
3035 3950 3321 4020 amplexus
3352 3950 3567 4006 videtur
3594 3948 3797 4004 Aristo-

2229 4042 2384 4106 teles,
2413 4042 2866 4113 quemadmodum
2901 4050 2956 4097 et
2995 4058 3054 4096 ιιι
3106 4040 3326 4098 Meteor.
3357 4056 3482 4113 cap.
3512 4042 3567 4108 '5,
3592 4042 3626 4095 4
3660 4048 3714 4097 et
3741 4040 3792 4104 6,

2230 4138 2284 4186 et
2315 4131 2582 4187 Problem.
2619 4133 2859 4188 sectione
2878 4133 2968 4197 3i,
2994 4134 3258 4203 problem.
3291 4132 3381 4199 16,
3405 4133 3477 4188 ad
3505 4132 3795 4189 dubitatio—

2232 4238 2331 4278 nes
2364 4223 2626 4293 quasdam
2647 4223 3027 4280 dissolvendas
3050 4224 3153 4280 hac
3174 4224 3362 4281 eadem
3398 4226 3594 4290 utitur,
3617 4239 3798 4295 quam-

2232 4313 2316 4368 vis
2353 4313 2681 4368 contrariam
2726 4322 2948 4370 secutus
2976 4314 3245 4370 videatur.
3278 4313 3355 4371 De
3384 4315 3646 4385 opinione
3686 4314 3799 4389 Pla-

2234 4403 2404 4468 tonis,
2451 4411 2730 4475 aspectum
2765 4405 2973 4462 scilicet
3005 4405 3142 4461 aﬂici
3189 4406 3424 4478 imagine
3453 4407 3636 4476 aliqua
3676 4421 3706 4460 a
3744 4422 3799 4460 re

568 4494 703 4548 culis
733 4491 959 4546 credulis
1005 4506 1245 4560 prtesaga
1276 4490 1443 4559 futuri
1470 4491 1794 4559 prtediceret,
1826 4502 2129 4561 praeconta-
2161 4507 2205 4563 ι)
2234 4496 2351 4551 visa
2383 4495 2653 4565 eﬂluente,
2698 4498 2794 4553 sed
2840 4498 3075 4554 emicare
3120 4515 3185 4555 ex
3234 4501 3409 4555 oculis
3446 4500 3645 4564 lucem,
3694 4516 3799 4570 qua

571 4581 709 4643 tione
739 4580 919 4633 lunam
950 4577 1237 4632 subducere
1280 4578 1406 4632 cazlo
1447 4577 1775 4635 credebatur.
1821 4581 1934 4636 Hoc
1987 4582 2131 4636 idem

572 4671 855 4724 conﬁrmat
905 4670 1267 4741 fragmentum
1313 4670 1509 4725 veteris
1544 4680 1714 4740 poetae
1743 4672 1884 4742 apud
1919 4671 2133 4729 Turne-

572 4760 720 4826 bum,
757 4759 1037 4814 Aduersar.
1079 4762 1170 4815 lib.
1202 4777 1315 4825 xxx,
1348 4776 1469 4830 cap.
1508 4762 1576 4828 5;
1607 4770 1660 4815 et
1682 4762 1977 4817 Martinum
2014 4764 2136 4820 Del-

572 4852 713 4905 rium
748 4851 1202 4920 Disquisitionum
1241 4852 1570 4923 magicarum
1594 4853 1688 4908 lib.
1727 4869 1790 4919 ιι,
1818 4864 2012 4924 quiest.
2045 4857 2132 4923 Η,

571 4952 627 4998 ct
652 4953 844 5013 praeter
874 4944 1010 4998 alios
1042 4942 1358 4999 Cleomedes
1392 4944 1511 4999 loco
1537 4945 1705 4999 dicto.
1754 4945 1973 5011 Τούτοις
2011 4948 2138 5018 ἑξῆς

572 5035 662 5088 τὸν
706 5035 833 5106 περὶ
877 5035 975 5106 τῆς
1016 5035 1305 5103 ἐκλείψεως
1352 5037 1520 5108 αὐτῆς
1561 5037 1915 5110 ποιησώμεθα
1957 5039 2134 5109 λόγον,

571 5129 720 5191 ὅπως
781 5128 854 5198 μὴ
904 5127 1296 5199 παραπλησίως
1349 5132 1461 5194 τοῖς
1512 5129 1774 5200 γραῖδίοις
1833 5134 1927 5186 καὶ
1979 5136 2139 5205 ἡμεῖς

565 5219 904 5289 δοξάσωμεν,
938 5218 1136 5270 ὁπόταν
1178 5217 1417 5273 ἐκλείπει
1450 5222 1482 5290 ή
1509 5219 1727 5293 σελήνη,
1755 5223 1836 5276 ὅτι
1860 5226 2140 5296 φαρμακί-

528 5320 535 5327 ’
571 5312 658 5375 δες
691 5312 827 5365 εἰσὶν
861 5312 918 5364 αἱ
943 5309 1301 5382 καθαιροῦσαι
1342 5313 1531 5383 αὑτήν.
1568 5313 1734 5368 Multa
1764 5317 1822 5370 in
1847 5317 1987 5372 hanc
2017 5334 2141 5373 seno

573 5405 796 5457 tentiam
829 5404 991 5457 habet
1014 5400 1251 5457 Joannes
1276 5400 1495 5458 Wicrus
1527 5404 1602 5458 De
1628 5409 1907 5478 prwstigiis
1946 5409 2143 5464 daemo-

575 5511 698 5547 num
732 5496 825 5550 lib.
882 5510 944 5558 ιι,
994 5508 1115 5563 cap.
1154 5493 1254 5557 l7;
1304 5505 1357 5548 et
1404 5494 1615 5549 Delrius
1664 5498 1811 5554 dicto
1855 5500 1993 5567 loco,
2024 5502 2139 5572 qui,

578 5582 707 5648 Quae
740 5586 807 5638 sit
845 5601 1115 5654 magorum
1136 5594 1367 5654 potestas
1404 5586 1458 5638 in
1489 5587 1634 5640 orbes
1685 5590 1935 5657 cmlestes,
1967 5592 2144 5646 sidera

576 5687 623 5726 et
655 5677 926 5739 elementa,
959 5677 1205 5746 pluribus
1235 5679 1493 5748 explicat.

649 5763 805 5831 lbid.,
838 5768 934 5824 lin.
971 5770 1057 5825 59.
1103 5770 1199 5839 Μὴ
1244 5773 1352 5843 γὰρ
1392 5770 1739 5835 ἐξαπατάτω
1787 5790 1859 5830 σε
1903 5777 1968 5830 τὸ
2011 5795 2143 5848 φαι-

2232 4587 2504 4656 objectum
2555 4587 2995 4659 comprehendat,
3045 4598 3282 4646 tractant
3328 4590 3649 4647 Priscianus
3696 4591 3801 4663 Ly-

2234 4674 2337 4730 dus
2370 4674 2463 4728 lib.
2497 4673 2573 4729 De
2597 4676 2914 4745 phantasia;
2950 4679 3265 4737 Chalcidius
3308 4679 3600 4737 Comment.
3632 4683 3686 4736 in
3710 4682 3801 4736 Ti-

2235 4782 2425 4820 marum
2454 4766 2739 4834 Platonis;
2768 4770 3026 4827 Alcinous
3056 4772 3110 4828 in
3143 4772 3554 4830 Introductione
3574 4776 3640 4829 ad
3680 4774 3799 4830 Pla-

2238 4863 2351 4910 ton.
2384 4855 2816 4927 Philosophiam:
2849 4860 3135 4918 Nemesius
3158 4862 3236 4917 De
3263 4872 3376 4917 nat.
3405 4864 3571 4931 hom.,
3591 4880 3710 4935 cap.
3739 4863 3800 4930 7;

2236 4945 2573 5011 Macrobius,
2609 4947 2828 5003 Saturn.
2877 4950 2972 5005 lib.
3018 4967 3095 5013 vi,
3127 4967 3246 5022 cap.
3280 4952 3377 5019 l4;
3420 4951 3668 5010 Plotinus
3704 4954 3800 5009 lib.

2238 5034 2316 5089 De
2346 5037 2544 5091 visione
2568 5054 2587 5103 ;
2607 5037 2858 5095 Euclides
2894 5041 3076 5096 libello
3121 5041 3198 5095 De
3223 5045 3565 5112 prospectiva,
3605 5055 3658 5099 et
3691 5046 3803 5099 alii.

2309 5122 2479 5188 lbid.,
2527 5125 2623 5181 lin.
2677 5125 2733 5180 9.
2794 5127 2908 5181 Kal
2961 5127 3053 5182 ὅτι
3104 5130 3492 5202 παμμέγεθες.
3551 5132 3805 5194 Basilius.

2241 5212 2388 5269 hom.
2420 5214 2454 5269 6
2484 5234 2499 5270 :
2532 5216 2720 5270 Βούλει
2756 5220 2864 5272 ἀπὸ
2892 5219 3102 5291 μικρῶν
3150 5213 3464 5294 τεκμηρίων
3493 5223 3678 5278 λαϐεῖν
3714 5225 3808 5278 τοῦ

2245 5305 2506 5376 μεγέθους
2537 5307 2705 5380 αὐτῆς
2735 5309 2830 5381 τὴν
2862 5310 3130 5375 ἀπόδειξιν
3149 5314 3243 5380 ;Αί
3274 5313 3415 5369 κατὰ
3445 5315 3542 5387 τὴν
3571 5319 3813 5388 οἰκουμέ-

2242 5412 2340 5467 νην
2373 5396 2556 5459 πὸλεις
2587 5397 2837 5453 πλεῖστον
2867 5399 3111 5472 ἀλλήλων
3137 5402 3520 5475 ἀπῳκισμέναι
3548 5407 3688 5462 κατά
3711 5409 3811 5480 τὴν

2244 5486 2503 5559 ἀνατολὴν
2534 5491 2937 5562 τετραμμέναις
2969 5497 3328 5567 ρυμοτομίαις
3373 5499 3436 5564 ἐξ
3485 5499 3602 5554 ῐσου
3644 5502 3811 5557 πᾶσαι

2244 5578 2305 5632 τὸ
2339 5578 2617 5649 σεληναῖον
2667 5581 2783 5651 φῶς
2817 5583 3185 5653 ὑποδέχονται.
3235 5586 3399 5644 Plura
3448 5592 3518 5648 de
3561 5592 3665 5648 hoc
3696 5594 3814 5649 vide

2245 5669 2388 5740 apud
2417 5670 2759 5728 Cleomedem
2790 5675 2910 5730 loco
2942 5676 3110 5732 dicto.

2318 5761 2481 5828 Ibid.,
2534 5764 2629 5817 lin.
2685 5765 2771 5818 14.
2820 5767 2927 5823 Kal
2976 5769 3188 5838 ὁμοίως
3219 5772 3436 5840 αὐτήν.
3487 5773 3698 5832 Similia
3737 5777 3812 5833 le-
