4064 6290
314 398 414 455 877

1327 384 1391 439 IN
1427 376 1799 441 EUSTATHII
1827 371 2301 433 HEXAEMERON
2332 370 2562 429 ΝΟΤᾹΞ.

3444 357 3546 411 878

314 522 515 587 guntur
547 511 691 585 apud
716 509 999 575 Basilium,
1023 508 1171 563 hom.
1198 504 1232 559 6
1261 521 1274 557 :
1312 503 1542 575 Ὁμοίως
1577 502 1686 575 γὰρ
1719 499 1885 570 αὐτῆς

2002 495 2063 549 ἔνι
2086 494 2154 549 τά
2181 492 2434 561 πελάγια,
2453 488 2523 543 τά
2550 484 2865 557 αἱγιαλὼδη,
2888 482 2955 537 τά
2983 478 3259 587 βύθιαβά
3274 475 3550 587 πετρώδηζ

313 609 422 666 ἀπὸ
468 607 577 663 τῶν
626 602 954 677 ίσημερινῶν
996 600 1174 654 τόπων
1236 596 1663 669 ἀνατελλούσης,
1715 594 1769 648 οῐ
1821 610 1882 650 τε

315 698 729 775 προσοικοῦντες
776 699 841 768 τῇ
888 691 1297 764 κατεψυγμένη,
1331 691 1426 744 καὶ
1454 689 1558 742 ὑπὸ
1585 687 1682 752 τάς
1728 702 1880 775 περιέ

1984 586 2052 640 τά
2071 580 2321 654 ἀγελαῖα,
2344 582 2412 636 τὰ
2430 576 2747 654 σποραδικά,
2773 576 2844 630 τὰ
2871 577 3032 647 κήτη,
3059 571 3128 625 τά
3157 569 3458 643 ὑπέρογκα,
3483 565 3556 621 τὰ

1981 675 2284 730 λεπτότατα
2332 672 2441 726 τῶν
2491 668 2707 743 ἰχθύων.
2738 668 2818 741 Τῇ
2855 665 2963 739 γὰρ
2996 665 3133 736 αὐτῇ
3177 660 3403 732 δυνάμει
3455 656 3557 713 καὶ

597 753 943 861 τῆς-ἄρκτου
985 753 1224 857 κείμενοι
1240 753 1751 855 ¹μεταλαμϐάνουσι,
1790 753 1885 831 καὶ
1984 769 2061 842 τῷ
2085 769 2185 843 ἴσῳ
2209 766 2595 867 Δπροστάγματι
2621 765 2682 817 τό
2711 780 2770 817 τε
2803 760 2948 834 μέγα
2998 759 3092 813 καὶ
3122 756 3183 808 τὸ
3232 753 3424 827 μικρὸν
3459 768 3553 825 με·

316 891 364 942 οἱ
395 884 536 940 κατά
557 883 627 936 τά
658 881 812 936 κοῖλα
838 880 938 950 τῆς
973 876 1316 951 μεσημϐρίας
1331 876 1429 946 τῆς
1453 870 1888 942 διακεκαυμένης

316 981 557 1052 γείτονες
578 994 592 1007 ·
646 971 727 1040 οἷς
765 975 898 1028 πᾶσι
925 970 1067 1026 κατά
1103 970 1164 1024 τὸ
1193 968 1392 1032 πλάτος
1423 963 1885 1037 ἀντιπαρήκουσα,

319 1069 660 1142 σαφεστάτην
690 1065 995 1140 μαρτυρίαν
1010 1064 1101 1118 τοῦ
1157 1060 1419 1134 μεγέθους
1447 1058 1761 1130 παρέχεται.

388 1161 554 1225 Ibid.,
582 1161 678 1214 lin.
715 1159 801 1214 18.
841 1155 950 1211 Καὶ
982 1154 1198 1219 εὐθέως
1239 1153 1278 1221 ἠ
1310 1150 1426 1221 μὲν
1453 1143 1753 1205 θάλασσα.
1787 1142 1891 1201 Ba-

256 1270 261 1271 '
316 1252 496 1317 silius,
552 1251 700 1305 hom.
752 1242 1019 1303 ἿετΗλθε
1065 1244 1416 1317 πρόσταγμα,
1448 1241 1542 1296 καὶ
1598 1238 1759 1303 εὐθὺς
1795 1233 1890 1292 καὶ

319 1343 552 1415 ποταμοὶ
594 1340 827 1413 ἐνεργοὶ,
876 1337 969 1391 καὶ
1021 1336 1206 1407 λίμναι
1238 1334 1473 1404 γόνιμοι,
1525 1332 1634 1385 τῶν
1678 1330 1891 1384 οἰκείων

318 1434 545 1489 ἕκαστον
576 1430 752 1487 αὐτῶν
808 1428 902 1484 καὶ
947 1427 1089 1483 κατὰ
1142 1427 1302 1497 φύσιν
1349 1424 1541 1494 γενῶν·
1579 1423 1673 1477 καὶ
1723 1424 1756 1494 ἡ
1798 1421 1895 1475 θά-

318 1527 494 1581 λασσα
538 1527 606 1579 τά
652 1521 971 1577 παντοδαπά
998 1521 1128 1591 γένη
1176 1518 1284 1573 τῶν
1312 1517 1538 1572 πλωτῶν
1588 1515 1762 1582 ὣδινε,
1799 1514 1892 1568 καὶ

320 1615 441 1670 οὐδὲ
479 1615 601 1668 ὅσον
628 1614 685 1667 ὲν
733 1612 872 1666 ίλύσι
916 1611 1012 1667 καὶ
1040 1610 1270 1680 τέλμασι
1297 1607 1392 1661 τοῦ
1436 1607 1625 1670 ὓδατος
1655 1601 1744 1677 ἦν,
1772 1605 1892 1659 οὐδὲ

318 1707 478 1761 τοῦτο
504 1707 671 1778 ἀργὸν
694 1704 1069 1776 ούδὲ·ἀμοιρον
1108 1702 1205 1773 τῆς
1238 1699 1377 1756 κατά
1414 1700 1512 1771 τὴν
1544 1699 1719 1753 κτίσιν
1766 1715 1891 1753 συν-

322 1799 534 1863 τελείας
563 1797 669 1852 ἀπέ
674 1814 739 1869 με
749 1813 846 1852 ινε.

394 1913 554 1978 Ibid.,
586 1913 685 1966 lin.
716 1910 805 1966 19.
841 1910 963 1965 Τῶν
987 1909 1099 1979 τὰρ
1132 1910 1409 1963 ἐναλίων.
1441 1906 1701 1973 Basilius,
1739 1908 1887 1961 hom.

322 2006 354 2059 7
393 2023 407 2061 :
448 2003 697 2060 Μάλιστα
742 2004 840 2074 μὲν
884 2000 1122 2072 ἀμφίϐια
1170 1999 1238 2054 τά
1278 1998 1448 2053 πολλά
1473 1997 1677 2053 τούτων
1725 1998 1871 2051 ἐστὶν

321 2090 433 2151 οἷον
461 2094 665 2165 φῶκαι,
695 2095 789 2149 καὶ
818 2092 1166 2166 κροκόδειλοι,
1201 2092 1296 2145 καὶ
1339 2093 1388 2144 οἱ
1430 2091 1685 2160 ποτάμιοι
1714 2088 1892 2153 ἵπποι,

322 2189 417 2244 καὶ
451 2189 730 2261 βάτραχοι,
768 2188 863 2242 καὶ
893 2188 1170 2258 καρκῖνοι’
1208 2182 1320 2237 ἀλλ’
1353 2179 1445 2237 οὖν
1486 2180 1893 2253 προηγούμενον

320 2280 434 2353 ἔχει
465 2281 527 2334 τὸ
557 2280 831 2352 νηκτικόν.
862 2277 1093 2344 Plinius,
1138 2276 1235 2331 lib.
1269 2291 1443 2338 xxxn,
1474 2289 1597 2344 cap.
1629 2274 1691 2327 11
1728 2292 1741 2327 :
1776 2271 1894 2326 lam

322 2372 605 2436 caniculae,
645 2371 957 2434 dromones,
990 2374 1250 2430 cornutae,
1296 2365 1481 2438 gladii,
1535 2379 1701 2419 Serra:
1750 2377 1899 2418 com-

324 2477 631 2533 munesque
664 2462 824 2525 mari,
855 2468 1033 2526 terrae,
1059 2460 1234 2515 ‘amni
1268 2456 1660 2529 hippopotami,
1708 2469 1898 2512 croco-

324 2554 424 2610 tl.li
454 2573 468 2609 :
500 2563 554 2610 et
573 2553 729 2611 .amni
763 2560 997 2616 tantum,
1031 2567 1097 2607 ac
1128 2551 1287 2613 mari,
1310 2549 1541 2620 thymni,
1566 2547 1896 2618 thymnides,

327 2644 506 2711 siluri,
557 2645 819 2709 coracini,
870 2659 1080 2715 pereas;
1134 2650 1189 2699 et
1220 2642 1314 2697 lib.
1375 2657 1449 2706 Ix,
1481 2655 1601 2710 cap.
1633 2641 1688 2707 5,
1722 2640 1790 2696 de
1815 2641 1899 2694 ln-

326 2736 437 2792 dici
482 2736 650 2791 maris
691 2734 886 2791 belluis
918 2748 1225 2789 sermonem
1248 2732 1452 2787 habens
1481 2749 1494 2786 :
1526 2728 1756 2795 Exeunt,
1801 2733 1896 2796 ait,

326 2837 377 2882 et
408 2827 583 2898 pecori
608 2826 808 2882 similes
844 2826 1031 2881 bellule
1067 2824 1139 2879 ibi
1167 2826 1221 2879 in
1254 2834 1471 2887 terram,
1503 2832 1767 2893 pastteque
1806 2840 1899 2877 ra-

330 2922 472 2977 dices
500 2921 767 2992 fructuum
799 2928 1051 2983 remeant,
1075 2926 1125 2973 et
1152 2918 1394 2989 quaedam
1420 2933 1692 2982 equorum,
1720 2916 1901 2970 asino-

330 3031 472 3080 rum,
501 3026 776 3069 taurorum
797 3011 1055 3082 capitibus
1077 3026 1192 3083 quae
1219 3010 1573 3080 depascuntur
1599 3019 1742 3065 sata.
1763 3007 1899 3065 Vide

331 3109 569 3165 Plinium
606 3109 698 3164 lib.
731 3124 809 3169 ix,
846 3123 966 3177 cap.
1000 3105 1086 3172 19,
1115 3113 1168 3160 et
1195 3120 1317 3175 cap.
1352 3103 1442 3170 57,
1471 3111 1525 3159 et
1556 3103 1896 3167 Athenaeum,

328 3202 425 3258 lib.
459 3216 580 3265 vui,
600 3216 721 3272 pag.
753 3199 882 3290 248.
912 3196 1270 3262 Onesicritus,
1307 3196 1451 3267 apud
1473 3195 1818 3260 Strabonem,
1844 3209 1895 3250 c.
1927 3229 1973 3290 ο

332 3293 420 3360 15,
449 3299 639 3347 narrat
667 3293 817 3347 circa
844 3289 1222 3361 Taprobanem
1239 3287 1403 3344 Indiae
1428 3288 1635 3344 belluas
1658 3288 1901 3343 marinas

335 3383 604 3454 ancipites
633 3383 755 3437 vitae
781 3382 954 3447 nasci,
981 3381 1118 3436 alias
1139 3380 1313 3435 bobus
1334 3379 1559 3443 similes,
1577 3377 1711 3434 alias
1724 3377 1898 3448 equis,

330 3476 468 3532 alias
488 3476 656 3532 variis
670 3474 995 3530 animalibus
1022 3472 1397 3529 terrestribus.
1420 3471 1577 3541 Κήτη
1591 3470 1646 3523 δὲ
1668 3469 1903 3541 ἀμφίϐια

329 3568 458 3640 περὶ
477 3566 643 3638 αὐτὴν
655 3565 1000 3635 γίνεσθαι,τά
1018 3566 1114 3637 μὲν
1130 3565 1301 3636 βουσὶ,
1315 3563 1382 3617 τὰ
1391 3563 1660 3627 δ”ῖπποις,
1679 3561 1746 3615 τά
1762 3561 1806 3614 δ’
1820 3561 1906 3616 άλ-

332 3659 445 3721 λοις
460 3656 732 3729 χερσαίοις
765 3658 998 3713 ἐοικότα.
1025 3657 1351 3712 Ambrosius
1382 3657 1507 3711 item
1545 3655 1638 3709 lib.
1676 3670 1708 3707 ν
1738 3652 1847 3709 Hex
1883 3672 1896 3708 :

334 3746 477 3812 Quin
519 3744 681 3799 etiam
727 3761 845 3799 cum
895 3745 1142 3816 pleraque
1191 3745 1345 3815 pedes
1394 3743 1637 3807 habeant,
1688 3752 1738 3797 et
1784 3759 1902 3796 amv

334 3838 553 3893 bulandi
574 3854 749 3902 usum,
767 3854 826 3891 eo
841 3837 978 3909 quod
997 3840 1103 3892 sint
1120 3837 1403 3906 amphibia,
1419 3853 1536 3907 qua:
1557 3836 1633 3891 vel
1661 3837 1715 3890 in
1731 3836 1902 3905 aquis,

334 3931 413 3986 uel
436 3933 492 3985 in
522 3939 666 3985 terra
687 3931 882 3994 vivunt,
909 3940 1019 3985 etc.
1041 3929 1234 3994 Varro,
1256 3944 1312 3982 1v
1346 3927 1424 3983 De
1453 3927 1633 3999 lingua
1678 3925 1903 3980 Latina:

336 4022 510 4079 Grteci
537 4040 600 4078 ea
630 4039 748 4093 qua:
772 4023 826 4077 in
860 4038 1001 4093 aqua
1023 4022 1147 4076 etin
1176 4030 1318 4076 terra
1348 4029 1565 4090 possunt
1606 4020 1767 4073 vivere
1813 4035 1905 4072 va-

335 4123 460 4171 cant
488 4114 772 4184 amphibia.
804 4113 1123 4180 Columella,
1154 4113 1250 4167 lib.
1294 4128 1412 4178 VIII,
1444 4126 1567 4181 cap.
1602 4109 1703 4166 i2:
1748 4108 1906 4163 Venio

337 4221 477 4260 nunc
500 4205 572 4261 ad
599 4222 689 4261 eas
730 4222 847 4261 aves
872 4222 1002 4277 quas
1027 4202 1200 4260 Graeci
1227 4202 1520 4276 ἀμφιϐίους
1549 4210 1755 4266 vocant,
1782 4201 1906 4271 quia

337 4317 443 4356 non
480 4310 688 4356 tantum
735 4303 1027 4366 terrestria,
1059 4301 1148 4356 sed
1183 4299 1443 4371 aquatilia
1470 4314 1670 4369 quoque
1702 4294 1908 4351 deside-

336 4408 459 4451 rant
486 4396 716 4466 pabula;
745 4412 834 4451 nec
883 4395 1051 4466 magis
1089 4393 1247 4448 humo
1276 4409 1434 4463 quam
1462 4401 1650 4462 stagno
1688 4406 1908 4444 consue-

338 4495 463 4542 runt
486 4503 506 4542 :
530 4486 744 4558 ejusque
770 4486 973 4558 generis
1004 4500 1161 4540 anser
1195 4485 1454 4554 prmeipue
1480 4482 1695 4537 rusticis
1722 4489 1906 4550 gratus

1985 860 2314 931 ταλαγχάνει
2341 858 2435 911 τοῦ
2462 852 2619 910 εἶναι.

2057 948 2218 1015 lbid.,
2244 952 2340 1006 lin.
2374 947 2466 1004 9.7.
2502 948 2579 1002 ra
2601 943 2873 1018 ἀγελαῖα,
2908 942 2982 997 τὰ
3011 935 3368 1009 σποραδικά.
3403 933 3556 990 Cice-

1988 1061 2071 1112 ro,
2130 1041 2345 1098 Tuscul.
2373 1058 2428 1105 v,
2468 1039 2807 1111 Congregata
2833 1034 2902 1090 ἐι
2934 1034 3197 1103 solivaga.
3233 1027 3554 1085 Theodorus

1989 1133 2157 1199 Gaza,
2189 1126 2442 1204 Gregalia
2487 1138 2542 1186 et
2573 1125 2846 1195 incivilia;
2878 1141 3005 1182 nam
3035 1133 3090 1180 ct
3113 1120 3436 1179 Aristoteles
3465 1119 3557 1175 do-

1990 1228 2077 1282 cet
2139 1239 2156 1279 ι
2190 1223 2266 1277 De
2287 1222 2412 1277 hist.
2435 1222 2625 1285 anim.,
2670 1234 2789 1289 cap.
2824 1218 2878 1284 1,
2900 1233 2964 1274 ex
3002 1214 3333 1288 gregalibus,
3367 1224 3557 1283 quem-

1992 1314 2283 1373 admodum
2329 1324 2384 1369 et
2411 1327 2479 1367 ex
2538 1310 2800 1367 solitariis
2845 1309 3095 1380 quaedam
3133 1321 3256 1363 esse
3280 1303 3553 1370 πολιτικά,

1993 1409 2196 1476 civilia,
2223 1407 2468 1479 quaedam
2496 1404 2817 1477 σποραδικά.

2060 1518 2221 1583 lbid.,
2252 1519 2347 1574 lin.
2380 1517 2473 1573 ‘28.
2515 1517 2876 1587 Συγγένειαν
2905 1516 3054 1584 πρὸς
3081 1515 3148 1569 τὸ
3182 1512 3358 1582 ὕδωρ.
3404 1509 3557 1567 Basi-

1994 1610 2119 1677 lius,
2155 1610 2302 1665 hom.
2335 1609 2366 1662 7
2394 1627 2408 1664 :
2438 1607 2809 1678 Ἐξαγατέτω
2841 1607 2913 1661 τὰ
2933 1606 3139 1661 ὕδατα.
3171 1603 3428 1670 Ἐξείξεσι
3457 1603 3557 1674 τὴν

1993 1700 2227 1770 φυσικὴν
2252 1698 2360 1753 τῶν
2387 1698 2600 1772 νηκτῶν
2627 1698 2763 1770 πρὸς
2789 1697 2850 1751 τὸ
2889 1696 3031 1768 ὕδωρ
3081 1694 3397 1764 συγγένειαν
3430 1710 3444 1723 ο
3477 1693 3559 1747 διὸ

1997 1791 2191 1862 μικρὸν
2220 1791 2268 1844 οί
2298 1789 2476 1861 ἰχθύες
2495 1787 2854 1861 χωρισθέντες
2888 1785 2980 1841 τοῦ
3009 1786 3196 1849 ὓδατος
3222 1782 3559 1855 διαφθείρον-

1994 1903 2104 1940 ται.
2140 1884 2275 1938 om
2303 1883 2412 1955 γὰρ
2452 1882 2667 1955 ἔχουσιν
2710 1882 3007 1952 ἀναπνοὴν,
3064 1878 3203 1933 ὥστε
3243 1878 3419 1932 ἕλκειν
3464 1875 3556 1929 τὸν

1995 1977 2133 2049 ἀέρα
2164 1974 2352 2030 τοῦτον
2387 1991 2403 2007 ο
2435 1974 2552 2028 ἀλλ’
2593 1976 2732 2046 ὅπερ
2771 1976 2884 2037 τοῖς
2928 1974 3203 2045 χερσαίοις
3242 1970 3390 2024 ἐστὶν
3427 1970 3555 2043 ἀὴρ,

1995 2064 2153 2119 τοῦτο
2173 2064 2252 2137 τῷ
2283 2064 2477 2136 πλωτῷ
2508 2065 2657 2135 γένει
2697 2065 2756 2119 τὸ
2786 2063 2948 2135 ὕδωρ.

2066 2177 2226 2244 lbid.,
2254 2179 2352 2233 lin.
2393 2178 2481 2234 ³50.
2524 2179 2587 2232 Ἡ
2609 2177 2721 2247 γὰρ
2748 2178 2865 2231 τῶν
2887 2175 3244 2246 βραγχείων.
3303 2171 3556 2235 Basilius,

1998 2269 2147 2326 hom.
2176 2270 2208 2323 7
2239 2289 2251 2324 :
2285 2271 2448 2340 Καὶὴ
2489 2268 2637 2323 αἰτία
2676 2268 2830 2342 δήλη,
2867 2270 2947 2322 ὅτι
2970 2270 3102 2339 ἡμῖν
3139 2268 3168 2319 ὁ
3194 2264 3446 2336 πνεύμων
3473 2263 3561 2334 ἔγ-

1999 2375 2176 2414 κειται
2201 2359 2393 2432 ἀραιὸν
2419 2360 2514 2413 καὶ
2545 2358 2848 2432 πολύπορον
2895 2357 3220 2428 σπλάγχνον,
3270 2355 3299 2409 ὃ
3339 2355 3427 2409 διὰ
3462 2355 3561 2425 τῆς

1998 2449 2094 2504 τοῦ
2129 2449 2376 2521 θώρακος
2411 2449 2694 2521 οιαστολῆς
2738 2450 2829 2502 τὸν
2883 2449 3021 2520 ἀέρα
3049 2448 3356 2520 δεχόμενον,
3387 2446 3448 2501 τὸ
3477 2445 3579 2499 έν·-

1998 2542 2088 2595 δον
2110 2542 2265 2613 ἡμῶν
2296 2540 2497 2612 θερμὸν
2532 2539 2882 2613 διαρριπίζει,
2928 2541 3022 2593 καὶ
3055 2539 3343 2611 ἀναψύχει.
3389 2538 3562 2593 Ἐκεί-

2001 2652 2112 2699 νοις
2133 2634 2190 2688 δὲ
2216 2637 2249 2706 ἡ
2285 2634 2393 2688 τῶν
2419 2633 2691 2707 βραγχίων
2710 2634 2957 2705 διαστολὴ
2980 2634 3075 2688 καὶ
3103 2633 3389 2699 έπίπτυξις
3412 2636 3562 2705 δεχο-

2006 2727 2180 2799 μένων
2202 2728 2262 2781 τὸ
2281 2726 2426 2799 ὓδωρ
2458 2727 2554 2781 καὶ
2587 2726 2827 2782 διῖέντων
2863 2728 2950 2781 τὸν
2973 2726 3074 2796 τῆς
3102 2725 3376 2796 ἀναπνοῆς
3402 2722 3563 2793 λόγον

2001 2818 2323 2890 ἀναπληροῖ.
2373 2816 2488 2873 Hoc
2506 2817 2647 2873 idem
2669 2820 2833 2874 sentit
2856 2817 3198 2883 Aristoteles,
3227 2833 3286 2870 ιιι
3312 2811 3391 2870 De
3416 2826 3561 2885 part,

2003 2905 2202 2970 anim.,
2236 2918 2358 2974 cap.
2408 2902 2464 2969 6,
2510 2902 2639 2959 dum
2677 2905 2773 2972 ait,
2819 2903 3050 2974 piscium
3094 2902 3305 2956 nullum
3367 2899 3566 2954 habere

2002 2997 2339 3069 pulmonem,
2380 2996 2478 3052 sed
2531 3011 2631 3066 pro
2674 3010 2739 3052 eo
2791 2994 3085 3049 branchias
3118 2992 3398 3059 obtinere;
3423 3006 3563 3061 aqua

2002 3087 2145 3143 enim
2170 3087 2348 3158 pisces
2368 3086 2779 3157 refrigerantur,
2811 3093 2874 3140 ut
2922 3100 3047 3140 aere
3081 3100 3202 3155 quae
3242 3084 3473 3153 spirant.
3502 3082 3565 3136 Et

2001 3177 2098 3232 lib.
2123 3192 2197 3242 ιν,
2234 3192 2350 3248 cap.
2388 3178 2440 3243 1,
2468 3177 2647 3248 pisces
2672 3177 2925 3247 pulmone
2941 3189 3149 3237 carere,
3185 3182 3238 3230 et
3269 3174 3565 3229 branchias

2006 3269 2126 3324 vice
2156 3269 2433 3339 pulmonis
2467 3269 2676 3325 sortiri.
2710 3268 3056 3335 Ambrosius,
3081 3268 3175 3324 lib.
3218 3285 3251 3322 v
3287 3252 3565 3332 "exuam,

2005 3374 2128 3431 cap.
2151 3360 2205 3426 4,
2238 3362 2363 3414 item
2411 3360 2506 3428 ait,
2531 3359 2675 3430 quod
2703 3358 2914 3416 caeteris
2943 3358 3314 3414 animantibus
3335 3366 3417 3414 est
3449 3374 3563 3424 aer,

2006 3449 2110 3504 hoc
2131 3448 2376 3519 piscibus
2427 3464 2553 3506 esse
2589 3463 2810 3519 aquam,
2854 3456 3010 3502 extra
3048 3460 3210 3517 quam
3253 3446 3431 3501 vivere
3464 3462 3565 3501 ne-

2003 3548 2210 3610 queunt
2229 3539 2374 3596 sicut
2397 3539 2694 3596 intercluso
2719 3539 2943 3610 Spiritus
2975 3547 3281 3595 commeatu
3309 3538 3566 3593 animalia

2005 3632 2179 3699 emori
2202 3646 2427 3687 necesse
2448 3641 2550 3687 est.
2584 3629 2864 3701 Oppianus
2900 3625 3154 3685 Ἀλιευτ.
3189 3645 3231 3684 ιι
3266 3648 3279 3684 :

2064 3722 2176 3782 Kal
2204 3726 2315 3795 γὰρ
2341 3724 2439 3780 καὶ
2469 3723 2797 3779 νεπόδεσσι
2825 3723 3149 3792 πωίρῤοος
3170 3723 3408 3777 ἕλκεται
3429 3721 3565 3790 ἀήρ.

2005 3817 2081 3874 De
2102 3819 2205 3874 hac
2242 3819 2542 3889 quaestione
2567 3813 2799 3880 Plinius,
2833 3816 2927 3870 lib.
2959 3830 3038 3883 ix,
3058 3829 3181 3885 cap.
3208 3816 3261 3880 ’1,
3297 3822 3351 3873 et
3371 3814 3568 3872 Caelius

2009 3909 2371 3982 Rhodiginus,
2404 3909 2501 3965 lib.
2529 3925 2602 3976 IV,
2625 3922 2748 3979 cap.
2784 3903 2874 3963 13.

2074 4023 2234 4087 lbid.,
2257 4024 2353 4078 lin.
2375 4023 2465 4079 '55.
2484 4020 2636 4077 Οὐδὲ
2649 4024 2786 4090 παρ’
2816 4021 3100 4089 αὕτοῖςέξ
3129 4022 3429 4091 ἡμισείας.
3468 4020 3571 4074 Ba-

2007 4115 2186 4182 silius,
2212 4115 2357 4171 llom.
2388 4114 2418 4167 7
2442 4134 2455 4168 :
2477 4113 2642 4168 Οὐδὲν
2674 4113 2825 4187 παρά
2847 4116 2958 4178 τοῖς
2986 4112 3192 4185 ἰχθύσιν
3226 4113 3285 4180 ἐξ
3319 4113 3572 4184 ἡμισείας

2008 4204 2277 4260 ὥπλισται
2307 4208 2420 4271 τοῖς
2447 4203 2676 4270 ὀδοῦσιν,
2707 4204 2783 4269 ὡς
2821 4204 2947 4276 βοῦς
2969 4206 3097 4274 παρ’
3128 4206 3257 4275 ἡμῖν
3308 4204 3403 4257 καὶ
3436 4205 3573 4274 πρό-

2010 4298 2192 4352 ϐατον.
2225 4297 2358 4351 Οὐδὲ
2386 4296 2495 4368 γὰρ
2514 4294 2817 4368 μηρυκάζει
2842 4313 2895 4349 τι
2924 4295 3055 4367 παρ’
3085 4296 3286 4358 αὐτοῖς,
3311 4296 3359 4350 εί
3385 4293 3459 4367 μὴ
3479 4294 3573 4347 τὸν

2009 4390 2207 4462 σκάρον
2232 4390 2388 4461 μόνον
2434 4386 2703 4460 ἱστοροῦσί
2747 4405 2911 4452 τινες.
2958 4388 3141 4441 Πάντα
3181 4387 3238 4443 δὲ
3290 4387 3574 4453 ὀξυτάταις
3615 4385 3632 4404 ⁸

2007 4484 2212 4553 ἀκμαῖς
2238 4481 2463 4536 ὀδόντων
2509 4480 3022 4544 καταπεπύκνωται,
3067 4481 3153 4534 ἵνα
3183 4479 3258 4552 μὴ
3287 4481 3353 4550 τῇ
3386 4476 3577 4549 χρονίᾳ

338 4588 441 4635 est.
483 4578 611 4635 lltec
637 4577 833 4634 Cicero
856 4579 1071 4634 vocavit
1108 4577 1359 4645 ancipites
1394 4574 1609 4639 bestias,
1646 4573 1742 4628 lib.
1783 4589 1800 4627 ι
1834 4570 1901 4625 οε

2015 4575 2246 4647 μασήσει
2269 4576 2303 4644 ἡ
2323 4573 2496 4646 τροφὴ
2538 4574 2764 4648 διαρῤέῃ
2800 4590 2814 4604 ·
2852 4572 3042 4645 ἔμελλε
3064 4571 3195 4644 γὰρ,
3230 4571 3278 4623 εί
3305 4569 3379 4642 μὴ
3408 4565 3597 4634 ὀξέως

342 4678 454 4723 nat.
496 4670 714 4723 deorum
750 4685 768 4723 :
797 4668 1097 4723 Bestiarum
1118 4677 1294 4721 autem
1327 4674 1545 4720 terrena:
1591 4671 1713 4718 sunt
1759 4660 1904 4724 alite,

340 4763 536 4832 partim
589 4762 885 4831 aquatiles,
929 4760 1054 4815 alite
1091 4759 1245 4831 quasi
1289 4759 1540 4828 ancipites
1590 4757 1646 4810 in
1687 4764 1910 4826 utraque

343 4855 464 4909 sede
502 4855 745 4909 viventes.

415 4966 575 5031 lbid.,
621 4968 720 5022 lin.
743 4966 832 5031 2'5.
871 4968 946 5022 Τὰ
967 4967 1036 5020 δὲ
1062 4965 1337 5028 (moram.
1368 4963 1625 5029 Basilius,
1664 4962 1813 5017 hom.
1838 4961 1905 5017 7:

355 5049 729 5121 Ἐξαταγέτω
755 5054 827 5107 τὰ
854 5051 1044 5105 ὕδατα
1063 5048 1299 5119 ἑρπετά.
1341 5049 1429 5101 Ἐν
1449 5047 1654 5109 τούτοις
1672 5048 1785 5109 τοῖς
1826 5063 1913 5116 μι-

344 5142 497 5213 κροῖς
529 5141 736 5212 ῥήμασι
776 5140 828 5194 τί
871 5144 1125 5212 παρεῖται
1159 5140 1343 5209 γένος;
1397 5138 1449 5191 τί
1499 5137 1598 5190 οὐκ
1631 5134 1914 5208 ἐμπεριεί-

345 5230 545 5304 ληπται
583 5232 662 5304 τῷ
700 5233 1078 5305 προστάγματι
1126 5234 1228 5303 τῆς
1269 5229 1669 5303 δημιουργίας;
1724 5229 1798 5283 Οὐ
1845 5227 1914 5281 τά

347 5323 734 5392 ζωοτοκοῦντα,
769 5320 879 5379 οἷον
924 5325 1127 5395 φῶκαι,
1159 5326 1253 5379 καὶ
1289 5323 1550 5392 δελφῖνες,
1577 5320 1671 5375 καὶ
1691 5320 1912 5391 νάρκαι,

345 5419 442 5474 καὶ
462 5420 533 5474 τά
553 5411 715 5492 ὅμοια
741 5419 948 5485 τούτοις
966 5420 1035 5474 τὰ
1062 5419 1264 5491 σελάχη
1283 5418 1587 5488 λεγόμενα;
1614 5415 1674 5468 οὺ
1703 5412 1775 5466 τά
1815 5412 1917 5466 ὠο-

342 5513 503 5578 τόκα,
533 5514 678 5588 άπερ
699 5516 815 5569 ἐστὶ
841 5514 1019 5569 πάντα
1046 5513 1232 5585 σχεδὸν
1269 5510 1378 5565 τῶν
1410 5508 1608 5581 ἰχθύων
1642 5506 1712 5561 τὰ
1740 5505 1871 5576 γένη
1898 5519 1914 5566 ς

346 5605 447 5678 οὐχ
487 5606 589 5661 ὅσα
628 5604 914 5673 ωλιδωτά,
967 5606 1067 5676 οὐχ
1119 5600 1200 5668 οἷς
1227 5605 1344 5657 ἐστι
1390 5598 1680 5673 πτερύγια,
1715 5597 1811 5652 καὶ
1835 5590 1917 5660 οἷς

352 5699 427 5768 μή
458 5699 638 5766 tactv;

423 5785 580 5855 lbid.,
620 5791 720 5846 lin.
772 5789 864 5846 25.
909 5792 1114 5846 Μόνον
1133 5786 1201 5842 δὲ
1231 5782 1627 5856 προσέταξεν.
1660 5780 1914 5843 Basilius,

351 5878 502 5937 hom.
525 5881 555 5934 7
589 5900 603 5938 :
637 5882 997 5954 Ἐξαγατέτω
1018 5882 1090 5937 τὰ
1119 5880 1309 5936 ὕδατα
1325 5875 1564 5948 ἑρπετά.
1583 5875 1672 5931 Ἐν
1704 5873 1916 5938 τούτοις

2010 4685 2211 4724 κατατε
2219 4667 2459 4739 μνομένη
2480 4669 2546 4738 τῇ
2574 4666 2769 4739 γαστρὶ
2788 4665 3198 4737 παρεπέμπετο,
3227 4665 3284 4718 ὲν
3303 4666 3368 4733 τῇ
3385 4663 3581 4719 λεπτο-

2012 4762 2228 4833 ποιήσει
2266 4758 2636 4833 διαφορεῖσθαι
2691 4759 2785 4813 τοῦ
2833 4758 3043 4821 ὓδατος.
3082 4757 3408 4813 Aristoteles
3470 4753 3577 4808 hoc

2012 4851 2175 4919 idem,
2193 4866 2297 4908 nec
2321 4849 2569 4921 ejusdem
2602 4863 2823 4905 causam
2845 4847 3088 4903 eamdem
3107 4860 3231 4901 cum
3253 4845 3356 4899 hoc
3385 4851 3564 4898 nostri

2015 4952 2238 5000 auctore
2292 4942 2491 5008 reddit,
2544 4942 2640 4997 lib.
2688 4956 2746 4996 ιιι
2792 4939 2864 4995 De
2894 4949 3037 5010 part.
3068 4938 3259 5002 anim.,
3316 4952 3368 4991 c.
3408 4935 3478 4990 i:
3514 4933 3579 4988 0'

2012 5036 2056 5089 δ’
2082 5036 2259 5108 ἰχθύες
2285 5035 2487 5098 πάντες
2531 5035 2638 5088 είσὶ
2685 5033 3126 5105 καρχαρόδοντες,
3162 5029 3300 5103 πλὴν
3334 5030 3428 5081 τοῦ
3463 5026 3576 5089 ἐνὸς

2011 5128 2107 5183 τοῦ
2140 5128 2473 5198 καλουμένου
2510 5126 2734 5198 σκάρου.
2776 5124 2965 5178 Πολλοὶ⁵
2991 5124 3034 5177 δ’
3059 5123 3240 5194 έχουσι
3266 5121 3360 5175 καὶ
3380 5121 3436 5172 ὲν
3461 5119 3581 5178 ταῖς

2015 5219 2281 5291 γλώτταις
2307 5219 2523 5281 ὀδόντας
2543 5218 2637 5272 καὶ
2670 5220 2728 5272 ὲν
2753 5218 2863 5281 τοῖς
2889 5218 3157 5290 οὐρανοῖς,
3181 5212 3382 5273 Τούτου
3417 5207 3461 5261 δ’
3493 5206 3579 5260 αῖ-

2016 5329 2128 5367 τιον
2156 5312 2238 5366 ὅτι
2265 5312 2557 5380 ἀναγκαῖον
2584 5311 2644 5364 ὲν
2678 5310 2863 5384 ὑγροῖς
2891 5304 3010 5363 οὖσι
3050 5294 3496 5378 παρεισδέχεσθαι
3519 5298 3579 5352 τὸ

2019 5403 2182 5475 ὑγρὸν
2210 5403 2325 5475 ἅμα
2352 5406 2423 5476 τῇ
2462 5406 2658 5476 τροφῇ,
2705 5403 2798 5456 καὶ
2825 5400 2981 5457 τοῦτο
3011 5398 3221 5470 ταχέως
3251 5393 3581 5463 ἐκπέμπειν.

2019 5497 2093 5552 Ού
2144 5496 2253 5569 γὰρ
2294 5496 2564 5567 ἐνδέχεται
2622 5494 2929 5557 λεαίνοντας
2982 5488 3273 5561 διατρίϐειν
3311 5501 3325 5515 °
3364 5480 3583 5555 εἰσρέει

2019 5587 2128 5660 γὰρ
2158 5586 2220 5640 τὸ
2249 5586 2413 5659 ὑγρὸν
2458 5588 2516 5641 έν
2562 5589 2628 5659 τῇ
2677 5584 2856 5658 κοιλία
2886 5602 2899 5615 ·
2921 5582 3009 5637 διὰ
3033 5579 3189 5634 τοῦτο
3217 5577 3418 5654 πάντες
3441 5573 3580 5627 εἰσὶν

2019 5682 2160 5748 ὀξεῖς
2183 5682 2318 5753 πρὸς
2334 5682 2431 5752 τὴν
2462 5680 2722 5752 διαίρεσιν
2746 5697 2759 5709 ·
2793 5677 2950 5731 πάλιν
2984 5675 3080 5729 καὶ
3110 5670 3313 5735 πολλοὶ,
3334 5671 3428 5726 καὶ
3452 5668 3584 5724 πολ·-

2020 5777 2182 5850 λαχῆ,
2206 5779 2290 5831 ἵνα
2320 5775 2440 5830 ἀντὶ
2464 5774 2560 5829 τοῦ
2587 5773 2817 5829 λεαίνειν
2831 5773 2909 5835 εἰς
2926 5766 3095 5823 πολλά
3119 5766 3487 5840 κερματίζωσι
3505 5764 3584 5835 τῷ

2023 5866 2235 5939 πλήθει.
2271 5864 2482 5937 Γαμψοὶ
2515 5863 2572 5919 δὲ
2599 5864 2687 5919 διὰ
2719 5863 2779 5918 τὸ
2806 5861 2904 5943 τὴν
2938 5858 3110 5928 ἀλκὴν
3143 5858 3327 5926 σχεδὸν
3366 5857 3580 5912 ἅπασαν
