4064 6290
461 364 469 371 ’
511 361 612 417 879

1822 355 2090 446 'LEONIS
2128 352 2403 411 ALLATII

3676 347 3790 404 880

512 482 695 545 αὐτοῖς
724 479 811 534 διὰ
833 477 1034 533 τούτων
1069 471 1225 532 εἶναι.
1277 476 1511 543 Plinius,
1558 476 1651 530 lib.
1702 490 1779 539 XI,
1811 490 1934 546 cap.
1983 475 2073 537 57,

2180 481 2357 528 autem
2406 471 2479 526 sit
2519 470 2621 526 hoc
2668 467 3004 543 μηρυκάζειν
3053 465 3252 538 Optime
3293 462 3531 535 explicat
3569 460 3781 534 Oppia-

510 588 611 629 sua
637 573 707 627 ab
727 571 1017 628 Aristotele
1050 578 1353 634 mutuatus,
1380 570 1435 624 in
1460 583 1625 625 causa
1650 574 1833 624 tamen
1857 566 2077 622 traden~

510 667 576 722 da
595 668 663 721 ab
685 683 750 721 eo
772 665 1069 735 discrepat,
1087 664 1341 719 convenit
1361 678 1485 717 cum
1506 660 1817 718 Eustathio.
1846 659 2085 715 Piscium

463 855 468 859 ”
506 852 671 921 plani.
699 849 1163 906 Caeterum-multis
1184 866 1366 904 eorum
1395 851 1451 904 in
1473 849 1742 919 lingua,et
1778 854 1885 900 toto
1909 861 1997 899 ore
2024 854 2084 898 ut

462 956 465 965 λ
509 942 663 997 turba
708 942 986 997 vulnerum
1022 942 1289 1008 molliunt,
1324 959 1441 1012 qua:
1490 940 1683 994 attritu
1713 938 1948 1009 subigere
1978 953 2084 991 non

505 1046 717 1108 queant.
748 1033 937 1089 Multis
961 1044 1009 1089 et
1051 1035 1107 1087 in
1147 1034 1354 1104 palato,
1397 1043 1551 1102 atque
1583 1032 1745 1086 etiam
1794 1031 1850 1084 in
1887 1029 2078 1083 cauda.

504 1129 775 1185 Praeterea
796 1130 849 1182 in
885 1146 941 1182 os
965 1136 1245 1199 vergentes,
1265 1144 1327 1181 ne
1353 1125 1603 1181 excidant
1630 1124 1717 1177 ubi
1746 1121 1954 1177 nullum
1985 1122 2081 1175 ha—

508 1217 743 1273 bentibus
778 1217 1041 1272 retinendi
1073 1216 1480 1270 adminiculum.

573 1399 735 1464 Ibid.,
762 1398 857 1452 lin.
886 1398 974 1452 57.
1010 1392 1349 1464 Μηρυκάζει
1379 1392 1447 1446 δὲ
1480 1392 1660 1447 οὐδὲν
1698 1390 1871 1446 ἄλλο.
1925 1389 2080 1446 Basi-

503 1492 630 1557 lius,
664 1492 812 1545 liom.
849 1490 900 1552 ’7,
926 1488 1155 1541 Aristot.
1191 1502 1226 1540 ιι
1256 1485 1329 1539 De
1361 1485 1485 1537 hist.
1514 1484 1705 1543 anim.,
1750 1497 1871 1553 cap.
1910 1481 1999 1545 17,
2027 1490 2081 1536 et

502 1587 600 1641 lib.
626 1602 745 1652 vm,
778 1598 899 1654 cap.
935 1583 990 1636 2.
1017 1581 1183 1643 Idem,
1217 1597 1277 1636 ιιι
1309 1579 1387 1634 De
1408 1588 1546 1648 part.
1581 1579 1827 1639 animal.,
1861 1590 1984 1647 cap.
2009 1576 2079 1631 14

504 1687 559 1734 ct
583 1678 731 1733 alibi.
759 1675 993 1739 Plinius,
1025 1675 1117 1730 lib.
1153 1689 1227 1739 IX,
1257 1688 1376 1744 cap.
1408 1674 1469 1726 l7
1508 1690 1520 1726 :
1552 1670 1712 1727 Solus
1743 1671 1968 1739 piscium
1996 1669 2080 1724 di-

503 1773 642 1825 citur
680 1769 967 1834 ruminare,
1002 1767 1275 1837 herbisque
1315 1767 1470 1832 vesci,
1505 1782 1611 1819 non
1659 1765 1782 1817 aliis
1821 1764 2073 1832 piscibus,

502 1956 662 2009 aliter
688 1953 912 2017 sentiat,
960 1951 1037 2006 ait
1074 1952 1223 2007 enim
1279 1951 1424 2005 hunc
1476 1964 1666 2006 omnes
1714 1959 2072 2005 occursantes

500 2047 797 2120 pisciculos
849 2045 1127 2100 devorare.
1177 2038 1346 2108 Οὗτος
1396 2044 1504 2116 γὰρ
1538 2043 1699 2115 μόνος
1727 2042 1837 2096 τῶν
1874 2041 2075 2114 ιχθύων

502 2142 814 2213 μηρυκᾶται
872 2140 967 2193 καὶ
1020 2139 1198 2192 πάντα
1258 2138 1327 2192 τὰ
1388 2137 1797 2208 προσπίπτοντα
1852 2135 2063 2208 ἰχθύδια

499 2236 686 2290 ἐσθίει.
711 2232 849 2290 Vide
879 2232 1160 2288 [Elianum
1181 2230 1254 2286 De
1272 2231 1460 2288 histor.
1499 2232 1690 2296 anim.,
1722 2231 1819 2285 lib.
1859 2247 1899 2298 I,
1930 2246 1980 2284 c.
2014 2227 2070 2294 2,

497 2329 594 2384 lib.
649 2344 712 2391 ιι,
766 2318 888 2396 cap.
925 2324 1017 2386 54.
1063 2323 1161 2379 lib.
1210 2339 1309 2387 xu,
1370 2338 1491 2395 cap.
1543 2323 1650 2390 42;
1720 2323 2073 2378 Ambrosium

504 2421 758 2477 Hexaem.
798 2418 897 2472 lib.
945 2432 1001 2481 v,
1035 2431 1156 2486 cap.
1182 2415 1249 2481 ὃς
1296 2416 1613 2471 Athenaeum
1661 2415 1757 2470 lib.
1807 2431 1919 2481 vn;
1960 2413 2074 2468 Ma—

498 2513 768 2576 crobium,
826 2525 887 2564 ιιι
922 2506 1168 2572 Saturn.,
1218 2521 1339 2577 cap.
1382 2506 1484 2574 16;
1541 2505 1785 2562 Isidorus
1828 2506 1928 2561 lib.
1969 2519 2069 2569 xu,

497 2624 617 2678 cap.
638 2607 692 2671 6,
708 2619 961 2661 escarum
978 2611 1137 2658 vocat
1153 2599 1430 2665 :Escarus,
1453 2597 1651 2669 inquit,
1670 2597 1840 2652 dictus
1855 2614 1917 2652 eo
1934 2595 2071 2668 quod

499 2701 643 2756 solus
673 2716 846 2754 escam
891 2698 1160 2750 ruminarc
1196 2693 1514 2763 perhibetur.
1550 2691 1786 2762 Denique
1838 2689 1937 2743 alii
1981 2689 2069 2760 pi-

498 2810 609 2848 sces
641 2809 743 2846 non
764 2792 1053 2844 ruminant.
1088 2788 1234 2843 Idem
1287 2795 1469 2840 tamen
1504 2783 1752 2840 scribunt
1800 2782 1970 2838 Arist.
2013 2797 2071 2836 Ix

499 2885 645 2939 Hist.
675 2884 863 2944 anim.,
900 2896 1022 2951 cap.
1056 2880 1181 2941 ult.,
1211 2879 1279 2934 de
1304 2878 1540 2948 quodam
1571 2876 1741 2948 pisce,
1770 2876 1862 2946 qui
1894 2875 2070 2947 μήρυξ

496 2984 745 3040 vocatur,
776 2974 868 3045 qui
896 2988 964 3026 an
990 2987 1133 3027 unus
1174 2985 1299 3024 cum
1328 2983 1489 3025 scaro
1525 2983 1634 3022 non
1674 2973 1759 3022 est
1785 2965 2070 3037 prmsentis

498 3070 719 3141 negotii.
772 3066 907 3121 Illud
947 3080 1081 3121 sane
1127 3062 1421 3118 ridiculum
1474 3067 1578 3124 est,
1609 3074 1639 3114 a
1673 3057 2067 3123 Rittershusio,

497 3178 705 3217 murem
723 3161 1000 3231 ponticum
1013 3159 1155 3212 inter
1175 3157 1355 3227 pisces
1372 3152 1881 3209 adnumerarinotis
1900 3152 1955 3207 in
1968 3152 2070 3223 Op-
2096 3191 2140 3251 α

497 3256 643 3326 pian.
674 3254 916 3307 Ἁλιευτ.
937 3250 973 3303 l.
994 3266 1030 3314 I,
1058 3262 1202 3303 vers.
1222 3247 1322 3301 151
1345 3290 1358 3313 ,
1383 3245 1693 3302 Aristotelis
1723 3245 1904 3302 verbis
1929 3245 2071 3300 male

498 3346 786 3405 intellectis
813 3346 1059 3413 decepto.
1082 3342 1236 3397 Dicto
1258 3341 1403 3397 enim
1445 3340 1567 3394 loco
1604 3338 1679 3393 ait
1719 3337 2073 3393 Aristoteles:

498 3450 782 3513 postquam
829 3436 1283 3493 determinaverat
1316 3432 1571 3487 animalia
1591 3472 1605 3497 ,
1635 3446 1756 3502 quae
1795 3429 2078 3501 superiore

495 3532 687 3587 ordine
756 3530 1001 3585 dentium
1056 3532 1278 3592 carent,
1316 3524 1594 3579 ruminare
1618 3529 1677 3576 ut
1714 3522 1901 3586 boves,
1922 3537 2073 3588 oves,

495 3637 673 3692 caprae
733 3629 785 3676 et
845 3620 973 3685 alia,
1001 3617 1230 3673 dubium
1283 3614 1464 3670 adhuc
1517 3613 1853 3679 remanebat,
1900 3627 1971 3667 an
2009 3629 2075 3669 ex

496 3715 732 3771 dentatis
774 3714 1033 3783 utrinque
1054 3711 1126 3767 sit
1159 3709 1362 3765 animal
1408 3707 1630 3780 aliquod
1670 3708 1979 3772 ruminans,
2023 3715 2079 3763 et

496 3803 875 3877 respondendo
902 3804 978 3858 ait
1002 3817 1123 3859 esse
1144 3801 1431 3865 nonnulla,
1458 3808 1517 3853 ut
1540 3814 1726 3855 mures
1760 3797 2000 3861 Pontici,
2022 3806 2077 3854 et

494 3902 695 3971 pisces,
736 3908 789 3953 et
839 3898 934 3968 qui
966 3898 1037 3952 ob
1080 3912 1200 3975 eam
1254 3910 1371 3951 rem
1417 3892 1706 3948 ruminalis
1761 3906 1792 3945 a
1846 3891 2075 3962 quibus-

492 3995 618 4048 dam
655 3990 975 4060 appellatur.
1012 3986 1088 4043 Ita
1119 3989 1264 4042 enim
1296 3986 1450 4041 locus
1490 3984 1580 4039 ille
1614 3982 1910 4039 vertendus
1935 3991 2074 4049 erat,

492 4083 887 4154 Μηρυκὰζουσι
906 4082 962 4135 δὲ
985 4082 1078 4135 καὶ
1102 4079 1209 4134 τῶν
1241 4079 1590 4150 ἁμφοδόντων
1619 4077 1755 4143 ἔνια,
1775 4078 1829 4130 οἴ
1857 4093 1917 4130 τε
1945 4076 2077 4148 μύες

493 4179 541 4229 οἱ
570 4176 840 4237 Ποντικοὶ,
865 4176 959 4228 καὶ
990 4174 1040 4225 οἱ
1080 4172 1280 4243 ἰχθύες,
1309 4172 1405 4225 καὶ
1428 4171 1486 4224 ὃν
1520 4170 1775 4225 καλοῦσιν
1809 4169 1940 4223 ἔνιοι
1969 4170 2077 4223 ἀπὸ

493 4264 587 4318 τοῦ
618 4264 777 4336 ἔργου
804 4261 1207 4337 Μήριικα.ρυεε
1233 4261 1420 4323 verba,
1447 4259 1699 4330 quamvis
1726 4260 1802 4313 ita
1826 4259 2078 4330 legantur

496 4361 565 4414 ab
600 4359 876 4421 omnibus,
924 4364 1184 4424 corrupta
1215 4367 1339 4409 csse
1371 4352 1596 4407 minime
1634 4350 1955 4415 dubitarim,
1990 4349 2073 4404 vel

495 4461 644 4509 certe
674 4449 984 4505 Aristotelis
1025 4446 1262 4501 maxima
1288 4442 1787 4513 deprehenderetur
1831 4441 2070 4496 inscitia.

2185 580 2313 630 nus,
2364 564 2679 619 Ἁλιευτικ.
2713 582 2727 618 ι
2767 581 2781 617 :

2111 729 2115 735 .
2184 681 2293 737 Kal
2342 679 2596 751 σκάρον,
2644 682 2711 749 ὃς
2768 680 2844 750 δὴ
2882 676 3111 747 μοῦνος
3155 675 3225 729 ἐν
3268 673 3517 751 ισχθύᾳι
3580 669 3774 751 στᾶμεν

509 759 747 813 omnibus
773 757 990 823 serrati,
1014 765 1206 825 praeter
1227 769 1478 811 scarum:
1502 753 1622 808 huic
1642 753 1737 806 uni
1764 751 2084 823 aquatilium
2170 804 2175 811 ,

3458 740 3776 825 [ἀναύᾷρις

2184 832 2500 902 Φθέγγεται
2549 821 2841 896 ὶκμαλέην
2890 815 3191 886 λαλαγὴν,
3227 813 3326 869 καὶ
3370 811 3778 953 μοῦνος

2188 975 2491 1042 Ἀψορῤον
2544 966 2826 1042 amotumv-
2870 958 2988 1042 ἀγὰ
3031 958 3227 1042 ardua
3246 955 3559 1042 ,δεύτεριῖ
3592 948 3776 1020 ἀῦθις

2182 1022 2868 1113 Ᾰᾶἷνίῖᾗέγοςάιήλοισιν
2889 1022 3211 1088 ἀναπτύὼν
3244 1028 3351 1080 ἶσα
3372 1022 3623 1096 φορϐὴν.

2183 1135 2249 1190 Et
2283 1133 2536 1189 Elianus
2575 1127 2743 1185 Suida
2777 1127 2999 1189 citante,
3031 1123 3206 1185 Μόνος
3240 1120 3270 1172 ὁ
3307 1117 3597 1181 Θαλάσσιος
3632 1117 3772 1171 σκά-

2185 1244 2278 1298 ρος
2309 1225 2406 1296 τὴν
2433 1221 2639 1296 τροφὴν
2671 1217 2930 1274 ἀναπολεῖ
2984 1216 3173 1286 ὥσπερ
3223 1211 3318 1265 καὶ
3356 1209 3427 1263 τὰ
3475 1208 3766 1280 βλήχοντα,

2182 1320 2218 1375 ἃ
2248 1319 2313 1390 δὴ
2336 1318 2672 1390 μηρυκᾶται.
2691 1312 2867 1379 Hujus
2888 1309 3131 1366 nominis
3158 1304 3503 1379 ignoratione
3527 1304 3770 1357 maxime

2183 1413 2550 1468 hallucinatus
2569 1415 2654 1466 est
2680 1406 2871 1463 Billius
2887 1406 2943 1459 in
2956 1402 3207 1459 versione
3229 1399 3447 1455 illorum
3475 1397 3764 1452 verborum

2181 1504 2374 1562 lsidori
2405 1503 2696 1559 Pelusiotae
2741 1500 2866 1555 libr.
2900 1512 2964 1563 ιι,
2996 1495 3157 1565 epist.
3191 1493 3294 1547 119
3316 1490 3469 1546 εΤῶν
3502 1487 3658 1554 ζώων
3693 1486 3775 1541 τὰ

2184 1598 2281 1670 μὲν
2312 1593 2738 1669 δωμασσώμενα
2777 1591 2876 1663 τὴν
2910 1586 3118 1660 τροφὴν
3148 1584 3434 1651 ζωοτοκεῖ,
3469 1581 3540 1636 τὰ
3571 1580 3630 1635 δὲ
3664 1598 3767 1634 κα-

2178 1690 2471 1746 ταπίνοντα
2500 1687 2745 1742 ὠοτοκεῖ.
2782 1681 2876 1738 Sic
2916 1681 3063 1738 enim
3108 1679 3311 1734 vertit:
3343 1675 3428 1730 Ea:
3463 1676 3763 1730 animanti-

2125 1826 2137 1853 ε
2180 1783 2275 1838 bus
2300 1800 2374 1838 ea:
2392 1786 2512 1853 'quw
2543 1779 2717 1835 cibum
2747 1774 3040 1838 ruminant,
3073 1770 3332 1827 animalia
3360 1770 3617 1839 pariunt;
3641 1784 3762 1839 quia

503 1865 640 1917 mari
661 1860 949 1931 Carpathio
974 1860 1201 1913 maxime
1229 1858 1495 1929 frequens.
1527 1856 1643 1913 Etsi
1674 1856 1854 1912 llorus
1878 1856 2073 1927 Apollo
2107 1850 2147 1906 Β

2178 1886 2353 1931 autem
2386 1874 2588 1939 bibunt,
2614 1888 2711 1928 ova
2734 1876 3032 1941 procreant.
3047 1864 3325 1936 Multiplex
3355 1861 3712 1917 hallucinatio
3737 1880 3754 1918 :

2176 1970 2362 2040 plures
2416 1968 2720 2022 animantes
2778 1969 2908 2019 sunt
2945 1959 3208 2030 vivipara:
3229 1972 3393 2029 quam
3430 1970 3554 2027 qua;
3585 1954 3759 2010 rumi-

2176 2070 2328 2118 nant.
2362 2061 2422 2116 Si
2480 2073 2673 2115 omnes
2725 2069 2847 2128 qua:
2905 2054 3102 2111 bibunt
3164 2051 3473 2105 animantes
3520 2046 3759 2118 oviparz

2176 2165 2328 2221 sunt,
2375 2163 2431 2210 et
2458 2167 2640 2209 vaccae
2685 2150 2874 2221 igitur,
2903 2155 2959 2204 et
3006 2144 3157 2217 equi,
3188 2152 3243 2199 et
3267 2157 3419 2210 oves,
3444 2147 3579 2206 etc.;
3611 2139 3757 2195 aliud

2175 2259 2260 2307 est
2284 2244 2687 2319 διαμασσᾶσθαι
2718 2241 2818 2314 τὴν
2858 2240 3090 2312 τροφήν,
3120 2235 3267 2291 aliud
3300 2234 3574 2308 μηρυκᾷν,
3607 2230 3757 2288 aliud

2173 2341 2487 2402 masticare,
2519 2335 2668 2391 aliud
2709 2333 3009 2397 ruminare,
3041 2328 3188 2385 aliud
3235 2327 3435 2392 πίνειν,
3470 2323 3621 2381 aliud
3655 2341 3757 2379 κα.-

2172 2430 2419 2487 ταπίνειν
2450 2466 2465 2491 ,
2514 2425 2651 2481 illud
2717 2425 2906 2480 bibere
2955 2420 3264 2493 signiﬁcat,
3310 2417 3418 2473 hoc
3464 2416 3752 2488 deglutire.

2173 2524 2353 2592 Quare
2387 2521 2591 2593 Optime
2623 2515 3013 2574 animadvertit
3059 2515 3117 2569 in
3166 2510 3423 2568 eumdem
3456 2509 3661 2574 locum,
3698 2516 3760 2565 et

2171 2612 2335 2669 vertit
2386 2606 2797 2665 Rittershusius
2832 2605 3243 2660 :Animantium
3301 2617 3365 2655 ea
3419 2616 3538 2672 qua:
3584 2599 3759 2654 cibum

2173 2706 2479 2769 masticant,
2504 2710 2660 2773 atque
2688 2700 3051 2756 comminuunt
3077 2697 3326 2767 vivipara:
3339 2702 3487 2761 sunt,
3503 2709 3619 2765 qua
3637 2708 3759 2748 vero

2170 2797 2463 2869 deglutiunt
2512 2797 2798 2866 integrum,
2822 2793 3081 2861 ouiparaz.
3109 2788 3188 2845 De
3237 2787 3609 2844 ruminatione
3636 2785 3758 2842 ani-

2171 2889 2394 2944 malium
2456 2887 2628 2942 multa
2684 2884 2965 2941 adnotavit
3018 2881 3339 2953 Hieronym.
3374 2880 3754 2945 Mercurialis,

2173 2979 2295 3033 libr.
2344 2995 2377 3032 v
2417 2977 2630 3031 Variar.
2683 2976 2984 3040 lectionum,
3034 2988 3157 3044 cap.
3206 2972 3297 3038 15,
3338 2981 3396 3027 et
3442 2972 3620 3030 tribus
3667 2987 3760 3029 se-

2171 3074 2366 3138 quem.

2241 3157 2377 3213 Ibid.
2419 3158 2517 3213 lin.
2574 3156 2662 3212 58.
2724 3157 2899 3211 Ἔστι
2936 3154 3006 3209 δὲ
3037 3154 3140 3209 καὶ
3170 3156 3210 3223 ἡ
3244 3153 3455 3224 τροφή.
3487 3153 3752 3219 Basilius,

2178 3250 2326 3306 hom.
2368 3250 2398 3303 7
2426 3270 2439 3304 :
2465 3249 2654 3321 Τροφὴ
2698 3247 2755 3302 δὲ
2802 3246 2999 3317 ἰχθύων
3027 3244 3207 3311 ἄλλοις
3234 3245 3362 3315 ἄλλη
3411 3244 3552 3298 κατά
3591 3244 3752 3311 γένος

2178 3345 2530 3417 διωρισμένη.
2572 3344 2637 3397 Ol
2697 3343 2796 3413 μὲν
2840 3340 2950 3413 γὰρ
2980 3338 3088 3393 ίλύῖ
3112 3340 3410 3412 τρέφονται,
3443 3337 3496 3388 οί
3531 3334 3591 3389 δὲ
3628 3338 3746 3399 τοῖς

2179 3437 2413 3509 φυκίοις,
2451 3435 2597 3491 ἄλλοι
2629 3435 2687 3489 δὲ
2727 3437 2848 3498 ταῖς
2878 3433 3131 3505 βοτάναις
3168 3434 3281 3495 ταῖς
3318 3427 3739 3502 ἐντρεφομέναις

2178 3530 2254 3602 τῷ
2280 3529 2431 3583 ὕδατι
2462 3527 2775 3601 ἀρκοῦνται.
2818 3526 3207 3600 Ἀλληλοφάγοι
3242 3525 3298 3579 δὲ
3325 3523 3435 3577 τῶν
3469 3521 3665 3593 ἰχθύων
3693 3521 3747 3574 οἱ

2178 3623 2445 3676 πλεῖστοι·
2469 3620 2563 3675 καὶ
2586 3620 2616 3673 ὁ
2647 3621 2965 3693 μικρότερος
2990 3619 3121 3691 παρ’
3142 3617 3370 3681 ἐκείνοις
3410 3614 3612 3687 βρῶμά
3632 3614 3752 3667 ἔστι

2176 3717 2271 3773 τοῦ
2298 3716 2556 3789 μείζονος.
2581 3714 2699 3769 Κᾶν
2724 3730 2854 3767 ποτε
2880 3712 3059 3785 συμϐῇ
3082 3712 3177 3766 τὸν
3200 3708 3293 3764 τοῦ
3319 3709 3596 3771 ἐλάττονος
3619 3722 3755 3778 κραο

2176 3810 2419 3881 τήσαντα
2475 3806 2664 3880 ἐτέρου
2712 3804 2967 3876 γενέσθαι
3025 3803 3271 3876 θήραμα,
3319 3800 3426 3855 ὑπὸ
3474 3798 3575 3872 τὴν
3628 3797 3754 3869 μίαν

2177 3901 2398 3970 ἄγονται
2453 3899 2695 3971 γαστέρα
2718 3897 2813 3953 τοῦ
2850 3896 3179 3952 τελευταίου.
3210 3894 3287 3952 De
3314 3894 3552 3966 piscium
3588 3905 3752 3963 gene-

2178 3993 2351 4056 ribus,
2404 3990 2747 4055 dill‘erentiis,
2798 3987 3248 4060 proprietatibus,
3277 4001 3342 4042 ac
3390 3986 3555 4052 cibis,
3599 3985 3752 4056 plura

2178 4081 2521 4146 Aristoteles,
2566 4079 2801 4147 Plinius,
2835 4079 3106 4145 Elianus,
3130 4078 3421 4137 Conradus
3451 4078 3748 4145 Gesnerus,

2178 4174 2418 4230 Achilles
2446 4172 2859 4237 Aldrovandus,
2889 4180 2946 4230 et
2974 4172 3087 4228 alii.

2248 4266 2411 4335 Ibid.,
2445 4269 2543 4323 lin.
2575 4268 2665 4323 42.
2713 4269 2768 4322 Ὁ
2803 4269 2991 4337 πρίων
3018 4265 3334 4338 πτέρυγας.
3380 4264 3511 4322 Haec
3564 4263 3751 4321 eadem

2178 4360 2255 4416 ita
2280 4370 2469 4417 narrat
2501 4360 2697 4417 Petrus
2726 4360 3049 4426 Damianus,
3084 4360 3180 4417 lib.
3211 4377 3273 4426 ιι,
3304 4359 3465 4431 epist.
3496 4358 3602 4414 18:
3631 4357 3753 4414 Ser-

2179 4469 2262 4517 ra,
2293 4454 2504 4507 marina
2534 4453 2734 4508 scilicet
2760 4452 2957 4519 bellua,
2988 4469 3107 4525 qua:
3148 4469 3267 4507 cum
3297 4451 3537 4521 prolixus
3563 4448 3751 4503 habeat

496 4543 779 4614 Quomodo
828 4543 971 4598 enim
1023 4541 1202 4610 pisces
1255 4536 1555 4599 ruminant,
1606 4550 1731 4590 cum
1785 4533 1927 4589 inter
1977 4548 2073 4589 eos

2176 4560 2395 4614 pennas,
2445 4560 2569 4598 mox
2598 4554 2657 4598 ut
2689 4544 2876 4599 viderit
2918 4562 3100 4600 navem
3142 4545 3512 4614 ueliﬁcantem,
3542 4542 3752 4597 alarum

496 4640 648 4694 solus
694 4651 888 4692 scarus
938 4633 992 4688 id
1030 4631 1216 4686 faciat.
1253 4630 1318 4684 Et
1348 4629 1395 4685 si
1424 4629 1527 4684 iste
1560 4627 1741 4701 μήρυξ
1768 4627 1935 4698 piscis
1960 4633 2072 4699 est,

495 4746 619 4785 cum
656 4730 797 4784 inter
827 4729 1006 4798 pisces
1056 4724 1371 4779 includatur
1422 4722 1623 4775 frustra
1681 4720 1738 4773 ﬁt
1768 4719 1890 4788 ejus
1923 4733 2077 4773 men-

494 4824 604 4890 tio;
640 4823 687 4877 si
748 4837 856 4876 non
911 4820 1102 4891 piscis,
1151 4830 1322 4889 quare
1383 4815 1631 4869 muribus
1676 4812 1921 4868 Ponticis
1964 4826 2074 4867 non

495 4914 799 4983 conjunxit.
844 4912 952 4968 Sed
1007 4915 1254 4969 sinamus
1310 4910 1443 4964 haec.
1469 4907 1633 4962 Certe
1669 4923 1734 4961 ex
1767 4907 1852 4962 bis
1890 4906 2072 4962 verbis

493 5022 773 5077 nunquam
807 5021 1016 5060 murem
1056 5004 1342 5059 Ponticum
1375 5018 1496 5058 esse
1526 5001 1733 5071 piscem
1765 5001 2074 5072 deprehen-

493 5100 706 5164 demus,
729 5112 855 5151 cum
885 5111 1009 5150 eum
1039 5095 1362 5150 Aristoteles
1396 5109 1425 5147 a
1458 5092 1703 5163 piscibus
1734 5100 2069 5163 separatum,

492 5202 545 5249 et
577 5201 834 5260 tanquam
862 5188 991 5258 quid
1031 5186 1305 5241 diversum
1334 5187 1403 5241 ab
1436 5186 1544 5239 illis
1575 5186 1628 5239 in
1657 5184 1897 5240 Historia
1931 5185 2075 5239 rel'e-

487 5293 592 5337 "at.
637 5283 906 5337 Praeterea
952 5279 1274 5333 Aristoteles
1328 5277 1452 5331 libr.
1483 5293 1580 5330 vui
1612 5276 1690 5330 De
1722 5277 1910 5330 histor.
1956 5276 2074 5329 ani-

405 5416 409 5420 .
509 5378 647 5442 nnl.,
680 5376 840 5447 capit.
879 5374 967 5437 17,
1006 5373 1195 5428 scribit
1250 5387 1458 5425 murem
1512 5369 1801 5425 Ponticum
1861 5369 2069 5433 album,

500 5468 652 5523 sicuti
676 5476 729 5522 et
751 5467 915 5538 glires
946 5465 1000 5519 in
1028 5462 1320 5518 arboribus
1352 5461 1605 5517 conditos
1629 5462 1846 5516 latitare
1867 5462 2066 5517 hieme.

492 5560 789 5613 Confirmat
832 5557 1041 5612 Plinius
1082 5557 1206 5609 libr.
1245 5570 1363 5617 vm,
1406 5556 1574 5624 capit.
1607 5555 1711 5623 57;
1739 5563 1792 5610 et
1816 5553 2069 5609 ZElianus

490 5652 568 5705 De
613 5653 799 5707 histor.
847 5649 1066 5705 animal.
1102 5650 1226 5704 libr.
1280 5665 1354 5711 vI,
1412 5648 1577 5717 capit.
1617 5648 1709 5712 41,
1746 5650 1799 5703 in
1829 5657 2068 5702 montem

490 5757 644 5796 more
681 5743 951 5798 exercitus
986 5740 1101 5795 acie
1127 5741 1394 5795 instructa
1425 5739 1689 5795 decedere
1733 5748 1922 5793 narrat
1949 5754 2071 5807 quae

491 5835 674 5890 nullus
711 5834 778 5889 de
822 5834 1088 5905 piscibus,
1118 5834 1224 5889 nisi
1269 5835 1548 5891 somnians
1579 5832 1888 5888 alIlrmarct.
1924 5831 2067 5897 Quid

2176 4645 2225 4691 et
2256 4637 2372 4705 ipsa
2419 4638 2706 4707 prwcincta
2744 4637 2976 4709 remigiis
3014 4636 3281 4692 contendit
3324 4636 3588 4705 veliﬁcare
3636 4641 3753 4703 post

2175 4746 2380 4785 navem.
2414 4729 2517 4785 Sed
2547 4731 2634 4785 via:
2663 4746 2754 4799 per
2785 4731 3143 4803 quadraginta
3165 4729 3344 4787 stadia
3377 4731 3432 4783 in
3464 4729 3623 4799 hujus
3641 4742 3754 4781 cer-

2178 4822 2389 4876 taminis
2422 4822 2600 4877 labore
2632 4824 2920 4890 persistens
2953 4824 3152 4894 deﬁcit,
3193 4835 3242 4879 et
3278 4825 3355 4879 sic
3391 4823 3597 4893 defessa
3634 4820 3752 4874 alas

2173 4914 2313 4967 inter
2363 4913 2678 4969 discrimina
2730 4916 2942 4970 marina
2988 4916 3221 4984 deponit,
3251 4916 3417 4985 ﬂuctu
3459 4916 3636 4984 itaque
3664 4930 3755 4967 vo-

2174 5007 2318 5061 lante
2377 5007 2733 5077 compellitur,
2763 5018 2815 5062 et
2858 5008 2928 5062 ad
2962 5009 3132 5062 locum
3162 5006 3300 5061 unde
3337 5006 3627 5076 remigrare
3650 5019 3755 5059 cte-

2174 5110 2345 5169 perat,
2398 5101 2591 5155 iterum
2651 5099 2929 5155 relabitur.
2989 5098 3168 5157 Serra;
3198 5099 3369 5170 piscis
3413 5098 3666 5153 meminit
3697 5105 3755 5153 et

2175 5191 2385 5247 Plinius
2447 5192 2570 5247 libr.
2628 5207 2775 5247 x-xxtt
2813 5190 3011 5246 Natur.
3044 5192 3258 5255 histor.,
3311 5189 3478 5261 capit.
3522 5188 3609 5244 11.
3644 5187 3753 5244 Sed

2172 5283 2399 5339 dubium
2429 5294 2536 5348 est,
2569 5298 2636 5337 an
2663 5284 2730 5339 de
2758 5283 2861 5337 hoc
2888 5283 3178 5355 intelligat,
3209 5298 3337 5338 cum
3367 5298 3470 5339 nec
3499 5283 3558 5338 in
3579 5282 3752 5353 expli-

2173 5376 2352 5431 canda
2384 5391 2549 5432 serra:
2579 5376 2748 5447 piscis
2780 5386 2979 5432 natura
3004 5378 3339 5433 conveniant
3371 5369 3650 5434 auctores.
3782 5417 3787 5423 .

2242 5467 2405 5532 Ibid.,
2441 5470 2538 5523 lin.
2572 5469 2658 5525 50.
2697 5469 2766 5525 Τὸ
2798 5469 2868 5523 δὲ
2915 5470 3097 5539 κῆτος
3123 5470 3157 5525 ὃ
3191 5470 3456 5526 καλεῖται
3481 5469 3618 5540 μέν.
3643 5468 3749 5523 Ba—

2172 5560 2351 5622 silius,
2380 5558 2525 5613 bom.
2557 5560 2587 5612 7
2621 5578 2633 5613 :
2680 5558 2815 5613 Ἀλλ’
2843 5560 3032 5631 ἐπειδὴ
3061 5562 3176 5623 τοῖς
3202 5559 3478 5629 μεγίστοις
3500 5558 3652 5630 ὄρεσι
3672 5556 3751 5628 τῷ

2171 5651 2318 5721 ὄγκῳ
2350 5651 2441 5705 τοῦ
2484 5652 2733 5722 σώματος
2764 5650 3146 5724 παρισὰζεται,
3168 5652 3277 5722 ἆγε
3304 5654 3397 5707 καί
3416 5654 3596 5724 νήσων
3622 5650 3753 5704 πολ-

2171 5743 2328 5806 λάκις
2378 5744 2675 5813 φαντασίαν
2728 5745 3047 5815 παρέχεται,
3086 5744 3307 5799 ἐπειδάν
3346 5761 3475 5798 ποτε
3527 5742 3621 5798 ἐπὶ
3652 5740 3753 5813 τὴν

2170 5834 2345 5905 ἄκραν
2399 5835 2719 5903 ἐπιφάνειαν
2764 5836 2858 5888 τοῦ
2892 5836 3107 5909 ﬁdem;
3164 5837 3521 5909 ἁνανήχηται-
3579 5832 3753 5891 ταῦτα
