4064 6290
367 354 467 419 εει

1389 350 1456 406 1N
1501 349 1876 408 EUSTATHII
1901 335 2374 404 HEXAEMERON
2412 334 2639 390 NOTAE.

3504 317 3611 370 88-2

370 474 573 547 μέντοι,
607 468 911 543 τηλικαῦτα
949 468 1099 530 ὅντα,
1139 468 1198 522 ού
1233 467 1361 538 περὶ
1398 466 1592 530 ἀκτὰς,
1648 464 1769 518 οὐδέ
1819 461 1946 533 περὶ
1975 474 2018 527 Α
2048 453 2265 526 χωρίοις
2322 449 2452 547 E59:
2479 449 2676 547 ’ἡδονῆς
2721 436 3282 547 διαθαλπόιξενονίκξί
3330 432 3464 547 ῖιξδς
3512 432 3610 547 τῆν

365 565 643 636 αἰγιαλοὺς
675 561 966 631 διατρίϐει,
1007 560 1141 615 ἀλλά
1172 560 1234 613 τὸ
1271 556 1615 612 Ἀτλαντικὸν
1649 557 1938 625 λεγόμενον

364 657 604 726 πέλαγος
654 655 872 709 ἐνοικεῖ.
933 652 1127 708 Petrus
1172 650 1494 715 Damianus,
1525 649 1622 704 lib.
1670 664 1732 714 ιι,
1772 647 1935 718 epist.

364 749 434 804 18
465 746 663 803 :Cetus
707 754 758 801 et
797 743 888 800 ille
930 744 1167 798 marinus
1198 742 1346 798 nobis
1380 742 1437 796 in
1467 742 1772 820 memoriam
1795 756 1938 796 revo-

366 848 519 895 catur
546 853 565 890 :
597 836 687 907 qui
717 836 969 889 nimirum
1012 850 1168 904 super
1212 850 1421 889 enorme
1463 849 1650 903 corpus
1695 831 1939 886 sabulum

366 938 564 1000 portat,
598 945 661 984 ac
688 938 833 999 terga
863 942 961 982 sua
989 943 1144 996 super
1190 927 1360 981 undas
1398 927 1582 989 elevat,
1613 934 1670 978 ut
1690 932 1939 994 tanquam

366 1020 547 1077 insula
565 1021 757 1090 ﬂuctus
774 1020 1005 1074 marinos
1026 1018 1262 1073 excedat.
1290 1017 1339 1071 Η
1345 1034 1444 1073 anc
1464 1018 1627 1087 igitur
1639 1018 1941 1071 incunctan-

368 1123 448 1168 ter
466 1114 694 1168 insulam
706 1129 818 1168 esse
834 1110 1097 1167 credentes
1120 1114 1360 1182 remiges,
1385 1112 1673 1181 applicant,
1706 1110 1937 1181 paxillos

372 1208 559 1278 ﬁgunt,
586 1208 760 1260 navim
773 1206 988 1270 sistunt,
1010 1207 1152 1275 foros
1174 1206 1480 1269 instruunt;
1499 1203 1588 1259 sed
1608 1204 1783 1260 bellua
1815 1220 1939 1258 mox

366 1309 425 1354 ut
454 1300 594 1371 ignis
615 1300 769 1354 sentit
793 1297 1056 1361 ardorem,
1080 1298 1225 1352 illico
1242 1297 1497 1367 mergitur
1524 1298 1579 1351 in
1596 1296 1935 1366 profundum,

367 1401 418 1448 et
455 1410 638 1448 navem
680 1392 841 1447 simul
878 1407 940 1446 ac
973 1401 1167 1446 nautas
1202 1398 1352 1446 vorat
1389 1390 1552 1461 ferale
1576 1391 1933 1462 naufragium.

369 1483 514 1539 Nam
542 1495 594 1539 et
636 1482 902 1539 Gerardus
945 1492 1125 1538 noster
1174 1480 1409 1537 videlicet
1432 1480 1716 1536 monachus
1758 1480 1938 1535 retulit

368 1577 425 1632 in
457 1575 803 1633 Normandite
833 1575 1102 1631 littoribus
1149 1585 1359 1646 captam
1384 1591 1440 1630 se
1464 1572 1654 1628 vidisse
1674 1572 1937 1628 baltenam

368 1667 433 1725 de
456 1669 605 1739 cujus
637 1670 830 1740 lingua:
859 1668 1107 1722 carnibus
1129 1669 1527 1738 quatuordecim
1560 1666 1785 1736 agmarii
1813 1673 1937 1720 sunt

370 1776 475 1814 non
518 1759 696 1814 leviter
739 1760 961 1813 onerati.
1017 1756 1249 1821 Plinius,
1292 1758 1387 1813 lib.
1429 1772 1604 1821 um,
1657 1757 1822 1827 capit.
1858 1756 1882 1810 Ι
1919 1774 1933 1811 :

370 1850 524 1906 Cetos
549 1859 907 1905 sexcentarum
932 1849 1121 1919 pedum
1155 1849 1497 1920 longitudinis
1519 1859 1570 1905 et
1595 1858 1938 1905 trecentorum

368 1944 644 2014 sexaginta
704 1940 1002 1997 latitudinis
1057 1943 1113 1996 in
1165 1941 1361 2011 flumen
1417 1941 1633 1998 Arabica
1677 1943 1940 2010 intrasse,

366 2035 645 2106 pinguique
666 2035 779 2105 ejus
800 2034 1167 2105 negotiatores,
1190 2045 1242 2090 et
1277 2036 1514 2090 omnium
1543 2035 1767 2104 piscium
1790 2033 1943 2104 adipe

366 2123 595 2178 camelos
622 2128 906 2194 perun‘gere
933 2123 989 2177 in
1014 2140 1075 2179 eo
1103 2124 1231 2190 situ,
1255 2132 1315 2177 ut
1351 2123 1519 2178 asilas
1548 2123 1614 2177 ab
1643 2123 1724 2179 his
1761 2125 1941 2195 fugent

365 2215 544 2271 odore.
632 2215 709 2271 De
759 2226 1000 2272 ceterum
1056 2215 1364 2286 generibus,
1394 2225 1449 2271 et
1500 2230 1689 2272 eorum
1730 2218 1942 2273 naturis

365 2314 419 2362 et
450 2307 783 2377 proprietate
830 2305 1107 2373 Elianus,
1158 2307 1252 2361 lib.
1301 2323 1363 2374 ιι,
1392 2306 1471 2362 De
1517 2307 1704 2363 histor.
1751 2310 1939 2377 anim.,

366 2413 488 2468 cap.
522 2399 622 2465 l5;
648 2398 746 2453 lib.
772 2413 847 2465 lx,
875 2412 998 2469 cap.
1027 2398 1131 2465 l9;
1158 2397 1253 2453 lib.
1272 2414 1387 2462 xvr,
1409 2413 1532 2470 cap.
1559 2400 1656 2466 l5;
1682 2399 1777 2455 lib.
1803 2416 1938 2466 xvu,

368 2505 489 2560 cap.
541 2488 608 2564 67;
667 2505 735 2544 ex
795 2490 1058 2559 opinione
1119 2488 1446 2557 Onesicriti,
1522 2489 1841 2564 Orthagorae
1889 2503 1942 2549 et

368 2563 907 2652 ἰιιεοοιῖεεθεοκλῆς
931 2581 987 2634 δέ
1018 2582 1079 2636 ἐν
1105 2585 1172 2654 τῇ
1199 2583 1240 2636 δ’
1273 2585 1401 2656 περι
1426 2584 1525 2655 τὴν
1556 2563 1752 2656 Σύρτιν
1795 2584 1941 2654 λέγει

368 2672 609 2741 γίνεσθαι
644 2673 785 2745 κήτη
810 2674 1052 2746 τριήρων
1084 2674 1320 2746 μείζονα.
1362 2677 1496 2748 Περὶ¹
1522 2676 1579 2730 δὲ
1607 2676 1703 2749 τὴν
1736 2678 1942 2749 Γεδρω-

373 2763 494 2820 σίαν
522 2764 708 2837 χώραν
738 2765 873 2835 (ἐστι
916 2765 973 2819 δὲ
1017 2769 1180 2838 μοῖρα
1206 2769 1304 2838 τῆς
1335 2768 1439 2838 γῆς
1460 2768 1561 2839 τῆς
1598 2768 1820 2841 Ἰνδικῆς
1843 2770 1941 2823 οὐκ

370 2855 575 2928 ἄδοξος)
614 2857 982 2930 Ὀνησίκριτος
1012 2857 1179 2926 λέγει,
1208 2860 1303 2912 καὶ
1320 2860 1672 2932 Ὀρθαγόρας,
1697 2861 1941 2930 γίνεσθαι

370 2951 510 3022 κήτη
525 2951 696 3023 ἥμισυ
717 2949 907 3019 ἔχοντα
939 2949 1151 3003 σταδίου
1172 2949 1234 3003 τὸ
1258 2952 1449 3021 μῆκος,
1484 2951 1685 3015 πλάτος
1722 2953 1779 3007 δέ
1800 2954 1943 3008 κατὰ

370 3040 527 3110 λόγον
570 3038 665 3094 τοῦ
715 3041 941 3112 μήκους,
986 3039 1081 3093 καὶ
1095 3038 1250 3094 τοῦτο
1277 3040 1537 3112 δηλονότι.
1577 3043 1857 3116 Τοσαύτην
1885 3044 1940 3098 δέ

371 3148 536 3203 φασιν
565 3132 710 3204 ἔχειν
739 3132 963 3203 δύναμιν
990 3131 1151 3197 αὐτὰ,
1175 3131 1251 3197 ὡς
1278 3133 1554 3201 πολλάκις,
1580 3136 1708 3190 ὅταν
1737 3138 1942 3207 ἀναφυ-

372 3222 512 3296 σήσῃ
528 3224 641 3287 τοῖς
663 3221 984 3295 μυκτῆρσιν,
1005 3225 1064 3287 ἐς
1083 3221 1332 3277 τοσοῦτον
1356 3225 1708 3297 ἀναρρίπτειν
1728 3228 1828 3298 τῆς
1852 3227 1947 3281 θα-

371 3312 572 3384 λάττης
633 3313 696 3367 τὸ
745 3313 1053 3381 κλυδώνιον,
1086 3314 1163 3379 ὡς
1206 3315 1383 3370 δοκεῖν
1431 3320 1546 3383 τοῖς
1590 3317 1820 3389 ἀμαθέσι
1853 3320 1947 3374 καί¹

368 3403 620 3476 ἀπείροις
642 3404 962 3475 πρηστῆρας
984 3398 1121 3458 εἶναι
1144 3404 1333 3459 ταῦτα.
1356 3405 1422 3460 Ει
1453 3406 1544 3462 lib.
1571 3423 1681 3475 xvr,
1705 3425 1823 3480 cap.
1857 3409 1943 3477 18,

369 3495 553 3550 varias
580 3502 826 3551 ceterum
850 3495 1055 3552 formas
1086 3504 1140 3551 et
1192 3497 1395 3568 ﬁguras
1444 3509 1780 3557 monstrosas
1821 3517 1948 3572 per-

370 3582 568 3651 currit,
614 3583 838 3655 vultque
883 3585 1121 3655 ἀμφίϐια
1153 3601 1296 3654 esse,
1334 3595 1389 3643 et
1433 3598 1598 3644 noctu
1645 3599 1855 3662 segetes
1891 3597 1946 3647 et

374 3676 573 3730 herbas
605 3676 663 3730 in
693 3683 840 3731 terra
860 3676 1081 3749 depasci
1114 3680 1291 3735 instar
1319 3682 1551 3737 aliorum
1603 3685 1943 3752 animalium,

372 3765 698 3837 crepusculo
737 3780 868 3821 vero
915 3769 1186 3824 matutino
1211 3770 1267 3824 in
1300 3785 1452 3827 mare
1482 3772 1680 3838 redire,
1709 3790 1946 3833 mersas-

373 3872 481 3928 que
509 3857 656 3912 abdi.
687 3855 921 3914 His‘non
949 3860 1238 3917 dissimilia
1270 3863 1438 3919 refert
1471 3864 1868 3937 Theodoretus,
1893 3882 1946 3927 et

373 3950 472 4006 lib.
521 3964 614 4003 xxi
664 3947 1165 4021 Histor.septentr.,
1212 3969 1333 4027 cap.
1375 3956 1468 4022 44,
1515 3957 1681 4015 Olaus
1718 3960 1944 4033 Magnus

375 4051 787 4099 commemorat.
839 4043 916 4100 De
945 4060 1136 4101 eorum
1169 4049 1540 4119 magnitudine
1567 4061 1619 4108 et
1646 4054 1945 4124 piscatione

374 4131 775 4205 elegantissime
806 4132 1088 4206 Oppianus
1127 4137 1366 4193 Ἁλιευτ.
1398 4139 1493 4195 lib.
1528 4157 1579 4196 ν.
1610 4140 1817 4198 Hebraei
1851 4145 1945 4200 ba-

375 4228 543 4282 lamas
569 4225 704 4284 duas
732 4234 942 4284 tantum
970 4238 1178 4285 creatas
1202 4245 1327 4286 esse
1356 4230 1566 4299 dicunt,
1585 4248 1653 4288 ne
1685 4233 1731 4288 si
1760 4235 1944 4304 plures

375 4324 581 4383 essent,
621 4318 803 4390 pisces
841 4333 1033 4376 omnes
1065 4320 1412 4389 devorarent,
1444 4329 1497 4379 et
1547 4339 1713 4380 naves
1753 4341 1943 4384 omnes

372 4412 749 4481 absorberent,
792 4414 1002 4470 scilicet
1040 4414 1321 4483 feminam,
1344 4432 1506 4486 quam
1543 4416 1685 4475 Deus
1717 4420 1938 4485 occidit,

366 4510 428 4560 et
486 4511 728 4560 reservat
776 4505 939 4576 iustis
1001 4506 1070 4560 ad
1123 4507 1450 4578 epulandum
1516 4517 1761 4580 tempore
1801 4509 1942 4566 Mes-
1975 4517 2015 4572 ο

373 4598 489 4665 site,
523 4606 576 4654 et
607 4600 909 4656 masculum
946 4615 1108 4671 quem
1150 4610 1397 4658 reservat
1428 4611 1490 4656 ut
1528 4619 1651 4657 cum
1681 4620 1746 4659 eo
1774 4605 1940 4661 certis

372 4691 524 4747 horis
566 4692 720 4747 ludat
762 4693 995 4764 singulis
1035 4693 1248 4760 diebus,
1277 4705 1337 4751 ut
1376 4697 1568 4767 psum.
1597 4711 1692 4752 CIII
1719 4716 1733 4752 :
1764 4697 1940 4753 Draco

370 4782 470 4837 iste
495 4798 646 4853 quem
688 4782 933 4852 formasti
963 4783 1048 4837 ad’
1071 4783 1398 4840 illudendum
1420 4788 1489 4851 ei,
1547 4786 1826 4853 Hebraeus,
1883 4798 1943 4843 ut

370 4875 528 4929 ludas
558 4891 677 4929 cum
699 4874 951 4931 eo.ﬂanc
968 4875 1218 4932 fabellam
1242 4888 1594 4948 sumpserunt
1618 4897 1686 4936 ex
1731 4880 1855 4936 libr.
1887 4897 1940 4934 ιν

373 4965 583 5031 Esdrae,
616 4982 737 5037 cap.
778 4984 857 5033 γι,
905 4969 985 5023 uti
1030 4967 1198 5024 refert
1231 4968 1499 5040 Lyranus,
1531 4980 1586 5027 et
1624 4971 1938 5031 Abulensis.

439 5057 558 5115 Col.
608 5059 732 5127 725,
765 5061 859 5115 lin.
906 5060 956 5116 7.
997 5060 1081 5128 Τῷ
1117 5061 1185 5115 δὲ
1212 5063 1472 5131 καρκίνῳ
1502 5065 1540 5132 τι
1573 5063 1751 5133 σάρξ.
1787 5065 1942 5121 Basi-

370 5148 499 5215 lius,
536 5148 686 5209 bom.
715 5151 781 5204 7:
829 5151 886 5204 'O
912 5153 1167 5223 καρκῖνος
1197 5150 1297 5221 τῆς
1319 5152 1522 5223 σαρκὸς
1565 5152 1820 5225 ἐπιθυμεῖ
1847 5154 1940 5208 τοῦ

368 5240 616 5313 ὀστρέου.
654 5241 811 5296 Ἀλλά
837 5243 1138 5308 δυσάλωτος
1163 5245 1197 5315 ή
1221 5243 1364 5316 ἄγρα
1386 5243 1534 5315 αὑτῷ
1556 5244 1644 5299 διὰ
1662 5245 1759 5317 τὴν
1790 5263 1944 5318 περι-

366 5329 532 5402 ϐολὴν
556 5331 652 5413 τοᾷ
685 5332 950 5404 ὀστράκου
978 5333 1208 5402 γίνεται.
1249 5335 1509 5406 Ἀρραγεῖ
1548 5334 1658 5407 γὰρ
1686 5337 1855 5409 ἐρκίῳ
1881 5336 1941 5389 τό

370 5424 578 5478 ἁπαλὸν
611 5426 710 5498 τῆς
749 5426 947 5499 σαρκὸς
974 5429 1008 5498 ή
1043 5426 1205 5497 φύσις
1233 5428 1690 5500 κατησφαλίσατο.
1723 5429 1813 5483 Διὸ
1847 5431 1942 5483 καὶ

368 5515 801 5592 ὀστρακόδερμον
822 5521 1277 5593 προσηγόρευται.
1307 5522 1418 5576 Καὶ
1437 5522 1622 5595 ἐπειδὴ
1650 5522 1742 5577 δύο
1769 5524 1943 5578 κοιλό-

368 5624 529 5679 τητες
568 5611 811 5684 ἀκριϐῶς
837 5611 1094 5684 ἀλλήλαις
1128 5614 1614 5686 προσηρμοσμέναι
1637 5616 1699 5670 τὸ
1721 5616 1942 5689 ὄστρεον

372 5704 849 5773 περιπτύσσονται,
896 5706 1206 5776 ἀναγκαίως
1241 5707 1512 5780 άπρακτοί
1542 5710 1680 5763 είσιν
1702 5712 1757 5764 αί
1780 5711 1941 5783 χηλαὶ

371 5793 464 5848 τοῦ
498 5798 775 5869 καρκίνον.
811 5798 876 5853 Τί
901 5794 994 5855 οὖν
1025 5800 1195 5867 ποιεῖ;
1231 5801 1398 5856 Ὅταν
1424 5801 1507 5873 ἴδῃ
1545 5803 1602 5855 ἐν
1640 5801 1940 5875 ἀπηνέμοις

2039 524 2232 601 ἀκτῖνα
2265 542 2360 595 τοῦ
2404 542 2553 610 ἡλίου
2593 540 2691 604 τάς
2740 539 2950 609 πτύχας
2988 531 3179 588 ἑαυτοῦ
3209 524 3610 588 διαπλώσαντα,

2037 641 2159 693 τότε
2206 636 2268 706 δὴ
2302 634 2476 705 λάθρα
2516 632 2722 704 ψηφῖδα
2771 624 3134 702 παρεμϐαλὼν
3180 617 3463 675 διακωλύει
3511 616 3612 686 τὴν

2041 727 2344 800 σύμπτυξιν
2393 726 2485 780 καὶ
2532 724 2841 794 εὑρίσκεται
2880 721 2940 773 τὸ
2977 720 3160 773 λεῖπον
3188 716 3286 786 τῆς
3330 713 3613 783 δυνάμεως

2037 822 2125 876 διά
2167 821 2269 891 τῆς
2309 818 2550 881 ἐπινοίας
2600 816 3006 888 περιεχόμενος.
3042 810 3243 865 Eadem
3286 807 3450 861 habet
3475 805 3611 858 Am-

2040 912 2279 974 brosius,
2335 910 2428 964 lib.
2482 925 2537 972 v,
2604 921 2724 977 cap.
2753 905 2814 971 8;
2861 903 3103 959 Isidorus
3143 899 3238 953 lib.
3272 912 3373 961 xu,
3402 909 3523 964 cap.
3553 894 3610 947 6.

2039 1002 2410 1060 Disertissime
2435 1001 2562 1055 item
2593 999 2706 1053 haec
2738 997 2922 1051 omnia
2948 994 3228 1065 Oppianus
3265 990 3513 1044 Ἁλιευτ.
3552 1002 3612 1040 ιι.

2038 1095 2277 1151 Consule
2306 1092 2660 1147 Plutarchum
2690 1099 2744 1144 et
2770 1088 3027 1150 Plinium,
3059 1092 3112 1140 et
3143 1083 3364 1138 Petrum
3397 1079 3615 1134 Damia-

2039 1203 2171 1243 num
2197 1186 2291 1241 lib.
2322 1200 2383 1250 ιι,
2420 1183 2585 1255 epist.
2628 1182 2718 1237 ~18.

2108 1279 2269 1342 lbid.,
2315 1279 2413 1333 lin.
2466 1276 2552 1331 M.
2595 1276 2648 1328 Ὁ
2677 1274 2747 1327 δὲ
2793 1273 2994 1342 ἐχῖνος
3020 1268 3432 1340 προγινώσκει.
3462 1263 3616 1319 Basi-

2039 1372 2169 1437 lius,
2200 1371 2344 1426 hom.
2380 1369 2410 1421 7
2436 1389 2449 1422 :
2484 1368 2726 1422 Ἤκουσα
2753 1364 2864 1433 ἐγὼ
2894 1363 3003 1417 τῶν
3034 1361 3311 1433 παραλίων
3342 1358 3508 1421 τινὸς,
3534 1358 3615 1409 ὅτι

2037 1464 2066 1516 ὁ
2097 1463 2383 1526 θαλάσσιος
2413 1464 2604 1532 ἐχῖνος,
2633 1458 2695 1512 τὸ
2733 1457 2928 1529 μικρὸν
2960 1454 3239 1517 παντελῶς
3271 1455 3365 1507 καὶ
3393 1452 3617 1505 εὐκατα-

2040 1558 2304 1630 φρόνητον
2355 1555 2515 1620 ζῶον,
2565 1551 2882 1615 διδάσκαλος
2936 1548 3193 1610 πολλάκις
3239 1545 3479 1616 γαλήνης
3523 1544 3617 1597 καί

2038 1650 2304 1715 κλύδωνος
2337 1651 2450 1712 τοῖς
2474 1647 2697 1701 πλέουσι
2723 1645 2953 1713 γίνεται,
2980 1642 3039 1705 ὃς
3061 1642 3188 1694 ὅταν
3215 1639 3408 1710 προῖδῃ
3443 1653 3614 1706 ταρα-

2039 1743 2137 1816 χὴν
2193 1742 2251 1810 ἐξ
2301 1742 2516 1813 ἀνέμων
2545 1737 2753 1809 ψηφῖδά
2787 1754 2908 1789 τινα
2939 1732 3185 1787 ὑπελθὼν
3219 1729 3492 1800 γενναίαν,
3529 1730 3614 1781 ἐπ’

2040 1836 2211 1907 αὐτῆς
2244 1834 2431 1907 ὥσπερ
2478 1834 2565 1886 ἐπ’
2593 1833 2841 1901 ἀγκύρας
2877 1826 3092 1882 σαλεύει
3144 1823 3506 1895 κατεχόμενος
3538 1819 3616 1889 τῷ

2045 1929 2221 2002 βάρει,
2274 1926 2410 2001 πρὸς
2462 1925 2524 1980 τὸ
2573 1925 2647 1996 μὴ
2695 1922 2891 1995 ῥᾳδίως
2927 1923 3041 1982 τοῖς
3074 1917 3312 1989 κύμασιν
3344 1914 3616 1985 ἀποσύρε-

2045 2022 2188 2076 σθαι.
2239 2020 2452 2077 Similia
2484 2016 2675 2075 scribit
2708 2013 3039 2068 Ambrosius
3083 2011 3231 2065 hom.
3264 2009 3318 2069 5,
3352 2007 3516 2077 capit.
3543 2007 3574 2061 9
3601 2021 3614 2067 ;

2043 2114 2195 2169 Phile
2218 2114 2274 2169 in
2298 2112 2519 2167 lambis.
2534 2125 2553 2175 ;
2576 2107 2900 2163 Aristoteles
2920 2122 2952 2158 ν
2983 2105 3061 2158 De
3087 2112 3319 2175 generat.
3361 2100 3586 2155 animal.
3610 2148 3616 2155 .

2043 2218 2147 2275 cap
2176 2204 2237 2270 5;
2268 2201 2520 2258 Elianus
2552 2198 2630 2254 De
2659 2199 2846 2253 histor.
2874 2194 3121 2262 animal.,
3154 2191 3281 2248 libr.
3317 2206 3418 2256 νιι,
3446 2191 3615 2259 capit.

2042 2297 2147 2351 55:
2182 2295 2509 2351 Plutarchus
2534 2293 2591 2348 in
2618 2291 2841 2363 Dialogo
2863 2329 2878 2353 ,
2904 2289 3099 2345 Utrum
3126 2286 3481 2358 prudentiora
3509 2284 3619 2338 sint

2042 2385 2343 2449 terrestria,
2381 2400 2451 2438 an
2499 2381 2791 2454 aquatilia;
2822 2387 2874 2434 et
2905 2377 3114 2432 Plinius
3147 2376 3274 2430 libr.
3311 2391 3366 2428 ix
3393 2415 3408 2441 ,
3445 2372 3613 2441 capit.

2043 2478 2130 2533 5i.
2185 2475 2423 2530 Tradunt
2467 2473 2724 2529 saevitiam
2765 2470 2930 2522 maris
2969 2467 3255 2537 prwsagire
3298 2481 3408 2530 eos,
3445 2479 3620 2516 corre-

2041 2570 2243 2639 ptisque
2284 2567 2492 2636 operari
2518 2563 2736 2632 lapillis,
2796 2560 3145 2616 mobilitatem
3192 2556 3420 2626 pondere
3454 2555 3621 2609 stabio

2044 2658 2244 2712 lientes.
2271 2655 2475 2711 Nolunt
2506 2654 2827 2709 volutatione
2848 2652 3027 2720 spinas
3059 2657 3283 2704 atterere
3320 2645 3499 2717 :quod
3529 2645 3619 2698 ubi

2042 2749 2215 2805 videre
2235 2747 2656 2811 nautici,statim
2686 2743 2927 2814 pluribus
2958 2740 3201 2795 anchoris
3225 2738 3435 2809 navigia
3453 2734 3617 2805 infre-

2043 2852 2192 2898 nant.
2210 2841 2509 2913 Oppianus,
2551 2840 2882 2900 Ἀλιευτικ.,
2910 2834 3036 2889 libr.
3077 2848 3116 2888 ιι
3141 2848 3154 2884 :

2047 2938 2222 2989 Ἔστι
2251 2935 2346 2988 καὶ
2379 2934 2731 3002 ὀξυκόμοισι
2760 2932 2920 3002 νόος,
2946 2928 3043 2982 καὶ
3066 2922 3537 3002 μιῖτιςᾼέχίιςοιςν

2048 3006 2114 3058 Οἵ
2145 3006 2192 3058 τ’
2221 2993 2456 3074 avem
2483 2993 2653 3074 ῑσὰσι
2670 3002 2835 3074 βίας,
2850 2993 3127 3074 (opererio
3146 3012 3209 3048 τε
3231 2993 3491 3074 θυέλλας

2057 3064 2437 3144 Ὀρνυμέιῖας,
2471 3064 2710 3127 νώτοισι
2745 3064 2805 3124 δ”
2831 3064 3253 3144 ἀνρχλίζορσιν
3292 3064 3548 3144 ἕκαστος

2047 3132 2759 3211 Λᾶανξὸσοιῖβαρύθοντα
2787 3140 2919 3208 περὶ
2938 3132 3322 3211 σφετέροισιν
3332 3132 3623 3211 ἀκάνθαις

2059 3203 2324 3282 Ῥηϊδίως
2351 3203 2641 3283 φορέοιεν,
2671 3212 2758 3266 ἵν’
2788 3203 2963 3283 (inda
2983 3203 3254 3283 ῗκύμὰῖος
3290 3203 3443 3283 δέ)μῇ

2049 3274 2389 3354 Βρίθόμεθὸι
2413 3274 2694 3353 μίμνωσι.
2745 3281 2815 3335 Τὸ
2853 3281 2964 3354 γὰρ
2987 3274 3304 3354 τρομέουσι
3329 3274 3619 3354 μάλιστα,

2044 3343 2142 3425 Μὴ
2162 3343 2325 3426 052a;-
2341 3343 2440 3407 ἐπὶ
2465 3343 2718 3422 ᾗόνεσσι
2748 3343 3102 3420 κυκώμενον
3115 3343 3289 3415 οἶδμα
3325 3345 3616 3411 κυλίσσῃ.

2116 3465 2277 3531 Ibid.,
2315 3465 2413 3520 lin.
2456 3464 2542 3518 Π.
2585 3463 2647 3517 '0
2677 3461 2744 3516 δὲ
2771 3460 3108 3525 πολύπους.
3156 3456 3415 3520 Basilius,
3467 3455 3616 3510 hom.

2045 3559 2076 3613 7
2109 3576 2122 3611 :
2156 3558 2267 3612 Οὐκ
2311 3555 2378 3611 ἂν
2437 3554 2765 3628 παρέλθοιμι
2811 3551 2873 3605 τὸ
2914 3550 3009 3605 τοῦ
3058 3548 3355 3612 πολύποδος
3383 3547 3619 3619 δολερὸν,

2046 3650 2140 3704 καὶ¹
2165 3649 2476 3714 ἐπίκλοπον,
2504 3647 2562 3712 ὃς
2590 3646 2753 3716 ὁποίᾳ
2782 3646 2899 3698 ποτ’
2924 3642 2989 3697 ἂν
3014 3641 3273 3696 ἐκάστοτε
3306 3639 3481 3712 πέτρᾳ
3509 3656 3622 3691 πε·-

2048 3743 2304 3816 ριπλακῇ,
2334 3740 2433 3813 τὴν
2478 3741 2692 3812 ἐκείνης
2742 3736 3038 3808 ὑπέρχεται
3088 3734 3285 3806 χρόαν·
3327 3732 3466 3785 ὥστε
3495 3730 3621 3793 τοὺς

2045 3835 2273 3899 πολλοὺς
2306 3833 2414 3887 τῶν
2455 3832 2650 3904 ἰχθύων
2686 3829 3006 3902 ἀπροόπτως
3035 3825 3367 3899 νηχομένους
3398 3823 3476 3894 τῷ
3524 3840 3620 3875 πο-

2044 3922 2232 3977 λύποδι
2268 3922 2636 3994 περιπίπτειν,
2667 3920 2743 3983 ὡς
2777 3921 2843 3989 τῇ
2886 3918 3059 3989 πέτρᾳ
3077 3915 3255 3986 δῆθεν,
3284 3917 3378 3968 καὶ
3406 3914 3620 3984 ἕτοιμον

2043 4012 2284 4082 γίνεσθαι
2318 4011 2540 4083 θήραμα
2560 4010 2640 4081 τῷ
2670 4008 2978 4080 πανούργῳ.
3004 4005 3335 4078 Polypodem
3370 4005 3436 4059 ad
3466 4006 3620 4060 simi-

2042 4103 2325 4158 litudinem
2352 4103 2460 4159 loci
2489 4103 2729 4158 colorem
2758 4106 2971 4155 mutare
2996 4113 3121 4152 cum
3154 4095 3346 4153 iisdem
3370 4095 3620 4151 scribunt

2044 4193 2385 4259 Aristoteles,
2433 4193 2512 4247 De
2574 4191 2760 4245 histor.
2813 4188 3060 4251 animal.,
3091 4187 3219 4241 libr.
3262 4204 3337 4251 ix,
3371 4202 3495 4257 cap.
3525 4187 3617 4250 57;

2043 4284 2390 4349 Plutarchus,
2429 4284 2633 4351 Qucest.
2665 4294 2841 4337 natur.
2868 4282 2967 4348 l9;
2988 4279 3216 4345 Plinius,
3250 4280 3376 4334 libr.
3397 4295 3475 4346 ιιι,
3493 4294 3618 4349 cap.

2044 4376 2145 4445 29;
2174 4368 2328 4432 Philo
2362 4377 2501 4445 Περὶ
2523 4375 2711 4446 μέθης
2729 4391 2742 4404 ·
2767 4373 3163 4440 Nazianzenus,
3190 4372 3338 4426 hom.
3366 4382 3421 4427 et
3444 4386 3616 4426 carm.

2044 4470 2141 4533 Εἰς
2173 4469 2370 4523 αὐτόν’
2408 4468 2662 4525 Clemens
2705 4467 3126 4532 Alexandrinus,
3174 4466 3269 4520 lib.
3317 4481 3379 4519 ιιι
3425 4463 3621 4519 Ριεάα-

2042 4561 2180 4631 gogi,
2204 4561 2371 4631 capit.
2406 4561 2493 4621 il;
2515 4559 2790 4615 Lucianus
2813 4599 2829 4624 ,
2858 4559 2936 4612 De
2969 4559 3290 4621 saltatione;
3311 4566 3365 4612 et
3394 4554 3618 4626 Dialogo

2044 4652 2272 4708 Henelai
2324 4664 2375 4708 et
2435 4652 2655 4718 Protei;
2713 4651 3056 4714 Ambrosius,
3099 4651 3195 4706 lib.
3249 4666 3284 4704 ν
3336 4647 3616 4712 Ηεαεαεηιη

2041 4745 2204 4815 capit.
2251 4745 2314 4814 8;
2366 4744 2617 4811 Nonnus,
2667 4745 3044 4816 Dionysiacon.
3096 4745 3305 4814 primo;
3341 4741 3618 4806 Elianus,

2051 4836 2263 4891 Variar.
2303 4836 2489 4892 histor.
2537 4838 2661 4893 libr.
2710 4853 2750 4896 ι.
2800 4836 2965 4906 capit.
3007 4836 3066 4902 ι;
3102 4834 3255 4891 Phile
3288 4835 3343 4889 in
3381 4832 3615 4898 lambis;

2042 4927 2321 5000 Oppianus
2350 4930 2599 4984 'AJtevt.
2634 4946 2695 4992 ιι,
2720 4928 3044 4999 Phocylidcs
3078 4947 3091 4982 :

2040 5020 2193 5088 Μήδ’
2234 5022 2315 5088 ὡς
2355 5019 2696 5091 nespas:th
2728 5021 3042 5084 πολύπους
3066 5021 3214 5074 κατὰ
3243 5018 3438 5090 χῶρον
3455 5020 3618 5091 ἀμεί-

2042 5159 2241 5215 Πᾶσιν
2268 5160 2321 5214 δ’
2348 5159 2576 5228 ἄπλοος
2605 5160 2747 5226 ἴσθι,
2770 5159 2844 5215 τὰ
2863 5161 2914 5213 δ’
2937 5161 3004 5214 ἐκ
3036 5161 3243 5231 ψυχῆς
3277 5090 3614 5231 ἀγόρεέιῖῗω

2042 5254 2134 5309 Ion
2166 5252 2308 5323 apud
2362 5252 2713 5308 Athenaeum:
2747 5253 2855 5308 Καὶ
2887 5253 2993 5307 τὸν
3033 5254 3313 5322 πετραῖον
3355 5250 3615 5307 πλεκτά-

2040 5359 2178 5408 ναις
2222 5341 2502 5412 ἀναίμοσι
2548 5342 2747 5411 στυγῶ
2780 5342 3241 5412 μεταλλακτῆρα
3300 5342 3616 5395 πολύπουν

2040 5433 2241 5503 χροός.
2265 5429 2590 5491 Plutarchus
2613 5448 2677 5488 ex
2703 5432 3037 5504 Theognidc,
3057 5434 3195 5501 Περὶ
3214 5433 3579 5500 πολυφιλίας
3597 5450 3612 5464 ·

2045 5524 2480 5595 Theophrastus,
2520 5525 2617 5580 lib.
2654 5526 2792 5594 Περὶ
2832 5524 2953 5578 τῶν
2979 5525 3479 5594 μεταϐαλλόντων
3507 5521 3614 5589 τὰς

2041 5620 2227 5687 χρόας
2246 5635 2260 5648 θ
2286 5617 2477 5673 Petrus
2504 5617 2817 5684 Dumianus,
2850 5617 2973 5670 libr.
2994 5631 3051 5677 ιι,
3073 5617 3226 5684 epist.
3264 5614 3327 5669 18
3350 5613 3614 5669 :Ludovi-

2042 5726 2142 5767 cus
2168 5709 2476 5774 Fidelis,l)e
2507 5719 2693 5767 struet.
2731 5706 2934 5772 mund.,
2970 5707 3091 5761 libr.
3117 5722 3191 5775 vr,
3227 5721 3347 5777 cap.
3387 5706 3419 5763 5
3442 5705 3611 5773 ;.Ovi~

2044 5803 2167 5860 dius
2193 5801 2430 5859 Halieut.
