4064 6290
573 311 679 363 εἷῖὄ

575 427 638 495 ιιι
676 434 862 478 contra
891 427 1118 495 scopulis
1145 425 1337 480 crinali
1365 443 1576 495 corpore
1611 428 1780 494 segnis

573 493 804 566 Polypus
829 496 1006 558 lueret,
1022 505 1077 566 ct
1100 493 1196 547 hac
1216 497 1380 549 eludit
1410 493 1541 552 retia
1572 493 1781 566 fraude,

573 564 640 616 I'It
665 565 759 617 sub
797 565 1028 636 legeqloci
1055 567 1237 628 sumit,
1267 576 1536 636 mutatque
1561 564 1786 621 colorem

573 636 784 708 Semper
811 635 858 686 ei
879 634 1068 708 similis
1092 651 1249 708 quam
1273 634 1510 708 contigit,
1540 651 1691 707 atque
1709 639 1798 690 ubi
1828 640 2062 708 prcedam

576 701 889 778 Pendentem
913 704 1036 758 setis
1079 701 1261 778 acidus
1290 701 1446 771 rapit,
1478 707 1561 758 hic
1599 701 1799 778 quoque
1828 701 1838 708 ’
1849 710 1996 778 fallit

574 773 726 825 Islato
753 772 957 826 calamo
983 790 1100 826 cum
1140 775 1345 828 demum
1376 772 1620 830 emersus
1640 777 1693 829 in
1713 772 1887 833 auras

567 841 796 896 Brachia
821 843 1082 910 dissolvit,
1107 845 1514 916 populatumquc
1537 848 1743 915 exspuit
1773 849 2008 904 hamum.

506 999 508 1002 .
568 955 703 1010 Hinc
715 966 841 1011 nata
858 959 1044 1029 adagia
1064 959 1312 1029 Polypus,
1331 959 1517 1030 Potypi
1531 961 1902 1031 caput-,Polypi
1915 973 2133 1017 mentem

567 1047 842 1115 obtinere;
879 1051 1105 1105 consule
1125 1051 1437 1121 adagiornm
1467 1052 1806 1108 collectores.
1838 1053 1947 1109 Nec
1963 1055 2132 1110 silen-

565 1140 694 1194 dum
726 1147 811 1195 est
865 1141 1162 1198 multorum
1187 1141 1356 1198 fuisse
1379 1144 1710 1212 opinionem,
1742 1145 1969 1216 polypos
1998 1147 2135 1218 seip-

567 1248 680 1296 sos,
713 1233 797 1288 vel
829 1232 1012 1302 pedes,
1043 1235 1128 1289 vel
1160 1236 1387 1306 cyrrhos
1421 1234 1562 1290 fame
1595 1245 1815 1293 coactos
1847 1239 2136 1295 absumere

566 1325 829 1380 rodendo.
871 1324 1159 1392 Hesiodus,
1191 1327 1286 1382 lib.
1332 1343 1369 1390 ι,
1406 1329 1528 1381 ⁰Οτ’
1560 1330 1849 1397 ἀνόστεος
1877 1332 1952 1386 ὃν
1977 1332 2135 1386 πόδα

564 1417 754 1471 τένδει
777 1433 795 1480 ;
821 1416 1130 1474 Carneades
1150 1419 1289 1489 apud
1321 1420 1591 1476 Stobaeum
1613 1423 1747 1494 Περὶ
1766 1425 2130 1495 γραμμάτων

567 1509 883 1580 Καρνεάδης
910 1511 1006 1580 τὴν
1027 1510 1365 1583 διαλεκτικὴν
1394 1513 1543 1582 ἔλεγε
1577 1514 1832 1567 πολύποδι
1865 1516 2098 1570 ἐοικέναι
2116 1531 2128 1544 ·

565 1600 660 1652 καὶ
703 1599 812 1671 γὰρ
871 1602 1072 1653 ἐκεῖνον
1119 1601 1439 1673 αὐξηθείσας
1506 1604 1604 1668 τὰς
1646 1605 1945 1668 πλεκτάνας
1999 1623 2133 1659 κατ-

566 1690 788 1756 εσοίειν,
817 1693 913 1745 καὶ
941 1693 1157 1758 τούτους
1184 1696 1475 1766 προϊούσης
1492 1697 1588 1766 τῆς
1618 1698 1913 1769 δυνάμεως,
1948 1698 2040 1751 καὶ
2067 1697 2135 1751 τὰ

1911 310 2155 368 LEONIS
2192 315 2467 370 ALLATII

2157 463 2201 518 Α
2233 442 2288 486 ει
2315 432 2560 498 inferius,
2595 431 2847 488 Echeneis
2884 449 3004 504 ergo
3038 432 3150 503 ﬁgit
3183 432 3237 486 in
3263 429 3529 501 ﬂuctibus.
3553 419 3808 483 Isidorus

3694 315 3812 371 884

2234 525 2328 580 lib.
2370 541 2431 589 ιι,
2461 541 2580 595 cap.
2634 525 2691 590 2,
2750 525 3024 590 Echeneis,
3071 524 3266 594 inquit,
3300 537 3493 593 parvus
3543 529 3593 574 et
3635 520 3808 573 senti-

2231 616 2432 685 pedalis
2464 617 2745 686 pisciculus
2777 633 2960 672 nomen
2999 616 3220 683 sumpsit
3252 613 3387 684 quod
3407 628 3589 666 nauem
3614 607 3806 664 adlue-

2233 707 2391 761 rendo
2422 709 2666 763 retineat.
2689 707 2863 762 Ruunt
2891 709 3007 761 licet
3025 707 3185 769 venti,
3203 715 3252 759 et
3276 704 3494 759 steviant
3525 702 3805 771 procellis,

2233 800 2378 852 navis
2408 809 2580 854 tamen
2627 802 2778 870 quasi
2821 799 3068 853 radicata
3108 799 3164 852 in
3205 797 3344 850 mari
3382 805 3522 850 stare
3568 793 3803 860 videtur,

2233 905 2325 941 nec
2366 891 2582 953 moueri,
2613 906 2713 943 non
2751 889 3040 949 retinendo.
3086 887 3175 942 sed
3216 895 3420 940 tantum
3458 883 3804 939 adhterendo.

2238 970 2392 1026 Hunc
2419 972 2596 1027 Latini
2624 990 2826 1027 moram
2857 973 3207 1044 appellarunt,
3235 989 3294 1026 eo
3315 971 3451 1042 quod
3478 979 3617 1024 stare
3643 980 3804 1039 cogat

2235 1065 2462 1134 navigia.
2483 1064 2712 1128 Plinius,
2742 1065 2836 1121 lib.
2861 1079 2938 1130 lx,
2967 1080 3086 1134 cap.
3113 1063 3205 1128 25,
3232 1062 3371 1116 idem
3402 1061 3708 1125 conﬁrmat,
3744 1067 3803 1114 et

2236 1155 2330 1210 lib.
2364 1173 2536 1220 xxxu,
2569 1172 2688 1226 cap.
2720 1158 2746 1211 1
2772 1177 2785 1210 :
2826 1157 3020 1211 Tamen
3046 1159 3223 1210 omnia
3251 1156 3361 1210 Itwc
3388 1157 3681 1226 pariterque
3704 1169 3804 1206 eo-

2233 1248 2348 1302 dem
2372 1248 2712 1317 impellentia,
2735 1265 2796 1302 ac
2823 1264 3012 1317 parvus
3035 1247 3315 1301 admodum
3334 1247 3617 1316 pisciculus
3646 1245 3804 1300 eche-

2233 1343 2342 1394 neis
2374 1339 2691 1410 appellatus,
2721 1341 2775 1394 in
2806 1357 2859 1395 se
2888 1348 3044 1395 tenet.
3069 1339 3246 1394 Ruant
3275 1342 3410 1394 venti
3439 1341 3580 1403 licet,
3609 1348 3659 1393 et
3692 1355 3800 1392 sa:-

2234 1434 2374 1487 viant
2397 1433 2658 1502 procellae,
2701 1435 2916 1503 imperat
2952 1432 3140 1502 furori,
3170 1434 3402 1502 viresque
3434 1440 3612 1486 tantas
3651 1447 3802 1483 com-

2232 1526 2416 1594 pescit,
2443 1534 2491 1579 et
2513 1527 2650 1596 cogit
2673 1535 2814 1580 stare
2841 1526 3046 1596 navigia
3068 1541 3086 1578 :
3113 1523 3248 1594 quod
3289 1541 3390 1578 non
3423 1523 3630 1577 vincula
3657 1522 3794 1587 ulla,

2235 1634 2336 1671 non
2377 1617 2622 1673 anchora:
2669 1617 2892 1688 pondere
2951 1616 3280 1670 irrevocabili
3315 1615 3501 1684 jactw.
3551 1613 3798 1681 Infrenat

2234 1708 2477 1777 impetus,
2513 1721 2561 1764 et
2602 1710 2783 1764 domat
2825 1710 3006 1763 mundi
3047 1708 3239 1761 rabiem
3279 1707 3424 1761 nullo
3455 1724 3549 1760 suo
3596 1705 3794 1769 labore,

569 1783 783 1855 σφέτερ’
812 1786 1152 1855 ἀνατρέπειν.
1184 1789 1416 1843 Alcaeus
1447 1789 1652 1842 Ἐδωδα
1679 1789 1910 1859 ἐμαυτὸν
1929 1789 2002 1853 ὡς
2037 1807 2120 1844 πο-

2231 1820 2333 1858 non
2363 1801 2650 1870 retinendo,
2684 1811 2774 1856 aut
2800 1803 2904 1855 alio
2932 1799 3104 1864 modo,
3126 1816 3281 1869 quam
3307 1799 3641 1854 adhcerendo.
3664 1798 3795 1851 Παῖς

567 1875 787 1941 λύπους.
815 1875 1091 1947 Oppianus
1119 1881 1369 1933 Ἀλιευτ.
1391 1895 1463 1948 ιι;
1513 1879 1848 1952 Rhodiginus
1883 1882 1975 1939 lib.
2007 1897 2127 1947 xm,

568 1983 687 2038 cap.
724 1968 810 2024 52.
844 1968 958 2024 Hoc
990 1970 1129 2025 idem
1157 1972 1405 2026 scribunt
1446 1973 1757 2037 Athenaeus,
1798 1972 1998 2041 Herus,
2022 1973 2130 2027 Eu-

568 2061 824 2124 stathius,
863 2060 1184 2133 Hesychius,
1226 2062 1422 2118 Suidas
1455 2072 1508 2119 et
1533 2065 1645 2120 alii.
1679 2065 1884 2136 Negant
1921 2066 2132 2122 Aristo-

566 2152 701 2207 teles
749 2153 870 2207 libr.
905 2169 1024 2220 νιιι,
1076 2155 1242 2224 capit.
1290 2156 1345 2219 2,
1396 2154 1474 2210 De
1516 2155 1701 2210 histor.
1738 2159 1926 2225 anim.,
1979 2161 2040 2211 Οἱ
2073 2157 2128 2211 δὲ

564 2242 788 2314 γόγγροι
819 2245 945 2308 τοὺς
995 2244 1298 2310 πολύποδας
1338 2245 1746 2303 κατεσθίωσιν
1789 2256 1842 2302 ει
1879 2265 2025 2312 mox,
2065 2251 2130 2302 Ὃ

562 2334 618 2388 δὲ
644 2335 860 2405 λέγουσι
879 2356 1041 2403 τινες,
1063 2341 1139 2404 ὡς
1165 2340 1320 2393 αὐτὸ(
1345 2340 1504 2392 αὑτὸν
1526 2339 1725 2404 ἐσθίει,
1746 2339 1936 2408 ψεῦδός
1961 2343 2125 2394 ἐστιν.

577 2426 734 2480 Ἀλλὰ
744 2445 810 2480 πε
817 2428 1056 2499 ριεδηδεσ
1063 2432 1225 2502 μένας
1236 2431 1358 2502 ἔχου
1365 2450 1446 2485 σιν
1461 2431 1588 2484 ἔνιοι
1604 2431 1702 2495 τὰς
1713 2432 2011 2497 πλεκτάνας
2027 2433 2130 2486 ὑπὸ

562 2515 670 2569 τῶν
703 2517 972 2590 γόγγρων.
1007 2519 1332 2576 Plutarchus
1362 2520 1607 2592 Dialogo,
1658 2520 1849 2576 Utrum
1886 2524 2127 2592 pruden-

565 2609 704 2663 tiora
735 2610 864 2674 sint,
892 2620 1024 2675 etc.,
1052 2614 1314 2684 acongris
1335 2623 1388 2668 et
1418 2612 1674 2668 muraenis
1698 2614 1888 2672 scribit
1915 2615 2128 2672 cirrhos

563 2703 828 2756 consumi.
852 2701 1084 2770 Plinius,
1116 2705 1236 2762 libr.
1266 2721 1338 2766 Ix,
1363 2706 1527 2775 capit.
1557 2705 1627 2760 29
1659 2724 1671 2758 :
1697 2703 1878 2773 Ipsum
1914 2705 2128 2761 brachia

563 2807 661 2844 sua
696 2793 872 2848 rodere
895 2794 1036 2864 falsa
1068 2797 1240 2863 opinio
1265 2805 1361 2849 est.
1396 2794 1461 2848 Id
1496 2797 1632 2849 enim
1661 2812 1693 2849 a
1722 2797 1929 2866 congris
1958 2798 2126 2851 evenit

562 2880 610 2932 ei
625 2895 647 2942 ξ
674 2881 762 2935 sed
792 2887 996 2939 renasci
1022 2887 1157 2940 sicut
1183 2885 1387 2950 colatis,
1410 2893 1459 2938 et
1488 2884 1696 2939 lacertis
1717 2885 1960 2952 caudam,
1985 2885 2126 2939 haud

563 2981 780 3047 falsum.

631 3072 790 3137 l'bid.,
816 3072 915 3128 lin.
938 3071 1027 3126 20.
1057 3071 1425 3139 Μικρότατον
1449 3070 1517 3124 δὲ
1543 3070 1618 3140 τῇ
1641 3073 1840 3141 φύσει.
1866 3070 2121 3134 Basilius,

560 3165 709 3222 hom.
741 3165 772 3219 Ἰ
793 3182 808 3218 :
833 3163 958 3216 Ἐὰν
985 3163 1042 3216 δὲ
1063 3162 1318 3234 ἀκούσῃς,
1349 3163 1429 3215 ὅτι
1448 3161 1516 3215 τὰ
1542 3163 1769 3233 μέγιστα
1789 3163 1896 3216 τῶν
1927 3162 2122 3215 πλοίων

552 3255 896 3328 ὴπλωμένοις
934 3256 1120 3318 ἱστίοις
1159 3255 1216 3319 ἐξ
1240 3255 1428 3326 οὐρίας
1463 3256 1736 3326 φερόμενα
1760 3255 1820 3307 τὸ
1862 3255 2122 3326 μικρότα-

555 3364 648 3400 τον
683 3346 913 3416 ἰχθύδιον
959 3347 992 3416 ἡ
1042 3343 1251 3415 ἐχενηῒς
1289 3344 1428 3397 οὕτω
1471 3345 1666 3417 ῥᾳδίως
1711 3345 1941 3415 ἵστησιν,
1983 3343 2122 3396 ὥστε

556 3440 810 3512 ἀκίνητον
835 3440 928 3493 ἐπὶ
957 3439 1204 3491 πλεῖστον
1233 3437 1544 3506 φυλάσσειν.
1575 3437 1762 3510 ὥσπερ
1791 3437 2124 3509 καταρριζω-

557 3531 647 3584 etv
681 3534 736 3586 ὲν
763 3530 909 3602 αὐτῷ
949 3530 1028 3601 τῷ
1061 3529 1312 3598 πελάγει·
1345 3525 1433 3600 ἆρ’
1463 3529 1583 3599 οὐχὶ
1628 3530 1718 3582 καὶ
1747 3530 1802 3582 ὲν
1834 3529 1911 3600 τῷ
1945 3527 2122 3600 μικρῷ

553 3625 728 3694 τούτῳ
773 3625 872 3694 τὴν
901 3623 1067 3694 αὐτὴν
1095 3622 1193 3694 τῆς
1225 3623 1319 3675 τοῦ
1365 3622 1646 3685 κτίσαντος
1674 3622 1952 3692 δυνάμεως
1981 3621 2120 3691 λαμ-

556 3717 739 3782 ϐάνεις
769 3716 1067 3782 ἀπόδειξιν;
1098 3714 1343 3779 Nonnus,
1382 3715 1597 3786 Dionys.
1625 3713 1685 3766 2|
1721 3734 1733 3768 :

560 3833 818 3897 Ἕκλυες
846 3832 1119 3898 εἰναλίην
1147 3830 1445 3899 ἐχενηΐδα,
1471 3829 1596 3895 πῶς
1627 3829 1718 3882 ἐνὶ
1746 3829 1942 3899 πόντῳ

567 3903 762 3970 Ἰχθὺς
789 3902 987 3968 βαιὸς,
1028 3898 1273 3970 ἅναγκις
1298 3899 1552 3970 ἐπέχραε
1575 3898 1831 3970 πολλάκι
1848 3900 2091 3964 ναύταις

556 3968 670 4038 Ἆῤ
693 3971 1110 4039 ἀνασειράζων.
1151 3968 1358 4038 Ὀλίγῳ
1386 3968 1436 4021 δ’
1462 3970 1581 4023 ὑπὸ
1607 3968 1863 4039 χάσματι
1902 3968 2119 4039 λαιμοῦ

552 4037 914 4108 Μήκεδανὴνῖ
935 4041 1193 4109 ἁνέκοψε
1226 4037 1612 4108 κατάσχετον
1634 4038 1859 4093 ὁλκάδα
1897 4037 2114 4106 δεσμῷ.

628 4154 822 4210 Eadem
857 4155 1131 4225 eleganter
1147 4161 1201 4208 et
1217 4154 1434 4224 copiose
1449 4152 1728 4224 Oppianus
1754 4153 1991 4207 Ἁλιευτ.
2022 4153 2113 4207 lib.

553 4265 570 4302 I
597 4264 612 4313 ;
647 4253 700 4301 et
729 4243 1114 4309 Luca-nus,lib.
1146 4260 1196 4298 vn
1232 4263 1244 4297 :

554 4357 678 4412 Non
706 4357 916 4426 puppim
950 4356 1173 4409 renitens
1202 4371 1326 4426 euro
1352 4353 1588 4408 tendente
1633 4354 1874 4408 rudentes

551 4429 620 4483 In
655 4425 841 4481 mediis
876 4426 1105 4480 echeneis
1131 4425 1301 4495 aquis.

615 4518 841 4576 Ovidius
877 4536 893 4573 :

552 4627 726 4682 Parva
755 4627 985 4682 echeneis
1015 4624 1183 4692 adest,
1215 4624 1430 4689 mirum,
1457 4639 1606 4677 mora
1636 4623 1891 4693 puppibus
1913 4625 2112 4693 ingens.

547 4746 694 4800 idem
719 4742 908 4801 scribit
949 4740 1299 4803 Plutarchus,
1340 4755 1379 4794 ιι
1424 4738 1667 4809 Sympos.
1703 4745 1897 4809 quaest.
1933 4739 1963 4792 7
1992 4745 2046 4794 ει
2076 4756 2112 4794 ιι

549 4837 813 4910 problem.
855 4841 1048 4905 qumst.
1099 4834 1158 4898 7;
1206 4831 1550 4892 Ambrosius,
1597 4830 1696 4887 lib.
1731 4847 1783 4896 v,
1831 4829 2110 4893 Hexaem.,

547 4946 669 5001 cap.
704 4929 805 4994 10;
833 4926 1159 4981 Franciscus
1206 4923 1522 4988 Petrarcha,
1571 4922 1806 4993 praelat.,
1841 4923 1935 4979 lib.
1964 4939 2002 4983 ιι
2035 4922 2111 4977 De

548 5020 742 5077 remed.
779 5028 887 5071 utr.
914 5017 1067 5086 [ω’ιά
1101 5015 1271 5070 Lilius
1301 5013 1579 5077 Giraldus,
1615 5013 1694 5067 De
1722 5013 1966 5083 navigiis,
1986 5028 2104 5083 cap.

545 5113 614 5178 5;
647 5107 884 5164 Joannes
915 5104 1222 5161 Sambucus
1251 5104 1514 5161 Emblem.
1541 5103 1676 5172 205;
1704 5102 1857 5158 Phile
1881 5104 1936 5158 in
1962 5103 2110 5157 Iam-

546 5199 623 5253 bis
670 5215 764 5254 eas
810 5197 1119 5268 ναυκράτας
1164 5198 1396 5252 vocavit.
1455 5195 1698 5251 Meminit
1744 5193 2109 5250 Cassiodorus

544 5291 640 5347 lib.
669 5307 683 5344 ι
739 5290 865 5344 Var.
898 5287 1258 5342 Echeneidem
1293 5303 1552 5342 remoram
1581 5286 1758 5342 Latini
1803 5292 2105 5353 vocarunt;

543 5383 797 5438 Afranius
827 5387 878 5438 et
906 5381 1128 5434 Plautus
1157 5379 1300 5450 apud
1348 5378 1564 5434 Festum
1596 5380 1985 5449 remaliginem;
2008 5378 2108 5434 Pe-

545 5487 662 5532 trus
692 5475 1007 5536 Damianus,
1035 5473 1130 5528 lib.
1155 5489 1217 5540 ιι,
1245 5472 1408 5542 epist.
1445 5472 1533 5537 18,
1578 5473 1922 5538 echeneidem,
1969 5473 2107 5528 echi-

543 5583 669 5621 nam
691 5578 868 5633 vocat,
901 5565 1043 5637 quod
1078 5575 1207 5637 puto
1233 5565 1449 5622 incuria
1494 5566 1844 5634 scriptorum,
1871 5575 1925 5620 et
1949 5566 2106 5621 simi-

544 5657 772 5714 litudine
814 5659 1054 5714 nominis
1099 5657 1149 5712 id
1183 5656 1481 5724 accidisse;
1529 5672 1658 5728 ergo
1690 5656 1952 5712 Damiano
1980 5671 2105 5726 pro-

544 5747 743 5821 prium,
770 5761 820 5806 et
849 5752 1136 5818 scribatur,
1165 5750 1319 5818 Quod
1333 5750 1562 5806 echeneis
1585 5750 1741 5805 etiam
1769 5749 1951 5815 brevis,
1972 5757 2098 5816 etc.,

2234 1894 2449 1950 tantilla
2479 1905 2554 1948 est
2589 1897 2720 1949 satis
2751 1905 2934 1948 contra
2958 1901 3032 1947 tot
3059 1893 3279 1961 impetus
3311 1901 3366 1945 ut
3413 1899 3542 1944 vetet
3590 1892 3663 1944 ire
3694 1907 3793 1943 na-

2232 1989 2387 2058 uigia.
2439 1985 2541 2041 Sed
2584 1997 2806 2040 armata?
2849 1986 3043 2040 classes
3093 1986 3361 2055 imponunt
3405 1983 3505 2037 sibi
3561 1985 3788 2037 turrium

2229 2078 2622 2149 propugnacula
2660 2087 2717 2130 ut
2756 2079 2810 2131 in
2865 2079 3003 2130 mari
3053 2093 3252 2148 quoque
3291 2083 3545 2146 pugnetur
3587 2076 3724 2129 velut
3761 2093 3788 2130 e

2231 2173 2416 2227 muris.
2455 2171 2608 2225 Heu!
2645 2173 2851 2226 vanitas
2881 2172 3130 2233 humana,
3175 2186 3291 2223 cum
3322 2178 3522 2223 rostra
3546 2169 3643 2222 illa
3689 2185 3791 2223 aere

2231 2264 2468 2334 ferroque
2497 2264 2565 2318 ad
2581 2266 2712 2317 ictus
2745 2272 2974 2327 armata,
3000 2261 3328 2332 semipedalis
3358 2261 3587 2315 inhibere
3603 2262 3783 2331 possit,

2231 2373 2293 2409 ac
2319 2366 2488 2410 tenere
2509 2358 2742 2410 devincta
2770 2354 3050 2423 pisciculu’s
3073 2355 3092 2408 !
3113 2355 3355 2410 Isidorus
3385 2355 3566 2425 itaque
3597 2371 3694 2409 sua
3723 2369 3787 2408 ex

2228 2446 2492 2505 Plinianis
2523 2449 2672 2504 hisce
2694 2455 2972 2503 mutuatus
3001 2454 3103 2511 est,
3129 2447 3231 2500 etsi
3265 2447 3437 2502 mavis
3459 2446 3783 2515 compilavit,

2228 2552 2336 2591 non
2367 2553 2429 2592 ex
2459 2537 2764 2602 Ambrosio,
2791 2545 2848 2592 ut
2875 2535 3257 2591 animadvertit
3290 2533 3687 2589 Rittershusius
3731 2535 3788 2587 in

2233 2628 2462 2699 Oppiani
2491 2629 2730 2683 Ἀλιευτ.
2759 2629 2852 2682 lib.
2883 2645 2920 2683 1.
2945 2626 3138 2681 Subdit
3158 2626 3368 2680 Plinius
3381 2625 3592 2690 Attiaco
3619 2631 3786 2678 marte

2229 2720 2536 2790 praetoriam
2551 2734 2739 2774 navem
2763 2717 2983 2773 Antonii
3006 2717 3329 2787 pisciculum
3346 2717 3492 2771 hunc
3506 2716 3746 2771 tenuisse
3768 2731 3782 2766 :

2227 2817 2280 2865 et
2315 2824 2412 2864 sua
2442 2809 2701 2864 memoria
2746 2809 2863 2864 Caii
2913 2808 3177 2878 principis
3225 2807 3292 2860 ab
3322 2806 3524 2862 Astura
3569 2807 3784 2861 Antium

2226 2901 2546 2971 remigantis
2579 2919 2592 2952 :
2626 2902 2728 2956 hoc
2755 2911 2808 2957 et
2839 2902 3192 2972 experientiis
3236 2910 3550 2957 nostrorum
3589 2908 3786 2970 tempo-

2226 3009 2346 3047 rum
2366 2994 2774 3064 comprobatum
2811 3001 2915 3048 εει.
2941 2990 3198 3047 Testatur
3217 2992 3518 3048 Guilelmus
3532 2991 3787 3046 Rondele-

2226 3085 2333 3140 tius
2351 3099 2409 3141 se.
2427 3086 2745 3155 cognovisse
2757 3087 3051 3150 triremem,
3070 3084 3126 3138 in
3141 3099 3244 3155 qua
3261 3083 3554 3140 cardinalis
3569 3081 3782 3153 quidam

2150 3148 2191 3203 θ
2227 3176 2562 3232 Turonensis
2601 3176 2828 3232 Romam
2861 3184 3050 3233 vectus
3072 3184 3181 3240 est,
3209 3175 3386 3230 medio
3413 3190 3573 3229 cursu
3600 3172 3778 3227 omni-

2225 3271 2328 3325 bus
2358 3269 2752 3326 admirantibus
2782 3271 3086 3325 inhibitam.
3144 3269 3210 3322 Et
3238 3283 3334 3338 ego
3359 3267 3486 3322 dum
3544 3265 3774 3321 Venetiis

2228 3376 2617 3424 commorarer,
2645 3362 2780 3416 alias
2803 3362 3042 3416 conchas
3065 3361 3199 3415 idem
3219 3360 3391 3413 valere
3415 3356 3766 3426 ejusdemque

2223 3467 2341 3509 esse
2380 3452 2634 3524 potentiae
2675 3452 3023 3523 deprehendi.
3058 3452 3188 3517 Quae
3227 3457 3278 3506 et
3307 3448 3460 3503 navis
3511 3448 3764 3517 impetum

2221 3545 2544 3615 impediunt,
2589 3554 2642 3600 et
2677 3560 2898 3599 cursum
2939 3545 3244 3614 segniorem
3291 3541 3544 3604 reddunt,
3592 3540 3639 3594 si
3681 3553 3772 3592 ca—

2221 3637 2355 3691 rinae
2375 3637 2461 3691 vel
2499 3637 2566 3691 iis
2598 3635 2844 3706 partibus
2874 3635 3099 3704 navigii,
3129 3649 3250 3704 quae
3277 3633 3435 3703 aquis
3471 3645 3662 3686 mersa:
3700 3629 3779 3682 la-

2221 3734 2336 3781 tent
2380 3726 2738 3796 applicentur,
2770 3725 2891 3781 ideo
2922 3725 3103 3780 nautis
3143 3725 3198 3778 in
3238 3738 3389 3778 more
3437 3721 3671 3792 positum
3699 3727 3779 3774 est

2220 3835 2312 3875 eas
2345 3834 2409 3875 ex
2439 3819 2545 3874 illis
2575 3818 2841 3889 partibus,
2876 3819 3004 3872 dum
3039 3816 3106 3870 ad
3130 3817 3233 3869 iter
3262 3814 3531 3885 agendum
3569 3827 3627 3867 se
3648 3827 3778 3880 pra:-

2220 3916 2432 3980 parant,
2455 3909 2756 3964 extrahere.
2793 3909 2851 3962 In
2893 3907 2998 3962 hoc
3027 3916 3211 3962 tamen
3247 3912 3456 3959 natum
3489 3917 3773 3964 consensu,

2220 4000 2460 4070 nullique
2483 3999 2646 4055 dubia
2672 4000 3002 4069 experientia
3021 3997 3240 4068 quidam
3262 4011 3385 4052 esse
3402 3995 3591 4050 volunt
3613 3995 3672 4047 οὺ
3688 4011 3776 4046 τα-

2219 4096 2512 4166 χυπειθείς,
2535 4104 2589 4150 ει
2622 4112 2685 4151 ea
2711 4111 2833 4166 quae
2865 4096 3103 4150 diximus
3135 4095 3213 4148 uti
3246 4093 3517 4158 fabulosa,
3554 4099 3608 4146 et
3633 4106 3775 4145 com-

2219 4186 2462 4240 mentitia
2493 4186 2772 4241 damnant.
2803 4188 2950 4241 Inter
2993 4201 3088 4242 eos
3119 4193 3202 4240 est
3230 4184 3494 4240 Gerartus
3545 4182 3770 4236 Falken-

2218 4277 2441 4346 burgius
2465 4277 2521 4331 in
2555 4278 2878 4333 lectionibus
2907 4284 2961 4331 et
2986 4277 3314 4346 conjecturis
3348 4275 3415 4328 ad
3439 4273 3618 4328 Nonni
3638 4272 3773 4344 Dio-

2218 4369 2400 4438 nysica
2425 4385 2443 4422 :
2475 4369 2675 4438 quibus
2719 4368 3004 4438 responsio
3034 4368 3089 4421 in
3131 4375 3384 4437 promptu
3417 4382 3483 4420 ex
3507 4364 3766 4436 Oppiano.

2149 4486 2192 4539 ι)
2224 4457 2365 4523 Quid
2395 4474 2525 4514 vero
2556 4460 2626 4514 sit
2648 4459 2762 4514 haec
2792 4459 3046 4514 echeneis
3073 4473 3192 4528 qua:
3222 4457 3526 4527 cogitstare
3544 4457 3771 4522 navigia,

2219 4558 2630 4605 controversum
2666 4551 2842 4605 adhuc
2868 4560 2970 4606 est.
3001 4549 3101 4615 Qui
3129 4549 3462 4619 temporibus
3492 4546 3609 4601 Caii
3632 4547 3769 4600 illam

2216 4641 2502 4706 viderunt,
2557 4642 2737 4697 limaci
2784 4656 2994 4712 magnae
3042 4641 3272 4696 similem
3324 4655 3446 4695 esse
3496 4638 3765 4692 dixerunt.

2215 4730 2520 4796 Mutianus,
2573 4734 2822 4787 muricem
2874 4749 2986 4786 esse
3034 4732 3275 4788 latiorem
3328 4747 3566 4800 purpura
3618 4745 3770 4800 neque

2214 4841 2396 4893 aspero
2419 4843 2578 4898 neque
2607 4828 2830 4881 rotundo
2852 4846 2958 4894 ore,
2985 4846 3144 4899 neque
3172 4830 3225 4881 in
3252 4827 3469 4897 angulos
3491 4826 3770 4893 prodeunte

2213 4926 2408 4982 rostro,
2440 4919 2529 4974 sed
2565 4920 2802 4989 simplice
2827 4921 3024 4974 concha
3053 4929 3272 4991 utroque
3301 4918 3463 4972 latere
3486 4933 3597 4972 sese
3619 4916 3766 4968 colli-

2210 5021 2394 5081 gente,
2417 5011 2686 5066 referente
2733 5011 2930 5067 Plinio.
2977 5012 3232 5066 Straboni
3278 5018 3363 5066 est
3394 5008 3614 5080 βδέλλας
3653 5007 3767 5062 aliis

2213 5103 2528 5172 pisciculus.
2551 5103 2837 5159 Cardanus
2864 5118 2972 5162 una
3005 5118 3129 5161 cum
3153 5102 3440 5172 torpedine
3461 5099 3763 5160 confundit,

2210 5198 2412 5266 aitque,
2438 5197 2718 5250 nominum
2742 5196 3120 5262 similitudine,
3153 5202 3206 5250 et
3231 5194 3456 5250 ell'ectus
3487 5194 3764 5262 deceptum

2209 5287 2554 5344 Aristotelem
2594 5287 2854 5359 deceptus
2883 5291 3001 5360 ipse
3036 5303 3216 5342 rerum
3251 5286 3584 5342 naturalium
3616 5285 3764 5352 igno-

2210 5379 2443 5443 ratione,
2471 5388 2523 5435 et
2559 5379 2742 5435 minus
2771 5387 2980 5434 attenta
3010 5379 3374 5435 Aristotelicas
3405 5375 3668 5430 doctrina:
3699 5373 3763 5426 le-

2207 5473 2409 5528 ctione.
2441 5471 2532 5527 Sic
2571 5473 2732 5527 etiam
2787 5471 3018 5528 Trebius
3065 5472 3227 5542 Niger
3256 5469 3500 5541 pedalem
3543 5481 3682 5527 esse,
3712 5471 3762 5516 ct

2206 5566 2573 5622 crassitudine
2599 5565 2842 5643 quinque
2881 5566 3177 5638 digitorum
3220 5562 3526 5624 atﬁrmavit,
3560 5555 3792 5640 Plinius3

2209 5641 2616 5728 semipedalem,
2646 5656 2924 5727 Oppianus
2971 5657 3251 5726 ἰσόπηχυν.
3306 5654 3493 5724 Neque
3552 5653 3604 5705 in
3659 5641 3793 5733 tra-i

2210 5749 2384 5807 dcnda
2414 5765 2580 5806 causa
2608 5751 2956 5807 conveniunt.
2986 5750 3347 5821 Hieronymus
3363 5741 3756 5807 Fracastoriur,
