4064 6290
374 362 481 421 885

1361 360 1429 416 lN
1469 355 1842 419 EUSTATHII
1878 353 2352 413 HEXAEMERON
2400 335 2650 413 nom.“

3516 333 3645 416 886'

381 481 456 538 De
483 483 780 554 sympathia
811 491 863 539 et
906 482 1203 553 antipatln’a
1248 495 1447 547 rerum,
1493 495 1617 554 cap.
1644 479 1700 546 8,
1734 493 1842 534 non
1873 478 1942 533 ab
1968 485 2013 540 Α
2045 485 2212 547 neget.
2255 477 2353 534 lib.
2398 493 2482 544 tu,
2526 476 2672 548 quod
2721 477 2880 549 hydri
2918 476 3238 534 Eustathius
3272 477 3622 533 ichneumoui

375 574 671 632 eehenelde
709 575 887 630 navim
912 560 1181 639 cohiberi,
1216 573 1313 630 sed
1342 572 1693 628 ecbeneidem
1721 586 1844 627 esse
1871 571 1947 627 si-

377 684 544 742 gnum
576 669 808 741 scopuli,
843 669 938 741 qui
975 666 1150 726 subsit
1183 665 1286 724 sub
1311 667 1469 738 aquis
1521 665 1681 736 cujus
1710 665 1828 721 saxi
1863 665 1947 720 vis

379 777 573 818 navem
603 763 865 818 remorari
883 762 1078 818 valeat.
1103 760 1256 815 Illum
1269 758 1446 815 Julius
1468 756 1709 829 Scaliger
1724 759 1792 812 de
1818 756 1949 812 sub-

379 853 571 909 tilitate
584 852 653 907 ad
663 850 994 915 Cardanum,
1008 864 1192 907 exere.
1211 849 1337 918 219,
1356 849 1603 920 pluribus
1614 848 1948 920 argumentis

379 943 599 1006 refellit,
625 956 751 997 cum
768 942 904 997 nihil
933 941 1047 1013 ipse
1063 940 1131 996 de
1152 956 1252 997 suo
1274 941 1328 994 in
1356 938 1592 995 medium
1608 938 1817 1004 ail'crat,
1854 938 1949 994 sed

378 1036 447 1090 ad
492 1033 738 1090 occultas
764 1032 1029 1104 quasdam
1052 1032 1345 1103 qualitates
1383 1031 1452 1087 ab
1472 1031 1757 1087 elementis
1780 1030 1947 1086 rebus

379 1127 829 1192 communicatas,
848 1141 986 1196 quas
1009 1124 1252 1181 nesciant
1266 1123 1435 1178 animi
1452 1121 1735 1194 temperati
1761 1141 1774 1177 :
1804 1127 1859 1177 et
1879 1120 1947 1176 ad

380 1219 699 1277 manifestas
717 1219 899 1275 omnia
922 1218 1190 1274 deducere
1210 1216 1503 1289 qualitates
1526 1230 1737 1272 summa
1771 1215 1948 1286 impu-

378 1309 561 1366 dentia
579 1318 683 1367 est.
708 1309 926 1365 Scilicet
958 1309 1061 1365 hoc
1109 1317 1192 1364 est
1218 1309 1272 1363 in
1298 1308 1583 1364 sententiis
1602 1306 1952 1363 doctissimo-

379 1417 502 1458 rum
520 1418 578 1459 se
587 1416 859 1464 exercere,
871 1414 990 1472 quae
1009 1414 1124 1470 ipse
1136 1400 1352 1456 nescias
1367 1398 1633 1464 refellere,
1650 1405 1703 1454 et
1719 1397 1947 1452 aliorum

381 1492 439 1549 in
458 1508 642 1550 rerum
669 1493 852 1548 causis
880 1491 1203 1563 indagandis
1228 1491 1466 1547 studium
1489 1499 1543 1547 et
1573 1490 1832 1560 impetum
1853 1504 1951 1560 0p-

380 1584 696 1657 pugnando,
722 1582 855 1655 quid
884 1583 1001 1655 ipse
1030 1589 1219 1653 postea
1247 1583 1441 1654 possit,
1481 1582 1951 1662 quantumvaleat

381 1679 437 1734 in
464 1678 665 1750 ingenii
693 1676 919 1732 humani
948 1676 1095 1733 vires
1121 1675 1444 1737 imbecilles.
1473 1674 1559 1729 vel
1578 1672 1952 1730 occultissima

381 1787 593 1831 natura:
636 1782 844 1833 secreta
886 1772 1201 1829 amandare.
1237 1770 1281 1826 Ο
1311 1786 1440 1828 vere
1486 1770 1754 1842 lepidum!
1788 1784 1822 1825 ο
1852 1769 1950 1825 do-

2052 569 2267 625 tribuit.

2062 683 2383 755 Ἰχνεύμων
2424 683 2604 755 βαιὸς
2647 684 2785 754 μὲν,
2817 684 2965 755 ἀτὰρ
3011 684 3366 755 μεγάλοισιν
3409 687 3623 755 ομοίως

2048 753 2397 822 Μέλπεσθαι
2428 753 2679 822 θήρεσσι
2704 753 2992 821 «arcem
3012 753 3215 810 εἵνεκα
3230 753 3487 822 βουλῆς,

2303 841 2368 877 τε
2397 821 2689 909 κραςερῆς
2713 826 2840 909 ὑπὸ,
2867 825 3228 909 νηπεδρνοῖς
3245 821 3537 909 μελέεσσι

2048 886 2130 965 ΪΗ
2308 911 2365 965 τι
2393 886 2680 963 κέρδεξγόνὶ
2700 886 3022 950 κατέκτανε
3046 886 3267 950 (itaadd
3297 895 3482 965 φῦλα,

2060 960 2473 1036 ξΕρὲευστῆρας
2485 965 2650 1036 ὄφεις
2662 983 2725 1020 τε
2735 967 2831 1021 καὶ
2844 965 3176 1036 ἀργαλέους
3185 960 3635 1036 κροᾶιοδείλους..

2047 1033 2301 1106 Κείνους
2326 1033 2643 1106 Νειλῴους,
2673 1033 2891 1105 φόνιον
2910 1033 3102 1106 γλένος·
3129 1033 3353 1091 ὁππότε
3371 1035 3481 1105 γάρ
3504 1054 3596 1104 τις

2051 1101 2256 1176 θηρῶν
2282 1101 2629 1176 λευγαλέων
2656 1101 2827 1174 εὕδῃ,
2857 1101 3169 1176 τρίστοιχα
3209 1101 3521 1173 πετάάσὶις

2048 1173 2281 1246 Χείλεα,
2303 1173 2412 1246 καὶ
2424 1174 2570 1244 χάος
2584 1177 2749 1245 εὐρὺ,
2768 1173 2866 1230 καὶ
2883 1173 3151 1231 ἄσπετον
3167 1178 3375 1232 αἰόλον
3387 1177 3556 1246 ἕρκος

2048 1241 2128 1327 dri
2145 1245 2234 1327 ριε
2256 1241 2694 1327 τοξτἈὶρζνεύμων
2722 1246 2935 1327 ᾷολζην
2968 1246 3265 1327 emptis?
3289 1241 3557 1327 ὐφριῖνωῦ

2049 1314 2263 1380 Λοξοῖς
2295 1314 2693 1386 οφθαλμοῖσιν
2710 1314 2997 1385 ἀπείρονα
3015 1314 3179 1386 φῦλα
3208 1314 3459 1381 δοκεύει,

2049 1386 2266 1455 Elatiae
2290 1385 2367 1453 δὴ
2394 1386 2596 1449 ,βαθύν
2622 1386 2818 1440 ὕπνον
2846 1387 2944 1440 ἐπὶ
2968 1385 3143 1455 φρεσὶ
3172 1390 3582 1455 πιστεύσηται.

2048 1449 2210 1529 {liga
2223 1449 2382 1529 ﬁp‘
2396 1454 2465 1508 ἐν
2479 1456 2806 1529 ψαμάθοισι
2823 1457 2921 1529 real
2937 1449 3309 1529 ἐνίπηλοῑσιν
3324 1449 3590 1529 ἑλισθεὶς,

2062 1523 2249 1593 Ῥίμφ’
2273 1523 2504 1596 ἐρορενέ
2526 1523 2805 1596 πυλεῶνα
2831 1523 3210 1596 διιπτάμενος
3235 1527 3509 1583 θανάτοιο

2056 1593 2332 1666 Τολμηρῇ
2365 1594 2600 1664 κραδίῃ,
2629 1595 2728 1650 διὰ
2747 1596 2799 1649 δ’
2827 1593 3038 1666 εὐρέος
3063 1596 3251 1665 ἤλυθε
3277 1599 3513 1666 λαιμοῦ.

2050 1663 2248 1736 Αὐτὰρ
2271 1663 2357 1736 ὅγ’
2383 1665 2452 1729 ἐξ
2479 1663 2676 1721 ὕπνου
2698 1663 3000 1736 βαρυαέος
3031 1663 3233 1736 ἔγρετο
3266 1663 3486 1734 δειλὸς,

2052 1733 2163 1788 Kal
2195 1733 2383 1791 κακὸν
2422 1737 2491 1791 ὲν
2530 1733 2859 1808 λαγόνεοίσι
2887 1733 3084 1806 φέρων
3096 1733 3291 1793 ⁷τόσον
3318 1740 3628 1881 astrictiu-

3452 1825 3624 1875 πτον,

3452 1825 3624 1875 πτον,

379 1879 528 1925 ctum
554 1869 745 1939 caput!
781 1865 984 1922 habent
1003 1880 1163 1936 quem
1186 1871 1486 1936 sequantur
1515 1841 1656 1934 frugi
1687 1861 1741 1917 in
1773 1861 1944 1917 scien-

2056 1874 2256 1948 Πάντη
2278 1879 2657 1948 μαινόμενος,
2685 1878 2782 1932 καὶ
2811 1877 3118 1948 ἀμήχανος
3149 1841 3591 1948 dispalatam”;

378 1962 474 2019 tiis
504 1961 775 2026 homines,
806 1976 928 2032 qua:
962 1960 1237 2031 ignorant,
1271 1959 1384 2029 jam
1417 1957 1477 2012 s'e
1511 1957 1656 2012 scire
1703 1970 1954 2026 compro-

378 2052 607 2119 babunt,
648 2053 697 2109 si
732 2052 800 2108 ad
847 2052 1141 2125 qualitates
1180 2050 1304 2105 illas
1353 2048 1620 2113 occultas,
1664 2061 1801 2118 quas
1850 2046 1956 2118 ipsi

378 2144 638 2201 nesciunt
662 2144 895 2211 scilicet,
929 2143 1223 2198 deducent.
1257 2139 1364 2196 Sed
1398 2140 1560 2196 nobis
1603 2139 1830 2195 tantillis
1849 2139 1955 2193 ho-

378 2236 772 2295 muncionibus
816 2237 870 2292 id
915 2235 1102 2293 forsan
1142 2238 1290 2289 esset
1339 2233 1497 2289 satis.
1532 2232 1602 2287 At
1654 2231 1952 2304 Scaligero,

381 2344 542 2400 quem
573 2329 713 2384 nihil
742 2329 800 2383 in
842 2344 1028 2385 rerum
1069 2335 1266 2384 natura
1297 2325 1434 2397 fugit
1470 2340 1731 2398 unquam,
1766 2332 1820 2382 et
1861 2324 1957 2398 qui

382 2420 521 2477 nihil
552 2436 680 2477 cum
712 2422 837 2477 aliis
873 2436 1185 2477 commune.

455 2598 615 2666 lbid.,
644 2601 743 2655 lin.
771 2600 862 2657 25.
901 2600 1115 2671 ’Ὑδρος
1155 2601 1222 2656 δέ
1260 2603 1430 2656 ἐστιν
1456 2602 1525 2655 ἐν
1571 2598 1652 2666 τῷ
1687 2595 1953 2668 ποταμῷ.

382 2692 580 2751 Petrus
612 2693 928 2759 Damianus,
960 2695 1052 2749 lib.
1088 2710 1150 2758 ll,
1182 2695 1343 2765 epist.
1380 2693 1444 2748 ‘18
1472 2710 1486 2747 :
1518 2691 1732 2763 Hydrus
1757 2689 1958 2744 animal

382 2794 461 2841 est
488 2785 736 2841 habitans
772 2786 826 2839 in
854 2785 1150 2857 gurgitibus
1186 2786 1485 2855 fluminum,
1512 2783 1789 2838 crocodilis
1816 2782 1958 2852 fera-

382 2877 510 2933 liter
558 2878 855 2932 inimicum.
901 2876 1003 2930 Hic
1035 2877 1211 2945 itaque
1258 2892 1377 2930 cum
1420 2875 1609 2930 viderit
1638 2872 1956 2928 crocodilum

384 2978 563 3040 aperto
595 2987 683 3025 ore
716 2971 770 3024 in
795 2968 1054 3038 crepidine
1085 2970 1319 3040 ﬂuminis
1352 2969 1717 3034 dormientem,
1751 2966 1950 3035 provol-

382 3063 525 3118 vitur
554 3062 606 3115 in
634 3061 760 3116 limo
786 3060 908 3128 luti,
940 3069 998 3113 ut
1037 3060 1281 3130 faucibus
1317 3060 1464 3114 illius
1507 3058 1707 3113 lubrico
1741 3073 1959 3127 corpore

2059 1947 2303 2018 ξΑλλοτε
2329 1947 2463 2018 μὲνμ
2474 1948 2608 2003 ποτὶ
2632 1947 2869 2018 ίτέρματῖ
2894 1947 2997 2003 ζὼν
3021 1947 3295 2018 μυχάῒου
3320 1949 3626 2018 ποταμοῖο,

2060 2016 2302 2107 1W0“
2314 2013 2464 2107 i125
2474 2013 2803 2107 ψῖαμᾴβοζίῖξ
2815 2013 3242 2107 “vicinitas
3258 2013 3630 2107 σξτίξικέρσον

2058 2088 2672 2160 “mandatmale
2700 2088 3126 2160 vtpwsecbtesrbc
3146 2091 3288 2160 ἀμφ’
3311 2088 3623 2160 ὀδύνῃσιν

2055 2157 2253 2242 ἀρτὰρ
2268 2157 2353 2242 6r:
2369 2160 2479 2242 ορκ
2498 2157 2717 2242 ἀλέγειο
2737 2157 3001 2242 γλυκερῇ
3020 2159 3070 2212 δ’
3088 2157 3414 2242 ἐπιὶᾷρπεί
3437 2157 3630 2242 etiam}

2058 2227 2270 2299 ᾝπατι
2286 2227 2352 2299 δ’
2378 2227 2517 2297 ἄγχι
2541 2227 2809 2299 μάλιστα
2832 2230 3172 2299 παρήμενος
3193 2227 3571 2293 εὶλαπινάζει.

2069 2297 2205 2365 Ὀψὲ
2230 2297 2297 2353 δέ
2327 2314 2416 2351 τοι
2438 2297 2748 2366 προλιπὼν
2766 2299 2976 2354 κενεὸν
2991 2297 3181 2369 ήδέμας
3199 2299 3407 2369 ἔκθορε
3427 2301 3625 2371 θηρός.

2061 2409 2291 2465 Dubium
2331 2418 2492 2482 auget
2544 2409 2815 2469 Diodorus
2861 2413 2956 2483 qui
3000 2413 3418 2469 ichneumonem
3460 2429 3629 2483 parvo

2057 2498 2181 2554 cani
2221 2499 2454 2555 similem
2492 2498 2645 2568 facit,
2689 2503 2795 2558 etsi
2828 2504 3076 2559 mustelae
3117 2503 3407 2560 Nicander.
3441 2503 3628 2562 Timo-

2057 2592 2216 2648 theus
2247 2592 2361 2649 sive
2397 2591 2734 2663 Theophilus
2766 2594 3192 2664 Alexandrinus,
3222 2598 3470 2653 oratione
3507 2597 3630 2652 Τίνι

2057 2686 2357 2756 ὁμοιοῦται
2402 2689 2436 2740 ὁ
2483 2687 2853 2757 ἀνθρώπινος
2889 2689 3050 2757 βίος,
3088 2689 3287 2753 animal
3337 2689 3439 2744 hoc
3483 2688 3631 2758 quod

2056 2791 2152 2846 per
2178 2790 2242 2832 os
2272 2776 2534 2832 crocodili
2564 2777 2758 2844 insilit,
2788 2779 3013 2835 subiens
3049 2781 3103 2835 in
3125 2787 3395 2846 ventrem,
3419 2788 3475 2836 et
3512 2780 3629 2836 dis-

2057 2874 2243 2936 cerpto
2293 2867 2415 2937 ejus
2466 2878 2656 2924 ventre
2701 2870 2815 2923 exit
2858 2870 3038 2925 bellua
3086 2878 3300 2924 mortua
3344 2868 3627 2934 derelicta,

2057 2960 2242 3032 hylum
2276 2962 2532 3032 appellat,
2576 2963 2797 3034 vultque
2831 2962 3015 3020 alitem
3050 2979 3191 3019 esse.
3227 2965 3340 3019 Kal.
3375 2962 3631 3035 καθάπερ

2055 3053 2116 3106 τὸ
2138 3053 2322 3126 ὄρνεον
2349 3053 2507 3118 ὖλλος
2534 3058 2692 3127 τηρεῖ
2718 3056 2808 3108 τὸν
2832 3055 3189 3129 κροκόδειλον,
3209 3055 3313 3121 ἕως
3336 3056 3401 3111 ἃν
3422 3056 3504 3128 ἴδῃ
3528 3056 3632 3110 αὐ-

383 3152 598 3221 {acilitts
618 3152 784 3220 possit
816 3150 989 3204 illabi.
1017 3150 1163 3204 Tunc
1188 3151 1247 3204 in
1275 3167 1334 3205 os
1355 3149 1608 3204 crocodili
1642 3149 1950 3203 dormientis

2058 3145 2148 3199 τὸν
2173 3146 2345 3217 ἡδέως
2371 3147 2464 3199 καὶ
2488 3145 2807 3218 ἀμερίμνως
2836 3146 3208 3212 ὑπνώσσοντα,
3244 3149 3339 3203 καὶ
3365 3149 3427 3202 τὸ
3456 3148 3629 3220 στόμα

380 3244 660 3315 perniciter
691 3243 884 3307 insilit,
916 3259 1067 3314 quem
1089 3243 1182 3298 ille
1201 3242 1529 3298 desubitatns
1552 3251 1758 3311 repente
1772 3239 1955 3311 deglu-

382 3336 466 3390 tit.
492 3334 712 3406 Hydrus
751 3353 869 3391 vero
898 3338 1098 3391 viscera
1135 3337 1249 3407 ejus
1280 3344 1470 3391 cuncta
1508 3336 1756 3399 dilaniat,
1793 3334 1958 3390 donec

381 3436 432 3482 et
455 3426 569 3498 jam
602 3444 821 3498 prorsus
850 3429 1111 3483 exstincto
1148 3428 1211 3483 de
1239 3427 1493 3483 cadavere
1526 3428 1674 3482 illius
1729 3428 1871 3482 vivus
1904 3435 1954 3480 et

381 3520 546 3575 uictor
576 3533 836 3591 erumpat.
864 3519 1038 3589 Hujus
1091 3521 1340 3576 animalis
1373 3520 1620 3575 meminit
1653 3519 1818 3574 etiam
1856 3519 1955 3572 Mi-

381 3612 538 3668 chael
559 3610 773 3684 Glycas,
802 3613 897 3668 lib.
933 3629 983 3667 Iv
1012 3612 1301 3667 Annalium
1325 3629 1345 3677 ;
1388 3611 1559 3668 David
1590 3612 1953 3678 Huaschelius,

381 3709 437 3759 et
478 3702 767 3760 Conradus
821 3704 1247 3766 Rittershusius,
1296 3704 1388 3758 hic
1435 3704 1582 3760 notis
1614 3705 1682 3759 ad
1723 3705 1956 3775 Oppiani

381 3794 631 3867 Cyneget.
659 3796 754 3851 lib.
775 3812 859 3861 tu,
882 3811 991 3852 ver.
1019 3796 1145 3861 407,
1175 3796 1266 3850 ille
1304 3797 1521 3852 notisin
1553 3795 1752 3852 Horum
1773 3797 1865 3851 lib.
1895 3813 1953 3862 tt,

382 3901 506 3959 cap.
542 3887 647 3953 55,
697 3886 897 3940 animal
949 3886 1055 3940 hoc
1112 3901 1236 3940 eum
1286 3886 1643 3941 ichneumone
1704 3888 1957 3962 videntur

384 3978 742 4043 confundere,
799 3984 852 4033 et
908 3977 1317 4034 Rittershusius
1385 3978 1566 4031 locum
1634 3977 1829 4033 lsidori
1889 3995 1957 4036 ex

383 4070 484 4125 lib.
506 4085 606 4133 xu,
628 4084 748 4140 cap.
782 4067 835 4133 6,
868 4068 1108 4124 adducit.
1139 4066 1319 4124 Verba
1355 4082 1478 4139 quae
1512 4067 1698 4123 laudat
1737 4068 1949 4138 lsidori,

385 4168 553 4218 sunt:
585 4161 816 4216 Bestiola
837 4176 903 4215 ea:
929 4177 988 4215 eo
1016 4168 1319 4231 nuncupata
1354 4160 1491 4231 quod
1508 4160 1561 4213 in
1596 4162 1744 4231 aquis
1779 4178 1951 4217 uerse-

388 4262 494 4318 tur,
542 4261 593 4307 et
638 4254 868 4308 maxime
913 4253 970 4306 in
1005 4250 1136 4307 Nilo
1180 4253 1402 4324 (nomen
1451 4251 1695 4309 bestiolae
1739 4253 1957 4326 ἔνυδρος

385 4346 513 4415 est),
544 4361 661 4415 qua:
678 4347 727 4400 si
750 4345 1001 4400 invenerit
1016 4343 1358 4400 dormientem
1388 4343 1731 4410 crocodilum,
1756 4344 1958 4400 volutat

386 4453 442 4491 se
482 4438 538 4490 in
564 4436 732 4491 lutum
759 4439 986 4507 primum
1018 4448 1068 4493 et
1108 4438 1275 4493 intrat
1300 4440 1356 4493 in
1390 4456 1445 4493 os
1481 4438 1593 4509 ejus
1616 4454 1707 4509 per
1730 4447 1957 4493 ventrem

2061 3237 2404 3309 ἀνεῳγμένον
2421 3237 2631 3309 ἔχοντα·
2682 3239 2777 3293 καὶ
2804 3240 2925 3293 τότε
2965 3241 3298 3313 εἰσπηδῆσαν
3325 3244 3630 3314 εἰσέρχεται

2054 3329 2142 3384 διὰ
2169 3329 2261 3383 τοῦ
2302 3330 2565 3401 στόματος
2597 3331 2762 3385 αὑτοῦ
2804 3334 2882 3395 εἰς
2926 3332 3027 3403 τὴν
3066 3332 3272 3387 κοιλίαν
3313 3333 3498 3401 αὐτοῦ,
3536 3334 3630 3388 καὶ

2055 3421 2353 3496 διαρῤῆξαν
2379 3424 2477 3494 τὴν
2503 3423 2745 3496 γαστέρα
2774 3422 2935 3478 αὑτοῦ
2971 3424 3272 3497 ἐξέρχεται,
3315 3424 3629 3481 καταλιπὼν

2056 3513 2216 3567 αὐτὸν
2253 3515 2462 3586 νεκρόν.
2503 3512 2610 3570 Sed
2646 3514 2712 3569 de
2748 3515 3108 3572 ichneumone
3142 3515 3391 3573 inferius.

2126 3605 2284 3672 Ibid.,
2326 3606 2422 3661 lin.
2460 3608 2548 3662 50.
2586 3608 2757 3662 Ἔστι
2788 3607 2857 3662 δὲ
2894 3612 2927 3665 ὁ
2973 3610 3370 3681 κροκόδειλος.
3394 3610 3627 3679 Plinius,

2056 3699 2151 3756 lib.
2179 3716 2348 3763 xxx",
2381 3715 2501 3773 cap.
2524 3701 2582 3755 il
2612 3719 2625 3756 :
2660 3702 3070 3775 Communesque
3099 3714 3273 3770 terrae,
3302 3706 3460 3769 mari,
3484 3708 3630 3761 amni

2056 3793 2455 3865 hippopotami,
2519 3796 2789 3852 crocodili.
2851 3795 3210 3851 Eustathiana
3269 3797 3382 3853 haec
3435 3798 3629 3855 eadem

2057 3889 2124 3943 ad
2158 3889 2382 3943 verbum
2404 3889 2662 3959 leguntur
2687 3888 2828 3960 apud
2853 3889 3121 3945 Achillem
3151 3888 3385 3944 Statium
3415 3891 3492 3945 De
3515 3890 3630 3946 Cli-

2060 3978 2318 4046 tophontis
2347 3987 2397 4031 et
2446 3976 2729 4048 Leucippes
2765 3979 3058 4045 amoribus,
3094 3979 3191 4034 lib.
3244 3996 3317 4035 Iv.
3351 3980 3627 4038 Crocodili

2058 4077 2370 4123 accuratam
2414 4068 2837 4140 descriptionem
2884 4071 3053 4126 habes
3099 4070 3244 4142 apud
3294 4070 3629 4128 Herodotum

2059 4160 2114 4215 in
2147 4158 2407 4231 Euterpe;
2437 4161 2808 4228 Aristotelem,
2833 4162 2929 4218 lib.
2953 4178 3009 4217 ts
3045 4162 3251 4217 Hister.
3290 4165 3478 4228 anim.,
3504 4179 3625 4235 cap.

2058 4251 2127 4317 6;
2164 4252 2534 4316 Heliodorum,
2564 4252 2662 4309 lib.
2693 4270 2783 4321 v1;
2829 4254 3179 4309 Ammianum
3223 4253 3643 4321 Marcellinum,.

2057 4347 2095 4401 Ι.
2122 4364 2269 4414 xxu;
2303 4346 2593 4413 lsidorum,
2624 4348 2721 4404 lib.
2751 4363 2853 4414 xtt,
2878 4363 3000 4418 cap.
3033 4347 3102 4415 6;
3130 4348 3428 4404 Diodorum
3468 4350 3641 4404 Sicu-

2058 4441 2192 4510 lum,
2227 4443 2322 4497 lib.
2369 4460 2408 4508 ι,
2458 4450 2602 4513 part.
2635 4460 2649 4497 ι
2678 4461 2694 4511 ;
2723 4441 2983 4506 Plinium,
3030 4443 3127 4499 lib.
3173 4458 3294 4508 vut,
3347 4458 3467 4514 cap.
3516 4440 3625 4509 27‘;

384 4536 435 4582 et
463 4544 682 4597 carpens
722 4532 900 4584 omnia
936 4531 1193 4587 interiora
1218 4532 1331 4602 ejus
1360 4531 1468 4586 exit
1504 4532 1620 4586 viva
1657 4531 1721 4585 de
1744 4532 1959 4586 visceri-
1987 4534 2034 4592 D
2062 4531 2324 4589 Joannem
2365 4534 2599 4589 Leonem
2632 4534 2689 4588 in
2722 4533 2989 4604 Descript.
3020 4533 3238 4603 Africae,
3266 4533 3363 4589 lib.
3384 4549 3458 4588 tx.
3483 4530 3628 4590 Soli-

386 4618 481 4674 bus
503 4619 767 4674 crocodilo
784 4622 898 4690 ipso
921 4623 1426 4680 mortuo.Crocodili
1448 4640 1571 4679 cum
1597 4624 1957 4680 ichneumone

385 4711 785 4767 internecinum
808 4713 1011 4770 bellum
1051 4716 1233 4771 sciunt
1259 4732 1469 4781 omnes,
1505 4732 1606 4772 nec
1653 4717 1761 4772 alio
1795 4717 1956 4773 modo

385 4805 492 4861 nisi
520 4821 760 4861 mersum
801 4806 953 4872 limo,
1005 4823 1180 4879 eoque
1230 4810 1396 4865 veluti
1445 4810 1612 4865 coriis
1665 4810 1954 4865 loricatum

384 4897 443 4953 in
490 4896 899 4954 dimicationem
944 4915 1188 4972 pergere.
1208 4901 1500 4957 Crederem
1531 4910 1710 4957 tamen
1739 4903 1953 4974 hydrim

386 4988 662 5045 diversum
697 4990 826 5060 quid
868 5008 993 5048 esse
1033 4994 1101 5048 ab
1135 4994 1521 5059 ichneumone,
1557 5010 1681 5050 cum
1723 4995 1957 5051 inferius

385 5088 574 5137 noster
623 5082 941 5140 Eustathius
986 5085 1054 5142 de
1099 5086 1461 5142 ichneumone
1498 5102 1801 5144 sermonem
1856 5088 1955 5142 ha-

385 5172 533 5238 heat,
570 5173 802 5246 ejusque
831 5177 1032 5234 bellum
1067 5193 1191 5234 cum
1233 5180 1423 5248 aspide
1452 5180 1756 5235 luculenter
1785 5182 1954 5251 expli-

385 5273 494 5329 cet,
524 5264 592 5320 de
625 5283 730 5337 qua
754 5267 913 5340 hydri
931 5277 984 5326 et
1008 5263 1171 5326 verba
1199 5269 1394 5326 lsidori
1423 5272 1771 5342 intelligenda
1804 5280 1952 5327 sunt.

385 5355 496 5411 Nec
528 5357 672 5411 aliud
698 5359 1043 5417 existimasse
1068 5360 1313 5417 Solinum
1341 5364 1635 5433 comperio,
1655 5379 1801 5427 cum,
1830 5379 1953 5435 cap.

385 5446 476 5512 35,
506 5446 620 5504 haec
648 5451 873 5515 scribat,
906 5452 1060 5518 Quod
1089 5452 1316 5523 enydrus
1340 5455 1694 5524 conspicatus,
1731 5455 1955 5509 alterum

384 5536 787 5593 ichneumonum
824 5557 1005 5611 genus,
1038 5551 1276 5612 penetrat
1315 5542 1564 5610 belluam,
1589 5545 1957 5616 populatisque

383 5629 657 5696 vitalibus,
697 5648 852 5687 erosa
894 5633 1006 5688 exit
1054 5634 1220 5691 alveo.
1270 5635 1529 5703 Quamvis
1585 5635 1797 5693 Delrius
1840 5637 1954 5706 illa,

386 5722 625 5778 Alterum
644 5725 1045 5781 ichneumonum
1066 5744 1250 5799 genus,
1270 5737 1481 5786 veteres
1508 5729 1678 5787 libros
1701 5747 1809 5786 non
1824 5746 1953 5786 con-

376 5813 562 5897 tinere
590 5815 838 5874 aﬂirmet.
886 5817 1004 5874 Non
1041 5819 1301 5890 pennittit
1363 5819 1642 5892 Oppianus
1693 5820 1785 5895 qui
1849 5819 1953 5892 Cy-

2056 4639 2161 4678 nus
2198 4623 2314 4679 baac
2346 4625 2412 4679 de
2442 4639 2528 4688 eo,
2551 4639 2673 4694 cap.
2709 4624 2777 4678 55
2800 4644 2813 4678 :
2838 4622 3147 4678 Crocodilus
3179 4623 3376 4677 malum
3390 4621 3627 4693 quadru-
3658 4662 3661 4663 ν

2054 4734 2163 4785 pes,
2191 4727 2241 4771 et
2277 4718 2329 4770 in
2363 4727 2524 4781 terra,
2556 4726 2605 4770 et
2638 4716 2691 4769 in
2717 4716 2934 4784 ﬂumine
2964 4717 3165 4784 pariter
3190 4717 3346 4780 valet,
3390 4715 3625 4786 linguam

2055 4822 2159 4859 non
2187 4805 2363 4869 habet,
2399 4805 2679 4859 maxillam
2701 4813 2869 4859 movet
2891 4805 3246 4875 superiorem:
3270 4823 3475 4861 morsus
3506 4808 3623 4875 ejus

2055 4895 2301 4951 horribili
2332 4897 2613 4951 tenacitate
2657 4896 2983 4961 conveniunt,
3026 4898 3253 4967 stipante
3296 4915 3351 4952 se
3389 4897 3624 4953 dentium

2054 4991 2185 5043 serie
2220 4989 2525 5058 pectinatim
2553 5000 2573 5040 :
2600 4987 2900 5056 plerumque
2933 4988 3000 5040 ad
3031 4990 3211 5060 viginti
3239 4990 3390 5045 uittas
3422 4991 3639 5061 magni~

2059 5080 2256 5136 tudinis
2290 5081 2537 5135 coalescit
2570 5093 2587 5132 :
2620 5080 2802 5148 qualia
2843 5097 3051 5136 anseres
3098 5082 3210 5136 edit
3239 5099 3365 5147 ova;
3399 5092 3624 5136 metatur

2059 5172 2229 5227 locum
2260 5172 2383 5227 nido
2416 5171 3032 5240 naturali-providentia,
3063 5193 3155 5230 nec
3183 5177 3312 5230 alibi
3344 5174 3480 5244 {etus
3504 5189 3622 5242 pre-
3678 5216 3685 5222 .

2054 5265 2184 5329 mit,
2218 5281 2376 5335 quant
2428 5281 2529 5334 quo
2572 5265 2847 5319 crescentis
2880 5263 2997 5318 Nili
3052 5284 3202 5338 aqua:
3242 5284 3346 5320 non
3372 5294 3375 5297 -
3402 5277 3622 5335 possunt
3653 5292 3667 5349 ,ι

2053 5359 2337 5428 pervenire.
2373 5357 2437 5412 In
2465 5368 2620 5426 partu
2649 5357 2868 5428 fovendo
2892 5377 3005 5414 mas
3027 5371 3076 5414 et
3109 5360 3306 5430 femina
3350 5359 3479 5413 uices
3505 5378 3618 5413 ser-
3657 5364 3661 5368 ’

2052 5461 2196 5507 nant.
2235 5451 2435 5505 Prwter
2449 5451 2652 5504 hiatum
2674 5453 2780 5505 oris
2804 5463 3044 5507 armatus
3071 5462 3157 5506 est.
3176 5453 3339 5505 etiam
3369 5452 3621 5520 unguium

2053 5543 2406 5597 immanitate.
2447 5540 2705 5597 Noctibus
2736 5545 2789 5597 in
2823 5560 2961 5612 aqua
2984 5542 3158 5612 degit;
3189 5559 3279 5611 per
3308 5543 3447 5596 diem
3474 5542 3619 5597 humi

2055 5637 2357 5707 acquiescit.
2387 5633 2763 5692 Circumdatur
2806 5636 3041 5689 maxima
3069 5635 3204 5687 cutis
3257 5636 3530 5707 firmitate,
3564 5640 3619 5692 in

2055 5734 2284 5789 tantum,
2321 5736 2375 5780 ut
2405 5728 2539 5781 ictus
2564 5727 2744 5798 quovis
2775 5733 3045 5780 tormenta
3060 5723 3278 5782 adactos
3311 5737 3511 5800 tergore
3542 5747 3622 5783 re-
3652 5765 3656 5768 ‹

2053 5819 2330 5890 percutiat.
