4064 6290
544 341 647 395 εει
1884 327 2129 403 LEONIS

2226 346 2433 403 LLATII
2618 293 2624 317 ι
3693 345 3831 399 888

616 451 774 521 ibiil.,
808 454 903 509 lin.
929 455 1020 510 42.
1070 457 1201 512 Ἐὰν
1231 456 1300 511 δὲ
1315 458 1493 528 χάνῃ.
1526 458 1719 513 Mirum
1748 466 1829 515 cst
1860 461 2003 530 quod
2034 461 2105 515 de
2136 476 2178 531 Α
2208 478 2221 515 t

2220 461 2446 518 Achilles
2499 458 2842 516 Statius-lib.
2874 475 2950 523 ιν,
2990 467 3047 516 et
3087 459 3262 516 simile
3298 459 3451 530 quid,
3484 458 3597 514 etsi
3644 458 3707 511 in
3750 474 3825 513 re

544 563 731 601 eorum
762 548 905 601 victu
959 555 1146 601 narrat
1191 547 1431 606 Joannes
1485 549 1597 606 Leo
1636 553 1692 606 in
1748 551 2105 621 Descriptione
2214 553 2451 618 diversa,
2480 552 2680 624 legitur
2698 552 2841 624 apud
2868 552 3110 624 Longum
3130 553 3452 624 sophistam,
3474 552 3573 606 lib.
3608 567 3629 605 ι
3665 551 3825 603 Ποι-

548 638 762 705 Africis,
793 636 888 692 lib.
912 654 965 692 ss
1003 657 1015 691 :
1057 639 1260 695 Harum
1296 642 1587 697 belluarum
1620 644 1848 713 amplius
1879 655 2107 699 trecenta
2211 645 2470 718 μενικῶν,
2503 647 2558 699 in
2587 660 2695 715 quo
2727 645 2891 702 simili
2920 644 3046 700 dolo
3074 652 3322 716 pastores
3341 645 3501 715 lupos
3524 641 3812 714 capiunt.

546 730 719 796 capita
741 728 903 784 Cana:
930 732 1185 787 nttnnibus
1214 734 1429 789 diducto
1465 737 1602 789 rictu
1631 736 1789 806 afﬁxa
1820 735 1942 803 vidi,
1976 737 2106 790 adeo
2278 738 2395 794 Col.
2421 738 2546 802 728,
2570 738 2666 793 lin.
2692 739 2746 793 5.
2769 739 3051 807 Δεύτερον
3066 739 3237 804 βοός.
3257 736 3571 792 Cavebunc
3589 735 3812 789 locum

546 835 749 889 magna:
801 835 863 873 ac
896 820 1167 885 stupendw
1209 824 1570 892 amplitudinis
1590 865 1604 889 ,
1633 833 1688 877 ut
1726 842 1936 879 vaccam
1975 826 2101 880 inte~
2208 832 2282 885 ita
2312 831 2607 901 intelligas,
2647 839 2708 885 ut
2735 831 3180 903 hippopotamum
3208 829 3583 900 magnitudine
3611 842 3811 897 supe-

543 925 694 980 gram
740 926 923 979 capere
943 912 1257 978 potuissent,
1289 912 1530 968 dentibus
1558 915 1730 969 acutis
1763 925 1812 967 et
1840 932 2107 985 prwgran-
2209 922 2320 977 rari
2346 922 2650 988 existimes,
2688 935 2754 978 ea
2796 921 2942 977 enim
2986 920 3283 975 maximum
3311 934 3649 991 quemquem
3690 918 3806 973 bo-

542 1003 714 1056 dibus.
752 1001 931 1057 Solent
962 1013 1135 1058 autem
1163 1004 1402 1076 zEgyptii
1424 1008 1709 1075 piscatores
1734 1008 1991 1062 crocodilo
2018 1026 2107 1063 ca—
2210 1028 2328 1070 rem
2373 1014 2690 1084 aequiparat.
2735 1013 2971 1069 Achilles
3018 1012 3244 1079 Statius,
3288 1011 3514 1083 μέγεθος
3539 1011 3598 1064 δὲ
3632 1009 3801 1064 κατά

541 1104 633 1164 put
655 1095 1020 1164 prwscindere,
1041 1096 1449 1169 oppidorumque
1471 1099 1745 1163 narratibus,
1772 1100 2109 1170 quemadmo-
2209 1105 2338 1177 βοῦν
2367 1105 2458 1160 τὸν
2490 1107 2762 1178 μέγιστον.
2791 1103 2970 1171 Quare
3002 1105 3182 1160 locum
3218 1102 3365 1157 hunc
3402 1103 3476 1157 ita
3512 1102 3795 1165 restituo,

540 1186 668 1239 dum
696 1196 964 1242 venatores
997 1187 1233 1257 ferarum
1263 1191 1441 1259 capita
1473 1190 1697 1262 a/ﬁgere.

2207 1199 2420 1254 videtur
2450 1200 2595 1254 enim
2639 1198 2883 1262 mutilus,
2927 1197 3037 1251 Καὶ
3074 1198 3123 1250 oi
3162 1195 3418 1266 θηρευταὶ
3449 1194 3612 1256 εὐθὺς
3635 1194 3796 1245 ἁπο-

609 1277 772 1344 lbid.,
826 1280 924 1336 lin.
973 1280 1063 1336 45.
1103 1283 1155 1335 '0
1205 1281 1273 1337 δὲ
1313 1286 1636 1354 λεγόμενος
1679 1287 2105 1356 ἱπποπὸταμος.
2210 1266 2466 1344 κλείουσι.
2508 1291 2617 1345 Καὶ
2654 1290 2771 1343 ἐστι
2814 1290 2911 1360 μὲν
2953 1291 3033 1352 εἰς
3070 1286 3238 1358 ἀλκὴν
3279 1286 3567 1356 ἐλέφαντος
3605 1283 3790 1338 Ἰνδοῦ

541 1370 797 1427 Eandem
845 1371 1269 1440 descriptionem
1309 1374 1500 1428 iisdem
1544 1373 1656 1430 fere
1696 1376 1879 1431 verbis
1920 1378 2108 1445 paucis

1920 1378 2108 1445 paucis
2208 1381 2474 1453 δεύτερον
2502 1381 2624 1452 βοὸς
2648 1382 2706 1435 δὲ
2729 1380 2843 1452 ἔχει
2874 1381 2934 1434 τὸ
2960 1380 3146 1452 θηρίον
3168 1379 3230 1433 τὸ
3265 1377 3508 1449 μέγεθος.

541 1464 845 1519 immutatis
889 1465 1055 1520 habes
1093 1466 1234 1534 apud
1283 1465 1549 1522 Achillem
1596 1465 1854 1531 Statium,
1889 1468 1981 1523 lib.
2016 1485 2105 1521 IV:

2280 1472 2440 1539 lbid.,
2472 1474 2548 1528 lin
2597 1473 2650 1528 5.
2686 1474 2783 1527 Ἑν
2800 1472 2868 1525 δὲ
2886 1471 3011 1536 τοῖς
3028 1472 3226 1541 ἰχθύσι
3251 1467 3452 1535 πολλή
3493 1484 3606 1533 τις.
3641 1465 3787 1519 Ari-

544 1553 772 1623 Ἔτυχον
815 1552 1079 1623 ποτάμιον
1108 1554 1312 1626 (θηρίον
1355 1557 1546 1627 ἄνδρες
1586 1557 1947 1629 τεθηρακότες
1985 1557 2111 1623 θέας

2210 1563 2435 1619 stoteles
2463 1571 2645 1618 tamen
2668 1563 2746 1616 De
2775 1563 3107 1633 generatione
3134 1561 3322 1622 anim.,
3346 1559 3441 1614 lib.
3463 1574 3547 1621 ιιι,
3567 1572 3695 1627 cap.
3726 1556 3784 1623 1,

540 1644 710 1709 ἄξιον.
743 1645 936 1701 Ἵππον
962 1648 1021 1700 δὲ
1056 1647 1217 1702 αὐτὸν
1242 1647 1336 1701 τοῦ
1370 1648 1561 1702 Νείλου
1593 1650 1819 1704 ἐκάλουν
1855 1654 1905 1704 οἱ
1947 1652 2112 1720 Αίγύ-

2211 1652 2443 1723 piscium
2464 1660 2715 1706 naturam
2740 1650 3072 1722 l'rigidiorem
3102 1664 3223 1705 esse
3255 1647 3503 1713 allirmat,
3535 1647 3785 1716 ideoque

542 1753 709 1790 πτιοι-
740 1739 835 1792 καὶ
860 1738 972 1792 ἐστι
1006 1740 1103 1810 μὲν
1136 1740 1321 1804 ἵππος,
1358 1740 1434 1803 ὡς
1469 1741 1498 1793 ὁ
1528 1740 1685 1809 λόγος
1716 1740 1982 1811 βούλεται,
2013 1742 2109 1814 τὴν

2214 1743 2287 1796 ita
2316 1742 2425 1798 illis
2451 1742 2595 1797 sicut
2631 1749 2685 1796 et
2730 1742 2922 1796 avibus
2961 1746 3243 1796 menstrua
3271 1738 3420 1792 nulla
3449 1736 3694 1808 prodire,
3722 1744 3784 1792 et

541 1828 784 1901 γαστέρα
825 1830 916 1884 καὶ
951 1832 1076 1893 τοὺς
1119 1831 1304 1895 πόδας,
1349 1831 1486 1904 πλὴν
1523 1832 1647 1887 ὅσον
1680 1835 1739 1885 ὲν
1768 1833 1904 1905 χηλῇ
1937 1833 2109 1904 σχίζει
2141 1826 2146 1879 1

2174 1831 2181 1875 ι
2212 1840 2536 1903 conceptum
2582 1833 2887 1906 consistere
2918 1831 3036 1887 sine
3071 1830 3249 1897 coitu;
3281 1837 3335 1885 et
3362 1829 3457 1884 lib.
3480 1844 3602 1894 vm,
3644 1842 3779 1899 cap.

540 1922 641 1992 τὴν
717 1920 905 1993 ὁπλήν.
947 1922 1191 1992 Μέγεθος
1229 1922 1288 1975 δὲ
1337 1922 1477 1976 κατὰ
1523 1921 1648 1992 βοῦν
1691 1923 1785 1977 τὸν
1835 1923 2105 1994 μέγιστον.

2215 1924 2299 1989 l9,
2335 1924 2412 1978 De
2437 1925 2624 1979 histor.
2652 1924 2837 1986 anim.,
2872 1922 3050 1993 pisces
3079 1923 3134 1976 in
3168 1921 3304 1976 locis
3336 1919 3549 1991 frigidis
3575 1935 3780 1990 parum

541 2013 691 2083 Οὑρὲ
720 2012 965 2085 βραχεῖα,
1003 2014 1094 2068 καὶ
1125 2013 1252 2085 ψιλὴ
1283 2014 1504 2086 τριχῶν,
1541 2015 1624 2067 ὃτι
1662 2016 1756 2068 καὶ
1791 2016 1851 2069 τὸ
1882 2017 1988 2069 πᾶν
2015 2015 2109 2069 τοῦ

2210 2016 2413 2087 vigere.
2450 2014 2629 2081 Quare
2662 2014 2884 2069 minime
2915 2012 3113 2067 mirum
3142 2021 3226 2068 est
3271 2010 3502 2083 gelidam
3535 2010 3775 2064 hiemem

542 2104 791 2176 σώματος
819 2106 990 2171 οὕτως
1034 2106 1164 2178 ἔχει·
1210 2106 1416 2178 κεφαλὴ
1450 2107 1749 2181 περιφερὴς
1779 2108 1839 2161 οὐ
1882 2124 2105 2179 σμικρα.

2212 2121 2401 2161 omnes
2433 2105 2656 2171 sentire,
2691 2104 3034 2174 maximeque
3064 2118 3182 2168 eos,
3219 2102 3311 2172 qui
3339 2099 3573 2172 lapidem
3601 2099 3776 2153 babe-

554 2198 750 2266 Ἐγγὺς
766 2197 931 2251 ἵππου
951 2200 1192 2270 παρειαὶ,
1217 2199 1429 2271 μυκτὴρ
1456 2200 1549 2253 ἐπὶ
1572 2198 1714 2271 μέγα
1738 2197 1999 2269 κεχηνὼς,
2017 2198 2111 2252 καὶ

2211 2214 2268 2253 re
2302 2198 2358 2252 in
2391 2198 2568 2268 capite
2595 2197 2983 2253 existimantur
3013 2214 3028 2249 :
3060 2201 3116 2251 et
3159 2208 3285 2249 cum
3319 2206 3530 2265 asperae
3561 2190 3773 2245 hiemes

540 2288 717 2342 πνέων
759 2288 978 2361 πυρώδη
1009 2291 1235 2353 καπνὸν,
1270 2290 1345 2354 ὡς
1380 2290 1486 2344 ἀπὸ
1518 2290 1700 2361 πηγῆς
1727 2290 1915 2361 πυρός’
1950 2289 2111 2357 γένυς

2213 2289 2431 2344 luerunt
2480 2289 2682 2344 multos
2731 2303 2905 2344 caecos
2945 2294 3136 2358 captos
3167 2284 3356 2349 fuisse,
3392 2283 3463 2337 ita
3500 2281 3775 2338 referente

541 2381 746 2453 εὐρεῖα,
778 2379 909 2434 ὡσεὶ
935 2383 1028 2434 καὶ
1052 2380 1273 2455 παρειά.
1304 2382 1479 2453 Μέχρι
1512 2381 1619 2434 τῶν
1652 2380 1937 2453 κροτάφων
1967 2380 2111 2433 ἀνοί-

2210 2381 2384 2435 ΡΙίιιίο
2407 2381 2501 2435 lib.
2533 2396 2608 2445 ιιι,
2640 2394 2761 2451 cap.
2792 2379 2895 2445 16;
2923 2395 2989 2434 ex
3012 2376 3305 2434 Aristotele
3328 2375 3402 2428 De
3424 2375 3548 2429 hist.
3577 2375 3768 2436 anim.,

540 2487 627 2539 γει
655 2469 716 2523 τὸ
762 2471 955 2543 στόμα.
999 2472 1151 2542 Ἔχει
1197 2472 1252 2524 δὲ
1278 2473 1372 2525 καὶ
1418 2471 1735 2534 κυνόδοντας
1771 2470 2105 2541 καμπύλους,

2210 2473 2307 2527 lib.
2345 2487 2466 2537 vm,
2505 2487 2626 2542 cap.
2668 2473 2766 2540 l9;
2798 2475 2987 2541 sicque
3013 2470 3098 2525 his
3129 2467 3415 2524 mensibus
3434 2466 3615 2536 jacere
3646 2479 3768 2535 spe-

540 2561 684 2616 κατὰ
736 2564 832 2634 μὲν
881 2562 980 2635 τὴν
1022 2563 1163 2617 ἰδέαν
1213 2564 1307 2616 καὶ
1346 2562 1442 2634 τὴν
1489 2563 1636 2617 θέσιν
1677 2564 1753 2626 ὡς
1808 2563 2003 2628 ἵππος,
2048 2560 2109 2615 τὸ

2211 2564 2389 2619 lnncis
2412 2564 2688 2629 conditos,
2731 2563 2870 2619 alios
2902 2562 3105 2626 arenis,
3134 2562 3270 2616 alios
3301 2573 3557 2616 saxorum
3600 2572 3769 2627 angu-

542 2654 599 2708 δὲ
653 2653 883 2725 μέγεθος
938 2655 1019 2718 εἰς
1064 2653 1403 2726 τριπλάσιον.
1456 2653 1522 2708 ΕΙ.
1572 2653 1783 2710 Plinius
1835 2654 1930 2709 lib.
1983 2669 2103 2717 vm,

2210 2653 2351 2709 stiis.
2378 2653 2482 2710 Ubi
2512 2668 2641 2709 vero
2663 2652 2978 2724 temperiem
3004 2653 3168 2716 aeris,
3192 2643 3247 2707 ei.
3273 2650 3442 2706 maris
3462 2647 3768 2719 tranquilli-

543 2759 665 2815 cap.
690 2744 759 2799 59
791 2759 805 2795 :
834 2742 1014 2811 Major
1043 2744 1323 2799 altitudine
1349 2746 1405 2798 in
1423 2744 1602 2799 eodem
1628 2742 1757 2798 Nilo
1787 2743 1961 2800 bellua
1993 2745 2110 2815 hip-
2211 2753 2375 2802 tatem
2429 2745 2836 2815 prasenserint,
2880 2743 3140 2799 continuo
3196 2758 3256 2799 se
3299 2742 3494 2800 efferre
3521 2742 3771 2798 choreas-

540 2845 850 2907 popotantus
901 2835 1077 2891 editur
1115 2853 1134 2891 :
1174 2837 1385 2909 ungulis
1428 2836 1627 2906 biﬁdis,
1672 2838 1855 2908 quales
1910 2836 2104 2903 bubus,
2210 2853 2316 2907 que
2344 2838 2565 2893 ducere.
2592 2836 2943 2893 Cultissimus
2968 2834 3243 2901 Elianus,
3264 2835 3361 2891 lib.
3404 2850 3483 2901 Ix,
3515 2850 3633 2904 cap.
3660 2834 3766 2889 57:

540 2930 699 2984 dorso
730 2930 869 3001 equi,
885 2940 933 2984 et
962 2929 1109 2994 iuba.
1136 2941 1186 2985 et
1212 2930 1440 2996 hinnitu,
1473 2939 1643 2984 rostro
1669 2932 1880 2997 resima,
1914 2931 2106 2995 cauda,

2223 2931 2310 2984 ’Ev
2338 2930 2396 2983 δὲ
2426 2928 2503 2999 τῷ
2531 2927 2758 3000 χειμῶνι
2789 2927 3100 2999 βιαιοτάτῳ,
3137 2926 3508 2998 κυμαινούιιης
3549 2926 3646 2997 μὲν
3668 2925 3768 2996 τῆς

542 3030 593 3075 et
622 3018 863 3075 dentibus
893 3035 1163 3089 aprorum,
1196 3020 1417 3076 aduncis
1450 3021 1540 3076 sed
1564 3022 1735 3076 minus
1774 3022 1949 3077 noxiis
1970 3038 1992 3082 ;
2012 3031 2109 3077 ter-

2211 3020 2504 3091 θαλάσσης,
2536 3019 2769 3094 σκληρόν
2806 3037 2869 3090 γε
2899 3019 3006 3075 τῶν
3035 3019 3250 3091 ἀνέμων
3284 3020 3379 3073 καὶ
3408 3019 3580 3090 βίαιον
3603 3035 3768 3072 κατα-

541 3113 685 3183 goris
715 3112 784 3166 ad
810 3123 961 3167 scuta
1000 3122 1280 3184 galeasque
1307 3113 1714 3182 impenetrabilis
1743 3125 1935 3184 praeter
1950 3131 2107 3185 quam
2138 3179 2146 3187 Δ

2157 3175 2173 3187 _
2212 3114 2498 3178 πνεόντων,
2526 3114 2803 3185 φρίττουσι
2824 3114 2923 3187 τὴν
2947 3112 3241 3185 σύντροφόν
3272 3130 3331 3166 τε
3353 3113 3467 3184 ἅμα
3496 3113 3588 3166 καὶ
3608 3111 3762 3182 φίλην

541 3202 591 3256 si
623 3202 839 3258 humore
870 3201 1101 3258 madeat.
1157 3203 1471 3273 Depascilur
1505 3215 1722 3276 segetes,
1758 3174 2106 3260 destinatione
2133 3179 2146 3228 ⁴

2150 3174 2175 3230 3
2206 3208 2253 3260 oi
2287 3174 2790 3277 illium-Gaiana.
2827 3174 2938 3262 Kal
2967 3208 3019 3260 oi
3202 3174 3517 3269 αὐτῶνποῖς
3558 3174 3755 3274 πτερυ-

542 3305 681 3362 ante,
718 3306 776 3350 ut
823 3296 1021 3365 ferunt,
1055 3296 1432 3353 determinatus
1465 3299 1520 3352 in
1571 3297 1729 3363 diem,
1760 3308 1811 3352 et
1860 3314 1925 3353 ea:
1979 3315 2103 3369 agro

2204 3298 2343 3367 γίοις
2388 3296 2707 3369 ἐπαμῶνται
2749 3297 2848 3369 τὴν
2876 3296 3130 3369 ψάμμον,
3180 3296 3269 3351 καὶ
3307 3294 3528 3359 ἑαυτοὺς
3555 3293 3749 3363 ἐπηλυ-

542 3388 829 3460 ferentibus
860 3389 1113 3460 vestigiis,
1146 3405 1207 3442 ne
1227 3405 1343 3460 quta
1364 3390 1637 3443 revertenti
1657 3387 1866 3443 insidia:
1894 3404 2107 3457 compa-

2204 3390 2472 3459 γάσαντες
2512 3390 2932 3444 ὑποθέιλπουσιν·
2969 3391 3019 3442 οἱ
3053 3388 3109 3443 δὲ
3141 3383 3466 3441 ὑπειλοῦνταί
3495 3401 3612 3438 τινα
3645 3382 3740 3435 πέ-

541 3488 744 3534 rentur.
779 3478 844 3533 Et
892 3479 989 3534 lib.
1029 3496 1103 3544 ix,
1136 3495 1255 3550 cap.
1301 3481 1389 3544 ll,
1432 3481 1649 3536 diversa
1687 3480 1756 3535 ab
1795 3481 2004 3537 Achille
2051 3490 2105 3537 et

2206 3499 2360 3554 τραν,
2385 3484 2443 3535 ὲν
2465 3481 2640 3555 σκέπῃ
2667 3498 2726 3534 τε
2746 3479 2837 3535 τοῦ
2860 3479 3073 3551 κρύους.
3092 3480 3184 3534 καὶ
3198 3473 3252 3531 εὖ
3272 3475 3409 3547 μάλα
3423 3492 3484 3544 γε
3504 3474 3742 3546 ἀσμένως

541 3570 829 3627 Eustathio
861 3572 1073 3635 scribit,
1096 3571 1529 3642 hippopotamos
1560 3574 1844 3635 duntaxat,
1880 3575 2020 3629 sicut
2050 3583 2104 3628 et

2206 3570 2586 3643 ἡσυχάζουσιν·
2616 3554 2670 3624 οἱ
2704 3554 2760 3624 δέ
2791 3571 2848 3633 ἐς
2874 3571 2998 3634 τοὺς
3027 3569 3229 3641 μυχοὺς
3253 3566 3346 3620 τοῦ
3375 3564 3632 3634 πελάγους
3655 3580 3748 3616 κα-

539 3662 741 3719 vitulos
764 3661 1033 3733 aquatiles
1055 3662 1205 3717 corio
1221 3673 1274 3717 et
1295 3662 1420 3733 pilis
1453 3663 1638 3732 iutegi.
1671 3661 1743 3717 De
1767 3662 1869 3717 hoc
1895 3664 2105 3718 Aristo-

2203 3664 2502 3728 ταθέοντες,
2543 3659 2661 3717 εἶτα
2691 3663 2790 3733 τὴν
2826 3661 3030 3717 ἄνωθεν
3071 3661 3271 3734 φρίκην
3304 3659 3575 3726 ἐξέκλιναν
3612 3656 3755 3710 κάτω

539 3751 697 3818 teles,
727 3750 806 3806 De
833 3751 956 3809 Itist.
990 3752 1153 3808 anim.
1190 3751 1282 3808 lib.
1309 3767 1371 3816 ιι,
1402 3767 1521 3822 cap.
1546 3752 1845 3818 7;Strabo,
1876 3753 1972 3808 lib.
1998 3770 2101 3820 xv;

2205 3757 2297 3811 καὶ
2319 3756 2377 3809 ἐν
2404 3754 2567 3827 βυθῷ.
2592 3756 2705 3824 Οὐχ
2736 3752 2908 3817 οὕτως
2948 3752 3057 3824 γάρ
3086 3768 3270 3822 φασιν,
3306 3749 3494 3822 ὥσπερ
3537 3744 3624 3802 οὖν
3655 3748 3755 3802 ἄνω

538 3844 781 3904 Joannes
834 3847 967 3910 Leo,
1021 3845 1402 3916 Descriptionis
1475 3846 1672 3915 Africa:
1728 3847 1821 3901 lib.
1876 3863 1962 3911 Ix,
2009 3847 2103 3917 qui

2202 3848 2505 3904 διοιὸαίνειν
2537 3865 2597 3901 τε
2639 3848 2732 3902 καὶ
2750 3845 2970 3900 τύπτειν
2991 3845 3052 3898 τὸ
3069 3844 3219 3915 κῦμα
3240 3846 3539 3915 ὰγριαῖνον.
3570 3842 3754 3912 ’Υπαρ-

539 3939 707 3994 etiam
741 3953 837 3993 eos
867 3938 1072 4009 depiles
1107 3953 1231 3993 esse
1260 3937 1471 3993 scribit.
1499 3936 1575 3993 De
1611 3938 1731 4007 ejus
1761 3938 1816 3991 in
1848 3946 2104 4009 parentes

2205 3943 2429 4014 χομένου
2451 3942 2509 3996 δὲ
2540 3939 2634 3995 τοῦ
2671 3936 2822 4012 ἦρος,
2858 3939 2952 3994 καὶ
2980 3937 3074 3991 τοῦ
3108 3937 3205 4008 μὲν
3236 3937 3396 4008 ἀέρος
3429 3933 3650 4006 φαιδροῦ
3672 3950 3753 4001 γε-

541 4027 820 4099 impietate
853 4036 908 4084 et
951 4029 1225 4099 injustitia
1258 4028 1609 4093 Plutarchus,
1640 4030 1732 4085 lib.
1772 4028 1843 4083 De
1885 4029 2105 4084 solertia

2203 4032 2449 4103 νομένου,
2481 4030 2589 4085 τῶν
2624 4030 2683 4085 δὲ
2725 4029 2905 4099 φυτῶν
2933 4028 3145 4084 θάλλειν
3174 4027 3512 4101 ἀρχομένων,
3542 4023 3752 4078 καὶτῶν

541 4122 739 4182 anim.;
764 4127 819 4175 et
846 4121 1121 4190 quomodo
1152 4120 1450 4191 symbolice
1488 4129 1639 4176 notet
1686 4120 2099 4192 impudentiam.

2203 4124 2477 4195 λειμώνων
2508 4122 2576 4177 τὰ
2608 4123 2879 4193 σύντροφα
2907 4120 3218 4193 κομώντων,
3250 4119 3460 4191 γαληνά
3489 4135 3547 4172 τε
3577 4115 3644 4170 τὰ
3669 4113 3749 4169 τοῦ

542 4208 710 4276 Idem,
730 4212 825 4269 lib.
859 4211 931 4266 De
947 4211 1112 4266 Iside.
1138 4210 1275 4264 Vide
1296 4210 1597 4276 Aﬁliannm,
1624 4212 1718 4266 lib.
1748 4227 1846 4276 vn,
1872 4227 1991 4283 cap.
2013 4212 2098 4274 l9,

2204 4218 2470 4286 πελάγους
2492 4219 2587 4270 καὶ
2601 4217 2827 4271 ὑπεύδια
2846 4214 3153 4286 αἰσθόμενοι
3172 4214 3222 4266 οἱ
3252 4210 3450 4281 ἰχθύες,
3481 4208 3751 4264 ἀναθέουσι

542 4305 619 4359 De
665 4305 790 4360 hist.
835 4306 1037 4369 anim.,
1066 4315 1121 4360 et
1173 4311 1367 4374 praeter
1405 4312 1630 4359 caeteros
1672 4302 1897 4368 Horum,
1948 4303 2021 4358 lib
2061 4322 2099 4366 I,

2203 4310 2298 4363 καὶ
2332 4308 2559 4380 πηδῶσι,
2589 4309 2682 4361 καὶ
2710 4307 2934 4379 πλησίον
2959 4307 3055 4376 τῆς
3076 4307 3176 4376 γῆς
3202 4305 3452 4375 νήχονται
3480 4299 3747 4372 ὠσπεροῦν

540 4412 661 4468 cap.
702 4395 788 4453 16.

2202 4403 2426 4472 ἥκοντες
2471 4401 2527 4467 ἐξ
2578 4401 2907 4473 ἀποδημίας.
2954 4398 3065 4454 Nec
3113 4406 3397 4469 prOpterea
3441 4392 3747 4449 Aristoteles

611 4486 772 4552 lbid.,
802 4486 896 4542 lin.
927 4486 1014 4541 54.
1041 4485 1149 4540 Καὶ
1189 4485 1361 4539 ἐστιν
1399 4482 1881 4553 ἀδηφαγώτατον.
1918 4484 2101 4538 Achil-
2128 4503 2176 4564 ι)
2205 4510 2216 4548 ι

2142 4504 2176 4564 ι)
2205 4502 2365 4564 negat
2403 4493 2581 4563 pisces
2608 4509 2832 4549 voraces
2856 4508 2977 4549 esse
2999 4498 3053 4547 et
3074 4493 3315 4563 gulosos,
3334 4488 3430 4544 sed
3448 4488 3500 4542 id
3517 4486 3583 4541 ad
3598 4486 3747 4540 aliam

540 4579 621 4635 les
650 4578 879 4643 Statius,
902 4577 997 4632 lib.
1030 4592 1117 4629 tv:
1152 4575 1373 4647 Πρῶτον
1410 4576 1508 4646 μὲν
1540 4576 1641 4645 τὴν
1672 4575 1833 4645 φύσιν
1869 4574 1962 4627 τοῦ
2000 4574 2100 4645 θη-

2205 4599 2448 4646 causam,
2471 4599 2577 4639 non
2600 4585 2663 4639 ad
2683 4585 2919 4639 calorem
2944 4582 3132 4645 refert,
3154 4596 3276 4652 qua:
3293 4588 3350 4636 et
3370 4579 3540 4649 magis
3563 4576 3750 4631 verosi-

541 4672 657 4747 ρίου
689 4670 1026 4738 καταλέγων,
1058 4666 1178 4724 εἷτα
1209 4667 1417 4722 καὶτὸν
1447 4667 1646 4739 τρόπον
1672 4668 1770 4738 τῆς
1796 4667 1990 4738 ἄγρας,
2027 4666 2103 4731 ὥς

2204 4676 2348 4732 milis
2367 4676 2604 4744 videtur;
2625 4677 2762 4731 libro
2782 4676 2927 4732 enim
2947 4691 3029 4740 ιιι,
3050 4674 3127 4729 De
3148 4682 3288 4743 part.
3303 4674 3491 4736 anim.,
3507 4686 3626 4740 cap.
3648 4667 3708 4721 14
3740 4708 3747 4719 .

538 4762 655 4813 ἐστι
704 4762 803 4830 μὲν
840 4757 1284 4830 ἁδηφαγώτατον,
1343 4758 1438 4810 καὶ
1477 4757 1708 4809 ποιεῖται
1753 4754 1956 4833 τροφὴν
1984 4754 2102 4811 ὅλον

2206 4767 2376 4823 Genus
2399 4769 2621 4838 piscium
2651 4785 2819 4831 omne,
2845 4769 3091 4839 quoniam
3110 4766 3282 4821 cibum
3308 4766 3479 4819 minus
3508 4762 3748 4831 conﬁcere

538 4850 704 4923 λήϊον.
733 4848 957 4907 Nonnus
985 4849 1343 4921 Dionysiacon
1366 4849 1461 4902 lib.
1488 4862 1613 4902 xxvi
1643 4866 1653 4900 :

2201 4860 2389 4931 possit,
2434 4861 2699 4931 crudaque
2745 4868 2939 4931 egerat,
2972 4868 3022 4913 et
3070 4871 3235 4912 vorax
3288 4864 3339 4910 et
3374 4854 3615 4925 gulosum
3656 4858 3744 4904 est.

850 4993 920 5004 —-
950 4962 1116 5028 ἐώιος
1155 4962 1335 5027 Ἰνδὸς
1358 4960 1682 5028 Ὑδάσπης.
2204 4948 2411 5004 Cmtera
2442 4968 2455 5004 ι

2204 4948 2411 5004 Cretera
2442 4950 2601 5004 etiam
2634 4952 2833 5011 omnia,
2856 4950 3045 5020 quibus
3067 4946 3318 5001 intestina
3347 4953 3469 4999 sunt
3494 4952 3655 5003 recta.
3680 4943 3747 4993 ci-

538 5032 696 5105 Κεῖθι
728 5030 1145 5105 μελαμψηςςίδι
1180 5032 1437 5105 διαξιξων
1454 5032 1603 5105 ῥόον
1626 5030 1813 5105 ὀπᾷῇ-

2202 5042 2385 5095 borum
2417 5041 2571 5096 avida
2591 5052 2729 5096 sunt.
2750 5040 2882 5096 Cum
2902 5042 3038 5096 enim
3061 5039 3206 5093 cibus
3235 5038 3465 5093 celeriter
3495 5042 3743 5105 egeratur,

536 5100 795 5173 Νήχετιιι
830 5100 1101 5168 sentem
1128 5102 1453 5172 ποταμήτος
1485 5103 1666 5168 ἵππος
1697 5100 1926 5169 ἀλήτης

540 5171 676 5238 Οἵος
701 5171 848 5239 ἐμοῦ
887 5174 1119 5226 Νείλοιο
1148 5172 1472 5241 θερειγενὲς
1490 5168 1665 5241 οἶδμα
1684 5171 2013 5241 χαράσσωνι

2203 5133 2521 5205 proindeque
2552 5133 2716 5189 brevis
2746 5151 2874 5188 usus
2905 5132 3117 5202 [ruendi
3135 5131 3226 5195 sit,
3251 5130 3388 5184 brevi
3420 5136 3653 5197 repetant
3676 5125 3742 5176 ci-

536 5225 804 5298 ,ἀνάιιτειει
829 5225 1067 5310 βορέεω
1091 5225 1163 5295 ea
1194 5225 1624 5311 θδαιιςίιηβδ,
1654 5225 1856 5308 nam
1955 5225 1980 5226 εί
2204 5225 2326 5279 bum
2349 5225 2505 5279 avida
2531 5241 2735 5281 necesse
2762 5234 2860 5283 εει.

537 5312 885 5393 Μῃκερανός
911 5312 1248 5393 τεκέεσσιν,
1276 5313 1366 5366 ἐπ’
1396 5310 1683 5393 ᾳέγιατῖοῖο
1706 5310 1785 5393 δέ,
1795 5312 1995 5393 ,βαίνει

2272 5316 2429 5382 lbid.,
2465 5319 2562 5372 lin.
2603 5317 2655 5371 9.
2710 5319 2772 5373 Ἠ
2804 5318 2871 5371 δὲ
2902 5317 3232 5383 θαλάσσιος
3274 5312 3538 5381 ἀλώπηξ.
3592 5310 3744 5365 Aliter

536 5381 731 5505 Αἰξμῇ
759 5382 1183 5452 καρχαρόδοντι
1212 5381 1525 5449 διασχίζων
1540 5381 1723 5466 ῥάχιν
1751 5382 1904 5449 ὕλης
2030 5452 2055 5462 _

537 5457 623 5508 Κα
665 5452 871 5519 διερὴν
888 5452 1226 5522 ἀχὰρακτον
1246 5450 1401 5520 ἔχων
1415 5450 1597 5522 γένυν
1609 5468 1843 5522 αρπιιγα
1862 5466 2100 5521 nugator

2200 5411 2303 5466 hoc
2335 5381 2520 5465 narrat
2544 5409 2793 5467 Aﬂlianus
2822 5410 2898 5466 De
2926 5411 3047 5466 hist.
3080 5381 3267 5475 anim.,
3287 5410 3382 5464 lib.
3416 5420 3629 5475 rx,cap.
3653 5402 3741 5468 ης

537 5492 645 5508 ην..
665 5492 853 5519 ...ινφ
888 5492 1209 5522 “Aurum...
1246 5492 1381 5520 μιν...
1424 5492 1501 5520 ,υι
1526 5492 1578 5504 υ.
1609 5492 1843 5520 ..τμη-ιν.
1862 5492 2083 5521 ...Ἴων

535 5522 779 5592 Μιμηλῇ
804 5522 1068 5591 apertam
1094 5522 1485 5589 σταχυηςρόρα
1506 5520 1648 5586 Irim
1678 5520 1874 5590 τέμνει

2201 5500 2437 5554 aitenim
2469 5500 2682 5570 vulpem
2706 5501 2969 5555 marinam
3000 5502 3161 5556 hamo
3180 5500 3436 5555 devorato
3465 5495 3649 5551 omnia
3678 5492 3744 5546 in-

550 5585 796 5661 Ὰλιητῆρ
816 5585 1103 5662 ἀσίδηρὸς
1131 5585 1550 5662 ἀμᾶλλοφὶῖρου
1583 5585 1860 5647 τοκετοῖο.

2202 5592 2403 5647 teriora
2447 5607 2697 5648 evomere
2725 5603 2977 5664 tanquam
3006 5600 3212 5649 vestem
3247 5592 3625 5648 invertentem,
3653 5585 3742 5640 do-

537 5682 806 5748 JElianus,
833 5684 927 5739 lib.
956 5701 1007 5747 ν,
1036 5699 1156 5755 cap.
1188 5684 1277 5749 55,
1315 5691 1370 5739 et
1399 5683 1624 5748 Plinius,
1650 5684 1744 5739 lib.
1775 5701 1886 5740 νιιι.
2202 5699 2299 5737 nec
2342 5684 2562 5739 hamum
2613 5693 2819 5755 egerat,
2859 5684 3054 5742 deinde
3082 5685 3385 5743 rcsorberc.
3427 5683 3504 5738 Ex
3537 5678 3744 5739 Eliano

607 5771 767 5842 ibid.,
796 5775 891 5829 lin.
924 5776 1010 5830 55.
1064 5776 1222 5832 Ἀπάι
1242 5795 1274 5847 ιι
1306 5775 1373 5829 δὲ
1403 5776 1665 5846 θηρᾶται.
1710 5776 1906 5832 Eadem
1938 5774 2098 5832 habet
2200 5793 2212 5829 ι

1417 5776 1665 5846 inportu.
1710 5776 1906 5832 Eadem
1938 5774 2098 5832 habet
2200 5775 2487 5841 exscripsit
2519 5775 2670 5830 Phile
2706 5777 2758 5832 in
2782 5776 2979 5836 Ianthis
3007 5794 3022 5832 :
