4064 6290
288 350 405 408 88.3

412 466 530 539 Τὴν
562 467 862 539 κερδαλῆν
887 469 954 522 δέ
978 485 1125 539 φασι
1156 472 1269 538 τὴν
1295 477 1636 537 θαλαττίαν,

411 537 827 614 ἶοῖς-ἐγὶςὰτοις
855 537 1174 614 ἄγκιστρον
1185 537 1680 614 Αὲῖσδεδεγμένην,

400 607 608 684 {059th
634 607 858 684 ἐαυτῄν
883 607 999 662 τῶν
1021 607 1118 684 de;
1139 611 1206 676 ἐξ
1223 607 1723 684 ἕνδονὰὶρέεέειν,

413 677 506 752 ξῼς
532 677 856 752 ιέιατισμῶν
881 679 1148 752 -σηρικῶν
1171 677 1558 752 ὐφασμάτωὶισ,

419 746 510 813 Ὡς
541 747 617 800 ἂν
647 751 680 802 δ
709 746 932 817 χαλκὸς
955 746 1237 822 ἐμπαγεὶξ-
1269 746 1574 823 διὲκπέσῃ.

294 858 409 913 Nec
440 860 618 914 minus
643 861 940 917 oscitanter
968 863 1019 917 id
1063 864 1204 919 idem
1257 866 1480 936 scripsit
1513 864 1859 934 Plutarchus,

295 948 545 1019 Dialogo,
573 948 762 1004 Utrum
807 953 1181 1022 prudentiora,
1220 963 1326 1012 etc.
1363 957 1474 1012 Hos
1505 973 1634 1028 ergo
1665 958 1861 1014 confu-

295 1040 448 1096 disse
467 1041 669 1109 pisces,
702 1051 756 1097 et
779 1044 924 1112 quod
952 1054 1071 1099 erat
1098 1047 1259 1102 unius
1286 1049 1442 1105 alteri
1471 1050 1752 1116 tribuisse,
1783 1067 1864 1107 sa-

297 1135 372 1186 tis
410 1132 576 1202 liquet
643 1150 709 1189 ex
761 1138 842 1191 his
873 1153 993 1207 quae
1026 1154 1091 1192 ex
1135 1140 1425 1196 Aristotele
1465 1142 1695 1212 aliisque
1725 1144 1863 1199 scri-

297 1223 550 1292 ptoribus
584 1223 933 1282 adducemus.
973 1229 1292 1286 Aristoteles
1317 1233 1460 1284 enim
1483 1232 1862 1286 disertissimis

296 1314 481 1368 verbis
514 1314 587 1368 De
616 1316 800 1372 histor.
831 1319 1017 1382 anim.,
1050 1320 1144 1374 lib.
1171 1337 1245 1384 ix,
1275 1336 1396 1392 cap.
1425 1323 1523 1376 57:
1553 1324 1654 1376 Ἦν
1683 1323 1738 1376 δὲ
1767 1340 1865 1378 κα-

297 1402 450 1456 λοῦσι
506 1405 915 1478 σκολόπενδραν,
964 1411 1091 1464 ὅταν
1148 1414 1387 1484 καταπίῃ
1439 1414 1500 1466 τὸ
1548 1414 1858 1486 ἄγκιστρον,

297 1497 621 1568 ἐκτρέπεται
647 1500 714 1552 τὰ
753 1501 900 1565 ἐντὸς
920 1544 934 1568 ,
988 1504 1144 1567 ἐκτὸς
1181 1505 1284 1568 ἕως
1315 1504 1379 1560 ἂν
1407 1506 1641 1577 ἐκϐάλλῃ
1677 1506 1738 1559 τὸ
1766 1507 1864 1575 ἄγ-

296 1606 540 1660 κιστρον,
593 1588 689 1644 εἷθ’
740 1590 912 1657 οὕτως
966 1595 1309 1666 εἰστρέπεται
1357 1597 1516 1650 πάλιν
1571 1597 1737 1661 ἐντός.
1797 1597 1863 1652 Et

296 1676 528 1743 Plinius,
569 1680 661 1735 lib.
696 1696 770 1746 ιιι,
820 1697 941 1752 cap.
981 1683 1088 1737 45:
1121 1684 1489 1756 Scolopendra:
1527 1689 1860 1742 terrestribus

295 1771 517 1837 similes,
539 1789 669 1842 quas
692 1773 982 1842 centipedes
1007 1787 1212 1842 vocant,
1237 1778 1392 1834 hamo
1418 1779 1662 1834 devorato
1685 1781 1863 1835 omnia

294 1863 568 1918 interanea
593 1877 854 1934 evomunt,
885 1869 1045 1923 donec
1074 1869 1286 1924 hamum
1312 1881 1542 1942 egerant,
1567 1873 1751 1927 deinde
1777 1889 1862 1927 re-

296 1951 530 2008 sorbent.
557 1957 624 2009 At
656 1961 829 2025 vulpes
861 1960 1084 2014 marina:
1112 1961 1276 2013 simili
1302 1963 1354 2014 in
1376 1963 1606 2031 periculo
1635 1963 1863 2033 qlutiunt

295 2045 544 2113 amplius,
580 2063 739 2117 usque
782 2049 852 2101 ad
890 2040 1104 2118 inﬁrma
1137 2051 1290 2105 linea:
1324 2068 1441 2121 qua:
1482 2053 1638 2121 facile
1665 2069 1864 2123 prwro—

292 2136 460 2200 dant;
493 2147 548 2192 et
573 2137 852 2210 Oppianus
894 2141 1144 2196 Ἀλιευτ.
1180 2143 1272 2197 lib.
1301 2159 1360 2197 ιιι
1395 2163 1408 2198 :

291 2232 590 2307 Amp-aperi
606 2233 657 2286 δ’
679 2235 842 2307 ἀμίαι
864 2235 961 2307 καὶ
987 2234 1308 2300 ἀλώπεκες,
1334 2233 1402 2307 εὖ
1421 2238 1467 2289 τ’
1492 2237 1578 2307 iis:
1591 2237 1860 2307 ἔχωνται,

292 2302 494 2368 Εὐθὺς
533 2301 653 2356 ἀνω
694 2301 1070 2359 σπεύδουσιν·
1106 2306 1476 2375 ὑποφθαδὸν,
1511 2301 1664 2375 αἷψᾶ
1694 2307 1761 2360 δὲ

308 2439 544 2515 ξφρμιὴν
572 2441 672 2515 ὑπ’
703 2442 912 2515 ὀδοῦοζι
943 2443 1274 2515 διέτμαγον,
1307 2445 1416 2515 ἠδὲ
1437 2447 1537 2500 καὶ
1573 2377 1864 2514 ὰῐᾶιιλέἕέην

291 2509 514 2584 Χαίςτᾳς
535 2513 799 2584 Δτοῦνεκα
831 2512 1010 2584 τῇσιν
1038 2509 1470 2584 ἐάαᾲῑκέύοίανϊ
1499 2509 1702 2583 ditiis;

288 2579 498 2632 Αὐλὸν
521 2580 612 2632 ἐπ’
636 2579 933 2651 ἀγκίστρῲ
963 2579 1354 2656 δολάώτερον
1377 2587 1561 2657 ἄλγος
1582 2579 1860 2642 odd-rtem

291 2668 445 2732 Quos
473 2671 635 2726 etiam
663 2680 851 2728 noster
883 2675 972 2728 hic
1003 2685 1195 2730 auctor
1223 2677 1504 2746 sequitur;
1544 2685 1596 2733 et
1623 2679 1696 2732 ita
1733 2693 1866 2733 sane

292 2774 411 2812 rem
445 2775 503 2814 se
531 2760 732 2817 habere
771 2772 922 2818 certo
967 2765 1171 2822 certius
1206 2767 1499 2822 tenendum
1548 2775 1651 2822 est.
1696 2767 1863 2822 Error

290 2858 478 2905 autem
525 2851 749 2918 Eliani,
792 2853 1072 2910 Plutarchi
1108 2866 1161 2912 et
1211 2858 1442 2912 aliorum
1485 2859 1612 2914 inde
1648 2858 1864 2914 videtur

289 2939 538 2996 ﬂuxisse.
573 2941 706 2997 Nam
738 2958 861 2997 cum
887 2945 942 2998 in
973 2952 1126 2999 textu
1158 2945 1494 3011 Aristotelis,
1525 2962 1554 3000 a
1577 2962 1687 3016 quo
1713 2963 1865 3004 acce-

289 3041 493 3102 perunt
524 3049 642 3098 sua,
677 3034 780 3104 ipsi
814 3036 1074 3107 legissent
1097 3037 1314 3106 vulpem
1351 3038 1638 3102 marinam,
1671 3039 1859 3093 eodem

1320 359 1385 413 IN
1427 358 1792 414 EUSTATHII
1834 357 2302 415 HEXAEMERON
2348 359 2575 414 ΝΟΤΑΞ.

1893 480 1940 534 Α
2037 475 2197 542 Ibid"
2258 477 2354 531 lin.
2389 477 2480 530 24.
2529 475 2667 545 Περὶ
2699 477 2810 546 γὰρ
2861 475 2974 546 τὴν
3002 477 3276 548 γαστέρα.
3316 451 3559 536 Ριίῐιίιιε⁸

3421 363 3524 419 890

1967 565 2060 621 lib.
2111 583 2228 631 vnl,
2265 582 2389 638 cap.
2441 568 2547 622 i5:
2585 567 2653 621 Et
2704 569 2963 637 unguibus
3021 568 3104 622 hic
3156 579 3392 625 armatus
3423 581 3522 633 est,

1961 671 2149 715 contra
2177 678 2352 716 omnes
2372 662 2506 717 ictus
2529 671 2644 718 cute
2666 664 2894 728 invicta;
2917 671 2971 719 et
2993 664 3251 720 inferius!
3269 665 3334 719 In
3355 675 3527 722 ventre

1961 752 2140 807 mollis
2187 761 2265 808 est
2297 755 2566 824 tenuisque
2617 755 2750 809 cutis
2797 754 3078 810 crocodilo.
3115 754 3351 811 Consule
3392 755 3528 812 Soli-

1961 857 2114 906 num,
2157 849 2210 898 et
2246 842 2384 898 alios
2422 843 2515 913 qui
2552 844 2620 898 de
2667 845 2944 900 crocodilo
2999 845 3262 900 scribunt.
3295 842 3528 917 Ideoque

1959 934 2202 1005 delphini
2251 935 2574 990 immeautes
2620 935 2773 1002 Nilo,
2806 951 3039 1006 quorum
3078 935 3245 991 dorso
3272 946 3528 1008 tanquam

1961 1024 2030 1080 ad
2082 1026 2227 1080 hunc
2271 1041 2432 1082 usum
2463 1026 2743 1113 cultellata
2781 1027 2925 1082 inest
2971 1028 3157 1097 pinna,
3209 1028 3526 1093 subeuntes,

1961 1117 2362 1172 crocodilorum
2420 1117 2601 1172 alvum
2678 1119 2769 1173 illa
2822 1127 3008 1174 secant
3049 1120 3226 1188 spina.
3283 1118 3526 1184 Solinus,

1962 1205 2056 1260 lib.
2091 1221 2268 1260 xxxv:
2302 1204 2399 1259 Est
2431 1215 2482 1259 et
2510 1204 2811 1274 delphinum
2841 1222 3001 1276 genus
3036 1208 3089 1260 in
3130 1206 3277 1272 Nilo,
3307 1225 3530 1277 quorum

1962 1298 2122 1353 dorsa
2151 1306 2385 1352 serratas
2412 1298 2600 1353 habent
2649 1299 2860 1352 cristas.
2895 1298 2967 1351 Hi
2993 1298 3256 1367 delphines
3295 1301 3529 1355 crocodi-

1963 1389 2042 1444 los
2098 1390 2273 1444 studio
2312 1391 2528 1445 eliciunt
2562 1390 2632 1443 ad
2679 1391 3007 1453 natandum,
3048 1390 3370 1462 demersique
3409 1403 3529 1448 astu

1961 1482 2296 1551 fraudulento
2338 1493 2515 1538 tenera
2559 1483 2814 1537 ventrium
2876 1483 3296 1538 subternatantes
3350 1494 3529 1539 secant

1960 1580 2009 1624 et
2053 1571 2382 1625 interimunt.
2429 1569 2493 1625 Hi
2535 1573 2713 1642 capita
2741 1572 3042 1636 hominum,
3077 1589 3214 1643 quos
3245 1583 3526 1644 vorarunt,

1961 1663 2178 1730 deﬂent,
2203 1672 2257 1719 et
2283 1673 2621 1719 mortuorum
2655 1665 2916 1734 reliquias
2946 1666 3251 1736 deplorant,
3281 1676 3339 1722 ut
3365 1669 3532 1724 tradit

1963 1756 2213 1812 Asterius
2237 1756 2484 1812 Amaseae
2529 1757 2844 1828 episcopus,
2890 1772 3000 1812 non
3047 1756 3176 1812 facti
3213 1759 3533 1828 pmnitentia

1964 1845 2228 1911 adducti,
2276 1847 2370 1902 sed
2423 1845 2670 1902 dolentes
2714 1845 2859 1916 quod
2910 1848 3087 1918 ipsum
3150 1857 3312 1920 caput
3371 1867 3534 1908 carne

1965 1947 2173 2003 careat,
2194 1953 2358 2009 quam
2384 1939 2485 2008 ipsi
2515 1937 2779 1993 devorent
2805 1956 2820 1993 :
2852 1939 3076 1995 homilia
3106 1941 3173 1996 de
3195 1942 3437 2012 jejunio:
3467 1945 3533 1998 Τί

1967 2050 2048 2085 σοι
2073 2031 2319 2102 βούλεται
2345 2032 2378 2101 ἡ
2401 2031 2640 2100 νηστεία,
2667 2032 2698 2102 ἦ
2722 2033 2849 2094 τοὺς
2872 2032 3141 2104 Νειλῴους
3164 2036 3533 2106 κροκοδείλους

1967 2122 2282 2194 μιμεῖσθαι;
2327 2121 2422 2184 οὓς
2463 2136 2594 2191 φασι
2629 2125 2751 2185 ταῖς
2775 2123 3038 2192 κεφαλαῖς
3075 2124 3383 2198 ἐπιθρηνεῖν
3425 2127 3533 2182 τῶν

1964 2213 2287 2286 ἀνθρώπων,
2317 2207 2394 2268 ὧν
2425 2213 2646 2284 ἔφαγον,
2683 2215 2777 2268 καὶ
2803 2215 3057 2288 δακρύειν
3088 2217 3180 2270 ἐπὶ
3211 2221 3323 2281 τοῖς
3351 2218 3527 2288 λειψάσ

1963 2322 2073 2369 νοις
2111 2305 2218 2358 τῶν
2268 2304 2478 2373 φόνων,
2527 2305 2587 2358 οὐ
2646 2305 2934 2376 μετάνοιαν
2994 2307 3103 2362 τῶν
3155 2311 3534 2382 γεγενημένων

1963 2395 2354 2465 λαμϐάνοντας,
2400 2396 2535 2450 ἀλλὰ
2581 2396 2644 2450 τὸ
2686 2396 2924 2468 άσαρκον
2967 2399 3068 2468 τῆς
3109 2401 3370 2470 κεφαλῆς,
3412 2404 3530 2474 ἐμοὶ

1963 2491 2160 2555 δοκεῖν,
2189 2490 2568 2560 ὀδυρομένους,
2598 2491 2674 2554 ὡς
2701 2493 2780 2554 εἰς
2817 2490 3018 2562 βρῶσιν
3043 2492 3142 2545 οὐκ
3170 2494 3496 2565 ἐπιτήδειον.

2035 2581 2193 2646 11)ἱ(1.,
2221 2581 2319 2634 lin.
2355 2580 2444 2636 50.
2483 2580 2699 2635 Ἔδωκε
2722 2581 2791 2635 δὲ
2819 2583 3043 2650 αὐτοῖς.
3083 2583 3340 2649 Basilius,
3384 2585 3531 2640 hom.

1964 2674 1998 2728 8
2020 2673 2145 2727 εΔιὰ
2168 2673 2221 2725 τί
2245 2671 2304 2736 ἐξ
2325 2672 2532 2725 ὑδάτων
2557 2671 2649 2724 κα¹1⁷
2675 2675 2790 2736 τοῖς
2811 2675 3032 2744 πτηνοῖς
3056 2673 3154 2745 τὴν
3183 2674 3394 2744 γένεσιν
3413 2675 3518 2729 ἔδω

1963 2780 2091 2829 κεν;
2126 2764 2246 2816 ’Ὁτι
2278 2762 2466 2832 ὥσπερ
2506 2761 2795 2830 συγγένειά
2829 2766 2912 2828 τίς
2940 2767 3056 2818 ἐστι
3082 2768 3192 2831 τοῖς
3220 2767 3532 2838 πετομένοις

1963 2855 2100 2927 πρὸς
2123 2853 2193 2908 τὰ
2219 2855 2412 2925 νηκτά.
2444 2856 2554 2908 Καὶ
2577 2855 2686 2927 γὰρ
2706 2854 2892 2926 ὥσπερ
2920 2857 2968 2908 oi
3002 2855 3154 2927 ἰχθῦς
3179 2857 3238 2910 τὸ
3271 2855 3414 2928 ὕδωρ
3443 2855 3532 2911 τὲ-

1965 2961 2178 3018 μνουσι,
2214 2949 2280 3017 τῇ
2313 2946 2411 3017 μὲν
2439 2948 2652 3016 κινήσει
2681 2944 2786 3000 τῶν
2822 2947 3108 3018 πτερύγων
3143 2948 3223 3012 εἰς
3253 2948 3315 3000 τδ
3347 2949 3533 3020 πρόσω

1962 3037 2283 3108 χωροῦντες,
2313 3040 2378 3109 τῇ
2407 3037 2462 3090 δὲ
2484 3037 2578 3092 τοῦ
2607 3037 2824 3109 οὐραίου
2863 3039 3127 3110 μεταὸολῇ
3160 3039 3258 3103 τάς
3291 3056 3352 3092 τε
3382 3057 3510 3112 περι

287 3125 458 3178 modo
479 3141 542 3179 ac
561 3127 900 3196 centipedem
927 3129 1145 3184 hamum
1171 3129 1429 3200 eﬂ'ugere,
1458 3129 1578 3183 Τῶν
1599 3130 1642 3182 δ’
1665 3128 1859 3200 ίχθύων

1966 3131 2204 3203 στροφὰς
2229 3133 2324 3186 καὶ
2351 3131 2448 3196 τὰς
2481 3131 2696 3194 εὐθείας
2732 3131 2908 3202 ὁρμὰς
2938 3132 3148 3194 ἑαυτοῖς
3182 3132 3532 3196 οἰακίζοντεςο

285 3215 349 3267 αἱ
395 3215 788 3286 ὀνομαζόμεναι
822 3217 1120 3286 ἀλώπεκες,
1163 3223 1292 3276 ὅταν
1331 3221 1642 3288 αἴσθωνται,
1677 3223 1760 3276 ὅτι
1798 3223 1858 3276 τὸ
1893 3215 1930 3224 *
1961 3221 2104 3276 οὕτω
2143 3223 2236 3276 καὶ
2275 3223 2367 3276 ἐπὶ
2398 3222 2504 3276 τῶν
2544 3221 2760 3292 πτηνῶν
2797 3223 2943 3277 ἔστιν
2979 3223 3104 3276 ἰδεῖν
3135 3223 3534 3294 διανηχομένων

284 3306 588 3378 ἄγκιστρον
650 3309 1116 3378 καταπεπώκασι,
1178 3312 1432 3385 βοηθοῦσι
1488 3314 1623 3386 πρὸς
1680 3314 1855 3381 τοῦτο,

280 3397 480 3468 ὥσπερ
523 3398 692 3474 καὶνή
736 3401 1117 3474 σκολόπενδρα,
1163 3405 1315 3460 hisce
1361 3406 1541 3461 verbis
1589 3407 1856 3471 contenti,

280 3493 500 3561 reliqua
540 3473 706 3547 verba
751 3473 1061 3552 Aristotelis
1113 3499 1506 3570 neglexerunt,
1554 3500 1610 3553 in
1660 3500 1858 3570 quibus

279 3581 586 3636 discrimen
615 3583 854 3652 explicat
878 3626 894 3651 ,
923 3585 1156 3657 ideoque
1183 3589 1328 3658 quod
1358 3599 1474 3644 erat
1500 3590 1858 3646 tribuendum

279 3673 669 3742 centipedibus
699 3677 783 3730 vel
820 3679 1218 3748 scolopendris,
1248 3681 1398 3750 vulpi
1447 3683 1672 3738 marina
1696 3683 1861 3739 dede-

280 3771 441 3831 runt,
473 3773 528 3820 et
559 3766 896 3822 inverterunt
920 3771 1206 3825 historiam
1235 3789 1250 3838 ;
1283 3772 1369 3826 vel
1399 3773 1591 3827 saltem
1623 3773 1857 3841 primum

284 3859 557 3913 memoria
582 3859 792 3929 lapsum
825 3861 1232 3927 alﬁrmabimus,
1253 3872 1482 3920 caeteros
1506 3866 1688 3921 verbis
1711 3865 1858 3919 illius

282 3953 533 4009 delusos.
561 3951 676 4007 Huc
697 3953 909 4008 videtur
933 3954 1180 4012 allusisse
1199 3955 1473 4021 Horatius,
1491 3955 1547 4022 2,
1569 3955 1855 4013 Serm.sat.

747 4075 818 4083 —
847 4043 907 4098 Si
933 4044 1076 4113 vafer
1108 4062 1241 4100 unus
1271 4056 1320 4100 et
1344 4047 1478 4101 alter

284 4133 665 4188 Insidiatorem
691 4150 921 4203 prceroso
952 4136 1141 4205 fugerit
1172 4137 1414 4193 hamum.

286 4224 614 4282 Theodorus
646 4226 790 4281 Gaza
831 4229 887 4282 in
919 4229 1282 4286 Aristotelicis
1309 4230 1606 4296 vertendis,
1637 4230 1855 4287 Aristo-

281 4318 414 4373 telis
445 4320 769 4374 sententiam
801 4335 912 4374 non
937 4320 1226 4390 expressit,
1258 4321 1324 4376 de
1358 4335 1569 4390 suoque
1599 4323 1858 4376 nonnulla

277 4409 517 4472 addidit!
547 4428 667 4482 quae
700 4413 755 4466 in
807 4413 1099 4468 Aristotele
1147 4427 1254 4466 non
1305 4412 1596 4467 habentur.
1644 4413 1857 4468 Antbiae

1958 3313 2050 3366 τὸν
2081 3313 2218 3384 ἀέρα
2241 3315 2355 3376 τοῖς
2387 3315 2610 3384 πτεροῖς
2639 3312 2780 3366 κατὰ
2806 3313 2897 3365 τὸν
2924 3314 3108 3384 ὅμοιον
3141 3313 3358 3384 τρόπον·
3393 3313 3532 3367 ὥστε

1960 3403 2146 3475 ἐπειδὴ
2181 3403 2238 3457 ἓν
2276 3404 2470 3474 ἰδίωμα
2509 3405 2566 3458 ὲν
2605 3404 2886 3475 ἑκατέροις
2912 3405 2974 3458 τὸ
2997 3406 3270 3477 νήχεσθαι,
3315 3406 3412 3476 μία
3451 3418 3533 3469 τις

1959 3496 2137 3558 αὐτοῖς
2168 3497 2200 3566 ὴ
2225 3495 2511 3563 συγγένεια
2536 3495 2599 3547 ἐκ
2625 3495 2724 3564 τῆς
2745 3494 2850 3548 τῶν
2877 3495 3084 3550 ὑδάτων
3106 3495 3376 3564 γενέσεως
3396 3513 3532 3567 παρ-

1958 3585 2172 3657 εσχέθη.
2216 3583 2418 3640 Praeter
2467 3585 2609 3640 hanc
2657 3585 2923 3640 rationem
2955 3586 3159 3655 optime
3190 3585 3528 3650 Aristoteles,

1958 3676 2038 3731 De.
2059 3677 2182 3732 hist.
2218 3679 2406 3741 anim.,
2437 3677 2534 3732 lib.
2559 3693 2635 3741 vt,
2663 3692 2786 3746 cap.
2812 3676 2900 3742 10,
2924 3677 3160 3747 explicat
3190 3678 3422 3748 piscium
3446 3693 3532 3747 ge-

1959 3769 2229 3824 nerationi
2251 3784 2318 3824 ex
2345 3783 2449 3823 ovo
2480 3767 2614 3838 quid
2643 3768 2945 3834 diversum,
2973 3767 3213 3838 quidque
3239 3783 3530 3823 commune

1966 3877 2088 3917 cum
2122 3862 2303 3916 avium
2333 3862 2746 3930 procreatione;
2785 3869 2840 3916 et
2873 3861 2970 3916 lib".
2998 3861 3076 3915 De
3104 3861 3268 3914 anim.
3303 3861 3525 3925 incessu,

1960 3969 2081 4024 cap.
2104 3954 2206 4008 i7:
2241 3955 2370 4007 Aves
2399 3962 2574 4007 autem
2600 3953 3006 4024 quodammodo,
3031 3962 3080 4007 et
3099 3955 3265 4023 pisces
3286 3953 3529 4008 similiter

1961 4059 2014 4098 se
2030 4043 2237 4097 habent.
2267 4043 2461 4097 Avibus
2477 4060 2700 4114 namque
2730 4045 2830 4099 alet
2858 4046 2914 4099 in
2934 4046 3193 4116 superiori
3220 4055 3523 4114 suntparte,

1961 4129 2071 4182 illis
2101 4144 2218 4182 vero
2262 4128 2436 4196 pinna:
2469 4127 2588 4181 dua:
2615 4137 2764 4196 parte
2799 4144 2986 4197 prona,
3021 4137 3067 4181 et
3107 4127 3288 4181 avibus
3320 4127 3527 4198 quidem

1959 4216 2017 4270 in
2049 4217 2241 4286 supina
2267 4217 2501 4284 corporis
2522 4226 2672 4285 parte
2713 4225 2836 4271 sunt
2865 4215 3038 4285 pedes,
3074 4216 3186 4270 illis
3213 4232 3329 4269 vero
3358 4217 3412 4269 in
3437 4233 3527 4271 su-

1959 4310 2098 4377 pinis
2120 4309 2282 4379 juxta
2307 4327 2503 4378 pronas
2532 4313 2704 4380 pinna:
2724 4319 2844 4363 sunt
2872 4309 3130 4378 pluribus,
3159 4316 3211 4362 et
3236 4325 3352 4362 aves
3380 4326 3525 4379 prte-

1964 4413 2104 4458 terea
2135 4405 2449 4476 uropygium
2483 4403 2694 4467 habent,
2724 4400 2806 4454 illi
2835 4417 2951 4454 vero
2982 4399 3225 4453 caudam.
3256 4399 3397 4454 Aves
3429 4416 3527 4454 au-

270 4517 507 4574 quoque
536 4504 740 4568 funem,
769 4506 853 4559 vel
891 4507 1088 4561 lineam
1123 4506 1476 4576 abrumpunt,
1501 4522 1609 4560 non
1641 4521 1737 4561 ore
1760 4506 1853 4561 sed
1887 4509 1931 4562 D
1962 4507 2067 4553 lem
2101 4514 2166 4552 ex
2197 4497 2354 4568 aquis
2397 4496 2567 4551 Γυίεεθ
2607 4495 2905 4566 ντοάυοιεε
2934 4493 3268 4562 Ρτοδθδίιίοΐ
3311 4491 3526 4546 ﬁdem"

271 4593 465 4665 Spinis
505 4596 640 4664 tergi
686 4595 1001 4651 dissectam.
1039 4595 1268 4652 Ovidius
1310 4598 1366 4651 in
1399 4596 1700 4667 fragmento
1735 4595 1848 4650 lla-

279 4689 460 4752 lieut.,
486 4697 540 4743 et
571 4687 873 4758 Oppianus,
906 4689 1001 4744 lib.
1036 4705 1116 4743 ιιι.
1141 4686 1297 4743 Phile
1325 4691 1381 4742 in
1419 4687 1618 4743 lambis
1654 4689 1854 4744 similia

281 4779 454 4833 tradit
482 4779 550 4834 de
579 4786 773 4843 trocta,
811 4787 866 4834 et
891 4779 1022 4834 dicit
1065 4780 1206 4834 hanc
1232 4795 1345 4835 rem
1368 4795 1562 4834 nomen
1593 4780 1730 4850 pisci
1756 4780 1846 4835 de-

282 4870 452 4926 disse.
485 4871 810 4926 Aristoteles
843 4869 1114 4940 glanidem
1136 4869 1572 4941 ἁγκιστροφάγον
1595 4877 1774 4933 vocat,
1802 4877 1857 4923 et

281 4962 516 5017 Plinius.
550 4962 627 5017 De
667 4961 865 5032 mugile
914 4960 1016 5014 hoc
1054 4960 1221 5014 tradit
1261 4958 1586 5014 Plutarchus
1619 4959 1674 5015 d.
1715 4959 1854 5014 loco.

355 5053 518 5119 lbid.,
558 5055 656 5109 lin.
690 5054 776 5108 15.
825 5054 877 5106 '0
910 5052 978 5106 δὲ
1027 5051 1429 5120 κροκόδειλος.
1472 5050 1701 5118 Plinius,
1730 5054 1852 5106 libr.

285 5163 360 5212 vr,
391 5145 555 5215 capit.
584 5145 676 5208 20,
711 5144 810 5200 hos
845 5144 1069 5198 humani
1095 5143 1342 5212 corporis
1375 5142 1726 5199 avidissimos
1747 5159 1854 5197 vo-

285 5245 396 5293 cat.
427 5234 666 5290 Joannes
704 5233 812 5289 Leo
854 5235 912 5290 in
958 5235 1323 5303 Descrip‘tione
1361 5233 1576 5302 Africw,
1613 5234 1736 5287 libr.
1776 5250 1853 5296 Ix,

286 5325 453 5382 refert
475 5339 570 5379 eos
598 5325 747 5380 circa
782 5324 968 5378 littora
997 5325 1310 5379 reconditos
1357 5337 1558 5392 magno
1606 5332 1728 5378 astu
1760 5324 1857 5378 ho-

287 5421 463 5475 mines
495 5419 578 5473 vel
609 5417 910 5488 propinqua
955 5415 1214 5469 animalia
1252 5415 1567 5480 observare,
1599 5430 1738 5485 quos
1767 5431 1862 5470 su-

288 5516 398 5571 bito
436 5512 610 5568 cauda
657 5511 933 5567 involutos
972 5510 1025 5562 in
1059 5522 1255 5578 aquam
1297 5507 1632 5578 pertrahere,
1668 5521 1730 5561 ac
1763 5507 1859 5562 de-

289 5621 501 5663 vorare.
527 5604 693 5675 quue
737 5604 891 5674 probi
929 5601 1080 5657 senis
1112 5615 1373 5656 successu
1397 5601 1738 5670 comprobat,
1765 5601 1857 5671 qui

311 5699 471 5768 longa
515 5695 774 5752 crocodili
813 5694 984 5750 cauda
1037 5692 1248 5748 cinctus
1301 5709 1366 5749 ex
1424 5693 1538 5762 ipsa
1587 5693 1708 5750 navi
1739 5709 1856 5750 mo-

302 5803 480 5846 mento
511 5789 767 5859 temporis
801 5788 1078 5846 detractus
1105 5784 1225 5843 fuit.
1257 5812 1260 5818 ι

1958 4589 2251 4652 sententia,
2277 4603 2404 4643 cum
2434 4587 2583 4642 nulla
2620 4586 2688 4641 de
2724 4601 2848 4641 aere
2874 4586 2930 4638 in
2963 4584 3140 4637 avium
3172 4581 3527 4652 productione
3582 4650 3586 4652 γ

1957 4681 2050 4736 ﬁat
2070 4681 2292 4736 mentio.
2329 4679 2396 4733 Et
2428 4679 2737 4750 graviSsimi
2779 4677 3036 4732 doctores
3083 4675 3136 4730 id
3172 4683 3524 4741 censuerunt,

1958 4780 2319 4850 Hieronymus
2346 4818 2360 4842 ,
2400 4777 2740 4847 Augustinus
2772 4814 2787 4839 ,
2842 4773 3147 4843 Rupertus,
3178 4771 3522 4835 Ambrosius,

1957 4869 2054 4922 lib.
2087 4885 2120 4922 v
2152 4866 2408 4921 Hexaem.
2436 4881 2557 4936 cap.
2585 4864 2689 4929 l4;
2723 4862 2962 4934 Cyrillus
2993 4861 3048 4914 in
3095 4860 3330 4930 primum
3361 4857 3528 4915 Gene-

1960 4959 2514 5022 seos;Theodoretus,
2547 4958 2641 5012 lib.
2663 4973 2697 5010 v
2724 4956 3032 5009 Divinarum
3061 4952 3291 5016 decret.;
3321 4950 3529 5007 Marius

1958 5050 2165 5114 Victor,
2190 5051 2283 5105 lib.
2321 5065 2338 5104 ι
2386 5049 2440 5102 in
2466 5045 2676 5111 Cenes.;
2708 5044 3095 5110 Damascenus,
3148 5044 3243 5099 lib.
3289 5059 3329 5098 ll
3396 5044 3525 5100 Fid.

1967 5138 2306 5203 Orthodoxce,
2344 5153 2464 5207 cap.
2497 5136 2562 5204 9;
2597 5135 2771 5207 Hugo,
2802 5133 3129 5199 Richardns,
3163 5143 3218 5189 et
3247 5134 3358 5189 alii.
3403 5133 3522 5187 Non

1960 5231 2296 5285 conveniunt
2335 5235 2518 5283 tamen
2566 5227 2708 5282 inter
2728 5241 2808 5291 se,
2844 5242 2964 5297 quae
2999 5227 3108 5282 sint
3155 5225 3238 5280 ha:
3271 5239 3425 5294 aqua:
3455 5240 3524 5279 ex

1958 5321 2159 5391 quibus
2184 5318 2368 5373 divina
2385 5317 2599 5386 eloquia
2623 5331 2751 5371 aves
2767 5331 2890 5372 esse
2915 5317 3204 5386 productas
3231 5314 3519 5368 adirmant.

1959 5413 2080 5468 Non
2111 5411 2401 5467 defuerunt
2448 5409 2527 5464 uti
2568 5408 2884 5479 Cajetanus,
2938 5406 3266 5462 Catharinus
3296 5413 3350 5461 et
3403 5405 3518 5471 alii,

1957 5505 2051 5576 qui
2079 5520 2188 5560 non
2217 5519 2284 5559 ex
2311 5501 2468 5572 aquis
2491 5516 2640 5567 aves,
2671 5501 2768 5556 sed
2801 5517 2867 5556 ex
2894 5501 3013 5571 ipsa
3073 5512 3216 5554 terra
3249 5496 3419 5552 fuisse
3450 5496 3522 5551 la-

1958 5606 2078 5653 ctas
2108 5595 2443 5651 contendunt
2468 5593 2648 5648 verbis
2671 5608 2841 5647 sacrae
2864 5591 3156 5662 Scriptura:
3192 5589 3246 5643 in
3287 5589 3522 5647 dialecto

1960 5687 2230 5746 llebraico
2258 5695 2312 5742 et
2355 5687 2672 5758 paraphrasi
2699 5683 2947 5739 Chaldaea
2977 5682 3110 5736 nixi.

2030 5780 2191 5846 lbitL,
2228 5779 2323 5837 lin.
2355 5780 2444 5835 54.
2485 5781 2650 5833 Ἔστι
2676 5777 2743 5831 δὲ
2764 5774 2961 5830 αὐτῶν
2991 5773 3062 5828 τὰ
3098 5771 3229 5832 μέν.
3260 5773 3515 5832 Basilius.
