4064 6290
546 284 646 342 89!
1846 279 2092 338 LEONIS
2113 279 2386 337 ALLATII

547 400 702 459 hom.
725 399 759 455 8
779 419 791 454 :
811 394 972 453 Ἀλλο
992 398 1088 469 μὲν
1112 392 1204 452 οὖν
1227 396 1383 467 γένος
1406 396 1468 451 τδ
1490 396 1598 450 τῶν
1625 397 2004 469 σαρκοφάγων,
2027 396 2120 451 καὶ
2148 405 2196 457 Α

552 491 690 563 ἄλλη
719 490 1030 561 κατασκευὴ
1052 490 1336 561 πρέπουσα
1358 489 1436 560 τῷ
1457 489 1641 562 τρόπῳ
1667 488 1767 558 τῆς
1790 487 1998 559 διαίτης
2025 487 2124 541 αὑ-

553 587 684 649 τῶν,
715 583 918 654 ὀνύχων
947 583 1142 654 ἀκμαί,
1177 585 1273 637 καὶ
1306 583 1479 654 χεῖλος
1517 582 1768 652 ἀγκύλον,
1801 583 1894 637 καὶ
1927 584 2125 656 πτερὸν

555 675 670 741 ὀξὺ,
696 672 835 727 ὥστε
867 674 961 728 καὶ
995 673 1364 746 συλληφθῆναι
1410 674 1606 747 ῥαδίως
1643 675 1702 729 τὸ
1747 676 1988 748 θήραμα,
2033 678 2126 731 κα)⁵

555 766 926 838 διασπαραγὲν
965 769 1174 838 τροφὴν
1210 766 1288 838 τῷ
1318 767 1490 822 ἑλόντι
1533 767 1803 837 γενέσθαι·
1857 769 1988 841 ἄλλη
2020 769 2126 825 τῶν

555 857 944 931 σπερμολόγων
971 859 1300 930 κατασκευὴ,
1332 859 1462 930 ἄλλη
1493 859 1602 914 τῶν
1625 862 1689 914 ὲκ
1715 860 1914 924 παντὸς
1933 877 2129 933 τρεφο-

2572 400 2790 455 Λέουσι
2826 398 3014 470 χάσμ’,
3041 399 3335 466 ὀδόντων,

2572 471 2700 537 Τοῖς
2727 469 2927 539 ίχθῦσι
2954 469 3022 525 τό
3051 471 3303 539 νηκτόν,

2577 542 2704 608 Τοῖς
2731 541 2960 609 ὀρνέοις
2990 540 3307 605 πέτασθαι,

2579 612 2706 677 Τοῖς
2738 611 2995 680 ἀνδράσι
3018 611 3334 680 φρόνημα.

2570 677 2861 750 Γυνᾳιξὶν
2883 677 3079 736 almaei
3105 677 3287 750 εἶχεν.

2578 753 2639 806 Τί
2672 748 2785 806 οὖν
2812 751 3053 815 δίδωσι;
3079 748 3353 820 Κάλλος,

2591 823 2731 876 ’Arz"
2765 821 3043 875 ἀσπίδων
3071 820 3358 876 ἀπασῶν.

2587 891 2727 946 Ἀντ’
2756 891 2980 960 ἐγχέων
3003 892 3303 945 ἁπάντων·

2575 960 2726 1028 Νικᾷ
2755 961 2823 1014 δὲ
2851 961 2950 1016 καὶ
2977 961 3249 1030 σίδηρον,

2573 1033 2684 1087 Kal
2718 1032 2837 1100 πῦρ
2874 1032 3030 1098 καλή
3064 1029 3152 1098 τις
3181 1029 3381 1088 οὖσα.

2229 1166 2295 1223 Ει
2319 1167 2672 1240 Phocylides:
3957 1147 3962 1220 ῗ

2229 1284 2452 1336 “03.107-
2483 1280 2715 1353 ἑκάστῳ
2761 1281 2924 1351 νεῖμε
2955 1282 3098 1349 Θεὸς
3148 1284 3347 1352 φύσιν
3403 1283 3811 1353 ἡερόφοιτονο

558 1352 696 1420 ξιιωθ
725 1352 785 1422 δζ,
817 1352 950 1373 ⁸³³³³⁵
970 1352 1088 1422 ζωξ
1129 1352 1901 1422 """"',.:""“f'“,:"“fit”
1949 1352 2127 1418 “"f‘m‘
2231 1355 2454 1421 Ὄρνισι
2477 1352 2595 1422 μὲν
2621 1353 2861 1421 πολλὴν
2887 1354 3184 1422 ταχύτητ’,
3219 1353 3451 1421 ἀλκὴν
3479 1353 3560 1406 δὲ
3583 1352 3822 1419 λέουσι,

556 1410 614 1463 in
643 1406 882 1462 medium
932 1405 1152 1461 afferam
1197 1422 1260 1462 ex
1294 1406 1392 1462 lib.
1431 1421 1495 1462 nt
1553 1405 1629 1462 De
1662 1405 1902 1476 partibus
1938 1407 2126 1471 anim.,

2246 1405 2540 1491 Γᾶύροιςδ
2556 1405 2906 1492 ἀὺτὸχῦἓοιξ
2918 1405 3485 1492 κὲράεσσί,ίκένέέρα
3959 1453 3968 1493 ,-

557 1496 722 1566 capit.
775 1496 863 1561 ll,
916 1496 1009 1565 qui
1045 1497 1229 1550 omnia
1278 1496 1395 1552 haec
1446 1511 1568 1566 qua:
1606 1512 1636 1550 a
1679 1502 1868 1551 nostro
1907 1503 2132 1552 auctore

2246 1495 2532 1563 Ἐμςρυτον
2558 1493 2749 1564 ἄλκαρ
2772 1493 3012 1548 ἔδωκεν.
3957 1493 3962 1566 ξ

563 1545 721 1566 ηπ---
780 1545 863 1561 __,
921 1545 1009 1565 τ--
1279 1545 1393 1552 --_-
1450 1545 1566 1566 νη
1607 1545 1636 1550 _
1679 1545 1863 1551 ---_---
1909 1545 2129 1552 ην---

559 1589 768 1644 strictis
796 1595 850 1644 et
882 1587 1226 1658 paucissimis
1277 1589 1460 1644 verbis
1493 1589 1854 1660 attinguntur,
1885 1589 2127 1657 exponit,

2246 1605 2458 1672 Plinius,
2490 1605 2586 1662 lib.
2619 1621 2674 1671 Σ,
2705 1619 2826 1676 cap.
2849 1605 2940 1670 ‘24,
2970 1605 3316 1661 hirundinem
3361 1607 3567 1663 solam
3598 1622 3756 1661 avem
3785 1623 3840 1662 ex

559 1678 1188 1769 quaequecommentarii
1215 1679 1334 1734 loco
1353 1678 1630 1769 deservire
1651 1678 2127 1769 possunt_:_Avibus
2162 1752 2203 1769 ἢ
2231 1698 2322 1764 εἰς,
2361 1711 2484 1767 (με
2529 1696 2774 1754 aduncos
2825 1713 3036 1769 ungues
3086 1713 3198 1752 ηοη
3263 1699 3520 1763 habent,
3587 1698 3834 1754 carnibus

561 1787 641 1834 os,
665 1767 802 1839 quod
837 1776 1068 1822 rostrum
1115 1777 1351 1830 vocatur,
1396 1767 1494 1821 hoc
1529 1768 1668 1820 enim
1712 1783 1807 1836 pro
1862 1765 2028 1820 labris
2081 1775 2129 1820 et
2162 1752 2204 1806 Β
2233 1752 2587 1846 vadum“.

559 955 734 1026 μένων
755 952 849 1008 τοῦ
876 955 1246 1026 συντυχόντος,
1271 955 1365 1008 καὶ
1385 956 1443 1009 ὲν
1462 953 1670 1018 τούτοις
1689 954 1934 1008 πλεῖσται
1952 955 2128 1024 διαφο-

556 1047 668 1120 ραί.
726 1045 804 1101 De
847 1047 1026 1102 avium
1074 1045 1388 1117 generibus,
1446 1045 1703 1117 ingeniis,
1753 1044 2124 1110 facultatibus,

555 1136 878 1206 (ueterisque
900 1136 964 1190 ad
983 1151 1078 1192 eas
1099 1135 1473 1207 spectantibus
1495 1136 1674 1205 plura,
1707 1142 1762 1190 et
1784 1134 2124 1198 Aristoteles,

555 1237 611 1286 et
631 1228 858 1294 Plinius,
893 1236 948 1283 et
981 1225 1255 1294 Alienus,
1303 1236 1356 1282 et
1385 1226 1641 1283 Albertus
1673 1225 1898 1298 Magnus
1927 1232 1982 1282 et
2011 1226 2124 1290 alii,

557 1334 696 1390 quos
724 1319 772 1374 si
815 1318 950 1373 libet
979 1317 1088 1372 adi.
1126 1316 1303 1371 Unum
1336 1324 1551 1371 tantum
1591 1315 1901 1370 Aristotelis
1949 1316 2127 1369 locum

537 5538 574 5608 ἓν

560 1860 802 1915 dentibus
831 1859 1042 1926 habent,
1079 1859 1169 1914 sed
1199 1861 1341 1914 varie
1376 1875 1472 1925 pro
1506 1875 1604 1913 usu
1656 1868 1708 1913 et
1747 1859 1988 1922 auxilio;
2016 1873 2132 1927 qua:

559 1954 704 2007 etiim
743 1952 962 2006 aduncis
992 1950 1250 2022 unguibus
1289 1960 1434 2016 sunt,
1466 1953 1716 2020 quoniam
1745 1967 1905 2004 carne
1931 1950 2128 2015 vivunt,

559 2051 610 2097 et
663 2042 821 2096 nullo
862 2041 1039 2110 fructu
1076 2049 1386 2106 vescuntur,
1446 2050 1678 2095 rostrum
1725 2041 1903 2094 omnia
1944 2039 2133 2094 habent

559 2132 844 2188 aduncum.
890 2132 1017 2186 Tale
1061 2132 1198 2186 enim
1237 2141 1345 2185 tum
1374 2131 1443 2186 ad
1484 2131 1832 2196 retinendum,
1869 2139 1978 2184 tum
2016 2147 2132 2185 vero

561 2225 630 2280 ad
661 2227 764 2280 vim
796 2225 1124 2295 inferendam
1165 2226 1489 2281 commodius
1519 2234 1674 2297 atque
1709 2226 1884 2296 aptius
1913 2233 2028 2287 est;
2058 2225 2133 2279 vis

563 2328 737 2373 autem
768 2319 823 2373 in
863 2317 978 2382 hoc,
1017 2327 1066 2372 et
1110 2319 1165 2372 in
1199 2317 1461 2388 unguibus
1501 2319 1608 2372 sita
1647 2327 1744 2372 est.
1786 2316 1932 2370 Unde
1963 2318 2045 2386 ﬁt,
2078 2325 2135 2369 ut

560 2427 757 2481 ungues
789 2410 948 2464 etiam
979 2408 1206 2464 habeant
1234 2409 1567 2463 adunciores.
1601 2407 1926 2464 Ceterarum
1962 2410 2135 2462 avium

562 2510 794 2556 rostrum
853 2500 981 2554 utile
1021 2499 1089 2553 ad
1138 2501 1330 2554 victum
1367 2500 1616 2570 cujusque
1659 2508 1758 2563 est,
1796 2499 1936 2553 verbi
1965 2500 2138 2569 gratia

564 2593 770 2646 roborei
818 2593 1044 2662 generis,
1095 2601 1144 2646 et
1186 2591 1386 2645 corvini
1416 2590 1710 2657 robustum,
1752 2599 1904 2660 atque
1927 2589 2139 2658 praedu-

566 2701 685 2738 rum
719 2700 776 2738 os
806 2693 883 2738 est
913 2701 932 2738 :
974 2684 1163 2737 minuti
1203 2684 1404 2755 generis
1436 2683 1603 2736 latum
1640 2681 1710 2736 ad
1745 2692 1896 2736 terra;
1933 2684 2137 2752 fructus

567 2777 908 2847 colligendos,
935 2783 985 2831 et
1023 2775 1090 2829 ad
1109 2775 1356 2831 bestiolas
1387 2775 1668 2846 capiendas
1707 2773 1974 2828 idoneum.
2009 2774 2140 2839 Quae

567 2878 744 2923 autem
773 2867 944 2922 herbis
986 2868 1183 2932 vivunt,
1214 2884 1427 2938 qumque
1462 2865 1601 2932 apud
1629 2865 1850 2934 paludes
1879 2865 2138 2931 victitant,

569 2968 630 3013 ut
661 2971 865 3026 nantes,
903 2968 952 3013 et
993 2959 1311 3028 palmipedes
1349 2944 1546 3027 partim
1592 2957 1699 3011 alio
1730 2957 1957 3028 quodam
1991 2955 2141 3010 modo

2305 1881 2464 1947 lbid.,
2515 1884 2615 1938 lin.
2652 1884 2742 1938 40.
2787 1884 2897 1937 Kal
2932 1883 3004 1936 τὰ
3026 1881 3144 1953 μὲν
3168 1883 3344 1938 ἐστιν
3379 1883 3659 1954 ἅναρχα.
3692 1882 3826 1938 Basi-

2235 1975 2363 2040 lius,
2389 1977 2538 2030 hom.
2566 1976 2628 2030 8:
2663 1976 2834 2030 Πάλιν
2871 1979 2927 2029 ὲν
2959 1975 3170 2040 τούτοις
3191 1977 3258 2029 τὰ
3299 1977 3410 2046 μὲν
3444 1977 3674 2048 ἄναρχά
3704 1979 3824 2039 ἐστι,

2237 2069 2331 2122 καὶ
2363 2063 2472 2122 οἷον
2501 2069 2631 2122 αὐτὸ
2656 2069 2845 2140 ὄνομα,
2875 2069 2944 2122 τὰ
2969 2069 3024 2122 δὲ
3047 2071 3138 2139 ὑφ’
3167 2071 3407 2141 ἡγεμόνι
3440 2071 3710 2141 τετάχθαι
3735 2089 3820 2124 κα-

2236 2159 2587 2229 ταδεχόμενα,
2620 2159 2694 2222 ὡς
2722 2160 2778 2211 αί
2807 2160 3048 2230 γέρανοι.
3081 2161 3219 2230 Ἤδη
3248 2161 3307 2214 δέ
3333 2178 3429 2224 τις
3455 2163 3560 2215 καὶ
3589 2161 3746 2231 ἑτέρα
3771 2161 3822 2212 ὲν

2243 2250 2448 2314 τούτοις
2487 2252 2603 2304 ἐστὶ
2635 2251 2886 2322 διαφορὰ,
2930 2253 3050 2305 καθ’
3085 2254 3151 2323 ἣν
3196 2253 3264 2307 τὰ
3300 2256 3407 2325 μὲν
3455 2253 3814 2326 ἐπιδημητικά

2237 2343 2296 2395 τέ
2322 2345 2436 2396 ἐστι
2469 2345 2560 2396 καὶ
2587 2344 2846 2414 ἐγχώρια,
2877 2344 2945 2397 τὰ
2977 2343 3034 2397 δὲ
3062 2345 3319 2416 ἀπαίρειν
3358 2346 3588 2416 πέφυκε
3621 2348 3814 2419 πορρω-

2240 2434 2406 2498 τάτω,
2425 2437 2515 2488 καὶ
2531 2435 2794 2506 χειμῶνος
2807 2435 3113 2504 ἐγγίζοντος
3131 2435 3449 2500 ὲκτοπίζειν
3463 2437 3544 2501 ὡς
3559 2437 3626 2490 τὰ

2310 2547 2468 2610 ibid"
2510 2550 2606 2603 lin.
2652 2549 2741 2603 44.
2786 2550 3026 2617 Γαῦρον
3073 2553 3106 2604 ὁ
3143 2551 3519 2619 ἀλεκτρυών.
3572 2551 3806 2616 Basilius,

2242 2641 2388 2697 hom.
2445 2641 2519 2696 8:
2551 2641 2760 2714 Γαῢρον
2802 2645 2830 2696 ὀ
2873 2642 3206 2715 ἁλεκτρυὼν,
3247 2644 3542 2713 φιλόκαλον
3585 2647 3614 2698 ὀ
3656 2643 3804 2708 ταὼς,

2242 2732 2426 2800 λάγνοι
2459 2734 2516 2787 αἱ
2551 2735 2867 2806 περιστεραὶ
2902 2735 2994 2787 καὶ
3025 2737 3079 2789 αἱ
3119 2736 3440 2790 κατοικίδιοι
3489 2737 3685 2809 ὄρνεις,
3724 2739 3804 2789 ἐπὶ

2247 2824 2446 2887 παντὸς
2476 2823 2668 2896 καιροῦ
2685 2824 2744 2878 τὸ
2775 2826 3216 2880 συνουσιαστικὸν
3247 2826 3489 2897 ἔχουσαι.
3518 2825 3794 2882 Lucillius:

2250 2957 2606 3032 Gallinaceus,
2632 2976 2760 3032 cum
2790 2960 2952 3032 victor
2979 2977 3034 3015 se
3058 2961 3231 3032 gallus
3258 2963 3468 3018 honeste

570 3051 732 3105 rostri
791 3041 1238 3104 commoditatem.
1279 3048 1556 3114 obtinent,
1602 3049 1800 3118 partim
1868 3046 2144 3102 latitudine

2251 3028 2499 3093 Sustulit,
2529 3030 2583 3082 in
2609 3029 2798 3100 digitos
2824 3028 3178 3103 primoresque
3209 3037 3362 3106 erigit
3389 3051 3598 3106 ungues.

571 3140 734 3195 rostri
771 3139 873 3194 sibi
915 3139 1188 3209 sufﬁciunt
1223 3154 1241 3192 :
1282 3141 1470 3210 quippe
1514 3109 1633 3204 qud:
1669 3147 1844 3192 rostro
1885 3136 2144 3207 ejusmodi

2318 3139 2450 3195 Ibid.
2501 3142 2554 3193 '0
2590 3141 2658 3194 δὲ
2683 3141 2850 3211 ἱέραξ
2874 3145 3299 3213 εὐνούστατος.
3329 3147 3645 3207 Aristoteles,
3683 3145 3778 3198 lib.

571 3230 808 3300 infodere
839 3230 1064 3299 possint,
1099 3230 1253 3301 quale
1280 3231 1415 3284 inter
1454 3228 1817 3300 quadrupedes
1846 3230 2007 3282 etiam
2035 3228 2146 3281 suis

570 3331 690 3388 est;
723 3337 842 3376 nam
875 3321 920 3375 is
958 3319 1097 3390 quod
1130 3319 1367 3374 radicum
1398 3328 1639 3390 appetens
1671 3327 1770 3374 est.
1805 3318 1946 3384 Quin
1985 3319 2148 3372 etiam

573 3433 716 3480 aves,
741 3432 857 3487 quw
890 3415 1000 3469 lato
1027 3423 1149 3468 sunt
1180 3422 1352 3468 rostro
1381 3411 1686 3482 radicesque
1710 3412 1920 3477 esitant,
1943 3419 1993 3464 et
2024 3409 2150 3464 reli-

572 3524 796 3582 quarum
820 3509 983 3564 victus
1011 3506 1202 3560 similis
1229 3502 1497 3559 nonnulla:
1515 3511 1777 3556 serratum
1797 3501 1960 3556 rostri
1979 3509 2151 3554 extre-

573 3620 720 3658 mum
743 3601 933 3655 habent
959 3616 976 3654 -:
1012 3599 1090 3653 ita
1117 3599 1256 3653 enim
1281 3595 1563 3651 herbarum
1599 3602 1814 3662 carptus
1847 3608 1947 3664 quo
1975 3592 2150 3646 vivunt

575 3695 785 3766 facilius
810 3693 1006 3764 agitur.
1051 3690 1162 3746 Nec
1219 3698 1429 3744 tantum
1481 3687 1549 3742 ad
1587 3686 1896 3741 necessaria
1931 3699 2150 3755 compa-

573 3788 747 3844 randa
777 3789 850 3841 ita
881 3793 1005 3840 nata
1037 3790 1190 3838 sunt-
1218 3782 1500 3846 animalia,
1544 3779 1640 3836 sed
1673 3787 1734 3832 ut
1781 3779 2152 3833 instrumenta

572 3879 832 3946 habeant,
860 3877 1062 3949 quibus
1100 3891 1158 3931 se
1197 3875 1266 3930 ab
1300 3872 1644 3928 inimicorum
1695 3868 1932 3934 insidiis,
1966 3869 2081 3925 sive
2113 3868 2152 3924 ii

576 3972 824 4026 homines
873 3970 1004 4033 sint,
1055 3967 1171 4022 sive
1220 3965 1414 4020 bellua:
1442 3963 1760 4028 defendant,
1800 3977 1922 4033 qua:
1969 3962 2153 4016 omnia

574 4063 778 4133 optime
842 4067 1067 4124 norunt,
1118 4066 1173 4114 et
1232 4057 1360 4112 dum
1431 4057 1649 4111 occasio
1706 4053 1873 4110 fuerit
1918 4055 2154 4111 scientes

575 4161 830 4210 utuntur.
853 4151 1293 4222 Theophylactus
1325 4146 1634 4203 Simocatus
1674 4147 1730 4200 in
1761 4146 1963 4212 Qutest.
1997 4157 2156 4201 natu—

577 4247 801 4308 ralibus,
829 4253 1024 4316 quaest.
1056 4244 1090 4299 5
1118 4260 1131 4296 :
1173 4243 1358 4294 Ἔστιν
1383 4241 1636 4312 αἴσθησις
1661 4240 1755 4294 καὶ
1791 4243 1906 4304 τοῖς
1941 4238 2156 4307 ἀλόγοις

577 4341 760 4407 ζώοις,
802 4338 1170 4409 Πολύκρατες,
1216 4334 1338 4389 καθ’
1382 4336 1448 4405 ἢν
1493 4335 1591 4405 τῆς
1633 4334 1839 4398 οἰκείας
1883 4334 2157 4405 σωτηρίας

2248 3237 2300 3287 ix
2341 3233 2414 3288 De
2441 3233 2625 3289 histor.
2653 3235 2841 3299 anim,
2883 3251 3002 3306 cap.
3037 3237 3106 3292 36
3135 3259 3148 3292 :
3187 3239 3270 3292 Ἐν
3300 3239 3353 3292 δὲ
3380 3239 3551 3310 Θρᾴκῃ
3582 3239 3641 3307 τῇ
3676 3253 3774 3288 κα·-

2246 3325 2478 3398 λουμένῃ
2518 3327 2648 3380 ποτὲ
2683 3328 3014 3399 Κεδροπόλει
3053 3330 3109 3383 ὲν
3144 3329 3218 3400 τῷ
3251 3330 3352 3383 ἕλει
3390 3327 3687 3400 θηρεύουσιν
3719 3325 3767 3378 οἱ

2249 3418 2525 3490 ἄνθρωποι
2543 3419 2611 3472 τὰ
2638 3419 2846 3491 ὀρνίθια
2869 3424 3021 3494 κοινῇ
3049 3422 3186 3493 μετὰ
3204 3423 3304 3476 τῶν
3331 3422 3562 3494 ἱεράκων.
3590 3419 3649 3472 Oi.
3677 3417 3768 3488 μὶν

2248 3511 2358 3582 γὰρ
2382 3510 2595 3581 ἔχοντες
2623 3511 2755 3576 ξύλα
2783 3512 3000 3567 σοὸοὓσι
3028 3515 3119 3568 τὸν
3151 3516 3386 3586 κάλαμον
3413 3513 3501 3566 καὶ
3524 3512 3610 3581 τὴν
3632 3509 3775 3578 ὓλην,

2251 3603 2337 3657 ἵνα
2363 3603 2632 3658 πέτωνται
2657 3605 2724 3660 τὰ
2745 3605 2973 3676 ὀρνίθια·
3009 3607 3059 3660 oi
3092 3607 3149 3660 δὲ
3179 3607 3391 3679 ἱέρακες
3419 3603 3605 3661 ἀνωθεν
3631 3603 3782 3670 ὑπερ-

2252 3695 2564 3766 φαινόμενοι
2597 3695 3010 3751 καταδιώκουσι·
3045 3697 3217 3751 ταῦτα
3244 3699 3301 3752 δὲ
3337 3696 3624 3768 φοϐούμενα
3651 3692 3782 3745 κάτω

2252 3789 2473 3844 πέτεται
2499 3790 2660 3844 πάλιν
2688 3791 2824 3862 πρὸς
2852 3790 2949 3862 τὴν
2977 3794 3100 3863 γῆν·
3129 3795 3179 3844 οἱ
3203 3793 3261 3845 δὲ
3288 3792 3554 3864 ἄνθρωποι
3584 3787 3782 3839 τύπτον-

2251 3898 2344 3943 τες
2380 3884 2490 3944 τοίς
2525 3881 2700 3946 ξύλοις
2731 3881 3101 3952 λαμϐάνουσι.
3116 3885 3211 3937 καὶ
3252 3884 3356 3954 τῆς
3395 3884 3563 3954 θήρας
3599 3875 3781 3949 μεταδι-

2253 3970 2433 4024 δόασιν
2465 3970 2668 4036 αὐτοῖς,
2697 3972 2948 4043 ῥίπτουσι
2977 3972 3086 4043 γὰρ
3117 3972 3226 4027 τῶν
3251 3973 3499 4045 ὀρνίθων,
3533 3971 3579 4023 οἱ
3593 3967 3643 4020 δὲ
3669 3967 3781 4019 ὐπο-

2253 4059 2639 4131 λαμϐάνουσιν.
2696 4061 2897 4117 Eadem
2953 4064 3148 4133 repetit
3196 4064 3381 4119 libello
3426 4061 3557 4129 Περὶ
3595 4063 3782 4125 actium-

2255 4153 2406 4207 σίων
2451 4153 2885 4224 ἀκουσμάτων,
2951 4156 3045 4210 ubi
3120 4167 3303 4212 tamen
3372 4151 3677 4226 Ἀμφίπολιν
3705 4161 3781 4217 ρτο

2255 4245 2541 4317 Cedropoli
2584 4247 2850 4312 nominat,
2892 4263 3014 4317 qua:
3062 4249 3136 4302 ita
3177 4249 3426 4305 vertebat
3463 4247 3598 4301 Plin.
3629 4243 3710 4296 lib.
3738 4255 3778 4301 Χ,

2257 4354 2308 4394 c.
2339 4341 2372 4394 8
2414 4359 2428 4394 :
2466 4338 2532 4393 In
2566 4339 2806 4394 Thracia:
2835 4349 2985 4409 parte
3011 4355 3166 4408 super
3194 4340 3548 4411 Amphipolim
3587 4333 3778 4388 homines

577 4434 911 4507 ἀπειλήφασι
936 4431 1033 4501 τὴν
1055 4429 1365 4496 διάγνωσιν.
1389 4423 1540 4480 Οἶδεν
1567 4429 1600 4498 ἡ
1629 4425 1801 4496 σηπία
1830 4429 1928 4497 τῆς
1947 4425 2144 4488 οἰκείας

2259 4424 2412 4505 atque
2443 4435 2718 4502 accipitres
2741 4435 2989 4488 societate
3021 4434 3250 4505 quadam
3279 4441 3628 4505 aucupantur.
3655 4425 3716 4478 Πὶ
3734 4435 3786 4476 ei

577 4525 772 4596 ἀχλύος
797 4525 858 4578 τὸ
890 4523 1128 4592 σόφισμα
1156 4519 1250 4573 καί
1276 4535 1376 4571 που
1407 4517 1666 4589 θηραταῖς
1687 4515 1947 4588 ἀορασίαν
1979 4517 2153 4587 ἄγρας

580 4615 856 4686 ἐνέθηκεν.
889 4609 1009 4669 Οἵδε
1037 4613 1106 4666 τὰ
1128 4608 1466 4682 γαμψώνυχα
1483 4609 1582 4680 τὴν
1609 4608 1698 4662 διὰ
1721 4608 1828 4661 τῶν
1849 4607 2052 4678 ὀνύχων
2068 4607 2157 4660 ἁλ-

582 4710 703 4780 κήν.
723 4705 874 4762 Οἶδεν
897 4709 926 4761 ὀ
952 4705 1160 4775 λαγωὺς
1185 4703 1271 4758 διὰ
1291 4701 1385 4756 τοῦ
1401 4703 1600 4774 δρόμου
1625 4701 1837 4770 καὶτῆς
1851 4700 1959 4754 τῶν
1983 4699 2156 4752 ποδῶν

581 4799 836 4872 ὀξύτητος
873 4799 1166 4870 κυνηγέτου
1205 4794 1496 4859 ἐπιϐουλὰς
1535 4792 1974 4865 ἀποπέμπεσθαι.
2003 4787 2156 4845 Οἷδεν

582 4896 616 4966 ὴ
643 4893 834 4963 ἔλαφος
862 4890 1265 4962 ἀποκειραμένη
1291 4890 1358 4944 τὰ
1390 4887 1598 4960 κέρατα
1629 4884 2019 4957 ἀσθενεστέραν
2058 4885 2156 4957 τὴν

583 4985 744 5055 φύσιν
791 4983 1091 5055 ἀμύνεσθαι
1135 4984 1260 5046 τοὺς
1279 4982 1658 5052 ·λυπήσαντας,
1689 4988 1795 5036 etc.
1839 4977 2052 5044 Cicero,
2085 4978 2161 5033 De

587 5076 780 5147 finibus
811 5077 908 5131 lib.
939 5091 994 5136 ν,
1019 5075 1111 5144 qui
1141 5074 1394 5128 laudatur
1421 5088 1452 5127 a
1487 5071 1663 5128 Nonio
1697 5072 1954 5128 Marcello
1986 5069 2156 5127 :Ser-

584 5186 703 5240 pere
732 5167 1062 5240 anguiculos,
1109 5175 1296 5220 natare
1334 5165 1656 5229 anaticulas,
1697 5165 1871 5220 volare
1903 5165 2156 5233 merulas,

586 5261 832 5316 cornibus
867 5261 945 5314 uti
986 5258 1254 5313 videamus
1299 5258 1445 5312 boves
1491 5259 1611 5328 (ego
1642 5259 1873 5328 legerem
1910 5257 2160 5311 cornibus

587 5354 732 5422 niti),
764 5369 922 5422 nepas
969 5351 1189 5414 aculeis,
1236 5365 1388 5404 suam
1429 5348 1648 5417 denique
1692 5349 1876 5419 cuique
1910 5357 2160 5402 naturam

587 5443 782 5500 «δειεαά
802 5443 1072 5500 vivendum
1100 5441 1306 5502 ducem;
1337 5446 1391 5494 et
1422 5438 1817 5496 mellitissimus
1847 5438 2155 5495 Anacreon:

939 5580 1125 5643 Φύσις
1152 5578 1368 5645 κέρατα
1395 5577 1649 5647 ταύροις,

955 5650 1167 5714 omne
1198 5648 1249 5700 δ’
1280 5647 1501 5702 ἔδωκεν
1537 5649 1759 5714 ἵπποις,

946 5718 1250 5788 Ποδωκίην
1280 5718 1553 5788 λαγωοῖς,

2255 4525 2423 4586 silvis,
2469 4535 2517 4579 et
2549 4526 2880 4580 arundinetis
2905 4526 3135 4579 excitant
3171 4542 3288 4580 aves
3327 4542 3347 4580 :
3378 4527 3460 4579 illi
3490 4515 3782 4589 supervolat»

2257 4627 2331 4672 tes
2351 4618 2667 4686 deprimunt.
2705 4617 2908 4672 Rursus
2947 4628 3128 4687 captas
3170 4635 3399 4689 aucupes
3429 4615 3658 4671 dividunt
3690 4621 3779 4662 cum

2257 4707 2343 4760 iis.
2372 4705 2648 4760 Traditum
2672 4717 2749 4762 est
2773 4709 2962 4761 missas
2992 4709 3045 4761 in
3067 4707 3290 4762 sublime
3320 4708 3426 4762 sibi
3451 4707 3667 4773 excipere
3682 4711 3780 4752 ens:

2256 4806 2305 4851 et
2338 4813 2457 4850 cum
2487 4805 2684 4865 tempus
2719 4798 2788 4850 sit
2820 4806 3054 4864 captura:
3091 4797 3336 4867 clangore
3382 4814 3446 4850 ac
3501 4794 3686 4848 volatus
3713 4798 3782 4853 ge-

2259 4905 2379 4943 nere
2407 4889 2628 4943 invitare
2653 4888 2722 4942 ad
2746 4889 3092 4943 occasionem.
3119 4887 3330 4943 Similia
3360 4889 3521 4943 habet
3551 4882 3779 4940 Elianus.

2259 4981 2336 5036 De
2357 4980 2484 5036 hist.
2507 4982 2698 5045 anim.,
2735 4981 2830 5035 lib.
2865 4996 2928 5048 ιι,
2957 4997 3079 5052 cap.
3109 4979 3200 5044 l2,
3226 4980 3317 5051 qui
3351 4982 3430 5035 ait
3459 4976 3685 5034 homines
3711 4981 3781 5020 ex-

2260 5073 2477 5144 plicatis
2504 5071 2712 5127 retibus
2747 5073 3051 5142 quiescere,
3084 5072 3377 5143 accipitres
3421 5064 3780 5141 supervolanles

2261 5179 2410 5227 aves,
2443 5172 2589 5217 metu
2624 5163 2870 5228 incusso,
2901 5163 2956 5215 in
3002 5162 3140 5216 retia
3187 5163 3530 5231 compellere.
3583 5155 3778 5210 Thraces

2261 5263 2453 5324 captas
2479 5269 2607 5310 aves
2631 5269 2756 5308 cum
2790 5253 2899 5308 illis
2927 5253 3138 5323 partiri,
3164 5260 3226 5306 ut
3255 5251 3392 5307 ﬁdos
3429 5250 3599 5308 socios
3627 5242 3686 5297 ad
3701 5251 3774 5291 au—

2261 5347 2483 5416 cupium
2505 5345 2758 5400 habeant.
2795 5343 2891 5398 Sin
2913 5343 3202 5414 accipitres
3224 5343 3292 5398 ab
3315 5343 3424 5399 illis
3445 5332 3674 5396 distracti
3693 5327 3757 5381 di.

2263 5438 2562 5492 sociantur.
2598 5437 2728 5502 Quae
2759 5434 2954 5505 repetit
2979 5434 3145 5489 etiam
3184 5433 3489 5504 Antigonus
3517 5420 3758 5496 Carystius

2263 5545 2384 5599 cap.
2412 5528 2512 5594 54;
2539 5529 2773 5582 Joannes
2815 5503 3085 5582 hieursius
3115 5526 3171 5581 in
3215 5503 3515 5592 not:,.cum
3545 5517 3754 5578 CedI‘OP0
3783 5503 3795 5575 ἶ

2265 5624 2383 5678 leos.
2423 5621 2605 5677 nullus
2634 5627 2874 5675 veterum
2903 5620 3234 5676 mentionem
3267 5618 3529 5680 habuerit,
3574 5607 3770 5698 susum.

2266 5726 2358 5773 tur
2389 5732 2511 5774 esse
2537 5715 2793 5772 mendum
2829 5714 2885 5770 in
2911 5713 3204 5771 Aristotele
3235 5729 3345 5770 non
3377 5710 3533 5770 hodie
3564 5709 3646 5760 aut
3683 5695 3782 5750 b3"
