4064 6290
244 376 383 434 835
1278 381 1345 438 IN
1378 379 1746 440 EUSTATHII
1785 377 2254 437 lIEXAEMERON
2288 381 2518 440 NOTAE.
3431 391 3534 447 89b

250 504 516 560 natum,
550 495 644 552 sed
671 497 784 568 jam
807 505 932 556 ante
960 497 1214 571 Antigoni
1249 510 1518 573 tempora,
1549 503 1642 574 qui
1676 503 1750 557 ita
1779 503 1860 558 in-

1968 501 2227 571 πέψωσιν,
2251 501 2556 576 ἐξεμοῦσιν,
2581 506 2667 560 ἵνα
2684 507 3002 577 χασκουσῶν
3019 507 3085 562 τὰ
3105 508 3240 579 κρέα
3261 509 3536 582 ἐξαιροῦν-

249 596 526 642 ventum
559 591 850 660 expressit,
889 593 1238 663 restituitque
1274 594 1566 665 Κεκροπίδι
1597 610 1717 665 qua:
1749 594 1860 649 Ste-

1968 610 2058 656 τες
2078 594 2317 649 ὲσθίωσι.
2347 595 2557 663 Cicero,
2592 597 2685 651 lib.
2713 612 2774 660 ιι,
2805 595 2881 651 De
2914 609 3092 656 natur.
3123 598 3338 654 deorum
3369 617 3387 654 :
3410 601 3536 672 Legi

258 676 488 747 phano
517 678 760 734 Thraciae
799 682 950 752 regio
978 691 1089 749 est;
1121 684 1481 753 conciliatque
1523 699 1705 739 secum
1747 685 1869 737 Ari-
1967 683 2129 738 etiam
2159 685 2410 752 scriptum
2437 702 2547 740 esse
2569 702 2711 740 avem
2731 687 3038 756 quamdam,
3070 705 3183 758 qua:
3196 690 3427 757 platalea
3447 709 3536 744 no-

259 769 579 837 stotelcm,
602 771 730 825 dum
755 771 1118 844 Amphipolim
1144 775 1332 830 urbem
1362 775 1419 829 in
1443 773 1675 830 Thracia
1708 777 1867 830 sitam
1969 776 2278 844 minaretur,
2296 793 2412 830 eam
2441 777 2542 832 sibi
2569 777 2738 832 cibum
2760 795 2990 849 quazrere
3011 780 3341 835 advolantem
3359 781 3426 834 ad
3441 798 3532 835 eas

258 855 330 912 in
375 858 694 930 Cecropida
727 863 949 933 regione
971 867 1144 933 ponit.
1969 879 2107 928 aves,
2136 880 2250 932 qua:
2267 881 2318 918 se
2346 865 2399 918 in
2417 867 2554 918 mari
2580 877 2883 937 mergerent,
2904 885 3017 938 qua:
3041 886 3158 923 cum
3175 872 3526 938 emersissent,

345 951 489 1006 Col.
525 952 657 1020 729,
692 951 789 1007 lin.
853 955 904 1008 5.
962 958 1321 1010 Φιλότεκνον
1373 961 1405 1010 ό
1443 955 1722 1010 πελεκάν.
1764 954 1860 1011 (ΖΠ.

1967 955 2260 1023 piscemque
2287 957 2580 1023 cwpissent,
2605 973 2768 1028 usque
2797 975 2855 1013 eo
2886 975 3116 1028 premere
3144 977 3326 1015 earum
3355 965 3530 1033 capita

276 1045 666 1120 Physiologus
699 1051 1006 1123 Epiphanii,
1029 1061 1081 1106 et
1113 1051 1304 1108 Petrus
1337 1051 1650 1116 Damianus,
1681 1051 1774 1105 lib.
1804 1066 1864 1114 ιι,
1967 1044 2231 1098 mordicus
2261 1043 2388 1098 dum
2414 1056 2622 1113 captum
2665 1049 2774 1103 illa:
2810 1050 3129 1116 amitterent,
3166 1051 3221 1104 id
3251 1052 3389 1122 quod
3413 1055 3537 1123 ipsa-

264 1137 468 1205 epist.
540 1139 650 1205 18;
719 1138 1113 1210 Hieronymus,
1185 1140 1301 1196 sive
1368 1148 1560 1195 auctor
1621 1141 1861 1210 epistola:
1967 1135 2250 1190 invaderet.
2300 1136 2598 1206 Eademque
2644 1139 2753 1194 lucc
2796 1144 2906 1196 avis
2947 1142 3195 1196 scribitur
3230 1145 3438 1199 conchis
3475 1163 3532 1200 se

269 1228 353 1282 ad
407 1230 772 1295 Praesidium,
818 1233 1198 1301 pelecanorum
1247 1232 1386 1288 ﬁlios
1435 1247 1464 1285 a
1524 1234 1860 1302 serpentibus

1967 1224 2133 1278 solere
2162 1225 2439 1294 complere,
2489 1243 2678 1296 easque
2721 1245 2839 1282 cum
2879 1233 3134 1286 stomachi
3181 1236 3356 1287 calore
3405 1251 3529 1288 con-

269 1325 503 1386 occidi,
541 1333 594 1376 ct
625 1333 904 1394 parentum
938 1325 1200 1394 sanguine
1233 1326 1492 1380 viviticari
1529 1333 1716 1380 auctor
1760 1335 1860 1380 est.

1967 1314 2188 1381 coxerit,
2227 1331 2477 1381 evomere,
2508 1325 2662 1387 atque
2691 1318 2767 1372 ita
2809 1319 2998 1390 eligere
3039 1337 3106 1376 ea:
3151 1322 3217 1377 iis
3255 1340 3372 1393 qut:
3405 1335 3526 1377 sunt

274 1413 547 1469 Isidorus
579 1416 669 1470 lib.
708 1431 804 1478 xu,
831 1430 881 1470 c.
920 1416 950 1467 7
977 1435 990 1470 :
1023 1415 1304 1470 Pelicanus
1349 1418 1460 1470 avis
1486 1415 1738 1486 Egyptia
1769 1415 1860 1468 ha-

1966 1405 2250 1460 esculenta.
2284 1404 2510 1470 Plinius,
2553 1407 2648 1461 lib.
2679 1424 2733 1475 x,
2763 1425 2885 1480 cap.
2917 1411 2986 1465 40
3023 1429 3036 1467 :
3070 1411 3258 1466 Platea
3284 1430 3403 1468 cum
3437 1415 3533 1470 de-

276 1503 480 1558 bitans
529 1506 580 1558 in
625 1505 911 1558 solitudine
952 1504 1067 1558 Nili
1105 1506 1360 1574 ﬂuminis,
1401 1505 1538 1560 unde
1585 1515 1634 1559 et
1681 1522 1860 1560 nomen

1968 1497 2164 1550 voratis
2193 1513 2246 1550 se
2276 1497 2502 1566 implevit
2533 1500 2764 1565 conchis,
2797 1502 2971 1557 calore
2993 1506 3182 1558 ventris
3211 1516 3384 1562 coctas
3413 1526 3532 1563 evo-

278 1597 548 1667 sumpsit.
589 1595 728 1649 Nam
755 1595 1020 1665 Canopius
1053 1596 1316 1668 Egyptus
1346 1597 1562 1652 dicitur.
1601 1595 1796 1650 Fertur
1817 1597 1860 1650 si

1965 1591 2080 1651 mit,
2113 1596 2266 1656 atque
2287 1589 2364 1642 ita
2389 1607 2452 1644 ea:
2477 1591 2542 1644 iis
2572 1592 2839 1647 esculenta
2870 1594 2991 1664 legit
3039 1605 3197 1650 testas
3225 1613 3524 1670 excerpens.

278 1704 480 1742 verum
507 1698 602 1751 est,
643 1705 758 1741 eam
787 1689 1019 1742 occidere
1063 1701 1212 1744 natos
1243 1707 1386 1753 suos,
1417 1705 1604 1759 eosque
1637 1703 1728 1757 per
1763 1687 1863 1740 tri-

281 1778 466 1832 duum
501 1779 692 1850 lugere,
753 1779 936 1834 deinde
976 1781 1199 1850 seipsam
1245 1781 1541 1844 vulnerare,
1587 1787 1635 1833 et
1684 1794 1862 1848 asper-

282 1871 448 1924 sione
485 1871 566 1924 sui
623 1871 894 1940 sanguinis
923 1871 1180 1941 vivificare
1202 1873 1360 1939 ﬁlios.
1398 1869 1539 1925 Idem
1572 1869 1733 1924 habet
1755 1869 1866 1923 Au-

283 1963 554 2031 gustinus
594 1962 646 2015 in
677 1963 867 2030 psalm.
890 1978 965 2024 cr,
1011 1972 1063 2018 et
1083 1963 1378 2033 Gregorius
1412 1979 1567 2032 super
1593 1978 1625 2016 v
1669 1961 1861 2030 psatm.

285 2054 573 2120 paeniteat.
601 2070 618 2116 ;
647 2055 903 2110 Albertus
936 2054 1160 2124 Magnus
1191 2070 1315 2108 cum
1359 2065 1546 2110 nostro
1581 2053 1864 2107 Eustathio

287 2145 574 2211 convenit,
609 2146 698 2214 qui
751 2144 825 2198 ait
866 2153 1117 2213 parentes
1151 2161 1181 2198 a
1219 2145 1342 2198 ﬁliis
1390 2151 1734 2213 provocatos,
1768 2159 1864 2199 eos

288 2232 626 2290 interﬁcere.
681 2235 918 2292 Consule
987 2235 1302 2291 Michaelem
1364 2236 1607 2308 Glycam,
1665 2235 1864 2290 Annal.

291 2325 429 2380 libr.
462 2325 736 2391 |;llorum
771 2329 887 2382 libr.
930 2344 968 2389 ι,
1006 2328 1169 2398 capit.
1202 2328 1288 2383 54.
1318 2328 1493 2382 Aliam
1526 2325 1864 2397 φιλοτεκνίας

290 2431 524 2472 causam
549 2419 716 2474 habes
740 2420 881 2489 apud
908 2419 1206 2484 Elianum,
1235 2419 1311 2474 De
1327 2421 1511 2475 histor.
1531 2419 1859 2487 animalium,

291 2507 400 2562 lib.
433 2524 516 2571 in.
545 2512 710 2579 capit.
741 2511 830 2565 24.
859 2511 1014 2566 Hunc
1043 2511 1252 2567 Plinius
1276 2512 1529 2582 plateam,
1554 2513 1858 2583 plataleam,

293 2599 516 2664 Cicero,
549 2600 930 2673 Hieronymus,
959 2611 1012 2656 et
1038 2602 1338 2658 Eucherius
1364 2603 1734 2659 onocrotalum
1761 2617 1860 2658 vo-

295 2698 518 2744 carunt.
545 2689 810 2746 Consalus
832 2690 1058 2746 Pontius
1081 2694 1225 2747 notis
1260 2693 1315 2746 in
1342 2689 1710 2761 Physiologum
1735 2691 1864 2762 Epi-

301 2779 517 2848 phanii,
545 2796 666 2850 quae
702 2781 769 2836 de
803 2782 1060 2850 pelecano
1103 2790 1376 2847 narratur,
1408 2782 1558 2836 nullo
1581 2789 1674 2836 aut
1700 2797 1862 2852 expe‘

298 2869 556 2935 rimento,
606 2880 698 2924 aut
747 2873 913 2926 veteri
965 2873 1190 2942 probato
1243 2873 1556 2927 testimonio
1603 2873 1860 2928 afﬁrmari

299 2979 466 3035 posse
491 2965 788 3019 contendit.
821 2965 999 3031 Quare
1025 2973 1179 3034 putat
1210 2981 1308 3035 pro
1333 2967 1604 3036 pictorum
1633 2966 1859 3022 arbitrio

302 3055 614 3112 hominibus
665 3057 983 3123 exhibitam,
1038 3073 1138 3113 nec
1190 3059 1352 3113 ullam
1399 3057 1622 3126 hujusce
1653 3066 1860 3112 natura:

1965 1679 2030 1734 Et
2058 1681 2331 1746 Elianus,
2360 1682 2433 1736 De
2461 1683 2582 1737 hist.
2610 1686 2773 1740 anim.
2811 1686 2905 1741 lib.
2945 1701 3028 1752 ιιι,
3061 1702 3182 1759 cap.
3217 1688 3320 1744 20:
3347 1693 3410 1744 Οἱ
3434 1709 3530 1745 πε-

1965 1773 2189 1837 λεκᾶνες
2217 1776 2275 1827 ἐν
2301 1779 2414 1840 τοῖς
2444 1779 2704 1848 ποταμοῖς
2730 1779 2933 1849 κόγχας
2965 1780 3388 1852 περιχαενοντες,
3412 1780 3533 1838 εἶτα

1971 1865 2376 1920 καταπίνουσιν.
2429 1867 2613 1920 Ἔνδον
2646 1867 2702 1920 δὲ
2745 1869 2840 1921 καὶ
2882 1871 2939 1922 ἐν
2976 1869 3128 1941 μυχῷ
3160 1871 3259 1940 τῆς
3295 1875 3528 1944 γαστρὸς

1970 1955 2373 2025 ὑποθάλψαντες
2396 1957 2676 2028 ἀνεμοῦσι.
2707 1960 2816 2016 Καὶ
2845 1961 2914 2014 τὰ
2945 1961 3040 2030 μὲν
3062 1962 3325 2034 ὀστράκια
3349 1965 3414 2018 ὲκ
3431 1969 3530 2036 τῆς

1969 2048 2133 2111 ἀλέας
2163 2048 2345 2118 διέστη
2369 2049 2650 2121 ὼσπεροῦν
2680 2050 2786 2104 τῶν
2815 2051 3012 2120 ἑφθῶν·
3040 2053 3166 2106 esse
3188 2053 3533 2126 ὲξορύττουσι

1967 2139 2035 2193 τὰ
2058 2140 2214 2211 κρέα,
2243 2142 2336 2194 καὶ
2373 2141 2554 2211 ἔχουσι
2590 2142 2824 2199 δεῖπνον.
2858 2143 2988 2210 Quae
3021 2146 3262 2201 carmine
3299 2147 3531 2202 iambico

1969 2231 2046 2286 ita
2087 2231 2319 2287 reddidit
2347 2231 2498 2288 Phile
2535 2252 2548 2288 :

2035 2365 2277 2440 Κᾴγχην
2301 2366 2369 2419 δὲ
2395 2368 2657 2440 πελεκάν
2683 2369 2955 2440 ἐμϐαλὼν
2980 2370 3102 2437 τοῖς
3135 2372 3422 2440 ἐγκὰτοις,

2035 2435 2388 2510 Κᾴνάπαλιν
2413 2437 2605 2510 αὐτὴν
2635 2435 2982 2510 ἐξὲνεγκὼν,
3010 2435 3322 2508 ὀάτρᾶκοις

2042 2508 2111 2560 Τὸ
2126 2509 2396 2578 ’σαρκίον
2419 2508 2682 2575 ,ϐέϐρυκε
2704 2508 2936 2578 ληφθὲν
2958 2514 3280 2578 εὐστόχως.

2042 2575 2152 2648 Τοῦ
2187 2579 2295 2645 γὰρ
2323 2579 2501 2648 τόνου
2534 2575 2813 2632 θλάσασά
2846 2579 2954 2646 τὰς
2981 2575 3208 2648 κλεῖς’ἦ
3239 2575 3419 2648 ζέσις,

2038 2647 2304 2700 Ἔλυσεν
2335 2647 2407 2713 ἅς
2442 2648 2728 2718 ἕσφιγξεν
2756 2652 2794 2718 ἠ
2824 2651 3011 2719 κόγχη
3041 2647 3289 2720 πτύχας.

2035 2778 2196 2847 lbid.,
2228 2780 2327 2835 lin.
2360 2781 2451 2838 26.
2485 2784 2823 2837 Φιλόκαλον
2853 2786 2887 2836 ὁ
2915 2782 3086 2850 ταώς.
3119 2782 3293 2854 Ilujus
3324 2785 3530 2840 descri-

1967 2872 2207 2942 ptionem
2257 2872 2449 2928 iisdem
2491 2889 2627 2943 pene
2665 2875 2845 2929 verbis
2876 2874 3044 2930 habes
3084 2878 3223 2946 apud
3262 2876 3527 2932 Achillem

1965 2961 2202 3026 Tatium,
2236 2962 2330 3017 lib.
2367 2978 2383 3016 1
2419 2981 2435 3016 :
2469 2962 2652 3035 Ταύτῃ
2693 2964 2788 3016 νῦν
2819 2958 2968 3026 οὗτος
3005 2964 3066 3017 τὸ
3099 2963 3290 3028 κάλλος
3326 2965 3528 3017 ἐπιδεῖ-

1965 3069 2154 3106 κνυται
2186 3051 2426 3122 λειμῶνα
2459 3053 2690 3124 πτερῶν.
2727 3053 2786 3106 '0
2811 3052 2867 3105 δὲ
2891 3053 2983 3106 τοῦ
3011 3052 3121 3107 ταὼ
3145 3053 3346 3124 λειμὼν
3369 3055 3526 3108 εὐαν-

298 3163 454 3201 avem
490 3163 716 3218 usquam
744 3165 886 3213 esse,
911 3152 1336 3220 comprobatque
1366 3149 1711 3206 Hebraeorum
1735 3165 1860 3205 seno

1965 3141 2234 3213 Θέστερος.
2272 3141 2612 3211 Πεφύτευται
2658 3142 2767 3215 γὰρ
2798 3143 2945 3214 οὖτῷ
2975 3145 3068 3197 καί¹
3099 3145 3294 3217 χρυσὸς
3330 3147 3386 3198 ὲν
3416 3150 3527 3210 τοῖς

296 3240 489 3302 tentia,
521 3241 612 3310 qui
649 3240 887 3296 fatentur
916 3243 1128 3298 nescire
1151 3258 1209 3297 se
1235 3257 1353 3312 quae
1388 3243 1502 3298 avis
1539 3243 1610 3298 sit
1642 3243 1860 3312 peleca—

1964 3237 2203 3306 πτεροῖς
2227 3234 2408 3305 κύκλῳ
2424 3235 2481 3288 δὲ
2502 3235 2562 3287 τὺ
2579 3235 2842 3305 ἁλουργις
2856 3234 2946 3288 τὸν
2966 3237 3162 3307 χρυσὸν
3183 3236 3421 3308 περιθέει
3437 3238 3527 3290 τὸν

295 3347 427 3386 nus.
461 3330 733 3400 Quidquid
758 3340 940 3388 tamen
971 3333 1061 3398 sit,
1093 3333 1210 3390 avis
1251 3333 1365 3389 haec
1401 3333 1502 3388 fuit
1528 3334 1740 3404 insigne
1764 3333 1862 3388 Ju-

295 3424 351 3477 lii
392 3424 611 3478 Antonii
670 3423 939 3479 Sanctorii
993 3426 1308 3490 cardinalis,
1365 3435 1489 3496 post
1539 3425 1858 3496 Gregorium

294 3517 564 3572 decimum
589 3518 806 3571 tertium
837 3517 1145 3586 pontiﬁcem
1173 3518 1458 3587 Optimum,
1481 3516 1690 3586 collegii
1713 3515 1862 3570 Grai-

293 3624 486 3662 corum
517 3609 751 3677 primum
779 3621 1005 3679 patrem,
1044 3609 1203 3680 primi
1233 3609 1651 3678 propugnatoris
1678 3623 1741 3661 ac
1769 3608 1862 3662 de-

296 3700 556 3763 fensoris,
590 3701 704 3768 qui,
738 3709 795 3754 ut
824 3700 1132 3755 Graecorum
1167 3700 1261 3753 ﬁlii
1293 3715 1360 3755 ex
1398 3700 1564 3769 impia
1601 3699 1692 3753 illa
1723 3697 1863 3752 Tur-

298 3806 489 3846 carum
518 3792 801 3861 tyrannide
835 3801 888 3846 et
933 3791 1253 3858 ignorantiae
1293 3791 1531 3846 tenebris
1576 3790 1766 3859 elapsi,
1807 3797 1862 3845 et

300 3883 460 3939 bonis
483 3883 712 3946 artibus,
743 3889 798 3937 et
825 3882 1136 3938 lectissimis
1161 3882 1403 3937 moribus
1439 3882 1858 3946 instruerentur,

303 3973 567 4028 adversus
613 3973 920 4028 malesanos
959 3973 1278 4036 nebulones,
1318 3972 1412 4042 qui
1459 3978 1668 4025 tantum
1725 3986 1862 4041 opus

305 4071 548 4120 evertere
570 4065 929 4127 conabantur,
961 4062 1198 4134 propriis
1223 4062 1413 4117 oﬂiciis
1433 4063 1736 4133 Opibusque
1767 4063 1862 4118 bo-

309 4170 376 4210 na
412 4171 441 4210 a
473 4154 733 4227 Gregorio
761 4157 957 4228 legata,
1006 4156 1350 4210 alumnorum
1389 4155 1698 4211 educationi
1721 4197 1737 4221 ,
1768 4154 1862 4209 diu

300 4247 412 4317 jam
464 4248 793 4312 corruentia,
850 4247 1147 4314 immunia,
1191 4261 1432 4316 sanaque
1481 4244 1756 4312 sustinuit,
1809 4253 1863 4300 et

303 4339 642 4393 conﬁrmavit
688 4339 958 4403 nutantia,
1009 4339 1123 4394 suis
1185 4337 1484 4393 commodis
1550 4335 1860 4392 Graecorum

301 4430 661 4484 eruditionem
709 4436 1078 4499 anteponens,
1127 4435 1182 4484 et
1229 4443 1369 4497 quos
1419 4429 1532 4498 jam
1583 4427 1863 4481 charitatis

1964 3324 2076 3378 ἴσον
2093 3324 2310 3388 κύκλον,
2329 3325 2424 3379 καὶ
2443 3324 2586 3377 ἐστιν
2603 3325 2874 3396 ὀφθαλμὸς
2891 3328 2948 3379 ἐν
2963 3325 3039 3396 τῷ
3055 3326 3253 3398 πτερῷ.
3267 3328 3529 3384 Aristotc-

1962 3414 2063 3478 les,
2092 3413 2186 3468 lib.
2215 3429 2230 3466 ι
2257 3412 2328 3466 De
2342 3412 2468 3467 hist.
2493 3413 2679 3475 anim.,
2703 3429 2826 3468 eum
2849 3414 3104 3486 φθονερὸν
3120 3417 3212 3468 καὶ
3241 3417 3527 3485 φιλόκαλον

1960 3513 2149 3569 vocat;
2195 3504 2316 3572 ejus
2359 3504 2796 3569 ostentationem,
2845 3506 3155 3574 superbiam
3215 3522 3279 3560 ac
3326 3506 3524 3562 fastum

1959 3597 2191 3666 explicat
2227 3595 2476 3650 Elianus
2505 3595 2596 3649 lib.
2629 3610 2659 3647 v
2699 3594 2776 3648 De
2815 3595 3003 3649 histor.
3055 3597 3242 3661 anim.,
3273 3612 3393 3667 cap.
3422 3597 3523 3664 2|;

1959 3686 2264 3756 Oppianus,
2286 3684 2364 3740 De
2384 3686 2670 3750 venatione,
2695 3684 2790 3740 lib.
2836 3700 2898 3748 ιι,
2931 3694 2983 3740 et
3007 3685 3102 3741 lib.
3124 3703 3209 3749 ιιι.
3231 3688 3325 3758 qui
3347 3689 3424 3742 ait
3447 3690 3522 3743 nil

1956 3778 2254 3848 jucundius
2294 3793 2358 3833 ac
2401 3777 2683 3847 pulchrius
2734 3792 2943 3847 pavone
2989 3778 3044 3832 in
3073 3780 3236 3834 rebus
3269 3796 3299 3833 a
3331 3788 3523 3835 natura

1959 3869 2292 3940 profectum;
2352 3869 2532 3933 Phile,
2589 3870 2646 3923 in
2699 3867 3262 3942 Iambis;‘Georgius
3317 3871 3523 3936 Pisida,

1959 3961 2037 4015 De
2067 3960 2248 4014 mundi
2283 3961 2490 4030 opiﬁc.,'
2524 3959 2892 4015 Philostratus
2921 3957 3114 4016 Junior
3147 3959 3363 4017 Heroic.
3390 3961 3446 4026 2,
3472 3965 3523 4017 in

1960 4053 2305 4119 Alexandro;
2353 4052 2646 4124 Gregorius
2693 4051 3067 4110 Nazianzenus
3102 4055 3265 4108 Κατὰ
3308 4073 3526 4124 γυναι-

1960 4146 2083 4200 κῶν
2106 4144 2664 4215 καλλωπιζομένων,
2687 4143 2998 4208 Athenaeus,
3029 4145 3154 4200 libr.
3188 4162 3264 4211 Ix,
3298 4146 3526 4216 Dcipuo-

1961 4238 2202 4307 sophist.;
2227 4237 2438 4301 Cicero,
2476 4253 2534 4291 ιιι
2571 4237 2648 4291 De
2673 4238 2899 4306 ﬁnibus;
2931 4237 3250 4305 Columella,
3277 4239 3371 4293 lib.
3403 4255 3519 4305 viil,

1960 4333 2125 4401 capit.
2150 4332 2206 4386 ll
2231 4348 2246 4398 ;
2274 4330 2570 4396 Lucianus,
2597 4329 2673 4386 De
2687 4329 2874 4394 domo;
2898 4328 3122 4394 Gellius,
3151 4331 3244 4386 lib.
3269 4347 3364 4393 vn,
3398 4347 3520 4402 cap.

1962 4421 2062 4487 l7;
2097 4420 2195 4475 Dio
2223 4420 2668 4492 Chrysostomus,
2715 4422 2963 4475 oratione
2991 4420 3306 4492 Olympica;
3342 4421 3520 4476 Theo-

301 4520 483 4576 studio
515 4520 592 4575 uti
634 4519 773 4574 ﬁlios
823 4521 1136 4590 complexus
1195 4517 1389 4582 fuerat,
1419 4518 1582 4572 etiam
1640 4516 1687 4572 si
1725 4530 1862 4585 opus
1893 4538 1938 4594 ο
1965 4515 2250 4586 phylactus
2268 4512 2596 4575 Simocatus,
2623 4513 2785 4582 epist.
2808 4513 2868 4568 5|
2893 4531 2908 4580 ;
2935 4513 3267 4584 Epiphanius
3301 4514 3354 4567 in
3380 4513 3522 4584 Phy-

302 4609 514 4677 fuisset,
545 4611 627 4666 sui
657 4611 939 4678 sanguinis
975 4610 1163 4665 fovens
1185 4608 1467 4672 eﬁ‘usione,
1500 4623 1533 4662 ο
1561 4622 1687 4663 vere
1713 4606 1862 4676 pele-

300 4720 520 4768 canum,
556 4719 682 4759 vere
733 4718 956 4757 aureum
977 4743 992 4768 ,
1019 4717 1144 4757 vere
1172 4702 1500 4770 φιλότεκνον.
1540 4698 1618 4754 Ne
1648 4699 1860 4754 felicem

301 4806 353 4852 te
383 4797 669 4858 Graeciam,
714 4795 896 4851 felices
926 4802 1051 4850 tuos
1090 4793 1548 4857 adolescentulos,
1592 4793 1728 4846 tanti
1762 4806 1858 4861 pa-

300 4887 442 4941 troni
465 4887 718 4959 prassidio
739 4887 793 4940 in
815 4886 1050 4939 maxima
1077 4884 1404 4939 necessitate
1435 4898 1560 4937 vere
1589 4881 1858 4937 defensos.

300 4978 508 5043 Gaude,
543 4978 736 5049 gaude,
791 4977 927 5030 tanti
972 4976 1075 5029 viri
1126 4975 1373 5044 exemplo
1426 4973 1859 5043 praestantissimi

299 5075 538 5142 quinque
568 5071 828 5142 praesules
857 5078 980 5125 tuos
1009 5069 1168 5131 ﬁlios,
1201 5075 1254 5122 et
1292 5068 1464 5131 alunt,
1520 5075 1574 5122 et
1618 5067 1861 5123 moribus

305 5163 654 5232 scientiisque
673 5162 988 5222 informant,
1003 5172 1233 5228 quorum
1257 5156 1442 5212 laudes
1462 5172 1606 5212 nunc
1623 5173 1726 5211 non
1754 5166 1861 5211 tam

297 5255 762 5322 pratermittimus,
787 5267 943 5323 quam
973 5251 1041 5304 ad
1072 5252 1324 5320 majorem
1355 5248 1612 5303 scribendi
1639 5248 1859 5318 diligen-

299 5347 432 5399 tiam
461 5361 805 5399 reservamus.

369 5436 529 5499 lbid.,
556 5438 651 5490 lin.
683 5437 762 5489 ll.
801 5431 973 5490 Οὗτοι
1003 5434 1070 5486 δὲ
1099 5436 1152 5487 oi
1178 5433 1523 5499 πελεκᾶνες.
1561 5431 1702 5487 Idem
1733 5447 1859 5486 nar-

300 5537 384 5582 rat
413 5528 734 5583 Aristoteles
765 5527 860 5580 lib.
895 5526 1035 5592 Περὶ
1071 5525 1418 5594 θαυμασίων
1443 5523 1854 5592 ἀκουσμάτων,

299 5628 348 5670 et
383 5619 474 5671 lib.
502 5633 556 5671 lx
574 5617 647 5671 De
677 5617 800 5672 hist.
839 5616 1030 5677 anim.,
1059 5630 1179 5684 cap.
1205 5616 1302 5667 1οε
1330 5613 1459 5665 (nas
1488 5613 1780 5678 πελεκᾶνες
1806 5617 1855 5667 οἰ

300 5714 354 5764 ὲν
377 5712 487 5772 τοῖς
520 5711 782 5778 ποταμοῖς
810 5707 1079 5777 γινόμενοι
1103 5707 1456 5760 καταπίνουσι
1487 5705 1584 5770 τὰς
1615 5707 1853 5777 μεγάλας

300 5802 496 5865 κόγγας
518 5801 608 5857 καὶ
631 5800 793 5866 λεξαςθ
813 5800 1002 5856 ὅτανδ’
1030 5799 1183 5868 ἐντῷ
1215 5799 1319 5863 πρὸ
1350 5798 1446 5869 τῆς
1477 5800 1680 5866 κοιλίας
1704 5800 1852 5871 τόπῳ

1965 4604 2472 4676 siologo;’.0vidius,
2505 4613 2559 4661 et
2588 4606 2701 4659 alii.
2739 4603 2969 4669 Plinius,
3007 4606 3099 4660 lib.
3146 4621 3200 4670 x,
3236 4621 3356 4676 cap.
3399 4605 3471 4660 20
3505 4627 3518 4661 :

1965 4697 2293 4753 Gemmantes
2327 4699 2576 4753 laudatus
2601 4698 2850 4768 expandit
2873 4699 3093 4765 colores,
3117 4699 3343 4754 adverso.
3361 4700 3525 4753 maxi-

1963 4810 2044 4846 me
2069 4793 2198 4857 sole,
2229 4795 2353 4860 quia
2387 4795 2463 4847 sic
2492 4793 2778 4863 fulgentius
2816 4793 3051 4846 radiant.
3109 4792 3284 4846 Simul
3324 4794 3524 4849 umbra:

1961 4886 2215 4954 quosdam
2241 4900 2571 4954 repercussus
2591 4887 2814 4950 caeteris,
2832 4887 2887 4940 in
2910 4902 3069 4955 opaco
3087 4887 3284 4940 clarius
3303 4887 3520 4951 micant,

1962 4978 2216 5032 conchata
2242 4979 2429 5048 quazrit
2467 4978 2639 5032 cauda
2671 4995 2689 5032 :
2730 4995 3005 5048 omnesque
3042 4979 3096 5033 in
3129 4996 3368 5034 acervum
3401 4997 3526 5033 con-

1961 5070 2122 5123 trahit
2158 5087 2468 5139 pennarum,
2499 5087 2626 5140 quas
2658 5069 2882 5137 spectari
2924 5073 3114 5140 gaudet
3151 5072 3349 5126 oculos.
3390 5071 3524 5127 Ter-

1959 5162 2243 5227 tullianus,
2278 5162 2372 5216 lib.
2413 5162 2486 5214 De
2542 5162 2705 5230 pallio
2763 5180 2782 5216 :
2837 5162 2979 5218 Pavo
3025 5163 3208 5232 pluma
3247 5165 3426 5225 vestis,
3472 5173 3523 5216 et

1957 5251 2164 5321 quidem
2185 5251 2247 5304 de
2275 5250 2559 5314 calaclitis,
2591 5252 2696 5304 imo
2734 5255 2876 5306 omni
2907 5253 3174 5322 conchylio
3207 5251 3519 5320 depressior,

1956 5361 2060 5414 qua
2091 5343 2230 5397 colla
2269 5343 2479 5412 florent,
2511 5352 2560 5396 et
2606 5344 2747 5397 omni
2800 5345 3013 5413 patagio
3053 5343 3370 5404 inauratior,
3418 5357 3524 5410 qua

1957 5447 2103 5506 terga
2144 5435 2373 5504 fulgent;
2404 5442 2452 5488 et
2483 5435 2626 5489 omni
2663 5443 2893 5504 syrmate
2934 5433 3177 5495 solutior,
3207 5448 3309 5501 qua
3339 5431 3522 5484 cauda:

1947 5527 2150 5595 jaceat,
2199 5525 2520 5589 multicolor,
2561 5533 2608 5579 et
2653 5525 2905 5587 discolor,
2950 5532 2997 5578 et
3045 5522 3348 5588 versicolor,
3379 5538 3519 5574 nun-

1953 5635 2112 5688 quam
2137 5620 2250 5687 ipsa
2270 5635 2469 5689 semper
2493 5618 2624 5684 alia,
2653 5618 2752 5672 etsi
2777 5632 2978 5685 semper
3004 5617 3118 5680 ipsa
3146 5614 3353 5684 quando
3377 5614 3521 5677 alia;

1957 5712 2109 5765 toties
2141 5709 2357 5781 denique
2388 5711 2644 5765 mutanda
2677 5711 2878 5780 quoties
2912 5704 3180 5760 movenda.
3225 5705 3355 5761 Vide
3382 5721 3520 5777 prte-

1955 5810 2098 5860 terca
2123 5800 2387 5859 Joannem
2420 5798 2810 5862 Passeratium,
2837 5804 2888 5852 et
2917 5794 3164 5863 Ulyssem
3217 5793 3518 5852 Aldrovan-
