4064 6290
574 312 682 371 895

1893 301 2142 358 LEONIS
2177 301 2447 358 ALLATll

3732 303 3856 360 896

575 430 729 486 dum.
779 426 1020 496 Scaliger
1073 421 1299 477 exercit.
1351 419 1478 485 258,
1521 419 1575 473 in
1625 416 1954 481 Cardanum,
1999 415 2146 487 quod
2174 419 2221 478 Α
2248 417 2539 488 ἀπόφασιν.
2565 415 2830 474 Rel‘erunt
2849 425 3030 474 tamen
3056 417 3276 490 quidam
3299 417 3354 474 in
3377 418 3642 474 interiore
3668 417 3843 473 India

574 537 686 576 non
729 518 1041 586 infrequens
1070 521 1156 568 est
1191 511 1334 582 apud
1382 511 1702 581 scriptores,
1740 523 2003 581 pavonem
2039 508 2146 562 sci-

575 614 724 678 licet,
761 607 1072 677 conspectis
1111 605 1342 678 pedibus
1366 645 1381 669 ,
1427 604 1572 675 quod
1619 611 1806 673 turpes
1845 601 1954 656 sint
1997 601 2146 655 voci-

576 703 759 768 fcrari,
809 699 1152 755 anicularum
1204 697 1444 754 fabulam
1491 703 1666 752 vocat.
1714 693 1855 750 Vide
1884 693 2144 762 Picrium,

573 796 668 848 lib.
706 809 855 848 xxw.

642 886 798 949 lbid.,
835 885 930 938 lin.
957 884 1044 938 35.
1083 884 1137 936 '0
1169 882 1235 934 δὲ
1258 880 1458 951 φοῖνιξ
1477 879 1726 950 μέγεθος
1753 878 1888 949 μέν.
1911 876 2142 945 Plinius,

570 978 664 1034 lib.
696 994 752 1043 Χ,
781 993 902 1048 cap.
944 979 980 1031 2
1010 996 1021 1030 :
1059 977 1265 1045 Aquila:
1295 985 1550 1029 narratur
1595 972 1976 1044 magnitudine,
2023 971 2144 1024 auri

568 1071 772 1142 fulgore
800 1072 941 1125 circa
976 1072 1136 1131 colla,
1175 1081 1369 1123 caetera
1397 1083 1712 1137 purpureus,
1747 1071 2028 1121 caeruleam
2055 1081 2143 1118 ro-

565 1164 668 1217 seis
713 1162 941 1217 caudam
971 1162 1151 1231 pennis
1187 1160 1652 1231 distinguentibus,
1704 1160 1881 1215 cristis
1926 1159 2139 1227 faciem,

565 1265 826 1324 caputque
843 1256 1051 1324 plumeo
1080 1255 1226 1321 apice
1253 1254 1642 1307 cohonestante.
1665 1253 1905 1308 Achilles
1926 1249 2140 1317 Tatius,

566 1348 662 1402 lib.
700 1362 758 1401 ιιι
779 1365 791 1401 :
809 1346 988 1410 Φοῖνιξ
1015 1346 1112 1417 μὲν
1143 1346 1172 1397 ὁ
1198 1345 1345 1414 ὅρνις
1369 1344 1558 1414 ὄνομα·
1588 1345 1647 1397 τὸ
1671 1343 1726 1396 δὲ
1748 1343 1904 1412 γένος
1925 1341 2138 1411 Αἰθίοψ,

568 1437 798 1508 μέγεθος
818 1441 958 1492 κατὰ
991 1437 1191 1490 ταῶνα·
1223 1437 1320 1507 τὴν
1346 1435 1532 1506 χροιὰν
1562 1434 1705 1498 ταὼς
1734 1436 1790 1487 ἐν
1813 1433 1999 1488 κάλλει
2023 1433 2144 1487 δεύ-

563 1545 742 1602 τερος.
778 1530 1122 1600 Κεκέρασται
1169 1527 1268 1598 μὲν
1313 1527 1488 1596 πτερὰ
1523 1525 1706 1596 χρυσῷ
1739 1527 1832 1580 καὶ
1863 1527 2140 1597 πορφύρα,

565 1621 724 1692 αὑχεί
749 1621 805 1674 δὲ
826 1621 916 1674 τὸν
941 1621 1090 1691 ἥλιον
1113 1621 1400 1691 δεσπότην,
1431 1621 1525 1674 καὶ
1553 1623 1584 1691 ἡ
1614 1618 1824 1689 κεφαλὴ
1856 1621 2140 1690 μαρτυρεῖ·

565 1715 907 1784 ἐστεφάνωσε
933 1714 1042 1784 γὰρ
1068 1714 1236 1786 αὐτὴν
1260 1715 1459 1778 κύκλος
1481 1715 1705 1786 εὐφυὴς,
1732 1714 1886 1785 ἡλίου
1915 1714 1970 1766 δέ
1997 1716 2142 1768 ἐστιν

2246 523 2397 564 avem
2417 524 2540 564 esse
2559 509 2777 564 nomine
2799 508 3130 574 semendam,
3149 525 3269 579 quae
3283 517 3522 566 rostrum
3540 511 3715 566 habet
3740 512 3844 564 tri-

2245 600 2369 670 plici
2391 600 2603 667 ordine,
2629 608 2791 672 atque
2812 609 2870 656 ut
2902 602 2956 656 in
2979 602 3286 674 ellychiniis
3307 603 3674 674 undequaque
3700 619 3840 675 per-

2244 691 2502 759 foratum,
2519 707 2642 763 quae
2662 693 2924 748 moritura
2945 693 3104 749 dulce
3126 705 3288 749 canat
3311 709 3611 766 cygnorum
3642 710 3834 749 more.

2244 783 2372 840 lnde
2411 786 2656 841 collectis
2681 786 2971 842 sarmentis
3001 798 3150 842 motu
3192 787 3401 841 alarum
3432 787 3704 842 accendat
3735 803 3835 851 ea,

2245 887 2564 948 uraturque,
2606 895 2670 934 ex
2711 881 2869 950 cujus
2910 880 3094 936 cinere
3119 880 3342 943 vermis,
3383 889 3495 934 tum
3525 895 3590 934 ex
3634 894 3838 934 verme

2245 973 2360 1026 avis
2399 971 2577 1026 denuo
2611 981 2948 1028 renascatur.
2981 973 3247 1044 Scaliger,
3272 965 3663 1028 cxerciiatione
3687 987 3836 1026 con-

2244 1070 2329 1116 tra
2355 1061 2664 1119 Cardanum
2701 1066 2807 1120 255
2835 1085 2848 1121 :
2881 1065 3198 1130 Phoenicem,
3230 1065 3426 1135 inquit,
3457 1082 3562 1118 non
3589 1081 3704 1118 esse
3730 1081 3836 1133 pe-

2244 1156 2384 1208 nitus
2423 1155 2722 1224 fabulosam
2751 1157 2968 1228 legimus
2999 1158 3053 1212 in
3082 1156 3486 1212 Commentariis
3522 1157 3835 1227 navigatio-

2245 1261 2370 1299 num
2407 1247 2462 1299 in
2508 1246 2899 1301 mediterraneis
2946 1247 3120 1302 Indiae
3161 1249 3396 1317 reperiri.
3430 1247 3693 1302 Semenda
3733 1264 3834 1300 vo-

2245 1349 2397 1393 catur
2425 1339 2489 1394 ab
2512 1340 2719 1395 incolis.
2761 1341 3023 1396 Caeterum
3048 1341 3202 1410 hujus
3227 1341 3464 1395 historia:
3493 1341 3653 1410 fidem
3684 1341 3831 1394 levat

2245 1430 2486 1486 additum
2514 1431 2864 1486 mendacium.
2893 1432 3056 1486 Aiunt
3078 1434 3214 1486 enim
3244 1433 3292 1486 ei
3335 1441 3566 1485 rostrum
3599 1431 3832 1500 triﬁstu-

2245 1526 2377 1594 lare,
2425 1534 2484 1579 ut
2519 1528 2776 1580 musicum
2823 1525 2944 1580 edat
2999 1542 3205 1580 sonum.
3250 1523 3416 1594 Cujus
3459 1525 3527 1578 ad
3558 1525 3827 1577 imitatio-

2246 1635 2360 1672 nem
2398 1627 2636 1689 pastores
2681 1619 3089 1674 instrumentum
3129 1619 3514 1689 composuerint
3551 1615 3698 1678 haud
3738 1617 3828 1669 in-

2246 1727 2426 1767 suave.

563 1774 716 1862 ὁτοὺ
732 1807 930 1862 κύκλου
945 1774 1217 1877 ’στέφανος
1243 1774 1701 1870 ElXLiJV.'KU&IV£.6;
1721 1774 1859 1872 ἐστι,
1889 1808 1982 1860 καί
2003 1809 2140 1862 εἰσιν
2172 1774 2218 1834 Β
2315 1802 2474 1868 lbid.,
2512 1804 2608 1858 lin.
2635 1805 2700 1860 41
2735 1823 2748 1859 :
2791 1805 2882 1871 Ὡς
2908 1803 3226 1873 ἱστορῆσαι
3259 1803 3358 1858 καὶ
3390 1802 3640 1867 ἄλλους.
3682 1801 3824 1855 Car-

564 1893 724 1952 αὑται
776 1899 988 1970 πτερῶν
1038 1899 1314 1952 ἁνατολαί.
1367 1897 1692 1970 Μερίζονται
1743 1898 1801 1952 δὲ
1845 1898 2010 1952 αὑτοῦ
2047 1900 2142 1952 Ai-

565 1992 751 2055 θίοπες
799 1993 896 2062 μὲν
942 1994 1041 2064 τὴν
1091 1992 1255 2063 ζωὴν,
1299 1991 1587 2060 Αἰγύπτιοι
1633 1993 1689 2045 δὲ
1733 1993 1830 2064 τὴν
1863 1992 2138 2065 τελευτήν.

562 2083 874 2139 Phoenicem
899 2084 1150 2154 deposito
1182 2085 1337 2139 senio
1357 2085 1690 2154 repullularc
1721 2099 1787 2138 ac
1815 2084 2142 2140 reviviscere

564 2185 722 2231 vetus
763 2177 952 2232 eadem
1000 2185 1055 2232 et
1099 2193 1261 2241 nova,
1300 2177 1526 2232 tradunt
1577 2176 1849 2232 Aristides
1890 2178 2141 2234 oratione

559 2271 628 2324 de
660 2267 892 2340 Smyrna
923 2269 1286 2334 reaedilicata;
1321 2269 1683 2332 Claudianus,
1714 2277 1906 2324 auctor
1934 2271 2140 2325 carmi-

558 2362 647 2416 nis
684 2361 752 2416 de
785 2361 1039 2432 phoenice
1082 2361 1227 2431 apud
1256 2359 1603 2416 Lactantium
1629 2379 1646 2428 ;
1674 2359 1914 2418 Joannes
1945 2359 2140 2433 Xiphi~

559 2454 730 2519 linus,
758 2453 814 2507 in
843 2452 1092 2518 Tiberio;
1123 2452 1454 2518 Herodotus,
1490 2453 1584 2508 lib.
1619 2468 1657 2507 ιι
1683 2471 1698 2521 ;
1735 2451 1937 2521 llorus,
1967 2453 2063 2508 lib.
2096 2469 2135 2520 I,

559 2560 682 2616 cap.
716 2545 825 2611 55;
860 2542 1102 2621 Solinus,
1141 2558 1262 2613 cap.
1298 2543 1400 2611 5‘3;
1443 2542 1780 2614 Pomponius
1823 2543 1986 2610 Mela,
2038 2544 2134 2600 lib.

560 2654 646 2702 ιιι,
685 2652 804 2706 cap.
843 2637 909 2704 9;
943 2638 1195 2692 Clemens
1243 2635 1543 2692 Romanus.
1576 2638 1670 2691 lib.
1706 2654 1739 2692 v
1782 2637 2136 2693 Constitutio-

558 2743 708 2794 num,
744 2743 867 2797 cap.
897 2727 953 2792 6,
987 2743 1148 2796 quem
1184 2727 1372 2782 laudat
1408 2726 1644 2800 Cyrillus
1683 2726 2134 2799 llierosolymita-

559 2835 687 2884 nus,
731 2818 1002 2874 Cateches.
1042 2819 1130 2883 18,
1180 2817 1256 2873 De
1287 2821 1721 2888 resurrectione;
1761 2819 2134 2876 Tertullianus

557 2912 654 2966 lib.
683 2909 759 2964 De
787 2921 1092 2975 resurrect.,
1124 2926 1245 2981 cap.
1283 2913 1384 2979 l5;
1445 2913 1785 2976 Ambrosius,
1831 2914 1926 2968 lib.
1961 2929 2038 2978 v1,
2077 2914 2133 2968 in

557 3003 819 3070 Hexaem,
847 3018 966 3073 cap.
997 3002 1089 3069 25,
1115 3009 1169 3057 et
1196 3003 1290 3057 lib.
1327 3002 1407 3057 De
1435 3002 1539 3073 ﬁde
1570 3005 2007 3072 resurrectionis;
2033 3004 2135 3059 Na-

559 3098 856 3150 zianzenus
879 3095 1092 3160 ,Carm.
1121 3095 1190 3148 ad
1222 3096 1487 3165 virgines;
1523 3095 1882 3167 Epiphanius,
1922 3098 1979 3154 in
2021 3101 2131 3153 An-
2159 3133 2205 3195 α

557 3194 774 3248 corato;
819 3184 1128 3256 Cyprianus
1180 3193 1237 3240 et
1293 3185 1547 3250 Ruﬁnus,
1582 3186 1637 3240 in
1679 3185 1958 3257 Symbolo.
1997 3188 2131 3258 Ejus

555 3276 806 3330 meminit
833 3273 1102 3330 Eusebius
1133 3272 1506 3336 Caesariensis,
1533 3275 1624 3330 lib.
1661 3291 1712 3329 ιν
1750 3277 1828 3332 De
1863 3279 1955 3333 vit.
1987 3277 2132 3333 Con-

554 3380 720 3426 stant.
752 3368 828 3425 De
871 3370 1099 3425 historia
1140 3370 1304 3440 hujus
1341 3371 1459 3426 avis
1496 3369 1708 3424 haesitat
1734 3368 2128 3435 Nazianzenus,

553 3471 609 3518 et
642 3466 695 3518 in
736 3463 963 3518 dubium
996 3471 1176 3528 vocat,
1209 3464 1356 3518 hom.
1391 3463 1459 3519 de
1491 3463 1698 3534 Spiritu
1724 3472 1912 3520 sancto
1940 3484 1952 3520 :
1981 3466 2044 3518 Εἰ
2073 3466 2131 3519 δέ

549 3573 631 3626 τῳ
675 3555 863 3619 πιστὸς
909 3558 938 3608 ό
975 3555 1152 3625 λόγος,
1193 3557 1287 3609 καὶ
1337 3555 1492 3619 ἄλλος
1543 3555 1659 3609 ἐστὶ
1703 3556 1903 3628 τρόπος
1942 3558 2130 3628 γεννή-

553 3663 712 3710 σεως,
745 3646 877 3700 αὑτό
907 3663 960 3698 τι
1006 3647 1096 3716 ὑφ’
1143 3646 1336 3701 ἑαυτοῦ
1385 3646 1794 3718 δαπανώμενον,
1831 3648 1923 3700 καὶ
1951 3649 2131 3701 τικτό-

555 3753 735 3808 μενον.
785 3735 851 3789 Ει
884 3735 1117 3801 Plinius,
1146 3737 1236 3791 lib.
1272 3753 1330 3802 ι,
1364 3752 1486 3807 cap.
1519 3738 1554 3790 2
1598 3757 1610 3792 :
1650 3737 1948 3808 Afthiopes,
1977 3751 2131 3809 atque

552 3826 680 3881 Indi
713 3826 999 3882 discolores
1019 3829 1249 3883 maxime
1285 3839 1332 3884 et
1370 3829 1747 3884 inenarrabiles
1779 3831 1952 3900 ferunt
1987 3848 2126 3897 aves,

548 3929 604 3975 et
658 3928 778 3973 ante
832 3937 1007 3974 omnes
1069 3921 1297 3976 nobilem
1351 3922 1550 3976 Arabia
1605 3922 1942 3978 Phoenicem:
1986 3924 2128 3979 haud

551 4012 663 4066 scio
718 4028 787 4064 an
828 4011 1088 4080 fabulose,
1139 4029 1301 4066 unum
1353 4015 1405 4067 in
1458 4023 1566 4068 toto
1619 4014 1762 4081 orbe,
1810 4033 1901 4069 nec
1959 4018 2128 4070 visum

552 4117 884 4172 magnopere.
929 4103 1293 4176 Hieronymus
1321 4107 1627 4171 Cardanus,
1664 4109 1757 4162 lib.
1797 4125 1848 4173 χ,
1885 4108 1962 4162 De
2000 4109 2128 4162 sub-

554 4195 748 4249 tilitate
785 4213 802 4252 :
841 4196 1154 4252 Phoenicem
1187 4199 1554 4268 praedicarunt
1598 4201 1774 4266 multi,
1811 4218 1985 4266 avem,
2044 4202 2127 4255 in-

554 4286 694 4357 quit,
729 4287 923 4341 labula:
952 4304 1114 4356 quam
1146 4289 1357 4342 veritati
1392 4290 1698 4357 propiorem
1725 4308 1740 4356 ;
1777 4298 1830 4345 et
1859 4290 2126 4346 Maximus

553 4379 778 4452 Martyr,
813 4379 851 4434 l.
889 4379 955 4432 ad
999 4379 1221 4434 Petrum
1264 4381 1530 4434 illustrem
1569 4392 1762 4436 contra
1804 4381 1990 4438 Severi
2028 4383 2124 4437 doc

2242 1893 2391 1949 mina
2429 1901 2557 1950 sunt
2594 1893 2892 1950 Ezechielis
2933 1894 3319 1966 tragoediarum
3353 1892 3662 1962 scriptoris,
3696 1905 3822 1961 qua:

2241 1989 2370 2044 item
2402 1988 2670 2045 Eusebius
2727 1989 2820 2043 lib.
2878 2004 2934 2043 ιι
2979 1989 3053 2042 De
3095 1986 3485 2058 prwparatione
3519 1983 3820 2053 evangelica

2241 2084 2446 2140 retulit.
2473 2082 2567 2139 Sic
2589 2082 3065 2154 debentdistingui
3089 2125 3101 2137 .

2313 2200 2554 2267 Ἕτερον
2585 2199 2652 2252 δὲ
2690 2198 2841 2267 πρὸς
2873 2197 3060 2251 τοῖσδ’
3087 2196 3326 2267 εἴδομεν
3353 2193 3500 2255 ζῶον
3527 2192 3726 2258 ξένον,

2311 2265 2687 2339 Θαυμαστὸν,
2716 2265 2844 2339 οἷον
2872 2267 3104 2339 οὐδέπω
3129 2265 3456 2339 ῶρακέλτις.

2308 2333 2572 2411 Διπιὶοῦν
2596 2340 2707 2409 γὰρ
2737 2337 2814 2411 ἦν
2848 2338 2913 2391 τὸ
2940 2337 3134 2411 μῆκος
3161 2333 3359 2411 alarm")
3392 2333 3638 2406 σχεδὸν,

2308 2410 2578 2478 Πτεροῖσι
2605 2407 2997 2471 ⁷ποικίλοισιν,
3033 2407 3141 2476 ἡδὲ
3172 2407 3501 2478 χρώμασιν.

2310 2477 2536 2550 Στῆθος
2563 2481 2679 2550 μὲν
2715 2480 2898 2534 αὑτοῦ
2931 2477 3277 2547 πορφυροῦν
3304 2479 3602 2550 ἐφαίνετο·

2307 2548 2502 2619 Σκέλη
2534 2548 2602 2604 δὲ
2629 2554 3023 2622 μιλτόχρωτα,
3059 2551 3154 2602 καὶ
3187 2549 3323 2622 κατ’,
3338 2548 3574 2622 αὐχένα

2305 2617 2698 2691 Κροκωτίνόις
2725 2617 3053 2691 μαλλοῖσιν
3083 2617 3473 2687 εὐτρεπίζετοο

2305 2690 2469 2762 Κάρα
2494 2692 2561 2746 δὲ
2596 2690 2799 2758 κοιτὴς
2837 2690 3077 2762 ἡμέροις
3105 2691 3481 2762 παρεμφερὲς

2838 2745 2912 2829 ’ίξῖ
2946 2745 3091 2829 adp};
3114 2745 3500 2833 Απροᾶἐϐλεπῖε

2305 2831 2539 2898 ((1526qu,
2573 2831 2718 2900 κόρῃ
2748 2832 2816 2884 δὲ
2847 2833 3065 2900 κόκκος
3093 2831 3171 2896 ὡς
3195 2832 3495 2900 ἐφαίνετο.

2306 2904 2519 2972 Φωνὴν
2548 2903 2616 2956 δὲ
2642 2899 2885 2972 πάντων
2911 2899 3074 2969 εἶχεν
3098 2899 3610 2972 ἐκπρεπεστάτην.

2304 2970 2604 3039 Βασιλεὺς
2633 2972 2702 3026 δὲ
2735 2971 2977 3026 πάντων
3000 2970 3220 3041 ὀρνέων
3241 2973 3540 3041 ἐφαίνετο,

2317 3045 2410 3110 Ὠς
2442 3041 2520 3116 ἦν
2546 3040 3154 3116 νοῆσαιεΠάν-τα-ίνὰρ
3174 3040 3464 3116 Δτίὶιςπτήιθ
3489 3041 3633 3111 ὁμοῦ

2308 3112 2589 3170 Ὀπισθεν
2626 3113 2812 3167 αὐτοῦ
2843 3112 3127 3166 deuitare"
3161 3112 3489 3175 ἐπέσσυτο,

2302 3185 2494 3268 ἐρινὸς
2529 3184 2599 3237 δὲ
2633 3185 2876 3268 πρόσᾷε,
2902 3184 3128 3268 [ταῦρος
3156 3185 3236 3248 ὡς
3262 3185 3671 3268 γριφούιιρρυς,

2307 3257 2538 3310 Ἕϐαινε
2564 3253 2855 3324 κραιπνὸν
2880 3253 3052 3324 ,ϐῆμα
3077 3253 3388 3319 ,ϐαστάζων
3413 3253 3612 3318 ποδός.

2301 3365 2460 3433 lbid.,
2491 3366 2588 3420 lin.
2632 3365 2721 3420 58.
2767 3366 2946 3420 Τοῦτό
2983 3383 3133 3436 φασι
3177 3365 3503 3438 μονογενὲς.
3553 3366 3776 3422 Michael

2231 3457 2447 3530 Glycas,
2483 3458 2579 3513 lib.
2608 3473 2623 3512 ι
2662 3458 2858 3512 Annal.
2883 3457 2974 3512 :‘0
3005 3459 3180 3528 φοῖνιξ
3211 3462 3238 3513 ό
3276 3458 3555 3529 Ἀραὸικδς
3583 3459 3780 3530 ὀρνέων

2229 3551 2444 3621 λέγεται
2481 3547 2621 3605 εἶναι
2668 3551 2952 3622 μονογενὲς
2996 3552 3196 3620 άζυγον
3237 3554 3292 3606 ἐν
3336 3554 3402 3622 τῇ
3439 3551 3782 3622 δημιουργίας

2229 3645 2372 3699 κατὰ
2411 3644 2504 3716 ιτη
2563 3651 2613 3714 φ’
2665 3643 2822 3698 τοῦτο
2848 3646 3065 3716 πάσχει·
3107 3646 3135 3698 ὃ
3169 3646 3264 3699 καὶ
3311 3645 3539 3716 φαιδρὰν
3564 3648 3798 3716 παριστᾷ

2228 3737 2325 3809 τὴν
2349 3738 2661 3793 ἀνάστασιν.
2697 3737 2764 3791 Ει
2789 3739 2892 3793 hoc
2917 3737 3017 3792 fuit
3055 3739 3387 3808 praecipuum
3426 3745 3797 3808 argumentum

2229 3831 2446 3886 Maximi
2492 3834 2764 3902 martyris.
2793 3831 3009 3885 Animal
3039 3846 3167 3901 ergo
3196 3847 3304 3885 non
3333 3833 3646 3902 singulare;
3687 3831 3798 3885 ani-

2229 3933 2433 3978 matum
2455 3925 2606 3994 quid,
2624 3933 2678 3979 et
2698 3939 2860 3979 sensu
2883 3923 3189 3995 praeditum,
3209 3938 3342 3994 ergo
3362 3939 3475 3978 non
3503 3925 3796 3996 singulare,

2227 4031 2350 4071 cum
2386 4017 2594 4071 nullum
2640 4017 2844 4071 animal
2884 4017 3082 4079 solum,
3128 4017 3336 4070 nullum
3369 4018 3695 4084 animatum,
3739 4032 3798 4074 ac

2227 4123 2389 4163 sensu
2419 4108 2739 4179 praeditum,
2790 4107 2918 4162 dum
2959 4107 3318 4178 generat—iuni,
3371 4114 3425 4162 et
3461 4109 3795 4179 corruptioni

2227 4203 2519 4259 obnoxium
2549 4210 2653 4267 est,
2688 4203 2866 4257 solum
2907 4217 3031 4258 esse
3072 4203 3263 4273 possit.

2295 4294 2414 4349 Col.
2445 4294 2567 4359 759.,
2597 4295 2694 4352 lin.
2724 4297 2749 4349 l
2793 4314 2806 4349 :
2839 4295 2950 4349 Kal
2984 4295 3090 4363 ἐτη
3124 4294 3230 4364 ζῇν
3273 4298 3662 4351 πεντακόσια.
3692 4295 3794 4351 Nec

2225 4386 2279 4440 in
2305 4388 2626 4458 explicando
2667 4388 2936 4459 phcenicis
2966 4389 3091 4444 vitae
3120 4388 3346 4458 periodo
3375 4397 3631 4445 auctores
3670 4405 3798 4445 con-

554 4483 733 4544 gmata
759 4491 771 4526 :
799 4473 858 4524 Εἰ
892 4471 998 4542 γάρ
1041 4473 1188 4524 ἐστιν
1229 4471 1376 4543 ὅρνις
1407 4474 1436 4526 ὁ
1465 4473 1656 4542 φοῖνιξ,
1694 4474 1787 4528 καὶ
1821 4474 1958 4538 ζῶον
1989 4477 2124 4530 πάν-

2232 4481 2472 4536 veniunt.
2505 4480 2714 4536 Plinius
2743 4489 3031 4536 sexcentos
3079 4482 3365 4552 sexaginta
3411 4496 3587 4536 annos
3623 4483 3799 4538 vivere

551 4582 660 4625 τως
693 4563 858 4617 ἐστίν.
898 4565 958 4615 Εἰ
998 4563 1054 4616 δὲ
1084 4563 1242 4628 ζῶον,
1276 4562 1490 4634 πρῶτον
1522 4565 1617 4636 μὲν
1647 4567 1706 4619 οὑ
1741 4567 1917 4637 πάντη
1957 4584 2121 4638 μονα-

551 4657 718 4719 δικδν,
743 4656 876 4710 καθὸ
904 4656 1060 4724 ζῶον,
1085 4657 1145 4710 οὑ
1172 4657 1279 4728 γάρ
1307 4657 1464 4728 μόνον
1493 4655 1647 4722 ζῶοψ
1670 4657 1860 4711 ἔπειτα
1886 4658 1942 4711 δὲ
1967 4659 2124 4730 εἴπερ

552 4746 711 4811 ζῶον,
758 4750 853 4801 καὶ
899 4748 1056 4818 σῶμα
1099 4747 1339 4818 ἔμψυχον
1383 4747 1716 4817 αἰσθητικόν.
1764 4750 1828 4802 Εἰ
1875 4749 1932 4802 δὲ
1965 4749 2126 4820 σῶμα

551 4840 794 4911 ἔμψυχον
832 4842 1146 4914 αἰσθητικόν
1181 4846 1327 4897 ἐστιν
1356 4845 1384 4896 ὁ
1418 4842 1608 4913 φοῖνιξ,
1649 4845 1739 4898 καὶ
1778 4845 1882 4900 ὑπὸ
1911 4847 2124 4915 γένεσίν

551 4937 668 4987 ἐστι
703 4934 942 5006 δηλονότι
971 4937 1064 4990 καὶ
1100 4937 1326 5010 φθοράν
1360 4938 1559 5001 αὐτοὺς
1599 4939 1960 5012 ἐρωτήσωμεν
1995 4935 2127 5004 τοὺς

551 5026 750 5094 σοφοὺς
787 5025 896 5079 τῶν
930 5027 1098 5081 ὄντων
1137 5028 1426 5100 θεάμονας,
1462 5029 1511 5082 εἰ
1539 5029 1760 5084 δυνατόν
1796 5030 1911 5084 ἐστί
1949 5032 2122 5085 τιτῶν

549 5118 656 5170 ὑπὸ
675 5117 886 5186 γένεσιν
908 5119 1000 5170 καὶ
1026 5118 1229 5188 φθοράν
1259 5121 1518 5192 ἐμψύχων
1543 5123 1636 5175 καὶ
1661 5122 1990 5195 αἰσθητικῶν
2015 5141 2120 5177 σω-

553 5197 759 5280 μάτων,
793 5212 1083 5283 μοναδικῆς
1116 5213 1381 5284 ὑπάρχειν
1413 5215 1533 5268 καθ’
1559 5215 1852 5269 ὑπόστασιν
1883 5208 2116 5287 φύσεως,

548 5297 623 5357 ὧν
655 5305 688 5373 ή
721 5302 777 5369 ἐξ
811 5302 1055 5375 ἀλλήλων
1097 5305 1217 5358 κατ’
1252 5301 1391 5370 εἶδος
1431 5307 1646 5378 διαδοχὴ
1677 5308 1924 5379 ἀρίδηλος
1959 5326 2120 5380 χαρα-

548 5397 685 5466 κτὴρ
716 5395 814 5448 τοῦ
833 5391 972 5449 εἶναι
995 5396 1088 5448 καὶ
1114 5397 1238 5466 ὅρος
1253 5397 1387 5460 ἐστὶ,
1407 5397 1654 5468 καθάπερ
1680 5398 1818 5469 καὶὴ
1837 5399 1955 5452 θεία
1979 5416 2118 5469 μαρ-

547 5491 701 5558 τυρεῖ
729 5489 919 5560 Γραφὴ
937 5488 996 5540 τὸ
1015 5487 1231 5558 βέϐαιον
1248 5487 1313 5539 δι’
1345 5488 1540 5558 ἑαυτῆς
1568 5488 1660 5540 τοῦ
1691 5488 1848 5558 λόγου
1880 5507 2116 5560 παρεχο-

553 5575 685 5644 μένη
712 5575 790 5647 τῷ
817 5576 1006 5646 δικαίῳ
1031 5576 1173 5639 Νῶε,
1199 5577 1450 5630 Εἵσελθε
1482 5575 1562 5630 σὺ
1591 5577 1687 5630 καὶ
1716 5575 1854 5644 πᾶς,
1882 5585 2012 5644 etc.,
2036 5575 2117 5644 οἷς

548 5665 706 5734 εἰπερ
723 5666 799 5729 ὥς
818 5669 1017 5738 πτηνὸν
1036 5669 1170 5732 ζῶον
1197 5670 1224 5722 ὁ
1251 5667 1424 5736 φοῖνιξ
1441 5669 1587 5720 ἐστιν
1605 5669 1938 5739 ἐναρίθμιος,
1959 5685 2117 5741 μονα-

547 5755 701 5829 δικῆς
733 5757 851 5810 καθ’
888 5760 1177 5818 ὑπόστασιν
1207 5760 1418 5831 φύσεως
1448 5761 1546 5815 οὑκ
1563 5760 1676 5815 ἐστι
1695 5746 1832 5816 κατὰ
1852 5761 1947 5833 τὴν
1965 5761 2114 5818 θείαν

2228 4572 2322 4638 ait,
2387 4571 2607 4628 Solinus
2655 4573 2980 4644 quingentos
3048 4573 3441 4644 quadraginta,
3492 4572 3796 4628 Philostra-

2227 4676 2316 4721 tus
2355 4671 2662 4728 sexcentos,
2706 4663 2957 4727 Nonnus,
3002 4664 3310 4736 Dionysiac.
3352 4665 3446 4719 lib.
3495 4681 3586 4729 ιι,
3628 4665 3797 4730 mille,

2225 4757 2471 4828 quidam,
2533 4756 2807 4812 referente
2880 4756 3092 4820 Tacito,
3159 4757 3311 4812 mille
3365 4757 3798 4828 quadringentos

2225 4851 2510 4921 sexaginta
2544 4866 2738 4914 unum,
2776 4849 3014 4906 Joannes
3045 4849 3274 4906 Tzetzes
3321 4865 3384 4905 ex
3435 4849 3798 4906 Chteremone

2221 4941 2479 5014 Egyptio
2503 4957 2785 4998 sacrarum
2823 4942 3124 4998 litterarum
3155 4941 3357 5006 scriba,
3388 4957 3484 4997 sex
3505 4951 3559 4997 et
3587 4949 3796 5011 septem

2221 5035 2462 5090 millibus
2513 5035 2671 5090 annis
2724 5035 2906 5090 vivere
2938 5035 3090 5089 illum
3151 5042 3468 5090 constanter
3518 5033 3794 5098 aﬂirmat;

2219 5124 2418 5182 Noster
2475 5125 2830 5188 Eustathius,
2887 5125 3214 5190 Herodotus,
3279 5127 3526 5189 Tacitus,
3591 5125 3794 5191 Horus,

2217 5214 2473 5270 Aurelius
2533 5213 2737 5280 Victor,
2796 5212 2990 5286 Glycas
3043 5223 3098 5269 et
3161 5216 3252 5269 alii
3308 5216 3642 5286 quingentis.
3703 5214 3796 5269 Sic

2218 5309 2380 5362 etiam
2416 5307 2747 5378 Epiphanius
2776 5308 2830 5363 in
2865 5308 3201 5378 Physiologo,
3233 5323 3354 5378 cap.
3383 5308 3471 5362 Η.

2289 5398 2444 5466 lbid.,
2474 5400 2569 5454 lin.
2605 5400 2660 5454 2.
2695 5401 2803 5454 Καὶ
2837 5402 2906 5454 ὲν
2932 5401 3113 5468 καιρῷ
3138 5401 3243 5454 τοῦ
3261 5401 3534 5470 μέλλειν.
3567 5399 3795 5453 Michael

2217 5491 2432 5564 Glycas,
2468 5493 2663 5547 Annal.
2695 5501 2829 5548 tom.
2871 5491 2891 5546 Ι
2923 5493 3123 5547 εΑὑτοὶ
3167 5493 3277 5564 γὰρ
3314 5493 3410 5546 καὶ
3447 5495 3499 5546 οἱ
3535 5493 3796 5562 ’Έλληνες

2217 5583 2345 5656 περὶ
2372 5582 2535 5635 αὑτοῦ
2565 5581 2897 5656 διηγοῦνται,
2937 5585 3018 5636 ὅτι
3055 5586 3320 5656 προγνοὺς
3348 5583 3409 5636 τὸ
3442 5583 3597 5646 τέλος
3627 5581 3794 5636 αὑτοῦ

2216 5673 2433 5746 ἔρχεται
2465 5675 2592 5746 περ)⁸
2631 5675 2730 5745 τὴν
2776 5675 3068 5743 Αἴγυπτον,
3113 5677 3206 5729 καὶ
3243 5676 3475 5747 ἀντικρὺ
3506 5675 3602 5728 τοῦ
3642 5674 3792 5746 ἡλίου

2217 5768 2448 5834 ἵσταται,
2469 5762 2586 5822 εἶτα
2611 5766 2920 5837 τεφροῦται,
2951 5769 3043 5824 καὶ
3069 5768 3177 5823 άπὸ
3199 5767 3294 5822 τοῦ
3310 5767 3432 5840 χοὸς
3457 5768 3622 5824 αὑτοῦ
3655 5766 3792 5822 σκώ-
