4064 6290
306 418 417 473 897

1306 401 1372 457 ΙΝ
1400 397 1768 457 EUSTATHII
1805 391 2274 451 HEXAEMERON
2319 389 2554 446 ΝΟΤᾸΕ.

3429 378 3534 434 898

301 531 404 604 ληξ
435 528 710 598 γεννᾶται,
749 523 842 577 καὶ
871 521 1030 584 αὐτὸς
1060 516 1321 582 αὖθιςέἰς
1364 516 1560 588 πτηνὸν
1602 512 1866 586 μεταϐάλ-

1981 508 2174 564 Versus
2215 505 2401 562 Musaei
2432 505 2501 559 de
2533 516 2762 562 numero
2785 513 3012 555 ovorum
3044 495 3346 566 aquilarum
3368 496 3418 548 is
3451 502 3535 550 est

303 625 453 677 λεται
483 618 574 672 τὸν
608 615 841 686 φοίνικα.
880 611 1130 676 Nonnus,
1161 609 1216 665 d.
1251 610 1369 664 loco
1397 625 1412 664 :

305 739 415 795 Καὶ
448 735 603 801 ξύλα
630 717 894 801 κηώεντα
919 727 1113 801 saepe)?
1143 722 1492 801 WHWW‘UX‘L
1520 718 1719 801 τέτραξ)

305 789 580 873 Eia?th
607 789 1108 873 O'Déﬂk‘ﬁpyv’tdéﬂi‘
1140 789 1367 873 ὲὺᾷεέιῳ
1390 789 1496 846 σέο
1521 789 1704 873 βέομῷ

528 858 725 941 ιξέρμξι
746 858 906 936 βιοῖο
933 858 1125 941 ςρἐρῳν
1154 858 1530 941 adederatqu
1556 858 1753 941 ἀρχὴν·

176 949 192 1013 Ξ
257 944 270 970 ⁵
313 929 574 1002 Ῠὶκτὲὶαι
602 929 1170 1013 ῖᾶοτῦετοιο-’χρόνρυ
1202 929 1638 1013 ,ξωινᾴγρετος
1672 929 1870 1013 εξθεὼνν

308 1000 514 1083 Avida;-
530 1015 580 1068 δ’
602 1011 830 1083 ἐν’πυρὶ
852 1000 1058 1080 γῆρἆς,
1079 1007 1372 1076 ἀμείϐεται
1395 1000 1462 1056 ἐκ
1491 1001 1680 1071 πυρὸς
1697 1000 1869 1068 ἥϐην.

310 1127 556 1183 Alcimus
577 1124 770 1177 Avitus
799 1139 812 1174 :

317 1243 418 1297 Hic
444 1255 560 1311 quae
582 1236 772 1291 donari
795 1232 1040 1311 mentitur
1069 1231 1217 1300 fama
1252 1227 1454 1311 Sabaeis

307 1295 587 1383 ignn'ama
623 1314 944 1383 nascuntur,
964 1295 1113 1383 viva'fc
1142 1315 1257 1371 qua:
1287 1298 1487 1366 colligit
1533 1295 1662 1364 ales,

310 1373 502 1437 N'atali
534 1397 648 1434 cum
678 1379 780 1445 ﬁne
814 1375 966 1443 perit,
1003 1373 1224 1445 nidoque
1249 1379 1462 1438 perusto

311 1452 601 1509 Succedens
641 1437 842 1502 sibimet
868 1443 1089 1514 quwsita
1139 1437 1303 1514 morte
1337 1437 1600 1514 resurgit;

311 1524 425 1579 Nec
455 1530 696 1576 contenta
718 1533 812 1570 suo
848 1506 1052 1566 tantum
1083 1512 1239 1566 semel
1263 1509 1445 1563 ordine
1474 1506 1643 1572 nasci,

310 1594 490 1663 Longa
519 1587 773 1663 veternosi
806 1593 1083 1660 renouatur
1107 1582 1340 1663 corporis
1371 1588 1532 1643 tetas,

312 1652 688 1731 Inse'nsamque
727 1657 896 1712 levant
931 1653 1174 1708 incendia
1212 1652 1392 1704 crebra
1418 1655 1695 1702 senectam.

310 1777 484 1831 Aliter
513 1781 690 1827 tamen
738 1774 965 1823 narrant
1007 1765 1127 1835 ejus
1162 1771 1392 1818 mortem
1442 1761 1640 1826 Horus,
1685 1757 1778 1813 lib.
1811 1771 1872 1821 ιι,

313 1882 434 1938 cap.
470 1865 564 1931 57;
598 1862 882 1932 Origenes,
919 1859 1011 1914 lib.
1051 1873 1104 1912 Iv
1146 1865 1330 1910 contra
1359 1852 1601 1916 Celsum;
1639 1849 1877 1904 Achilles
1909 1853 1951 1911 Β

315 1960 524 2023 Tatius,
560 1956 652 2010 lib.
696 1969 778 2016 ιιι,
835 1952 892 2005 in
933 1950 1058 2004 fine.
1102 1945 1438 2019 Epiphanius
1468 1944 1522 1998 in
1565 1940 1880 2013 Pltysiologo

313 2052 389 2105 ait
423 2070 436 2106 :
472 2049 765 2118 Postquam
802 2044 856 2098 in
889 2043 1128 2097 cinerem
1154 2047 1269 2094 tota
1301 2042 1622 2104 consumpta
1653 2040 1758 2099 est,
1793 2047 1880 2087 se-

310 2143 497 2217 quenti
526 2144 615 2198 die
645 2141 748 2195 alis
773 2137 980 2194 renatis
1009 2134 1261 2200 inveniri,
1294 2131 1455 2186 tertio
1496 2129 1761 2198 integram
1794 2139 1884 2182 sa-

311 2236 588 2293 cerdotem
619 2233 876 2293 salutare,
900 2234 1371 2295 restauratamque
1394 2221 1562 2276 abire.
1607 2219 1880 2280 Albertus,

313 2330 456 2400 ignis
489 2328 542 2382 vi
571 2328 626 2380 in
655 2325 892 2379 cinerem
923 2320 1082 2383 verti,
1114 2318 1201 2373 die
1230 2318 1403 2370 altero
1433 2327 1665 2368 vermem
1716 2311 1772 2364 in
1800 2308 1882 2364 ci-

312 2438 443 2477 nere
471 2419 644 2484 nasci,
675 2417 768 2487 qui
795 2415 896 2469 alis
931 2414 1017 2468 die
1041 2411 1196 2466 tertia
1244 2405 1540 2476 assumptis
1582 2404 1722 2458 intra
1752 2417 1884 2472 pau-

314 2529 410 2568 cos
442 2511 558 2566 dies
591 2510 646 2563 in
692 2522 844 2561 avem
896 2505 1142 2577 pristina;
1188 2502 1373 2571 ﬁgurae
1411 2503 1800 2557 commutatur,
1833 2503 1885 2549 et

319 2603 519 2657 avolat.
577 2597 976 2660 Artemidorus,
1024 2593 1319 2650 Onerocrit.
1363 2590 1484 2653 lib.,
1523 2602 1641 2657 cap.
1666 2584 1757 2647 49,
1801 2583 1884 2637 lo-

319 2709 444 2747 cum
475 2708 540 2747 ex
564 2705 670 2760 quo
690 2689 909 2760 phaenix
936 2685 1110 2741 evolet
1143 2684 1197 2737 in
1220 2681 1534 2753 lEgyptum,
1557 2686 1610 2731 et
1634 2676 1698 2730 ad
1723 2687 1882 2744 quem

319 2800 446 2839 mox
489 2789 822 2844 revertatur,
856 2779 930 2832 ait
974 2775 1230 2846 ignorari.
1269 2761 1669 2827 Artemidorum
1705 2775 1886 2821 trans-

321 2877 511 2948 cripsit
538 2872 736 2929 Suidas
756 2871 922 2927 verbo
948 2865 1145 2932 Φοῖνιξ.
1167 2865 1242 2921 De
1260 2864 1512 2936 phoenice
1531 2867 1586 2916 et
1609 2860 1726 2929 ejus
1754 2871 1884 2928 rogo

316 2968 442 3025 vide
466 2966 686 3021 Petrum
716 2962 1053 3026 Damianum,
1087 2958 1180 3012 lib.
1213 2971 1270 3022 ιι,
1303 2955 1461 3024 epist.
1493 2952 1582 3006 18.

389 3055 548 3121 Ibid.,
577 3055 676 3108 lin.
707 3053 795 3106 10.
826 3051 878 3102 '0
913 3048 980 3102 δὲ
1010 3047 1180 3113 ἀετὸς
1208 3045 1341 3112 περὶ
1370 3042 1486 3112 τὴν
1513 3035 1881 3107 ἀνατροφήν.

320 3150 578 3213 Basilius,
611 3148 763 3202 hom.
801 3145 872 3199 8:
918 3138 1272 3202 Ἀδικώτατος
1305 3136 1431 3208 περὶ
1460 3134 1559 3204 τὴν
1587 3131 1694 3185 τῶν
1723 3129 1881 3198 ἐκγό-

319 3260 428 3297 νων
461 3239 732 3311 ἐκτροφὴν
763 3238 792 3288 ὁ
821 3234 997 3298 ἀετὸς.
1032 3231 1135 3286 Δύο
1164 3231 1272 3300 γὰρ
1295 3226 1579 3300 ἐξαγαγὼν
1609 3223 1880 3286 νεοσσοὺς,

317 3339 408 3389 τὸν
434 3333 617 3402 ἕτερον
631 3327 807 3384 αὐτῶν
827 3329 904 3390 εἰς
919 3325 1022 3395 γῆν
1045 3323 1473 3394 καταρρήγνυσι,
1502 3319 1621 3379 ταῖς
1647 3314 1882 3384 πληγαῖς

317 3427 426 3481 τῶν
459 3423 674 3496 πτερῶν
704 3419 1109 3487 ὑπωΘούμενος.
1149 3413 1326 3496 Τδνηδ’
1356 3413 1540 3496 ἕτερον
1570 3408 1726 3496 μόνον
1755 3406 1884 3458 ἀνα-

317 3504 500 3561 λαϐὼν
553 3486 862 3563 οἰκειοῦται,
925 3486 1013 3552 διὰ
1077 3496 1141 3549 τὸ
1215 3495 1313 3564 τῆς
1365 3489 1570 3562 τροφῆς
1631 3486 1884 3540 ἐπίπονον

319 3593 751 3664 ἁποποιούμενος
788 3590 848 3644 ὃν
896 3588 1204 3658 ἐγέννησεν.
1261 3582 1397 3636 Ἀλλ’
1445 3581 1544 3634 οὐκ
1573 3579 1640 3649 ea
1675 3575 1882 3637 τοῦτον,
1954 3624 1956 3626 ,

307 3687 398 3751 ὥς
446 3702 599 3754 φασι,
652 3680 1015 3754 διαφθαρῆναι
1064 3680 1097 3747 ἠ
1148 3677 1319 3747 φήνη,
1375 3671 1488 3727 ἀλλ’
1547 3664 1886 3722 ὑπολαϐοῦσα

325 3779 486 3833 αὑτὸν
530 3778 643 3839 τοῖς
684 3773 902 3834 οἰκείοις
960 3768 1156 3838 ἑαυτῆς
1220 3766 1458 3826 νεοσσοῖς
1513 3758 1884 3829 συνεκτρέφει.

325 3873 508 3940 Quare
537 3867 718 3939 aquila
754 3879 884 3920 suos
923 3862 1105 3932 pullos
1137 3858 1320 3927 ejiciat
1361 3854 1520 3908 aliam
1568 3849 1723 3904 aﬁ'ert
1765 3862 1890 3902 cau-

326 3937 444 4020 sam
481 3937 822 4019 Aristoteles,
845 3955 940 4009 lib.
976 3968 1032 4006 ut
1063 3950 1142 4004 De
1167 3950 1293 4002 hist.
1327 3964 1441 4008 an.,
1477 3958 1598 4013 cap.
1619 3939 1725 3994 51:
1754 3937 1888 3991 Mit-

327 4059 391 4111 tit
409 4070 630 4125 namque
667 4067 789 4106 suos
815 4047 994 4119 aquila
1034 4052 1314 4112 antequam
1373 4048 1572 4104 tempus
1601 4036 1691 4096 sit,
1720 4031 1889 4085 adhuc

325 4121 559 4220 parentis
593 4159 805 4214 operam
842 4137 1221 4197 desiderantes,
1265 4147 1357 4185 nec
1405 4125 1618 4184 volandi
1675 4121 1889 4192 adeptos

328 4213 636 4313 facultatem
677 4251 695 4290 :
723 4231 859 4303 quod
893 4246 982 4300 per
1010 4226 1264 4281 invidiam
1309 4222 1364 4276 id
1404 4221 1575 4290 facere
1607 4213 1842 4270 creditur
1871 4226 1890 4264 :

330 4346 526 4390 natura
551 4331 689 4384 enim
714 4322 896 4380 invida
915 4329 963 4376 et
984 4317 1228 4391 famelica
1250 4324 1347 4382 est,
1365 4328 1457 4367 nec
1491 4312 1702 4378 copiosa
1735 4321 1890 4359 vena—

331 4427 509 4479 tione:
538 4434 786 4490 magnum
805 4425 981 4469 tamen
1007 4407 1131 4482 quid
1152 4405 1475 4462 nanciscitur
1505 4417 1623 4455 cum
1655 4406 1889 4453 venatur.

333 4516 536 4571 Invidet
557 4529 678 4583 ergo
711 4509 820 4564 suis
837 4505 964 4577 ﬁliis
970 4504 1088 4573 jam
1112 4498 1384 4559 masculis,
1408 4509 1561 4564 atque
1584 4489 1892 4545 edaciuscu-

334 4607 422 4669 lis,
439 4613 487 4658 et
515 4603 577 4657 ob
599 4581 714 4656 eam
732 4613 840 4653 rem
863 4593 1121 4665 unguibus
1149 4597 1309 4645 secat.
1343 4585 1489 4640 Pulli
1509 4581 1815 4637 etiaminter
1839 4593 1892 4631 se

333 4713 564 4768 pugnare
593 4692 848 4762 incipiunt
873 4685 936 4741 de
959 4683 1080 4740 sede
1107 4691 1158 4738 et
1187 4690 1340 4750 pastu
1357 4695 1376 4744 ;
1410 4679 1587 4746 itaque
1622 4691 1654 4726 a
1678 4680 1892 4742 parente

331 4761 706 4853 ejiciuntur,ct
735 4781 1040 4852 pulsantur,
1073 4773 1260 4844 dejecti
1277 4769 1648 4839 vociferantur,
1679 4761 1896 4834 pericli-

335 4889 654 4948 tanturque;
684 4883 740 4929 et
765 4873 861 4927 lib.
887 4888 964 4934 vn,
997 4882 1116 4937 cap.
1153 4865 1208 4930 6,
1238 4863 1398 4918 taedio
1427 4860 1590 4916 etiam
1617 4853 1896 4911 nutriendi

336 4973 458 5025 illos
485 4967 758 5038 expellere
778 4964 998 5026 fatetur,
1011 4974 1077 5014 eo
1101 4955 1244 5012 enim
1272 4965 1515 5022 tempore
1539 4949 1892 5020 degenerare,

333 5069 388 5116 et
429 5061 719 5116 hebescere
743 5055 964 5116 dicitur,
998 5063 1210 5120 ungues
1246 5044 1467 5106 inverti,
1504 5055 1711 5112 pennas
1748 5039 1896 5092 albe-

333 5169 508 5216 scere,
532 5165 701 5222 quare
731 5156 788 5202 ut
813 5147 881 5202 ad
907 5145 1148 5214 rapinam
1175 5142 1391 5209 ineptae,
1409 5136 1589 5206 pullos
1604 5148 1741 5205 quos
1765 5131 1898 5186 edu-

336 5258 463 5296 care
522 5219 818 5310 nequeunt,
865 5234 995 5288 odio
1045 5229 1278 5302 quodam
1332 5225 1598 5293 taedioque
1632 5219 1894 5274 'mittunt.

333 5334 568 5399 Plinius,
603 5331 696 5384 lib.
735 5345 789 5392 χ,
824 5341 944 5395 cap.
986 5325 1059 5378 3:
1113 5319 1411 5388 Nidiﬁcant
1457 5316 1509 5368 in
1534 5314 1698 5384 petris
1731 5321 1779 5364 et
1814 5326 1900 5364 ar-

336 5425 547 5479 boribus
580 5422 835 5492 :pariunt
857 5435 955 5472 ova
985 5424 1154 5476 terna,
1189 5409 1473 5466 excludunt
1499 5405 1672 5476 pullos
1709 5403 1896 5456 binos:

333 5518 435 5572 visi
464 5525 587 5569 sunt
629 5525 676 5567 et
703 5523 804 5564 tres
831 5505 1139 5579 aliquando,
1175 5505 1400 5556 alterum
1435 5496 1700 5567 expellunt
1741 5492 1897 5547 taedio

335 5605 622 5663 nutriendi.
656 5605 855 5671 Quippe
875 5617 935 5656 eo
967 5614 1192 5668 tempore
1215 5596 1342 5662 ipsis
1371 5591 1542 5647 cibum
1558 5589 1762 5660 negavit
1805 5603 1902 5640 na-

336 5711 458 5754 tura
478 5696 820 5767 prospiciens,
857 5711 919 5747 ne
939 5692 1171 5745 omnium
1205 5689 1443 5758 ferarum
1474 5685 1608 5753 {etus
1649 5696 1898 5750 raperen-

338 5805 444 5848 tur.
474 5790 676 5861 Ungues
703 5803 902 5859 quoque
921 5800 1104 5839 earum
1120 5785 1449 5836 invertuntur
1469 5775 1651 5830 diebus
1681 5790 1750 5828 xv
1776 5789 1790 5838 ;
1825 5772 1903 5825 al-

342 5887 552 5940 bescunt
573 5882 748 5938 inedia
776 5895 956 5949 penna?
977 5919 990 5945 ,
1015 5887 1072 5930 ut
1102 5876 1289 5932 merito
1309 5880 1493 5930 partus
1521 5883 1644 5923 suos
1668 5863 1892 5918 oderint.

1970 612 2131 667 quem
2159 594 2325 652 refert
2347 593 2669 649 Aristoteles
2701 591 2847 646 dicto
2877 590 3018 652 loco,
3051 592 3106 643 et
3129 584 3457 641 Plutarchus
3474 584 3532 640 in

1970 686 2149 742 Mario
2183 701 2203 740 .'

2049 781 2143 842 Ὃς
2171 777 2296 848 τρία
2328 778 2426 849 μὲν
2450 775 2646 840 τίκτει,
2669 772 2760 827 δύο
2788 769 3077 834 δ’ὲκλὲπει,
3114 767 3171 821 ἓν
3191 767 3234 819 δ’
3266 765 3529 835 ἀλεγίζει·

1972 870 2087 926 Hoc
2122 870 2317 925 ultimo
2346 867 2720 937 Dalecampius
2776 867 2926 937 legit,
2981 863 3038 917 ἓν
3080 861 3123 913 δ’
3158 859 3424 923 silescat,
3481 867 3536 914 et

1972 964 2295 1020 sententiam
2323 977 2440 1016 eam
2463 976 2586 1016 esse
2604 960 2736 1024 vult,
2760 958 2994 1029 aquilam
3027 969 3192 1008 unum
3219 967 3380 1008 ovum
3411 966 3537 1006 cor-

1972 1068 2248 1124 rumpere,
2319 1051 2564 1122 perdere,
2627 1050 2737 1104 duo
2791 1046 3102 1111 excludere,
3157 1043 3264 1097 tria
3322 1056 3533 1111 parere,

1973 1144 2462 1212 animadvertitque
2495 1143 2550 1195 in
2582 1141 2928 1209 interpretem
2957 1138 3049 1207 qui
3084 1135 3216 1188 illud
3239 1135 3298 1186 ἓν
3320 1131 3387 1186 ad
3419 1131 3538 1200 pul-

1975 1237 2108 1302 lum,
2137 1251 2246 1291 non
2281 1234 2348 1289 ad
2377 1247 2535 1287 ovum
2569 1230 2845 1294 retulerit;
2866 1243 2965 1282 nec
2997 1229 3112 1296 ipse
3140 1233 3322 1279 tamen
3347 1221 3534 1278 Musaei

1976 1330 2300 1388 sententiam
2322 1335 2603 1383 assecutus
2625 1333 2728 1389 est,
2762 1337 2924 1392 quam
2955 1337 3021 1374 ex
3051 1319 3355 1390 aquilarum
3374 1317 3539 1372 histo-

1975 1429 2056 1482 ria
2085 1425 2311 1491 claram,
2343 1421 2530 1476 nescio
2555 1417 2826 1490 quomodo
2855 1415 3131 1486 pervertit,
3164 1429 3227 1468 ea
3251 1415 3394 1468 enim
3417 1419 3534 1467 est:

1974 1515 2224 1587 Aquilam
2257 1512 2360 1567 tria
2389 1527 2490 1566 ova
2521 1523 2802 1580 generare,
2860 1505 2968 1559 duo
3023 1503 3331 1566 excludere,
3365 1515 3537 1556 unum

1977 1609 2185 1664 scilicet
2232 1605 2460 1675 pullum,
2494 1617 2617 1656 cum
2652 1601 2763 1669 jam
2821 1612 2921 1652 ova
2957 1612 3065 1650 non
3099 1604 3246 1661 sunt,
3278 1594 3536 1657 educare,

1977 1703 2228 1771 alereque
2256 1698 2376 1774 ejus
2400 1711 2584 1751 curam
2616 1691 2873 1765 gerendo.
2907 1690 3086 1757 Quare
3113 1694 3302 1759 postea
3323 1686 3538 1741 Aristo-

1977 1796 2112 1849 teles
2145 1791 2326 1848 subdit
2346 1809 2358 1845 :
2377 1780 2645 1856 Quamvis
2670 1801 2868 1856 magna
2894 1801 2959 1839 ex
2990 1791 3144 1854 parte
3164 1783 3217 1836 id
3246 1780 3355 1843 ﬁat,
3389 1778 3539 1834 vide-

1981 1887 2126 1950 licet,
2158 1899 2327 1938 unum
2357 1883 2609 1944 educere,
2660 1886 2841 1932 tamen
2884 1874 3175 1946 aliquando
3207 1881 3261 1928 et
3293 1881 3404 1926 tres
3435 1868 3542 1924 visi

1981 1984 2110 2033 sunt
2133 1976 2283 2047 pulli.
2317 1972 2426 2028 Nec
2463 1970 2771 2026 Aristotelis
2805 1967 3126 2023 sententiam
3151 1966 3416 2035 integram
3446 1977 3542 2016 ex-

1979 2070 2180 2141 pressit
2203 2050 2412 2121 Plinius
2433 2083 2445 2118 :
2468 2063 2693 2117 Pariunt
2721 2078 2816 2114 ova
2847 2061 2987 2112 trina
3015 2075 3028 2111 :
3075 2053 3543 2125 excluduntpullos

1982 2163 2128 2215 binos
2159 2177 2176 2213 :
2204 2158 2299 2213 visi
2326 2167 2447 2211 sunt
2467 2167 2514 2210 et
2547 2165 2649 2208 tres
2685 2152 2999 2222 aliquando;
3019 2149 3202 2205 omisit
3234 2147 3378 2202 enim
3409 2144 3543 2199 illud

1981 2251 2126 2322 quod
2159 2258 2275 2306 erat
2297 2261 2506 2304 summe
2538 2244 2924 2305 necessarium,
2945 2255 3107 2293 unum
3141 2237 3258 2290 alit.
3289 2235 3378 2289 Sic
3397 2234 3544 2289 enim

1982 2343 2262 2401 sententiae
2316 2339 2576 2394 absoluta:
2631 2334 2878 2404 exceptio
2931 2334 3043 2397 illa,
3095 2339 3148 2386 et
3180 2327 3338 2399 quasi
3368 2342 3434 2382 ex
3473 2326 3545 2380 iis

1981 2450 2102 2506 qua:
2129 2447 2256 2486 raro
2323 2431 2646 2497 contingunt
2693 2423 3100 2486 notatiunculze,
3165 2419 3280 2473 Visi
3331 2425 3452 2472 sunt
3491 2423 3546 2470 et

1983 2539 2084 2580 tres
2111 2521 2419 2594 aliquando,
2463 2516 2930 2587 corresponderet.
2967 2513 3075 2568 Nec
3099 2511 3288 2566 dubito
3333 2507 3546 2564 exscri-

1983 2627 2198 2689 ptorum
2229 2615 2283 2670 id
2329 2613 2553 2668 incuriae
2609 2611 2810 2681 potius,
2853 2621 3012 2677 quant
3044 2603 3206 2658 Plinii
3243 2601 3548 2657 oscitantis

1983 2707 2363 2774 tribuendum;
2396 2704 2488 2775 qui
2523 2703 2727 2772 optima
2765 2713 2992 2769 quaeque
3045 2699 3112 2750 ab
3157 2695 3279 2750 aliis
3314 2694 3541 2755 dictata,

1981 2805 2065 2859 vel
2113 2803 2334 2871 scripta,
2385 2794 2798 2870 perversissime
2851 2791 3149 2860 excipiunt,
3200 2791 3546 2858 pervertunt-

2025 2910 2107 2948 ue.

2025 2912 2107 2948 ue.

1984 2912 2019 2966 q
2054 2985 2210 3049 lbid.,
2234 2984 2330 3037 lin.
2351 2983 2436 3036 15.
2465 2980 2524 3037 Ἡ
2541 2977 2608 3032 δὲ
2625 2976 2784 3046 φήνῃ
2807 2975 2913 3028 τὸν
2935 2973 3179 3028 damnor.
3199 2967 3546 3035 Aristoteles,

1985 3081 2078 3136 lib.
2111 3095 2164 3133 τι
2208 3078 2280 3130 De
2305 3075 2492 3129 histor.
2530 3071 2722 3133 anim.,
2751 3084 2868 3138 cap.
2904 3067 2956 3128 6,
2988 3066 3090 3119 Τὸν
3119 3063 3176 3118 δὲ
3221 3061 3548 3132 ἐκϐληθέντα

1909 3207 1950 3264 C
1985 3177 2218 3246 δέχεται,
2250 3173 2342 3226 καὶ
2369 3170 2556 3242 τρέφει
2580 3171 2613 3238 ἠ
2641 3167 2802 3237 φήνη,
2839 3173 2890 3219 et
2913 3163 3007 3216 lib.
3043 3179 3117 3227 Ix,
3142 3176 3260 3229 cap.
3295 3159 3383 3223 54,
3410 3161 3470 3212 0i
3492 3158 3548 3210 δὲ

1990 3265 2371 3335 ἐκϐαλλόμενοι
2405 3257 2586 3331 βοῶσι,
2621 3257 2717 3311 καὶ
2753 3255 2924 3319 οὕτως
2959 3253 3328 3324 ὑπολαμϐάνει
3355 3253 3551 3313 αὐτοὺς

1987 3361 2018 3429 ἡ
2049 3357 2209 3429 φήνη.
2248 3353 2480 3415 Plinius,
2517 3351 2611 3404 lib.
2644 3365 2699 3410 ιι,
2724 3362 2845 3417 cap.
2879 3346 2911 3399 5
2937 3366 2949 3399 :
2979 3343 3080 3399 Sed
3120 3345 3308 3412 ejectos
3358 3341 3422 3394 ab
3467 3341 3550 3394 his

1985 3457 2266 3521 cognatum
2299 3457 2458 3515 genus
2489 3442 2766 3510 ossifragae
2786 3439 3068 3506 excipiunt,
3100 3445 3147 3490 et
3177 3434 3400 3489 educant
3431 3448 3550 3486 cum

1985 3543 2116 3597 suis.
2155 3539 2307 3593 Hanc
2358 3535 2681 3603 ossifragam
2716 3547 2825 3585 non
2869 3532 3101 3584 multum
3153 3528 3328 3583 oculis
3368 3527 3552 3580 valere

1987 3631 2153 3686 tradit
2175 3627 2515 3683 Aristoteles.
2547 3623 2623 3678 De
2643 3622 2824 3692 aquila
2859 3621 2960 3674 hoc
2993 3619 3134 3673 idem
3169 3617 3333 3671 habet
3352 3615 3551 3670 Petrus

1986 3723 2301 3785 Damianus,
2339 3720 2433 3774 lib.
2486 3733 2548 3780 ιι,
2584 3714 2742 3784 epist.
2781 3711 2864 3766 18.
2897 3709 3085 3765 Obiter
3119 3718 3300 3762 tamen
3354 3717 3554 3763 notan-

1987 3819 2115 3874 dum
2152 3815 2241 3869 hic
2279 3819 2366 3868 est
2431 3810 2580 3864 illum
2617 3805 2884 3860 allirmarc
2920 3803 3125 3873 pullum
3174 3801 3365 3870 aquilae
3400 3797 3550 3868 deje—

1989 3917 2134 3964 ctum
2154 3921 2263 3960 non
2302 3903 2370 3957 ab
2407 3901 2610 3971 aquila,
2639 3911 2760 3968 qum
2793 3893 3062 3964 ossifraga
3095 3892 3314 3952 dicitur,
3345 3889 3550 3960 suscipi

1989 4011 2042 4057 et
2066 3996 2316 4061 enutriri,
2349 3995 2444 4050 sed
2478 4010 2507 4048 a
2530 3991 2737 4062 plebeia
2771 3986 3002 4058 quadam
3056 3985 3162 4048 avi,
3207 3983 3371 4038 fulica
3401 3983 3553 4038 vide-

1990 4093 2148 4146 licet:
2180 4087 2478 4144 secundum
2504 4085 2618 4138 vult
2658 4081 2875 4136 fulicam
2909 4079 3082 4148 φήνην
3112 4075 3296 4132 Grtcce
3333 4089 3550 4128 nuncu—

1990 4183 2126 4254 pari.
2174 4180 2393 4234 Falsum
2427 4186 2719 4242 utrumque
2747 4177 2801 4225 et
2833 4177 3025 4240 praeter
3079 4166 3320 4221 historiae
3351 4165 3552 4219 verita-

1992 4283 2122 4330 tem.
2145 4270 2254 4327 Nec
2289 4269 2433 4324 enim
2460 4263 2750 4338 pullusille
2783 4278 2812 4316 a
2842 4259 3050 4332 plebeia
3090 4260 3176 4313 avi
3217 4256 3548 4326 suscipitur;

1990 4374 2043 4422 et
2071 4363 2214 4419 aliud
2240 4370 2324 4418 est
2350 4361 2533 4422 fulica,
2562 4356 2707 4410 aliud
2748 4355 2912 4426 φήνη.

2055 4456 2214 4521 lbid.,
2234 4453 2332 4508 lin.
2359 4452 2445 4508 15.
2475 4448 2710 4518 Θρέψας
2725 4445 2792 4499 δὲ
2811 4445 2918 4498 τὸν
2947 4443 3206 4498 νεοττόν.
3226 4439 3426 4494 Eadem
3454 4437 3554 4491 ba-

1924 4579 1968 4634 D
1995 4551 2084 4605 bet
2113 4547 2430 4603 Aristoteles
2451 4545 2571 4598 loco
2589 4542 2668 4605 d.,
2698 4547 2751 4594 et
2772 4538 3011 4591 Plinius:
3032 4534 3323 4588 [laliwetus
3348 4537 3555 4583 tantum

1996 4641 2270 4710 implumes
2297 4639 2580 4692 etiamnum
2620 4632 2792 4703 pullos
2839 4645 2960 4684 suos
2996 4625 3289 4698 percutiens
3335 4619 3559 4675 subinde

1995 4735 2128 4806 cogit
2151 4732 2394 4787 adversos
2425 4727 2617 4783 intueri
2646 4724 2772 4778 solis
2795 4722 2992 4783 radios,
3027 4728 3075 4773 et
3101 4718 3146 4771 si
3175 4715 3554 4776 conniventem,

1994 4803 2474 4894 hu'mectantemque
2491 4816 2882 4879 animadvertit,
2906 4811 3204 4884 prwcipitat
3242 4824 3269 4862 e
3298 4805 3420 4861 nido
3450 4803 3560 4858 vel-

1994 4931 2050 4975 ut
2075 4920 2431 4974 adulterinum
2465 4925 2616 4985 atque
2651 4912 2948 4983 degenerem
2982 4921 3000 4958 :
3029 4903 3182 4956 illum
3215 4900 3364 4969 cujus
3414 4897 3554 4951 acies

1999 5014 2154 5083 ﬁrma
2179 5019 2362 5064 contra
2394 5007 2634 5071 steterit,
2663 5002 2872 5057 educat.
2904 4995 3059 5067 Apud
3090 4994 3436 5048 Aristotelem
3473 4995 3558 5043 est

1999 5082 2181 5174 aquila
2212 5100 2394 5165 ἀετός,
2433 5114 2544 5153 ιιοιι
2593 5095 2894 5154 haliaeetos,
2942 5086 3192 5159 quamvis
3216 5087 3284 5140 de
3308 5082 3558 5138 haliaeeto

1998 5172 2406 5263 intelligendum
2442 5203 2563 5243 esse
2607 5183 2810 5241 nemini
2848 5181 3095 5242 dubium,
3145 5191 3269 5231 cum
3321 5172 3556 5243 aquilam

2000 5287 2140 5341 hanc
2165 5299 2260 5355 per
2297 5295 2448 5336 mare
2475 5287 2529 5334 et
2561 5277 2766 5338 littora,
2798 5271 2942 5328 unde
2970 5283 3164 5325 nomen
3203 5263 3428 5333 accepit,
3463 5271 3561 5312 va-

2002 5381 2117 5449 gari
2141 5378 2317 5432 tradat
2344 5375 2497 5428 Phile
2526 5372 2580 5426 in
2611 5369 2812 5424 lambis

2076 5513 2180 5574 Ὃς
2205 5506 2345 5570 τοὺς
2365 5502 2643 5574 νεοττοὺς
2672 5499 2849 5574 ὄντας
2869 5493 3142 5574 ἀςςτῆνας
3165 5488 3304 5553 τέως

2083 5559 2415 5643 Ἐ’ἷεὶίξέιῖην
2429 5559 2712 5638 ﬁdenti-ar
2738 5559 3062 5643 ὡς’γόθούς
3096 5559 3280 5643 ﬁrm".

2073 5627 2547 5716 ῆὸᾴέῖῖἑὶκὲισὶὴν
2573 5627 2902 5716 σζρακτιᾶεὸις
2918 5634 3024 5713 rer
3043 5627 3385 5716 φωσέξίρον.

2440 5695 2628 5788 αὺτοῦ
2645 5709 2774 5788 ταῖς
2785 5703 3002 5788 ,βολαῖς
3021 5695 3422 5788 εἱνξιϐλέίῑων,

2078 5767 2515 5856 Τῖὒῖῖᾷιλτᾶτων
2547 5767 2813 5856 τίς-ἐστί,
2852 5773 2948 5827 καὶ
2976 5767 3422 5856 τέῦνᾳὲκκρέτων,

2089 5838 2320 5930 ἶδεὲθσείξ
2337 5838 2411 5926 γε
2443 5838 2700 5918 καθαρὸς
2726 5841 3062 5908 δυσγενοῦς
3086 5838 3283 5899 vacat-1
3289 5851 3361 5895 ac
3382 5851 3428 5889 ο.
