4064 6290
549 352 655 431 899

1892 357 2140 416 mosus
2171 336 2445 412 ALLATll

3736 343 3873 398 900

638 491 699 546 '0
721 492 772 545 δ’
805 484 905 551 αὖ,
934 490 1083 557 πρὸς
1123 486 1312 542 αὑτὸν
1337 485 1790 557 σκαρδαμύξας,
1828 481 2047 549 εὐθέως

2242 478 2382 536 Nam
2424 477 2584 534 herile
2619 493 2711 547 ego
2756 486 2804 531 te
2851 471 3016 529 barba
3064 469 3311 557 contigua
3351 467 3627 551 arripiam.
3676 473 3742 520 et
3798 468 3869 520 in

637 554 1170 630 Ἄλποτρίουτᾴκος
1185 559 1234 612 θ’
1257 554 1469 630 εὑρέθη
1493 554 1869 630 σπέρματος,

623 631 735 687 Kal
755 626 861 699 τῆξ
890 627 1107 696 καλιᾶς
1126 626 1446 697 δυστυχῶς
1474 626 1788 694 ἀπεκρίθη.

552 720 672 776 Huc
695 720 947 776 allusisse
970 718 1190 775 videtur
1215 715 1600 781 Cassiodorus,
1639 714 1919 770 Variarum
1942 714 1980 768 ι.
2003 728 2125 773 vnn

551 814 709 885 epist.
749 812 814 867 2|
856 827 870 864 :
909 810 1000 867 Sic
1032 811 1171 881 [etus
1205 810 1284 863 tui
1328 825 1471 864 more
1505 808 1700 879 aquilw
1731 824 1786 862 se
1825 806 2127 877 probantes,

550 906 754 978 regales
788 903 971 962 oculos
1004 902 1069 957 ab
1105 902 1231 971 ipsis
1281 917 1409 971 pene
1447 899 1725 955 cunabulis
1777 900 2125 969 pertulerunt.

624 994 786 1060 lbid.,
817 994 915 1049 lin.
963 992 1053 1047 2i.
1118 990 1272 1065 Φασζ
1320 991 1431 1061 γὰρ
1481 990 1851 1062 γηράσαντα.
1894 991 2126 1057 Plinius,

551 1087 648 1143 lib.
676 1102 735 1151 ι,
762 1101 882 1158 cap.
916 1087 951 1141 5
975 1102 989 1139 :
1017 1083 1277 1155 Oppetunt
1315 1100 1419 1137 non
1448 1083 1613 1148 senio,
1656 1098 1748 1136 nec
1792 1081 2125 1152 aegritudine,

552 1178 643 1235 sed
669 1178 830 1249 fame,
860 1178 915 1231 in
942 1187 1148 1231 tantum
1181 1177 1449 1246 superiore
1479 1183 1803 1229 accrescente
1842 1185 2038 1240 rostro,
2070 1182 2129 1228 ut

552 1271 835 1327 aduncitas
864 1271 1057 1340 aperiri
1101 1286 1206 1324 non
1257 1276 1432 1339 queat.
1474 1266 1686 1322 Similia
1719 1267 1884 1322 habet
1922 1266 2125 1331 Horus,

550 1364 649 1421 lib.
677 1379 741 1427 ιι,
766 1377 885 1435 cap.
907 1362 998 1425 96,
1017 1360 1358 1428 Aristoteles,
1386 1359 1484 1414 lib.
1511 1375 1588 1425 ix,
1617 1359 1693 1414 De
1721 1360 1911 1416 histor.
1938 1361 2127 1427 anim.,

551 1465 674 1523 cap.
708 1450 808 1518 52;
845 1449 1185 1521 Epiphanius
1217 1448 1274 1502 in
1310 1446 1651 1519 Physiologo,
1675 1458 1730 1505 et
1762 1448 1876 1503 alii.

621 1542 783 1608 lbid.,
815 1542 913 1597 lin.
942 1540 1034 1595 22.
1061 1538 1171 1595 Kal
1207 1542 1295 1606 εἰς
1318 1539 1522 1610 πηγὴν
1543 1540 1938 1610 ἀφικνεῖσθαι.
1977 1539 2130 1597 Hanc

558 1636 754 1707 aquilae
780 1636 1186 1691 renovationem
1216 1634 1307 1689 alii
1336 1634 1493 1689 aliter
1517 1642 1762 1689 narrant.
1793 1633 2129 1705 Epiphanius

555 1729 634 1781 ait
691 1727 747 1782 in
788 1727 957 1781 altum
1007 1741 1127 1783 sese
1169 1726 1436 1789 attollere,
1489 1735 1544 1804 et
1600 1727 1654 1781 in
1701 1736 2027 1800 praeruptam
2070 1746 2130 1787 se

3209 538 3403 612 [ignem
3429 539 3773 612 conjiciunt,

2232 618 2400 690 Teque
2417 617 2832 673 ambustulatum
2849 612 3095 685 objiciam
3112 607 3316 682 magnis
3332 609 3512 664 avibus
3529 607 3857 679 pabulum.

2228 732 2366 791 Vide
2397 743 2656 805 praeterea
2683 727 3153 799 Theophylactum
3178 722 3539 787 Simocatum,
3571 721 3629 776 in
3671 720 3859 788 Quae-

2231 823 2495 879 stionibus
2524 818 2881 881 naturalibus,
2917 823 3112 887 quaest.
3141 814 3196 878 8,
3220 813 3314 885 qui
3344 828 3444 869 sua
3488 826 3558 868 ex
3591 811 3853 866 Eliano

2229 923 2510 971 mutuatus
2540 919 2645 979 est,
2678 918 2732 966 et
2761 908 3064 979 Gasparum
3096 904 3459 967 Banchinum,
3495 900 3575 955 De
3603 900 3854 955 herma-

2227 1005 2595 1077 phroditorum
2638 1009 3157 1068 moustrosorumque
3185 1005 3439 1065 portuum
3464 1000 3695 1058 natura,
3734 990 3850 1044 lib.

2230 1116 2293 1167 ιι,
2327 1114 2448 1170 cap.
2482 1098 2695 1152 ultimo.

2298 1192 2461 1258 lbid.,
2493 1190 2591 1245 lin.
2638 1188 2729 1244 51.
2772 1183 3098 1246 Αὐλίζεται.
3131 1180 3474 1243 Aristoteles,
3515 1177 3614 1232 lib.
3654 1192 3719 1231 γι
3762 1174 3847 1231 De

2228 1287 2417 1342 histor.
2443 1285 2639 1347 anim.,
2670 1297 2790 1353 cap.
2822 1280 2876 1344 Β,
2910 1279 3101 1336 scribit
3136 1278 3383 1331 vultures
3426 1271 3725 1328 nidiﬁcare
3780 1270 3841 1323 i‘n

2228 1378 2619 1437 excelsissimis
2671 1375 2925 1446 rupibus,
2967 1371 3113 1427 unde
3160 1370 3218 1426 ﬁt
3268 1378 3329 1425 ut
3378 1381 3503 1422 raro
3552 1362 3731 1420 nidus
3779 1371 3838 1417 et

2229 1472 2364 1544 pulli
2394 1470 2630 1527 vulturis
2659 1474 2977 1524 cernantur.
3010 1463 3281 1532 Quocirca
3326 1460 3639 1517 Herodotus
3682 1456 3839 1527 Bry-

2230 1565 2384 1619 sonis
2414 1560 2656 1618 rhetoris
2682 1567 2837 1631 pater
2867 1558 3113 1614 vultures
3140 1572 3206 1612 ex
3233 1554 3451 1610 diverso
3492 1552 3628 1606 orbe
3655 1549 3833 1604 nobis

2230 1653 2508 1724 incognito
2546 1650 2800 1707 advolare
2828 1647 3106 1705 credebat.
3154 1645 3352 1699 Eadem
3382 1641 3577 1712 repetit
3615 1647 3674 1695 et
3715 1638 3825 1693 lib.

2231 1761 2306 1813 Ix,
2333 1759 2452 1815 cap.
2492 1743 2577 1811 ll,
2603 1741 2959 1811 al'ﬁrmatque,
2991 1737 3240 1810 quamvis
3267 1735 3321 1789 id
3365 1735 3436 1789 sit
3464 1730 3706 1795 diﬂicile,
3734 1730 3826 1782 vi—

554 1818 827 1890 projicere
853 1833 1067 1890 rupem,
1097 1818 1165 1874 ad
1193 1834 1356 1889 quam
1398 1826 1639 1876 rostrum
1670 1820 1877 1888 allidit;
1913 1830 1967 1878 et
2006 1837 2131 1877 cum

2242 1851 2355 1893 sum
2382 1843 2567 1890 tamen
2611 1831 2906 1904 aliquando
2936 1831 3056 1901 ejus
3094 1826 3302 1883 nidum.
3349 1825 3581 1890 Plinius,
3612 1822 3712 1877 lib.
3753 1837 3816 1886 ς,

556 1925 619 1967 se
646 1908 857 1981 frigidis
886 1911 1214 1967 immerserit
1241 1912 1421 1981 aquis,
1455 1911 1523 1966 ad
1552 1912 1760 1967 solares
1788 1911 1974 1967 radios
2009 1928 2130 1969 sese

556 2017 853 2075 opponere,
884 2012 1123 2074 tuncque
1149 2020 1215 2059 ex
1242 2006 1418 2062 oculis
1443 2004 1639 2061 cadere
1672 2005 2046 2076 lippitudines,
2077 2013 2131 2062 et

557 2093 634 2151 ita
650 2095 1024 2165 juvenescere.
1049 2096 1242 2155 Petrus
1266 2096 1580 2163 Damianus,
1607 2099 1702 2154 lib.
1734 2116 1794 2165 ιι,
1822 2099 1982 2168 epist.
2018 2098 2083 2154 l8
2113 2118 2125 2153 :

554 2188 770 2261 Aquila,
799 2191 897 2254 ait,
943 2205 1060 2243 cum
1104 2191 1353 2257 senuerit,
1402 2200 1451 2245 et
1497 2191 1709 2262 gravari
1754 2193 2001 2260 coeperint
2030 2192 2132 2248 alae

555 2281 691 2352 ejus,
721 2294 874 2354 atque
916 2281 1056 2336 oculi
1094 2281 1347 2352 caligare,
1372 2290 1492 2335 tunc
1532 2283 1721 2351 quaerit
1748 2283 1943 2352 fontem
1983 2299 2133 2354 aquae

557 2385 744 2431 contra
783 2392 937 2447 quem
979 2375 1153 2445 posita
1184 2376 1325 2430 volat
1367 2392 1528 2445 usque
1574 2376 1641 2429 ad
1691 2376 1945 2430 circulum
1980 2378 2130 2443 solis,

556 2466 771 2539 illicque
807 2467 865 2520 in
907 2465 1111 2536 puriori
1141 2468 1351 2522 cetheris
1388 2469 1635 2522 vastitate
1663 2469 1859 2522 librata
1880 2468 1950 2523 ad
1977 2461 2136 2540 vapo-

558 2574 669 2613 rem
715 2557 842 2612 solis
896 2566 945 2610 et
1010 2556 1126 2610 alas
1170 2557 1397 2611 incendit
1447 2566 1498 2611 et
1545 2558 1820 2629 caliginem
1865 2561 2135 2614 oculorum

559 2660 776 2715 prorsus
815 2645 1010 2709 exurit,
1062 2659 1281 2714 moxque
1307 2644 1621 2701 descendens
1657 2649 1823 2702 tribus
1854 2649 1908 2703 in
1939 2649 2133 2718 fontem

560 2736 757 2792 vicibus
786 2736 1056 2807 mergitur,
1095 2746 1144 2791 et
1187 2737 1264 2791 sic
1298 2736 1507 2791 alarum
1556 2739 1719 2810 vigor,
1763 2753 1814 2794 et
1863 2741 2135 2796 oculorum

560 2826 700 2881 acies
751 2824 914 2880 multo
951 2826 1134 2881 melius
1181 2842 1337 2896 quam
1387 2826 1629 2896 juventus
1680 2830 1950 2898 attulerat,
1984 2849 2135 2887 reno-

560 2927 738 2974 vatur.
778 2916 947 2972 Multa
988 2917 1043 2971 in
1093 2916 1234 2972 hanc
1288 2919 1613 2973 sententiam
1654 2935 1721 2975 ex
1767 2920 2133 2995 Hieronymo,

561 3007 890 3081 Augustino,
923 3008 1076 3063 rabbi
1108 3007 1298 3073 David,
1330 3008 1635 3076 Vincentio,
1676 3013 1881 3084 colligit
1908 3014 2136 3074 Pontius

562 3101 622 3157 in
650 3100 857 3155 dictum
886 3101 1062 3155 locum
1090 3099 1397 3171 Epiphanii,
1425 3118 1586 3172 quem
1610 3107 1853 3161 consule.
1886 3105 2135 3164 Theodo-

2235 1950 2357 2004 cap.
2383 1932 2416 1986 6
2442 1948 2456 1985 :
2499 1930 2778 1986 Vulturum
2804 1925 3085 1997 praevalent
3110 1924 3267 1994 nigri.
3299 1919 3469 1975 Nidos
3498 1933 3648 1973 nemo
3683 1918 3821 1971 atti-

2234 2027 2325 2097 git.
2359 2023 2484 2080 Ideo
2523 2024 2682 2079 etiam
2716 2022 2859 2091 fuere
2905 2020 2995 2092 qui
3039 2023 3283 2087 putarent
3321 2013 3443 2068 illos
3488 2026 3553 2067 ea:
3588 2010 3821 2065 adverso

2237 2116 2357 2172 orbe
2386 2116 2652 2171 advolare.
2684 2112 2848 2168 Falso
2877 2127 2895 2165 :
2932 2109 3210 2179 nidiﬁcant
3257 2107 3393 2160 enim
3433 2105 3489 2158 in
3515 2102 3820 2158 excelsissi-

2237 2210 2337 2264 mis
2375 2206 2610 2276 rupibus.
2648 2204 2959 2271 Juvenalis,
2987 2207 3155 2270 satyr.
3183 2198 3270 2263 15,
3299 2194 3530 2252 credidit
3560 2194 3617 2248 in
3645 2191 3819 2247 arbo-

2237 2302 2390 2357 ribus
2418 2298 2577 2354 nidos
2618 2298 2797 2352 l‘acere
2822 2316 2836 2357 ;

2247 2412 2458 2477 Vultur,
2483 2411 2722 2482 jumento
2759 2418 2808 2464 et
2834 2407 3049 2463 canibus
3076 2405 3421 2482 crucibusque
3452 2402 3668 2482 relictis,

2239 2483 2320 2537 Ad
2351 2474 2498 2552 [εειιέ
2515 2489 2757 2552 properat
2785 2490 3086 2552 partemque
3122 2476 3393 2552 cadaveris
3425 2474 3601 2552 aﬁ'ert,

2242 2545 2448 2608 Hic'est
2475 2545 2981 2622 ergo'cibus'magni
3002 2545 3111 2618 quo
3148 2564 3211 2600 ue
3242 2545 3488 2608 vulturis,
3516 2555 3563 2597 et
3585 2559 3638 2597 se

2243 2625 2541 2687 Pascentis,
2574 2622 2792 2687 propria
2819 2636 2937 2674 cum
2956 2619 3073 2687 jam
3105 2564 3234 2687 Facit
3265 2614 3453 2671 arbore
3479 2613 3638 2668 nidos.

2243 2613 2554 2688 Pascentis:
2574 2622 2792 2693 propria
2819 2613 2937 2674 cum
2956 2613 3073 2688 jam
3105 2613 3234 2687 facit
3265 2614 3453 2671 arbore
3479 2613 3650 2668 nidos.

2312 2736 2472 2801 lbid.,
2512 2736 2610 2790 lin.
2661 2734 2749 2789 55.
2786 2731 2896 2788 Kal
2938 2730 3138 2787 λαϐὼν
3178 2728 3287 2783 τὸν
3316 2728 3608 2783 εὺτόκιον.
3645 2723 3812 2780 Euto—

2240 2827 2384 2884 cium
2414 2825 2644 2897 lapidem
2675 2825 2889 2879 aetitem
2914 2837 3055 2886 esse,
3079 2819 3282 2876 nemini
3316 2818 3544 2874 dubium
3567 2832 3685 2873 esse
3710 2815 3811 2871 de-

2241 2920 2352 2985 bet,
2382 2934 2506 2973 cum
2533 2932 2653 2988 quas
2674 2918 2742 2972 de
2777 2915 2993 2972 eutocio
3014 2913 3334 2969 Eustathius
3359 2910 3549 2976 refert,
3569 2910 3636 2966 de
3655 2908 3813 2964 actito

2242 3011 2331 3065 alii
2357 3010 2559 3066 dicant.
2586 3008 2816 3075 Plinius,
2846 3008 2939 3063 lib.
2971 3024 3027 3071 ιι,
3059 3007 3225 3077 capit.
3261 3021 3314 3059 Iv
3343 3024 3355 3059 :
3386 3003 3576 3058 Tribus
3606 3002 3807 3073 primis,
3923 3038 3928 3042 ~
4012 3008 4013 3013 ‘

2240 3110 2291 3154 et
2334 3101 2515 3170 quinto
2558 3099 2857 3169 aquilarum
2897 3096 3071 3168 generi
3111 3094 3471 3165 inaediﬁcatur
3510 3091 3632 3147 nido
3678 3091 3810 3159 lapis

562 3208 662 3249 rus
690 3201 870 3247 tamen
904 3190 1301 3259 Heracleensis,
1336 3191 1626 3250 Comment.
1655 3197 1712 3249 in
1747 3198 1883 3266 psal.
1911 3213 2005 3264 cn,
2040 3216 2137 3256 ne-

2242 3194 2447 3258 aetites,
2490 3209 2641 3264 quem
2669 3191 2834 3270 aliqpi
2862 3190 3038 3244 dixere
3062 3197 3325 3260 gagatem,
3355 3186 3425 3240 ad
3448 3185 3615 3239 multa
3642 3199 3808 3236 reme-

563 3292 657 3357 gat
711 3284 952 3355 aquilam
1006 3285 1303 3340 renovari:
1342 3284 1417 3337 Οὐ
1456 3284 1612 3339 τοῦτο
1659 3287 1905 3358 βούλεται
1950 3292 2137 3356 εἰπεῖν,

2247 3284 2338 3338 dia
2369 3283 2538 3351 utilis,
2572 3282 2704 3336 nihil
2734 3282 2852 3352 igne
2878 3278 3182 3348 deperdens.
3224 3276 3317 3331 Est
3343 3283 3515 3328 autem
3541 3270 3679 3339 lapis
3705 3270 3807 3324 ista

563 3378 647 3432 ὅτι
682 3374 1084 3440 ἀνακαινίζεται
1116 3377 1144 3429 ὁ
1174 3376 1330 3440 ἀετός
1352 3394 1365 3406 ·
1399 3379 1458 3431 οὐ
1497 3379 1605 3451 γὰρ
1644 3380 2065 3446 ἀνακαινίζεται,
2098 3392 2137 3443 ει

2245 3390 2545 3446 pra'gnans,
2575 3373 2716 3426 intus
2745 3388 2863 3425 cum
2890 3372 3127 3440 quatias,
3167 3370 3263 3423 alie
3291 3365 3421 3420 velut
3448 3363 3502 3415 in
3525 3370 3673 3412 utero
3709 3378 3797 3417 so-

567 3469 644 3540 μὴ
670 3467 852 3539 μόνον,
878 3466 953 3531 ὥς
982 3484 1166 3537 φασιν,
1199 3470 1227 3521 ὁ
1269 3469 1446 3538 φοῖνιξ
1478 3470 1537 3523 τὸ
1567 3470 1778 3543 ὄρνεον·
1813 3472 1926 3526 ἀλλ’
1960 3473 2137 3546 ἐπειδὴ

2246 3478 2422 3533 nante,
2447 3466 2535 3521 sed
2561 3467 2635 3521 vis
2659 3466 2756 3519 illa
2788 3463 2990 3518 medica
3009 3479 3113 3518 non
3141 3461 3239 3516 nisi
3259 3459 3377 3513 nido
3403 3455 3639 3513 direptis.
3662 3452 3792 3509 Olm

564 3563 595 3615 ὁ
621 3560 775 3624 ἀετὸς
801 3560 947 3614 δοκεί
972 3558 1271 3630 βασιλεύειν
1302 3561 1411 3615 τῶν
1446 3563 1705 3617 πετεινῶν
1728 3565 2004 3632 ἁπάντων,
2032 3567 2137 3637 βού-

2245 3554 2454 3611 Plinius
2497 3571 2607 3609 non
2661 3554 2796 3609 satis
2849 3552 3160 3623 distinguit,
3216 3552 3338 3605 dum
3391 3557 3631 3619 gagatem
3678 3559 3803 3599 cum

564 3652 716 3705 λεται
756 3653 951 3715 εἰπεῖν,
986 3652 1068 3705 ὅτι
1098 3652 1131 3722 ὴ
1165 3650 1463 3721 παλαιότης
1491 3651 1649 3723 ἡμῶν
1694 3655 1727 3723 ή
1769 3655 1826 3706 ὲν
1869 3654 2137 3709 Βαϐυλῶνι

2247 3647 2409 3702 aetite
2447 3645 2752 3702 confundit.
2783 3645 3020 3701 Consule
3067 3646 3246 3715 ipsum
3294 3643 3386 3696 lib.
3428 3655 3611 3704 nm,
3644 3641 3804 3708 capit.

564 3745 1077 3817 ἀνακαινισθήσεται
1111 3746 1190 3807 είς
1230 3742 1500 3814 βασιλείαν
1544 3740 1718 3810 αὖθις,
1764 3744 1953 3818 ὥσπερ
2006 3743 2147 3819 ἦμέν

565 3853 720 3893 ποτε,
749 3835 848 3890 Διὰ
873 3835 982 3908 γὰρ
1017 3832 1112 3889 τοῦ
1145 3833 1356 3906 ὄρνιθος
1386 3834 1479 3887 τοῦ
1524 3833 1684 3887 ἀετοῦ
1729 3834 1828 3906 τὴν
1869 3835 2146 3907 βασιλείαν

565 3929 881 3986 αἰνίττεται.
910 3926 1147 3984 Consule
1185 3927 1315 3983 item
1356 3914 1576 3982 Caelium
1609 3925 1921 4000 Rodigium,
1953 3929 1989 3985 Ι.
2024 3946 2143 3997 xm,

568 4034 692 4091 cap.
727 4019 818 4074 20.

643 4127 802 4193 lbid.,
832 4128 933 4184 lin.
963 4129 1054 4185 29.
1091 4130 1155 4183 '0
1181 4129 1250 4184 δὲ
1281 4129 1409 4201 γὺψ
1427 4131 1778 4202 ὑπηνέμιον.
1812 4130 2009 4189 Petrus
2043 4132 2146 4187 Da-

569 4220 810 4287 mianus,
840 4221 936 4276 lib.
965 4237 1027 4289 ιι,
1045 4222 1206 4292 epist.
1230 4222 1301 4276 {8
1328 4241 1342 4277 :
1376 4201 1727 4277 Perhibentur
1747 4223 1979 4280 vultures
2038 4241 2137 4279 ctr-

2244 4201 2301 4255 δὲ
2333 4201 2426 4256 καὶ
2462 4201 2604 4267 λεῖος
2630 4205 2696 4274 τῇ
2729 4201 2849 4275 θέᾳ.

572 4320 805 4366 terarum
828 4310 1000 4364 avium
1024 4326 1187 4377 more,
1209 4311 1506 4366 concubitui
1528 4312 1828 4368 nullatenus
1845 4314 2144 4386 indulgere:
2313 4318 2474 4381 lbid.,
2499 4318 2595 4373 lib.
2630 4318 2720 4374 55.
2745 4316 2851 4372 Kal
2874 4318 3193 4373 ἀποτίκτει.
3222 4313 3453 4377 Plinius,
3484 4310 3582 4367 lib.
3611 4326 3668 4374 ι,
3693 4323 3799 4379 cap.

570 4403 661 4460 sed
690 4406 882 4474 absque
912 4403 1026 4457 ulla
1056 4418 1273 4473 prorsus
1318 4404 1602 4459 masculini
1645 4422 1802 4461 sexus
1833 4406 2146 4463 admistione
2246 4408 2279 4466 6
2322 4431 2336 4467 :
2396 4408 2559 4466 Fetus
2606 4411 2814 4482 quidem
2861 4418 3145 4465 cernuntur
3199 4408 3305 4478 fere
3353 4406 3483 4460 bini.
3521 4403 3800 4459 Umbricius

570 4498 856 4586 concipere.
890 4493 1174 4562 Quomodo
1224 4502 1406 4586 autem
1451 4495 1506 4551 id
1545 4497 1638 4552 ﬁat
1666 4499 1917 4568 pluribus
1957 4512 2143 4555 narrat
2176 4531 2219 4586 υ
2247 4502 2551 4570 aruspicum
2600 4501 2657 4554 in
2702 4509 2882 4555 nostro
2914 4517 3022 4556 (evo
3062 4498 3414 4568 peritissimus
3442 4510 3629 4566 parere
3656 4492 3803 4546 tradit

570 4584 753 4642 Horus
807 4587 902 4642 lib.
950 4601 990 4650 ι,
1050 4599 1174 4654 cap.
1228 4585 1329 4653 ll;
1375 4584 1723 4653 Plutarchus,
1777 4588 2143 4646 Romanarum
2176 4584 2203 4586 ”
2247 4608 2343 4647 ora
2364 4593 2469 4646 tria
2496 4608 2514 4645 :
2542 4607 2645 4646 uno
2673 4608 2738 4646 ex
2780 4594 2847 4647 iis
2894 4591 3095 4662 reliqua
3133 4608 3231 4646 ova
3259 4589 3540 4659 nidumque
3571 4587 3799 4651 lustrare,

570 4681 858 4750 question.
890 4680 958 4736 95
987 4698 1001 4735 :
1036 4679 1180 4751 Θῆλυ
1215 4680 1322 4733 πᾶν
1351 4679 1414 4734 τὸ
1440 4682 1594 4750 γένος
1632 4683 1752 4736 ἐστὶ
1774 4685 1867 4737 καὶ
1898 4685 2137 4740 κυΐσκον-

2247 4700 2370 4739 mox
2398 4684 2646 4755 abjicere.
2689 4683 2836 4741 Idem
2884 4686 3047 4741 habet
3096 4683 3325 4739 Aristot.
3363 4681 3444 4735 De
3479 4681 3606 4736 hist.
3631 4679 3800 4743 anim.,

2246 3740 2309 3794 21
2347 3746 2402 3795 et
2434 3741 2597 3810 capit.
2628 3739 2713 3802 l9,
2741 3739 3005 3794 Galenum
3040 3745 3093 3793 et
3133 3732 3528 3792 Dioscoridem.
3558 3730 3806 3802 Lapidem

2247 3833 2391 3886 hunc
2439 3832 2793 3903 llarpocratio
2851 3830 3252 3888 Alexandrinus
3298 3828 3588 3899 ocytocion
3640 3835 3804 3887 vocat,

2247 3925 2642 3996 distinguitque
2695 3926 2763 3980 ab
2817 3926 2982 3980 aelite
3035 3943 3049 3978 :
3105 3922 3414 3983 Ὠκυτόκιος
3473 3918 3619 3981 λίθος
3671 3915 3806 3968 ἐστὶν

2245 4017 2438 4082 ἐοικὼς
2463 4017 2543 4088 τῷ
2567 4019 2772 4090 ἁετίτῃ,
2810 4017 3130 4089 μικρότερος
3154 4015 3211 4068 δὲ
3250 4014 3484 4075 ἐκείνου,
3515 4010 3651 4080 πλὴν
3674 4010 3805 4079 ἁπη-

2245 4109 2373 4182 χῶν,
2400 4110 2475 4176 ὡς
2507 4112 2734 4175 ἐκεῖνος,
2770 4112 2827 4164 ὲν
2857 4109 2936 4182 τῷ
2968 4108 3232 4164 κινεῖσθαι
3266 4106 3417 4180 παρὰ
3441 4104 3502 4160 τὸ
3527 4100 3641 4167 οὖς.
3664 4103 3803 4156 Ἔστι

571 4786 661 4826 ται
686 4771 967 4842 δεχόμεναι
999 4772 1090 4826 τὸν
1129 4768 1465 4843 ἀπηλιώτην,
1501 4771 1689 4846 ὥσπερ
1720 4773 1790 4828 τὰ
1830 4775 2020 4848 δένδρα
2057 4775 2147 4830 τὸν

572 4862 826 4935 ζέφυρον.
859 4863 1129 4929 Elianus,
1165 4865 1261 4920 lib.
1291 4879 1350 4927 ιι,
1377 4879 1499 4936 cap.
1528 4864 1636 4920 46:
1668 4865 1823 4921 Γῢπα
1856 4867 1913 4922 δὲ
1946 4866 2150 4940 ἄρῤενα

570 4955 634 5007 οὐ
663 4955 795 5025 φασὶ
817 4954 1067 5025 γενέσθαι
1107 4955 1259 5021 ποτὲ,
1286 4953 1422 5008 ἀλλὰ
1447 4954 1669 5027 Θηλείας
1704 4957 1941 5022 ἁπάσας.
1973 4959 2149 5032 Ὅπερ

574 5049 911 5120 ὲπιστάμενα
938 5050 1007 5104 τὰ
1036 5050 1169 5116 ζῶα,
1195 5052 1290 5105 καὶ
1315 5051 1552 5124 ἐρημίαν
1577 5050 1786 5106 τέκνων
1812 5052 2042 5116 δεδιότα,
2070 5056 2149 5117 είς

574 5142 830 5213 ἐπιγονὴν
853 5142 1056 5197 τέκνων
1094 5144 1319 5200 τοιαῦτα
1368 5146 1489 5218 δρᾷ.
1531 5145 1885 5218 Ἀντίπρωροι
1912 5145 1990 5216 τῷ
2013 5145 2151 5215 νότῳ

572 5237 855 5303 πέτονται,
902 5237 951 5289 εί
995 5236 1053 5290 δὲ
1095 5236 1170 5308 μὴ
1205 5238 1291 5309 είη
1323 5239 1492 5305 νότος,
1526 5237 1605 5309 τῷ
1654 5237 1798 5310 εὔρῳ
1857 5239 2149 5310 κεχήνασι,

572 5330 667 5384 καὶ
704 5329 768 5383 τὸ
817 5327 1035 5400 πνεῦμα
1082 5328 1292 5400 εἰσρέον
1331 5327 1529 5402 πληροῖ
1564 5327 1768 5392 αὐτὰς,
1823 5329 1917 5383 καὶ
1960 5328 2150 5383 κύουσι

546 5397 739 5493 ίτριῶν
769 5421 924 5495 ὲτῶν.
959 5397 1094 5487 Quae
1119 5397 1362 5476 carmine
1391 5397 1626 5476 reddidit
1655 5422 1710 5475 in
1745 5420 1949 5477 lambis
1976 5420 2146 5477 Phile.

571 5515 847 5572 Adrianus
893 5514 1214 5580 Turnebus,
1271 5514 1365 5569 lib.
1400 5530 1523 5569 nm
1550 5556 1564 5581 ,
1612 5515 1780 5585 capit.
1820 5515 1856 5569 2
1881 5556 1896 5583 ,
1953 5525 2006 5573 et
2042 5517 2149 5589 lib.

573 5622 733 5673 xxiii,
761 5607 925 5678 capit.
981 5607 1036 5673 5,
1087 5615 1141 5664 et
1187 5605 1565 5677 Dalecampius
1621 5608 1870 5663 scribunt
1908 5610 2153 5667 vultures

574 5712 800 5769 magnas
832 5715 959 5756 aves
999 5715 1031 5755 a
1080 5698 1273 5756 Plauto
1312 5699 1365 5755 i-u
1408 5697 1642 5755 Rudente
1697 5709 2040 5773 nuncupatas
2095 5701 2151 5757 in

573 5789 685 5846 illis
721 5792 972 5867 versibus
1005 5813 1019 5849 :

2246 4794 2366 4848 cap.
2407 4778 2458 4832 6.
2494 4776 2721 4842 Tamen,
2753 4778 2849 4834 lib.
2900 4794 2975 4843 ix,
3006 4792 3128 4846 cap.
3166 4776 3254 4840 Η,
3287 4774 3481 4831 scribit
3512 4764 3537 4828 ε’
3562 4771 3682 4827 Edit
3711 4789 3802 4827 non

2247 4873 2365 4941 plus
2394 4888 2549 4944 quam
2579 4888 2740 4926 unum
2764 4887 2936 4937 ovum,
2957 4879 3047 4924 aut
3064 4870 3168 4924 duo
3184 4867 3610 4936 complurimum.
3628 4865 3749 4932 Quae
3761 4863 3802 4919 si

2250 4970 2500 5017 naturam
2522 4962 2703 5017 avium
2732 4970 2881 5018 recte
2910 4960 3247 5025 consideres,
3274 4961 3399 5030 quis
3426 4958 3502 5012 ita
3525 4957 3736 5027 iniquus
3751 4962 3804 5009 ut

2252 5069 2449 5124 negare
2482 5053 2677 5109 audeat
2714 5054 2984 5109 vulturem
3009 5066 3165 5107 avem
3190 5066 3292 5106 ova
3306 5048 3564 5121 gignere?
3589 5047 3655 5100 At
3672 5044 3802 5101 fuere

2251 5147 2342 5214 qui
2368 5145 2610 5201 dicerent
2636 5161 2731 5201 eos
2755 5160 2855 5200 ova
2895 5160 3004 5199 non
3045 5143 3355 5206 excludere,
3387 5141 3481 5197 sed
3516 5140 3689 5212 pullos
3716 5152 3802 5209 pa-

2249 5252 2393 5298 rere,
2421 5252 2625 5307 eosque
2650 5237 2834 5291 statim
2862 5252 2891 5291 a
2920 5246 3077 5306 partu
3104 5236 3356 5291 volatiles
3377 5248 3520 5290 esse.
3552 5230 3800 5296 Elianus,

2250 5329 2348 5387 lib.
2378 5345 2440 5397 ιι,
2465 5345 2586 5401 cap.
2621 5330 2689 5384 46
2715 5350 2728 5384 ;
2761 5329 2944 5393 Γῦπας
2974 5329 3031 5382 δὲ
3059 5328 3135 5401 μὴ
3161 5326 3247 5381 ὠὰ
3267 5327 3471 5382 τίκτειν
3500 5325 3800 5394 πέπεισμαι,

2251 5425 2497 5488 νεοττοὺς
2535 5422 2592 5476 δὲ
2625 5422 2855 5477 ὠδίνειν.
2898 5422 3008 5476 Καὶ
3055 5421 3130 5485 ὡς
3187 5420 3296 5474 ἀπὸ
3325 5420 3518 5489 γενεᾶς
3549 5418 3802 5471 κατάπτε-

2254 5515 2337 5589 ροί
2357 5518 2483 5580 εἰσι,
2504 5516 2596 5569 καὶ
2623 5513 2780 5569 τοῦτο
2808 5514 3037 5583 ἤκουσα.
3064 5513 3131 5567 Ει
3168 5511 3609 5584 Theophylactus
3644 5508 3804 5564 Simo-

2252 5588 2431 5672 catus,
2477 5609 2534 5662 in
2577 5606 2780 5673 Qumst.
2813 5620 3016 5672 natur.,
3052 5611 3247 5676 quaest.
3282 5604 3336 5671 8,
3384 5603 3452 5659 de
3478 5588 3801 5656 vnltnrihusi

2252 5691 2365 5753 Kal.
2407 5700 2649 5754 τίκτουσι
2691 5697 2826 5764 ζῶα,
2877 5700 2979 5751 οὐκ
3010 5697 3092 5751 ὠὰ
3125 5696 3422 5767 ὑπηνέμια.
3456 5694 3549 5747 Διὺ
3578 5691 3806 5745 πλείστου

2253 5791 2446 5864 χρόνον
2475 5791 2645 5845 δεῖται
2676 5790 2709 5862 ἡ
2740 5789 2899 5858 φύσις
2929 5790 3067 5861 πρὸς
3101 5788 3240 5854 ζώου
3273 5782 3690 5855 τελεσιουργῖαν,
3712 5782 3805 5836 Πο-
