4064 6290
309 353 407 410 90l

307 551 438 606 etc.,
471 547 526 596 et
557 538 732 604 Phile,
766 539 822 594 in
855 536 1057 593 lambis
1086 555 1104 593 :

305 675 512 742 Θῆλυς
538 673 606 727 δὲ
635 673 752 739 πᾶς
777 673 923 744 γὺψ,
947 674 1042 728 καὶ
1073 673 1306 742 σπορᾶς
1337 673 1482 727 ἄνευ
1508 673 1656 726 κύει.

306 747 540 799 Χαίνων
558 746 666 815 γὰρ
697 746 1060 812 ἀντίπρωρος
1090 746 1252 812 ὑψοῦ
1280 744 1426 811 πρὸς
1455 745 1652 807 νότον,

305 821 352 870 Σ
359 815 721 883 υλλαμϐάνει
748 815 815 868 τὸ
841 817 1093 883 πνεῦμα,
1130 815 1224 869 καὶ
1261 815 1457 882 τρίτου
1489 815 1709 883 χρόνου

305 889 352 940 Σ
358 882 638 950 τρο-υθοὺς
669 882 1002 952 πτερωτοὺς
1032 884 1120 953 ἄρ’
1144 884 1261 938 ἀπὸ
1293 883 1522 953 μήτρας
1551 882 1768 952 ἐξάγει.

300 956 368 1006 Οἳ
395 953 570 1015 ζῶσιν
593 954 773 1019 εὐθὺς
797 953 867 1018 ἐξ
889 956 1125 1023 ὀνύχων
1158 953 1436 1023 άρπάγων

305 1026 420 1078 Πνί
424 1043 564 1094 γους
589 1025 812 1078 καλιῶν
831 1025 1170 1094 εὐρεθέντες
1197 1026 1548 1093 κρείττονες.

377 1159 538 1224 lbid.,
569 1159 666 1212 lin.
691 1160 780 1214 38.
804 1159 955 1216 Φασὶ
979 1159 1045 1213 δὲ
1067 1159 1172 1215 τὸν
1193 1160 1370 1230 γῦπα.
1394 1161 1604 1217 Plinius
1631 1160 1874 1216 vultures

306 1250 474 1304 odore
497 1247 694 1319 iugari,
733 1251 827 1305 lib.
861 1267 920 1316 ιι,
969 1265 1088 1320 cap.
1133 1250 1222 1318 45,
1261 1251 1471 1306 scribit.
1516 1251 1659 1306 idem
1704 1248 1876 1305 Elia-

306 1359 432 1409 nus,
464 1343 557 1396 lib.
588 1357 669 1408 ιιι,
697 1357 817 1411 cap.
853 1341 902 1404 7,
929 1349 983 1397 et
1017 1342 1111 1396 lib.
1148 1358 1222 1408 ιν,
1249 1357 1369 1414 cap.
1407 1343 1501 1410 18;
1532 1344 1872 1412 Aristoteles,

306 1430 401 1484 lib.
432 1431 568 1498 Περὶ
604 1429 944 1499 θαυμασίων
988 1429 1400 1499 ἀκουσμάτων.
1447 1431 1871 1503 Theophrastus,

306 1522 403 1578 lib.
463 1522 542 1576 De
596 1521 840 1576 odoribus
879 1539 897 1575 :
945 1524 1132 1578 Πονεῖν
1175 1523 1230 1576 δὲ
1284 1522 1402 1578 ἔνια
1448 1525 1697 1594 φαίνεται
1753 1528 1874 1590 ταῖς

301 1614 501 1684 ὀσμαῖς
538 1614 630 1668 καὶ
665 1616 783 1677 ταῖς
833 1614 1102 1681 εὐωδίαις,
1127 1617 1175 1668 εί
1205 1614 1400 1686 ἀληθὲς
1423 1616 1482 1668 τὺ
1512 1617 1604 1669 ἐπὶ
1638 1617 1744 1670 τῶν
1773 1634 1861 1686 γυο

305 1704 426 1759 πῶν
477 1705 570 1758 καὶ
611 1704 912 1776 κανθάρων.
968 1706 1034 1758 Ει
1089 1706 1346 1761 collector
1392 1705 1728 1776 Geoponicor.
1778 1710 1868 1763 lib.

1313 352 1381 408 IN
1420 349 1788 408 EUSTATHH
1830 349 2301 408 HEXAEMERON
2323 351 2559 412 NOTAE.
3447 352 3547 406 901’

309 449 591 520 ὶὺκρατες.
638 445 885 500 Χαλεπὸν
926 445 1034 518 γὰρ
1081 445 1174 500 καὶ
1203 443 1321 500 λίαν
1345 446 1578 518 ἐργῶδες
1604 448 1670 518 τῇ
1697 445 1874 517 φύσει,
1907 453 1952 508 Α

2121 445 2338 517 ςὶεοηὲα
2367 448 2528 502 etiam
2553 454 2728 517 grata,
2759 447 3051 517 peregrina,
3087 444 3310 514 hospita,

2117 516 2344 588 Pietatis
2373 516 2586 588 cultrix,
2618 516 2913 586 gracilipes,
2939 517 3266 588 glotoristria

2119 586 2245 641 Avis
2275 587 2427 641 exsul
2460 587 2666 650 hiemis,
2697 595 2804 644 etc.

1975 698 2212 754 Consule
2257 699 2481 754 Adriani
2520 698 2667 754 Junii
2699 700 3032 754 Animadver.
3067 698 3162 753 lib.
3189 715 3263 766 vt,
3295 713 3414 768 cap.
3460 698 3547 754 15.

2047 789 2206 856 lbid.,
2251 791 2347 844 lin.
2402 791 2492 846 47.
2545 790 3111 861 Τετραυματισμέναι
3149 789 3277 859 γάρ.
3313 788 3430 854 Qua
3462 803 3534 842 ra-

1975 882 2122 936 tione
2169 881 2271 937 sibi
2323 881 2642 937 medeantur
2678 883 2902 937 ciconize
2935 897 3057 937 cum
3086 882 3286 936 vulnus
3320 895 3546 950 accepe-

1973 967 2107 1033 rint,
2136 966 2409 1035 IElianus,
2437 969 2532 1024 lib.
2568 986 2622 1037 ν,
2662 985 2783 1040 cap.
2809 970 2913 1036 46;
2947 980 3000 1024 et
3029 970 3369 1025 Aristoteles.

2043 1059 2202 1125 lbid.,
2232 1061 2326 1114 lin.
2360 1061 2449 1114 48.
2496 1062 2634 1116 Ἐὰν
2679 1061 2747 1115 δὲ
2781 1061 3038 1132 γηράσῃ.
3092 1061 3354 1126 Basilius,
3395 1061 3542 1116 hom.

1974 1151 2046 1206 8:
2092 1152 2315 1204 Ἐκεῖνοι
2341 1151 2428 1204 τὸν
2475 1154 2702 1225 πατέρα,
2733 1155 2838 1208 ὑπὸ
2865 1155 2957 1208 τοῦ
2995 1156 3179 1225 γήρως
3208 1155 3548 1227 πτερορρυή-

1976 1259 2164 1306 σαντα,
2197 1243 2550 1316 περιστάντες
2586 1248 2642 1299 ἐν
2680 1246 2884 1317 κύκλῳ,
2913 1247 3024 1310 τοῖς
3069 1246 3288 1309 οἰκείοις
3329 1250 3546 1318 πτεροῖς

1973 1333 2341 1400 διαθάλπουσι,
2382 1337 2476 1390 καὶ
2521 1338 2619 1401 τὰς
2669 1338 2874 1407 τροφὰς
2920 1337 3165 1407 ἀφθόνως
3202 1340 3548 1407 παρασκευά-

1975 1425 2177 1496 ζοντες,
2215 1428 2313 1500 τὴν
2354 1429 2579 1500 δυνατὴν
2626 1429 2722 1482 καὶ
2766 1431 2822 1482 ἐν
2868 1433 2932 1501 τῇ
2979 1431 3172 1500 πτήσει
3220 1431 3544 1502 παρέχονται

1975 1517 2246 1589 βοήθειαν,
2278 1521 2460 1592 ἡρέμα
2484 1521 2559 1592 τῷ
2590 1521 2774 1593 πτερῷ
2801 1519 3144 1590 κουφίζοντες
3187 1523 3541 1595 ἑκατέρωθεν.

1973 1612 2082 1665 Καὶ
2132 1611 2273 1665 οὓτω
2304 1613 2460 1666 τοῦτο
2485 1612 2634 1684 παρά
2679 1615 2812 1666 πᾶσι
2855 1613 3231 1686 διαϐεὸόηται,
3267 1613 3410 1668 ὥστε
3443 1616 3546 1685 ἤδη

1972 1704 2114 1767 τινὲς
2141 1705 2238 1773 τὴν
2264 1703 2369 1756 τῶν
2412 1704 2860 1778 εὐεργετημάτων
2893 1703 3174 1768 ἀντίδοσιν,
3223 1704 3545 1776 ἀπιπελάρ-

306 1812 437 1852 xw:
480 1795 852 1867 Ἀριστοτέλης
884 1797 1014 1869 φησὶ
1051 1797 1231 1867 γῦπας
1271 1799 1439 1871 μύρου
1470 1801 1610 1871 ὀσμῇ
1644 1799 1872 1853 ἀπόλλυ-

1977 1812 2139 1866 γωσιν
2176 1795 2516 1865 ὀνομάζουσι.
2549 1794 2962 1864 Aristophanes,
2991 1795 3045 1848 in
3075 1794 3271 1849 Avibus
3297 1811 3316 1848 :

309 1888 462 1941 σθαι·
503 1887 799 1959 κανθάρους
829 1887 885 1940 δὲ
914 1891 978 1960 τῇ
1013 1889 1152 1962 ὀσμῇ
1197 1890 1304 1944 τῶν
1349 1891 1536 1962 ῥόδων.
1580 1888 1732 1946 Εἶναι
1765 1891 1872 1964 γὰρ

306 1978 513 2042 τούτοις
546 1980 807 2051 σωτήριον
839 1980 935 2050 τὴν
970 1981 1254 2035 δυσωδίαν.

375 2069 534 2135 lbid.,
561 2071 654 2125 lin.
680 2073 767 2126 M.
809 2071 1016 2126 Ἦνίκα
1045 2072 1110 2126 δέ
1135 2089 1324 2142 φασιν
1349 2075 1582 2144 ἄνδρες.
1615 2075 1870 2142 Basilius,

304 2162 452 2216 hom.
483 2163 516 2218 8
544 2182 555 2216 :
588 2163 682 2228 Τίς
710 2165 820 2228 τοῖς
860 2163 992 2232 γυψὶ
1023 2165 1485 2234 προαπαγγέλλων
1527 2166 1636 2220 τῶν
1667 2167 1875 2239 ἀνθρώ·

305 2271 421 2307 πων
446 2253 538 2308 τὸν
576 2255 823 2320 θάνατον,
850 2255 977 2309 ὅταν
1007 2259 1128 2309 κατ’
1163 2256 1404 2329 ἀλλήλων
1438 2258 1874 2330 ἐπιστρατεύσω-

308 2362 390 2399 σιν
417 2361 431 2410 ;
468 2346 624 2409 Ἴδοις
651 2346 761 2418 γὰρ
786 2345 853 2399 ἂν
885 2347 1084 2418 μυρίας
1123 2348 1320 2417 ἀγέλας
1346 2349 1534 2418 γυπῶν
1565 2352 1676 2412 τοῖς
1715 2366 1878 2421 στρα-

304 2437 550 2500 τοπέδοις
594 2439 1010 2510 παρεπομένας,
1062 2441 1125 2494 ἐκ
1171 2441 1270 2508 τῆς
1317 2441 1425 2496 τῶν
1472 2442 1649 2496 ὃπλων
1700 2460 1877 2514 παρα-

310 2528 508 2598 σκευῆς
558 2529 1000 2601 τεκμαιρομένων
1051 2531 1150 2602 τὴν
1215 2531 1452 2586 ἔκϐασιν.
1516 2531 1660 2589 Idem
1715 2534 1877 2590 habet

308 2617 581 2685 JElianus,
607 2622 702 2676 lib.
751 2638 811 2685 ιι,
847 2625 1013 2694 capit.
1047 2623 1160 2692 46;
1204 2623 1433 2689 Plinius,
1470 2625 1563 2680 lib.
1609 2642 1662 2689 ι,
1710 2627 1873 2696 capit.

307 2712 385 2766 6:
428 2711 625 2766 Triduo
677 2722 851 2768 autem
895 2724 1036 2779 ante,
1081 2727 1174 2770 aut
1220 2716 1379 2772 biduo
1423 2721 1600 2772 volare
1636 2735 1744 2784 eos,
1789 2720 1878 2774 ubi

308 2803 568 2858 cadavera
593 2806 777 2875 futura
801 2817 944 2862 sunt.
978 2807 1045 2862 Et
1072 2808 1298 2864 Plautus
1322 2810 1376 2864 in
1411 2809 1726 2867 Truculento
1753 2827 1771 2865 :

311 2918 459 2992 I_llud
479 2929 594 2974 est:
630 2921 742 2992 vide
772 2931 829 2975 ut
858 2923 966 2984 iam
994 2924 1148 2992 quasi
1175 2924 1407 2987 volturii,
1433 2925 1609 2978 triduo

310 2990 471 3044 Prius
499 2991 848 3059 pradivinant
876 3010 974 3064 quo
1001 2990 1085 3048 die
1111 2996 1252 3048 esuri
1275 2997 1428 3048 sient.

2054 1904 2204 1957 Ἀλλ’
2228 1903 2400 1958 ἔστιν
2424 1903 2566 1972 ἡμῖν
2595 1904 2785 1957 τοῖσιν
2807 1903 3039 1969 ὄρνισιν
3064 1904 3247 1972 νόμος

2041 1973 2324 2040 Παλαιὸς,
2357 1975 2425 2027 ἐν
2445 1975 2567 2039 τοῖς
2603 1972 2721 2026 τῶν
2745 1972 3057 2041 πελαργῶν
3084 1976 3367 2039 κύρϐεσιν
3387 1991 3400 2006 ·

2055 2043 2237 2110 Ἐπὴν
2258 2047 2290 2096 ό
2317 2043 2510 2111 πατὴρ
2536 2047 2568 2097 ό
2591 2043 2885 2112 πελαργὸς
2912 2044 3348 2111 ἐκπετησίμους

2041 2113 2280 2179 Πάντας
2304 2113 2528 2180 ποιῆσῃ
2561 2114 2701 2179 τοὺς
2733 2113 3106 2180 πελαργιδεῖς
3135 2114 3386 2182 τρέφων,

2041 2183 2143 2237 Δεῖ
2166 2184 2304 2250 τοὺς
2323 2184 2602 2250 νεοττοὺς
2623 2185 2729 2237 τὸν
2757 2183 2979 2251 πατέρα
3011 2183 3197 2237 πάλιν
3218 2184 3472 2253 τρέφειν.

1975 2295 2228 2352 Ciconias
2274 2295 2507 2364 juvenes
2577 2294 2691 2365 jam
2748 2297 3154 2351 senescentibus
3225 2297 3546 2366 parenllius

1976 2403 2134 2458 opem
2164 2387 2307 2442 ferre
2331 2401 2535 2456 eosque
2559 2387 2792 2442 educare
2837 2388 3004 2442 tradit
3042 2387 3216 2451 Plato,
3263 2388 3544 2444 Alcibiade

1975 2481 2144 2549 primo
2167 2478 2308 2532 κατά
2335 2479 2394 2531 τὸ
2434 2478 2617 2541 τέλος·
2653 2478 2972 2533 Aristoteles
3002 2479 3078 2533 De
3096 2480 3281 2534 histor.
3319 2481 3541 2534 animal.

1977 2571 2069 2625 lib.
2102 2585 2318 2640 Ix,cap.
2348 2570 2447 2635 13;
2479 2568 2752 2633 jElianus,
2775 2570 2868 2624 lib.
2895 2585 2980 2634 ιιι,
3001 2586 3122 2641 cap.
3157 2571 3248 2637 25,
3277 2579 3332 2627 et
3358 2573 3454 2628 lib.
3485 2590 3542 2636 ι,

1975 2679 2098 2733 cap.
2131 2662 2232 2729 46;
2260 2661 2662 2726 Artemidorus,
2705 2662 3000 2717 Onerocrit.
3046 2665 3142 2718 lib.
3175 2679 3236 2730 ιι,
3283 2681 3404 2735 cap.
3441 2665 3544 2733 20;

1975 2751 2206 2816 Plinius,
2242 2753 2337 2805 lib.
2392 2767 2448 2815 ι,
2485 2766 2606 2822 cap.
2643 2752 2745 2817 25;
2795 2752 2996 2818 Horus,
3037 2754 3133 2809 lib.
3179 2771 3241 2822 ιι,
3276 2771 3397 2826 cap.
3438 2757 3542 2825 51;

1977 2843 2152 2910 Philo,
2191 2844 2244 2898 in
2298 2843 2638 2912 Expositione
2682 2845 2966 2915 Decalogi;
3014 2845 3298 2917 Origenes.
3359 2859 3547 2904 contra

1978 2932 2211 2997 Celsum,
2237 2935 2328 2988 lib.
2352 2951 2404 2989 tv
2427 2934 2847 3002 ;Philoslratus,
2870 2937 2943 2992 De
2966 2939 3058 2993 vit.
3098 2938 3367 3008 Apollonii
3401 2941 3542 3011 Tya-

1979 3025 2081 3088 nei,
2108 3040 2229 3094 pag.
2270 3023 2369 3091 t9;
2404 3025 2637 3080 Basilius
2660 3026 2909 3096 Magnus,
2941 3037 3080 3082 orat.
3119 3031 3185 3083 de
3211 3030 3415 3086 honore
3435 3045 3544 3100 quo

307 3101 448 3192 95m
501 3103 663 3158 etiam
723 3102 894 3161 lberis
948 3104 1191 3161 vultures
1240 3104 1390 3162 luere
1445 3108 1681 3179 sepulcri
1735 3110 1872 3167 loco.
1905 3132 1947 3189 α
1981 3124 2110 3170 sunt
2150 3114 2412 3170 alliciendi
2440 3116 3099 3188 parcntes;Epiphanius,
3124 3120 3176 3173 in
3203 3118 3542 3192 Physiologo,

305 3188 475 3246 Silius
508 3211 520 3245 :

379 3299 608 3378 Tellure,
631 3308 689 3354 ut
713 3302 1013 3378 perhibent,
1040 3305 1085 3358 is
1115 3321 1228 3361 mos
1263 3295 1511 3378 antiquus
1545 3308 1704 3364 lbera

377 3369 641 3425 Exanima
672 3369 921 3428 obscenus
953 3378 1212 3430 consumit
1245 3369 1469 3449 corpora
1497 3382 1692 3436 vultur.

373 3483 532 3552 lbid.,
563 3487 662 3541 lin.
694 3487 783 3541 44.
811 3491 876 3542 Ol
900 3488 968 3541 δὲ
996 3491 1301 3560 πελαργοί.
1335 3491 1590 3559 Basilius,
1624 3493 1772 3549 hom.
1795 3494 1828 3550 8
1860 3515 1873 3550 :

284 3577 380 3633 Τὸ
407 3579 463 3632 δὲ
485 3579 594 3632 τῶν
621 3580 909 3651 πελαργῶν
937 3583 1056 3636 οὐδὲ
1103 3583 1292 3655 πόρρω
1341 3585 1459 3638 ἐστὶ
1505 3585 1768 3651 συνέσεως
1793 3588 1880 3640 λο-

293 3670 492 3740 γικῆς,
522 3670 664 3724 οὕτω
705 3673 800 3742 μὲν
823 3673 963 3727 κατὰ
991 3673 1080 3726 τὸν
1106 3674 1198 3728 ἕνα
1237 3676 1425 3747 καιρὸν
1458 3677 1664 3742 πάντας
1693 3679 1880 3750 ἐπιδη-

299 3765 428 3834 μεῖν
458 3764 570 3825 τοῖς
610 3763 738 3834 τῇδε
786 3765 1026 3836 χωρίοις,
1053 3765 1194 3819 οὕτω
1235 3767 1292 3820 δὲ
1328 3769 1416 3837 ὑφ’
1459 3769 1540 3821 ἐν).
1581 3770 1878 3842 συνθήματι

298 3855 512 3919 πάντας
557 3855 829 3927 ἀπαίρειν.
892 3857 1254 3928 Δορυφοροῦσι
1309 3858 1364 3912 δέ
1408 3860 1604 3924 αὐτοὺς
1647 3862 1703 3914 αἱ
1753 3866 1879 3934 παρ’

300 3951 436 4022 ἡμῖν
475 3949 710 4021 κορῶναι
747 3949 841 4002 καὶ
867 3951 1346 4021 παραπέμπουσιν,
1380 3952 1729 4024 ἐμοὶδοκεῖν,
1788 3955 1882 4008 καὶ

301 4041 624 4114 συμμαχίαν
670 4041 792 4096 τινὰ
849 4042 1216 4114 παρεχόμεναι
1269 4044 1404 4117 πρὸς
1452 4045 1670 4118 ὄρνιθας
1725 4048 1883 4101 πολε-

303 4133 483 4204 μίους.
511 4133 742 4204 Σημεῖον
766 4132 823 4186 δὲ
855 4133 1068 4206 πρῶτον
1116 4134 1212 4206 μὲν
1246 4135 1306 4188 τὸ
1355 4135 1428 4207 μὴ
1468 4136 1748 4205 φαίνεσθαι
1777 4138 1882 4190 ὑπὸ

296 4226 394 4280 τὸν
431 4225 620 4297 καιρὸν
660 4227 864 4280 ἐκεῖνον
901 4225 1145 4301 κορώνην
1178 4227 1556 4282 παντάπασιν·
1596 4227 1764 4282 ἔπειθ’
1800 4229 1882 4282 ὅτι

302 4317 446 4388 μετὰ
488 4319 814 4390 τραυμάτων
868 4317 1292 4390 ἐπανερχόμεναι
1347 4319 1554 4390 ἐναργῆ
1606 4318 1699 4373 τοῦ
1759 4337 1882 4373 συν-

297 4409 578 4484 ασπισμοῦ
611 4412 705 4465 καὶ
735 4411 834 4482 τῆς
883 4409 1178 4481 ἐπιμαχίας
1215 4411 1284 4464 τὰ
1333 4415 1536 4484 σημεῖα
1574 4410 1875 4482 κομίζουσι.

1979 3223 2099 3277 cap.
2123 3208 2212 3262 25.
2238 3207 2374 3262 llinc
2391 3217 2577 3262 natum
2601 3209 2943 3278 proverbium
2961 3211 3398 3283 ἀντιπελαργεῖν,
3425 3229 3548 3267 mu-

1978 3305 2128 3350 tuam
2151 3296 2310 3351 ollicii
2341 3298 2514 3354 vicem
2547 3298 2866 3368 rependere.
2907 3299 3202 3364 Zenobius,
3255 3302 3544 3367 Erasmus,

1977 3387 2356 3453 Aristaenetus,
2398 3389 2494 3444 lib.
2521 3405 2560 3455 ι,
2593 3390 2755 3458 epist.
2791 3389 2883 3454 25,
2908 3391 2972 3443 Τί
3004 3392 3058 3445 δὲ
3088 3394 3188 3446 οὐκ
3209 3393 3428 3464 ἔμελλον
3458 3395 3550 3464 ζή-

1978 3480 2076 3552 λην
2112 3483 2234 3552 ἐμοὶ
2256 3481 2544 3553 καθορῶσα
2558 3483 2658 3553 τὴν
2691 3483 2828 3554 ἐμὴν
2855 3485 3108 3556 ἀδελφὴν,
3135 3486 3203 3556 ἢν
3222 3489 3342 3549 ταῖς
3385 3489 3546 3557 ἐμαῖς

1978 3575 2270 3644 ἀνέτρεφον
2297 3574 2564 3642 ἀγκάλαις
2591 3591 2606 3641 ;
2635 3576 2871 3631 Τοιαῦτά
2895 3596 2983 3648 μοι
3013 3578 3318 3648 παράὑτῆς
3343 3581 3412 3634 τὰ
3425 3597 3549 3651 τρο-

1979 3667 2281 3738 φεῖα,οὖτω
2309 3685 2374 3738 με
2398 3665 2493 3721 νῦν
2523 3669 2989 3742 ἀντιπελαργοῦσα
3014 3670 3228 3725 δικαίαν
3255 3673 3547 3726 ἀποδίδωσι

1978 3761 2155 3833 χάριν.
2183 3761 2246 3813 Ει.
2274 3762 2466 3816 Crates
2498 3762 2722 3832 cynicus
2755 3763 3003 3820 scribens
3038 3764 3381 3834 Hipparchiaa
3413 3781 3548 3820 uxo-

1979 3855 2024 3909 ri
2055 3855 2122 3908 de
2152 3853 2260 3908 lilio
2295 3862 2445 3918 nato,
2501 3855 2790 3924 pollicetur
2845 3856 2948 3911 sibi
3006 3871 3152 3912 cura:
3182 3857 3448 3922 futurum,
3487 3869 3548 3914 ut

1980 3946 2134 3999 illum
2158 3946 2320 3998 matri
2347 3945 2612 4000 ciconiam
2641 3961 2740 4017 pro
2763 3963 2896 4002 cane
2929 3949 3172 4004 remittat
3202 3951 3257 4004 in
3297 3960 3543 4008 senecta.

1980 4035 2161 4090 Horus
2207 4035 2475 4090 ciconiam
2507 4036 2677 4092 solam
2721 4053 2788 4092 ex
2815 4039 3182 4095 animantibus
3215 4042 3423 4096 ratione
3449 4058 3546 4096 ca-

1980 4126 2230 4182 rentibus
2267 4126 2554 4181 educatam
2594 4142 2624 4181 a
2665 4129 2983 4197 parentibus
3015 4130 3206 4186 iisdem
3235 4144 3418 4201 parem
3454 4148 3544 4188 re-

1981 4215 2123 4271 ferre
2139 4217 2366 4288 gratiam
2389 4216 2541 4271 dicit.
2559 4217 2905 4285 Aristoteles,
2929 4220 3157 4285 Plinius,
3179 4221 3273 4275 lib.
3297 4237 3351 4285 ι,
3373 4238 3422 4277 c.
3439 4223 3542 4285 50;

1982 4309 2253 4376 Elianus,
2285 4325 2339 4364 rx
2369 4309 2448 4366 De
2487 4311 2675 4364 histor.
2740 4311 2930 4378 anim.,
2983 4327 3106 4383 cap.
3155 4313 3258 4383 50;
3297 4314 3546 4385 Meropas

1981 4401 2123 4456 idem
2172 4400 2351 4456 facere
2411 4402 2679 4458 scribunt.
2723 4402 2987 4474 Scaliger,
3023 4403 3317 4459 Exercitat.
3361 4415 3548 4461 contra

294 4499 534 4566 Plinius,
565 4501 660 4556 lib.
690 4517 744 4565 ιι,
777 4514 894 4570 cap.
925 4499 989 4554 51
1028 4519 1042 4553 :
1080 4497 1307 4554 Ciconite
1338 4517 1564 4571 quonam
1590 4518 1618 4555 e
1653 4501 1764 4556 loco
1795 4518 1877 4555 ve-
1909 4508 1952 4563 1)
1979 4493 2306 4558 Cardanum,
2371 4496 2462 4559 25,
2535 4497 2600 4559 4,
2654 4495 2824 4551 refert
2878 4497 3195 4552 Africanum
3269 4499 3544 4553 vulturem

298 4587 476 4653 niant,
514 4597 605 4641 aut
642 4603 743 4658 quo
789 4605 843 4642 se
869 4587 1142 4656 conferant
1171 4588 1547 4659 incompertum
1573 4590 1743 4644 adhuc
1774 4600 1871 4645 est.

298 4676 354 4732 E
395 4677 677 4750 longinquo
707 4681 877 4734 venire
909 4695 1011 4733 non
1051 4678 1288 4748 dubium,
1343 4681 1524 4736 eodem
1568 4699 1668 4754 quo
1719 4699 1874 4753 grues

299 4771 500 4825 modo:
529 4771 652 4826 illas
690 4772 909 4836 hiemis,
958 4771 1053 4825 has
1098 4774 1298 4828 testatis
1342 4773 1590 4828 advenas.
1638 4775 1875 4829 Abiturus

299 4875 685 4935 congregantur
734 4866 788 4918 in
835 4866 946 4920 loco
1012 4872 1190 4930 certo,
1251 4867 1614 4936 comitataque
1668 4869 1764 4931 sic,
1817 4877 1875 4921 ut

300 4956 452 5011 nulla
496 4959 579 5012 sui
617 4959 819 5028 generis
849 4957 1206 5027 relinquatur,
1250 4959 1353 5012 nisi
1388 4961 1593 5026 captiva
1628 4969 1677 5013 et
1703 4977 1872 5025 serva,

299 5063 399 5101 ceu
415 5047 526 5118 lege
559 5049 814 5116 prwdicta
836 5048 919 5103 die
948 5047 1211 5103 recedunt.
1230 5053 1396 5104 Nemo
1415 5051 1542 5104 vidit
1563 5069 1744 5123 agmen
1759 5055 1874 5106 dis-

299 5139 592 5194 cedentium
617 5157 732 5194 cum
755 5141 1108 5197 discessurum
1143 5153 1395 5212 appareat
1418 5160 1435 5197 :
1456 5159 1548 5197 nec
1565 5145 1754 5209 venire,
1786 5145 1875 5199 sed

299 5231 502 5287 venisse
551 5233 847 5298 cernimus;
892 5244 1168 5305 utrumque
1219 5234 1489 5288 nocturnis
1530 5235 1592 5304 ﬁt
1636 5237 1877 5304 tempori-

299 5323 421 5377 bus.
454 5322 522 5377 Et
569 5325 990 5394 quamvis-ultra
1038 5329 1233 5380 citrave
1271 5327 1566 5396 pervolent,
1612 5344 1876 5397 nunquam

299 5428 482 5471 tamen
537 5417 805 5472 advenisse
856 5435 1078 5488 usquam
1127 5421 1232 5472 nisi
1279 5429 1435 5473 noctu
1482 5421 1873 5474 existimantur.

300 5507 558 5562 Pithonos
605 5525 788 5562 comen
838 5519 1023 5562 vocant
1057 5509 1110 5562 in
1147 5510 1280 5564 Asia
1323 5509 1620 5578 patentibus
1653 5510 1874 5579 campis,

299 5599 391 5653 ubi
417 5611 742 5671 congregata
771 5602 906 5655 inter
926 5619 982 5656 se
1015 5609 1488 5666 commurmurant,
1520 5617 1735 5671 eamque
1761 5617 1878 5671 qua:

301 5695 593 5749 novissima
625 5695 834 5751 advenit
862 5697 1116 5758 lacerant,
1149 5705 1301 5766 atque
1327 5697 1405 5750 ita
1434 5694 1642 5749 abeunt.
1683 5694 1874 5751 Petro-

304 5786 430 5843 nius
463 5789 682 5845 Arbiter
712 5789 795 5847 his
833 5790 1083 5860 epithetis
1118 5790 1193 5843 ita
1224 5804 1344 5844 eam
1373 5788 1625 5844 honestat
1656 5807 1668 5842 :

1978 4587 2164 4641 tandiu
2196 4588 2254 4642 in
2302 4587 2471 4658 Libya
2508 4598 2562 4642 et
2603 4587 2824 4643 Atlante
2878 4597 3064 4643 monte
3103 4589 3194 4644 ubi
3237 4604 3363 4645 eum
3406 4587 3546 4645 Sner

1974 4688 2195 4746 vocant,
2244 4682 2444 4747 vivere,
2480 4683 2660 4751 quoad
2700 4681 2880 4737 nudus
2931 4683 3178 4752 pennisa
3205 4683 3322 4738 suis
3368 4683 3547 4737 alatur

1976 4774 2162 4845 pullis.
2194 4772 2332 4828 llinc
2363 4775 2698 4845 lepidissime
2726 4767 2943 4842 iocatur
2991 4775 3046 4828 in
3085 4774 3325 4838 Graecos,
3385 4776 3546 4846 quasi

1975 4880 2040 4919 ex
2060 4865 2184 4929 hac,
2209 4880 2370 4935 quam
2399 4865 2514 4935 ipse
2545 4873 2704 4920 vocat
2737 4879 2932 4919 novam
2966 4865 3252 4921 historiam
3283 4881 3386 4921 nec
3415 4882 3550 4922 con-

1977 4957 2344 5018 temnendam.
2379 4956 2686 5026 tingendum
2714 4957 2784 5012 sit
2828 4957 2897 5011 iis
2928 4956 3073 5010 aliud
3120 4972 3339 5022 nomen,
3383 4974 3548 5028 quam

1977 5048 2410 5117 ἀντιπελαργεῖν,
2437 5062 2632 5116 nempe
2656 5047 2984 5100 ἀντοιωνεῖν.
3014 5045 3138 5101 Haec
3161 5057 3340 5102 tamen
3361 5055 3546 5100 tantus

1975 5139 2162 5200 homo,
2206 5137 2407 5194 Graecae
2439 5139 2638 5209 linguae
2665 5137 2978 5208 Latinaeque
3028 5149 3309 5195 corrector
3334 5148 3388 5193 et
3421 5152 3550 5207 pro-

1976 5238 2203 5300 pagator
2253 5229 2620 5302 ἀπορροιϐδεῖ,
2668 5231 2762 5284 καὶ
2814 5231 2993 5296 τοίους
3026 5233 3089 5285 ἐκ
3130 5231 3379 5303 τρίποδος
3403 5228 3546 5300 βδέει

1976 5321 2326 5386 λιδανωτούς,
2355 5331 2408 5376 et
2434 5323 2537 5377 sibi
2572 5323 2710 5379 bene
2737 5325 2884 5380 olere
2906 5325 3143 5380 videtur.
3160 5323 3369 5379 Nomen
3395 5322 3548 5376 Grae-

1979 5414 2060 5470 cis
2089 5413 2449 5485 cﬂingendum
2484 5431 2514 5470 a
2544 5418 2756 5473 vulture
2789 5417 3002 5474 desumi
3033 5417 3209 5481 debet,
3243 5415 3400 5485 cujus
3444 5427 3546 5467 na-

1980 5514 2102 5562 tura
2142 5507 2530 5580 ingeniumque
2589 5512 3025 5582 exprimendum,
3082 5525 3191 5564 non
3225 5509 3295 5564 ab
3329 5509 3546 5576 avibus,

1979 5617 2211 5671 quorum
2242 5603 2488 5673 plerique
2533 5603 2588 5657 in
2617 5611 2869 5674 parentes
2906 5603 3058 5672 impii
3089 5617 3213 5659 esse
3241 5600 3547 5673 deprehen-

1979 5691 2204 5748 duntur.
2230 5694 2366 5749 Cum
2391 5697 2534 5750 enim
2557 5695 2881 5752 sententiam
2910 5694 3051 5749 hanc
3072 5710 3184 5764 prae
3207 5710 3266 5752 se
3297 5693 3438 5750 ferre
3453 5693 3551 5748 de-

1977 5789 2126 5853 beat,
2147 5788 2297 5845 vices
2322 5789 2570 5848 vidclicet
2598 5789 2844 5845 beneﬁcii
2877 5787 3196 5859 rependere,
3225 5789 3372 5862 quod
3404 5789 3550 5844 aliti-
