4064 6290
595 359 702 415 905

1923 340 2166 399 LLONIS
2201 337 2475 396 ALLATII

3748 349 3866 404 90$

598 468 705 524 bus
733 467 985 523 omnibus
1014 479 1121 520 non
1160 461 1439 529 convenit,
1490 476 1601 517 non
1628 460 1696 515 ab
1723 458 1854 524 illis,
1891 454 1984 513 sed
2016 462 2158 514 a‘re.
2188 454 2234 508 A
2260 461 2502 521 pretatus
2529 460 2613 510 est
2639 455 2802 511 verba
2833 455 3018 513 Graeca
3046 455 3312 529 Georgius
3338 458 3521 515 Dousa
3557 458 3618 514 in
3653 457 3861 515 Geor-

599 561 671 617 de
695 558 872 631 quaid
901 556 1045 627 quod
1079 570 1176 626 per
1205 570 1404 610 nomen
1434 553 1739 624 explicatur
1764 548 1989 611 dicitur,
2022 555 2075 597 at
2094 542 2161 597 de

585 647 813 707 'vulture
852 650 905 705 id
933 657 1143 704 tantum
1196 661 1386 702 verum
1420 660 1574 713 esse;
1618 641 1892 714 quomodo
1920 652 2048 709 ergo
2076 636 2162 689 ἀν·

599 744 835 798 τοιωνεϊν
858 740 913 796 id
942 741 1259 812 explicaret.
1308 737 1413 795 Sed
1464 737 1743 807 Scaligero
1775 733 1918 791 sicut
1963 726 2157 786 sonant

599 835 802 897 omnia,
829 833 904 888 ita
936 839 990 888 et
1012 833 1148 901 hoc;
1191 840 1246 887 et
1279 830 1521 900 Scaliger
1554 829 1631 882 ita
1682 824 1902 896 etlingit.
1939 820 2161 876 Graecus

597 941 707 983 non
737 925 889 988 item,
911 923 1026 994 qui,
1052 924 1099 979 si
1125 938 1157 977 a
1188 923 1405 977 vulture
1428 919 1479 974 id
1508 919 1670 974 vellet
1695 917 1947 980 formare,
1973 911 2162 982 utique

598 1031 699 1071 nec
727 1016 1029 1086 incongrue
1074 1014 1280 1070 diceret
1336 1011 1728 1080 ἀντιγυπὶζειν,
1791 1016 1850 1063 ιιι
1909 1015 2159 1062 naturam

596 1106 739 1161 hanc
758 1105 992 1161 vulturis
1014 1105 1361 1175 exprimeret,
1398 1102 1543 1158 sicut
1560 1101 1628 1156 ad
1654 1101 1879 1156 ciconiae
1910 1105 2158 1150 naturam

594 1190 1003 1260 exprimendam
1048 1188 1459 1260 ἀντιπελαργεῖν
1499 1186 1764 1241 vocabulo
1791 1198 1926 1238 usus
1957 1180 2155 1235 fuerat.

594 1280 676 1335 En
707 1279 980 1335 Graeculos
999 1280 1220 1344 sciolos,
1238 1294 1378 1349 quos
1401 1286 1461 1332 tu
1490 1277 1629 1331 male
1662 1283 1853 1332 contra
1887 1273 1968 1326 l‘as
1989 1283 2155 1324 omne

595 1373 804 1429 laceras
833 1373 1075 1443 iniquus,
1129 1378 1252 1425 utut
1274 1378 1422 1434 sunt,
1449 1377 1572 1424 tuas
1594 1377 1773 1423 tamen
1795 1369 2156 1437 cognoscunt,

594 1476 652 1524 et
704 1469 975 1530 inscitias,
1007 1474 1062 1521 et
1110 1472 1477 1534 nugamenta:
1507 1463 1630 1519 aliis
1664 1461 1872 1515 fumum
1902 1455 2155 1522 vendita;

594 1559 673 1615 illi
698 1560 872 1615 lucem
898 1556 1199 1628 possident.

664 1650 835 1722 Egre
866 1650 973 1705 fert
1002 1650 1243 1703 calamus
1284 1646 1619 1700 ciconiarum
1648 1645 1703 1699 in
1744 1643 2032 1716 Byzantios
2064 1646 2158 1701 be-

598 1741 778 1796 ncﬁcii
819 1757 926 1795 non
980 1738 1344 1801 comminisci,
1381 1753 1610 1808 quarum
1658 1752 1758 1806 ope
1807 1738 1998 1792 civitas
2060 1739 2150 1792 illa

598 1785 778 1796 ..νη
819 1785 926 1795 ..νη
983 1785 1344 1801 νν..-.-.-..----,
1384 1785 1610 1808 ,ην----
1663 1785 1756 1806 -,--
1813 1785 1998 1792 ---πη
2062 1785 2150 1792 .-.-

596 1847 794 1886 noxam
828 1836 1140 1899 serpentum
1177 1827 1404 1899 depulit.
1451 1826 1637 1883 Dinmo
1670 1842 1906 1898 namque
1952 1827 2160 1900 Byzan-
2191 1785 2233 1839 Β

595 1923 798 1981 tiorum
829 1921 968 1977 duce
1006 1920 1224 1990 plurimi
1256 1920 1520 1975 dracones
1548 1919 1692 1972 illam
1724 1920 2071 1982 infestabant,
2106 1930 2158 1976 et

594 2014 886 2087 perniciem
918 2013 1129 2068 civibus
1157 2011 1478 2078 atl'erebant;
1506 2026 1600 2067 eos
1630 2010 1975 2066 inductarum
2011 2012 2158 2068 cico-

592 2105 807 2158 niarum
840 2116 943 2173 ope
966 2099 1323 2156 sustulerunt.
1348 2097 1540 2153 Postea
1568 2112 1691 2152 cum
1723 2098 1949 2151 ciconiaa
1981 2098 2157 2151 noxiae

591 2200 775 2249 essent
803 2190 1013 2245 civibus
1068 2187 1361 2258 multisque
1395 2195 1622 2242 mortem
1674 2187 1955 2251 afferrent,
2008 2188 2155 2257 quod

589 2290 870 2354 serpentes
905 2283 959 2337 in
985 2291 1178 2353 puteos
1201 2280 1510 2349 injicerent,
1528 2279 1717 2348 sicque
1745 2293 1916 2348 aquas
1939 2278 2158 2334 infesta-

589 2383 733 2436 rent,
783 2375 866 2430 vel
889 2371 1035 2445 quod
1064 2373 1118 2427 in
1149 2372 1297 2427 cives
1325 2371 1378 2425 in
1405 2369 1583 2426 triviis
1613 2369 1889 2440 insperato
1918 2370 2151 2440 projice-

590 2473 732 2531 rent,
764 2466 965 2536 populo
991 2472 1135 2517 metu
1154 2463 1340 2524 anxio.
1361 2468 1416 2517 et
1447 2460 1664 2516 concilii
1698 2460 1847 2530 inopi
1880 2478 2038 2531 opem
2064 2469 2153 2516 tu-

589 2557 651 2611 lit
678 2555 929 2628 Tyaneus
955 2553 1274 2622 Apollonius
1302 2551 1478 2607 tribus
1504 2550 1733 2607 ciconiis
1752 2566 1784 2606 e
1807 2551 1982 2620 lapide
2013 2551 2153 2606 inter

589 2663 652 2705 se
679 2645 929 2703 obversis
974 2643 1194 2708 erectis,
1227 2657 1349 2714 quae
1385 2641 1642 2713 deinceps
1676 2643 1799 2698 aliis
1827 2642 2054 2697 ciconiis
2086 2658 2153 2698 ne

589 2738 782 2793 urbem
813 2735 1174 2791 ascenderem
1204 2740 1361 2789 erant
1400 2733 1810 2803 impedimento.
1863 2732 2039 2803 Hujus
2064 2735 2152 2789 hi-

589 2829 776 2887 storiae
803 2834 994 2882 auctor
1023 2834 1108 2881 est
1132 2823 1433 2895 Hesychius
1464 2822 1708 2880 Milesius
1740 2825 1919 2880 libello
1950 2825 2025 2880 De
2067 2841 2152 2880 re-

590 2921 688 2975 bus
708 2919 897 2989 patriis
940 2916 1563 2985 Constantinopolitanis.
1591 2914 1766 2972 Verba
1816 2917 1936 2986 ejus
1968 2927 2099 2972 sunt
2130 2935 2145 2971 :

587 3009 799 3082 Μικρὸν
829 3008 927 3081 μὲν
970 3007 1196 3078 ὕστερον
1238 3006 1448 3070 διαϐὰς.
1484 3004 1704 3063 Dinzeus
1737 3022 1953 3077 nempe.
1980 3007 2037 3059 ἐν
2079 3008 2145 3078 τῇ

587 3100 765 3166 πόλει,
789 3101 884 3154 καὶ¹
904 3101 1030 3162 τοὺς
1049 3097 1355 3170 βαρϐάρους
1382 3090 1760 3169 ἀπωσάμενος,
1778 3097 1937 3161 αὐτὸς
1954 3100 2149 3169 ἐστρα-

586 3195 794 3264 τήγησε
823 3192 918 3245 τοῦ
950 3191 1120 3263 δήμου
1152 3189 1259 3244 τῶν
1295 3189 1620 3254 Βυζαντίων.
1657 3188 1795 3242 Καθ’
1821 3188 1914 3252 οὓς
1939 3188 2003 3261 δὴ
2029 3189 2152 3261 χρό-

586 3300 712 3348 νους
742 3283 838 3337 καὶ⁵
860 3282 1169 3354 δρακόντων
1194 3281 1420 3335 πλεῖστα
1441 3279 1573 3349 γένη
1606 3279 1930 3350 ὲπεφοίτησε
1950 3283 2016 3351 τῇ
2050 3280 2149 3332 πό-

583 3374 690 3441 λει,
721 3374 798 3438 ὡς
816 3374 942 3438 τοὺς
969 3372 1250 3436 οἰκοῦντας
1277 3372 1445 3443 αὐτὴν
1469 3370 1871 3442 διαφθείρεσθαι
1906 3388 1919 3402 ’
1968 3370 2061 3437 οὒς
2086 3371 2151 3442 δὴ

584 3466 653 3535 τῇ
685 3461 795 3516 τῶν
823 3461 1171 3534 καλουμένων
1203 3462 1491 3533 πελαργῶν
1517 3459 1746 3532 ὀρνίθων
1788 3462 2028 3533 ἐπιφορᾷ
2074 3462 2152 3515 δι-

582 3556 906 3628 εχρήσαντο,
941 3553 1290 3619 Ποσειδῶνος,
1318 3553 1562 3623 ῶςφασι,
1596 3554 2043 3625 συνεργήσαντος.
2073 3555 2148 3608 Οὐ

585 3646 726 3717 μετὰ
760 3645 894 3700 πολὺ
919 3644 977 3699 δὲ
1004 3646 1100 3699 καὶ
1129 3644 1238 3699 τῶν
1267 3643 1495 3717 ὀρνίθων
1529 3644 1711 3707 αὐτοῖς
1757 3643 1976 3698 ἐναντία
2018 3660 2149 3715 φρο-

580 3738 837 3803 νούντων,
892 3740 988 3794 καὶ
1040 3738 1287 3794 θανάτων
1339 3739 1517 3793 αἰτίαν
1547 3737 1880 3808 ἐπαγόντων,
1913 3736 2040 3800 τούς
2089 3755 2147 3791 τε

582 3830 975 3902 ἁλισκομένους
998 3831 1183 3895 αὐτοῖς
1200 3830 1351 3900 ὄφεις
1382 3829 1516 3901 πρὸς
1535 3828 1631 3895 τὰς
1647 3829 1754 3884 τῶν
1777 3829 1981 3884 ὑδάτων
1995 3829 2149 3895 δεξα-

582 3922 752 3995 μενὰς
801 3921 1208 3988 ἀκοντιζόντων,
1259 3923 1352 3976 καὶ
1407 3923 1520 3985 τοῖς
1543 3937 1609 3991 γε
1644 3920 1889 3984 πολίταις
1928 3920 2145 3991 ἀφανῶς

576 4015 997 4078 ἐπιϐαλλόντων,
1023 4015 1081 4067 ἐν
1102 4013 1311 4086 ἀφασίᾳ
1337 4014 1622 4068 διετέλουν.
1667 4012 1830 4085 Ἀνὴρ
1853 4012 1911 4067 δέ
1937 4031 2021 4077 τις
2042 4014 2146 4068 τῶν

579 4103 648 4156 ὲκ
658 4103 898 4168 Τυάνων,
914 4101 1150 4173 τοῦνομα
1164 4101 1535 4168 Ἀπολλώνιος,
1554 4104 1617 4157 ὲκ
1632 4102 1778 4156 λίθου
1795 4102 1980 4169 ξεστοῦ
2000 4106 2147 4174 τρεῖς

580 4195 913 4264 ἀνεστήσατο
939 4194 1242 4266 πελαργοὺς
1263 4192 1690 4265 ἀντιπροσώπως
1711 4193 1959 4264 ἀλλήλοις
1977 4194 2146 4264 ὁρῶν-

581 4302 704 4349 τας,
737 4285 785 4341 οἳ
817 4286 912 4339 καὶ
942 4285 1101 4356 μέχρι
1134 4284 1243 4337 τῶν
1273 4283 1369 4338 νῦν
1408 4284 1721 4356 διαμένουσι
1771 4284 1880 4339 τῶν
1914 4285 2141 4355 χρόνων,

579 4375 644 4428 οὺ
675 4373 1078 4446 συγχωροῦντες
1124 4371 1468 4443 ὲπιφοιτῆσαι
1522 4374 1589 4442 τῇ
1634 4372 1784 4426 πόλει
1820 4373 1881 4426 τὸ
1910 4372 2018 4427 τῶν
2057 4390 2147 4427 πε-

2263 541 2334 611 gii
2361 541 2549 597 Co‘dini
2578 544 2759 603 libello
2780 546 2859 602 De
2886 548 3038 624 rebus
3058 551 3250 619 patriis
3266 548 3857 620 Constantinopoleos,

2262 646 2385 686 cum
2413 634 2487 688 ita
2510 635 2828 706 scripserit:
2863 638 2986 693 Non
3015 641 3163 711 longe
3191 651 3329 709 post,
3359 657 3477 695 cum
3509 659 3637 697 aves
3666 644 3858 696 inimi-

2260 739 2378 777 cum
2404 728 2639 779 animum
2662 728 2975 795 induissent,
3000 742 3218 785 mortem
3247 734 3459 802 insuper
3472 734 3777 802 inferrent,
3807 744 3862 788 et

2261 823 2520 882 serpentes
2554 815 2608 869 in
2641 832 2780 887 aqua
2822 823 3001 888 captos
3034 821 3088 873 in
3116 822 3254 875 viam
3297 822 3566 890 publicam
3594 824 3860 895 projice-

2260 911 2394 966 rent,
2430 904 2565 957 cives
2587 912 2799 972 stupore
2827 907 3054 973 perculsi
3082 917 3254 963 erant.

2328 992 2489 1059 lbid.,
2522 992 2618 1048 lin.
2638 996 2725 1050 54.
2771 999 2841 1051 Αἱ
2881 996 2950 1051 δὲ
2984 997 3216 1069 γέρανοι
3246 999 3394 1069 ὁμοῦ
3423 1000 3639 1055 πᾶσαι.
3692 1000 3865 1059 Basi-

2259 1084 2387 1153 lius,
2433 1086 2579 1141 bom.
2616 1087 2679 1143 8:
2712 1090 2836 1153 Πῶς
2874 1091 2971 1161 μὲν
3005 1094 3059 1145 αί
3094 1093 3314 1165 γέρανοι
3343 1095 3441 1159 τὰς
3470 1097 3529 1150 ὲν
3568 1102 3642 1169 τῇ
3680 1101 3863 1152 νυκτὶ

2260 1178 2505 1247 φυλακὰς
2553 1182 2617 1233 ὲκ
2668 1183 3000 1254 περιτροπῆς
3029 1185 3417 1256 ·ὑποδέχονται;
3471 1189 3565 1241 καὶ
3615 1191 3683 1244 αἱ
3740 1190 3857 1261 μὲν

2258 1268 2626 1336 καθεύδουσιν,
2647 1273 2703 1324 αἱ
2729 1272 2784 1325 δὲ
2806 1272 2987 1345 κύκλῳ
3010 1276 3316 1345 περιῖοῦσαι
3346 1279 3523 1332 πᾶσαν
3545 1266 3758 1344 αὐταῖς
3784 1283 3855 1335 ἐν

2256 1359 2334 1431 τῷ
2362 1358 2517 1433 ὕπνῳ
2540 1363 2864 1434 παρέχονται
2890 1366 2987 1437 τὴν
3007 1367 3326 1435 ἀσφάλειαν.
3353 1367 3485 1424 Εἶτα
3502 1371 3598 1424 τοῦ
3628 1373 3849 1445 καιροῦ

2256 1451 2356 1522 τῆς
2401 1453 2645 1525 φυλακῆς
2699 1455 3100 1527 πληρουμένου,
3153 1460 3185 1530 ή
3250 1459 3350 1530 μὲν
3386 1460 3634 1532 βοήσασα
3698 1465 3846 1534 πρὸς

2259 1539 2423 1597 ὕπνον
2453 1546 2741 1615 ἐτράπετο,
2773 1550 2805 1618 ὴ
2834 1547 2890 1600 δὲ
2912 1547 3009 1619 τὴν
3040 1549 3288 1621 διαδοχὴν
3323 1551 3729 1626 ὑποδεξαμένη,
3771 1552 3843 1628 ἧς

2259 1629 2446 1703 ἔτυχεν
2470 1634 2764 1704 ἀσφαλείας
2779 1635 3074 1691 ἀντέδωκεν
3099 1640 3157 1693 ὲν
3188 1639 3265 1709 τῷ
3295 1640 3468 1711 μέρει.
3496 1643 3728 1714 Ταύτην
3744 1644 3840 1697 καὶ

2264 1724 2320 1775 ὲν
2344 1726 2410 1795 τῇ
2429 1726 2625 1796 πτήσει
2642 1726 2738 1797 τὴν
2761 1728 3009 1793 εὐταξίαν
3038 1728 3280 1798 κατόψει.
3311 1730 3529 1785 ’Δλλοτε
3560 1734 3679 1804 γὰρ
3694 1734 3833 1804 ἄλλη

2263 1815 2361 1884 τὴν
2390 1816 2609 1887 ὁδηγίαν
2635 1819 2935 1890 ἐκδέχεται,
2969 1821 3061 1874 καὶ
3095 1824 3292 1877 τακτόν
3315 1841 3434 1878 τινα
3463 1825 3658 1896 χρόνον
3689 1843 3833 1896 προ-

2264 1902 2686 1977 καθηγησαμένη
2712 1906 2811 1976 τῆς
2842 1908 3110 1980 πτήσεως,
3145 1911 3226 1974 είς
3255 1912 3314 1966 τὸ
3346 1914 3573 1967 κατόπιν
3606 1916 3834 1986 περιελ-

2265 1993 2431 2048 θοῦσα
2467 1998 2530 2067 τῇ
2557 1995 2675 2067 μεθ’
2698 1998 2866 2069 αὐτὴν
2898 2001 2995 2069 τὴν
3021 2002 3315 2073 ἠγεμονίαν
3336 2005 3433 2075 τῆς
3457 2005 3577 2059 ὁδοῦ
3603 2008 3833 2079 παραδί-

2261 2082 2445 2139 δωσιν.
2480 2083 2689 2141 Similia
2724 2090 2915 2143 scribit
2946 2091 3288 2159 Aristoteles,
3337 2094 3431 2149 lib.
3480 2112 3533 2149 Ix
3565 2095 3646 2150 De
3691 2097 3824 2154 hist.

2262 2175 2451 2241 anim.,
2482 2191 2602 2247 cap.
2630 2179 2729 2247 i0;
2758 2178 2990 2246 Plinius,
3019 2183 3115 2239 lib.
3146 2200 3202 2251 ιι,
3234 2198 3353 2256 cap.
3382 2185 3490 2254 25;
3534 2185 3711 2254 Phile,
3758 2192 3818 2246 in

2262 2267 2495 2334 lambis;
2523 2269 2791 2337 Elianus,
2825 2274 2921 2329 lib.
2958 2290 2997 2328 ιι
3027 2274 3104 2330 De
3125 2276 3248 2332 hist.
3280 2278 3470 2343 anim.,
3501 2296 3625 2350 cap.
3661 2282 3711 2336 1.

2329 2359 2448 2415 Col.
2483 2361 2604 2429 755,
2641 2363 2738 2417 lin.
2777 2365 2827 2420 i.
2890 2366 2993 2420 Ἐν
3020 2365 3088 2420 δὲ
3116 2367 3197 2433 τῷ
3224 2369 3557 2424 καθεύδειν.
3582 2370 3817 2438 Plinius,

2258 2449 2353 2506 lib.
2383 2468 2442 2519 ι,
2470 2467 2590 2524 cap.
2639 2453 2742 2521 23;
2795 2455 3143 2524 Plutarchus,
3192 2458 3272 2514 De
3324 2460 3507 2515 solert.
3570 2465 3818 2531 animal;

2258 2541 2462 2607 Horus,
2488 2543 2586 2600 lib.
2615 2560 2676 2611 ιι,
2708 2561 2830 2617 cap.
2859 2546 2964 2615 94;
3014 2549 3359 2616 Aristoteles,
3391 2553 3488 2607 lib.
3521 2570 3599 2616 Ix,
3626 2555 3706 2610 De
3734 2557 3817 2611 Ιιὶ-

2257 2643 2389 2690 stor.
2446 2637 2693 2701 animal.,
2753 2654 2875 2709 cap.
2938 2639 3039 2708 i0;
3084 2640 3381 2711 Gregorius
3417 2644 3817 2719 Nazianlenus,

2255 2736 2397 2781 orat.
2428 2727 2483 2792 2,
2516 2729 2583 2785 de
2636 2729 2967 2800 Theologia;
3002 2731 3279 2802 Elianus,
3318 2739 3411 2793 lib.
3451 2754 3536 2805 ιιι,
3581 2741 3661 2797 De
3690 2736 3815 2798 bist.

2257 2822 2445 2889 anim.,
2479 2836 2600 2893 cap.
2634 2823 2732 2889 1'5;
2764 2823 3032 2883 Maximus
3054 2827 3273 2899 Tyrius,
3299 2840 3440 2888 orat.
3466 2833 3571 2901 40;
3601 2834 3815 2905 Cicero,

2256 2926 2295 2965 ιι
2330 2910 2402 2965 De
2430 2921 2625 2966 natura
2675 2912 2936 2980 deorum;
2983 2915 3227 2982 Solinus,
3257 2919 3506 2979 Andreas
3551 2926 3813 2992 Alciatus,

2254 3002 2349 3058 lib.
2384 3002 2741 3075 rl’arergon.,
2772 3021 2894 3077 cap.
2924 3008 3016 3072 20,
3048 3010 3141 3080 qui
3176 3021 3289 3066 tum
3316 3012 3385 3068 de
3420 3030 3618 3085 gruum
3652 3032 3817 3073 excu-

2254 3097 2380 3162 biis,
2432 3104 2546 3151 tum
2597 3098 2778 3153 volatu
2812 3108 3073 3157 tractant.
3104 3103 3169 3158 Et
3196 3104 3579 3173 Cassiodorus,
3601 3109 3697 3164 lib.
3731 3126 3810 3175 ix,

2251 3187 2411 3258 epist.
2444 3187 2480 3241 2
2510 3207 2523 3241 :
2562 3186 2725 3244 Grues
2749 3192 3001 3246 moralem
3033 3205 3283 3249 noverunt
3319 3213 3550 3252 exercere
3585 3216 3806 3254 concor-

2251 3281 2396 3333 diam
2426 3296 2445 3337 :
2473 3282 2609 3335 inter
2644 3300 2775 3353 quas
2827 3284 3005 3341 nullus
3065 3288 3321 3355 primatus
3361 3292 3641 3360 queritur;
3670 3294 3798 3362 quia

2251 3370 2546 3441 iniquitatis
2576 3372 2805 3428 ambitus
2828 3391 2933 3430 non
2980 3376 3219 3433 habetur.
3276 3376 3491 3445 Vigilant
3530 3379 3781 3447 vicissim,

2252 3464 2513 3517 communi
2544 3481 2599 3518 se
2625 3466 2833 3521 cautela
2865 3466 3187 3533 custodiunt,
3214 3469 3312 3536 ipse
3330 3477 3507 3537 pastus
3549 3470 3783 3526 alternus

2249 3561 2346 3608 est.
2379 3551 2468 3608 Sic
2495 3553 2663 3608 honor
2684 3556 2846 3611 nullis
2870 3557 3146 3624 adimitur,
3179 3557 3297 3610 dum
3331 3558 3501 3612 omnia
3532 3560 3625 3613 sub
3659 3577 3794 3614 como

2250 3644 2493 3699 munione
2520 3656 2811 3704 servantur.
2839 3648 2884 3701 ΙΙ
2892 3649 2935 3702 is
2958 3649 3117 3702 etiam
3144 3648 3345 3703 volatus
3364 3649 3559 3703 vicaria
3585 3652 3799 3720 a’quali-

2251 3743 2356 3789 tate
2384 3735 2702 3804 disponitur,
2747 3740 2940 3793 ultima
2966 3741 3029 3808 ﬁt
3064 3741 3259 3809 prima,
3302 3749 3352 3795 et
3380 3756 3493 3811 qua:
3523 3741 3801 3808 primatum

2248 3828 2415 3881 tenuit
2436 3845 2548 3883 esse
2571 3830 2829 3899 posterior
2856 3848 2959 3884 non
2990 3840 3214 3888 recusat.
3261 3831 3350 3886 Sic
3376 3832 3610 3902 quadam
3668 3849 3801 3887 com-

2248 3918 2492 3973 munione
2534 3920 2750 3974 sociata:
2772 3918 2873 3973 sibi
2910 3921 3022 3974 sine
3054 3921 3259 3991 regibus
3292 3921 3667 3992 obsequuntur,
3699 3923 3803 3976 sine

2247 4006 2521 4063 dominatu
2545 4019 2752 4079 parent,
2778 4011 2889 4064 sine
2917 4021 3113 4066 terrore
3158 4012 3512 4080 famulantur.
3556 4013 3804 4067 Volunta-

2246 4099 2342 4153 ria:
2388 4098 2655 4153 serviendo
2713 4099 2892 4154 libera:
2930 4110 3075 4167 sunt,
3111 4111 3160 4155 et
3191 4103 3410 4156 invicem
3442 4120 3499 4158 se
3545 4103 3802 4174 diligendo

2245 4191 2573 4245 muniuntur.
2592 4190 2831 4255 Quarum
2853 4207 3028 4246 rerum
3055 4193 3357 4260 scriptores,
3395 4210 3573 4247 rerum
3596 4205 3805 4248 natura-

2245 4278 2374 4332 lium
2403 4289 2725 4348 contuentes,
2774 4282 3015 4351 politiam
3047 4283 3432 4354 quodammodo
3484 4286 3619 4339 inter
3673 4287 3803 4354 ipsas

2245 4385 2356 4424 esse
2386 4386 2814 4440 commemorant,
2833 4392 2963 4443 quas
2980 4377 3140 4431 civica
3168 4377 3357 4445 affectu
3380 4377 3542 4431 vicere
3563 4394 3805 4447 cognove-

582 4463 801 4535 λαργῶν
850 4463 1027 4533 γένος.
1070 4461 1202 4529 Quae
1233 4476 1515 4532 perperam
1544 4461 1702 4515 aliter
1730 4458 1923 4515 Latine
1970 4461 2142 4515 inter-
2174 4477 2220 4536 υ
2247 4468 2390 4515 runt.
2443 4461 2598 4527 Quod
2651 4471 2831 4518 autem
2887 4466 3041 4519 multi
3086 4472 3311 4519 narrant
3356 4465 3423 4521 de
3458 4466 3658 4535 lapide,
3703 4482 3805 4536 quo

584 4565 793 4626 pretata
826 4562 973 4620 sunt,
1019 4568 1144 4608 cum
1177 4552 1459 4609 sententiae
1515 4550 1758 4606 auctoris
1803 4550 2006 4607 Grtecze
2036 4551 2140 4608 La-

583 4649 698 4701 tina
727 4659 837 4699 non
865 4642 1252 4713 respondeant.
1284 4639 1405 4696 Non
1436 4641 1582 4697 enim
1616 4641 1842 4698 ciconia:
1875 4659 1942 4698 ex
1982 4646 2140 4714 aquis

581 4734 942 4791 extrahebant
992 4740 1293 4805 serpentes,
1350 4747 1489 4802 quos
1545 4732 1601 4787 in
1638 4732 1844 4804 plateas
1896 4733 2141 4803 publicas

581 4827 939 4901 proiicerent;
978 4826 1075 4882 sed
1104 4825 1331 4881 ciconiae
1366 4824 1611 4879 sublatos
1671 4824 1974 4893 s‘erpentes,
2016 4839 2142 4895 par-

582 4920 682 4975 tim
711 4920 766 4974 in
795 4928 1011 4989 puteos,
1044 4918 1160 4973 sive
1190 4917 1461 4972 cisternas
1498 4912 1878 4977 demittebant,
1906 4931 2138 4986 quorum

581 5025 792 5067 veneno
822 5024 976 5079 aqu1e
1004 5008 1410 5073 inliciebantur,
1446 5006 1678 5076 ideoque
1703 5005 1915 5062 civibus
1947 5007 2141 5062 biben-

580 5103 727 5159 tibus
750 5102 946 5165 uoxize,
977 5101 1061 5156 vel
1087 5101 1276 5155 saltem
1300 5109 1570 5171 suspectae
1595 5097 1982 5166 reddebantur,
2014 5115 2140 5170 par-

580 5198 677 5251 tim
713 5209 878 5265 super
895 5194 1042 5264 ipsos
1073 5193 1218 5248 cives
1243 5192 1389 5247 aliud
1415 5199 1663 5263 agentes,
1694 5191 1780 5246 vel
1815 5192 1984 5248 rebus
2014 5192 2137 5246 aliis

581 5288 636 5342 in
681 5288 858 5343 triviis
908 5293 962 5341 et
1001 5285 1196 5355 plateis
1245 5284 1476 5354 publicis
1530 5283 1907 5340 incumbentes
1943 5293 2136 5353 praeter

582 5395 754 5450 spem,
790 5391 844 5434 et
865 5379 1146 5448 absqueeo
1172 5374 1316 5445 quod
1348 5374 1450 5443 ipsi
1484 5373 1534 5427 id
1557 5374 1938 5441 odorarcntur,
1964 5376 2140 5445 conji-

558 5470 815 5539 ciebant.
838 5467 1018 5535 Quare
1043 5467 1192 5520 cives
1223 5470 1277 5518 et
1322 5470 1467 5517 metu
1508 5464 1754 5532 periculi,
1806 5474 1861 5519 et
1915 5467 2137 5521 remedii

582 5559 777 5629 ignari,
796 5559 1050 5615 maximis
1066 5556 1397 5627 urgebantur
1419 5555 1706 5622 angustiis.
1731 5556 1903 5610 Simili
1929 5573 2134 5619 errore,

582 5660 634 5702 et
661 5651 776 5719 pari
814 5651 1095 5707 sententia:
1120 5647 1458 5720 ignoratione
1480 5645 1534 5701 in
1575 5646 1842 5703 similibus
1871 5650 2052 5713 verbis
2083 5659 2138 5704 ct

585 5739 775 5794 eadem
810 5743 1058 5809 materia,
1087 5739 1334 5813 quamvis
1366 5737 1424 5793 in
1467 5744 1685 5794 auctore
1708 5737 1922 5796 diverso
1955 5741 2128 5796 inter-

2243 4564 2407 4617 grues
2448 4560 2707 4623 tanquam
2762 4552 3077 4608 l‘ulcimento
3123 4563 3372 4618 utuntur,
3420 4554 3550 4608 dum
3601 4555 3801 4617 volant,

2244 4639 2440 4696 falsum
2496 4658 2618 4700 esse
2656 4644 2790 4700 dicit
2835 4645 3176 4712 Aristoteles,
3240 4645 3336 4700 lib.
3385 4661 3505 4708 VIII,
3558 4643 3637 4698 De
3680 4645 3800 4697 Itist.

2245 4737 2431 4800 anim.,
2462 4752 2583 4807 cap.
2616 4735 2714 4792 {2:
2750 4735 2852 4790 Sed
2889 4738 3063 4790 avium
3085 4754 3259 4809 grues,
3301 4746 3357 4789 ut
3384 4737 3583 4789 dictum
3610 4745 3710 4798 est,
3738 4751 3805 4789 ex

2242 4828 2443 4882 ultimis
2468 4829 2520 4882 in
2540 4829 2734 4883 ultima
2762 4828 2974 4895 abeunt,
3011 4830 3189 4883 volant
3217 4830 3351 4898 ﬂatu
3373 4828 3623 4883 secundo.
3654 4827 3805 4894 Quod

2241 4918 2304 4973 de
2330 4918 2504 4989 lapide
2539 4927 2782 4984 narrant,
2828 4917 3023 4987 falsum
3057 4928 3155 4979 est,
3184 4919 3407 4987 lapidem
3440 4920 3581 4972 enim
3609 4935 3703 4970 eas
3730 4928 3803 4971 te-

2241 5028 2361 5065 nere
2391 5011 2716 5081 fulcimento,
2752 5026 2902 5081 quem
2927 5010 3018 5063 ubi
3044 5010 3317 5075 deciderit,
3350 5011 3520 5078 accipi
3539 5009 3725 5063 utilem
3741 5008 3804 5061 ad

2242 5103 2734 5173 auriprobationem
2766 5103 2938 5154 aiunt.
2981 5101 3168 5172 Neque
3205 5103 3424 5159 silentio
3469 5110 3804 5172 praetereun-

2241 5194 2367 5249 dum
2430 5192 2575 5264 quod
2621 5191 2798 5248 Julius
2835 5190 3081 5263 Scaliger
3125 5193 3178 5248 in
3231 5192 3459 5246 Poeticis
3493 5194 3548 5247 in
3585 5189 3802 5248 Graecos

2242 5284 2642 5340 animadvertit.
2682 5282 2943 5338 Fabulam
2966 5300 3088 5340 esse
3114 5285 3423 5355 graeculam,
3457 5300 3581 5353 (tua:
3608 5282 3802 5339 Home-

2239 5390 2336 5429 rus
2362 5372 2530 5429 relert
2554 5372 2622 5427 de
2660 5387 2854 5443 gruum
2905 5388 3028 5427 cum
3083 5375 3341 5445 pygmaiis
3395 5388 3598 5444 pugna.
3649 5372 3800 5439 Quod

2230 5466 2362 5522 cum
2415 5474 2561 5520 esset
2605 5463 2976 5529 Homericum,
3007 5467 3076 5520 ab
3121 5466 3353 5521 Homero
3390 5465 3621 5531 dictum,
3670 5466 3800 5520 nihil

2240 5557 2437 5612 mirum
2482 5557 2526 5611 si
2556 5573 2662 5612 non
2707 5556 2911 5612 arridet
2937 5556 3231 5628 Scaligero.
3265 5557 3401 5612 Illud
3432 5559 3633 5613 mirum
3661 5573 3798 5629 quo-

2239 5648 2401 5703 modo
2433 5649 2512 5703 illi
2550 5664 2659 5703 non
2683 5647 2948 5712 arriserit,
2988 5649 3127 5703 idem
3161 5648 3463 5706 aﬂirmante
3486 5650 3798 5705 Aristotele.

2239 5738 2338 5794 llic
2367 5754 2621 5809 namque,
2677 5738 2770 5792 lib.
2807 5755 2904 5794 vm
2955 5740 3029 5793 De
3065 5741 3189 5795 Itist.
3225 5743 3413 5801 anim..
3456 5758 3577 5803 cap.
3620 5741 3683 5797 12
3713 5740 3794 5796 vel
