4064 6290
211 363 341 423 905
1412 375 1478 431 IN
1513 373 1858 431 EUSTATHI

1957 375 2394 432 IEXAEMERON
2428 371 2658 433 ΝὈΤΑς.
3422 378 3527 435 906

219 483 325 549 15,
349 491 425 540 ιιι
453 487 598 543 vult
649 487 909 561 Scaliger,
953 491 1027 545 ita
1060 490 1272 555 scribit,
1316 490 1469 543 Ἐστι
1525 489 1583 543 δὲ
1625 492 1649 542 ὁ
1693 490 1856 555 τόπος

1958 492 2137 560 pluvia
2176 494 2366 547 divino
2400 494 2632 564 quodam
2663 494 2885 549 numine
2923 506 3087 548 canes
3136 492 3425 551 latratibus
3455 496 3534 550 ci-

215 569 402 643 οὖτος
425 580 585 652 περὶ
620 581 682 636 ὃν
716 583 764 636 οἱ
793 583 1061 655 Πυγμαῖοι
1097 581 1460 637 κατοικοῦσιν.
1482 583 1557 635 Οὐ
1590 583 1698 650 γάρ
1742 584 1856 637 ἐστι

1958 594 2051 635 ves
2086 580 2199 649 jam
2261 597 2454 636 somno
2501 582 2709 653 sopitos
2764 581 3109 649 excitarunt;
3162 583 3362 652 quibus
3406 599 3531 638 cum

220 670 409 724 τοῦτο
448 672 667 744 μῦθος,
695 674 808 728 ἀλλ’
834 675 950 730 ἔστι
976 676 1115 729 κατὰ
1134 676 1233 747 τὴν
1264 672 1521 745 ἀλήθειαν
1540 713 1558 739 ,
1585 674 1742 743 γένος
1770 692 1858 746 μι-

1958 671 2256 741 lampades,
2292 690 2388 728 seu
2420 674 2594 730 nubes
2625 688 2866 729 accensae
2890 673 3186 742 periculum
3213 674 3326 742 jam
3354 675 3527 728 i‘mmi-

221 761 378 835 κρδν
421 764 542 836 μὲν
587 764 780 839 ὥσπερ
831 766 1066 836 λέγεται,
1109 767 1204 821 καὶ
1248 767 1401 821 αὐτοὶ
1451 767 1544 821 καὶ
1595 767 1644 820 οί
1675 767 1852 830 ἵπποι,

1960 776 2095 818 nens
2140 763 2509 819 ostendissent
2555 765 2720 819 alacri
2748 765 2929 817 animo
2958 764 3171 818 hostem
3216 763 3283 818 ab
3320 764 3408 818 illa
3440 781 3531 819 ur-

226 855 654 926 τρωγλοδύται
682 858 726 911 δ’
748 860 858 912 εἰσὶ
878 858 969 912 τὸν
997 858 1127 929 βίον.
1158 859 1403 925 Quorum
1432 873 1495 913 ea
1522 868 1606 913 est
1639 864 1858 914 sentcn-

1957 855 2043 911 bis
2097 856 2379 912 obsidione
2419 858 2752 928 repulerunt.
2790 857 3079 912 Hesichius
3122 856 3386 921 Milesius,
3433 858 3526 914 lib.

225 947 339 1011 tia,
378 947 449 1004 1's
479 949 765 1016 locusest,
796 967 948 1022 quem
976 951 1200 1023 pygmtei
1227 948 1508 1004 habitant:
1536 965 1695 1019 neque
1717 950 1855 1003 enim
1957 942 2037 998 De
2083 943 2235 999 rebus
2281 947 2467 1014 patriis
2520 945 3118 1017 Constantinopolitanis
3159 963 3177 1001 :
3225 948 3340 1017 Ἐφ’
3364 944 3531 1022 οὗπερ

225 1040 341 1096 hoc
410 1042 626 1112 fabula
655 1052 756 1110 est,
804 1043 895 1099 sed
926 1053 1004 1098 est
1052 1042 1337 1099 secundum
1365 1044 1654 1107 ueritatem,
1698 1058 1857 1112 genus

1957 1035 2216 1102 Φίλιππος
2267 1041 2296 1091 ὁ
2346 1038 2454 1092 τῶν
2501 1040 2827 1094 Μακεδόνων
2879 1040 3153 1111 βασιλεὺς,
3193 1042 3224 1092 ὁ
3271 1040 3528 1111 Ἀμύντου

227 1134 554 1203 pusillum,
575 1144 637 1190 ut
664 1134 895 1190 traditur
918 1144 969 1190 et
996 1135 1118 1204 ipsi,
1147 1145 1197 1189 et
1225 1136 1361 1206 equi,
1387 1144 1437 1187 et
1466 1144 1523 1186 ut
1551 1134 1858 1205 troglodyta:

1958 1129 2086 1192 παῖς
2117 1128 2373 1197 γεγονὼς,
2407 1130 2605 1204 πολλὴν
2642 1134 2980 1204 ἐπαγόμενος
3010 1135 3236 1206 δύναμιν
3282 1134 3530 1205 ἐπολιόρ-

235 1227 460 1298 reliqui
505 1229 683 1284 uitam
713 1227 925 1298 degunt.
960 1222 1170 1291 Quibus
1225 1224 1409 1280 verbis
1453 1222 1583 1294 quid
1626 1221 1857 1277 manife-

1959 1235 2044 1272 κει
2072 1220 2171 1292 τὴν
2205 1222 2376 1287 πόλιν,
2410 1222 2627 1295 διώρυξι
2671 1242 2731 1278 τε
2771 1227 2865 1280 καὶ
2908 1230 3178 1291 παντοίοις
3220 1227 3531 1299 πολεμικοῖς

238 1320 404 1377 stius
421 1321 451 1375 ?
468 1328 650 1394 negat
681 1333 805 1376 esse
831 1316 1091 1385 fabulam,
1122 1316 1413 1372 conﬁrmat
1440 1314 1741 1370 secundum
1767 1329 1858 1368 ve-

1962 1313 2319 1384 μηχανήμασι
2360 1318 2473 1379 τοῖς
2510 1317 2713 1387 τείχεσι
2750 1318 3159 1389 προσ-πελάζων.
3207 1320 3318 1373 Καὶ
3367 1320 3431 1392 δὴ
3468 1321 3532 1374 ἂν

242 1412 499 1468 ritatem
556 1412 632 1467 ita
667 1424 725 1465 se
778 1407 997 1475 habere,
1055 1407 1203 1479 quod
1240 1407 1402 1491 vulgo
1454 1404 1855 1471 circumfertur,

244 1520 586 1578 pygmzeos,
613 1517 914 1573 eorumque
941 1516 1113 1572 equos
1146 1500 1374 1570 pusillos
1393 1512 1535 1555 esse.
1573 1497 1856 1564 Quomodo

246 1612 400 1669 ergo
427 1596 663 1653 fabula?
682 1596 794 1661 Ait,
822 1593 1208 1664 philosophum
1240 1606 1455 1660 semper
1495 1589 1855 1655 moderatum,

247 1698 312 1744 et
344 1688 698 1760 prudentem
726 1684 866 1742 illud
908 1684 1185 1742 addidisse
1211 1682 1401 1755 ὥσπερ
1429 1680 1668 1750 λέγεται.
1697 1680 1858 1738 Certe

250 1793 368 1835 nec
385 1778 713 1835 Aristotelis
734 1783 971 1832 mentem
989 1790 1090 1831 nec
1105 1773 1432 1830 sententiam
1448 1778 1735 1828 assecutus
1752 1777 1856 1829 est.

1956 1403 2162 1475 ταύτην
2213 1404 2380 1470 ἐξεῖλε
2426 1408 2615 1472 νυκτὸς
2664 1408 3050 1479 ἐπιλαϐόμενος
3095 1411 3352 1482 ἀσελήνου
3380 1450 3394 1477 ,
3440 1413 3532 1466 καὶ

1958 1493 2165 1568 ὄμϐρου
2214 1500 2656 1570 καταρραγέντος
2705 1500 2965 1565 ἐξαισίου,
3018 1505 3066 1555 εἱ
3114 1504 3186 1574 μή
3233 1521 3316 1567 τις
3351 1505 3533 1567 αὐτοῖς

1959 1587 2055 1641 τοῦ
2092 1588 2235 1642 θείου
2267 1591 2454 1660 γεγόνε
2488 1591 2772 1663 συμμαχία
2798 1592 2923 1656 τοὺς
2963 1593 3104 1647 κατὰ
3130 1596 3228 1668 τὴν
3255 1595 3405 1649 πόλιν
3434 1595 3524 1650 κύι

1958 1700 2055 1747 νας
2083 1682 2218 1756 πρὸς
2249 1683 2451 1756 ὑλακὴν
2490 1685 2886 1758 ἀναστήσαντος
2907 1727 2920 1751 ,
2964 1688 3057 1740 καὶ
3089 1688 3314 1757 νεφέλας
3364 1689 3534 1759 πυρὸς

1960 1780 2074 1840 τοῖς
2127 1777 2394 1849 ὰρκτῴοις
2448 1780 2816 1847 ἐπαγαγόντος
2853 1780 3106 1852 μέρεσινο
3154 1780 3213 1847 ἐξ
3256 1776 3424 1853 οὗπερ
3480 1784 3528 1834 οἱ

249 1869 534 1942 Namque
557 1870 693 1926 illud
716 1868 905 1941 ὥσπερ
927 1866 1166 1936 λέγεται,
1197 1873 1252 1923 et
1280 1879 1390 1920 una
1411 1879 1623 1920 mecum
1648 1862 1858 1920 Aristo-

1959 1867 2120 1941 δῆμοι
2147 1869 2531 1943 διεγερθέντες,
2558 1873 2651 1925 καὶ
2693 1872 2907 1942 θερμῶς
2941 1875 3054 1936 τοῖς
3093 1871 3370 1945 πολεμίοις
3411 1891 3533 1928 συν-

254 1962 394 2019 telis
416 1963 616 2028 verba,
645 1961 833 2029 lector,
857 1958 1164 2023 considera,
1198 1972 1309 2014 non
1339 1955 1573 2012 refertur
1604 1954 1669 2010 ad
1707 1954 1861 2010 fabu-

254 2053 398 2121 lam,
454 2054 625 2125 quasi
665 2052 797 2110 velit
852 2051 1174 2108 Aristoteles
1238 2063 1609 2121 pygmteorum
1656 2045 1860 2101 famam

256 2161 380 2201 non
411 2161 548 2203 esse
580 2145 817 2203 fabulam
847 2143 1035 2216 ὥσπερ
1082 2142 1321 2210 λέγεται,
1361 2139 1459 2196 sed
1482 2138 1549 2194 ad
1589 2153 1860 2212 pygmaos

254 2240 450 2309 ipsos,
479 2239 580 2313 qui
613 2247 673 2296 ut
688 2241 968 2305 dicuntur,
997 2237 1197 2308 pusillo
1217 2243 1346 2292 sunt
1373 2250 1593 2306 genere,
1618 2249 1744 2290 cum
1763 2249 1860 2291 eos

260 2330 617 2390 Aristoteles
640 2348 751 2389 non
779 2330 993 2387 viderit.
1043 2328 1151 2386 Sed
1196 2329 1321 2385 vide
1359 2330 1652 2400 pessimam
1685 2327 1862 2383 hami-

259 2423 362 2478 nis
398 2424 720 2491 audaciam,
749 2432 913 2495 atque
932 2422 1318 2488 temeritatem,
1353 2421 1409 2477 in
1449 2437 1549 2478 sua
1594 2423 1861 2492 interpre-

262 2514 498 2570 tatione
526 2514 720 2569 Latina
738 2514 924 2571 omisit
948 2529 1071 2586 quae
1093 2519 1287 2569 contra
1319 2527 1379 2569 se
1406 2513 1646 2568 militare
1664 2510 1858 2568 existi-

264 2604 495 2669 mabat,
528 2614 585 2661 et
604 2605 858 2674 reddidit,
900 2604 985 2661 Ea
1018 2605 1135 2661 loca
1166 2614 1288 2660 sunt
1314 2620 1431 2676 qua:
1455 2606 1677 2676 pygmtei
1715 2607 1859 2658 inco—

267 2696 399 2751 lunt
432 2711 453 2751 .'
488 2698 744 2767 pusillum
803 2715 990 2770 genus,
1035 2708 1095 2753 ut
1132 2699 1282 2753 aiunt
1313 2697 1439 2768 ipsi,
1490 2707 1649 2768 atque
1697 2696 1859 2750 etiam

266 2790 446 2860 equi:
478 2807 831 2863 cavernasque
884 2792 1143 2848 habitant.
1203 2790 1403 2848 Haecne
1439 2797 1543 2856 est,
1592 2787 1857 2861 Scaliger,

270 2897 437 2948 vera,
474 2881 599 2951 fida,
625 2891 680 2939 et
705 2898 871 2955 quam
905 2884 962 2939 in
990 2884 1113 2941 aliis
1139 2897 1251 2940 non
1278 2881 1727 2956 reprehenderes,
1774 2881 1859 2936 in—

272 2976 643 3046 terpretatio?
683 2975 946 3034 Omittere
995 2992 1116 3049 qua
1141 2983 1331 3033 contra
1364 2984 1515 3032 tuam
1547 2976 1857 3046 opinionem

275 3062 536 3122 faciunt?
558 3066 723 3123 verba
749 3066 844 3122 illa
867 3066 929 3120 οὐ
948 3068 1060 3139 γάρ
1088 3068 1204 3122 ἐστι
1221 3068 1379 3123 τοῦτο
1406 3066 1594 3140 μῦθος,
1612 3066 1724 3120 ἀλλ’
1743 3065 1858 3121 ἔστι

276 3157 432 3211 κατὰ
481 3157 580 3230 τὴν
624 3157 902 3231 ἀλήθειαν,
945 3157 1117 3216 Sorex
1158 3161 1450 3233 quispiam,
1508 3166 1568 3215 ut
1595 3165 1747 3231 puto,
1790 3174 1856 3215 ex

274 3255 380 3306 tuo
402 3250 705 3322 exemplari
732 3252 922 3318 erosit,
952 3252 1040 3309 cui
1060 3269 1130 3309 ne
1161 3252 1407 3326 ingratus
1428 3252 1574 3309 vices
1594 3251 1856 3323 repende-

273 3357 393 3410 res,
436 3343 555 3400 haec
586 3352 683 3401 tua
713 3345 894 3417 qualia
940 3346 1124 3416 qualia
1179 3354 1308 3403 sunt
1356 3346 1538 3418 potius
1579 3344 1857 3401 erodenda

272 3436 629 3494 committere
655 3436 910 3495 debuisti.
945 3437 1053 3496 Sed
1077 3453 1140 3495 ea
1162 3446 1385 3494 manent
1404 3438 1591 3509 pejora
1621 3435 1754 3492 fata.
1780 3436 1858 3493 ite

275 3543 434 3601 nunc
456 3528 656 3600 quibus
680 3536 871 3587 tantus
894 3529 1058 3588 homo
1080 3532 1216 3587 deus
1240 3538 1344 3597 est,
1362 3536 1418 3586 et
1445 3530 1565 3601 ejus
1589 3530 1857 3600 interpre-

275 3620 612 3688 tationibus,
642 3636 707 3678 ac
733 3623 1020 3680 sententiis
1049 3631 1286 3680 mentem
1315 3622 1522 3679 innate.
1552 3622 1657 3679 Sed
1683 3622 1753 3679 de
1773 3622 1859 3677 his

278 3713 458 3769 latius
490 3726 715 3785 agemus
735 3715 793 3770 in
824 3725 1013 3771 nostro
1035 3713 1272 3772 Homero
1295 3730 1325 3770 a
1356 3713 1646 3770 calumniis
1676 3713 1858 3770 vindi-

284 3812 438 3860 cato.

356 3895 527 3964 lbid.,
574 3896 673 3951 lin.
726 3896 780 3951 6.
844 3897 913 3952 rs
964 3897 1032 3953 δὲ
1083 3896 1284 3970 mror
1336 3897 1531 3970 γένος.
1595 3896 1853 3965 Basilius,

285 3989 439 4045 hom.
466 3988 519 4056 8,
554 3988 677 4054 Πῶς
721 3989 997 4062 ἄγρυπνον
1042 3990 1105 4044 τὸ
1149 3988 1259 4043 τῶν
1300 3990 1482 4061 γηνῶν
1538 3989 1716 4058 γένος,
1763 3992 1858 4044 καὶ

286 4076 428 4152 πρὸς
448 4079 546 4152 τὴν
566 4080 674 4134 τῶν
697 4079 1067 4135 λανθανόντων
1094 4078 1347 4150 αἴσθησιν
1383 4078 1664 4145 ὀξύτατον.
1701 4079 1768 4133 Οἵ
1793 4079 1859 4148 γέ

287 4187 422 4225 ⁴ποτε
454 4171 549 4225 καὶ
591 4169 689 4242 τὴν
737 4168 982 4242 βασιλίδα
1020 4169 1174 4224 πόλιν
1219 4167 1645 4242 περιεσώσαντο,
1709 4168 1861 4221 πολε-

292 4262 450 4336 μίους
478 4263 627 4328 τινὰς
649 4265 891 4335 ἀφανεῖς,
923 4264 967 4318 δ’
991 4263 1278 4336 ὑπονόμων
1320 4261 1544 4332 ἀφανῶν
1592 4260 1691 4333 ἥδη
1735 4260 1860 4332 μέλ-

284 4356 480 4420 λοντας
517 4357 616 4429 τὴν
642 4357 818 4429 ἄκραν
847 4357 948 4428 τῆς
982 4354 1172 4430 ῥώμης
1199 4353 1640 4427 καταλαμϐάνειν
1688 4369 1858 4407 κατα-

293 4447 646 4522 μηνύσαντες.
666 4451 734 4506 Et
754 4449 984 4516 Plinius,
1012 4450 1108 4505 lib.
1140 4466 1196 4515 ι,
1228 4465 1350 4520 cap.
1385 4447 1477 4514 22,
1510 4445 1610 4501 Est
1629 4455 1679 4501 et
1703 4461 1860 4501 anse-

1962 1958 2292 2030 ενεχθέντες,
2330 1961 2428 2034 ἤδη
2463 1962 2561 2034 τὴν
2598 1962 2748 2016 πόλιν
2779 1963 2883 2016 ὑπὸ
2914 1964 2992 2035 τῷ
3019 1965 3268 2036 Φιλίππῳ
3303 1966 3531 2036 γενομέο

1967 2066 2065 2121 νην
2092 2050 2369 2122 ἐρύσαντο.

2031 2141 2189 2206 Ibid.,
2222 2142 2313 2197 lin.
2345 2142 2398 2197 9.
2434 2144 2513 2196 Δι’
2556 2146 2874 2214 ὑπονόμων
2918 2146 3290 2201 ύποδύντων.
3324 2147 3532 2213 Livius,

1962 2233 2056 2290 lib.
2098 2251 2146 2300 v,
2205 2234 2395 2290 scribit
2450 2233 2634 2294 Gallos
2687 2238 3052 2291 animadverso
3108 2239 3177 2292 ad
3236 2238 3533 2294 Carmentis

1961 2342 2149 2380 saxum
2194 2344 2411 2382 ascensu
2457 2344 2627 2398 aequo,
2686 2338 2833 2382 nocte
2891 2328 3147 2384 sublustri
3194 2347 3311 2384 cum
3362 2333 3533 2401 primo

1959 2417 2229 2486 inermem,
2256 2419 2347 2490 qui
2375 2429 2594 2474 tentaret
2632 2421 2768 2474 viam
2796 2422 3179 2491 prwmisissent
3201 2462 3216 2487 ,
3270 2425 3534 2479 tradentes

1961 2508 2080 2564 inde
2109 2526 2284 2575 arma,
2315 2510 2407 2565 ubi
2432 2510 2559 2582 quid
2595 2512 2761 2584 iniqui
2783 2520 2935 2577 esset,
2967 2512 3161 2567 alterni
3185 2513 3380 2580 innixi,
3411 2516 3534 2570 sub-

1959 2600 2287 2673 leoantesque
2314 2602 2552 2669 invicem,
2582 2614 2633 2658 et
2668 2604 2929 2659 trahentes
2971 2603 3067 2657 alii
3095 2604 3227 2658 alios
3257 2615 3413 2674 prout
3439 2622 3535 2676 po-

1959 2692 2183 2748 stularet
2216 2694 2380 2759 locus,
2412 2695 2468 2748 in
2500 2711 2767 2750 summum
2812 2696 3058 2750 evasisse.
3103 2694 3168 2750 Et
3206 2694 3534 2752 Plutarchus

1960 2783 2186 2841 Camillo
2213 2800 2232 2839 :
2258 2786 2394 2859 Περὶ
2424 2786 2592 2859 μέσας
2630 2786 2830 2852 νύκτας
2875 2787 3163 2851 ἐπιϐάντες
3190 2788 3307 2860 ἅμα
3350 2788 3534 2842 πολλοὶ

1957 2876 2057 2947 τῆς
2093 2875 2294 2947 πέτρας
2318 2874 2557 2948 ἐχώρουν
2584 2876 2696 2931 ἄνω
2732 2877 2868 2946 μετὰ
2904 2877 3151 2948 σιωπῆς;
3184 2874 3410 2935 Servius
3446 2888 3531 2933 ta-

1960 2982 2105 3036 men,
2133 2985 2231 3024 vm
2259 2967 2517 3025 xEneidos
2561 2970 2620 3026 in
2660 2969 2834 3026 illud:

2030 3082 2172 3137 Galli
2198 3097 2290 3153 per
2317 3081 2504 3138 dumos
2536 3083 2798 3167 aderant,_
2812 3100 3084 3155 arcemque
3118 3084 3462 3155 triumphant,

1883 3213 1925 3270 ο
1960 3197 2077 3253 haec
2103 3199 2327 3254 adnotat
2357 3217 2371 3252 :
2407 3196 2610 3261 Gallos,
2641 3198 2738 3250 alii
2771 3211 2862 3265 per
2890 3195 3105 3252 dumeta
3135 3209 3185 3252 et
3215 3214 3353 3253 saxa
3384 3215 3532 3268 aspe-

1956 3305 2041 3353 ra,
2071 3290 2167 3344 alii
2192 3305 2284 3359 per
2308 3288 2599 3350 cuniculos,
2632 3286 2809 3339 dicunt
2838 3296 3053 3341 conatos
3087 3302 3200 3341 esse
3232 3288 3529 3343 ascendere.

2026 3381 2188 3446 Ibid.,
2218 3381 2314 3435 lin.
2345 3381 2429 3436 15.
2457 3377 2716 3434 Ἀλκυὼν
2747 3379 2878 3432 ἐστι
2906 3377 3242 3433 θαλάττιον.
3275 3379 3528 3440 Basilius.

1957 3473 2104 3527 hom.
2133 3472 2167 3526 8
2201 3490 2214 3526 :
2259 3469 2495 3526 ’Δλκυών
2525 3472 2641 3524 ἐστι
2674 3469 2955 3524 θαλάττιον
2991 3468 3194 3541 ὄρνεον.
3226 3470 3373 3543 Alter;
3401 3472 3528 3542 παρ’

1957 3562 2153 3626 αὐτοὺς
2179 3563 2452 3617 νοσσεύειν
2477 3562 2603 3626 τοὺς
2639 3561 2916 3630 αἰγιαλοὺς
2947 3561 3207 3631 πέφυκεν,
3246 3563 3334 3615 ἐπ’
3363 3563 3529 3634 αὐτῆς

1956 3654 2025 3708 τὰ
2068 3654 2150 3708 ὠά
2190 3655 2289 3725 τῆς
2319 3653 2547 3725 ψάμμου
2580 3652 2924 3725 καταθεμένη
2946 3669 2960 3683 ο
2994 3653 3089 3706 καὶ
3115 3652 3356 3706 νοσσεύει
3390 3655 3530 3709 κατὰ

1962 3745 2123 3817 μέσον
2172 3762 2273 3800 που
2312 3745 2404 3799 τὸν
2457 3743 2703 3815 χειμῶνα
2726 3782 2741 3809 ,
2789 3744 2879 3796 ὅτε
2936 3743 3148 3808 πολλοῖς
3195 3745 3288 3798 καὶ
3339 3744 3532 3815 βιαίοις

1956 3837 2178 3910 ἀνέμοις
2205 3839 2239 3910 ἡ
2266 3836 2504 3891 θάλαττα
2529 3839 2595 3909 τῇ
2619 3838 2689 3908 γῇ
2722 3836 3182 3908 προσαράσσεται.
3222 3836 3359 3890 Ἀλλ’
3385 3837 3532 3908 ὅμως

1958 3930 2292 4002 κοιμίζονται
2327 3930 2425 4000 μὲν
2453 3929 2653 3993 πάντες
2698 3928 2926 3999 ἄνεμοι,
2974 3928 3235 4000 ἡσυχάζει
3281 3930 3340 3983 δὲ
3382 3930 3532 4002 κῦμα

1958 4021 2259 4089 θαλάττιον,
2303 4024 2428 4076 ὅταν
2460 4020 2674 4076 ἁλκυὼν
2711 4021 2934 4095 ἐπωὰζῃ
2977 4020 3075 4085 τὰς
3124 4020 3264 4074 ἐπτὰ
3299 4022 3529 4095 ἡμέρας.

1971 4116 2057 4169 Ἑν
2083 4116 2371 4180 τοσαύταις
2405 4115 2512 4187 γάρ
2542 4115 2732 4188 μόναις
2775 4115 3049 4180 ἐκλεπίζει
3098 4116 3225 4179 τοὺς
3266 4116 3530 4181 νεοττούς.

1970 4208 2120 4261 Ἐπεὶ
2146 4207 2202 4260 δὲ
2228 4209 2321 4263 καὶ
2348 4209 2553 4280 τροφῆς
2584 4209 2768 4271 αὐτοῖς
2795 4207 2973 4279 χρεία,
3009 4206 3173 4271 ἄλλας
3214 4203 3355 4259 ἑπτὰ
3398 4206 3532 4278 πρὸς

1956 4300 2054 4372 τὴν
2103 4297 2211 4353 τῶν
2251 4299 2478 4353 νεοττῶν
2530 4298 2758 4368 αὔξησιν
2798 4301 2828 4351 ὁ
2877 4297 3246 4370 μεγαλόδωρος
3284 4297 3417 4362 Θεὸς
3454 4298 3533 4369 τῷ

1961 4392 2270 4464 μικροτάτῳ
2301 4391 2423 4463 ζώῳ
2448 4390 2771 4462 παρέσχετο.
2809 4389 2906 4447 llis
2938 4389 3116 4445 aliinia
3144 4390 3308 4445 tradit
3337 4388 3532 4446 Petrus

1961 4481 2276 4545 Damianus,
2327 4482 2422 4535 lib.
2479 4497 2537 4547 ιι,
2587 4482 2746 4550 epist.
2789 4481 2895 4547 18;
2947 4481 3225 4552 alcyonem
3271 4479 3533 4536 describit

290 4539 340 4592 ri
364 4539 488 4611 vigil
516 4556 677 4607 cura;
700 4548 754 4597 et
782 4540 1046 4608 Isidorus,
1085 4541 1182 4596 lib.
1206 4556 1304 4608 xu,
1339 4555 1461 4612 cap.
1487 4540 1540 4606 7,
1572 4537 1685 4594 Iste
1716 4539 1850 4609 vigi-

1957 4572 2187 4638 Plinius,
2230 4537 2325 4628 Ii’b.
2370 4588 2424 4640 Χ,
2467 4537 2591 4643 (κιρ.
2620 4537 2693 4627 52
2723 4592 2733 4626 :
2768 4537 2898 4641 Ipsa
2953 4537 3062 4627 auis
3103 4571 3262 4642 paulo
3308 4571 3535 4642 amplior

288 4631 394 4686 lias
418 4634 585 4688 noctis
615 4632 928 4690 assiduitate
951 4634 1217 4706 clangoris
1243 4641 1494 4688 testatur.

355 4721 516 4787 Ibid.,
562 4724 658 4779 lin.
719 4725 772 4781 8.
822 4725 984 4780 Οὕτω
1027 4726 1175 4796 γοῦν
1219 4725 1538 4796 πολεμίων.
1590 4721 1855 4792 Isidorus,

288 4818 410 4874 loco
443 4818 589 4873 dicto
617 4836 631 4873 :
665 4816 889 4874 Nullum
917 4829 1093 4874 autem
1120 4819 1323 4877 animal
1350 4822 1428 4874 ita
1453 4818 1665 4874 odorem
1690 4819 1858 4874 homi-

287 4913 370 4967 nis
393 4913 548 4967 sentit
579 4923 638 4966 ut
674 4929 871 4969 anser:
910 4913 1049 4968 unde
1074 4921 1124 4967 et
1162 4913 1406 4983 clangore
1436 4912 1549 4981 ejus
1582 4909 1857 4966 Gallorum

287 5023 532 5063 ascensus
565 5008 619 5061 in
642 5005 903 5078 Capitolio
932 5005 1276 5076 deprehensus
1301 5012 1399 5059 est.
1431 5002 1671 5059 Meminit
1694 5002 1858 5074 hujus

287 5098 528 5154 historias
557 5096 787 5166 Plinius,
817 5097 913 5151 lib.
944 5112 1001 5164 ι,
1030 5110 1150 5166 cap.
1200 5094 1292 5158 22,
1324 5100 1379 5150 et
1424 5093 1519 5148 lib.
1553 5108 1706 5158 xstx,
1737 5109 1855 5165 cap.

284 5190 337 5256 5,
371 5205 585 5246 necnon
613 5190 776 5246 etiam
817 5189 1064 5253 honoris,
1091 5201 1254 5258 quem
1284 5200 1554 5250 meruere,
1582 5188 1856 5256 quomodo

285 5289 466 5336 autem
496 5281 549 5337 id
583 5280 843 5337 acciderit
873 5286 1058 5335 narrat
1095 5277 1370 5345 Elianus,
1401 5276 1478 5330 De
1517 5276 1703 5331 histor.
1739 5278 1859 5329 ani-

284 5370 414 5426 mal.
471 5371 566 5427 lib.
614 5386 712 5432 m,
762 5372 927 5443 capit.
974 5371 1063 5426 55.
1110 5368 1348 5424 Consule
1387 5365 1600 5422 Livium
1630 5374 1686 5421 et
1710 5367 1859 5433 alios

283 5467 544 5524 Romana:
591 5466 834 5523 historiae
877 5466 1192 5536 scriptores.
1229 5461 1339 5519 Nec
1367 5460 1620 5518 dissimili
1649 5462 1861 5518 ratione

281 5574 450 5616 canes
468 5569 760 5616 servarunt
784 5557 1057 5629 iuniorem
1079 5553 1332 5617 Romam,
1357 5560 1489 5607 tunc
1514 5538 1855 5623 szantium.

283 5650 420 5706 Dum
451 5651 597 5707 enim
637 5650 941 5721 Philippus,
976 5645 1147 5717 copiis
1195 5644 1445 5702 adductis
1489 5643 1723 5714 aliisque
1768 5640 1860 5695 in-

278 5742 602 5801 sti-umentis
630 5740 862 5808 bellicis,
896 5739 1168 5797 mmnibus
1210 5738 1521 5792 immineret
1561 5742 1617 5791 et
1643 5741 1857 5790 tantum

277 5841 673 5905 noncepisset,
726 5832 785 5888 in
825 5839 978 5888 tanto
1017 5829 1281 5902 periculo,
1333 5836 1495 5887 nocte
1550 5826 1746 5894 illumi,
1797 5832 1855 5880 οδ

553 5930 828 5995 Parnm.
860 5928 976 5991 Gn.
1003 5925 1230 5989 XVIII.

1956 4684 2187 4738 passere,
2233 4668 2408 4724 colore
2442 4685 2672 4739 cyanea,
2726 4684 2793 4729 ea;
2841 4677 2991 4738 parte
3046 4666 3245 4734 majore
3269 4705 3286 4732 ,
3331 4677 3538 4723 tantum

1955 4762 2230 4831 purpureis
2270 4770 2319 4815 et
2361 4760 2602 4816 candidis
2653 4759 2898 4813 admistis
2941 4758 3144 4826 pennis,
3172 4757 3308 4812 collo
3345 4760 3536 4829 gracili

1959 4868 2021 4906 ac
2063 4868 2296 4921 procero.
2342 4851 2474 4918 Quae
2524 4853 2706 4907 omnia
2763 4850 2952 4905 habuit
3000 4866 3066 4905 ex
3113 4850 3427 4918 Aristotele,
3459 4850 3538 4905 De

1958 4944 2146 4999 histor.
2190 4945 2411 4999 animal.
2443 4945 2537 4999 lib.
2572 4961 2626 5008 ν,
2659 4959 2779 5013 cap.
2817 4943 2873 5001 8.
2903 4951 2957 4997 et
3001 4942 3095 4997 lib.
3151 4958 3228 5007 Ix,
3276 4959 3399 5015 cap.
3447 4944 3534 4999 14.

1961 5034 2136 5107 Hujus
2170 5038 2306 5101 avis,
2355 5052 2476 5104 quae
2527 5036 2805 5091 rarissima
2849 5034 3082 5099 videtur,
3120 5044 3180 5089 ut
3215 5035 3536 5091 Aristoteles

1960 5137 2015 5183 et
2038 5127 2248 5183 Plinius
2283 5126 2545 5190 referunt,
2573 5125 2871 5181 meminere
2898 5124 3168 5183 Pacuvius
3199 5128 3255 5181 in
3294 5127 3492 5181 Teucro
3516 5143 3534 5179 :

1962 5239 2279 5296 Flexanima
2314 5249 2565 5310 tanquam
2595 5239 2869 5310 lymphata
2894 5249 2944 5294 et
2974 5239 3170 5295 Bacchi
3201 5241 3370 5294 sacris

1959 5311 2255 5377 Commota,
2293 5312 2348 5365 in
2387 5311 2604 5365 tumulis
2660 5310 2916 5364 Teucrum
2961 5326 3294 5366 commorans
3334 5325 3530 5375 meum,

1960 5382 2211 5453 Alcyonis
2239 5383 2345 5437 ritu
2374 5382 2521 5436 littus
2543 5382 2816 5449 peruolans
2845 5382 3007 5452 feror.

1959 5495 2184 5552 Plautus
2212 5495 2269 5550 in
2299 5494 2560 5551 Pseudolo
2594 5511 2613 5549 :

1958 5609 2103 5679 lam,
2131 5609 2334 5666 hercle!
2358 5620 2413 5666 tu
2432 5610 2635 5680 peristi,
2667 5612 2773 5666 nisi
2800 5609 2951 5666 illam
2981 5608 3109 5663 mihi
3133 5618 3242 5663 tam
3269 5611 3531 5682 tranquil-

2496 5750 2523 5752 ”
2826 5750 2865 5752 η
2952 5749 2961 5752 _
3044 5748 3053 5752 _
3152 5679 3287 5752 [lam
3325 5681 3461 5751 facis

3199 5697 3287 5733 ant
3326 5697 3461 5736 ηπηε

1961 5751 2136 5823 Quam
2171 5768 2316 5809 mare
2340 5759 2419 5808 est
2452 5750 2599 5818 olim,
2638 5766 2756 5806 cum
2795 5750 2867 5805 ibi
2908 5748 3091 5807 alcedo
3137 5748 3335 5898 ῥαιιοῖ
3359 5753 3533 5808 educit

3318 5841 3464 5881 suos.

3318 5841 3464 5881 suos.

3181 5919 3261 5981 29
