4064 6290
327 274 441 327 909

1451 275 1520 330 lN
1559 275 1930 355 EUSTATllll
1970 279 2445 337 ιιεχΑειιειιοιι
2475 276 2705 338 Noras.

3451 291 3554 345 910

326 405 540 462 χοντος,
595 389 732 445 ἐπὰν
786 392 1009 464 πλησίον
1048 394 1132 466 ῐδῃ
1187 395 1371 467 ἐτέρου
1420 394 1671 467 πέρδικος
1709 397 1887 451 καλιὰι

2002 407 2094 452 aut
2149 401 2372 469 pavonis
2417 403 2591 455 cauda
2646 416 2755 455 non
2807 402 3071 473 dignosci,
3111 404 3181 458 ob
3237 404 3554 460 continuum

327 484 582 547 νεοττοὺς
609 483 855 553 ἔχουσαν,
886 485 1223 549 ἀποπτάντος
1248 485 1342 538 τοῦ
1377 488 1578 557 πατρὸς
1601 487 1779 541 αὐτῶν
1807 490 1901 543 ἐπὶ

326 577 433 647 τὴν
458 575 645 646 νομὴν,
666 574 996 646 μιμούμενος
1018 576 1112 646 τὴν
1126 575 1219 629 τοῦ
1236 574 1513 645 ἀλλοτρίου
1535 578 1715 651 φωνὴν
1735 596 1901 651 προσ-

329 665 579 719 καλεῖται
629 666 764 736 πρὸς
804 665 991 719 ἑαυτὸν
1037 667 1161 730 τοὺς
1196 665 1457 730 νεοττούς.
1490 668 1551 720 Oi
1588 666 1645 720 δὲ
1670 671 1894 735 νεοσσοὶ,

328 759 653 830 νομίσαντες
688 758 779 811 τὸν
807 758 936 812 ίδιον
963 757 1139 811 αὐτῶν
1173 757 1435 828 ὑπάρχειν
1469 759 1697 830 πατέρα,
1733 774 1898 830 προσ-

328 851 617 922 τρέχουσιν
673 849 838 920 αὐτῷ.
887 851 943 904 ’0
980 850 1037 903 δὲ
1083 851 1349 922 ὲγγαυριᾷ
1386 850 1443 901 ὲν
1472 849 1766 922 ἀλλοτρίοις
1804 850 1896 903 τέ-

330 958 486 1005 κνοις
520 940 594 1004 ὡς
633 940 801 1004 ἰδίοις.
843 939 1114 1003 Ἐλθόντος
1153 940 1209 993 δὲ
1248 940 1342 994 τοῦ
1382 941 1513 995 ἰδίου
1546 941 1769 1013 πατρὸς,
1804 942 1897 995 καὶ

334 1031 649 1103 βοήσαντος,
691 1031 788 1103 τὴν
843 1030 975 1085 ἰδίαν
1012 1032 1193 1102 φωνὴν
1228 1033 1539 1100 ἐπιγνόντες
1566 1034 1616 1086 οἱ
1649 1033 1892 1098 νεοσσοὶ,

333 1123 725 1187 καταλιπόντες
748 1123 837 1177 τὸν
860 1122 1029 1185 νόθον,
1050 1124 1183 1194 πρὸς
1200 1123 1290 1177 τὸν
1320 1124 1449 1178 ἴδιον
1478 1126 1689 1197 πατέρα
1710 1125 1897 1196 πορεύ-

333 1232 506 1270 ονται.
530 1214 593 1269 Et
611 1214 1022 1286 Olympiodorus
1046 1233 1060 1270 :
1088 1216 1149 1268 '0
1175 1215 1380 1287 πέρδιξ,
1408 1215 1483 1280 ὥς
1506 1234 1685 1286 φασιν,
1722 1218 1888 1287 ὑπερ-

330 1309 542 1379 ήφανος
557 1306 651 1372 ὢν,
668 1307 754 1361 διὰ
770 1308 866 1376 τῆς
882 1308 1064 1378 φωνῆς
1092 1311 1218 1372 τοὺς
1245 1311 1551 1382 ἀλλοτρίους
1578 1309 1896 1382 προσκαλεί-

328 1416 424 1451 ται
451 1398 692 1462 νεοττούς
715 1416 729 1431 ⁸
764 1401 970 1463 Οῖτινες
996 1400 1214 1469 γνόντες
1242 1400 1486 1474 ὕστερον,
1517 1404 1598 1456 δτι
1630 1402 1729 1455 οὐκ
1757 1402 1894 1455 εἰσὶν

329 1487 518 1553 αὐτοῦ,
571 1488 1064 1560 καταλιμπάνουσιν
1121 1489 1302 1546 αὐτόν.
1351 1490 1773 1562 Chrysostomus
1836 1488 1893 1543 in

328 1580 580 1634 eumdem
604 1580 800 1635 locum.
826 1579 1162 1645 Perdicibus,
1193 1582 1366 1645 aiunt,
1399 1581 1503 1635 hoc
1531 1596 1653 1636 esse
1686 1580 1742 1634 in
1787 1595 1891 1635 usu

211 1724 218 1731 ,
329 1677 457 1739 post
481 1684 704 1725 ovorum
733 1671 1101 1727 exclusionem
1124 1672 1301 1741 pullos
1334 1671 1572 1727 clamore
1598 1671 1885 1736 advocare,

329 1763 507 1832 iisque
534 1771 757 1818 matrem
796 1764 1027 1833 privare.
1055 1764 1236 1828 Ἔθος,
1267 1764 1397 1834 φησὶ
1414 1764 1554 1835 (lego
1566 1761 1739 1833 φασὶ),
1762 1760 1888 1827 τοὺς
1919 1754 1960 1809 Β

329 1853 610 1926 πέρδικας,
643 1854 779 1927 μετὰ
820 1856 880 1908 τὸ
918 1856 1281 1928 ἀωτεχθῆναι
1310 1855 1416 1910 τῶν
1441 1855 1563 1910 ὠῶν
1588 1857 1714 1920 τοὺς
1740 1872 1889 1908 νεοτ-

326 1946 454 2010 τοὺς
479 1950 544 2018 τῇ
579 1950 727 2020 φωνῇ
768 1948 1208 2018 προσκαλεῖσθαι,
1254 1950 1348 2003 καὶ
1393 1948 1632 2019 γυμνοῦν
1672 1948 1769 2021 τὴν
1799 1965 1890 2001 τε·

327 2041 427 2095 κοῦ
436 2059 530 2094 σαν
537 2083 550 2095 .

397 2133 557 2202 lbid.,
585 2135 685 2189 lin.
715 2134 805 2189 26.
836 2134 1074 2205 Λάγνον
1113 2135 1152 2202 ἠ
1196 2134 1532 2203 περιστερά.
1568 2132 1682 2189 Mas
1719 2132 1885 2198 enim,

328 2236 390 2283 ut
435 2229 599 2284 tradit
629 2228 827 2296 Horus,
862 2229 951 2284 ubi
999 2229 1276 2285 robustior
1303 2229 1539 2285 evaserit
1559 2244 1626 2284 ex
1658 2242 1886 2283 consor-

329 2320 407 2373 tio
435 2321 642 2383 matris,
664 2329 870 2391 patrem
901 2321 1140 2391 expellit,
1164 2319 1352 2389 sicque
1376 2321 1425 2376 ei
1459 2319 1738 2375 connubio
1759 2319 1890 2388 jun-

328 2411 491 2479 gitur.
539 2411 597 2464 '0
624 2412 731 2483 γὰρ
759 2404 967 2484 ἄρσην,
988 2414 1329 2485 ἰσχυρότερος
1363 2411 1670 2482 γενόμενος,
1704 2409 1887 2465 διώκει

329 2501 423 2555 τὸν
457 2501 645 2556 ἑαυτοῦ
679 2504 887 2576 πατέρα
910 2505 1018 2559 ἀπὸ
1044 2506 1143 2576 τῆς
1178 2505 1401 2576 μητρὸς,
1420 2504 1514 2557 καὶ
1540 2503 1711 2567 οὕτως
1750 2504 1885 2575 αὐτῇ

331 2594 469 2665 πρὸς
516 2594 690 2664 γάμον
752 2595 1001 2666 μίσγεται
1038 2613 1053 2649 :
1088 2595 1170 2651 vel
1218 2603 1278 2650 ut
1329 2596 1648 2651 Aristoteles
1701 2594 1885 2661 tradit,

334 2687 456 2740 libr.
490 2700 567 2749 ιιι,
613 2685 690 2741 De
714 2686 902 2739 histor.
929 2687 1115 2751 anim.,
1152 2701 1271 2756 cap.
1328 2685 1380 2747 7.
1441 2686 1620 2756 pullos
1672 2684 1888 2741 adultos

328 2776 463 2846 jam,
493 2791 615 2832 cum
647 2785 859 2847 tempus
889 2777 1193 2847 prodeundi
1217 2792 1282 2832 ex
1306 2778 1435 2832 nido
1464 2785 1569 2844 est,
1595 2793 1712 2833 mas
1760 2778 1889 2833 sub-

333 2870 450 2940 igit.
483 2867 580 2923 Vel
609 2870 735 2940 quia
766 2885 830 2924 ex
887 2869 1075 2924 eodem
1125 2869 1220 2923 lib.
1260 2884 1339 2935 vt,
1375 2884 1495 2940 cap.
1523 2869 1577 2935 2,
1608 2876 1661 2923 et
1710 2867 1888 2924 Plinio

336 2957 428 3012 lib.
463 2973 518 3020 ι,
548 2973 670 3028 cap.
712 2957 802 3021 58,
835 2958 1108 3030 peculiare
1139 2960 1210 3014 sit
1244 2959 1372 3024 illis,
1408 2966 1469 3013 ut
1516 2960 1571 3013 in
1600 2960 1744 3013 coitu
1782 2959 1884 3014 nisi

334 3056 458 3102 ante
479 3056 666 3103 mutuo
690 3050 1025 3115 osculentur,
1048 3064 1166 3106 mas
1190 3064 1298 3105 non
1318 3050 1597 3115 ascendat,
1620 3051 1705 3105 vel
1732 3051 1881 3121 quia,

333 3151 390 3196 ut
439 3156 506 3196 ex
555 3141 846 3197 Aristotele
877 3141 1044 3197 refert
1072 3142 1367 3197 Athenaeus
1419 3141 1515 3197 lib.
1559 3157 1635 3206 is,
1671 3141 1884 3197 feminae

332 3234 552 3290 absente
608 3248 757 3289 mare
794 3248 915 3290 sese
960 3235 1298 3303 osculantur,
1337 3234 1620 3306 subigunt,
1658 3242 1713 3291 et
1759 3251 1885 3290 cum

332 3325 384 3379 in
441 3340 561 3381 sese
608 3326 870 3396 geniturae
922 3327 1058 3383 nihil
1094 3326 1396 3392 effundant,
1428 3340 1528 3381 ova
1579 3327 1820 3396 pariunt,
1857 3340 1888 3379 e

329 3419 526 3488 quibus
578 3420 758 3490 pullus
801 3435 908 3475 non
948 3421 1145 3477 editur.
1187 3420 1368 3488 Quare
1394 3427 1448 3476 et
1475 3416 1674 3474 Veneri
1705 3433 1883 3484 sacra,

331 3511 471 3581 apud
496 3511 765 3567 Elianum
795 3511 874 3566 De
895 3513 1082 3569 histor.
1113 3515 1338 3578 anima.,
1368 3513 1460 3567 lib.
1529 3527 1604 3577 tv,
1652 3527 1773 3582 cap.
1825 3512 1882 3576 2,

331 3607 383 3654 et
407 3600 485 3654 De
516 3601 662 3655 varia
692 3602 903 3667 histor.,
957 3605 1050 3659 lib.
1103 3620 1143 3669 ι,
1180 3620 1300 3675 cap.
1342 3604 1430 3669 15,
1464 3605 1661 3674 legitur
1704 3612 1887 3658 tamen

332 3695 397 3746 de
423 3692 550 3759 illis,
568 3692 881 3763 pudicitiam
908 3695 1019 3751 illis
1046 3710 1170 3752 esse.
1195 3697 1448 3766 primam,
1477 3703 1532 3750 et
1555 3695 1729 3750 neutri
1758 3702 1887 3749 nota

332 3780 614 3845 adulteria,
650 3782 994 3854 conjugiique
1028 3782 1189 3839 ﬁdem
1236 3800 1345 3839 non
1381 3784 1609 3848 violare,
1643 3798 1886 3839 commu-

333 3886 561 3941 nemque
595 3887 814 3929 servare
848 3873 1091 3929 domum.
1180 3942 1183 3946 _

396 3963 527 4021 lbid.
566 3967 737 4021 Ἔστι
763 3967 830 4021 δὲ
852 3965 1120 4037 δένδρον.
1137 3968 1332 4026 Petrus
1362 3969 1679 4034 Damianus,
1701 3971 1792 4026 lib.
1818 3986 1880 4034 ιι,

331 4072 412 4125 ep.
462 4057 549 4122 18,
611 4057 725 4122 Est,
781 4060 976 4130 inquit,
1037 4061 1094 4114 in
1115 4060 1289 4117 India:
1327 4062 1520 4132 ﬁnibus
1561 4062 1738 4129 arbor,
1768 4080 1885 4134 quas

333 4147 505 4204 Grece
534 4149 854 4220 peridexium
882 4162 1115 4218 vocatur,
1132 4157 1282 4222 cujus
1302 4156 1478 4226 utique
1501 4154 1704 4223 fructus
1729 4156 1884 4210 nimis

330 4248 404 4294 est
431 4241 620 4305 dulcis,
651 4254 701 4298 et
754 4243 903 4298 valde
931 4246 1129 4311 suavis,
1184 4247 1237 4299 in
1285 4246 1440 4315 hujus
1478 4246 1685 4301 arboris
1726 4248 1885 4317 igitur

330 4333 498 4402 gratia
523 4334 775 4390 columbte
802 4352 907 4390 non
930 4336 1130 4390 modice
1160 4336 1514 4401 delectantur;
1544 4337 1696 4407 cujus
1727 4338 1884 4390 nimi—

1997 488 2155 554 lucis,
2173 497 2226 543 et
2247 499 2548 545 atomorum
2579 491 2853 559 ellluxum,
2869 494 3013 563 quod
3044 492 3354 558 Lucretius,
3374 488 3469 550 lib.
3495 513 3552 554 ιι.

1996 579 2083 635 his
2116 581 2362 636 versibus
2388 582 2623 637 asseruit
2651 602 2664 614 -

1997 710 2203 787 [gluma
2241 713 2598 769 columbarum
2648 733 2748 787 quo
2789 729 2940 786 pacto
2971 721 3025 772 in
3050 720 3159 774 sole
3192 721 3391 774 videtur

1998 782 2129 859 Qua:
2158 784 2262 836 sita
2287 787 2503 859 cervices
2532 782 2749 859 circum,
2782 782 3074 859 collumque
3105 801 3344 844 coronat.

1999 850 2239 931 ﬁamque
2270 853 2405 909 alias
2433 857 2493 931 [it
2525 859 2602 909 uti
2642 858 2786 931 claro
2820 864 2890 913 sit
2934 850 3094 913 rubra
3129 876 3365 931 pyropo;

1997 921 2269 996 lnterdum
2309 921 2535 996 quodam
2571 943 2725 980 sensu
2754 930 2814 996 ﬁt
2854 931 2932 982 uti
2976 921 3211 984 videnlur

1993 991 2145 1070 inter.
2166 991 2441 1049 cwruleum
2469 997 2656 1070 virides
2681 991 2894 1052 miscere
2919 1002 3251 1070 smaragdos,

1995 1061 2279 1139 Qaudaque
2303 1067 2517 1133 pavonis
2546 1066 2696 1137 larga
2718 1084 2837 1121 cum
2871 1071 2982 1123 luce
3008 1061 3203 1139 repleta
3231 1061 3308 1126 est

1996 1131 2274 1188 Consimili
2304 1131 2475 1189 mutat
2515 1131 2718 1192 ratione
2746 1139 2961 1193 obversa
2985 1131 3205 1196 colores.

1996 1242 2193 1301 Sextus
2210 1245 2535 1318 Empiricus,
2561 1248 2826 1322 Pyrrhon.
2845 1250 3114 1326 Hypotyp.
3139 1254 3234 1309 lib.
3258 1272 3296 1320 I,
3325 1270 3444 1325 cap.
3467 1255 3551 1320 14,

1991 1338 2100 1390 Kal
2120 1340 2170 1391 οἱ
2197 1340 2453 1411 τράχηλοι
2483 1342 2539 1395 δὲ
2569 1343 2676 1397 τῶν
2712 1346 3049 1416 περιστερῶν
3080 1345 3229 1418 παρὰ
3253 1346 3350 1411 τὰς
3371 1347 3553 1417 διαφό-

1996 1445 2120 1501 ρους
2168 1432 2463 1497 ὲπικλίσεις
2497 1433 2738 1508 διάφοροι
2804 1437 3078 1506 φαίνονται
3139 1441 3280 1493 κατά
3337 1441 3549 1512 χρῶμα.

1991 1517 2144 1586 Quod
2174 1522 2249 1575 ita
2277 1525 2548 1593 expressit
2591 1525 2977 1599 Hieronymus.
3011 1526 3385 1585 Columbarum
3415 1533 3553 1587 colla

1990 1612 2060 1666 ad
2089 1614 2324 1684 singulas
2356 1618 2711 1673 conversiones
2737 1620 2966 1674 colorem
2998 1631 3225 1677 mutant.
3255 1622 3551 1679 Martianus

1989 1701 2067 1757 De
2111 1706 2306 1774 nuptiis
2331 1705 2485 1762 Philo
2515 1727 2528 1763 :
2562 1709 2845 1768 Arcesilas.
2879 1712 3076 1781 inquit,
3107 1712 3299 1766 collum
3345 1715 3549 1769 intuens

1987 1795 2338 1851 columbinum
2395 1798 2672 1855 dubitabat
2733 1817 2750 1854 :
2801 1802 3056 1874 siquidem
3130 1804 3228 1859 hac
3284 1817 3548 1874 permotus

1986 1888 2255 1943 varietatis
2306 1891 2673 1948 incertitudine
2717 1896 2940 1965 amplius
2991 1907 3226 1953 astruere
3262 1899 3551 1954 ἀκανταλι-

1985 1977 2112 2047 ψίαν
2145 1983 2314 2049 coepit.
2346 1984 2623 2054 Apuleius,
2656 1985 2734 2040 De
2774 1989 2944 2053 asino,
2974 1989 3069 2044 lib.
3107 2005 3145 2044 ιι
3182 2010 3195 2045 :
3241 1990 3397 2045 Nunc
3435 2009 3551 2046 cor-

1988 2072 2106 2126 vina
2148 2074 2411 2144 nigredine
2440 2077 2713 2144 caeruleus,
2736 2080 3098 2136 columbarum
3141 2085 3264 2137 colli
3300 2085 3549 2154 flosculus

1988 2162 2287 2233 tumulatur,
2336 2166 2410 2220 vel
2458 2184 2577 2221 cum
2607 2170 2768 2239 guttis
2789 2172 3030 2227 Arabicis
3076 2172 3352 2239 obunctus,
3383 2186 3435 2229 et
3461 2191 3551 2245 pe-

1989 2256 2141 2310 ctinis
2191 2260 2365 2328 arguti
2410 2258 2559 2315 dente
2593 2263 2732 2315 tenui
2760 2262 3181 2319 discriminatur.
3207 2264 3421 2323 Modum
3452 2284 3549 2322 au-

1989 2352 2096 2400 tem
2135 2363 2243 2418 quo
2300 2350 2566 2405 columbae
2609 2352 2968 2410 versicolores
3009 2354 3312 2411 eﬂiciantur
3339 2360 3412 2411 ita
3456 2374 3550 2414 ex-

1991 2438 2188 2506 pressit
2218 2437 2517 2510 Oppianus,
2546 2444 2641 2498 lib.
2683 2460 2722 2509 ι,
2751 2445 2823 2499 De
2851 2456 3044 2512 venat.,
3073 2464 3217 2504 vers.
3242 2450 3346 2505 548
3378 2468 3391 2502 :

1993 2548 2131 2630 laid
2152 2569 2249 2630 χιι)
2278 2554 2551 2630 κάκεῖνοί
2568 2557 2721 2611 τοῖσι
2739 2557 2998 2630 δόνακες
3031 2561 3410 2630 μεμέληνται,

1987 2621 2278 2699 Mnasian
2290 2625 2609 2699 Δ,ττυξιινοῖσι
2640 2628 2938 2697 νοήμασιν
2971 2621 3274 2699 ὶξὲυὶἦρεξι

1999 2692 2258 2768 ξρππόζε
2279 2693 2641 2768 δαιδάλλωσι
2666 2692 3057 2765 πεληϊάδεσσι
3080 2692 3396 2768 νεὸσσούς.

2394 2767 2681 2853 φιλότῃτα
2706 2761 2841 2853 θοαί
2869 2770 3162 2853 τρήριυγες
3188 2772 3339 2853 ἴωσι,

1987 2833 2351 2913 fifty-ruperat
2399 2833 2761 2913 σςομάτεσσι
2793 2833 3237 2913 ,ϐαρυςὲθόγπῖοις
3282 2833 3545 2913 ἀλόχοιο.

1988 2900 2649 2983 ῥὴ⁷τότ⁵εμῆζιὴῦῥᾳινε
2672 2900 2906 2983 xxviii}
2933 2900 3358 2983 ίιθαᾷὁτρόςρος
3371 2900 3545 2983 ἀθὴρ,

1993 2973 2164 3045 "Amr
2205 2973 2272 3027 δὲ
2319 2973 2720 3045 θηλυτέρῃσιν
2769 2973 3020 3044 ἐθήκατο
3068 2973 3548 3040 δαίδαλα’πολλᾶ

2040 3044 2214 3118 ϊμιιτα
2235 3044 2551 3115 πορφύρεα.
2584 3044 2690 3103 Tal
2716 3049 2783 3103 δὲ
2807 3050 3014 3104 κλιδόν
3046 3052 3196 3107 ὄσσε
3217 3053 3543 3118 βαλοῦσαι,

1910 3091 1953 3148 C
1988 3044 2214 3111 Εϊμιιτα
2235 3044 2551 3115 πορφύρεα.
2584 3044 2690 3103 Tal
2716 3049 2783 3103 δὲ
2807 3050 3014 3104 κλιδόν
3046 3052 3196 3107 ὄσσε
3217 3053 3540 3118 βαλοῦσαι,

1987 3112 2185 3183 Θυμύν
2224 3118 2544 3185 luendum-at
2596 3120 2857 3174 τίκτουσ⁸
2918 3122 3295 3193 ἁλιπόρφυρα
3345 3125 3540 3183 τέκνα.

2055 3212 2215 3292 lbid.,
2263 3228 2358 3283 lin.
2406 3228 2495 3283 to.
2532 3232 2951 3300 Φιλότεκνονή
2982 3232 3231 3301 κορώνη.
3282 3234 3540 3298 Basilius.

1988 3319 2132 3374 hom.
2166 3319 2220 3386 8,
2256 3319 2564 3376 Ἐπαινετόν
2600 3324 2702 3394 τῆς
2743 3322 2986 3395 κορώνης
3027 3325 3087 3377 τὸ
3136 3324 3442 3393 φιλότεκνον
3472 3327 3545 3398 ’ἡ

1985 3412 2080 3465 καὶ
2112 3412 2428 3482 πετομένοις
2459 3414 2560 3485 ἤδη
2582 3414 2888 3486 παρέπεται
2918 3414 3191 3480 σιτίζουσα
3216 3415 3430 3480 αὐτοὺς,
3455 3416 3548 3470 καὶ⁸

1985 3502 2322 3573 ἐκτρέφουσα
2345 3503 2508 3576 μέχρι
2532 3503 2805 3557 πλείστου.
2844 3503 3021 3573 Hujus
3047 3504 3423 3576 φιλοστοργίαν
3453 3520 3538 3559 ex-

1985 3591 2150 3661 plicat
2176 3589 2376 3655 Horus,
2430 3593 2521 3647 lib.
2577 3609 2640 3657 ιι,
2669 3609 2790 3663 cap.
2836 3593 2927 3657 97,
2975 3600 3029 3648 et
3075 3592 3423 3659 Aristoteles,
3468 3592 3546 3648 De

1985 3682 2172 3738 histor.
2223 3683 2443 3737 animal.
2484 3684 2581 3739 lib.
2617 3701 2691 3749 νι,
2732 3699 2852 3754 cap.
2886 3684 2941 3747 6,
2992 3685 3186 3740 Omnes
3231 3684 3337 3754 fere
3394 3685 3545 3740 alites

1985 3774 2171 3845 quibus
2197 3791 2394 3845 ungues
2431 3774 2623 3829 adunci
2651 3775 2845 3842 pullos,
2872 3792 2988 3831 cum
3012 3777 3239 3846 primum
3269 3777 3545 3846 provolan-

1985 3866 2040 3919 di
2072 3866 2303 3936 facultas
2340 3867 2520 3935 fuerit.
2580 3867 2704 3923 nido
2746 3869 3034 3937 expellunt,
3103 3871 3546 3939 percutientesque

1984 3967 2178 4027 cogunt
2206 3958 2501 4021 discedere;
2527 3968 2576 4013 et
2606 3969 2808 4015 creterra
2827 3976 3025 4030 quoque
3051 3976 3167 4015 aves
3183 3961 3415 4015 maxima
3439 3961 3546 4030 fere

1985 4052 2070 4103 sui
2096 4060 2247 4119 parte
2266 4091 2280 4111 ,
2306 4058 2365 4103 ut
2405 4052 2601 4106 dictum
2630 4061 2729 4115 est,
2761 4053 2897 4106 idem
2925 4052 3022 4107 hoc
3050 4053 3252 4122 faciunt
3283 4068 3300 4107 :
3329 4069 3546 4124 cumque

1984 4143 2296 4197 enutrierint
2327 4143 2459 4196 nihil
2479 4148 2735 4213 prieterea
2767 4143 3012 4199 adhibent
3039 4161 3178 4199 curre
3194 4154 3406 4214 excepta
3427 4161 3546 4201 cor-

1985 4232 2118 4293 nice.
2161 4249 2278 4305 qua:
2302 4233 2612 4304 aliquandiu
2637 4236 2872 4303 providet
2900 4253 2918 4290 :
2944 4237 3132 4307 quippe
3169 4254 3285 4308 qua:
3312 4237 3545 4294 volantes

1976 4325 2094 4395 jam
2123 4343 2246 4380 suos
2281 4326 2454 4394 pullos
2479 4343 2698 4396 pascens
2738 4330 2855 4399 ipsa
2883 4330 3176 4385 comitetur.
3208 4328 3274 4384 Et
3310 4327 3538 4391 Plinius,

332 4441 443 4477 rum
476 4441 586 4491 eas,
629 4433 677 4480 et
727 4426 926 4496 fructu;
970 4428 1155 4496 reﬁcit,
1178 4437 1227 4482 ει
1274 4428 1459 4482 umbra
1499 4428 1750 4496 defendit,
1788 4429 1886 4483 Τε-
1919 4430 1962 4485 ε)
1989 4419 2084 4473 lib.
2115 4434 2169 4480 ι,
2199 4433 2318 4487 cap.
2359 4419 2447 4483 12,
2474 4419 2738 4475 Praeterea
2788 4421 2905 4475 sola
2952 4422 3062 4476 lucc
3109 4423 3269 4476 etiam
3304 4422 3538 4477 volantes

332 4517 569 4571 terrimus
630 4519 767 4571 enim
819 4518 979 4573 draco
1034 4518 1189 4588 ferali
1231 4535 1320 4573 eas
1356 4521 1683 4573 immanitate
1705 4535 1878 4587 perse-

329 4611 519 4681 quitur,
549 4620 597 4664 et
652 4613 846 4667 cruenti
874 4614 1099 4683 gutturis
1134 4611 1380 4666 barathro
1411 4613 1670 4667 inhiantes
1701 4611 1883 4665 absor-

331 4700 440 4755 bere
462 4702 695 4759 molitur.
721 4701 821 4757 Sed
842 4705 976 4758 sicut
998 4704 1250 4758 columba:
1273 4704 1573 4768 draconem,
1593 4706 1671 4758 ita
1687 4704 1879 4757 nihilo-

329 4793 495 4847 minus
532 4794 694 4848 draco
726 4794 976 4863 formidat
999 4813 1135 4859 eam,
1160 4813 1316 4866 quam
1342 4796 1685 4864 prwdiximus
1716 4799 1877 4850 arbo-

330 4897 452 4949 rem,
482 4882 571 4936 sed
614 4885 870 4952 prwcipue
921 4886 1062 4939 timet
1108 4885 1372 4949 umbram,
1403 4886 1480 4940 ita
1508 4895 1567 4939 ut
1604 4887 1651 4940 si
1689 4887 1878 4940 umbra

331 4974 481 5043 fuerit
515 4991 546 5028 a
574 4984 721 5044 parte
766 4975 971 5029 arboris
995 4976 1202 5040 dextra,
1229 4977 1325 5031 illa
1358 4977 1475 5032 licet
1503 4978 1686 5048 procul
1712 4979 1878 5049 fugiat

331 5067 392 5119 ad
417 5068 707 5131 sinistram,
737 5067 872 5137 quod
905 5069 952 5121 si
980 5068 1165 5121 umbra
1195 5069 1422 5122 cernitur
1441 5070 1495 5123 in
1521 5070 1759 5133 sinistra,
1789 5069 1879 5123 ille

330 5166 554 5210 vertatur
586 5156 654 5210 ad
690 5156 977 5212 dexteram.
1011 5157 1185 5212 Donec
1223 5175 1345 5229 ergo
1376 5159 1628 5214 columba:
1657 5161 1752 5212 sub
1786 5177 1877 5215 ar-

329 5250 459 5303 boris
485 5250 631 5304 illius
661 5249 964 5304 umbraculo
994 5251 1186 5321 fuerint
1225 5265 1580 5317 commorans,
1600 5254 1759 5307 nullis
1788 5271 1876 5308 eas

328 5341 543 5395 crudelis
586 5341 680 5395 illa
717 5341 879 5396 bestia
928 5342 1063 5395 valet
1103 5341 1307 5396 insidiis
1339 5342 1546 5402 lazdere.
1572 5344 1802 5415 alioquin
1831 5346 1877 5398 si

326 5437 497 5502 procul
526 5450 616 5487 eas
648 5434 917 5498 invenerit,
948 5436 1059 5489 sine
1091 5434 1201 5488 ullo
1230 5436 1660 5489 contradictionis
1698 5435 1876 5492 obsta-

324 5528 432 5579 culo
461 5529 756 5596 repentinus
786 5529 1004 5581 invadit.

399 5617 553 5683 lbid.,
593 5619 690 5673 lin.
727 5618 815 5673 54.
849 5618 956 5671 Οἴα
985 5617 1052 5671 δέ
1080 5617 1249 5672 ἐστιν
1278 5619 1317 5686 ἡ
1347 5622 1550 5687 φύσις.
1592 5620 1878 5693 Anaxago-

323 5726 401 5764 "as
428 5712 659 5766 colorem
688 5720 893 5766 certum
918 5709 1222 5780 plumarum
1245 5710 1301 5765 ia
1329 5711 1470 5767 collo
1498 5712 1873 5769 columbarum

1985 4509 2159 4578 pullos
2188 4510 2498 4579 aliquandiu
2535 4513 2704 4580 pascit
2735 4513 3226 4581 inauspicatissima
3256 4512 3391 4582 fetus
3418 4524 3542 4568 tem-

1982 4617 2129 4670 pore,
2160 4604 2254 4657 hoc
2271 4611 2347 4657 est
2371 4613 2488 4672 post
2508 4604 2811 4659 solstitium.
2850 4604 3066 4661 Cretera:
3088 4622 3263 4661 omnes
3285 4621 3349 4659 ea:
3363 4606 3541 4661 eodem

1984 4712 2165 4763 genere
2215 4696 2416 4763 pellunt
2444 4696 2583 4750 nidis
2611 4697 2807 4766 pullos,
2841 4714 2902 4753 ac
2932 4699 3108 4753 volare
3138 4707 3347 4765 cogunt,
3404 4699 3543 4751 sicut

1983 4800 2031 4843 et
2067 4791 2208 4843 corvi
2238 4806 2255 4844 :
2281 4791 2371 4859 qui
2409 4799 2457 4843 et
2490 4791 2592 4859 ipsi
2640 4806 2743 4845 non
2764 4805 2921 4843 carne
2949 4799 3153 4843 tantum
3187 4789 3422 4854 aluntur,
3447 4789 3536 4844 sed

1984 4894 2032 4937 et
2051 4883 2291 4938 robustos
2317 4898 2517 4954 quoque
2535 4882 2671 4951 fetus
2693 4898 2819 4936 suos
2856 4881 3041 4952 fugant
3084 4882 3310 4951 longius.

2052 4974 2189 5029 l-bid.
2236 4975 2347 5028 Kal
2395 4974 2753 5043 μοι-ανδρων.
2786 4973 2959 5030 Mares
3002 4972 3218 5029 feminis
3263 4973 3537 5029 connubio

1979 5067 2184 5139 junctis
2205 5082 2418 5136 semper
2446 5067 2602 5129 ﬁdos,
2625 5081 2900 5136 nunquam
2933 5065 2997 5119 ad
3023 5067 3245 5122 alteram
3272 5065 3539 5120 divertere

1984 5159 2260 5216 comitem.
2291 5174 2353 5212 ac
2381 5173 2481 5212 nec
2514 5158 2660 5228 ipsas
2685 5157 2902 5229 quidem
2940 5159 3190 5216 feminas.
3239 5155 3416 5228 quoad
3453 5156 3536 5209 vi-

1983 5259 2137 5313 vunt,
2180 5250 2245 5306 ad
2286 5252 2538 5315 alterum,
2600 5251 2693 5305 sed
2736 5250 3040 5320 disjunctos
3100 5250 3247 5305 solos
3282 5249 3536 5318 deinceps

1984 5360 2198 5414 semper
2223 5345 2417 5414 degere
2445 5352 2675 5400 testatur
2703 5343 2904 5409 Horas,
2939 5345 3031 5398 lib.
3064 5344 3116 5405 l,
3153 5357 3274 5411 cap.
3315 5339 3369 5395 8.
3400 5339 3532 5394 Plu-

1984 5436 2204 5490 tarchus
2237 5434 2441 5506 Gryllo,
2481 5435 2776 5505 Gregorius
2806 5433 3184 5489 Nazianzenus
3212 5431 3427 5486 Parum.
3464 5430 3534 5486 ad

1988 5528 2155 5597 Virg.;
2203 5528 2447 5584 Ailianus
2478 5529 2736 5593 item,lib.
2764 5545 2847 5591 ιιι,
2891 5528 2961 5581 De
2988 5528 3175 5579 histor.
3208 5525 3370 5579 anim.
3397 5539 3449 5579 c.
3476 5523 3534 5586 9,

1983 5621 2232 5692 Κορῶναι
2253 5621 2504 5692 ἀλλήλαις
2538 5623 2646 5675 εἰσὶ
2674 5622 2988 5675 πιστόταται
3020 5636 3033 5649 ’
3055 5618 3148 5671 καὶ
3179 5618 3304 5672 ὅταν
3320 5620 3399 5682 είς
3420 5634 3537 5673 κοι-

1982 5713 2177 5771 νωνίαν
2212 5713 2502 5771 συνέλθωσι
2532 5715 2672 5771 πάνυ
2713 5712 2912 5784 σφόδρα
2950 5709 3200 5779 ἀγαπῶσί
3242 5726 3405 5783 σφας,
3436 5708 3536 5766 καὶ
