4064 6290
552 255 610 308 91
627 254 649 307 1
1866 245 2108 304 LEONIS
2140 253 2157 302 Α

2194 248 2410 306 LLATII
3675 253 3743 308 91
3757 254 3799 308 Ξ

550 366 652 421 οὐκ
680 365 745 420 ἀν
781 365 880 420 ἴδοι
905 381 985 427 τις
1012 363 1310 435 μιγνύμενα
1333 361 1506 416 ταῦτα
1533 361 1603 415 τὰ
1634 361 1748 427 ζῶα
1773 360 1986 434 ἀνέδην,
2003 362 2098 416 καὶ
2128 367 2155 420 Α

2196 364 2325 430 ovis,
2345 365 2503 418 simul
2548 380 2612 419 ue
2657 364 2821 420 durus
2849 363 2918 419 ait
2952 363 3245 434 infantibus
3267 365 3452 437 pullis.
3497 363 3791 422 Elianus

552 457 626 521 ὡς
649 455 826 528 ἔτυχε.
867 455 1095 523 Λέγουσι
1123 454 1181 508 δὲ
1211 455 1261 507 οἱ
1285 453 1356 508 τά
1400 453 1529 524 περὶ
1568 451 1774 506 τούτων
1805 451 2098 523 ἀκριϐοῦν-

2199 458 2278 512 De
2328 457 2512 513 histor.
2546 459 2734 522 anim.,
2761 457 2856 513 lib.
2887 473 2971 521 ιιι,
3002 472 3124 529 cap.
3168 457 3260 526 24,
3324 457 3388 512 Ἡ
3418 457 3477 512 δὲ
3505 457 3778 529 χελιδὼν,

555 565 665 612 τες,
702 548 802 611 ὅτι,
832 546 933 600 κᾶν
953 545 1209 599 ἀποθάνοι
1238 545 1300 600 τὸ
1331 545 1537 618 ἕτερον,
1561 545 1623 598 τὸ
1648 544 1829 598 λοιπὸν
1857 543 2098 615 χηρεύει.
2198 550 2286 602 ὅτε
2311 547 2566 619 εὐποροίη
2592 546 2762 620 πηλοῦ
2783 549 2895 610 τοῖς
2916 544 3063 612 ὄνυξι
3090 547 3266 620 φέρει,
3287 547 3378 601 καῖ¹
3407 547 3773 618 ωμπλὰττει

569 637 770 692 Ἀκούω
802 636 857 690 δὲ
888 639 1014 702 τοὺς
1043 638 1209 692 πάλαι
1246 636 1337 691 καὶ
1365 638 1424 691 ὲν
1464 639 1577 702 τοῖς
1608 635 1805 706 γάμοις
1845 635 1983 707 μετὰ
2013 636 2102 690 τὸν
2198 641 2295 713 τὴν
2314 641 2524 695 καλιάν.
2556 640 2688 694 Εῑδὲ
2707 638 2908 710 ἀπορία
2929 640 3035 709 εἴη,
3073 639 3148 703 ὡς
3189 638 3565 711 Ἀριστοτέλης
3584 637 3768 706 λέγει,

558 731 799 802 ὑμέναιον
812 730 908 803 τὴν
935 729 1176 804 κορώνην
1196 730 1396 796 καλεῖν,
1416 729 1664 802 σύνθημα
1683 731 1931 803 ὁμονοίας
1949 731 2104 785 τοῦτο
2200 734 2394 803 ἑαυτὴν
2419 731 2618 803 βρέχει,
2651 732 2743 784 καὶ
2772 733 2852 795 εἰς
2879 731 3026 784 κόνιν
3061 729 3130 800 φύ
3140 747 3220 801 ρει
3258 730 3327 784 τά
3369 729 3551 802 πτερά
3585 730 3768 801 tym-

554 826 664 888 τοῖς
700 823 966 879 συνιοῦσιν
1018 825 1110 878 ἐπὶ
1134 825 1442 896 παιδοποιίᾳ
1493 824 1745 888 διδόντες.
1821 823 1902 879 Ob
1963 823 2104 880 hanc
2202 826 2388 891 σοῦσα,
2417 824 2618 880 καὶτοῦ
2647 823 2814 895 πηλοῦ
2831 821 3242 894 περιπαγέντος,
3261 821 3506 875 ἐντεῦθεν
3541 821 3767 874 ὑπαπο-

553 930 685 988 ergo
741 918 909 973 maris
939 925 994 972 et
1023 915 1234 974 femina:
1280 916 1649 982 concordiam,
1695 925 1749 971 et
1784 923 2102 987 perpetuam

2199 920 2442 991 ψήχουσα
2484 916 2561 987 τῷ
2608 917 2811 989 ῥάμφει
2867 915 2965 986 τὴν
3019 914 3382 987 προκειμένην
3440 910 3767 983 οἰκοδομίαν

554 1009 810 1066 connubii
844 1011 1014 1083 legem
1043 1025 1108 1066 ac
1139 1010 1315 1077 ﬁdem,
1350 1009 1608 1066 solitariae
1642 1010 1879 1066 cornicis
1906 1025 2100 1065 occur-

2201 1010 2523 1080 χειρουργεῖ.
2563 1006 2770 1060 Ἃπαλά
2794 1023 2855 1060 τε
2879 1005 3008 1060 ὄντα
3032 1005 3100 1059 τὰ
3115 1004 3344 1066 νεόττια,
3377 1004 3472 1057 καὶ
3501 1001 3614 1056 τῶν
3636 1003 3765 1058 πτί-

554 1119 649 1160 sus
677 1102 879 1158 malum
919 1117 1078 1158 omen
1121 1102 1356 1158 faciebat
1388 1101 1643 1159 Elianus
1687 1101 1835 1157 dicto
1883 1103 2000 1158 loco
2043 1111 2099 1158 et

2200 1104 2305 1157 λων
2333 1101 2514 1172 γυμνά
2551 1094 2658 1153 οἶδε
2707 1098 2884 1162 καλῶς
2928 1099 3020 1152 ἐπὶ
3063 1096 3232 1167 ψιλῶν
3281 1100 3502 1168 καρφῶν
3530 1098 3584 1150 ει
3622 1097 3761 1150 ἀνα-

553 1194 663 1251 alii.
2200 1195 2444 1260 παύοιτο,
2480 1195 2561 1249 ὅτι
2605 1191 2991 1263 κολασθήσεται
3018 1191 3300 1260 ἀλγοῦντα.
3331 1191 3536 1244 Οὐκοῦν
3560 1191 3657 1244 ἐπὶ
3686 1191 3759 1243 τὰ

622 1285 781 1354 lbid.,
803 1286 900 1341 lin.
924 1285 1011 1340 45.
1060 1285 1113 1339 '0
1149 1283 1218 1338 δὲ
1242 1286 1621 1354 νυκτικόραξ.
1651 1283 1829 1355 Hujus
1855 1286 2101 1342 meminit
2198 1305 2227 1341 ν

2198 1286 2342 1341 νῶτα
2371 1285 2480 1341 τῶν
2507 1285 2788 1356 προϐάτων
2835 1283 3001 1347 ἱζάνει
3026 1283 3121 1337 καὶ
3145 1285 3364 1356 ἀποσπᾷ
3388 1284 3484 1338 τοῦ
3525 1282 3750 1354 μαλλοῦ,

551 1377 806 1442 Basilius,
837 1377 982 1433 hom.
1013 1376 1046 1430 8
1078 1377 1133 1430 in
1170 1376 1450 1442 Hexaem.;
1474 1375 1672 1443 Horus,
1699 1377 1794 1432 lib.
1820 1393 1880 1441 ιι,
1907 1392 1964 1432 c.
1997 1376 2097 1442 25;

2199 1380 2292 1432 καὶ
2341 1377 2586 1433 ἐντεῦθεν
2623 1379 2734 1439 τοῖς
2758 1377 2951 1447 ἑαυτῆς
2986 1375 3203 1448 βρέφεσι
3235 1376 3296 1429 τὺ
3323 1377 3477 1446 λέχος
3511 1374 3751 1446 μαλακὸν

551 1469 890 1534 Aristoteles,
925 1468 1002 1522 De
1027 1469 1216 1525 histor.
1267 1470 1459 1534 anim.,
1517 1468 1613 1524 lib.
1652 1483 1772 1532 vm,
1799 1483 1918 1538 cap.
1959 1468 2014 1531 5.
2047 1477 2100 1523 et
2198 1472 2453 1543 έστρωσε.
2495 1467 2630 1524 Vide
2662 1467 3032 1532 Plutarchum,
3069 1468 3145 1524 De
3173 1468 3387 1523 solertia
3418 1469 3747 1522 animalium.

551 1557 648 1612 lib.
691 1573 768 1624 ιι,
805 1572 924 1629 cap.
952 1557 1042 1614 59.
1075 1557 1410 1629 Apollinario
1445 1557 1638 1631 psalm.
1679 1573 1752 1628 οι,
1800 1566 1884 1616 est
1911 1559 2101 1624 νυκτὸς
2197 1562 2381 1633 Neque
2427 1559 2643 1616 silentio
2710 1557 3141 1630 praetereundum
3175 1558 3318 1628 quod
3349 1557 3514 1612 tradit
3548 1555 3745 1617 Horas,

553 1649 743 1722 κόραξ.

2199 1654 2292 1709 lib.
2317 1668 2374 1717 ιι,
2413 1667 2512 1721 cap
2541 1651 2628 1717 51,
2679 1650 2825 1704 illam
2852 1649 2964 1720 jam
3012 1649 3173 1704 morti
3211 1649 3511 1719 proximam
3548 1649 3667 1702 luto
3692 1662 3748 1702 se

621 1763 936 1830 Δέρκεσθαι
961 1764 1140 1833 φαίης
1159 1780 1265 1818 κεν·
1282 1763 1652 1833 ἐρημονόμον
1670 1760 2027 1833 πελεκᾷντα,
2129 1722 2172 1780 Β
2203 1745 2226 1813 il

2136 1722 2172 1780 Β
2203 1745 2373 1814 ipsam
2441 1742 2717 1803 volutare,
2775 1747 2830 1796 et
2901 1739 3063 1810 pullis
3125 1739 3357 1794 latebras
3411 1752 3741 1808 comparare.

730 1829 1704 1913 rvxto§__'xdpttx§tyt1c3fausteris-31f
1721 1831 1995 1913 ναετῆρᾳ,
2213 1835 2422 1906 Ἐκείνη
2461 1832 2568 1905 γὰρ
2590 1831 2761 1886 κυλίει
2787 1833 2978 1903 ἑαυτὴν
2999 1834 3079 1894 εἰς
3117 1829 3304 1903 πηλὸν,
3327 1832 3420 1885 καὶ
3443 1831 3614 1896 κτίζει
3641 1830 3744 1892 τοῖς

627 1905 1002 1974 Ἦστρουθόν
1017 1901 2098 1972 ω’ἀΰπνονέόνίένδώματιμοῦνον·
2200 1901 2429 1988 νεοττοῖς
2465 1901 2664 1994 φωλεὸν
2705 1901 2968 1994 μέλλουσα
2989 1901 3274 1978 τεθνάναιι
3311 1923 3454 1992 quod
3485 1936 3596 1976 non
3637 1936 3747 1975 me—

625 2019 783 2080 lbid.,
821 2019 914 2073 lin.
966 2018 1052 2072 45.
1089 2017 1486 2087 Φιλόστοργος
1533 2019 1566 2070 ό
1606 2017 1787 2085 ἔποψ.
1827 2014 2098 2077 Elianus,
2201 2030 2230 2068 n

1240 2030 1486 2087 στοργος
1533 2019 1566 2070 ό
1606 2017 1787 2085 ἔποψ.
1827 2014 2098 2077 ὶΕιὶιιιιιιε,
2201 2014 2333 2069 mini
2368 2029 2453 2069 me
2471 2013 2598 2068 alibi
2626 2013 2845 2084 legisse.

554 2111 647 2164 lib.
685 2125 738 2173 ι,
762 2123 883 2179 cap.
923 2108 1007 2173 16,
1055 2107 1340 2180 Egyptios
1396 2109 1473 2160 ait
1509 2105 1769 2168 ciconias,
1813 2105 2102 2176 vulpanse-

2271 2102 2432 2168 lbid.,
2464 2103 2558 2157 lin.
2593 2102 2681 2157 51.
2727 2101 3072 2172 Μόνανδρος
3108 2101 3148 2171 ἠ
3196 2100 3444 2172 τρυγών.
3495 2100 3740 2164 Basilius,

554 2215 661 2260 res,
720 2207 774 2253 et
815 2214 1024 2268 upupas
1055 2200 1109 2253 in
1132 2199 1337 2254 honore
1377 2197 1599 2263 habere,
1638 2196 1784 2267 quod
1822 2202 2104 2251 senectute

2201 2196 2348 2252 hom.
2373 2195 2426 2261 8,
2460 2197 2569 2268 Τὴν
2597 2195 2829 2269 τρυγόνα
2872 2197 3023 2266 φασὶ,
3071 2194 3472 2265 διαζευχθεῖσαν
3499 2195 3627 2247 ποτὲ
3655 2193 3748 2246 τοῦ

554 2293 771 2346 all'ectos
805 2301 1057 2360 parentes
1097 2292 1268 2346 alunt.
1301 2289 1553 2360 Upupam
1596 2289 1783 2344 nidum
1811 2303 1841 2343 e
1864 2295 2105 2345 stercore

2202 2285 2483 2356 όμόξυγος,
2523 2287 2716 2358 μηκέτι
2744 2287 2841 2358 τὴν
2867 2286 3002 2359 πρὸς
3027 2286 3210 2358 ἕτερον
3233 2286 3618 2357 καταδέχεσθαι
3637 2303 3750 2339 κοι-

554 2382 820 2450 praecipue
836 2382 1071 2436 humano
1084 2381 1350 2437 conﬁcere
1373 2379 1539 2434 tradit
1563 2378 1882 2435 Aristoteles
1908 2379 1999 2433 lib.
2026 2392 2100 2440 n‘,

2204 2379 2414 2444 νωνίαν,
2458 2378 2593 2432 ἀλλὰ
2641 2378 2820 2449 μένειν
2860 2377 3220 2431 ἀσυνδύαστον
3269 2380 3457 2449 μνήμῃ
3493 2378 3585 2430 τοῦ
3625 2395 3747 2431 ποτε

553 2489 674 2544 cap.
705 2474 787 2539 15,
826 2473 900 2528 De
929 2475 1053 2528 hist.
1073 2475 1262 2537 anim.;
1301 2473 1390 2544 qui
1435 2481 1637 2537 tamen,
1670 2486 1790 2542 cap.
1818 2471 1871 2536 l,
1903 2471 1998 2526 lib.
2029 2486 2101 2534 γι,

2206 2468 2604 2539 συζευχθέντος,
2627 2469 2723 2540 τὴν
2746 2469 2879 2540 πρὸς
2903 2469 3086 2540 ἕτερον
3110 2470 3394 2523 κοινωνίαν
3421 2471 3750 2542 ἀπαρνουμέ-

525 2581 794 2636 .upupam
839 2582 945 2621 non
996 2565 1276 2622 nidiﬁcare
1323 2567 1416 2631 ait,
1462 2567 1556 2622 sed
1589 2567 1643 2620 in
1669 2564 1818 2621 cavis
1849 2568 2102 2619 arborum
2205 2575 2322 2630 νην.
2351 2559 2600 2616 Clemens
2643 2558 3066 2622 Alexandrinus,
3117 2557 3314 2614 Strom.
3355 2561 3422 2627 2;
3464 2559 3750 2632 Gregorius

555 2675 744 2729 parere
769 2658 886 2715 sine
911 2660 1018 2715 ullo
1035 2666 1353 2723 stramento,
1390 2659 1492 2712 '05’
1513 2657 1651 2728 ἔποψ
1676 2658 1832 2728 μόνος
1855 2658 1914 2710 οὐ
1939 2659 2106 2710 ποιεῖ-
2203 2649 2552 2714 Naz‘ianzen.,
2606 2651 2783 2706 Carm.
2816 2651 2884 2704 ad
2913 2652 3043 2721 virg.
3070 2650 3274 2722 1Mirum
3310 2651 3364 2706 id
3397 2653 3542 2722 quod
3573 2661 3752 2708 narrat

553 2769 644 2806 ται
673 2752 942 2806 νεοττείαν
989 2750 1096 2804 τῶν
1133 2750 1254 2804 καθ’
1297 2751 1485 2804 ἑαυτὸν
1538 2749 1935 2817 νεοττευόντων,
1992 2748 2105 2802 ἀλλ’

2207 2741 2456 2797 tElianus
2515 2743 2582 2796 de
2636 2751 2905 2797 turturum
2970 2756 3034 2795 ac
3093 2742 3467 2797 columbarum
3518 2743 3748 2798 albarum

555 2845 891 2916 είσδυόμενος
942 2845 1020 2906 εἰς
1060 2844 1128 2898 τὰ
1171 2842 1417 2913 στελέχη,
1465 2843 1523 2896 ὲν
1570 2844 1679 2906 τοῖς
1709 2841 1903 2905 κοίλοις
1930 2839 2107 2895 αὐτῶν

2206 2836 2479 2889 castitate.
2513 2833 2570 2888 Si
2592 2835 2733 2889 enim
2765 2832 3052 2902 impudicis
3085 2833 3383 2899 amoribus,
3413 2835 3746 2904 externisque

558 2937 753 3000 τίκτει,
777 2935 924 2989 οὐδὲν
951 2933 1407 3006 συμφορούμενος.

2205 2924 2495 2979 inservisse
2526 2924 2913 2993 persenserint,
2944 2922 3164 2992 reliquie
3186 2931 3451 2990 turtures,
3474 2932 3528 2980 et
3555 2925 3747 2979 colum-

627 3028 786 3092 lbid.,
835 3028 931 3082 lin.
953 3026 1057 3114 49.
1103 3028 1171 3081 Ἡ
1204 3026 1273 3080 δὲ
1302 3025 1558 3096 χελιδὼν
1584 3025 1745 3091 ἅπαξ
1763 3025 1965 3096 γεννᾷ.
1993 3027 2108 3082 Ari-
2132 3056 2174 3114 α
2207 3017 2232 3070 11

2137 3056 2174 3114 ε
2207 3017 2288 3070 ha:
2319 3031 2523 3075 marem
2563 3016 2895 3084 discerpunt,
2930 3027 2983 3071 et
3021 3015 3254 3086 pessime
3284 3017 3512 3086 perdunt
3548 3035 3562 3070 :
3601 3015 3742 3072 femi-

556 3120 776 3176 5toteles
807 3125 989 3174 tamen
1013 3111 1108 3173 lib.
1151 3135 1205 3184 ν,
1243 3116 1316 3172 De
1349 3118 1473 3172 hist.
1507 3119 1694 3182 anim,
1729 3132 1848 3188 cap.
1893 3119 1981 3181 15,
2018 3119 2104 3172 [.i-
2139 3106 2174 3114 "
2210 3123 2293 3162 nae
2318 3123 2447 3164 vero
2485 3106 2853 3162 misericordia
2893 3114 3168 3176 permotus,
3207 3107 3356 3159 nulla
3392 3107 3534 3160 illata
3579 3107 3736 3160 mole-

555 3210 842 3265 rundinem
881 3212 954 3264 ait
995 3210 1077 3266 bis
1112 3225 1252 3263 anno
1287 3225 1496 3280 parere,
1526 3209 1671 3280 quod
1720 3209 2011 3265 conﬁrmat
2056 3219 2110 3265 et

2209 3201 2314 3254 stia
2342 3199 2395 3254 in
2441 3199 2703 3256 viduitate
2750 3200 3013 3268 reliquam
3063 3209 3270 3254 aetatem
3299 3201 3487 3254 ducere
3515 3199 3729 3268 permit-

555 3299 784 3367 Pliniug,
814 3300 907 3356 lib.
941 3317 994 3364 χ,
1028 3314 1148 3368 cap.
1181 3299 1268 3363 55,
1300 3297 1624 3354 Ηὶνιιηάὶηεε
1652 3300 1932 3354 enuerqu
1952 3311 2111 3370 ειρα.
2209 3300 2349 3355 ιυιιι,
2385 3292 2486 3347 hoc
2509 3291 2651 3347 idem
2682 3299 2736 3348 et
2757 3293 3036 3362 palumbes
3065 3292 3241 3347 fcere
3259 3290 3489 3352 allirmat,
3519 3299 3725 3360 praeter-

557 3394 740 3459 lumbi,
762 3402 811 3448 et
844 3402 1072 3446 turtures
1101 3393 1179 3446 bis
1205 3408 1344 3446 anno
1367 3393 1597 3461 pariunt,
1631 3403 1832 3447 caetera:
1855 3409 1970 3447 aves
2001 3394 2110 3464 fere

2209 3400 2370 3456 quam
2401 3384 2546 3455 quod
2582 3385 2681 3451 illi,
2730 3392 2784 3439 et
2827 3399 3053 3449 marem,
3095 3393 3150 3438 et
3192 3382 3424 3438 l'eminam
3463 3381 3718 3436 occidunt.

561 3485 739 3540 semel.
775 3484 905 3539 Avis
935 3483 1051 3538 lucc
1076 3484 1217 3538 inter
1245 3483 1380 3539 alias
1427 3484 1596 3538 multa
1639 3483 1798 3540 habet
1849 3485 1960 3540 illis
2001 3501 2108 3540 non

2209 3477 2285 3532 De
2308 3477 2490 3533 histor.
2516 3477 2759 3544 animal.,
2782 3477 2875 3532 lib.
2931 3492 3013 3544 ιιι,
3057 3491 3176 3548 cap.
3209 3476 3730 3547 44,Σωφρονέσταται

556 3575 884 3640 communia,
915 3589 1034 3645 quae
1059 3573 1299 3628 referunt
1328 3574 1364 3628 ii
1388 3574 1480 3644 qui
1501 3574 1568 3630 de
1601 3574 1924 3631 animalibus
1947 3575 2112 3630 histo-

2209 3569 2434 3641 ὀρνίθων
2465 3570 2521 3623 αἱ
2555 3571 2752 3638 φᾶτται
2780 3569 3011 3642 ᾅδονται.
3055 3569 3112 3623 Ὁ
3145 3568 3275 3638 γοῦν
3302 3571 3471 3642 ἄρρην
3494 3569 3586 3621 καὶ
3605 3571 3632 3622 ό
3654 3569 3739 3640 θῆ-

557 3665 670 3722 rias
718 3666 1004 3736 scripsere.
1054 3663 1161 3719 Sed
1207 3665 1535 3735 praecipuum
1566 3673 1620 3721 et
1652 3666 1884 3720 maxime
1937 3667 2109 3721 admi-

2209 3661 2324 3726 λυς,
2367 3661 2798 3729 συνδυασθέντες,
2843 3663 2935 3717 καὶ⁸
2979 3664 3140 3716 οἱονεὶ
3176 3662 3644 3733 συμπνεύσαντες,
3677 3664 3745 3725 είς

557 3757 789 3813 randum
822 3757 954 3812 illud
998 3772 1121 3813 esse
1161 3757 1296 3812 mihi
1346 3757 1580 3822 videtur,
1629 3757 1772 3828 quod
1821 3758 1887 3812 de
1923 3773 2110 3813 earum

2210 3754 2383 3824 γάμον
2413 3753 2653 3824 ἀλλήλων
2679 3753 2910 3823 ἔχονται,
2945 3755 3038 3807 καὶ
3061 3755 3416 3826 σωφρονοῦσι,
3447 3754 3542 3808 καὶ
3574 3753 3669 3806 οὑκ
3691 3753 3748 3808 ἂν

558 3850 706 3904 coitu
732 3849 922 3906 scribit
948 3847 1218 3910 IElianus,
1242 3847 1318 3903 De
1341 3848 1526 3905 histor.
1557 3849 1743 3915 anim.,
1782 3849 1876 3904 lib.
1903 3866 1963 3913 ιι,
1989 3867 2107 3922 cap.

2210 3847 2414 3900 όθνείου
2443 3846 2630 3916 λέχους
2661 3846 2937 3918 οὐδέτερος
2967 3846 3160 3916 ἅψεται
3186 3847 3293 3901 τῶν
3327 3847 3552 3918 ὀρνίθων
3576 3847 3743 3901 τῶνδε.

560 3941 626 3995 5:
652 3941 714 3994 Ol
747 3939 844 4009 μὲν
869 3937 1076 4010 ὄρνιθες
1095 3940 1142 3991 οἱ
1168 3939 1340 4010 ἕτεροι
1361 3939 1841 4005 ἀναϐαίνονται,ὡς
1864 3940 2036 4009 λόγος,
2055 3942 2112 3994 αἱ
2223 3939 2347 3992 Ἐάν
2379 3939 2434 3991 δὲ
2465 3937 2972 4008 ὲποφθαλμιάσωσιν
2999 3939 3221 4010 ἑτέροις,
3262 3939 3636 4010 περιέρχονται
3667 3938 3756 3991 αύ-

561 4033 618 4085 δὲ
639 4030 899 4102 χελιδόνες
925 4030 1007 4094 οὓ,
1039 4029 1174 4084 ἀλλὰ
1202 4031 1404 4084 τούτων
1419 4049 1482 4100 γε
1509 4033 1772 4102 ἐναντίαή
1798 4032 1940 4103 μίξις
1973 4034 2109 4096 ἐστὶ,
2209 4032 2330 4093 τοὺς
2356 4032 2405 4082 οἱ
2427 4030 2622 4083 λοιποίο
2657 4031 2750 4082 καὶ
2777 4030 2867 4083 τὸν
2899 4030 2995 4100 μὲν
3024 4030 3229 4103 ἄρρενα
3263 4033 3310 4084 οἱ
3344 4034 3622 4102 ὁμογενεῖς
3649 4030 3758 4084 δια-

565 4120 657 4173 καὶ
692 4119 750 4171 τὸ
771 4120 938 4173 αἴτιον
965 4114 1101 4173 οἶδεν
1121 4123 1154 4191 ἡ
1181 4120 1360 4188 φύσιςο
1397 4121 1556 4190 Λέγει
1583 4123 1684 4176 δὲὸ
1715 4123 1911 4177 πλείων
1932 4124 2108 4192 λόγος,
2213 4123 2440 4186 σπῶσιν,
2470 4125 2524 4176 αἱ
2565 4123 2774 4194 θήλειαι
2814 4123 2870 4175 δὲ
2903 4125 2995 4176 τεὸν
3038 4123 3218 4196 θῆλυν.
3261 4123 3444 4188 Οὕτως
3477 4124 3583 4195 ἄρα
3613 4125 3641 4177 6
3669 4123 3763 4194 τῆς

564 4213 645 4265 ὅτι
673 4211 967 4283 πεφρίκασι
995 4212 1082 4265 τὸν
1114 4212 1303 4284 τηρέα,
1341 4214 1434 4266 καὶ
1463 4213 1752 4278 δεδοίκασι,
1784 4216 1989 4287 μήποτε
2005 4215 2112 4286 ἄρα
2215 4216 2562 4287 σωφροσύνης
2596 4217 2757 4286 νόμος
2788 4216 2882 4270 καὶ
2919 4219 2976 4280 ές
3009 4215 3108 4280 τὰς
3137 4216 3404 4288 τρυγόνας
3439 4219 3762 4288 ἀφικνεῖται,

567 4302 949 4374 προσερπύσας
995 4301 1187 4374 λάθρα,
1214 4299 1333 4356 εἷτα
1357 4305 1654 4376 ἐργάσηται
1690 4307 1986 4378 τραγῳδίαν
2018 4308 2110 4361 καὶ
2213 4307 2306 4359 καὶ
2349 4307 2612 4378 ἄτρεπτος
2670 4308 2845 4377 μένει,
2897 4309 2992 4361 καὶ
3041 4309 3098 4372 ὲς
3158 4309 3257 4372 τὰς
3313 4309 3638 4380 περιστερὰς
3669 4307 3767 4372 τὰς

567 4394 682 4448 νῦν.
2140 4406 2184 4462 D
2211 4396 2424 4463 λευκὰς,
2461 4399 2598 4470 πλὴν
2644 4398 2738 4452 τοῦ
2788 4399 3144 4454 θανατοῦσθαι
3183 4401 3439 4472 ἑκάτερον
3475 4401 3566 4454 τὸν
3595 4400 3766 4471 ὄρνιν·

636 4485 798 4551 lbid.,
855 4483 1208 4555 Πηγνυμένη
1256 4485 1324 4540 δὲ
1369 4485 1502 4556 τήν.
1532 4485 1788 4554 Basilius,
1850 4489 1996 4546 hom.
2027 4490 2062 4546 8
2099 4512 2112 4546 :
2215 4490 2335 4543 ἐπεὶ
2363 4489 2454 4544 τὸν
2485 4490 2580 4561 μὲν
2610 4491 2812 4561 ἄρρενα
2842 4491 3140 4562 ἀναιροῦσι,
3181 4491 3278 4563 τὴν
3305 4492 3360 4545 δὲ
3392 4491 3556 4561 θῆλυν
3579 4492 3772 4563 ᾤκτει-

582 4580 791 4650 Ἐκείνη
811 4578 920 4651 γὰρ
945 4580 1044 4650 τὴν
1071 4577 1261 4632 καλιὰν
1303 4581 1641 4652 πηγνυμένη,
1684 4581 1753 4635 τὰ
1795 4582 1892 4654 μὲν
1924 4583 2109 4656 κάρφη
2219 4595 2339 4650 ραν,
2389 4579 2483 4632 καὶ
2531 4580 2718 4634 εἴασαν
2763 4581 2945 4652 ἀπαθῆ
2988 4583 3104 4646 ,καὶ
3153 4582 3388 4654 περίεισι
3431 4583 3618 4654 χῆρος.
3672 4582 3773 4637 Hic

566 4669 644 4740 τῷ
668 4669 893 4740 στόματι
918 4668 1234 4740 διακομίζει,
1271 4670 1437 4742 πηλὸν
1463 4670 1520 4724 δὲ
1549 4674 1658 4737 τοῖς
1682 4673 1836 4726 ποσὶν
1868 4670 2002 4745 ἆραι
2041 4673 2114 4745 μὴ

2215 4671 2344 4726 dum
2383 4670 2450 4727 de
2491 4679 2703 4727 turture
2743 4689 3048 4730 sermonem
3087 4674 3369 4741 habemus,
3413 4675 3562 4728 nullo
3607 4679 3773 4729 modo

567 4760 859 4831 δυναμένη,
881 4759 950 4814 τὰ
987 4761 1130 4831 ἄκρα
1159 4760 1264 4814 τῶν
1316 4760 1491 4814 ποδῶν
1538 4759 1690 4814 ὕδατι
1718 4761 1970 4833 βρέξασα,
1999 4759 2116 4819 εἶτα

2215 4760 2456 4817 silendus
2489 4771 2574 4818 est
2601 4762 2821 4820 Davidis
2860 4763 3153 4821 Hoeschelil
3181 4779 3337 4819 error
3363 4765 3634 4820 maximus
3656 4766 3773 4819 ἀνι-

568 4854 634 4923 τῇ
692 4851 986 4924 λεπτοτάτῃ
1016 4853 1160 4906 κόνει
1205 4851 1552 4924 ἐνειληθεϊσα,
1581 4851 1752 4918 οὕτως
1783 4855 1985 4908 ἐπινοεῖ
2017 4856 2112 4909 τοῦ

2219 4854 2524 4925 στορησίας.
2563 4854 2700 4910 Cum
2727 4855 2872 4912 enim
2903 4853 3084 4912 Horus
3127 4855 3226 4911 lib.
3260 4869 3322 4919 ll,
3365 4869 3487 4925 cap.
3530 4853 3658 4922 “2,
3710 4855 3773 4910 de

569 4944 741 5017 πηλοῦ
787 4943 884 5016 τὴν
931 4945 1137 5017 χρείαν,
1197 4946 1290 4999 καὶ
1351 4946 1489 5001 κατά
1537 4945 1726 5018 μικρὸν
1769 4947 2017 5020 ἀλλήλοις
2047 4949 2116 5002 τὰ

2216 4952 2428 5002 turture
2482 4948 2692 5002 marina
2733 4947 3067 5016 loqueretur,
3109 4947 3363 5020 illiusque
3390 4946 3669 5020 ingenium
3709 4963 3773 5003 ex

569 5038 753 5109 κάρφη
787 5033 896 5090 οἷον
932 5037 1095 5110 κόλλῃ
1113 5037 1217 5091 τινὶ
1245 5037 1322 5108 τῷ
1350 5037 1506 5110 πηλῷ
1531 5039 1852 5111 συνδήσασα,
1883 5042 1941 5094 ὲν
1971 5042 2108 5114 αὐτῇ

2217 5036 2593 5109 Egypliorum
2623 5041 2891 5096 sententia
2933 5048 3247 5110 exponeret,
3287 5038 3625 5097 Hmschelius
3659 5054 3772 5094 non

567 5130 693 5193 τοὺς
724 5128 965 5191 νεοττοὺς
1014 5127 1282 5198 ἐκτρέφει.
1340 5128 1416 5184 De
1457 5130 1807 5186 hirundinum
1849 5131 2118 5188 industria

2217 5128 2648 5186 animadvertens
2688 5130 2755 5186 de
2811 5146 3046 5201 quonam
3086 5146 3267 5187 sermo
3300 5139 3464 5198 esset,
3498 5132 3686 5198 haeret,
3723 5140 3772 5186 et

569 5221 626 5274 in
649 5219 789 5275 nidis
821 5217 1172 5273 conﬁciendis
1202 5216 1538 5285 Aristoteles,
1570 5221 1664 5275 lib.
1696 5237 1771 5286 Ix,
1803 5237 1924 5294 cap.
1958 5225 2010 5290 7,
2035 5225 2114 5279 De
2215 5231 2275 5276 ut
2303 5223 2514 5278 videtur
2543 5223 2610 5278 de
2647 5231 2861 5280 turture
2888 5224 3183 5280 accilorum
3223 5224 3373 5280 illum
3418 5224 3693 5295 intelligit,
3724 5233 3774 5279 ct

569 5309 755 5365 histor.
792 5309 1122 5373 animal.,ex
1154 5321 1264 5378 quo
1296 5323 1395 5363 sua
1439 5309 1627 5364 habuit
1664 5310 1871 5369 Plinius
1915 5314 2008 5370 lib.
2057 5331 2115 5381 ι,

2216 5312 2460 5381 quadam
2499 5314 2602 5367 alia
2636 5312 2903 5386 πάρεργα,
2935 5313 3029 5367 καὶ
3057 5314 3160 5382 ἔξω
3195 5316 3289 5369 τοῦ
3323 5314 3524 5370 σκοποῦ
3557 5315 3614 5369 in
3652 5330 3768 5370 me-

573 5417 689 5473 cap.
711 5403 798 5470 55,
841 5401 1166 5458 Hiruudines
1217 5403 1326 5460 luto
1354 5414 1679 5468 construunt,
1705 5417 1994 5461 stramento
2026 5425 2115 5461 ro-
2215 5404 2365 5459 dium
2408 5404 2580 5472 aﬂ‘ert,
2629 5421 2767 5476 quae,
2807 5414 2866 5460 ut
2914 5406 3030 5477 ipse
3061 5407 3400 5477 opinabatur,
3449 5422 3480 5462 a
3528 5408 3770 5477 subjecta

570 5493 776 5548 borant.
803 5491 862 5549 Si
887 5494 1094 5563 quando
1120 5495 1297 5564 inopia
1326 5504 1402 5550 est
1433 5495 1554 5560 tuti,
1595 5496 1904 5566 madefacta:
1941 5498 2113 5551 multa
2215 5496 2441 5553 materia
2467 5497 2687 5553 minime
2715 5506 2869 5554 erant
2897 5499 3092 5565 aliena,
3125 5507 3256 5570 puto
3289 5499 3391 5554 hoc
3425 5500 3500 5554 illi
3528 5501 3643 5569 jam
3692 5500 3771 5554 la-

570 5601 708 5655 aqua
726 5589 906 5656 pennis
933 5589 1190 5657 pulverem
1236 5599 1508 5660 spargunt,
1555 5590 1728 5660 ipsum
1776 5607 1894 5646 vero
1928 5592 2115 5645 nidum
2216 5590 2438 5647 boribus
2490 5591 2671 5661 potius
2701 5591 2756 5646 in
2799 5594 2944 5648 notis
2985 5593 3096 5648 illis
3128 5591 3482 5648 conﬁciendis
3532 5591 3768 5648 defesso.

572 5676 815 5733 mollibus
839 5681 1052 5749 plumis,
1082 5682 1359 5753 (lactisque
1386 5691 1720 5738 consternunt
1743 5683 2113 5753 tepefaciendis
2215 5699 2373 5754 quam
2413 5684 2626 5740 inscitia
2655 5686 2921 5742 evenisse.
2953 5685 3312 5756 Antiquorum
3343 5687 3527 5756 itaque
3557 5694 3772 5742 senten-
