4064 6290
280 405 398 460 913
1401 397 1468 479 lN
1505 397 1872 454 EUSTATHII

1913 400 2379 462 llEXAEMERON
2419 397 2648 460 ΝΟΤᾹΞ.
3403 409 3460 462 91
3473 409 3503 463 1

277 522 384 577 tiis
421 516 592 582 ducti,
625 515 827 571 Horum
859 530 968 572 non
998 514 1065 571 de
1099 501 1621 578 terrestriuturture,
1651 523 1704 570 et
1732 530 1849 578 ave,

1898 519 1926 575 ι
2025 515 2182 582 lbid.,
2217 519 2312 573 lin.
2343 519 2428 573 M.
2469 522 2633 576 Ἕνια
2662 521 2730 574 δὲ
2753 521 2872 576 τῶν
2900 520 3135 591 ὀρνέων.
3167 521 3240 576 De
3269 521 3354 577 his
3381 524 3503 577 vide

280 611 390 666 sed
443 609 510 665 de
558 607 838 678 pastinaca
885 606 1116 671 marina,
1171 605 1411 660 locutum
1449 605 1702 660 dicimus.
1736 605 1855 675 ipsa
1954 605 2325 675 Aristotelem,
2356 608 2652 678 Elianum,
2688 611 2919 666 Plinium
2950 621 3003 668 et
3032 613 3188 666 alios.

279 701 440 756 enim
473 698 635 752 hamo
666 696 948 768 implicita,
973 697 1182 767 spinam
1209 709 1371 765 quam
1402 695 1456 748 in
1487 695 1658 749 cauda
1692 695 1856 750 habet

2021 699 2182 763 lbid.,
2244 701 2340 755 lin.
2401 702 2488 757 16.
2554 704 2727 759 Ἀλλὰ
2769 704 2864 758 καὶ
2902 703 3008 771 τὰς
3044 706 3499 774 ὑπογαστρίους.

283 793 484 862 abjicit
515 808 528 846 :
558 797 611 847 et
652 790 741 845 hic
771 790 985 846 videtur
1031 805 1224 845 sensus
1259 787 1405 842 Hori.
1447 786 1522 843 De
1565 803 1669 858 qua
1700 787 1853 858 plura
1955 787 2190 846 Consule
2219 792 2584 860 Aristotelem,
2611 796 2704 854 lib.
2725 812 2799 863 vi,
2837 795 2929 867 De;
2946 796 3068 850 hist.
3099 797 3284 861 anim.,
3307 809 3427 865 cap.
3449 797 3500 860 1,

284 883 575 954 Oppianus
618 879 854 945 Halicut,
889 881 983 935 lib.
1021 895 1061 945 ι,
1093 887 1148 935 et
1201 895 1272 946 Ii;
1327 879 1576 944 Aristot.,
1617 878 1712 933 lib.
1772 894 1850 940 is,
1955 886 2009 932 et
2033 877 2288 944 Plinium,
2323 882 2419 937 lib.
2454 899 2534 947 tu,
2565 898 2685 954 cap.
2717 885 2804 939 55.

285 991 417 1048 cap.
449 977 548 1041 57;
583 972 944 1041 Dioscorides,
991 973 1087 1029 lib.
1124 989 1220 1038 vn,
1264 987 1383 1043 cap.
1413 972 1468 1038 8,
1507 979 1560 1027 et
1600 972 1695 1025 lib.
1730 986 1850 1035 vin,
2027 966 2183 1033 lbid.,
2226 969 2324 1026 lin.
2352 971 2438 1025 19.
2473 975 2542 1026 Αἱ
2579 971 2644 1025 δὲ
2668 971 2897 1039 θήλειαι
2931 971 3138 1041 ὄρνεις.
3167 971 3500 1035 Aristoteles,

287 1081 419 1138 cap,
451 1068 514 1134 7;
543 1067 774 1132 Plinius,
809 1065 903 1122 lib.
937 1083 1013 1130 rx,
1045 1079 1166 1136 cap.
1203 1063 1307 1130 48;
1341 1061 1606 1119 Nicander
1635 1064 1688 1117 in
1722 1061 1854 1118 Tlte-
1951 1058 2044 1113 lib.
2082 1075 2154 1124 iv,
2191 1059 2267 1116 De
2310 1077 2481 1132 gener.
2534 1066 2696 1117 anim.
2739 1080 2858 1134 cap.
2892 1064 2946 1131 5,
2982 1064 3136 1133 μόνα,
3178 1063 3372 1138 inquit,
3397 1065 3504 1118 τῶν

289 1161 494 1225 riacis;
519 1158 669 1214 Phile
698 1159 753 1214 in
777 1157 992 1224 iambis,
1025 1163 1078 1212 et
1117 1156 1228 1218 alii,
1265 1155 1411 1226 quod
1441 1155 1530 1210 hic
1568 1168 1853 1210 recensere

1952 1150 2103 1216 ζώων
2136 1152 2316 1224 ὀχείαν
2363 1153 2695 1224 ἐπιδέχονται
2738 1156 2968 1210 κυοῦντα
3010 1155 3144 1227 γύνη
3184 1155 3278 1211 καὶ
3320 1155 3498 1221 ἵππος.

289 1251 626 1323 superﬂuum
659 1265 778 1305 esse
809 1247 957 1302 duxi.
992 1247 1290 1302 Conﬁrmat
1318 1253 1498 1301 autem
1527 1259 1700 1300 meam
1723 1260 1850 1299 sen-
1956 1241 2134 1299 Horus
2162 1243 2229 1299 de
2255 1245 2433 1314 aquila
2464 1247 2651 1301 scribit
2682 1265 2696 1301 :
2724 1246 2860 1302 Cum
2883 1247 3090 1318 reliqua
3121 1248 3372 1304 animalia
3395 1264 3502 1305 non

286 1340 518 1396 tentiam
541 1339 682 1409 quod
707 1337 892 1395 scribit
907 1335 1193 1393 Cornelius
1215 1336 1406 1393 Celsus
1437 1336 1531 1390 lib.
1559 1351 1631 1397 vt.
1650 1350 1770 1406 cap.
1797 1334 1849 1388 9.
1951 1349 2164 1405 semper
2197 1337 2336 1388 mari
2381 1335 2446 1389 ad
2498 1351 2711 1392 omnem
2755 1338 3058 1394 mistionem
3102 1354 3293 1410 parere
3316 1341 3500 1401 velint.

290 1431 455 1485 Plani
484 1430 664 1501 piscis,
711 1428 906 1499 inquit,
948 1444 1097 1498 quem
1127 1428 1454 1497 pastinacam
1492 1426 1677 1489 nostri,
1724 1441 1852 1496 τρυ-
1951 1427 2127 1496 aquila
2178 1442 2409 1497 semper.
2469 1427 2755 1484 Terdecies
2808 1430 2950 1484 enim
2981 1431 3032 1485 in
3060 1431 3146 1486 die
3192 1447 3500 1504 compressa

287 1521 426 1589 γὸνα
454 1520 622 1576 (ἔτιεεὶ
651 1527 856 1582 uocant,
890 1518 1102 1572 aculeus
1133 1525 1381 1580 torretur,
1406 1515 1591 1569 deinde
1623 1515 1849 1568 conteri-
1950 1524 2233 1588 postquam
2267 1519 2522 1583 surrexit,
2555 1521 2601 1575 si
2656 1536 2770 1576 mas
2815 1529 2989 1585 vocet,
3021 1521 3199 1578 denuo
3241 1525 3497 1589 accurrit,

289 1623 401 1678 tur,
428 1614 699 1684 resinaque
738 1611 1024 1681 excipitur,
1050 1627 1165 1681 qua:
1185 1610 1334 1664 ’ἀθηιὶ
1364 1609 1692 1663 circumdata
1716 1606 1850 1660 hunc
1950 1607 2084 1664 adeo
2109 1609 2164 1662 in
2193 1607 2455 1666 Venerem
2485 1624 2654 1680 prona
2685 1621 2784 1667 est.
2822 1610 2912 1668 Sic
2941 1611 3238 1684 Oppianus,
3273 1614 3369 1671 lib.
3417 1632 3498 1683 ιιι,

286 1706 466 1761 solvit.
501 1703 568 1758 Et
595 1704 820 1770 Plini—us,
855 1703 948 1758 lib.
987 1719 1063 1766 ix,
1095 1717 1215 1772 cap.
1251 1700 1342 1767 48,
1374 1698 1477 1756 Sed
1520 1699 1722 1753 nullum
1758 1714 1850 1752 us-
1949 1701 2158 1773 Κυνηγ.
2199 1700 2459 1758 Ursarum
2489 1702 2744 1759 ellreuem
2776 1704 2853 1758 ait
2881 1719 3002 1762 esse
3039 1704 3338 1770 libidinem,
3371 1707 3502 1764 adeo

285 1815 444 1869 quam
468 1796 858 1861 exsecrabilius,
891 1811 1046 1866 quam
1076 1793 1256 1846 radius
1290 1807 1443 1860 super
1470 1790 1693 1845 caudam
1719 1790 1848 1844 emi-
1880 1859 1917 1869 _
1950 1802 2008 1847 ut
2039 1809 2107 1850 ne
2139 1793 2354 1864 quidem
2385 1796 2703 1866 gestationis
2729 1805 2967 1868 tempore
3011 1812 3045 1853 a
3084 1798 3371 1854 concubitu
3405 1799 3502 1855 ab-

287 1859 415 1942 se...
465 1887 714 1958 trygonis,
775 1859 927 1956 quem
977 1886 1143 1938 nostri
1187 1859 1518 1953 pastinacam
1585 1881 1848 1951 appellant
1880 1859 1922 1914 Β
1951 1859 2187 1943 ειὶιιεοιιί
2208 1906 2222 1956 ;
2247 1859 2478 1954 Plinius,
2502 1888 2596 1944 lib.
2622 1905 2716 1952 vn,
2742 1859 2862 1960 cap:
2888 1890 2973 1944 11.
3003 1888 3203 1946 Praeter
3223 1892 3502 1948 mulierem

285 1980 564 2051 quincunci
594 1977 971 2048 magnitudine.
998 1977 1226 2047 Ideoque
1251 1991 1370 2032 eam
1400 1973 1611 2029 vocavit
1631 1971 1848 2027 ὀπισθό-
1949 1991 2120 2047 pauca
2149 1977 2400 2032 animalia
2431 1978 2632 2034 coitum
2662 1993 2862 2034 novere
2900 1980 3134 2050 gravida.
3171 1978 3348 2036 Unum
3378 1983 3501 2053 qui-

285 2088 507 2143 κέντρον
559 2069 937 2140 Epicharmus,
995 2077 1132 2125 teste
1181 2067 1460 2131 Atheuieo,
1494 2066 1590 2120 lib.
1622 2080 1720 2129 vu,
1753 2063 1847 2119 sed
1949 2065 2068 2120 dem
2108 2077 2201 2120 aut
2241 2067 2469 2122 alterum
2505 2068 2817 2134 superfetat.
2860 2067 3033 2138 Hujus
3065 2075 3244 2126 autem
3281 2084 3498 2126 causam

286 2165 341 2218 in
372 2177 433 2218 re
460 2162 606 2219 clara
635 2170 688 2218 et
711 2169 898 2232 aperta
922 2161 1040 2216 haec
1063 2159 1309 2214 innuisse
1338 2156 1473 2212 satis
1507 2157 1598 2212 sit.
1947 2156 2124 2214 reddit
2153 2157 2487 2225 Lactantius,
2515 2158 2609 2215 lib.
2637 2174 2692 2215 vi
2742 2159 2919 2213 Dicin.
2946 2159 3354 2226 institutionum,
3378 2175 3498 2230 cap.

355 2277 517 2343 lbid.,
543 2277 642 2332 lin.
669 2276 757 2332 53.
809 2276 880 2332 Αι
911 2275 980 2330 δὲ
1009 2273 1370 2330 κατοικίδιοι.
1403 2270 1659 2336 Basilius,
1699 2268 1842 2323 hom.
1946 2249 2053 2318 93;
2085 2265 2246 2343 quam
2290 2252 2452 2343 etiam
2504 2252 2902 2311 incerliludinis
2953 2253 3008 2309 in
3055 2262 3297 2326 tempore
3328 2255 3501 2312 coitus

283 2368 339 2432 8,
373 2369 483 2421 Καὶ
505 2342 575 2422 αἱ
617 2365 934 2421 κατοικίδιοι
972 2364 1152 2436 ὄρνεις
1185 2363 1278 2418 ἐπὶ
1323 2360 1526 2425 παντὸς
1544 2356 1750 2431 ’καιροῦ
1787 2357 1848 2410 τὸ

1947 2357 2165 2399 causam
2202 2342 2540 2410 Ambrosius,
2569 2361 2624 2410 ν,
2657 2343 2938 2409 Ηεπαργη..
2992 2359 3112 2416 cap.
3142 2345 3230 2409 10,
3261 2345 3335 2400 ait
3357 2361 3497 2412 esse.

286 2460 723 2514 συνουσιαστικὸν
781 2433 1044 2528 ἔχουσαι-ι
1083 2465 1138 2510 et
1161 2452 1502 2516 Aristoteles,
1546 2451 1643 2505 lib.
1682 2465 1715 2501 ν
1770 2446 1847 2501 De

1946 2448 2044 2488 cur
2097 2433 2150 2488 in
2181 2449 2373 2504 genere
2395 2435 2634 2490 humano
2659 2435 2852 2492 mulier
2877 2435 3085 2492 nullum
3117 2437 3310 2493 habeat
3333 2438 3498 2494 ﬁxum

286 2553 410 2607 hist.
449 2551 695 2618 animal.,
733 2565 854 2620 cap.
897 2551 994 2617 15;
1025 2556 1078 2604 et
1105 2547 1336 2614 Plinius,
1384 2545 1479 2605 lib.
1510 2560 1566 2609 ι,
1601 2558 1720 2612 cap.
1754 2541 1841 2595 53.
1946 2540 2010 2581 ac
2054 2529 2426 2620 stat_um__ann_i
2456 2538 2666 2620 tempus
2699 2529 2765 2584 ad
2797 2529 3137 2620 pariendum.
3165 2539 3224 2586 ut
3257 2531 3367 2589 fere
3395 2549 3499 2591 cae-

289 2643 354 2700 Et
384 2645 520 2699 ratio
542 2651 626 2699 est
648 2615 703 2697 in
728 2615 986 2714 promptu
1012 2664 1024 2697 :
1056 2640 1184 2712 quia
1227 2638 1557 2703 callidiores,
1586 2644 1640 2692 et
1666 2635 1844 2690 minus
1944 2621 2058 2716 “fta
2082 2615 2357 2716 aﬂi‘fmlia-
2381 2616 2695 2716 Exemplum
2719 2634 2890 2716 super
2903 2619 3006 2674 hoc
3033 2619 3496 2716 Zenohiiecastis-

292 2702 747 2792 revolutionibus.
769 2702 1089 2804 temporum.
1112 2731 1381 2794 obnoxias,
1427 2702 1844 2786 necrlaboribus
1944 2703 2092 2804 iii")?
2114 2702 2541 2762 Palmirenorum
2575 2709 2774 2778 resinae
2807 2709 2970 2764 habes
2998 2709 3141 2778 apud
3170 2709 3496 2767 Trebellium

288 2828 492 2890 fractae,
527 2837 620 2881 aut
649 2833 819 2891 metu,
851 2795 936 2879 vel
969 2829 1292 2893 tempestate
1322 2818 1535 2889 fugatae.
1942 2795 2260 2893 P°_l_“_°_ne“_1_-

353 2941 471 2997 Col.
500 2938 604 2995 756
660 2939 756 2992 lin.
802 2937 852 2990 1.
889 2937 962 2990 Τὰ
989 2934 1058 2988 δὲ
1089 2932 1368 3004 φίλυδρα.
1403 2929 1662 2994 Basilius,
1691 2929 1837 2983 hom.
1942 2977 1958 3004 η

2012 2886 2170 2951 lbid.,
2207 2887 2304 2941 lin.
2333 2887 2422 2954 22,
2460 2892 2524 2944 οι
2549 2889 2618 2943 δὲ
2663 2889 2942 2962 κάνθαροι
2969 2891 3095 2948 ἐάν.
3144 2893 3288 2950 Idem
3329 2891 3496 2949 refert

1942 2977 2348 3004 ..πιληιηημη
2416 2979 2481 3004 η-
2519 2983 2756 3004 Ausi-.-
2789 2998 2801 3004 -
2829 2983 3094 3004 n-n--.-_

286 3033 338 3099 ε,
661 2977 1054 3099 ’ὶέἑλυῖρέῖεὲιξ
1083 2977 1842 3093 ξιι;ν;ξ..ῑ.;ι·έςςςῑιέιιῑηι
1941 2977 2483 3099 zachariae.
2513 2983 3494 3099 τοξιῖῑέτιξέρειιέεοεξ,ρξέιφτξειτξτ

286 3069 338 3100 υ,
373 3069 536 3085 μαι...
591 3069 646 3083 ...
691 3069 918 3099 ,μη-νγ..
958 3069 1049 3079 ..η
1085 3069 1228 3089 νη..
1269 3069 1618 3093 “Were---”
1656 3069 1829 3090 ---Ρη

285 3128 341 3178 ὲν
381 3124 563 3187 αὐτοῖς
610 3118 950 3188 κατασκευὴν
981 3116 1254 3188 εὑρήσεις,
1292 3113 1455 3175 πόδας
1492 3111 1615 3165 οὔτε
1644 3111 1841 3180 διεσχι-

1941 3069 2036 3124 lib.
2068 3085 2176 3134 xw,
2209 3085 2326 3141 cap.
2351 3071 2485 3138 ult.;
2515 3073 2853 3139 Aristoteles,
2877 3076 2970 3130 lib.
2998 3077 3137 3145 Περὶ
3155 3078 3495 3146 θαυμασίων

1943 3158 2330 3188 Αωηιιη-ηηισι...
2353 3176 2365 3187 .
2410 3158 2639 3188 Πιελη..-
2697 3163 2767 3188 In.
2833 3181 2885 3188 -_-
2939 3180 3029 3188 --_
3098 3168 3158 3188 an
3214 3169 3311 3188 "3.,
3333 3168 3396 3188 11,-
3417 3184 3492 3188 ,-_,

285 3158 340 3178 ειν
381 3158 560 3187 νῦννυν,
612 3158 946 3188 ’θυινθυε-νυν
981 3158 1254 3188 υ-ισ-ι--ννγ
1299 3158 1454 3175 "vv-"-
1495 3158 1614 3165 νσν-
1650 3158 1813 3180 -ν--Λ-
2353 3176 2365 3187 .
2487 3163 2498 3174 ,
2719 3165 2729 3176 ,
3281 3169 3292 3182 ⁸

285 3214 530 3286 σμένουςν
563 3212 638 3275 ὡς
843 3209 941 3280 τῆς
980 3205 1244 3278 κορώνηςς
1279 3204 1404 3259 οὔτε
1443 3203 1730 3273 ἀγκύλους,
1765 3204 1840 3268 ὡς
1866 3199 1908 3256 c
1940 3158 2792 3286 ffiiffi‘ff“:'fkfi‘l’f’llf‘
2805 3168 3180 3286 .Zit_f’."“1'_._‘§’
3209 3168 3494 3286 Ξῗῖῗῗίίἳῖ

280 3254 530 3369 ἐὲῖξςζέκί
553 3254 938 3374 eisiis:
963 3254 1121 3355 ιῑλῑιῖ
1138 3254 1368 3362 ἔιέῖιίτέὲξ
1381 3254 1502 3351 ’κιῖ
1517 3254 1837 3368 sum;
1881 3254 1895 3256 “
1940 3254 2258 3374 iiii”?
2283 3255 3193 3374 ifffﬂﬂ‘.:‘I’I.’fd§‘i’1_°f‘3“§’;
3205 3259 3494 3374 93’31'1'1‘.‘

292 3350 400 3369 -ν--ι
433 3350 524 3358 --η
555 3350 932 3374 -κτ--ντη--ν
1398 3350 1403 3351 ν
1563 3350 1576 3368 ,
1645 3350 1651 3352 -
1797 3350 1836 3362 -.

279 3399 368 3454 ἵνα
395 3398 590 3470 ῥαδίως
613 3396 977 3466 ἐπινήχωνται
1001 3392 1077 3464 τῷ
1107 3391 1278 3456 ὕδατι,
1308 3392 1470 3444 οἱονεὶ
1492 3390 1702 3454 κώπαις
1730 3388 1840 3442 τισὶ

1942 3350 2158 3413 mirum,
2196 3350 2240 3402 si
2281 3350 2706 3418 impurissimum
2740 3350 2841 3404 hoc
2875 3351 3073 3404 animal
3127 3351 3493 3422 impurissimo

1941 3440 2220 3470 υηηηιηιιις
2256 3441 2326 3470 :9.
2361 3439 2515 3470 run-:9
2547 3441 2766 3470 nim—nm
2826 3450 2873 3470 Λ.
2905 3442 2956 3470 ξ..
2987 3443 3190 3470 Ληιιηζε,
3243 3453 3296 3470 ..ι
3340 3447 3489 3470 :-....._-

1941 3440 2222 3497 Moamethi
2255 3441 2329 3496 ita
2359 3439 2520 3495 fuerit
2546 3441 2791 3506 charum,
2824 3450 2878 3497 et
2905 3442 2956 3495 in
2985 3443 3213 3506 deliciis,
3243 3453 3300 3498 ut
3340 3447 3491 3506 iussu

973 3531 996 3616 ξ
1941 3531 2032 3587 Dei
2065 3532 2118 3587 id
2177 3532 2232 3586 in
2293 3531 2620 3587 sacriﬁcium
2677 3533 2953 3588 obtulerit.
2982 3534 3060 3588 Ita
3097 3535 3239 3590 enim
3268 3535 3397 3590 dicit
3426 3553 3491 3592 ex

348 3605 506 3669 lbid.,
529 3605 628 3658 lin.
651 3601 705 3657 6.
744 3601 798 3654 '0
824 3599 892 3653 δὲ
915 3600 1138 3664 κύκνος
1160 3598 1555 3697 μακρότερον.
1581 3593 1835 3697 Basilius.
1937 3641 1953 3694 1

1937 3639 2167 3694 persona
2221 3623 2336 3690 Dei,
2380 3623 2564 3695 Ἡμεῖς
2613 3622 2918 3696 δεδώκαμέν
2966 3641 3067 3689 σοι,
3114 3626 3187 3679 ita
3222 3627 3491 3683 scribente

273 3698 426 3752 hom.
458 3694 512 3759 8,
556 3690 679 3745 Ἐὰν
706 3689 763 3742 δὲ
793 3687 1116 3759 καταμάθῃς
1139 3687 1284 3750 ὅπως
1306 3688 1385 3750 είς
1411 3685 1571 3756 βάθος
1596 3686 1624 3737 ό
1644 3685 1837 3744 κύκνος

1937 3685 2222 3788 ὲιιιῐιγιῐιὶο
2257 3685 2333 3770 inv
2364 3685 2645 3783 Panopiia,
2700 3715 2788 3768 τὸν
2823 3685 3116 3789 κάνθαρον,
3161 3712 3311 3784 εὖξαι
3355 3719 3490 3792 πρὸς

273 3787 484 3850 καθιεὶς
515 3785 605 3839 τὸν
637 3785 838 3856 αὐχένα
869 3781 1112 3835 κάτωθεν
1146 3779 1321 3848 ἐαυτῷ
1349 3777 1446 3848 τὴν
1473 3775 1674 3848 τροφὴν
1705 3776 1836 3827 ἀνοι-

1936 3808 2025 3864 τὸν
2046 3775 2230 3881 κόριόν
2273 3825 2388 3873 σου,
2436 3775 2528 3861 καί
2571 3775 2789 3876 σιράξον.
2823 3775 3208 3863 Admirandum
3233 3775 3375 3865 sane
3401 3775 3490 3866 sa:-

273 3881 452 3956 φέρει,
489 3879 609 3932 τότε
641 3877 891 3947 εὑρήσεις
931 3875 1028 3944 τὴν
1075 3871 1266 3942 σοφίαν
1297 3869 1388 3922 τοῦ
1419 3869 1720 3932 κτίσαντος,
1754 3867 1835 3919 ὅτι

1935 3867 2218 3967 criﬁcium,
2272 3909 2326 3954 et
2371 3867 2736 3971 magniﬁcum,
2795 3899 2997 3970 talique
3039 3900 3348 3972 legislatore
3401 3901 3487 3957 di-

272 3973 363 4028 διὰ
403 3971 559 4025 τοῦτο
595 3967 930 4041 μακρότερον
975 3963 1081 4017 τῶν
1111 3961 1285 4015 ποδῶν
1314 3961 1404 4062 τὸν
1439 3959 1638 4062 αὐχένα
1671 3973 1835 4062 προεξ-
1934 4007 2118 4062 Βηωη,

275 4063 490 4133 έθηκεν,
521 4061 610 4114 ἵνα
637 4058 822 4129 ὥσπερ
863 4055 987 4108 τινὰ
1027 4053 1225 4126 ὁρμιὰν
1256 4050 1508 4119 κατάγων
1540 4049 1636 4122 τὴν
1668 4049 1726 4102 ὲν
1756 4046 1832 4118 τῷ

1935 4046 1964 4062 ”
2000 4081 2165 4149 lbid.,
2198 4083 2298 4137 lin.
2327 4081 2419 4138 εδ.
2449 4082 2520 4136 Al
2551 4079 2618 4134 δὲ
2644 4080 2931 4151 μέλισσαι
2968 4080 3067 4136 και
3099 4080 3350 4150 σφῆκες.
3386 4080 3490 4134 ua-

278 4152 426 4225 βάθει
450 4148 834 4222 κεκρυμμένην
855 4147 1059 4218 τροφὴν
1091 4142 1460 4215 ὲκπορίζηται.

1933 4172 2105 4237 silius,
2145 4142 2290 4226 hom.
2326 4171 2382 4234 8,
2423 4169 2490 4226 de
2529 4142 2745 4238 iisdem,
2791 4169 2988 4242 Διόπερ
3014 4169 3106 4226 και
3135 4142 3484 4242 έλάίῳΠκατα-

346 4264 504 4331 Ibid-9
555 4263 652 4317 Ῑίῐι-
703 4261 757 4318 8ο
818 4259 939 4314 Τῶν
977 4257 1045 4312 δέ
1085 4255 1304 4326 ὀρνέων
1349 4251 1566 4308 πολλά·
1612 4250 1689 4304 De
1725 4250 1829 4304 hoc
1933 4263 2227 4336 ϐρεχθέντα
2288 4262 2564 4333 φθείρεται
2627 4260 2735 4316 τῶν
2798 4261 2978 4334 πόρων
3037 4262 3482 4334 ἀποφραγέντων.

275 4355 427 4427 plura
463 4353 804 4417 Aristoteles,
847 4351 941 4405 lib.
979 4366 1039 4404 ιιι
1085 4349 1157 4402 De
1191 4348 1315 4401 hist.
1363 4347 1550 4410 anim.,
1584 4359 1702 4416 cap.
1740 4343 1825 4409 i2,

1931 4357 2122 4420 Ὄξους
2154 4355 2209 4410 δὲ
2245 4355 2404 4418 εὐθὺς
2433 4353 2830 4425 ὲπιϐληθέντος,
2879 4353 3038 4408 πάλιν
3071 4352 3480 4415 άναϐιώσκεται,

275 4455 331 4504 et
355 4447 448 4501 lib.
485 4463 562 4510 ix,
588 4460 710 4516 cap.
739 4445 828 4508 44,
861 4452 915 4498 et
949 4442 1178 4506 Plinius,
1210 4441 1302 4495 lib.
1337 4456 1393 4502 ι,
1419 4454 1536 4509 cap.
1562 4440 1649 4492 i9.

1925 4445 2034 4499 τῶν
2081 4444 2324 4512 διεξόδων
2366 4444 2747 4516 ἀνοιγομένων.
2793 4443 3024 4510 Plinius,
3071 4444 3162 4500 lib.
3218 4461 3330 4509 XXI,
3360 4461 3482 4516 cap,

343 4537 498 4600 lbid.,
521 4538 620 4594 lin.
645 4536 698 4591 9.
743 4537 795 4588 '0
824 4534 933 4605 γὰρ
955 4533 1265 4602 κόττυφος.
1294 4529 1636 4596 Aristoteles,
1657 4528 1750 4584 lib.
1768 4544 1822 4582 ιι
1853 4533 1897 4587 D
1931 4535 1948 4590 1

1873 4533 1897 4587 )
1931 4535 2016 4599 l2,
2053 4535 2126 4588 ait
2177 4541 2430 4590 constare
2480 4549 2607 4605 apes
2637 4534 2791 4588 oliva:
2834 4533 3020 4589 ﬂorem
3051 4548 3156 4588 non
3196 4535 3478 4604 attingere.

275 4630 350 4685 De
381 4631 507 4684 hist.
533 4631 719 4694 anim.,
753 4643 875 4698 cap.
902 4629 992 4694 49,
1023 4626 1131 4680 Καὶ
1163 4623 1294 4679 ἄλλα
1319 4623 1375 4676 δὲ
1405 4621 1572 4676 πολλὰ
1597 4621 1705 4675 τῶν
1730 4622 1821 4694 ὀρ-

1929 4629 2157 4699 ideoque
2172 4629 2312 4683 hanc
2343 4627 2590 4683 arborem
2621 4627 2806 4697 procul
2836 4641 2956 4681 esse
2979 4626 3174 4682 melius
3197 4634 3278 4683 est
3299 4645 3312 4680 :
3337 4625 3481 4696 quod

271 4723 429 4778 νίθων
465 4721 851 4794 μεταϐάλλουσι
883 4719 1023 4773 κατὰ
1059 4717 1156 4781 τὰς
1191 4716 1354 4789 ὥρας.
1388 4716 1482 4769 καὶ
1514 4715 1573 4768 τὸ
1605 4713 1819 4786 χρῶμα,

1928 4729 2087 4776 antea
2118 4734 2336 4784 vanum,
2386 4718 2694 4788 falsumque
2739 4731 2860 4772 esse
2892 4716 3210 4780 tradiderat,
3254 4716 3351 4771 lib.
3403 4732 3480 4784 xi,

272 4814 365 4869 καὶ
389 4813 486 4885 τὴν
518 4812 720 4883 φωνὴν,
751 4805 859 4865 οἷον
885 4811 914 4862 ὁ
936 4810 1198 4878 κόττυφος
1216 4806 1336 4859 ἀντὶ
1367 4805 1591 4877 μέλανος
1611 4803 1819 4871 ξανθὸς,

1926 4824 2046 4881 cap.
2086 4809 2140 4868 8.
2173 4807 2222 4861 F
2225 4811 2360 4871 also,
2394 4817 2444 4861 et
2465 4808 2606 4862 oleas
2636 4808 2805 4876 excipi
2844 4805 3093 4873 arbitror,
3122 4808 3305 4878 quippe
3333 4808 3482 4860 olivae

277 3494 388 3554 τοῖς
416 3491 521 3544 τῶν
554 3486 728 3541 ποδῶν
753 3484 913 3557 ὑμέσι
939 3483 999 3536 τὸ
1029 3482 1189 3554 ὑγρὸν
1209 3480 1576 3552 διωθούμενοι.

271 4901 365 4956 καὶ
384 4901 482 4971 τὴν
511 4900 691 4970 φωνὴν
725 4898 882 4969 ἴσχει.
927 4898 1014 4950 Ἐν
1044 4895 1140 4968 μὲν
1160 4895 1267 4966 γὰρ
1293 4893 1370 4964 τῷ
1396 4892 1538 4959 Θέρει
1560 4893 1694 4964 ᾄδει,
1727 4892 1818 4946 τοῦ

1924 4909 2171 4969 proventu
2222 4899 2450 4966 plurima
2495 4899 2740 4952 examina
2783 4898 2922 4968 gigni
2971 4906 3168 4950 certum
3218 4906 3316 4953 est.
3372 4897 3481 4953 Nec

269 4994 330 5050 δὲ
354 4993 615 5065 χειμῶνος
636 4993 889 5060 παταγεῖ,
920 4990 1236 5059 καὶγίνεται
1265 4987 1580 5059 θορυϐῶδες.
1605 4986 1683 5041 Ex
1711 5002 1818 5056 quo

1925 4993 2070 5047 aliud
2106 4991 2345 5047 sensisse
2389 4989 2705 5045 Aristoteles
2738 4988 2966 5054 videtur,
3003 4989 3098 5043 lib.
3126 5005 3178 5054 v,
3223 5005 3343 5062 cap.
3386 4990 3475 5052 22,

271 5103 369 5144 sua
397 5086 586 5142 habuit
613 5084 825 5140 Plinius
856 5083 910 5138 d.
943 5084 1084 5138 loco.
1123 5081 1328 5135 Merula
1363 5096 1424 5135 ex
1464 5081 1617 5151 nigra
1656 5079 1816 5134 rulle-
1924 5082 2000 5137 De
2052 5083 2236 5136 histor.
2299 5082 2487 5144 anim.,
2536 5080 2643 5134 illis
2696 5079 2896 5145 verbis,
2941 5079 3076 5132 Ἀλλ’
3123 5079 3331 5152 αὐχμοῦ
3382 5082 3478 5150 μὲν

271 5182 392 5246 scit,
424 5180 573 5235 canit
614 5185 824 5242 astate,
855 5176 1032 5232 hieme
1063 5175 1311 5237 balbutit,
1346 5174 1491 5226 circa
1517 5172 1814 5228 solstitium

1921 5172 2091 5236 ὄντος,
2127 5170 2248 5242 μέλι
2276 5169 2593 5241 ἐργάζονται
2622 5169 2838 5240 μᾶλλον,
2864 5169 3165 5242 ἐπομϐρίας
3196 5171 3272 5234 δὲ,
3302 5169 3473 5238 γόνον.

271 5279 437 5328 muta.
1921 5264 2010 5317 Διὸ
2046 5264 2138 5317 καὶ⁵
2165 5263 2278 5333 ἅμα
2309 5261 2589 5333 συμϐαίνει
2621 5261 2810 5316 ἐλαιῶν
2848 5263 2985 5334 φορὰ
3014 5263 3108 5316 καὶ
3132 5261 3332 5332 ἐσμῶν.
3374 5260 3477 5314 Eo-

337 5364 490 5429 lbid.,
524 5365 620 5420 lin.
656 5364 744 5422 ιο.
785 5363 934 5418 Ἡδὲ
965 5361 1162 5430 ἀηδὼν
1193 5359 1260 5413 τὸ
1297 5357 1518 5430 χρῶμα.
1558 5358 1812 5418 Basilius.
1922 5356 1942 5408 ι

1922 5355 2043 5408 dem
2069 5355 2229 5423 igitur
2258 5353 2696 5422 naturaeingenio
2725 5353 2970 5408 feruntur
2987 5354 3054 5408 ad
3077 5351 3285 5408 fructus
3312 5352 3475 5406 eden-

273 5460 412 5515 hom.
449 5457 503 5521 8,
531 5456 654 5518 Πῶς
685 5455 956 5526 ἄγρυπνον
995 5455 1028 5522 ἡ
1071 5449 1266 5522 ἀηδὼν,
1315 5451 1438 5502 ὅταν
1478 5449 1694 5520 ὲπωάζῃ
1729 5449 1814 5503 διὰ

1921 5446 2020 5499 dos
2051 5445 2228 5507 olivae,
2261 5451 2316 5497 et
2350 5459 2498 5513 apes,
2546 5453 2600 5497 et
2632 5444 2776 5513 quod
2812 5443 2966 5498 olivae
3000 5444 3255 5499 damnum
3297 5441 3470 5502 aﬂ‘ert.

271 5551 443 5620 πάσης
485 5547 678 5610 νυκτὸς
713 5548 811 5617 τῆς
858 5544 1114 5616 μελῳδίας
1163 5543 1235 5613 μὴ
1273 5543 1634 5613 ἀπολήγουσα.
1670 5541 1813 5597 Con—

1921 5537 2060 5591 idem
2091 5544 2142 5591 et
2175 5536 2367 5604 apibus
2397 5544 2724 5590 nocumento
2745 5543 2847 5592 est.
2883 5535 3150 5590 Imbribus
3179 5534 3352 5588 olivas
3380 5534 3474 5587 mi-

270 5637 381 5693 sule
409 5635 639 5691 Aristot.
673 5632 726 5688 d.
767 5635 905 5688 loco.
939 5631 1316 5687 Lusciniarum
1351 5641 1542 5686 cantus
1580 5632 1810 5688 varieta-
1919 5644 2024 5684 nus
2049 5629 2162 5682 olei.
2189 5626 2366 5682 facere
2415 5628 2598 5683 multis
2633 5629 2937 5684 rationibus
2994 5634 3049 5682 et
3090 5625 3474 5696 experimentis

269 5733 394 5790 tem,
419 5732 474 5780 et
496 5723 824 5781 suavitatem
856 5721 1259 5793 elegantissime
1286 5723 1557 5794 expressit
1584 5721 1807 5790 Plinius,
1919 5727 2256 5791 compertum
2291 5735 2396 5785 εει,
2435 5729 2490 5777 et
2537 5721 2876 5776 continuavit
2911 5717 3336 5790 Theophrastus.
3398 5718 3472 5774 De

275 5817 361 5874 lib.
390 5833 444 5886 ι,
474 5833 594 5888 cap.
620 5815 712 5884 29,
745 5823 799 5870 et
826 5813 1109 5873 Homerus.

1921 5814 2094 5868 causis
2124 5814 2318 5883 plank,
2343 5813 2436 5870 lib.
2472 5830 2546 5879 νι,
2580 5829 2700 5882 cap.
2728 5813 2812 5876 11,
2850 5811 2968 5862 Ὀτι
2998 5809 3042 5863 δ’
3063 5811 3161 5865 οὐκ
3193 5811 3250 5864 ὲν
3279 5811 3471 5870 πλήθει
