4064 6290
613 418 717 494 ρης

1944 421 2184 478 LEONIS
2220 415 2489 478 ALLATII

3788 424 3903 479 918

600 535 840 606 τροφῆς,
877 532 979 587 οὐδ’
1019 537 1075 587 ὲν
1113 533 1376 605 εὺσαρκίᾳ
1415 534 1522 587 τῶν
1552 534 1741 587 ἐλαιῶν
1768 535 1829 588 τὸ
1867 536 1959 588 τοῦ
1996 536 2161 589 ὲλαίοι

2274 554 2370 606 que
2412 548 2578 601 tusas,
2608 536 2677 591 ad
2720 537 2859 606 fores
2896 553 3072 592 eorum
3099 540 3337 608 posuisse
3368 539 3667 596 conveniet.
3740 538 3896 595 Item

615 626 834 697 πλῆθος,
853 628 916 678 ἐκ
932 624 1137 678 πολλῶν
1157 625 1402 697 φανερόν.
1421 626 1490 677 Αἵ
1501 642 1559 678 τε
1574 625 1680 697 γὰρ
1699 626 1987 698 ἐπομϐρίαι
2005 626 2179 681 ποιοῦ-

617 737 699 772 σιν
732 717 966 781 ἔλαττον,
1001 717 1061 771 αἶ
1086 718 1133 769 τ’
1163 718 1453 789 ἀρδόμεναι
1479 721 1655 789 χεῖρον
1684 718 1913 789 ῥέουσιν.
1946 720 2177 774 Consule

614 812 790 863 locum
827 816 882 863 et
913 824 1031 879 cap.
1074 808 1145 862 l2
1191 809 1432 878 ejusdem
1487 810 1631 864 libri.
1678 809 1831 875 Quod
1883 820 2059 865 autem
2102 813 2175 865 ait

616 903 704 956 hic
733 910 920 957 noster
948 902 1268 958 Eustathius
1300 918 1486 958 verum
1515 919 1638 958 esse
1668 904 1900 974 quisque
1940 906 2171 959 arbitra-

610 995 774 1059 bitur,
809 994 898 1064 qui
933 1005 1139 1050 meatus
1166 993 1355 1048 horum
1388 995 1709 1048 animalium
1759 998 2174 1067 angustissimos

609 1100 730 1140 esse
760 1100 868 1140 non
900 1090 1141 1155 ignorat;
1170 1101 1339 1156 quare
1372 1094 1425 1141 et
1448 1086 1607 1142 laedis
1638 1088 1915 1152 odoribus,
1957 1090 2085 1158 quin
2120 1098 2174 1144 et

613 1186 1008 1247 unguentorum
1023 1178 1230 1234 deliciis
1269 1180 1504 1234 maxime
1542 1180 1880 1247 cruciantur,
1898 1193 1951 1236 et
1975 1197 2140 1251 percu
2161 1213 2172 1223 -

613 1268 754 1321 tiunt
793 1268 899 1323 illis
928 1267 1218 1322 delibutas.
1260 1268 1600 1332 Aristoteles,
1652 1270 1744 1325 lib.
1780 1284 1855 1335 ιι,
1886 1271 1962 1326 De
1985 1274 2168 1327 histor.

614 1360 801 1421 anim.,
838 1375 958 1430 cap.
993 1360 1083 1425 40,
1124 1360 1530 1415 blandissimum
1575 1364 1806 1417 omnium
1845 1363 1939 1419 hoc
1976 1367 2175 1419 animal

611 1460 726 1516 est,
780 1451 1114 1521 quamobrem
1157 1468 1525 1520 swpenumero,
1567 1472 1683 1508 cum
1730 1457 1836 1510 alvi
1894 1460 2171 1515 necessitas

612 1549 713 1603 est,
758 1542 990 1605 avolant,
1034 1551 1083 1596 et
1135 1543 1189 1596 in
1230 1560 1434 1598 secessu
1486 1545 1710 1600 reddunt
1770 1559 2170 1615 excrementum,

612 1635 859 1703 quoniam
898 1634 1034 1689 male
1073 1636 1245 1701 oleat;
1276 1636 1493 1691 oderunt
1524 1655 1625 1692 non
1660 1639 1830 1694 solum
1854 1640 2016 1709 [tedas
2043 1642 2171 1697 odo-

615 1741 718 1788 res,
774 1725 863 1780 sed
902 1727 1059 1780 etiam
1094 1738 1475 1798 unguentorum
1508 1730 1724 1788 delicias
1756 1750 1774 1787 :
1802 1750 1865 1788 ea:
1891 1752 1992 1805 quo
2024 1736 2086 1804 ﬁt
2114 1745 2170 1790 ut

612 1815 845 1871 homines
905 1817 987 1871 his
1038 1818 1294 1875 delibutas
1343 1825 1656 1891 percutiant.
1727 1825 1925 1882 Eadem
1987 1838 2173 1884 narrat

2278 629 2429 684 lanas
2463 641 2660 685 tractas
2690 632 2948 685 madentes
2973 647 3148 700 passo,
3184 644 3275 686 aut
3304 633 3537 702 defruto,
3572 642 3676 686 aut
3734 648 3893 704 aqua

2279 717 2467 771 mulsa.
2507 718 2838 771 Gallinarum
2867 720 3025 772 etiam
3057 720 3247 775 crudos
3275 738 3484 777 carnes.
3513 719 3885 787 Quibusdam

2274 809 2430 861 etiam
2476 810 2747 864 cestutibus
2780 810 2936 864 iidem
2974 811 3077 865 cibi
3128 813 3436 880 prastandi,
3468 830 3594 867 cum
3636 814 3881 868 siccitas

2279 901 2528 953 continua
2556 902 2746 969 ﬂorum
2772 904 3073 957 alimentum
3103 906 3340 961 abstulit.
3370 905 3573 961 Eadem
3608 905 3746 962 fere
3777 907 3879 960 ba-

2275 993 2363 1046 bet
2391 993 2707 1057 Columella,
2744 995 2834 1047 lib.
2867 994 2943 1058 d.,
2967 1010 3085 1065 cap.
3129 996 3215 1061 I4,
3247 996 3425 1051 differt
3446 1006 3637 1052 tamen
3663 1000 3751 1052 ab
3780 1013 3873 1061 eo,

2273 1084 2417 1153 quod
2442 1100 2547 1139 non
2571 1085 2820 1155 gallinas,
2844 1086 2937 1141 sed
2963 1102 3110 1151 aves,
3135 1089 3310 1157 iisque
3339 1088 3641 1144 interaneis
3662 1105 3871 1144 exem-

2272 1177 2378 1246 ptis
2407 1176 2684 1231 includant
2715 1178 2939 1233 hiberno
2970 1186 3210 1248 tempore
3243 1190 3299 1233 ut
3324 1181 3524 1250 plumis
3559 1182 3868 1250 praebeant

2273 1274 2512 1337 teporem
2555 1269 2744 1338 apibus
2788 1270 2940 1334 dicit,
2985 1271 3117 1325 Tum
3157 1273 3364 1325 etiamsi
3401 1281 3524 1325 sunt
3555 1273 3865 1342 absumpta

2273 1360 2477 1414 cibaria
2510 1362 2775 1416 commode
2812 1372 3097 1432 pascuntur
3123 1365 3423 1428 esurientes,
3455 1382 3547 1419 nec
3578 1366 3697 1420 nisi
3728 1383 3862 1420 ossa

2273 1468 2455 1505 eorum
2497 1453 2813 1523 relinquunt.
2846 1452 2940 1508 Sin
2976 1465 3147 1509 autem
3174 1456 3278 1524 favi
3314 1457 3584 1525 sufﬁcient
3632 1474 3860 1526 permo-

2279 1555 2399 1599 nent
2430 1546 2670 1610 illibatte,
2704 1564 2794 1601 nec
2836 1551 3069 1618 quamvis
3108 1552 3497 1607 amantissimas
3540 1553 3858 1607 munditia-

2271 1651 2388 1689 rum
2423 1637 2690 1706 offendunt
2744 1638 2901 1693 odore
2948 1655 3062 1696 suo.
3099 1640 3290 1695 Verum
3339 1639 3593 1698 Elianus
3638 1646 3854 1701 nullius

2271 1726 2520 1781 animalis
2549 1742 2740 1782 carnes
2773 1729 2952 1794 edere,
2982 1730 3077 1785 sed
3117 1731 3224 1786 illis
3258 1733 3393 1787 satis
3438 1749 3563 1788 esse
3604 1733 3851 1790 ﬂoribus

2270 1818 2415 1873 vesci
2469 1820 2768 1883 contendit,
2802 1820 2895 1875 lib.
2951 1837 3003 1885 ν,
3056 1821 3131 1875 De
3184 1821 3308 1876 hist.
3348 1824 3534 1887 anim.,
3574 1840 3711 1896 cap.
3756 1827 3844 1889 Il.

617 1907 888 1975 Elianus,
922 1909 991 1964 De
1013 1911 1136 1965 hist.
1168 1915 1355 1977 anim.,
1383 1915 1477 1970 lib.
1501 1934 1553 1981 ν,
1586 1934 1703 1989 cap.
1738 1921 1823 1974 M.
1855 1919 1990 1975 Hinc
2010 1923 2161 1977 etiam

2274 1912 2395 1965 Blov
2426 1911 2481 1965 δὲ
2511 1913 2744 1986 καθαρὸν
2767 1914 2830 1986 ζῇ
2858 1915 3096 1985 μέλιττα,
3126 1917 3219 1970 καὶ
3244 1916 3378 1981 ζὼου
3406 1919 3506 1970 οὐκ
3535 1916 3606 1972 ἂν
3622 1892 3847 1984 abem;

613 2003 674 2058 ﬁt
713 2013 771 2057 ut
820 2005 1025 2059 nullum
1060 2006 1287 2063 cadaver
1328 2010 1615 2082 attingant.
1670 2010 1908 2080 Plinius,
1954 2016 2048 2071 lib.
2091 2031 2169 2083 ιι,

614 2110 735 2166 cap.
767 2096 857 2152 25.
1124 2088 1131 2093 ’

680 2188 841 2255 Ibid.,
874 2191 969 2245 lin.
998 2191 1090 2247 25.
1129 2193 1283 2258 Ὄξει
1312 2190 1425 2250 οὖν
1446 2194 1775 2250 άναόιοῦσι.
1807 2195 1983 2251 Alium
2013 2213 2170 2268 repa-

611 2281 839 2338 rationis
890 2283 1106 2338 modum
1158 2294 1343 2339 narrat
1401 2285 1631 2350 Plinius,
1673 2288 1766 2341 lib.
1815 2303 1889 2355 XI,
1923 2304 2041 2358 cap.
2076 2288 2166 2354 20,

611 2370 746 2426 Sunt
773 2374 862 2443 qui
891 2384 1144 2439 mortuas,
1180 2378 1225 2430 si
1259 2377 1399 2430 intra
1443 2387 1631 2432 tectum
1673 2379 1839 2434 hieme
1878 2391 2164 2447 serventur,

610 2462 793 2518 deinde
825 2464 933 2518 sole
962 2482 1112 2519 verno
1141 2474 1457 2531 terreantur,
1493 2485 1554 2521 ac
1587 2469 1807 2537 ﬁculneo
1851 2472 2018 2525 cinere
2061 2479 2168 2525 toto

608 2554 693 2608 die
727 2554 1023 2624 foveantur,
1050 2567 1228 2623 putent
1260 2558 1578 2613 reviviscere.
1613 2559 1669 2612 Id
1700 2571 1875 2615 autem
1906 2561 2168 2632 Hyginius

609 2645 847 2714 majores
901 2654 1120 2701 secutus
1173 2654 1423 2702 auctores
1468 2647 1796 2718 prodiderat.
1846 2648 2164 2716 Columella,

612 2734 689 2789 De
715 2751 770 2789 re
801 2745 961 2801 rust.,
985 2737 1079 2792 lib.
1107 2754 1181 2801 ιι,
1223 2753 1343 2808 cap.
1378 2739 1463 2802 15,
1511 2737 1652 2792 Nam
1692 2739 1825 2792 illud
1843 2740 1982 2809 quod
2016 2740 2167 2811 [ligi-

611 2830 729 2882 nius
782 2829 1009 2899 majores
1068 2840 1274 2885 secutus
1320 2842 1557 2886 auctores
1614 2834 1867 2903 prodidit,
1908 2836 2017 2901 ipse
2063 2851 2165 2888 non

607 2929 850 2988 expertus
896 2934 1189 2976 asseverare
1244 2940 1347 2976 non
1407 2923 1570 2977 audeo
1602 2941 1620 2979 :
1650 2924 1933 2979 uolentibus
1994 2934 2165 2980 tamen

612 3013 785 3068 licebit
829 3015 1091 3085 experiri;
1166 3016 1418 3087 siquidem
1456 3019 1688 3087 praecipit
1730 3035 1882 3088 apum
1926 3034 2164 3087 corpora,

608 3122 724 3172 qua:
752 3122 867 3159 cum
895 3106 1157 3176 ejusmodi
1184 3108 1342 3177 pestis
1370 3109 1599 3174 incessit,
1640 3110 1735 3164 sub
1772 3110 1906 3179 favis
1950 3129 2164 3167 acerva-

2273 2006 2505 2059 πάσαιτό
2535 2023 2683 2070 ποτε,
2723 2006 2817 2060 καὶ
2857 2008 2916 2062 οὐ
2958 2007 3122 2061 δεῖται
3165 2010 3477 2081 Πυθαγόρου
3524 2011 3843 2081 συμϐοὗλευ

2269 2095 2389 2148 οὐδὲ
2418 2095 2496 2159 ἓν,
2524 2094 2669 2165 quod
2698 2102 2750 2149 et
2777 2104 2909 2152 ante
2932 2112 3054 2151 eum
3086 2097 3402 2153 Aristoteles
3429 2098 3837 2162 insinuaverat,

2268 2186 2362 2241 lib.
2395 2202 2473 2249 Ix,
2513 2184 2588 2241 De
2607 2186 2730 2240 hist.
2753 2187 2941 2252 anim.,
2967 2202 3090 2259 cap.
3120 2189 3208 2254 40,
3231 2190 3373 2260 Πρὸς
3401 2189 3580 2261 σάρκα
3604 2190 3664 2243 δὲ
3690 2191 3837 2245 οὐδε-

2267 2276 2355 2339 νὸς
2385 2277 2620 2343 καθίζει,
2647 2276 2753 2331 οὐδ’
2775 2278 3053 2349 ὀψοφαγεῖ⁵
3088 2280 3220 2346 Quis
3249 2295 3378 2351 ergo
3403 2281 3569 2337 hasce
3598 2283 3654 2336 in
3682 2292 3830 2337 tanta

2267 2368 2510 2423 ciborum
2542 2370 2717 2439 capia,
2746 2384 3033 2425 succorum
3059 2370 3327 2426 amuentia
3356 2387 3481 2427 aere
3507 2374 3713 2429 nutriri
3736 2390 3832 2429 ua-

2265 2475 2430 2530 quam
2460 2461 2834 2517 existimaret?
2861 2463 2984 2533 quis
3014 2463 3167 2518 cibos
3198 2472 3546 2535 praepararet,
3578 2466 3710 2535 quis
3737 2483 3827 2523 eas

2266 2559 2479 2607 curaret
2512 2554 2755 2615 alendas,
2788 2554 2984 2623 quibus
3023 2570 3122 2609 nec
3180 2556 3337 2611 cibus
3390 2556 3586 2611 deeese
3628 2568 3823 2628 potest.

2265 2660 2364 2700 nec
2397 2645 2554 2701 famis
2600 2646 2866 2710 cruciare,
2918 2662 3040 2701 cum
3092 2662 3304 2716 semper
3357 2648 3594 2704 habeant
3643 2667 3825 2708 aerem

2262 2743 2554 2806 patentem.
2584 2750 2691 2806 quo
2723 2736 2932 2804 possint
2963 2738 3232 2791 enutriri?

2335 2826 2491 2889 lbid.,
2540 2828 2637 2882 lin.
2683 2826 2773 2880 26.
2833 2828 3077 2896 Ἔχουσι
3118 2827 3186 2881 δὲ
3225 2829 3511 2894 βασιλέα.
3566 2830 3822 2897 Basilius,

2262 2918 2412 2973 hom.
2460 2918 2513 2983 8,
2563 2920 2716 2972 Ἔστι
2758 2918 2814 2972 δέ
2852 2937 2974 2973 τινα
3016 2922 3111 2974 καὶ
3152 2921 3408 2976 πολιτικά
3442 2922 3548 2976 τῶν
3591 2923 3815 2993 ἀλόγων⁸

2264 3010 2421 3083 εἴπερ
2458 3010 2729 3075 πολιτείας
2765 3010 2895 3064 ἴδιον
2931 3012 2991 3065 τὸ
3022 3013 3157 3082 πρὸς
3194 3012 3251 3066 ἓν
3287 3015 3460 3084 πέρας
3498 3016 3671 3068 κοινὸν
3697 3033 3821 3069 συν-

2264 3102 2435 3157 νεύειν
2457 3104 2555 3174 τὴν
2573 3105 2850 3176 ἐνέργειαν
2866 3105 2973 3157 τῶν
2993 3104 3111 3158 καθ’
3134 3105 3380 3170 ἕκαστον,
3405 3106 3586 3178 ὥσπερ
3600 3108 3810 3161 ἐπὶτῶν

611 3200 706 3253 tim
736 3211 923 3254 enecta:
949 3201 1293 3268 reperiuntur,
1326 3201 1464 3254 sicco
1511 3201 1620 3255 loco
1650 3218 1741 3271 per
1765 3203 1981 3258 hiemem
2014 3220 2161 3274 repo—

2268 3193 2537 3265 μελισσῶν
2576 3195 2640 3249 ἄν
2679 3211 2763 3258 τις
2798 3193 2914 3248 ἴδοι.
2952 3196 3061 3249 Καὶ
3083 3195 3191 3269 γὰρ
3221 3198 3435 3251 ἐκείνων
3464 3199 3609 3269 κοινὴ
3644 3201 3743 3268 μὲν
3767 3203 3802 3271 ἡ

608 3292 713 3347 sita
741 3293 883 3345 circa
926 3292 1276 3362 a’quinoxium
1315 3309 1546 3358 ceruum,
1586 3310 1702 3347 cum
1742 3295 2015 3350 clementia
2057 3296 2161 3351 diei

2262 3287 2495 3358 οἴκησις,
2532 3286 2684 3358 κοινὴ
2717 3286 2773 3340 δὲ
2806 3290 2838 3358 ή
2876 3291 3091 3359 πτῆσις,
3122 3291 3346 3360 ἐργασία
3372 3291 3423 3343 δὲ
3445 3291 3649 3344 πάντων
3667 3291 3788 3360 μία·

607 3390 833 3444 suaserit
860 3398 974 3458 post
1012 3390 1195 3443 horam
1226 3390 1432 3443 tertiam
1449 3389 1502 3442 in
1532 3389 1692 3444 solem
1724 3392 1977 3461 proferre,
2008 3393 2162 3463 ficul-

607 3498 799 3551 ncoque
830 3482 998 3535 cinere
1031 3481 1263 3536 obruere.
1292 3482 1405 3549 Quo
1431 3483 1572 3551 facto
1604 3483 1837 3552 afﬁrmat
1859 3484 2002 3538 intra
2025 3484 2159 3539 duas

606 3570 762 3624 horas
808 3587 925 3623 cum
971 3571 1135 3625 vivido
1170 3572 1339 3626 halitu
1372 3573 1562 3627 caloris
1596 3574 1843 3629 animatae
1882 3587 2024 3640 sunt,
2078 3594 2159 3631 re-

604 3673 811 3733 sumpto
840 3665 1026 3733 spiritu
1058 3664 1113 3718 in
1139 3676 1491 3735 prwparatum
1520 3683 1632 3730 vos,
1664 3668 1711 3722 si
1749 3667 2048 3735 obiiciatur,
2081 3670 2159 3723 ir-

603 3773 802 3826 repere.

676 3847 805 3903 Ibid.
855 3850 1166 3919 Τρέφογται
1219 3848 1286 3905 δὲ
1318 3852 1396 3919 τῷ
1431 3853 1575 3921 ἔαρι.
1616 3853 1870 3919 Basilius,
1917 3855 2062 3909 hom.
2101 3854 2153 3920 8,

614 3940 751 3994 Ἀλλ’
782 3941 876 3994 ὅλα
900 3943 967 3995 δι’
999 3943 1121 3996 ὅλου
1153 3944 1407 4015 τρέφεται
1444 3946 1520 4018 τῷ
1541 3947 1680 4018 ἀέρι.
1715 3946 2052 4011 Aristoteles,
2081 3947 2157 4002 De

601 4033 725 4087 hist.
755 4035 941 4098 anim.,
976 4035 1071 4090 lib.
1106 4051 1183 4099 Ix.
1216 4052 1333 4107 cap.
1360 4038 1447 4101 40,
1475 4038 1702 4093 allirmat
1734 4055 1826 4094 eas
1854 4041 2062 4094 esurire
2089 4040 2156 4094 ab

601 4124 778 4177 hieme
801 4125 1141 4192 potissimum
1185 4142 1305 4181 cum
1341 4144 1478 4199 opus
1508 4131 1803 4200 incipiunt,
1846 4138 1899 4185 et
1939 4131 2032 4185 lib.
2080 4148 2153 4196 IV,

544 4200 547 4201 ⁷
601 4211 678 4265 De
697 4221 836 4280 part.
864 4215 1049 4280 anim.,
1081 4230 1202 4285 cap.
1231 4216 1283 4280 6,
1308 4219 1382 4271 ait
1411 4234 1503 4273 eas
1535 4219 1654 4273 ideo
1684 4236 1802 4275 esse
1826 4219 2154 4290 quadrigen-

600 4316 719 4364 nes,
754 4312 807 4357 et
843 4305 1232 4374 corpulentiam
1277 4307 1474 4363 habere
1511 4306 1783 4379 leviorem,
1819 4312 1944 4381 quia
1970 4319 2023 4366 et
2063 4327 2155 4380 pa-

600 4394 748 4450 scuis
783 4394 991 4460 vivunt,
1032 4405 1086 4452 et
1124 4413 1346 4455 necesse
1381 4399 1578 4457 habent
1611 4403 1792 4472 pabuli
1823 4418 1988 4460 causa
2024 4420 2152 4459 eva-

598 4492 737 4558 gari,
768 4496 823 4544 et
854 4489 947 4544 lib.
974 4506 1050 4553 ix,
1080 4489 1155 4544 De
1178 4490 1302 4546 hist.
1338 4494 1523 4556 anim.,
1550 4510 1668 4565 cap.
1702 4497 1791 4562 40,
1827 4496 2153 4552 determinat

2262 3381 2358 3434 καὶ
2383 3379 2472 3432 τὸν
2507 3379 2783 3451 μέγιστον,
2816 3382 2897 3434 ὅτι
2929 3382 3032 3434 ὑπὸ
3062 3381 3271 3451 βασιλεῖ
3290 3384 3369 3436 καὶ
3390 3381 3649 3452 ταξιάρχῳ
3676 3385 3783 3437 τινὶ

2258 3469 2366 3523 τῶν
2390 3468 2562 3539 ἔργων
2594 3469 2875 3537 ἅπτονται,
2903 3472 2964 3524 οὐ
2993 3472 3253 3543 πρότερον
3282 3471 3667 3541 καταδεχόμεναι
3689 3473 3779 3527 ἐπὶ

2257 3563 2384 3625 τοὺς
2402 3562 2673 3632 λειμῶνας
2695 3562 2887 3628 ἐλθεῖν,
2922 3564 3050 3635 πρὶν
3088 3564 3153 3617 ἂν
3188 3564 3336 3617 ἴδωσι
3365 3562 3681 3633 κατάρξαντα
3698 3563 3783 3616 τὸν

2258 3650 2482 3721 βασιλέα
2508 3651 2605 3722 τῆς
2640 3652 2910 3722 πτήσεως.
2966 3653 3076 3705 Καὶ
3102 3651 3246 3705 ἐστιν
3274 3655 3457 3716 αὑταῖς
3489 3652 3544 3705 οὐ
3570 3670 3792 3723 χειροτο-

2257 3745 2413 3815 νητὸς
2441 3744 2709 3814 βασιλεύς.
2734 3742 2799 3797 ΕΙ.
2831 3744 3079 3810 inferius,
3114 3746 3250 3798 Ἀλλ’
3274 3748 3339 3799 ἐκ
3366 3746 3571 3815 φύσεως
3598 3745 3800 3816 ἔχωντί.

2256 3834 2396 3887 κατὰ
2438 3835 2652 3889 πάντων
2695 3839 2975 3907 πρωτεῖον,
3006 3837 3098 3889 καὶ
3144 3837 3361 3908 μεγέθει
3400 3837 3686 3909 διαφέρων,
3717 3840 3802 3890 καὶ

2258 3927 2514 3997 σχήματι,
2551 3927 2646 3980 καὶ
2677 3930 2743 3998 τῇ
2770 3926 2862 3979 τοῦ
2892 3926 3052 3998 ἤθους
3078 3928 3361 3999 πραότητι.
3396 3930 3548 3982 Ἔστι
3584 3930 3678 4000 μὲν
3706 3932 3804 4001 γὰρ

2258 4019 2477 4089 κέντρον
2500 4018 2579 4089 τῷ
2606 4019 2831 4090 βασιλεῖ,
2862 4018 2998 4072 ἀλλὰ
3024 4021 3084 4072 οὐ
3113 4020 3308 4091 χρῆται
3336 4020 3494 4073 τοῦτο
3522 4020 3656 4092 πρὸς
3680 4022 3803 4092 ἆμυο

2257 4128 2368 4165 ναν.
2404 4109 2544 4167 δοιω
2567 4113 2711 4167 enim
2743 4112 2825 4166 ba:
2854 4127 2921 4167 ex
2945 4113 3186 4166 omnium
3217 4112 3575 4166 animantium
3599 4128 3805 4183 genere,

2255 4211 2314 4257 ut
2341 4211 2533 4258 auctor
2560 4212 2645 4259 est
2678 4202 2878 4269 Horus,
2913 4204 3064 4268 1ἰ1).ι,
3082 4219 3203 4273 cap.
3221 4202 3310 4267 62,
3331 4212 3384 4259 et
3400 4219 3581 4274 regem
3601 4205 3806 4266 habent.

2252 4298 2308 4346 et
2359 4291 2437 4345 illi
2475 4307 2585 4347 non
2619 4307 2779 4347 secus
2814 4307 2879 4347 ac
2916 4292 3109 4363 vulgus
3149 4293 3259 4362 regi
3290 4294 3685 4363 obtemperant.
3708 4296 3809 4347 Καὶ

2254 4382 2362 4455 γὰρ
2386 4384 2542 4455 μόνον
2564 4383 2670 4437 τῶν
2701 4383 2873 4438 ἄλλων
2899 4382 3050 4448 ζώων
3080 4384 3297 4454 βασιλέα
3328 4385 3460 4456 ἔχει,
3486 4378 3531 4453 ᾧ
3556 4386 3617 4438 τὸ
3638 4386 3810 4438 λοιπὸν

2252 4479 2359 4541 τῶν
2378 4479 2642 4551 μελισσῶν
2659 4480 2849 4533 ἕπεται
2869 4479 3090 4552 πλῆθος,
3116 4482 3246 4536 καθὸ
3268 4484 3359 4536 καὶ
3382 4485 3431 4534 οἱ
3459 4484 3576 4538 ἄνοι
3599 4482 3811 4538 ἕπονται

598 4593 691 4632 eas
722 4578 854 4633 nihil
885 4581 1093 4645 venari,
1150 4574 1245 4637 sed
1290 4582 1423 4652 ipsis
1466 4584 1569 4639 sibi
1622 4587 1827 4641 cibaria
1871 4587 2069 4651 facere,
2101 4597 2154 4643 et

2263 4571 2491 4642 βασιλεῖ.
2523 4572 2588 4627 Ει
2624 4572 2907 4644 Didymus,
2954 4575 3009 4628 in
3056 4575 3341 4647 Georgicis,
3368 4577 3478 4629 Καὶ
3507 4577 3541 4647 ἡ
3575 4577 3810 4630 πολιτεία

599 4672 912 4735 recondere.
949 4684 1001 4728 et
1043 4690 1228 4730 earum
1263 4678 1441 4731 cibum
1483 4694 1604 4734 esse
1640 4681 1765 4746 mel,
1803 4682 1951 4749 cujus
1978 4683 2053 4735 rei
2079 4686 2158 4737 in-

596 4759 791 4817 dicium
814 4764 1037 4834 faciunt,
1068 4785 1185 4822 cum
1215 4770 1407 4837 apiarii
1438 4770 1663 4826 eximere
1692 4773 1949 4843 incipiunt
1972 4775 2155 4843 favus;

594 4857 831 4923 quamvis
864 4860 999 4912 enim
1029 4862 1336 4930 sufﬁantur,
1367 4862 1778 4933 uehementerque
1802 4881 1867 4919 ea:
1897 4867 2041 4935 fumo
2076 4868 2155 4922 la-

596 4946 807 5009 borent;
827 4956 998 5003 tamen
1036 4953 1153 5018 plus
1194 4952 1362 5007 mellis
1402 4964 1523 5008 tunc
1552 4957 1732 5019 edunt,
1782 4973 1937 5025 quam
1982 4960 2149 5027 prius.

595 5035 747 5102 Quod
774 5038 913 5091 enim
940 5040 1042 5093 cibi
1081 5058 1242 5096 causa
1275 5044 1377 5098 sibi
1410 5046 1816 5112 recondiderint,
1850 5050 2062 5115 parcius
2094 5067 2152 5103 eo

591 5128 907 5191 temporibus
952 5134 1153 5185 caeteris
1181 5142 1416 5188 utuntur.
1453 5135 1554 5191 Sed
1602 5137 1791 5190 habent
1842 5140 2001 5192 etiam
2050 5156 2151 5210 quo

589 5219 758 5274 altero
796 5216 911 5275 cibo
938 5222 1176 5286 alantur,
1199 5225 1335 5293 quod
1359 5227 1572 5296 quidam
1599 5230 1912 5300 ceraginem,
1948 5230 2044 5284 alii
2077 5248 2153 5285 res

587 5329 733 5366 reum
769 5324 973 5377 vocant,
1024 5331 1197 5368 verum
1240 5316 1335 5370 hoc
1379 5317 1605 5372 deterius
1640 5331 1738 5385 est,
1779 5331 1829 5375 et
1881 5322 2149 5376 dulcedine

586 5421 745 5475 prope
761 5406 893 5474 ﬁcus
910 5421 928 5460 :
946 5408 1313 5491 congerunt‘id
1337 5425 1535 5479 quoque
1564 5420 1620 5465 ut
1646 5428 1817 5467 ceram
1843 5416 1951 5468 suis
1975 5417 2144 5468 cruri-

586 5491 700 5547 bus.
736 5492 800 5546 Et
827 5493 1077 5560 inferius,
1105 5494 1303 5550 Pastus
1335 5502 1665 5567 gratissimus
1696 5502 1878 5571 apibus
1914 5504 2148 5575 thymum

583 5595 702 5639 est:
732 5586 822 5640 sed
852 5588 1039 5643 rubido
1077 5588 1255 5642 album
1285 5591 1582 5660 pra‘fertur.
1635 5591 1698 5645 Et
1736 5594 1828 5646 lib.
1872 5611 1989 5661 vni,
2025 5612 2142 5665 cap.

588 5674 673 5736 ll,
718 5676 848 5743 Apis
887 5694 991 5733 una
1027 5679 1189 5734 nullis
1222 5680 1419 5750 putidis
1458 5680 1674 5747 assidet,
1712 5700 1801 5738 nec
1846 5687 2010 5739 utitur
2041 5687 2147 5740 alio

585 5757 697 5808 ciba
738 5777 895 5830 quam
946 5763 1107 5821 dulci.
1136 5764 1302 5833 Plin.,
1336 5767 1429 5821 lib.
1479 5782 1592 5834 xm,
1621 5784 1739 5839 cap.
1776 5770 1862 5831 14,
1908 5771 1971 5826 Si
2003 5774 2148 5828 cibus

588 5868 759 5905 ueeue
791 5868 1061 5909 censeatur
1091 5858 1273 5927 apibus
1312 5878 1436 5915 uras
1483 5878 1666 5917 oassas
1707 5864 1951 5932 siccasre,
1992 5867 2150 5935 ﬁcos-

2257 4664 2445 4717 τοῦτου
2474 4665 2564 4717 τοῦ
2595 4664 2731 4729 ζώου
2760 4666 3046 4737 προσέοικε
3073 4671 3191 4732 ταῖς
3231 4668 3460 4739 μάλιστα
3485 4668 3809 4740 εὐνομουμέ-

2255 4771 2374 4817 ναις
2406 4753 2513 4807 τῶν
2546 4755 2771 4809 πόλεων.
2807 4757 2917 4821 Τάς
2944 4775 3005 4810 τε
3040 4759 3147 4830 γὰρ
3174 4759 3381 4826 ἐξόδους
3420 4759 3542 4813 καθ’
3576 4761 3810 4832 ἡγεμόνα

2255 4847 2353 4898 καὶ
2377 4845 2512 4916 πρὸς
2536 4847 2596 4899 τὸ
2622 4847 2898 4919 ἐπίταγμα
2928 4853 3180 4905 ποιεῖται.
3214 4852 3278 4905 Et
3307 4852 3650 4915 Aristoteles,
3678 4853 3765 4907 lib:
3794 4869 3807 4905 ι

2256 4942 2335 4995 De
2371 4943 2555 4997 histor.
2610 4948 2797 5008 anim.,
2846 4961 2966 5016 cap.
2997 4946 3048 5007 l,
3098 4947 3262 5000 etiam
3312 4962 3474 5017 grues
3522 4948 3628 5001 sub
3682 4949 3807 5002 duce

2256 5050 2416 5106 agere
2449 5040 2667 5099 asserit,
2713 5037 2891 5093 Civilis
2915 5040 3118 5108 generis
3157 5050 3233 5093 est
3262 5039 3435 5104 homo,
3470 5039 3603 5106 apis,
3638 5056 3802 5109 vespa.

2252 5127 2495 5197 formica,
2546 5147 2690 5200 grus.
2740 5130 2978 5196 Quarum
3025 5133 3146 5186 alia:
3180 5131 3273 5185 sub
3310 5132 3440 5186 duce
3489 5133 3707 5201 degunt,
3757 5142 3805 5185 ut

2251 5238 2424 5290 grues,
2457 5231 2514 5275 ut
2550 5238 2691 5291 apes,
2738 5224 2859 5277 alia:
2902 5224 3035 5277 nulli
3063 5220 3287 5276 subdita:
3329 5224 3547 5293 imperio
3578 5237 3728 5289 sunt,
3757 5236 3804 5278 ut

2249 5309 2483 5379 formica:
2513 5323 2560 5366 et
2591 5312 2699 5366 alia
2730 5316 3005 5367 innumera
3029 5329 3154 5382 pene
3181 5330 3388 5384 genera.

2319 5406 2477 5472 Ibid.,
2503 5407 2600 5460 lin.
2627 5405 2714 5459 28.
2750 5407 2854 5460 Kal
2880 5406 3124 5475 οὐδεμία
3151 5406 3493 5476 προχείρως.
3526 5405 3670 5475 Apes
3696 5421 3804 5475 pro.

2251 5500 2428 5568 prium
2464 5498 2679 5560 ducem,
2713 5506 2874 5566 atque
2907 5498 3309 5566 imperatorem,
3335 5496 3588 5550 omnibus
3615 5495 3800 5551 ofﬁciis

2252 5590 2508 5659 prosequi
2563 5589 2834 5642 afﬁrmant
2891 5587 3161 5651 Elianus,
3210 5588 3286 5642 De
3337 5588 3522 5644 histor.
3563 5587 3797 5649 animal.,

2249 5681 2344 5734 Iib.
2374 5697 2426 5744 ν,
2449 5696 2569 5750 cap.
2605 5680 2669 5733 l0
2695 5688 2747 5733 et
2780 5680 2833 5733 tl
2860 5698 2875 5736 :
2900 5680 3237 5743 Aristoteles,
3256 5687 3308 5733 et
3340 5677 3571 5745 Plinius,
3601 5678 3693 5732 lib.
3730 5694 3795 5737 xi.

2249 5790 2370 5845 cap.
2413 5776 2465 5839 6,
2532 5783 2585 5829 et
2639 5790 2759 5845 cap.
2806 5775 2893 5830 l7.
2928 5775 3067 5829 Mira
3117 5776 3288 5845 plebis
3328 5774 3472 5828 circa
3517 5789 3639 5827 eum
3677 5772 3796 5825 obe-

2250 5869 2471 5925 dientia.
2510 5868 2641 5924 Cum
2671 5868 2899 5937 procedit
2934 5884 3038 5923 una
3075 5878 3151 5922 est
3186 5879 3347 5922 totum
3385 5881 3620 5930 examen,
3645 5865 3792 5920 circa-
