4064 6290
367 269 496 327 917
1480 271 1545 327 ΙΝ
1583 273 1927 330 EUSTATHI

2026 271 2460 331 ΙΕΧΑΕΜἘΒΟΝ
2495 268 2729 325 NOTAE;
3500 267 3602 323 9l8

367 404 485 444 ue
521 403 639 442 eum
663 380 1026 459 conglobatur,
1064 389 1245 462 cingit,
1272 396 1517 465 protegit,
1543 398 1683 450 cerni
1721 414 1823 451 non
1850 413 1927 467 pa-

2047 414 2142 468 την
2181 400 2298 460 ταῖς
2352 393 2621 464 κοιλότησι
2668 390 2774 445 τῶν
2820 389 3025 461 κηρίων
3074 378 3304 459 ἐνίησιν·
3350 386 3470 441 ὅθεν
3508 390 3605 441 καὶ

369 482 538 535 titur.
571 480 780 547 Quibus
825 482 974 536 addit
1021 483 1270 541 Elianus
1303 487 1424 541 loco
1457 489 1511 543 d.
1559 490 1722 543 etiam
1768 505 1927 560 regen

2050 488 2210 560 ὑγρὸν
2237 484 2387 557 παρὰ
2419 484 2516 556 τὴν
2560 483 2778 554 πρώτην
2803 482 2968 548 ἐστὶν,
2995 476 3110 534 abre
3135 480 3212 551 τῷ
3250 480 3421 553 χρόνῳ
3466 495 3600 549 συμ-

370 570 673 641 fugitivum
706 587 1006 637 accersere,
1062 585 1116 630 et
1162 575 1217 629 in
1266 592 1493 647 regnum
1522 580 1804 635 reducere.
1845 580 1927 633 Tir

2047 579 2247 649 πεφθὲν
2272 618 2287 641 ,
2345 577 2479 648 πρὸς
2544 576 2639 647 τὴν
2693 574 2898 628 οἰκείαν
2953 573 3205 627 σύστασιν
3266 573 3361 626 καὶ
3409 571 3599 644 ἡδονὴν

373 661 612 733 βασιλέα
644 665 827 719 αὐτῶν
859 667 916 722 at
962 664 1203 734 μέλιτται
1245 670 1418 741 πρᾶον
1448 669 1573 723 ὂντα
1601 672 1693 724 uel
1720 671 1943 743 ἧμερον,

372 751 479 805 καὶ
503 755 636 824 ὁμοῦ
661 771 713 808 τι
740 757 835 809 καὶ
859 757 1137 831 ἄκεντρον,
1154 759 1278 812 ὅταν
1307 759 1475 822 αὐτὰς
1502 760 1758 832 ἀπολίπῃ,
1785 779 1947 831 μετα-

375 842 566 898 θέουσι
608 863 688 909 τε,
738 849 833 901 καὶ
877 848 1130 904 διώκουσι
1177 849 1385 919 φυγάδα
1434 850 1534 921 τῆς
1579 852 1753 922 ἀρχῆς
1795 851 1941 905 ὄντα.

390 933 767 1006 Ῥινηλατοῢσι
798 937 855 991 δὲ
885 939 1045 993 αὐτὸν
1068 941 1408 1011 ἀπορῤήτως,
1440 941 1533 994 καὶ
1555 942 1619 995 ὲκ
1640 941 1740 1012 τῆς
1768 943 1943 1013 ὀσμῆς

371 1027 483 1098 τῆς
511 1029 638 1099 περὶ
660 1030 820 1083 αὐτὸν
838 1030 1072 1102 αἱροῦσι,
1113 1031 1206 1085 καὶ
1236 1033 1293 1094 ἐς
1319 1032 1418 1102 τὴν
1443 1032 1713 1103 βασιλείαν
1738 1035 1941 1087 ἐπανά-

372 1135 591 1188 γουσιν,
623 1121 844 1175 έκοῦσαί
876 1139 933 1175 τε
967 1124 1060 1176 καὶ
1094 1122 1411 1195 βουλόμεναι
1447 1122 1541 1177 τοῦ
1572 1126 1773 1196 τρόπου
1807 1126 1942 1194 ἀγά-

378 1229 567 1283 μεναι.
595 1211 877 1280 Quomodo
906 1225 1083 1269 autem
1112 1230 1221 1269 una
1244 1232 1370 1270 cum
1403 1232 1527 1288 rege
1554 1217 1807 1288 migrant,
1831 1234 1940 1289 quo

375 1304 563 1375 signo,
623 1321 730 1375 qua
782 1319 930 1369 voce,
981 1312 1034 1360 et
1085 1307 1447 1371 observantia,
1497 1307 1815 1365 Aristoteles
1863 1309 1940 1365 De

374 1395 573 1450 histor.
609 1398 795 1459 anim.,
826 1396 920 1451 lib.
953 1412 1028 1460 ix,
1055 1412 1175 1468 cap.
1202 1397 1293 1463 40,
1320 1406 1374 1454 et
1406 1398 1634 1463 Plinius,
1660 1400 1715 1455 d.
1741 1401 1881 1456 loco.

451 1485 613 1551 lbid.,
642 1487 736 1542 lin.
758 1486 848 1541 29.
888 1487 1055 1541 Ἔστι
1083 1486 1152 1541 δὲ
1177 1487 1384 1554 αὐταῖς
1415 1484 1609 1555 οὗτος.
1647 1488 1764 1544 Νοιι
1792 1492 1944 1546 enim

374 1578 609 1650 eligunt,
636 1580 730 1635 sed
752 1581 1098 1635 successione
1127 1587 1181 1636 et
1210 1596 1407 1651 genere
1436 1583 1670 1652 optimos
1692 1598 1946 1654 quosque

376 1679 728 1737 conservant,
776 1686 840 1726 ac
890 1670 1121 1727 fovendo
1156 1678 1421 1739 tutantur,
1474 1673 1751 1743 improbos
1788 1676 1937 1730 occi-

374 1762 537 1826 dunt,
563 1768 620 1816 ut
649 1778 716 1817 ex
746 1778 910 1833 supra
937 1763 1095 1818 dictis
1125 1736 1438 1820 auctoribus
1462 1736 1808 1822 manifestum
1839 1782 1935 1837 ap-
1965 1736 2006 1793 Β

373 1862 554 1923 paret.
591 1852 740 1908 Hunc
772 1870 934 1924 porro
982 1856 1369 1926 magnitudine,
1414 1855 1582 1927 ﬁgura
1622 1873 1685 1912 ac
1720 1873 1932 1912 morum

377 1944 647 1999 suavitate
686 1952 910 2002 exteras
935 1961 1064 2016 apes
1097 1947 1419 2002 antecellere
1451 1957 1637 2003 narrat
1665 1948 1933 2005 Aristote-

373 2032 477 2096 les,
508 2032 586 2086 De
609 2044 839 2103 generat.
870 2035 1114 2099 animal.,
1145 2036 1240 2090 lib.
1269 2051 1351 2099 ιιι,
1379 2037 1544 2107 capit.
1573 2038 1672 2104 1ος
1703 2038 1930 2105 Plinius,

373 2122 471 2178 lib.
502 2139 576 2190 xi,
605 2127 771 2195 capit.
800 2124 887 2190 16,
909 2123 1065 2196 Reges
1088 2126 1260 2194 plures
1287 2126 1622 2192 inchoantur,
1650 2146 1712 2183 ne
1739 2129 1928 2184 desint.

372 2211 573 2267 Postea
595 2230 660 2269 ea:
685 2215 764 2269 his
786 2214 987 2270 soboles
1009 2233 1128 2269 cum
1149 2216 1335 2271 adulta
1359 2234 1470 2272 esse
1497 2220 1667 2287 ca’pit,
1687 2222 1932 2276 concordi

372 2304 630 2374 suffragio
661 2305 965 2360 deterrimos
1009 2317 1218 2374 necant,
1257 2324 1321 2361 ne
1368 2307 1667 2364 distrahant
1699 2313 1927 2382 agmina.

372 2393 495 2449 Duo
524 2407 696 2450 autem
727 2414 915 2468 genera
945 2415 1146 2464 eorum,
1188 2400 1374 2454 melior
1409 2401 1557 2470 rufus
1602 2418 1758 2471 quam
1788 2405 1931 2475 niger

373 2487 668 2556 variusque.
697 2486 949 2542 Omnibus
979 2488 1153 2558 forma
1206 2483 1406 2557 semper
1434 2492 1660 2561 egregia,
1690 2503 1740 2547 et
1770 2492 1929 2563 duplo

371 2594 530 2646 quam
566 2579 768 2633 steteris
809 2579 1000 2649 major,
1048 2596 1228 2650 penna:
1260 2580 1534 2647 breviores,
1573 2599 1731 2638 crura
1765 2597 1926 2650 recta,

374 2668 636 2737 ingressus
670 2669 878 2734 celsior,
916 2670 971 2723 in
1010 2670 1185 2740 fronte
1230 2678 1440 2731 macula
1483 2677 1710 2745 quodam
1744 2674 1928 2730 diade—

374 2766 513 2812 mate
557 2758 862 2819 candicans.
906 2759 1071 2813 multo
1127 2762 1284 2816 etiam
1322 2765 1489 2819 nitore
1529 2783 1560 2819 α
1595 2765 1745 2836 vulgo
1773 2766 1929 2835 di/fe-

374 2859 517 2904 runt.
548 2847 685 2904 Vide
714 2847 1013 2915 Elianum,
1044 2850 1137 2907 lib.
1175 2869 1227 2917 v,
1257 2868 1376 2922 cap.
1406 2855 1472 2910 l0
1503 2863 1557 2910 et
1589 2857 1647 2910 11
1673 2874 1687 2923 ;
1731 2854 1929 2925 Geapo-

374 2941 525 2994 nicon
557 2941 790 3003 collect.,
829 2952 883 2997 et
913 2943 1067 2998 alios.

437 3029 586 3129 ibid.
604 3032 700 3129 lin.
741 3031 830 3129 32..
866 3032 1032 3129 "Eafa
1059 3034 1188 3129 ,μὲν
1223 3036 1334 3105 γὰρ
1377 3037 1645 3105 κέντρον.
1685 3038 1742 3093 id
1781 3038 1922 3095 idem
1951 3068 1996 3129 ο

371 3120 530 3177 habet
559 3121 894 3187 Aristoteles,
944 3122 1021 3178 De
1048 3123 1232 3179 histor.
1266 3127 1454 3192 anim.,
1496 3143 1617 3198 cap.
1665 3129 1755 3194 21,
1786 3133 1924 3184 Acu-

368 3210 504 3265 leum
541 3227 662 3281 apes
686 3212 973 3281 possident,
1009 3215 1119 3284 fuci
1159 3233 1220 3271 eo
1244 3228 1442 3283 carent,
1480 3235 1621 3288 reges
1672 3221 1925 3293 ducesque

367 3302 573 3369 habent,
605 3304 695 3359 sed
729 3322 832 3360 non
866 3315 1129 3372 utuntur;
1159 3310 1401 3379 quocirca
1426 3327 1511 3365 eos
1540 3328 1721 3367 carere
1744 3315 1923 3368 aculeo

369 3394 605 3448 nonnulli
648 3396 970 3450 existimant.
1000 3396 1272 3464 Elianus,
1307 3399 1384 3455 De
1431 3400 1621 3456 histor.
1677 3405 1920 3469 animal.,

370 3485 463 3540 lib.
500 3501 538 3550 ι,
565 3499 684 3555 cap.
719 3484 810 3549 60,
842 3487 1002 3555 Λέγει
1039 3488 1136 3559 μέν
1163 3506 1246 3555 τις
1283 3490 1439 3560 λόγος
1468 3493 1759 3566 ἀκέντρους
1786 3492 1923 3551 εἶναι

367 3574 489 3636 τοὺς
516 3572 719 3627 τούτων
752 3574 1023 3645 βασιλέας*
1055 3577 1201 3647 λέγει
1233 3579 1406 3635 δὲκαὶ
1436 3580 1620 3654 ἔτερος
1652 3585 1745 3638 καὶ
1782 3585 1920 3639 πάνυ

369 3664 648 3736 ἑρρωμένα
692 3665 759 3719 τὰ
805 3668 1003 3739 κέντρα
1035 3672 1442 3740 συμπεφυκέναι
1480 3677 1680 3739 αὐτοῖς,
1709 3679 1801 3731 καὶ
1836 3696 1922 3730 τε-

371 3756 610 3827 θηγμένα
638 3758 1003 3829 ἀνδρειότατα.
1027 3760 1162 3815 Οὖτε
1183 3763 1238 3816 δὲ
1258 3765 1343 3816 ἐπ’
1363 3766 1515 3837 ἀνδρί
1538 3784 1666 3821 ποτε
1692 3771 1920 3842 χρῆσθαι

369 3849 543 3912 αὐτοῖς
587 3849 709 3902 οὔτε
758 3850 850 3903 ἐπὶ
893 3854 1015 3916 ταῖς
1057 3852 1349 3924 μελίτταις·
1404 3855 1538 3911 ἀλλὰ
1576 3860 1668 3912 καὶ
1720 3862 1922 3914 ὑποπε-

369 3938 595 3993 πλάσθαι
627 3940 786 4010 φόϐον
825 3941 1015 4006 ἄλλως.
1051 3944 1141 4016 Μὴ
1193 3944 1302 4017 γὰρ
1333 3945 1487 4018 θέμιν
1508 3944 1645 4003 εἶναι
1692 3951 1780 4004 τὸν
1825 3954 1922 4023 ἄρ-

369 4049 521 4102 χοντα
563 4033 658 4087 καὶ
699 4032 791 4087 τὸν
824 4033 1072 4090 τοσοῦτον
1117 4036 1307 4108 ἔφορον
1349 4040 1515 4095 κακὸν
1562 4042 1914 4112 ἐργάσασθαι.

369 4122 491 4187 Quae
528 4138 635 4178 non
670 4124 874 4196 integre
910 4127 1004 4182 sed
1037 4129 1224 4182 mutila
1252 4129 1464 4186 reddita
1495 4141 1623 4188 sunt
1653 4134 1720 4189 ab
1750 4135 1913 4189 inter-

2045 670 2416 740 ἐπανέρχεται.
2450 665 2554 732 Qui
2604 665 2713 723 sint
2762 664 2852 719 isti
2897 663 3076 728 ﬂores,
3112 679 3179 718 ex
3227 663 3426 734 quibus
3472 678 3598 733 apes

2043 760 2344 832 colligendo
2396 774 2590 816 succos
2636 772 2731 814 sua
2772 755 3066 811 coniiciunt
3113 755 3273 810 mella
3319 762 3598 809 enumerat

2041 853 2384 916 Aristoteles,
2413 869 2465 915 ν,
2496 850 2572 906 De
2589 850 2774 905 histor.
2804 849 3045 913 animal.,
3077 863 3198 918 cap.
3221 848 3292 901 22
3317 866 3331 914 ;
3368 846 3595 911 Plinius,

2042 944 2134 998 lib.
2168 961 2242 1010 ιιι,
2283 958 2401 1013 cap.
2434 944 2488 1006 8,
2513 943 2758 1012 quaedam
2790 957 2854 996 ex
2884 941 2990 995 illis
3015 939 3234 1010 excipit,
3258 945 3311 994 et
3332 939 3593 1008 quosdam

2039 1039 2130 1107 qui
2161 1036 2403 1106 quasdam
2438 1041 2761 1104 exceperant
2788 1032 3129 1102 reprehendit
3158 1049 3174 1086 :
3205 1029 3365 1085 Ceras
3392 1045 3457 1084 ea:
3485 1047 3597 1084 om-

2038 1129 2182 1182 nium
2231 1126 2477 1181 arborum
2519 1134 2852 1196 satorumque
2894 1123 3109 1193 ﬂoribus
3153 1124 3472 1193 conﬁngunt,
3505 1139 3593 1177 ea:-

2037 1231 2185 1290 cepta
2232 1222 2426 1275 rumice
2471 1229 2520 1276 et
2554 1216 2861 1287 chenopode,
2899 1216 3177 1270 herbarum
3226 1214 3336 1271 haec
3385 1232 3608 1299 genera;

2036 1313 2086 1366 F
2089 1314 2202 1367 also
2231 1314 2498 1382 excipitur
2514 1319 2563 1366 et-
2592 1322 2846 1381 spartum,
2878 1311 3060 1380 quippe
3092 1326 3208 1362 cum
3243 1310 3300 1362 in
3334 1307 3595 1376 Hispania

2035 1405 2201 1456 multa
2224 1405 2276 1456 in
2306 1403 2583 1471 spartariis
2612 1401 2770 1456 mella
2789 1400 2998 1453 herbam
3025 1416 3139 1452 eam
3169 1400 3399 1467 sapiant.
3431 1396 3477 1450 F
3479 1398 3594 1451 also

2032 1505 2080 1549 et
2109 1495 2252 1548 oleas
2284 1494 2451 1562 excipi
2500 1493 2750 1557 arbitror,
2791 1494 2973 1571 quippe
3011 1492 3159 1546 oliva:
3205 1500 3450 1559 prouentu
3475 1491 3594 1559 plu-

2034 1588 2168 1641 rima
2198 1586 2445 1640 exanima
2474 1586 2615 1655 gigni
2641 1592 2838 1638 certum
2863 1592 2958 1637 est.
3002 1580 3284 1635 Fructibus
3310 1580 3471 1634 nullis
3499 1598 3593 1634 no-

2034 1687 2215 1731 cetur:
2248 1674 2465 1729 mortuis
2509 1691 2571 1728 ne
2614 1673 2831 1743 ﬂoribus
2860 1670 3065 1742 quidem
3093 1687 3196 1724 non
3228 1669 3378 1723 modo
3407 1684 3590 1738 corpo—

2035 1767 2179 1821 ribus
2224 1766 2480 1820 insidunt.
2532 1763 2636 1819 Sed
2680 1762 2908 1827 Plinius,
2939 1762 2993 1815 in
3039 1760 3314 1816 nonnullis
3347 1759 3592 1814 animad—

2033 1857 2283 1911 versione
2314 1855 2510 1925 dignus
2545 1854 2772 1909 videtur.
2806 1853 2878 1907 De
2904 1852 3039 1907 oleis
3073 1852 3323 1921 superius
3346 1852 3587 1921 quaedam

2033 1947 2307 2013 diximus;
2340 1946 2407 2001 de
2445 1946 2674 2001 mortuis
2707 1944 3024 2013 corporibus
3056 1959 3157 1998 nec
3198 1944 3301 1998 sibi
3341 1951 3586 2004 constat;

2032 2045 2275 2093 mortuas
2309 2038 2505 2108 quippe
2545 2036 2772 2107 gallinas
2805 2036 2997 2104 apibus
3029 2035 3207 2090 cibum
3239 2049 3360 2090 esse
3403 2049 3504 2089 nos
3533 2034 3587 2089 in

2033 2131 2154 2186 aliis
2194 2130 2491 2185 admonuit.
2533 2128 2637 2183 Sed
2664 2127 2787 2198 quis
2824 2129 2879 2181 in
2930 2134 3077 2180 tanta
3122 2141 3301 2181 rerum
3332 2125 3589 2179 varietate

2031 2234 2083 2279 et
2114 2222 2427 2278 diversitate
2469 2221 2781 2289 opinionum
2818 2219 2892 2273 ita
2944 2217 3049 2273 sibi
3097 2217 3354 2271 memoria
3393 2216 3588 2286 poterit

2030 2320 2283 2369 constare
2318 2319 2375 2366 ut
2401 2326 2464 2364 ea
2492 2310 2599 2364 labi
2638 2308 2964 2379 quandoque
2993 2322 3099 2362 non
3125 2304 3433 2375 contingat?

2099 2403 2254 2460 lbid..
2284 2403 2379 2456 lin.
2405 2402 2493 2457 54.
2520 2400 2629 2454 Καὶ
2647 2401 2758 2468 τὴν
2771 2397 3140 2468 δροσοειδῶς.
3166 2395 3590 2452 Accuratissime

2029 2488 2147 2542 haec
2182 2485 2364 2540 omnia
2415 2484 2730 2539 Aristoteles
2778 2483 2833 2537 d.
2886 2483 3003 2536 loco
3034 2500 3046 2535 :
3083 2479 3404 2542 Construunt
3438 2480 3587 2549 favos

2027 2594 2055 2630 e
2074 2575 2309 2645 ﬂoribus,
2334 2591 2523 2639 ceram,
2555 2589 2619 2627 ea:
2651 2573 2885 2642 lacryma
2911 2572 3158 2626 arborum
3186 2571 3407 2641 ﬁngunt,
3428 2572 3584 2626 mella

2027 2682 2091 2721 ea:
2119 2682 2235 2720 rore
2265 2666 2424 2729 aeris,
2456 2665 2687 2718 siderum
2732 2672 2916 2717 exortu
2961 2663 3308 2731 potissimum,
3347 2676 3396 2716 et
3429 2678 3585 2715 arcus

2028 2759 2247 2813 ccelestis
2273 2756 2505 2812 incubitu
2538 2756 2868 2811 contrahunt.
2907 2754 3132 2810 Omnino
3173 2764 3291 2809 ante
3331 2752 3584 2824 Vergilia-

2029 2869 2145 2906 rum
2183 2860 2418 2906 ezortum
2454 2850 2554 2904 mel
2590 2867 2692 2906 non
2725 2850 2804 2919 ﬁt.
2841 2847 3012 2904 Faces
3043 2849 3236 2918 itaque,
3286 2858 3343 2902 ut
3386 2847 3581 2900 dictum

2025 2952 2124 3008 est,
2155 2958 2183 2997 e
2206 2940 2422 3010 ﬂoribus
2455 2941 2677 3007 faciunt.
2726 2939 2832 2994 Mel
2866 2949 3039 2995 autem
3090 2956 3191 2994 non
3238 2939 3379 3008 ipsas
3413 2939 3585 3008 facere

2026 3049 2167 3103 apes,
2210 3032 2301 3087 sed
2346 3049 2515 3087 rorem
2558 3030 2863 3087 candentem
2917 3030 3117 3100 deferre
3158 3039 3462 3101 argumento
3507 3040 3583 3083 est

2024 3121 2161 3192 quod
2206 3139 2310 3176 uno
2358 3132 2450 3176 aut
2495 3122 2661 3176 altera
2713 3120 2794 3175 die
2839 3120 2998 3174 cellas
3029 3120 3180 3174 melle
3223 3120 3403 3189 plenas
3445 3120 3583 3173 inve-

2024 3215 2174 3268 niunt
2201 3214 2412 3283 apiarii.
2448 3213 2511 3268 Et
2541 3215 2632 3269 lib.
2666 3229 2740 3278 ix,
2770 3228 2889 3282 cap.
2921 3213 3010 3277 40,
3044 3214 3348 3267 observavit
3378 3227 3581 3267 morem

2024 3318 2204 3373 apum,
2243 3318 2313 3358 ne
2347 3302 2594 3357 videlicet
2622 3300 2814 3357 ﬂorum
2853 3303 3004 3372 plura
3036 3312 3232 3374 genera
3265 3311 3447 3373 petant
3472 3318 3584 3357 uno

2023 3395 2318 3464 eodemque
2339 3392 2605 3464 profectu,
2633 3393 2726 3449 sed
2750 3393 2976 3463 singulis
3004 3393 3235 3471 singula,
3274 3394 3427 3448 verbi
3456 3409 3584 3464 gra-

2023 3487 2098 3541 tia
2128 3502 2157 3541 a
2199 3487 2338 3542 viola
2369 3484 2435 3539 ad
2459 3486 2656 3540 violam
2683 3485 2954 3550 advolant,
2984 3500 3085 3539 nec
3111 3484 3256 3539 aliud
3285 3485 3580 3554 attingunt,

2022 3591 2303 3646 quousque
2329 3590 2487 3632 suum
2516 3574 2570 3627 in
2593 3574 2803 3629 alveum
2823 3573 3064 3637 redeant,
3096 3574 3184 3627 hic
3214 3590 3273 3629 se
3306 3574 3583 3644 quatiunt;

2021 3678 2073 3723 et
2106 3668 2347 3738 singulas
2396 3675 2508 3722 tres
2560 3674 2652 3721 aut
2697 3672 2928 3735 quatuor
2970 3673 3289 3734 sequuntur.
3318 3664 3424 3722 Sed
3452 3667 3579 3735 quid

2024 3760 2292 3829 accipiant
2341 3758 2482 3813 haud
2524 3750 2682 3813 facile
2725 3757 2961 3826 videris;
3005 3773 3106 3812 nec
3143 3773 3271 3812 vero
3321 3758 3583 3828 quemad-

2021 3852 2236 3905 modum
2270 3857 2563 3919 operentur
2596 3850 2771 3904 visum
2797 3850 2972 3906 adhuc
2998 3858 3102 3905 est.

2086 3940 2246 4002 liid.,
2286 3940 2380 3993 lin.
2411 3938 2498 3994 57.
2528 3938 2698 3993 Ὅθεν
2725 3938 2824 3991 καὶ
2854 3939 3036 4007 ὑγρόν
3059 3937 3205 3991 ἐστι.
3240 3934 3576 3996 Aristotcles.

2020 4032 2112 4087 lib.
2154 4048 2184 4085 v
2216 4030 2291 4084 De
2322 4029 2507 4083 histor.
2558 4029 2801 4095 animal.,
2848 4043 2966 4098 cap.
3017 4028 3108 4091 22,
3170 4026 3486 4080 Συνίσταται
3520 4025 3575 4080 δὲ

2017 4124 2077 4176 τὸ
2112 4124 2231 4196 μέλι
2266 4124 2606 4194 πεττόμενον.
2654 4120 2742 4188 Ἐξ
2773 4123 2944 4193 ἀρχῆς
2972 4122 3078 4192 γὰρ
3106 4116 3214 4174 οἷον
3264 4120 3411 4192 ὕδωρ.
3440 4120 3579 4190 γίνε-

368 4221 547 4280 prete;
578 4210 808 4280 Plinius,
834 4215 929 4270 lib.
958 4230 1036 4278 ιι,
1062 4232 1181 4287 cap.
1224 4218 1310 4283 17,
1346 4220 1530 4285 haeret,
1570 4238 1672 4277 nec
1714 4224 1917 4294 aliquid

2026 4234 2127 4283 ται,
2162 4218 2254 4270 καί
2286 4216 2369 4285 ἐφ’
2396 4214 2607 4286 ἡμέρας
2643 4213 2740 4284 μέν
2772 4229 2922 4275 τινας
2963 4212 3125 4285 ὑγρόν
3155 4214 3300 4265 ἐστι·
3353 4211 3432 4264 διὸ
3474 4212 3575 4265 κᾶν

368 4301 496 4356 certi
551 4302 895 4358 determinat.
957 4306 1175 4372 Quterat
1248 4326 1385 4364 nunc
1440 4313 1652 4383 aliquis,
1717 4331 1917 4369 unusne

2026 4307 2282 4379 ὑφαιρεθῇ
2314 4310 2370 4361 ὲν
2409 4307 2596 4369 αὑταῖς
2638 4307 2753 4367 ταῖς
2791 4303 3039 4374 ἡμέραις,
3073 4304 3169 4373 οὐχ
3210 4303 3345 4373 ἴσχει
3386 4304 3572 4374 πάχος,

370 4388 610 4446 Hercules
640 4393 821 4461 fuerit,
852 4404 901 4449 et
928 4396 1065 4466 quod
1090 4396 1264 4453 Liberi
1298 4398 1479 4455 Patris
1516 4402 1828 4471 sepulcrum,
1859 4416 1908 4460 et

2026 4405 2069 4453 tv
2098 4401 2265 4453 εἴκοσι
2295 4399 2350 4452 δὲ
2394 4399 2622 4469 μάλιστα
2657 4396 2986 4450 συνίσταται.
3033 4395 3197 4465 Δῆλον
3229 4396 3284 4448 δέ
3310 4396 3454 4448 ἐστιν
3486 4397 3576 4447 εὐ-

369 4482 558 4553 reliqua
589 4487 861 4540 vetustatis
894 4489 1000 4541 situ
1034 4487 1241 4545 obruta.
1278 4490 1410 4547 Ecce
1436 4494 1490 4547 in
1529 4511 1585 4548 re
1620 4512 1782 4564 parva
1811 4498 1909 4551 vil-

369 4573 520 4643 lisque
545 4576 742 4630 nostris
786 4592 1010 4641 annexa,
1053 4595 1201 4649 cujus
1232 4583 1450 4636 assidua
1488 4587 1640 4652 copia
1677 4596 1773 4648 est.
1808 4603 1909 4641 non

367 4671 562 4716 cuustat
588 4663 723 4717 inter
751 4674 989 4721 auctores
1020 4683 1038 4721 :
1070 4666 1180 4722 Rex
1222 4670 1492 4726 nullumne
1528 4673 1672 4728 solus
1723 4673 1909 4728 habeat

368 4754 614 4817 aculeum,
668 4757 946 4825 majestate
999 4768 1203 4813 tantum
1261 4772 1498 4816 armatus
1543 4780 1663 4818 :an
1712 4765 1909 4819 dederit

367 4860 472 4896 eum
501 4844 708 4915 quidem
731 4856 945 4912 natura,
973 4851 1062 4904 sed
1089 4866 1239 4905 usum
1269 4854 1380 4922 ejus
1410 4856 1721 4931 illitantum
1753 4876 1910 4928 nega-

368 4935 504 4988 verit.
541 4935 688 4989 Illud
716 4947 925 4993 constat
954 4941 1324 5009 imperatorem
1356 4946 1535 4999 aculeo
1564 4965 1665 5001 non
1679 4953 1776 5003 uti.
1806 4950 1910 5004 Ne-

366 5031 445 5093 gat
474 5023 700 5092 Seneca,
739 5029 831 5083 lib.
878 5045 916 5093 ι,
948 5029 1025 5084 De
1062 5031 1355 5099 clementia,
1388 5050 1509 5105 cap.
1552 5037 1640 5101 19,
1685 5037 1909 5092 Iracun-

365 5114 604 5184 dissimaz,
653 5135 716 5172 ac
750 5134 844 5188 pro
881 5123 1110 5189 corporis
1136 5134 1303 5191 ,captu
1348 5127 1748 5194 pugnacissima:
1787 5140 1907 5183 sunt

366 5223 493 5276 apes,
522 5217 574 5261 et
604 5209 810 5265 aculeos
841 5215 893 5264 in
919 5212 1126 5266 vulnere
1154 5214 1452 5284 relinquunt
1480 5233 1499 5271 :
1531 5215 1640 5272 Rex
1662 5220 1772 5287 ipse
1798 5220 1909 5274 sine

368 5298 533 5353 aculeo
561 5309 657 5354 est.
687 5301 924 5358 Consule
954 5304 1242 5373 Brodeum,
1290 5308 1382 5362 lib.
1416 5325 1486 5372 ιν,
1516 5324 1636 5380 cap.
1677 5311 1764 5366 10.

427 5388 577 5457 lbid.,
609 5393 705 5448 lin.
761 5395 849 5449 55.
898 5396 1233 5467 Συνάγουσι
1261 5398 1329 5451 δὲ
1372 5400 1438 5453 ἐκ
1465 5399 1601 5457 τῶν.
1653 5401 1904 5467 Basilius,

366 5482 494 5537 hom.
520 5484 554 5538 8
580 5504 593 5539 :
628 5484 730 5539 Τὸν
756 5487 852 5558 μὲν
875 5488 980 5559 γὰρ
1005 5491 1170 5562 κηρὸν
1203 5491 1308 5544 ἀπὸ
1334 5491 1442 5544 τῶν
1467 5492 1638 5546 ἀνθῶν
1668 5496 1907 5566 φανερῶς

368 5576 686 5647 συναγείρειο
710 5578 769 5632 τὸ
793 5579 849 5632 δὲ
874 5580 1012 5650 μέλι,
1042 5581 1138 5652 τὴν
1163 5581 1472 5652 δροσοειδῶς
1504 5586 1906 5657 ὲνεσπαρμένην

369 5665 521 5720 vo-l'rfa
560 5669 668 5732 πῶς
702 5669 913 5723 ἄνθεσιν
954 5673 1365 5746 ἐπισπασαμένη
1396 5676 1471 5746 τῷ
1502 5691 1746 5748 στοματι,
1777 5680 1899 5732 ταύη

2012 4491 2147 4554 θέως
2178 4491 2239 4543 τὸ
2263 4491 2368 4543 ἀπὸ
2399 4490 2490 4542 τοῦ
2517 4488 2688 4559 χυμοῦ
2722 4488 2973 4559 μάλιστα.
3014 4487 3144 4553 Quae
3172 4488 3245 4540 ita
3276 4489 3436 4541 vertit
3467 4485 3574 4538 Pli-

2013 4582 2164 4645 nius,
2201 4580 2291 4633 lib.
2328 4595 2403 4644 ιιι,
2457 4594 2574 4649 cap.
2644 4579 2712 4633 15
2746 4599 2757 4633 :
2791 4577 2886 4631 Est
2936 4588 3107 4631 autem
3152 4578 3300 4630 initio
3354 4576 3473 4640 mel,
3521 4592 3574 4631 ut

2011 4690 2170 4743 aqua,
2200 4672 2443 4733 dilutum,
2475 4681 2524 4725 et
2564 4673 2748 4740 primis
2801 4671 2981 4725 diebus
3027 4673 3206 4740 fervet,
3233 4680 3290 4723 ut
3321 4681 3570 4732 mustum,

2010 4780 2161 4835 seque
2187 4773 2407 4833 purgat:
2434 4764 2670 4816 vicesimo
2698 4763 2780 4816 die
2804 4766 3073 4818 crassescit
3095 4780 3112 4826 ,'
3149 4778 3271 4816 mea:
3299 4763 3574 4818 obducitur

2013 4855 2154 4908 tenui
2205 4854 2529 4919 membrana,
2573 4870 2687 4924 qua:
2726 4854 2941 4923 [cruoris
3000 4856 3164 4923 ipsius
3212 4872 3398 4926 spuma
3450 4872 3572 4910 con-

2009 4946 2213 5000 crescit.

2079 5037 2235 5101 lbid.,
2268 5038 2364 5094 lin.
2409 5039 2498 5094 59.
2522 5037 2745 5106 ’Σοφῶς
2785 5037 2852 5090 δὲ
2882 5038 2977 5091 καὶ
3010 5036 3137 5104 τάς.
3184 5037 3258 5093 De
3286 5038 3390 5093 hoc
3433 5037 3571 5091 miro

2010 5131 2189 5198 apium
2222 5131 2453 5185 artiﬁcio
2483 5132 2537 5186 in
2572 5131 2708 5186 lavis
2750 5131 3130 5187 construendis
3164 5133 3386 5187 consule
3416 5129 3569 5184 Basi-

2013 5223 2164 5285 lium,
2212 5223 2356 5299 hom.
2407 5224 2476 5289 8;
2524 5224 2903 5289 Aristotelem,
2951 5224 3045 5278 lib.
3101 5239 3176 5289 ix,
3240 5237 3359 5291 cap.
3392 5219 3481 5283 40,
3518 5230 3569 5275 et

2011 5314 2307 5378 Amanum,
2344 5314 2420 5370 De
2463 5317 2650 5371 histor.
2688 5316 2932 5379 animal.,
2974 5317 3068 5369 lib.
3101 5332 3153 5380 ν,
3195 5330 3314 5382 cap.
3353 5314 3440 5378 15,
3476 5317 3567 5383 qui

2008 5406 2426 5476 elegantissimis
2466 5407 2644 5462 verbis
2690 5406 3010 5462 industriam
3055 5408 3193 5459 hanc
3226 5421 3553 5476 prosequun~

2009 5508 2112 5551 tur.

2078 5587 2235 5651 lbid.,
2262 5589 2355 5645 lin.
2394 5590 2482 5647 45.
2515 5593 2582 5644 Ai
2621 5589 2683 5641 δὲ
2722 5589 2952 5658 ἀκρίδες
2986 5588 3095 5640 ἐνί.
3137 5587 3389 5651 Basilius,
3422 5588 3566 5641 hOm.

2010 5682 2080 5735 8:
2111 5681 2231 5745 Πῶς
2263 5700 2339 5735 σοι
2385 5683 2480 5745 τὰς
2528 5682 2760 5751 φοϐερὰς
2813 5681 3187 5749 ἐπιστρατείας
3220 5683 3314 5753 τῆς
3356 5680 3569 5753 ἀκρῖδεις
