4064 6290
557 313 662 369 M9

1880 292 2126 352 LEONIS
2162 290 2429 348 ALLATII

3756 273 3857 331 ﬁo

555 433 901 506 διηγήσομαι,
934 431 968 501 ἧ
993 429 1082 499 ὑφ’
1112 426 1192 481 ἐνὶ
1223 425 1522 497 συνθήματι
1558 424 1705 477 πᾶσα
1748 420 1993 493 ἀρθεῖσα,
2028 420 2108 474 καῖ

2222 425 2417 489 praeter
2440 415 2699 471 rationem
2735 418 3003 482 suntquae
3044 406 3403 464 Democritus
3456 399 3635 474 apud
3686 400 3856 459 colle.

558 521 1129 599 στρατοπεδευσαμένη
1163 518 1305 573 κατά
1342 518 1404 572 τὺ
1442 517 1640 579 πλάτος
1674 516 1772 586 τῆς
1807 514 2008 586 χώρας,
2053 515 2114 567 οὐ

557 618 819 691 πρότερον
846 614 1072 668 ἀπτεται
1103 611 1212 665 τῶν
1249 607 1477 681 καρπῶν
1515 607 1644 679 πρὶν
1669 605 1940 677 ὲνδοθῆναι
1979 606 2114 677 αὐτῇ

556 711 616 765 rb
641 709 778 762 θεῖον
810 705 1162 776 πρόσταγμας
1200 702 1325 764 Πῶς
1352 701 1387 771 ἡ
1419 699 1659 762 σελευκὶς
1688 697 1945 765 ὲφέπεται
1982 696 2119 767 ἴαμα

554 801 652 871 τῆς
683 797 897 869 πληγῆς
928 794 1229 866 ἀπέραντον
1258 792 1453 863 ἔχουσα
1482 790 1574 843 τοῦ
1604 788 1802 842 ἐσθίειν
1828 788 1925 857 τὴν
1953 787 2116 841 δύνα-

556 909 666 959 μιν,
713 886 807 942 τοῦ
855 884 1232 957 φιλανθρώπου
1276 881 1411 937 Θεοῦ
1464 881 1756 953 ἀκόρεστον
1800 880 1969 950 αὐτῆς
2016 879 2115 951 τὴν

552 979 711 1048 φύσιν
756 980 842 1032 ἐπ’
877 976 1161 1048 εὐεργεσίᾳ
1187 974 1293 1028 τῶν
1339 972 1639 1045 ἀνθρώπων
1676 971 2114 1026 κατασκευάσαν-

549 1088 660 1135 τος.
702 1070 931 1133 Plinius,
972 1069 1065 1123 lib.
1109 1082 1170 1131 tt,
1204 1080 1323 1136 cap.
1365 1065 1457 1129 29,
1502 1065 1559 1119 in
1595 1079 1703 1134 quo
1744 1063 1839 1118 iraa
1889 1063 2113 1118 deorum

552 1173 757 1233 pestem
781 1176 876 1218 eas
914 1169 1211 1230 nuncupat,
1254 1172 1348 1213 eas
1390 1171 1603 1213 summe
1636 1158 1827 1211 noxias
1868 1155 2114 1227 frugibus

553 1268 690 1324 quas
714 1254 948 1309 exedunt
975 1263 1028 1308 et
1052 1250 1287 1323 perdunt
1312 1248 1381 1304 ad
1409 1248 1851 1313 internecionem,
1877 1247 2113 1302 maximo

554 1344 863 1397 mortalium
892 1341 1235 1398 incommodo
1274 1339 1562 1396 universus
1594 1339 1745 1395 orbis
1791 1338 2113 1410 quandoque

553 1435 849 1505 experitur.
892 1433 996 1489 Eas
1027 1434 1102 1487 ita
1136 1431 1427 1502 descripsit
1453 1429 1784 1487 Claudianus
1812 1446 1826 1483 :

629 1546 822 1601 Ilorret
854 1562 985 1615 apex
1014 1547 1223 1615 capitis,
1250 1545 1421 1599 medio
1451 1544 1565 1614 fera
1599 1542 1799 1598 lumina
1823 1552 2043 1615 surgunt

632 1618 831 1670 Vertice
859 1614 1111 1687 cognatus
1149 1614 1305 1669 dorso
1337 1616 1566 1687 durescit
1593 1616 1814 1687 amictus
1849 1630 1869 1667 :

627 1688 861 1740 Armavit
894 1684 1087 1739 natura
1114 1695 1302 1756 cutem,
1332 1684 1574 1756 dumique
1604 1684 1839 1756 rubentes

626 1756 939 1826 Cuspidibus
963 1756 1134 1825 parvis
1163 1755 1341 1809 multis
1372 1755 1553 1810 acuere
1582 1755 1813 1808 rubores.

624 1891 784 1955 ιδιά..
840 1890 936 1945 lin.
982 1889 1071 1945 49.
1128 1889 1449 1944 Μετέπειτα
1494 1888 1562 1942 δὲ
1611 1889 1833 1955 αὐτοῖς.
1885 1887 2113 1954 Plinius,

553 1984 649 2038 lib.
679 2000 730 2045 x,
765 1983 927 2053 capit.
953 1981 1020 2034 27
1050 2002 1064 2036 :
1096 1980 1387 2037 Seleucides
1433 1997 1551 2036 aves
1595 1990 1864 2045 vocantur,
1893 1998 2118 2051 quarum

552 2075 829 2129 adventum
869 2092 902 2127 a
951 2072 1078 2129 Jove
1135 2075 1369 2142 precibus
1424 2075 1703 2144 impetrant
1756 2072 1882 2130 Casi
1921 2076 2115 2130 montis

550 2167 737 2220 incola:
770 2165 943 2236 fruges
992 2182 1170 2219 eorum
1200 2166 1417 2220 locustis
1448 2164 1798 2220 vastantibus.
1835 2163 1945 2220 Nec
1980 2166 2118 2221 unde

551 2257 777 2321 veniant,
809 2271 968 2325 quove
995 2255 1183 2309 abeant
1211 2263 1552 2324 compertum,
1594 2270 1863 2325 nunquam
1902 2270 2117 2324 conspe-

549 2350 670 2412 ctis,
705 2350 806 2401 nisi
833 2364 949 2401 cum
974 2346 1221 2416 prtesidio
1248 2363 1425 2401 earum
1445 2347 1722 2417 indigetur.
1750 2345 1985 2404 Galenus
2019 2362 2115 2404 eas

551 2437 735 2509 ὃρνεον
757 2436 877 2490 εἶπε
897 2438 991 2490 καὶ
1016 2438 1328 2509 ἀκόρεστον,
1355 2436 1448 2489 καὶ
1474 2435 1796 2508 πανοῦργον,
1826 2442 1878 2491 et
1906 2436 2004 2491 lib.
2036 2452 2111 2504 vr,

549 2545 670 2601 cap.
697 2530 756 2593 ~15,
783 2528 850 2584 de
879 2529 981 2584 loc.
1017 2528 1195 2582 affect.
1237 2527 1488 2583 Aviculas
1530 2543 1665 2599 quas
1707 2535 1981 2585 nostrates
2012 2527 2112 2583 Se-

549 2619 790 2674 leueidas
820 2625 1036 2684 vocant,
1059 2618 1260 2689 jugiter
1293 2618 1531 2675 loeustas
1574 2619 1761 2684 edunt,
1787 2633 1989 2690 easque
2023 2633 2113 2674 ce-

548 2709 734 2764 leriter
762 2717 1080 2765 excernunt.
1119 2708 1313 2765 Eadem
1349 2724 1469 2780 qua:
1498 2719 1552 2765 et
1580 2719 1767 2766 noster
1796 2709 2110 2766 Eustathius

548 2798 713 2854 habet
758 2799 1099 2863 Ambrosius,
1128 2799 1221 2853 lib.
1257 2816 1290 2850 v
1320 2798 1656 2864 Hexaemer.,
1700 2816 1820 2872 cap.
1853 2801 1946 2857 25.
1976 2800 2112 2858 Vide

548 2899 804 2961 prteterea
839 2892 1147 2947 Conradum
1175 2891 1494 2955 Gesnerum,
1550 2892 1640 2949 lib.
1672 2908 1731 2947 nt
1776 2893 1853 2947 De
1894 2894 2111 2958 avibus;

550 2986 841 3039 Antonium
897 2983 1231 3049 Galatinum,
1281 2981 1354 3037 De
1400 2985 1506 3037 situ
1553 2981 1816 3055 Iapygia;
1852 2983 2109 3039 Zosinutn

2214 518 2419 565 etorem
2453 507 2799 575 Geoponicon,
2830 503 2926 558 lib.
2958 516 3078 569 xm,
3106 499 3290 565 refert,
3333 507 3406 555 et.
3458 496 3544 551 ad
3600 510 3709 550 eas
3743 495 3853 563 jam

2215 597 2486 653 irruentes
2506 593 2897 666 impediendas,
2917 591 3023 655 vel,
3052 591 3100 646 si
3122 590 3499 661 irrepserint,
3533 584 3851 641 absumen-

2217 688 2337 752 das,
2363 695 2491 743 sunt
2516 684 2661 741 enim
2698 691 2753 740 et
2780 690 2987 738 natura;
3017 697 3201 738 rerum
3229 685 3685 741 consentanea,
3713 679 3851 731 mula

2215 780 2397 848 tisque
2447 775 2830 848 experimentis
2869 773 3239 845 comprobata.
3285 771 3365 830 De
3425 768 3679 843 quibus
3723 768 3847 825 alibi

2215 868 2593 940 opportunius.

2283 957 2442 1022 lbid.,
2464 957 2561 1012 lin.
2591 955 2844 1030 Βὲηλτὴν
2867 953 3103 1027 τλαῦκά
3131 970 3299 1025 φασι.
3328 952 3645 1018 Basilius,
3693 949 3837 1007 hom.

2213 1042 2441 1105 811(4).
2489 1048 2596 1121 γὰρ
2647 1047 2857 1119 ἐκείνης
2900 1048 2935 1118 ἠ
2986 1045 3110 1115 ὄψις
3155 1045 3349 1110 νυκτὸς
3397 1044 3525 1117 μὲν
3567 1043 3837 1115 ἔρρωται,

2213 1142 2369 1215 ⁴ἡλίου
2398 1141 2457 1196 δὲ
2483 1140 2791 1212 λάμψαντος
2816 1138 3172 1212 ἀμαυροῦται.
3205 1135 3459 1210 Ideoque
3493 1143 3691 1192 noctu
3719 1151 3833 1193 eam

2212 1236 2397 1307 vagari
2431 1235 2595 1292 refert
2637 1234 2977 1299 Aristoteles,
3008 1232 3086 1288 De
3104 1234 3291 1292 histor.
3325 1234 3625 1300 animal.,
3659 1231 3759 1286 lib.
3794 1247 3831 1298 ι,

2212 1343 2333 1399 cap.
2368 1328 2418 1392 Ι,
2470 1337 2525 1382 et
2568 1327 2664 1382 lib.
2700 1341 2778 1391 ix,
2829 1341 2951 1397 cap.
2976 1326 3067 1390 54,
3106 1326 3182 1382 ait
3240 1334 3526 1394 noctuas,
3568 1324 3825 1392 vicinias,

2212 1430 2267 1478 et
2306 1421 2516 1491 reliqua
2564 1433 2684 1490 quae
2725 1418 2962 1474 interdiu
3013 1432 3234 1474 cernere
3270 1425 3610 1490 nequeunt,
3666 1429 3825 1475 noctu

2210 1512 2462 1569 venando
2511 1511 2692 1567 cibum
2739 1509 2842 1566 sibi
2899 1510 3196 1581 acquirere.
3242 1509 3458 1568 Verum
3531 1526 3662 1567 non
3719 1520 3819 1568 tota

2212 1612 2373 1662 nocte
2405 1604 2458 1660 id
2487 1603 2685 1666 facere,
2711 1601 2805 1657 sed
2851 1600 3182 1671 vespertino,
3211 1608 3266 1657 et
3304 1602 3635 1657 matutino.
3668 1601 3817 1673 Apud

2217 1695 2467 1750 Photium
2498 1693 2555 1747 in
2583 1689 2925 1752 Bibliotheca.
2941 1689 3209 1746 Antonius
3230 1688 3522 1760 Diogenes
3545 1691 3610 1745 in
3648 1688 3818 1748 Incre-

2140 1762 2184 1818 Β
2216 1784 2461 1839 dibilium
2485 1781 2638 1837 libris
2657 1780 2724 1837 de
2748 1778 3125 1837 insula'Thule
3150 1780 3396 1835 meminit
3411 1779 3709 1847 civitatis,
3728 1798 3814 1838 cu-

2211 1879 2303 1951 jus
2324 1875 2516 1932 incolze
2539 1881 2701 1929 noctu
2727 1870 2942 1942 quidem
2966 1869 3169 1937 vident,
3191 1869 3437 1925 interdiu
3482 1872 3806 1928 excutiunt.

2285 1968 2446 2033 lbid.,
2485 1982 2539 2038 p.
2572 1966 2662 2021 54.
2702 1965 2903 2021 Ἡνίκιι
2937 1964 2990 2018 δ’
3027 1966 3087 2018 al
3130 1965 3507 2035 νυκτερίδες.
3549 1966 3803 2043 Basilius,

2214 2063 2364 2118 hom.
2388 2060 2422 2116 8
2451 2079 2466 2116 :
2496 2058 2622 2123 Πῶς
2653 2059 2950 2129 τετράπους
3001 2057 3063 2112 τὸ
3101 2059 3230 2113 αὐτὸ
3277 2059 3373 2113 καὶ
3414 2060 3642 2132 πτηνὸν
3669 2063 3704 2134 ἡ
3726 2079 3803 2116 νυ-

2213 2154 2419 2227 κτερὶς,
2454 2153 2571 2217 πῶς
2599 2151 2732 2224 μόνη
2759 2150 2867 2204 τῶν
2890 2148 3117 2222 ὀρνίθων
3152 2149 3329 2205 ὀδοῦσι
3364 2152 3679 2226 κέχρηται,
3714 2157 3796 2209 καὶ

2214 2245 2470 2315 ζωοτοκεῖ
2500 2245 2599 2316 μὲν
2625 2244 2701 2308 ὡς
2724 2242 3051 2315 τετράποδα.
3085 2244 3405 2310 ἐπιπολάζει
3449 2246 3517 2301 δὲ
3561 2247 3646 2319 τῷ
3682 2248 3791 2322 ἀέρι

2212 2339 2334 2411 οὐχὶ
2366 2338 2550 2410 πτέρῳ
2583 2335 2970 2406 κουφιζομένη,
2996 2334 3110 2389 ἀλλ’
3138 2335 3296 2407 ὑμένι
3320 2337 3433 2393 τινὶ
3461 2338 3783 2411 δερματίνφ.

2212 2430 2339 2495 Πῶς
2364 2430 2545 2500 μέντοι
2564 2424 2836 2482 καὶτοῦτο
2865 2424 2975 2497 ἔχει
2996 2444 3048 2480 τι
3075 2427 3393 2501 φιλάλληλον
3413 2430 3478 2483 ἐν
3509 2433 3581 2503 τῇ
3611 2430 3789 2501 φύσειο

2213 2521 2308 2575 καὶ
2334 2519 2443 2591 γὰρ
2473 2519 2661 2590 ῶσπερ
2685 2512 2924 2590 ὀρμαθδς
2958 2518 3196 2591 ἀλλήλων
3221 2521 3278 2574 αἱ
3303 2524 3625 2594 νυκτερίδες
3650 2524 3784 2595 ἔχον-

2212 2630 2321 2674 ται,
2344 2611 2438 2665 καὶ
2469 2609 2567 2681 μία
2591 2612 2691 2682 τῆς
2726 2611 2855 2681 μιᾶς
2884 2610 3174 2683 ἤρτηνταιο
3219 2613 3357 2685 ὅπερ
3383 2614 3474 2683 ἐφ’
3503 2615 3663 2687 ἡμῶν
3683 2616 3782 2671 τῶν

2211 2698 2508 2774 ἀνθρώπων
2537 2700 2597 2754 οὐ
2629 2701 2807 2772 ῥᾴδιον
2828 2701 3252 2774 κατορθωθῆναι.
3279 2704 3346 2760 Et
3369 2715 3501 2762 ante
3535 2708 3634 2765 hos
3664 2708 3767 2765 Ho-

2210 2807 2414 2859 merus,
2448 2794 2544 2850 lib.
2579 2794 2770 2852 ultimo
2800 2793 3047 2865 Odyssea:
3071 2814 3090 2853 :

2223 2904 2315 2985 PQ
2324 2904 2391 2985 ρ’
2413 2906 2511 2962 ὅτε
2534 2912 2874 2985 νυκτερίδες
2893 2913 3067 2985 μυχῷ
3097 2915 3314 2984 ἄντρου
3342 2918 3671 2974 θεσπεσίοιο

2218 2974 2517 3059 τρίζουσαι
2538 2974 2869 3059 grossae-rat,
2893 2974 3123 3059 ἓξπὲῖκέ
3142 2974 3233 3053 tt}
3256 2989 3635 3059 ἀποπέσῃσιν

546 3074 840 3142 comitem,
889 3073 1027 3129 Hist.
1079 3074 1174 3129 lib.
1218 3045 1281 3141 ἰ;
1328 3071 1594 3129 Diodorus
1619 3045 1922 3131 'larsensis
1969 3075 2108 3146 apud

2223 3045 2502 3115 ’θερμαθοῦ
2525 3051 2592 3105 ἐκ
2621 3045 2865 3124 πέτρης,
2895 3056 3011 3111 ἀνά
3043 3056 3092 3111 τ’
3138 3045 3484 3129 ἀλλήλῃσιν
3500 3045 3751 3129 ’ἔχονται

545 3164 797 3220 Photium
842 3167 916 3220 ita
951 3167 1048 3221 has
1075 3180 1202 3221 aves
1234 3164 1460 3221 locustis
1499 3180 1619 3221 esse
1647 3165 1898 3222 inimicas
1928 3167 2108 3235 tradit,

546 3269 607 3312 ut
630 3258 717 3314 vel
746 3259 936 3313 umbra
972 3259 1087 3314 sola
1131 3274 1225 3315 eas
1264 3258 1577 3313 interimant
1607 3275 1620 3311 :
1656 3258 1763 3311 Καὶ
1799 3259 1832 3329 ἡ
1872 3258 2112 3323 σελευκὶς

542 3353 602 3404 τὸ
625 3352 823 3424 πτηνὸν
844 3336 1016 3416 οὖτξιις
1036 3351 1181 3404 ἐστὶν
1209 3351 1423 3423 ἀκρίσιν
1441 3350 1697 3422 ὀλέθριον,
1715 3350 1853 3404 ὥστε
1874 3351 1967 3404 καὶ
1989 3352 2108 3406 ὅσαι

544 3444 608 3497 ἂν
635 3446 702 3515 τῇ
726 3445 854 3514 σκιᾷ
873 3443 1077 3513 ταύτης
1105 3440 1533 3512 καταλειφθείεν,
1564 3441 1892 3515 φθείρονται.
1913 3441 1978 3496 Et
2008 3443 2111 3498 hoc

543 3535 796 3604 precibus
825 3551 855 3590 a
885 3535 997 3591 Deo
1030 3534 1307 3605 impetrari
1337 3543 1567 3598 tantum,
1597 3544 1656 3590 ut
1693 3534 1939 3589 immauae
1966 3536 2108 3590 mul-

542 3624 792 3681 titudinis
850 3625 1135 3681 voracitati
1192 3624 1366 3695 possit
1416 3624 1652 3687 occurri,
1701 3624 1861 3679 etiam
1900 3622 2108 3682 Plinius

542 3718 704 3772 homo
753 3716 1007 3772 ethnicus
1059 3715 1266 3771 videtur
1315 3717 1561 3771 innuere.
1616 3714 1811 3769 Earum
1874 3729 2109 3785 namque

542 3811 833 3865 adventum
882 3809 983 3865 soli
1023 3808 1132 3863 Deo
1163 3809 1218 3862 in
1253 3816 1402 3862 tanta
1455 3806 1673 3864 miseria
1727 3806 2105 3862 ascribendum

541 3915 650 3954 non
674 3901 850 3956 solum
884 3898 1198 3955 Eustathius
1231 3907 1415 3954 noster
1437 3898 1712 3968 praedicat,
1741 3898 1830 3954 sed
1859 3897 2104 3968 quilibet,

539 3991 636 4060 qui
667 3992 1000 4047 locustarum
1030 4005 1228 4046 noxam
1261 4033 1275 4057 ,
1302 3997 1374 4051 et,
1408 3999 1465 4043 ut
1503 3989 1578 4044 ita
1611 3989 1808 4054 dicam,
1838 4004 2103 4044 venenum

540 4081 994 4138 nmniainﬁciens
1034 4096 1271 4151 unquam
1313 4082 1466 4146 vidit,
1500 4081 1745 4137 censebit
1771 4081 2102 4137 necessario.

544 4173 714 4228 liabet
742 4180 923 4226 tamen
947 4181 1002 4228 et
1028 4173 1264 4226 humana
1292 4183 1503 4237 natura,
1531 4172 1778 4241 quamvis
1806 4172 2104 4241 saepissime

544 4264 779 4329 fallatur,
809 4278 938 4320 suas
966 4264 1130 4327 vires,
1162 4272 1214 4318 et
1242 4274 1302 4317 ut
1332 4265 1405 4317 ita
1430 4264 1628 4325 dicam,
1655 4265 1952 4328 solertiam,
1980 4265 2104 4333 qui~

541 4357 641 4412 bus
670 4354 931 4425 quidquid
973 4353 1193 4409 infestat
1224 4368 1254 4407 a
1288 4369 1345 4409 se
1375 4354 1646 4425 propellit,
1676 4364 1730 4411 et
1775 4356 1840 4411 ab
1880 4355 2100 4411 inimico

2283 3155 2440 3225 lbid.,
2489 3160 2585 3216 lin.
2632 3163 2719 3219 56.
2767 3166 2962 3221 Μόνον
3001 3167 3072 3222 δὲ
3119 3167 3236 3223 τῶν
3272 3169 3552 3226 πετεινῶν.
3599 3167 3742 3223 Hune

2212 3264 2314 3304 nec
2346 3266 2552 3309 murem
2581 3271 2722 3322 esse,
2749 3272 2852 3314 nec
2884 3260 3161 3317 volucrem
3205 3262 3409 3319 dicebat
3431 3262 3576 3317 Varro
3599 3260 3726 3331 apud

2210 3339 2443 3398 Nonium
2477 3361 2491 3397 :
2535 3345 2844 3419 Vespertilio
2893 3353 3094 3407 animal
3151 3356 3348 3409 volucre
3384 3354 3577 3424 biforme
3616 3350 3722 3422 (alii

2212 3432 2463 3506 diforme)
2492 3437 2691 3493 dictum
2717 3441 2855 3511 quod
2883 3460 3086 3515 uespere
3111 3461 3165 3501 se
3193 3446 3263 3499 ad
3289 3446 3496 3501 volatum
3519 3443 3719 3516 proferat

2212 3526 2398 3582 noctis.
2450 3527 2576 3587 Var.
2615 3531 2886 3603 Agathone
2924 3551 2943 3590 :
3534 3538 3537 3539 ⁷

2284 3642 2423 3723 Quid
2460 3648 2667 3723 multa?
2697 3649 3009 3723 AVespertilio
3038 3652 3209 3723 factus
3234 3670 3374 3718 sum,
3404 3667 3553 3721 neque

2283 3712 2349 3768 In
2382 3718 2619 3773 muribus
2649 3712 2824 3789 plane,
2855 3739 3014 3795 neque
3037 3712 3091 3778 in
3118 3712 3415 3778 volucribus
3447 3712 3572 3777 sum.

2211 3826 2277 3880 Et
2322 3829 2558 3901 Angelus
2602 3830 2906 3889 Politianus
2954 3835 3010 3890 in
3063 3837 3294 3907 quadam
3330 3836 3555 3907 epistola
3584 3851 3596 3886 :
3629 3829 3745 3884 Dum

2210 3934 2300 3972 nec
2325 3936 2496 3974 mures
2523 3922 2696 3992 plane,
2726 3940 2824 3979 nec
2854 3942 2972 3981 aves
3005 3944 3204 3993 sumus,
3232 3927 3466 3998 utrisque
3489 3937 3645 3980 tamen
3668 3936 3744 3974 nos

2206 4012 2426 4083 probare
2453 4024 2732 4080 tentamus,
2757 4034 2975 4074 causam
2998 4020 3159 4089 hujus
3185 4020 3537 4075 haesitatiOnis
3576 4016 3746 4088 optime

2206 4104 2443 4172 explicat
2482 4106 2822 4175 Aristoteles,
2882 4110 2973 4165 lib.
3019 4110 3097 4165 De
3136 4111 3372 4181 partibus
3418 4113 3602 4175 anim.,
3633 4120 3739 4175 cap.

2216 4193 2302 4261 15,
2326 4210 2483 4265 quem
2507 4198 2751 4253 consule.

2274 4284 2435 4352 ιδιά..
2466 4289 2560 4344 Ιίυ.
2595 4289 2681 4344 57.
2712 4287 2904 4358 Πέτρα
2935 4286 3171 4355 σκελές.
3215 4285 3423 4343 Forsan
3471 4300 3745 4358 τετρασκεο

2200 4377 2315 4442 λές,
2354 4387 2414 4434 ut
2459 4380 2598 4436 idem
2644 4382 2835 4435 innuat
2862 4380 3008 4450 quod
3048 4378 3278 4436 Basilius
3318 4379 3437 4436 loco
3468 4377 3751 4450 supradicto

540 4459 598 4498 se
623 4450 793 4499 tutam
827 4443 1091 4499 defendit.
1121 4442 1245 4498 ideo
1278 4444 1420 4514 leges
1450 4458 1557 4498 non
1585 4453 1788 4499 tantum
1832 4445 1885 4500 in
1919 4447 2092 4501 homi~

2209 4483 2342 4524 voce
2374 4470 2693 4542 τετράπουν.
2737 4469 2868 4536 Quae
2914 4469 3057 4524 idem
3093 4474 3177 4525 est
3218 4469 3362 4541 quod
3401 4469 3584 4535 πεζόν,
3623 4478 3671 4524 et
3697 4480 3748 4522 ex

540 4548 668 4589 num
712 4534 956 4592 moribus
1005 4535 1388 4598 instituendis,
1446 4534 1540 4589 sed
1591 4536 1753 4590 etiam
1802 4536 1858 4590 in
1904 4538 2009 4592 hoc
2045 4539 2111 4594 de

538 4644 646 4696 quo
694 4629 908 4700 agimus
957 4629 1228 4700 evulgavit
1255 4669 1271 4694 ,
1313 4638 1366 4684 et
1418 4630 1634 4685 modum
1671 4631 2004 4702 prii-scripsit
2050 4640 2110 4685 ut

536 4719 787 4775 videlicet
828 4721 1054 4776 locustis
1086 4723 1168 4775 vel
1217 4722 1405 4791 procul
1454 4729 1747 4776 arceantur
1791 4736 1859 4776 ne
1914 4721 2111 4775 irrum—

538 4819 690 4881 pant,
727 4813 811 4866 vel
869 4821 1165 4882 praesentes
1211 4812 1322 4881 jam
1374 4821 1536 4883 atque
1593 4814 1777 4868 omnia
1837 4820 2107 4869 vastantes

538 4904 845 4960 absumant.
884 4905 1064 4960 Refert
1098 4902 1328 4968 Plinius,
1362 4906 1455 4961 lib.
1487 4921 1560 4968 xi,
1607 4920 1727 4975 cap.
1756 4903 1825 4959 29
1857 4920 1871 4959 :
1909 4902 1975 4958 In
2005 4904 2108 4975 Cy-

534 5001 747 5056 renacia
775 5002 980 5071 regione
1009 5002 1167 5070 legem
1208 5000 1370 5069 fuisse
1398 5010 1474 5055 ter
1506 5017 1641 5053 anno
1670 5016 1758 5054 eas
1787 4999 2104 5065 debellandi,

532 5095 702 5163 primo
731 5112 826 5147 ova
865 5092 1163 5155 obterendo,
1193 5092 1376 5147 deinde
1405 5092 1566 5162 fetant
1592 5134 1606 5156 ,
1656 5101 1916 5162 postremo
1945 5092 2103 5146 adul-

533 5196 656 5239 tas:
704 5184 984 5239 desertoris
1036 5200 1187 5252 pruna
1227 5185 1280 5237 in
1332 5202 1448 5239 eum
1477 5188 1566 5255 qui
1608 5186 1902 5240 cessaverit.
1952 5184 2019 5238 Et
2050 5187 2104 5239 in

529 5276 724 5331 Lemno
772 5278 947 5331 insula
997 5287 1140 5331 certa
1184 5292 1427 5329 mensura
1472 5278 1737 5346 prce/inita
1789 5286 1887 5338 est,
1948 5294 2102 5348 quam

530 5370 726 5440 singuli
762 5379 1094 5423 enecatarum
1136 5367 1204 5428 ad
1235 5369 1574 5437 magistratus
1599 5369 1845 5436 referant.
1872 5368 1937 5421 Et
1965 5369 2101 5424 infe-

534 5457 646 5511 rius
680 5476 693 5510 :
730 5457 933 5512 Necare
962 5467 1010 5510 et
1051 5459 1104 5510 in
1142 5456 1301 5527 Syria
1336 5456 1554 5508 militari
1580 5457 1791 5524 imperio
1821 5466 2097 5527 coguntur.

533 5545 685 5611 Quod
727 5557 781 5603 et
830 5551 883 5602 in
935 5548 1172 5603 Lucania
1224 5546 1383 5601 hodie
1424 5562 1524 5600 nec
1574 5562 1681 5600 non
1734 5546 1947 5618 Iapygia
1986 5551 2098 5619 lege

532 5653 655 5691 vsse
684 5641 977 5709 sancitum,
1005 5640 1131 5693 dum
1171 5640 1270 5694 hoc
1305 5638 1504 5689 malum
1539 5644 1711 5690 terras
1747 5638 2097 5709 hominesque

532 5727 774 5787 infestat.
808 5730 937 5784 mihi
976 5735 1199 5785 relatum
1251 5743 1352 5796 est,
1404 5742 1455 5785 et
1502 5745 1598 5800 ego
1638 5731 1939 5786 observavi.
1988 5732 2094 5787 Nec

2211 4560 2438 4616 adverso
2486 4563 2772 4631 respondet
2814 4561 3020 4632 πτηνῷ.
3068 4560 3265 4626 Herus,
3313 4561 3409 4616 lib.
3440 4579 3500 4625 ιι,
3537 4576 3650 4631 cap.
3675 4558 3747 4620 53,

2209 4651 2351 4705 inter
2376 4668 2563 4708 omnes
2590 4652 2832 4710 volucres
2858 4654 3293 4724 vespertilionem
3318 4652 3509 4711 dentes
3532 4663 3585 4710 et
3606 4666 3753 4709 mam-

2208 4759 2324 4798 mas
2363 4744 2563 4800 habere
2591 4744 2742 4799 dicit.
2778 4744 2923 4816 Αὕτη
2950 4746 3058 4818 γὰρ
3109 4746 3241 4818 μόνη
3284 4745 3394 4800 τῶν
3439 4746 3612 4801 ἄλλων
3639 4759 3750 4811 πτη-

2207 4833 2311 4886 νῶν
2352 4834 2565 4899 ὀδόντας
2608 4836 2702 4890 καὶ
2741 4838 2981 4907 μαστοὺς
3024 4838 3155 4910 ἔχει.
3208 4836 3273 4893 Et
3296 4838 3526 4906 Plinius,
3566 4838 3654 4893 lib.
3685 4849 3747 4892 XI.

2206 4941 2324 4993 cap.
2357 4926 2427 4979 57
2455 4934 2509 4981 et.
2552 4926 2618 4981 59
2653 4947 2666 4981 :
2711 4926 2993 4982 Volucrum
3048 4929 3181 4983 nulli
3233 4927 3410 4984 dentes
3459 4939 3644 5000 prater
3680 4942 3749 4981 re-

2206 5019 2555 5086 spertilionem
2580 5034 2598 5082 ;
2624 5027 2677 5074 et
2710 5020 2803 5074 lib.
2843 5037 2896 5083 .\',
2933 5038 2983 5075 c.
3016 5021 3114 5075 (il:
3154 5020 3433 5076 Volucrum
3454 5021 3649 5076 animal
3668 5034 3749 5088 pa-

2204 5110 2273 5163 rit
2316 5112 2609 5180 vespertilio
2660 5124 2883 5177 tantum,
2925 5114 3011 5166 cui
3055 5122 3103 5166 et
3149 5113 3558 5167 membranacea:
3602 5113 3745 5176 pinna:

2204 5203 2315 5255 uni.
2360 5202 2559 5258 Eadem
2597 5205 2710 5260 sola
2742 5207 3019 5259 volucrum'
3045 5205 3180 5259 lacte
3222 5206 3422 5270 nutrit,
3472 5204 3630 5260 ubera
3669 5200 3747 5255 ad-

2203 5310 2433 5359 movens,
2476 5297 2704 5366 geminos
2761 5297 2944 5350 volitat
2993 5296 3234 5365 amplexa
3262 5296 3490 5367 infantes
3518 5313 3536 5350 :
3570 5309 3743 5351 secum-

2203 5403 2302 5456 que
2325 5385 2586 5456 deportat.
2622 5386 2803 5442 Eidem
2836 5389 3093 5443 coatendix
3130 5406 3236 5444 una
3263 5388 3511 5454 traditur,
3542 5388 3663 5443 etin
3688 5382 3746 5437 ci-

2201 5481 2326 5533 batu
2371 5481 2561 5535 culices
2610 5480 2919 5552 gratissimi.
2970 5480 3229 5545 Isidorus.
3280 5480 3376 5536 lib.
3412 5496 3510 5546 xu,
3557 5495 3668 5550 cap.
3701 5474 3740 5537 7,

2204 5573 2317 5626 haec
2344 5574 2524 5626 omnia
2559 5572 2633 5626 ita
2667 5573 2984 5641 complexus
3011 5581 3094 5627 est
3133 5591 3145 5627 :
3190 5571 3496 5641 Vespertilio
3519 5587 3610 5641 pro
3640 5577 3741 5621 tem-

2196 5680 2321 5731 pore
2366 5683 2549 5720 nomen
2596 5668 2813 5736 accepit,
2849 5683 2907 5721 eo
2949 5668 3084 5738 quod
3124 5668 3288 5722 lucem
3340 5666 3539 5737 fugiens
3591 5676 3742 5731 crepu-

2202 5757 2346 5813 sculo
2377 5758 2661 5814 vespertino
2691 5758 3047 5815 circumvolat.
3080 5757 3338 5813 vra’ciniti
3376 5764 3517 5811 motu
3546 5764 3671 5810 acta.
3699 5758 3738 5803 et

3955 2456 3958 2529 1
