4064 6290
264 361 364 420 921

1371 370 1434 426 IN
1473 367 1841 426 EUSTATHII
1870 370 2336 430 ΗΕΧΑΕΜΕΒΟΝ
2367 370 2596 432 NOTAE.

3362 386 3467 442 929

266 485 583 542 tenuissimis
639 487 968 546 brachiorum
1009 493 1254 549 membris
1294 510 1542 562 suspensa
1573 510 1591 547 :
1622 490 1823 547 animal
1850 496 1895 554 A
1924 495 2018 563 (ita
2043 494 2187 550 enim
2215 495 2450 570 corrigo)
2473 506 2621 565 sunt,
2653 512 2752 554 nec
2771 511 2997 568 usquam
3030 497 3178 554 alibi.
3200 497 3354 566 Quod
3385 504 3465 556 vel

265 581 493 633 murium
516 579 705 645 simile,
732 599 833 637 non
857 593 964 638 tam
987 602 1104 640 voce
1128 603 1373 641 resonans
1399 602 1554 655 quam
1575 586 1818 654 stridore,

263 673 426 739 specie
454 690 652 744 quoque
685 676 912 732 volatilis
957 680 1118 734 simul
1153 689 1201 734 et
1247 681 1560 750 quadrupes,
1593 680 1729 750 quod
1764 680 1819 733 in

263 767 384 820 aliis
413 766 590 820 avibus
620 771 834 837 reperiri
871 789 972 825 non
1005 773 1155 826 solet.
1181 772 1311 838 Quae
1337 788 1458 828 cum
1483 773 1703 827 brachia
1727 788 1820 841 pe-

263 858 464 928 desque
497 858 712 923 habeat,
738 861 866 930 quid
903 863 1098 917 mirum
1156 864 1200 918 si
1229 863 1580 935 τετρασκελές
1625 863 1696 917 sit
1725 878 1823 917 no-

265 946 378 1003 stro
416 951 662 1004 auctori?
712 954 957 1022 quamvis
1005 970 1171 1009 unum
1236 962 1445 1009 tantum
1507 955 1694 1017 σκέλος
1746 953 1820 1007 illi

262 1043 402 1098 tradi
428 1043 636 1100 Plinius
664 1045 904 1100 afﬁrmet.
939 1047 992 1103 ld
1025 1057 1201 1102 tamen
1229 1056 1416 1102 notum
1447 1054 1530 1102 est
1559 1062 1680 1102 esse
1694 1046 1821 1102 sine

262 1152 516 1204 genuum,
557 1138 924 1194 malleolorum
956 1139 1260 1212 pedumque
1287 1140 1555 1194 articulis.

333 1222 494 1289 lbid.,
524 1226 620 1280 lin.
653 1227 741 1282 59.
779 1231 843 1280 Ol
878 1228 944 1281 δὲ
981 1228 1256 1299 τέττιγες.
1297 1229 1546 1290 Basilius,
1585 1227 1730 1282 hom.
1763 1226 1817 1292 8,

265 1317 361 1380 Τίς
383 1319 411 1370 ὁ
437 1319 634 1389 τρόπος
666 1320 766 1390 τῆς
800 1321 1062 1392 μελῳδίας
1101 1321 1194 1374 τοῦ
1226 1323 1486 1390 τέττιγος.
1516 1321 1638 1384 Πῶς
1670 1322 1725 1373 ὲν
1752 1323 1817 1391 τῇ

270 1409 583 1482 μεσημϐρίᾳ
623 1411 825 1464 ἑαυτῶν
871 1414 1006 1466 εἰσιν
1059 1412 1388 1485 ᾠδικώτεροι
1437 1417 1502 1486 τῇ
1553 1414 1682 1486 ὀλκῇ
1725 1414 1818 1468 τοῦ

266 1500 444 1572 ἀέρος,
473 1502 540 1572 ἦν
569 1503 624 1556 ἐν
649 1504 712 1573 τῇ
745 1503 992 1575 διαστολῇ
1027 1505 1299 1558 ποιοῦνται
1331 1502 1424 1558 τοῦ
1454 1503 1698 1575 Θώρακος
1726 1507 1814 1560 ἐκ·

265 1589 538 1660 διδομένου
566 1591 657 1644 τοῦ
690 1591 946 1660 φθόγγου.
990 1593 1329 1657 Aristoteles,
1365 1593 1441 1648 De
1473 1593 1660 1648 histor.
1703 1596 1820 1649 ani-

269 1680 421 1744 mal.,
449 1695 567 1752 cap.
593 1680 680 1745 50,
714 1679 1028 1736 Proveniant
1049 1683 1192 1753 large
1224 1683 1384 1751 copia:
1414 1683 1678 1737 imbrium.

337 1771 471 1827 Ibid.
512 1771 896 1839 Ἠσυχάζουσι
943 1773 1011 1827 δὲ
1061 1777 1282 1842 καιρόν.
1339 1773 1675 1840 Aristoteles,
1724 1775 1816 1830 lib.

267 1881 383 1927 vin,
409 1864 486 1918 De
525 1863 711 1922 histor.
756 1867 944 1930 anim.,
979 1882 1100 1936 cap.
1132 1866 1200 1920 17
1222 1886 1248 1922 ·;
1281 1865 1492 1921 Cicada:
1519 1867 1608 1921 ubi
1641 1882 1822 1935 erupe-
1851 1847 1892 1900 Β

269 1964 415 2018 runt,
438 1954 590 2017 oleis,
626 1963 718 2006 aut
742 1955 1088 2009 arundinibus
1113 1955 1390 2009 insidunt:
1415 1964 1493 2020 et,
1510 1972 1630 2010 cum
1669 1964 1819 2025 rupto

269 2045 508 2113 operculo
529 2057 735 2109 exeunt,
769 2063 986 2115 parvum
1027 2046 1278 2116 quiddam
1324 2049 1380 2100 in
1423 2065 1481 2102 eo
1528 2049 1821 2118 relinquunt

269 2137 523 2201 humoris,
569 2154 659 2193 nec
689 2138 854 2192 multo
894 2147 1010 2206 post
1038 2138 1235 2203 volant,
1265 2148 1313 2192 et
1343 2139 1592 2208 incipiunt
1616 2157 1816 2197 canere.

337 2230 455 2288 Col.
490 2233 612 2299 737,
639 2234 734 2287 lin.
771 2234 824 2288 1.
853 2233 1150 2300 Πλήττειν
1170 2233 1238 2286 δὲ
1261 2233 1360 2286 καὶ
1383 2234 1568 2301 ᾅδειν.
1587 2235 1818 2291 Causam

268 2341 438 2397 quare
488 2325 689 2382 cicadae
738 2333 936 2382 canant
963 2326 1184 2396 exponit
1223 2326 1562 2393 Aristoteles,
1593 2327 1688 2382 lib.
1744 2327 1821 2382 De

258 2420 462 2489 juvent.
493 2427 542 2471 et
571 2425 759 2471 senect.
803 2417 930 2471 vita.
962 2425 1012 2470 et
1043 2426 1198 2472 mort.
1243 2425 1293 2470 et
1324 2417 1532 2485 respir.,
1561 2432 1696 2488 ~cap.
1729 2418 1816 2472 Η.

271 2509 535 2563 Videntur
565 2508 707 2562 enim
725 2523 786 2562 ea
806 2509 1015 2563 ratione
1036 2509 1126 2563 illa
1149 2507 1356 2563 scilicet
1386 2509 1819 2564 membranarum

273 2602 508 2656 elatione
545 2601 818 2666 anhelare,
844 2608 898 2656 et
927 2599 1234 2672 refrigerari
1289 2601 1724 2671 quodammodo;
1767 2611 1822 2660 et

272 2693 365 2748 lib.
393 2708 445 2746 ιν
482 2691 552 2746 De
579 2693 767 2746 histor.
801 2693 1022 2748 animal.
1053 2733 1070 2759 ,
1100 2708 1219 2762 cap.
1249 2693 1304 2757 9,
1338 2694 1577 2750 declarat
1603 2695 1820 2750 modum

271 2785 433 2854 hujus
463 2785 604 2840 soni.
639 2783 728 2838 Ait
755 2787 898 2839 enim
942 2784 1282 2839 membranas
1318 2785 1439 2840 illas
1469 2786 1660 2855 spiritu
1683 2785 1821 2843 inte-

270 2877 399 2930 riori
451 2875 677 2940 moveri,
725 2890 832 2929 non
865 2863 1142 2940 exteriori,
1173 2876 1424 2945 illiusque
1460 2877 1684 2947 spiritus
1735 2884 1820 2932 at-

272 2967 398 3021 tritu
447 2983 638 3021 sonum
688 2966 795 3022 edi.
839 2966 918 3020 Τὰι
965 2966 1063 3038 μὲν
1105 2962 1197 3020 οὖν
1239 2965 1436 3037 ἔντομα
1480 2966 1600 3022 οὔτε
1632 2971 1817 3038 φωνεῖ,

269 3058 390 3112 οὕτε
417 3058 739 3126 διαλέγεται,
769 3057 932 3128 ψοφεῖ
967 3058 1024 3111 δὲ
1060 3057 1138 3129 τῷ
1178 3057 1284 3110 ἔσω
1319 3057 1606 3130 πνεύματι,
1649 3060 1708 3112 οὐ
1743 3058 1820 3132 τῷ

269 3149 488 3222 θύραζε.
535 3149 696 3203 Οὐδὲν
744 3149 852 3219 γὰρ
898 3150 1121 3203 ἀναπνεῖ
1180 3150 1376 3218 αὐτῶν,
1432 3150 1564 3205 ἀλλὰ
1605 3150 1674 3204 τὰ
1725 3151 1821 3223 μὲν

269 3238 509 3309 βομϐεῖν,
557 3234 668 3291 οἷον
722 3237 960 3309 μέλιττα,
1019 3239 1112 3292 καὶ
1164 3239 1233 3294 τὰ
1289 3240 1466 3309 πτηνὰ
1509 3239 1706 3305 αὐτῶν,
1757 3240 1824 3294 τὰ

264 3329 323 3381 δὲ
363 3328 506 3399 ᾅδειν
549 3327 782 3396 λέγεται,
817 3322 926 3382 οἷον
966 3329 1013 3381 οἱ
1063 3327 1324 3396 τέττιγες.
1355 3329 1535 3383 Πάντα
1566 3329 1622 3382 δὲ
1655 3327 1825 3382 ταῦτα

261 3414 428 3484 ψοφεῖ
478 3414 553 3486 τῷ
591 3415 753 3486 ὑμήνι
796 3415 897 3468 ὑπὸ
934 3415 994 3468 τδ
1032 3413 1187 3485 ζῶμα
1229 3417 1350 3471 ὃσον
1395 3417 1666 3490 διῄρητον,
1714 3412 1824 3471 οἷον

261 3507 326 3559 τὸ
365 3507 470 3559 τῶν
516 3507 770 3575 τεττίγων
833 3505 986 3574 γένος
1027 3510 1092 3578 τῇ
1137 3507 1316 3579 τρίψει
1360 3508 1453 3561 τοῦ
1497 3509 1820 3580 πνεύματος.

262 3599 501 3669 Ideoque
565 3598 630 3652 ad
691 3598 792 3652 hoc
826 3606 887 3652 ut
936 3608 1131 3654 canant
1168 3615 1390 3655 necesse
1441 3608 1560 3666 est,
1618 3609 1678 3654 ut
1714 3600 1825 3656 sint

261 3691 562 3763 praecincti:
617 3691 878 3755 dividua,
912 3699 966 3746 et
1011 3692 1114 3748 sub
1167 3700 1321 3761 septo
1362 3699 1673 3748 transverso
1711 3693 1824 3747 dis-

261 3789 475 3837 sectum
528 3796 650 3835 esse
705 3781 832 3845 illis,
878 3781 992 3836 sive
1043 3782 1294 3852 majores}
1323 3783 1454 3847 sint,
1497 3783 1612 3838 sive
1645 3783 1821 3838 mino-

260 3888 377 3936 res,
414 3887 539 3926 nam
575 3887 681 3925 non
710 3871 968 3935 dividuis,
1000 3878 1054 3927 et
1081 3873 1278 3942 quibus
1305 3888 1416 3927 non
1455 3883 1537 3927 est
1570 3873 1822 3936 scissum,

264 3973 434 4017 mutre
478 3971 605 4017 sunt
650 3964 890 4018 omnino.
939 3962 1112 4018 Dorso
1155 3964 1276 4019 illas
1309 3979 1567 4019 resonare
1607 3964 1825 4034 scripsit

273 4055 471 4114 llorus,
505 4055 596 4109 lib.
636 4071 694 4117 ll,
727 4069 844 4124 cap.
875 4054 962 4119 55,
998 4048 1164 4118 Οὗτος
1189 4054 1295 4128 γὰρ
1324 4054 1413 4109 διὰ
1439 4054 1532 4108 τοῦ
1565 4055 1825 4126 στόματος

269 4149 331 4200 οὐ
369 4146 534 4199 λαλεῖ·
569 4146 702 4200 ἀλλὰ
743 4146 830 4200 διὰ
865 4147 964 4216 τῆς
1005 4125 1222 4218 ρἁεωξ
1248 4125 1614 4218 φθεγγόμενος
1658 4125 1824 4200 σιαλὸν

273 4238 432 4311 μέλος
452 4239 637 4292 ἀείδει.
669 4237 733 4292 Et
766 4238 1036 4300 Elianus,
1071 4239 1146 4294 De
1169 4239 1354 4295 histor.
1389 4240 1629 4305 animal.,
1661 4241 1755 4295 lib.
1781 4256 1819 4305 ι,

267 4346 388 4400 cap.
433 4331 522 4386 20.
569 4331 649 4384 Τὰ
679 4331 775 4402 μὲν
804 4332 938 4386 ἄλλα
979 4331 1088 4384 τῶν
1127 4331 1358 4385 Ἰνδικῶν
1399 4331 1598 4402 ὀρνέων
1638 4331 1822 4383 εὐστο-

271 4429 380 4495 μεῖ,
429 4425 521 4478 καὶ
579 4427 643 4496 τῇ
685 4423 897 4498 γλώττῃ
949 4424 1237 4494 φθέγγεται
1290 4425 1444 4496 δίκην
1497 4423 1818 4496 ἀνθρώπου·

1920 589 2038 644 solo
2061 589 2260 645 ΛΕιίοηί
2297 592 2607 648 testimonio
2643 591 2852 648 refellet
2882 591 3004 664 quis
3039 611 3052 648 :
3093 593 3139 649 is
3165 596 3332 661 enim,
3367 593 3462 650 lib.

1921 695 2001 743 ιιι,
2023 679 2097 734 De
2122 682 2309 737 histor.
2335 683 2524 747 anim.,
2547 698 2664 753 cap.
2684 682 2774 745 '55,
2799 682 2875 736 ait
2903 682 2956 738 in
2987 681 3295 739 Macedonia
3316 699 3464 748 sues,

1918 782 1972 827 et
1999 787 2172 841 genus
2202 773 2471 842 quoddam
2501 773 2809 828 cicadarum
2845 789 2966 828 esse
3007 781 3248 840 mutum;
3289 782 3343 829 et
3374 774 3467 829 ad-

1919 863 2081 917 ducta
2116 863 2324 920 ratione
2354 879 2385 917 a
2417 863 2682 920 Strabone
2735 865 2877 919 facili
2927 864 2978 919 id
3022 863 3238 934 negotio
3285 871 3468 934 posset

1919 954 2160 1024 probari,
2180 971 2302 1009 cum
2333 970 2396 1011 ea
2419 970 2584 1012 causa
2611 972 2720 1011 non
2746 957 2802 1011 in
2834 955 3091 1027 Rheginis
3120 935 3346 1019 tantum,
3372 957 3468 1013 sed

1919 1053 1972 1100 et
2005 1044 2061 1098 in
2093 1045 2216 1100 aliis
2244 1045 2407 1100 etiam
2453 1047 2561 1102 vim
2608 1063 2760 1102 suam
2808 1047 3066 1103 obtineat.
3110 1046 3253 1114 Quin
3292 1046 3468 1104 Theo-
3503 1046 3516 1124 ξ

1919 1135 2202 1207 phylactus
2237 1133 2561 1201 Simocatus,
2593 1146 2786 1206 quast.
2818 1146 2998 1192 natur.
3025 1138 3111 1200 l3,
3143 1136 3370 1191 afﬁrmat
3391 1139 3469 1194 ci-
3503 1144 3514 1209 ᾖ

1919 1227 2085 1282 cadas
2111 1242 2300 1283 omnes
2334 1227 2562 1283 feminas
2593 1239 2770 1284 mutas
2807 1245 2950 1294 esse,
2985 1245 3282 1300 earumque
3314 1230 3468 1302 frigi-
3503 1236 3507 1239 ’

1919 1317 2140 1373 ditatem
2173 1333 2393 1372 causam
2427 1334 2547 1374 esse
2578 1319 2712 1384 vult,
2762 1319 2950 1386 Τέττιξ
2978 1316 3070 1374 οὗν
3111 1321 3296 1394 Θήλεια
3332 1322 3470 1376 κατὰ

1919 1409 2053 1462 πολὺ
2104 1409 2409 1481 ψυχροτέρα
2455 1409 2549 1463 τοῦ
2583 1410 2840 1482 ἄρρενος,
2881 1411 2974 1464 καὶ
3007 1411 3165 1483 φύσις
3201 1413 3334 1485 αὐτῇ
3373 1412 3470 1484 τὴν

1919 1500 2127 1571 σιωπὴν
2159 1501 2521 1570 ὲγκελεύεται,
2553 1502 2797 1558 ἐπίτασιν
2824 1504 3091 1559 ἐντιθεῖσα
3115 1504 3465 1577 ψυχρότητος.

1919 1593 2008 1646 Διὸ
2028 1593 2252 1657 κωτίλος
2284 1593 2458 1658 τέττιξ
2486 1595 2584 1648 οὐκ
2611 1594 2723 1648 ἔστι
2745 1595 2948 1668 θήλεια.
2977 1594 3132 1662 Quod
3151 1605 3201 1652 et
3230 1596 3297 1651 de
3325 1595 3469 1652 Seri-

1919 1683 2064 1755 phiis
2096 1687 2267 1750 ranis,
2303 1701 2422 1756 qua:
2450 1695 2610 1742 mutae
2635 1696 2783 1754 sunt,
2817 1695 3007 1757 quaest.
3033 1688 3121 1756 {8,
3153 1688 3337 1743 tradit.

1988 1774 2148 1837 lbid.,
2167 1777 2263 1832 lin.
2291 1778 2341 1831 7.
2372 1779 2554 1846 ’Ἃπερ
2583 1778 2793 1846 κοινὴν
2817 1779 2952 1849 μέν.
2977 1778 3227 1835 Omnium
3259 1780 3348 1834 illa
3369 1779 3470 1834 fuit

1922 1869 2212 1934 sententia,
2244 1869 2514 1926 hominem
2547 1885 2669 1926 esse
2713 1871 2944 1926 divisum
2991 1871 3045 1926 in
3096 1880 3274 1942 partes
3307 1872 3466 1936 duas,

1920 1975 2118 2030 corpus
2147 1969 2200 2015 et
2231 1962 2486 2027 animam,
2521 1971 2575 2018 et
2607 1963 2706 2018 hac
2744 1963 2947 2034 aliquid
2974 1964 3174 2019 habere
3209 1979 3331 2019 cum
3360 1965 3471 2022 Deo

1921 2066 2228 2114 commune,
2259 2053 2352 2108 illo
2382 2067 2508 2107 cum
2543 2053 2736 2118 brutis,
2773 2062 2826 2109 et
2857 2056 3068 2112 belluis.
3093 2054 3160 2108 Et
3178 2055 3322 2112 sicut
3347 2058 3467 2112 ani-

1920 2156 2009 2196 mo
2061 2143 2272 2198 caeteris
2324 2143 2692 2200 animantibus
2742 2144 2898 2214 longe
2945 2152 3184 2214 praestat,
3218 2145 3471 2200 animalia

1921 2231 2229 2297 arboribus,
2249 2240 2304 2288 et
2325 2233 2594 2304 virgultis,
2619 2233 2936 2305 caeterisque
2953 2249 3116 2292 sensu
3136 2235 3468 2313 carentibus,

1919 2321 2126 2376 homini
2153 2338 2220 2378 ex
2246 2323 2430 2379 animo
2460 2325 2619 2390 ratio,
2649 2324 2755 2381 illis
2783 2339 2978 2382 sensus
3011 2340 3077 2380 ex
3107 2316 3372 2396 corpore:
3395 2327 3471 2381 ita

1921 2424 2100 2471 tamen
2145 2423 2206 2470 ut
2235 2422 2289 2471 et
2325 2416 2534 2472 homini
2581 2417 2659 2471 uti
2711 2419 2956 2487 corporis
2989 2419 3226 2488 compoti
3275 2433 3471 2476 sensus

1919 2524 2028 2562 non
2056 2508 2372 2578 denegetur.
2415 2507 2642 2567 Interest
2687 2519 2864 2564 autem
2917 2508 3060 2564 inter
3107 2508 3382 2565 hominem
3416 2519 3470 2566 et

1919 2599 2154 2654 belluam
2205 2599 2341 2654 illud
2387 2599 2641 2665 maxime,
2667 2600 2815 2671 quod
2868 2601 3047 2656 bellua
3099 2601 3146 2658 si
3203 2609 3468 2668 movetur,

1921 2706 2084 2747 sensu
2117 2699 2364 2747 movetur
2398 2698 2630 2757 tantum,
2654 2699 2708 2748 et
2736 2691 2802 2746 ad
2827 2708 3068 2763 presens
3097 2692 3286 2759 fertur,
3305 2694 3470 2749 nihil-

1919 2797 2026 2851 que
2068 2791 2260 2852 prmter
2296 2781 2623 2852 voluptatem
2657 2781 2842 2846 sentit,
2874 2782 2938 2837 ad
2968 2797 3194 2852 eamque
3227 2790 3338 2836 toto
3365 2782 3472 2836 im-

1918 2881 2044 2942 petu
2091 2873 2335 2943 rapitur;
2366 2873 2548 2936 homo,
2603 2887 2726 2926 cum
2781 2873 2853 2927 sit
2896 2871 3124 2928 rationis
3181 2870 3468 2942 particeps,

1920 2964 2082 3018 etiam
2115 2964 2243 3019 dum
2285 2961 2472 3026 sentit,
2500 2963 2746 3033 quamvis
2802 2979 2969 3021 sensu
3022 2964 3271 3025 ducatur,
3299 2962 3472 3016 elevat

1921 3074 1980 3114 se
2000 3064 2182 3113 tamen
2214 3055 2281 3111 ad
2311 3056 2501 3112 altiora
2530 3053 2948 3120 consideranda,
2982 3060 3036 3108 et
3063 3053 3246 3109 divina
3275 3051 3473 3106 intelli-

1848 3173 1890 3232 α
1924 3147 2118 3217 genda,
2146 3154 2200 3200 et
2230 3145 2286 3200 in
2315 3147 2592 3217 proprium
2623 3159 2782 3200 usum
2817 3159 2926 3198 non
2967 3159 3130 3200 sensu
3160 3152 3338 3208 actus,
3377 3141 3473 3198 sed

1923 3237 2135 3292 ratione
2166 3237 2349 3292 omnia
2379 3236 2773 3292 accommodat.
2805 3234 2984 3300 Quare
3009 3234 3172 3288 etiam
3195 3240 3248 3287 et
3277 3247 3474 3289 causas

1922 3343 2104 3383 rerum
2134 3335 2188 3382 et
2221 3329 2634 3383 consecutiones
2661 3327 2844 3390 videt,
2877 3338 3171 3394 earumque
3218 3338 3474 3394 progres-

1923 3436 2018 3476 sus
2047 3434 2154 3474 non
2187 3419 2422 3489 ignorat.
2452 3417 2820 3488 Utrorumque
2850 3424 3044 3494 tamen.
3076 3430 3273 3470 sensus
3303 3415 3358 3467 in
3384 3428 3475 3468 ea-

1923 3511 2042 3565 dem
2075 3509 2244 3564 fertur
2259 3509 2467 3581 objecta
2490 3517 2542 3564 et
2564 3510 2677 3579 pari
2705 3508 2914 3563 ratione
2940 3507 3006 3561 ab
3022 3506 3128 3562 illis
3151 3505 3473 3560 commutari

1921 3599 2272 3657 manifestum
2317 3609 2423 3666 est,
2463 3599 2723 3672 quidquid
2746 3599 2891 3653 dicat
2912 3596 3266 3653 Jamblichus.
3288 3595 3474 3668 Neque

1921 3693 2161 3763 negarim
2188 3693 2242 3747 in
2268 3693 2539 3763 aliquibus
2564 3692 2631 3746 ab
2658 3691 2970 3745 hominibus
2999 3688 3228 3752 belluas,
3257 3688 3310 3742 in
3351 3687 3475 3743 aliis

1922 3784 2169 3841 homines
2203 3800 2232 3838 a
2264 3784 2458 3840 belluis
2484 3785 2747 3854 superari,
2778 3797 2898 3852 quae
2921 3788 3004 3837 est
3027 3780 3332 3835 communis
3351 3781 3472 3851 opi-

1922 3873 2034 3934 nio,
2070 3881 2124 3928 et
2154 3874 2511 3928 Aristotelicas
2545 3872 2807 3927 doctrinze
2841 3870 3014 3941 magis
3045 3869 3471 3925 accommodata.

1926 3962 2032 4018 Sed
2069 3965 2184 4018 haec
2215 3965 2440 4019 alterius
2471 3969 2598 4018 sunt
2620 3963 2838 4032 negotii.
2879 3960 3022 4018 Satis
3055 3961 3125 4017 sit
3155 3959 3310 4027 illud,
3343 3975 3476 4015 con-

1922 4063 2067 4128 stare
2121 4054 2393 4110 hominem
2446 4053 2646 4121 animo,
2677 4053 2778 4107 hoc
2815 4060 2898 4108 est
2946 4051 3170 4108 rationis
3226 4060 3474 4121 compote

1920 4147 2042 4202 aliis
2091 4144 2458 4200 animantibus
2503 4159 2625 4200 esse
2650 4144 3100 4215 praestantiorem,
3126 4151 3182 4199 et
3203 4157 3268 4200 eo
3299 4143 3473 4200 solum

1923 4238 1993 4293 ab
2016 4238 2124 4294 illis
2155 4237 2432 4308 distingui.
2482 4236 2660 4303 Quare
2690 4236 2884 4306 saepius
2908 4249 3017 4289 uno
3040 4248 3250 4290 mecum
3284 4243 3475 4304 reputo
3515 4288 3518 4290 .

1922 4329 2245 4385 Sallustiana
2270 4329 2359 4383 illa
2375 4343 2498 4384 vere
2513 4343 2672 4383 aurea
2685 4327 2738 4381 in
2765 4325 3027 4397 prooemio
3060 4312 3136 4380 De
3154 4324 3474 4394 conjuratio-

1921 4438 1982 4474 ne
2012 4419 2275 4485 Catilinae,
2302 4432 2419 4488 quae
2464 4416 2629 4473 veluti
2668 4415 3180 4472 commentariorum
3220 4412 3350 4467 huic
3377 4427 3476 4466 no-

265 4519 316 4570 ol
362 4517 419 4570 δὲ
463 4517 702 4584 τέττιγες
752 4516 890 4569 κατὰ
946 4516 1040 4588 τὴν
1076 4515 1188 4580 ἰξόν
1238 4517 1343 4569 εἰσι
1397 4515 1722 4568 λαλίστατοι.
1757 4514 1822 4568 Et

1925 4523 2040 4572 stro
2071 4513 2277 4568 auctori
2306 4512 2479 4566 lucem
2511 4509 2702 4566 aﬂ‘erre
2729 4518 2995 4581 possunt:
3025 4507 3216 4564 Omnes
3245 4504 3475 4560 homines

268 4616 394 4664 ante
449 4607 721 4662 Eliauum
777 4608 1128 4673 Aristoteles,
1191 4607 1270 4662 De
1326 4609 1513 4662 histor.
1575 4607 1818 4670 animal.,

268 4703 361 4756 lib.
395 4719 468 4770 tv,
492 4718 612 4773 cap.
635 4701 667 4754 7
697 4720 710 4756 :
745 4699 945 4756 Cicada
974 4703 1110 4756 inter
1137 4701 1267 4766 haec,
1304 4711 1352 4754 et
1388 4703 1596 4756 omnino
1624 4702 1676 4754 in
1708 4701 1822 4754 ani-

266 4794 489 4847 malium
535 4807 715 4863 genere
756 4810 863 4848 una
913 4810 1002 4848 ore
1045 4801 1231 4847 caret:
1267 4793 1531 4862 prolixum
1573 4792 1823 4863 quiddam

266 4895 616 4954 campactum,
644 4885 1022 4956 indivisumque
1068 4887 1221 4956 gerit.
1247 4886 1418 4940 simile
1452 4887 1526 4939 eis
1555 4884 1691 4956 quod
1721 4885 1824 4938 lin-

265 4995 383 5048 gute
404 4980 621 5046 speciem
646 4978 835 5048 refert;
861 4980 915 5032 in
942 4979 1007 5033 iis
1033 4979 1218 5050 quibus
1251 4978 1462 5032 aculeus
1484 4979 1539 5030 in
1571 4995 1659 5032 ore
1689 4993 1706 5030 :
1737 4995 1824 5032 eo-

264 5088 361 5139 que
382 5072 492 5139 ipso
523 5087 694 5126 rorem
716 5073 924 5134 haurit,
949 5071 1256 5126 alimentum
1278 5087 1440 5124 unum
1466 5079 1514 5125 et
1542 5070 1819 5138 peculiare.

269 5163 340 5216 Ile
395 5163 708 5217 cicadarum
753 5161 1116 5233 Rheginarum
1152 5163 1369 5218 silentio
1415 5163 1587 5217 multa
1631 5161 1824 5218 Strabo

267 5251 605 5323 Geographie:
628 5253 723 5307 lib.
745 5267 835 5318 v1;
866 5253 1103 5316 Solinus,
1129 5268 1248 5323 cap.
1273 5254 1325 5317 8,
1349 5254 1416 5309 de
1455 5254 1669 5310 silentio
1693 5269 1824 5308 con-

266 5347 432 5411 venit,
460 5347 528 5402 de
561 5361 730 5402 causa
762 5347 1030 5404 dissentit.
1059 5345 1123 5400 Et
1150 5361 1217 5402 ex
1248 5346 1450 5402 Granio
1478 5346 1544 5400 ad
1590 5345 1821 5408 fabulas,

264 5446 317 5490 vt
352 5443 631 5507 poetarum
658 5437 1010 5491 deliramenta
1041 5437 1153 5490 hate
1183 5436 1396 5506 rejicit;
1428 5451 1526 5492 nec
1559 5437 1612 5491 in
1643 5436 1823 5492 omni-

264 5529 366 5584 l-us
389 5543 509 5598 quae
545 5529 620 5583 ibi
653 5537 840 5584 narrat
885 5545 1068 5593 verax,
1101 5531 1176 5582 ait
1219 5530 1362 5584 enim
1393 5548 1406 5584 :
1443 5528 1656 5584 Cicadce
1684 5528 1824 5598 apud

269 5618 522 5689 Rheginos
570 5630 751 5685 mutua,
793 5636 883 5674 nec
910 5637 1133 5690 usquam
1167 5621 1318 5674 alibi.
1354 5619 1419 5672 Et
1446 5635 1569 5674 eum
1605 5627 1824 5674 secutus

267 5709 525 5776 Isidorus,
577 5711 672 5766 lib.
723 5726 836 5775 xu,
871 5727 991 5782 cap.
1025 5711 1058 5767 8
1096 5729 1110 5766 :
1149 5710 1363 5766 Cicada:
1407 5725 1471 5764 ea:
1516 5710 1823 5764 cuculorum

267 5812 554 5856 nascuntur
579 5812 748 5872 sputo.
789 5802 878 5858 lla:
905 5804 959 5858 in
991 5801 1138 5858 Italia
1181 5802 1322 5874 apud
1353 5799 1627 5875 Rheginos
1661 5807 1823 5857 muta:

1921 4607 2010 4677 qui
2041 4621 2150 4659 sese
2180 4602 2390 4658 student
2418 4610 2671 4672 prwstare
2697 4601 2898 4655 cwleris
2929 4598 3303 4660 animantibus,
3327 4612 3475 4650 sum-

1924 4716 2010 4752 ma
2034 4713 2124 4766 ope
2149 4698 2245 4751 niti
2274 4696 2437 4760 decet,
2463 4712 2524 4749 ne
2552 4697 2712 4749 vitam
2759 4692 2968 4747 silentio
2998 4691 3290 4760 transigant
3319 4687 3476 4742 veluti

1920 4807 2130 4860 pecora,
2166 4806 2280 4861 quae
2325 4799 2516 4844 natura
2551 4801 2718 4856 prona
2769 4792 2922 4854 atque
2965 4782 3128 4837 ventri
3183 4778 3477 4835 obedientia

1921 4885 2096 4956 ﬁnxit,
2132 4883 2222 4937 sed
2251 4883 2421 4936 omnis
2457 4889 2637 4933 nostra
2666 4878 2742 4932 vis
2773 4877 2828 4930 in
2857 4875 3053 4940 animo,
3076 4881 3126 4928 et
3143 4887 3356 4941 corpore
3375 4873 3478 4926 sila

1919 4985 2017 5030 est.
2070 4974 2250 5029 Animi
2289 4971 2526 5040 imperio,
2567 4968 2801 5038 corporis
2833 4966 3039 5020 servitio
3063 4965 3229 5035 magis
3257 4964 3476 5017 utimur.

1923 5069 2164 5123 Alterum
2205 5065 2351 5119 nobis
2399 5079 2519 5117 cum
2551 5061 2674 5124 diis,
2719 5058 2943 5115 alterum
2961 5073 3080 5111 cum
3114 5056 3298 5111 belluis
3339 5070 3477 5107 com-

1922 5172 2075 5210 mune
2133 5163 2229 5208 est.
2272 5152 2387 5219 Quo
2428 5151 2559 5203 mihi
2596 5148 2787 5203 rectius
2843 5163 2954 5202 esse
3011 5143 3234 5208 videtur,
3285 5141 3480 5212 ingenii

1919 5263 2077 5318 quam
2109 5246 2297 5300 virium
2343 5242 2527 5313 opibus
2583 5241 2807 5313 gloriam
2836 5254 3066 5311 quarere
3094 5253 3112 5291 :
3145 5244 3195 5291 et
3230 5233 3476 5306 quoniam

1922 5342 2028 5394 vita
2057 5340 2173 5408 ipsa
2208 5355 2311 5408 qua
2341 5336 2589 5406 fruimur,
2631 5333 2795 5387 brevis
2819 5340 2917 5398 est,
2949 5329 3254 5386 memoriam
3283 5324 3472 5387 nostri,

1919 5448 2078 5502 quam
2107 5430 2333 5482 maxime
2385 5427 2589 5497 longam
2620 5426 2847 5496 efﬁcere.
2888 5422 3032 5476 Nam
3074 5420 3378 5474 divitiarum
3425 5421 3476 5468 et

1921 5524 2105 5594 forma:
2136 5521 2328 5593 gloria,
2361 5521 2528 5590 ﬂuxa,
2561 5527 2713 5588 atque
2737 5517 2944 5589 fragilis
2974 5525 3052 5570 est
3078 5530 3096 5568 :
3118 5512 3284 5565 virtus
3307 5505 3474 5572 clara,

1921 5624 2216 5685 wternaque
2236 5614 2472 5668 habetur.
2509 5609 2670 5666 Disce
2696 5618 2774 5672 tu,
2801 5624 2834 5663 o
2880 5607 3044 5661 homo
3067 5597 3373 5656 Christiana
3395 5597 3480 5652 di-

1925 5707 2151 5777 sciplina
2182 5705 2422 5760 imbutus
2445 5717 2475 5756 a
2513 5701 2631 5756 viro
2655 5699 2892 5763 ethnico,
2932 5704 3028 5749 tuo
3053 5691 3254 5754 animo,
3277 5698 3480 5759 tuaque

1924 5799 2154 5865 ratione,
2181 5803 2241 5852 ut
2269 5796 2379 5868 jus,
2415 5793 2603 5865 fasque
2632 5788 2881 5862 requirit,
2911 5785 3025 5854 uti;
3055 5782 3185 5857 quid
3225 5781 3482 5856 majesta-
