4064 6290
674 378 780 436 993
1995 373 2214 428 ιΕοΝιε

2323 372 2541 427 LLATll
3843 379 3942 434 ρει

618 534 623 545 .
675 508 783 552 tem
809 504 953 549 tuam
982 492 1261 549 vilissimis
1295 493 1649 548 animantium
1693 494 1947 551 ductibus
1971 511 2235 567 conspur-
2261 498 2307 555 Α
2334 492 2656 555 constantia,
2709 490 2957 555 utilitate,
3012 490 3418 558 pulchritudine,
3478 496 3933 562 temperatione,

676 603 771 643 cas
798 584 1129 641 ftedissime?
1158 583 1329 639 Homo
1352 601 1411 641 es
1454 586 1519 640 ad
1566 587 1850 656 superiora
1901 588 2224 658 destinatus,
2329 602 2422 639 uec
2452 601 2603 654 posse
2634 585 2749 653 ﬁeri
2776 585 2901 654 quin
2933 583 2986 636 id
3008 583 3144 653 quod
3169 585 3399 639 mirabili
3434 588 3656 641 ratione
3687 598 3930 651 constat.

640 681 646 689 '
674 692 744 732 ne
766 684 1082 731 contemnas
1103 675 1247 745 quod
1281 675 1335 728 in
1375 683 1425 728 te
1452 674 1981 743 elucet'jDivinitatis.

741 766 902 831 lbid.,
930 766 1028 822 lin.
1060 766 1111 821 9.
1147 766 1259 821 Καὶ
1299 769 1619 836 κινούμενα
1649 769 1911 836 κίνησιν.
1948 768 2111 824 Multa
2142 771 2229 825 hic

673 870 893 932 possent
932 860 1115 916 afferri
1146 862 1214 916 de
1260 864 1464 917 ratione
1513 870 1694 918 motus
1741 864 2074 929 animalium,
2108 884 2229 937 qua:

674 952 906 1008 facultas
936 955 1266 1023 requiratur,
1300 955 1508 1025 etquid
1554 956 1770 1011 tandem
1821 969 2113 1013 concurrat
2160 961 2227 1015 ad

671 1053 877 1098 motum
927 1044 1072 1099 hunc
1116 1047 1540 1117 exsequendum,
1589 1048 1684 1102 sed
1740 1064 1803 1102 ea
1852 1049 2228 1107 subtilioribus

671 1136 1010 1208 philosophis
1055 1138 1322 1208 relinquo.
1361 1139 1632 1194 Adducam
1689 1147 1868 1196 tamen
1925 1158 2091 1198 unum
2144 1147 2228 1200 vel

672 1227 903 1283 alterum
944 1229 1010 1284 ad
1041 1229 1204 1298 hujus
1245 1230 1352 1284 loci
1395 1230 1829 1300 explicationem.
1860 1230 2053 1288 Noster
2083 1235 2226 1289 enim

673 1318 989 1376 Eustathius
1032 1336 1156 1374 cum
1202 1321 1257 1376 in
1310 1322 1489 1378 verbis
1528 1325 1901 1393 superioribus
1951 1326 2227 1381 videretur

671 1412 857 1467 nescio
881 1413 1186 1481 quomodo,
1208 1412 1449 1466 animum
1480 1415 1651 1471 brutis
1695 1416 2103 1487 pecudibusque
2129 1419 2226 1471 de-

670 1516 921 1572 negasse,
947 1510 1001 1556 et
1028 1510 1237 1556 tantum
1280 1518 1499 1559 sensum
1554 1506 1660 1561 illis
1687 1508 2020 1573 attribuisse,
2059 1510 2113 1563 in
2144 1510 2228 1565 his

672 1606 734 1647 se
752 1592 1006 1662 explicat,
1030 1592 1096 1647 de
1119 1608 1349 1663 quonam
1379 1601 1560 1652 animo
1581 1599 1937 1668 loquebatur;
1962 1602 2036 1655 ait
2059 1603 2222 1668 enim,

670 1683 927 1737 animalia
961 1684 1093 1749 haec,
1140 1701 1259 1756 quae
1311 1703 1530 1743 sensum
1580 1705 1686 1743 una
1738 1707 1859 1746 cum
1917 1692 2225 1750 hominibus

671 1788 1013 1830 communem
1045 1776 1264 1842 habent,
1288 1795 1397 1834 non
1421 1789 1598 1837 tamen
1648 1783 1890 1852 ejusdem
1937 1787 2225 1855 perfectio-

2328 677 2554 732 consilio
2580 676 2773 745 majori
2804 676 2979 747 aliquo
3002 680 3071 731 sit
3099 679 3431 735 instructum.

2344 834 2348 839 ἢ
2397 768 2534 823 lbid.
2592 769 2690 824 lin.
2742 768 2996 823 28.11017
3023 771 3205 839 λόγος
3229 770 3366 838 ἐρεῖ.
3415 768 3734 826 Rationem
3794 773 3926 827 hanc

2326 859 2469 924 l'use,
2502 858 2967 927 disertissimeque
3001 860 3344 929 prosequitur
3394 860 3733 914 Methodius
3765 858 3921 915 Pata-

2329 951 2530 1014 rensis,
2560 951 2657 1006 lib.
2683 948 2761 1004 De
2785 949 2945 1005 libero
2969 950 3213 1015 arbitrio,
3243 960 3433 1006 contra
3454 951 3916 1015 Valentinianos,

2328 1059 2486 1114 quem
2507 1043 2649 1108 vide,
2668 1050 2723 1098 et
2743 1043 2986 1098 Cicero"
3018 1044 3092 1098 De
3106 1052 3218 1099 nat.
3242 1046 3476 1098 deorum.
3501 1043 3682 1111 Quod
3708 1046 3913 1101 Aristo-

2328 1135 2485 1191 telem
2519 1150 2747 1206 negasse
2790 1135 2955 1190 refert
2981 1136 3194 1191 Atticus
3219 1137 3357 1207 apud
3387 1136 3735 1202 Eusebium,
3775 1140 3909 1209 ’Δριο

2329 1226 2584 1296 στοτέλης
2627 1226 2786 1297 μέχρι
2829 1226 3051 1298 σελήνης
3095 1229 3296 1299 στήσας
3333 1229 3395 1281 τὸ
3421 1228 3613 1290 Θεῖον,
3653 1230 3729 1282 τὰ
3758 1229 3907 1286 λοιπὰ

2326 1318 2422 1372 τοῦ
2450 1319 2652 1389 κόσμου
2686 1318 3013 1390 περιγράφει
3032 1321 3130 1390 τῆς
3150 1318 3242 1371 τοῦ
3272 1319 3403 1373 Θεοῦ
3436 1321 3741 1391 προνοίας.

2396 1410 2555 1474 lbid.,
2582 1410 2676 1463 lin.
2712 1408 2803 1464 40.
2845 1408 3016 1463 Φιλεῖ
3037 1408 3147 1478 γὰρ
3180 1408 3252 1462 τὰ
3285 1408 3434 1477 πρὸς
3462 1412 3669 1476 τινος.
3703 1412 3896 1467 Aristo-

2326 1503 2480 1567 teles,
2508 1502 2621 1558 sive
2637 1500 3055 1571 aliusquispiam
3089 1502 3156 1555 de
3183 1502 3385 1555 mundo
3406 1500 3474 1554 ad
3494 1502 3886 1566 Alexandrum,

2330 1594 2575 1665 exemplo
2598 1594 2813 1660 animae,
2841 1608 2962 1663 quae
2983 1593 3038 1647 in
3070 1592 3286 1648 homine
3315 1609 3423 1648 non
3454 1593 3713 1659 videtur,
3736 1604 3787 1649 et
3819 1605 3885 1651 ta-

2327 1703 2450 1743 men
2497 1703 2721 1743 necesse
2763 1696 2846 1743 est
2897 1686 3053 1743 fateri
3083 1689 3283 1755 omnia,
3327 1703 3446 1758 quae
3480 1703 3588 1758 per
3629 1689 3877 1745 hominem

2331 1779 2466 1832 ﬁunt
2496 1780 2563 1834 ab
2586 1780 2675 1833 illa
2709 1780 2994 1850 provenire
3028 1779 3242 1850 probat,
3275 1779 3464 1843 Deum,
3497 1780 3585 1833 vel
3614 1783 3787 1849 potius
3817 1783 3872 1835 ad

670 1865 759 1922 nis
817 1868 1079 1934 animum,
1139 1874 1320 1926 vivere
1370 1879 1425 1927 et
1486 1875 1690 1930 moveri
1748 1892 1857 1931 non
1907 1889 2059 1932 motu
2116 1896 2225 1951 quo
2256 1865 2297 1919 Β
2330 1868 2423 1924 Dei
2451 1871 2815 1940 cognitionem
2864 1885 2964 1924 n05
2991 1885 3059 1924 ex
3103 1872 3251 1924 “lius
3280 1870 3541 1939 operibus
3579 1886 3733 1939 P0550
3764 1888 3865 1940 Ρετ·

670 1968 954 2014 moventur
987 1960 1271 2030 homines;
1296 1972 1425 2019 tunc
1455 1967 1594 2020 enim
1619 1978 1671 2021 et
1702 1970 1959 2038 aequalem
1985 1971 2223 2028 animum

669 2049 1078 2119 participarent.
1109 2051 1248 2106 Cum
1290 2054 1451 2109 homo
1479 2070 1587 2110 non
1622 2057 1953 2127 intelligatur
1989 2075 2222 2129 unquam

668 2140 896 2204 moveri,
927 2142 1033 2197 nisi
1066 2143 1278 2200 ratione
1328 2152 1380 2199 et
1433 2146 1536 2201 line
1586 2148 1765 2217 primo
1822 2149 1889 2204 ab
1947 2150 2222 2206 intellectu

664 2246 761 2300 per
788 2231 1098 2287 discursum
1126 2234 1445 2307 sibimetipsi
1474 2240 1774 2309 proposito,
1809 2242 1952 2311 quod
1977 2243 2222 2297 animan-

665 2321 815 2378 tibus
837 2326 1045 2379 cazteris
1076 2327 1298 2381 omnino
1329 2343 1435 2382 non
1473 2331 1725 2387 convenit
1757 2351 1770 2386 :
1807 2334 1925 2402 ipsa
1953 2334 2095 2388 enim
2126 2350 2223 2404 ap-

664 2414 832 2483 petitu
888 2424 1122 2481 tantum,
1163 2426 1217 2473 et
1271 2418 1654 2490 imaginatione
1710 2435 2012 2480 moventur.
2066 2425 2220 2491 Quod

665 2506 823 2562 nobis
852 2518 1042 2562 auctor
1064 2510 1260 2577 innuit,
1283 2510 1410 2564 dum
1440 2513 1571 2566 dicit
1601 2533 1614 2569 :
1662 2513 1786 2569 Haec
1832 2517 2085 2571 animalia
2131 2518 2223 2571 ho-

664 2600 809 2655 mine
836 2586 1016 2655 minus
1045 2601 1387 2672 perfectiora,
1417 2612 1625 2659 naturae
1645 2606 1695 2660 vi
1715 2607 1969 2675 quadam,
1997 2610 2221 2677 sangui-

664 2704 734 2745 ne
774 2698 933 2763 atque
972 2707 1094 2749 acre
1120 2678 1426 2764 impellente
1460 2697 1568 2767 agi.
1595 2697 1667 2752 De
1694 2712 1856 2752 causa
1889 2704 2067 2752 motus
2101 2699 2220 2751 ani-

663 2786 887 2841 malium
919 2786 1258 2851 Aristoteles,
1301 2790 1395 2843 lib.
1431 2806 1515 2855 ιιι,
1548 2790 1624 2846 De
1654 2792 1853 2855 animo,
1881 2799 2013 2847 text.
2045 2792 2134 2857 48,
2165 2801 2219 2847 et

664 2887 912 2947 sequent.
928 2876 1143 2934 Refellit
1164 2880 1345 2950 itaque
1374 2881 1458 2937 his
1478 2882 1659 2939 verbis
1678 2898 1863 2937 eorum
1884 2885 2215 2954 opinionem,

661 2967 756 3037 qui
786 2968 961 3024 brutis
995 2970 1221 3025 rationis
1249 2970 1356 3023 vim
1394 2978 1448 3025 et
1483 2972 1790 3027 discursum
1830 2974 2213 3031 attribuerunt.

660 3049 1020 3132 Porphyrius,
1044 3061 1136 3116 lib.
1170 3077 1251 3123 ιιι,
1281 3061 1356 3116 De
1387 3064 1700 3117 abstinentia
1729 3063 1793 3117 ab
1826 3081 1914 3119 esu
1952 3066 2212 3130 carnium,

660 3155 876 3216 statuit,
904 3162 1152 3208 naturam
1173 3155 1424 3211 omnibus
1458 3157 1844 3222 animantibus,
1868 3158 2067 3228 quibus
2090 3174 2213 3214 sen-

660 3259 782 3299 sum
814 3254 868 3299 et
902 3246 1218 3301 memoriam
1241 3245 1408 3313 dedit,
1440 3248 1699 3303 rationem
1735 3264 1971 3320 quoque,
2013 3250 2121 3304 imo
2159 3258 2212 3307 et

657 3338 977 3403 orationem,
1019 3345 1127 3392 tam
1162 3339 1428 3395 internatn
1451 3356 1610 3410 quam
1634 3349 1910 3396 externam
1933 3343 2211 3408 tribuisse,

656 3428 819 3499 idque
845 3429 1093 3499 pluribus
1122 3432 1475 3501 argumentis,
1500 3441 1552 3485 et
1583 3431 1942 3502 Empedoclis,
1973 3433 2214 3489 Platonis

655 3527 712 3575 et
740 3521 1049 3579 Aristotelis
1083 3524 1243 3578 etiam
1276 3525 1603 3580 testimoniis
1631 3534 1861 3580 conatur
1902 3528 2207 3583 ostendere.

655 3612 1005 3676 Plutarchus,
1031 3616 1127 3669 lib.
1146 3632 1174 3670 v
1204 3615 1281 3669 De
1309 3616 1541 3684 placitis,
1566 3632 1683 3686 cap.
1708 3617 1796 3684 9.0,
1811 3618 2206 3690 Anaxagoram,

653 3713 709 3759 et
740 3703 1098 3777 Pythagoram
1129 3706 1269 3761 idem
1300 3709 1539 3764 sensisse
1578 3717 1829 3774 testatur,
1863 3712 2058 3778 quibus
2096 3712 2211 3782 ipse
2289 3770 2295 3775 ,

653 3795 980 3867 suffragatur
1013 3798 1064 3852 in
1103 3797 1322 3869 Dialogo
1345 3815 1502 3869 quem
1528 3799 1822 3870 inscripsit,
1854 3801 2006 3868 Quod
2044 3803 2208 3856 brutis

652 3893 792 3945 ratio
827 3892 976 3945 insit.
1011 3890 1129 3957 Quo
1179 3891 1310 3960 quid
1359 3893 1695 3948 absurdius?
1740 3890 1869 3964 quid
1914 3894 2209 3949 insulsius?

651 3981 909 4037 Plurimis
934 3984 1233 4039 rationibus
1256 3983 1398 4037 hanc
1428 3985 1752 4039 sententiam
1793 3984 2049 4041 refellunt
2088 3987 2207 4057 phi—

653 4073 865 4144 lOSOphi
912 4074 1051 4145 apud
1088 4072 1452 4138 Aristotelem,
1487 4090 1645 4144 quos,
1678 4075 1724 4130 si
1763 4076 1913 4141 libet,
1959 4078 2201 4132 consule.

649 4161 819 4218 Nobis
836 4164 919 4219 vel
952 4164 1179 4234 hujusce
1201 4164 1280 4217 rei
1303 4165 1615 4220 meminisse
1643 4166 1777 4222 satis
1806 4167 1894 4221 sit.

719 4252 878 4319 lbid.,
927 4254 1024 4307 lin.
1083 4254 1170 4307 11.
1210 4254 1374 4306 Ἔστι
1420 4252 1487 4306 δὲ
1532 4256 1625 4308 καὶ
1670 4257 1741 4310 ἐν
1781 4256 2003 4323 αὐτοῖς.
2063 4255 2206 4313 Sane

651 4347 1015 4420 pulcherrima
1040 4354 1122 4401 est
1144 4346 1258 4401 haec
1294 4346 1565 4417 digressio
1597 4348 1652 4401 in
1683 4364 1811 4418 qua,
1841 4364 1908 4404 ex
1945 4350 2199 4406 omnibus

648 4443 812 4498 rebus
835 4456 865 4494 a
900 4437 1010 4495 Deo
1046 4440 1243 4494 creatis
1272 4440 1327 4493 in
1372 4440 1475 4493 hoc
1516 4441 1739 4504 mundo,
1772 4451 2025 4496 aeternam
2058 4442 2204 4512 ejus-

2325 1963 2530 2028 venire,
2564 1963 2664 2033 qui
2692 1964 2794 2017 etsi
2836 1965 3008 2018 nostri
3034 1970 3287 2033 aspectus
3330 1962 3507 2016 aciem
3543 1961 3692 2032 fugit,
3712 1963 3764 2016 lit
3793 1973 3860 2016 ta.

2322 2071 2445 2111 men
2477 2057 2610 2126 ipsis
2657 2058 2911 2126 operibus
2954 2057 3275 2127 perspicuus
3322 2067 3377 2109 et
3422 2055 3760 2110 manifestus:
3797 2064 3847 2109 et

2322 2148 2426 2202 hoc
2447 2149 2598 2201 nullo
2633 2148 2793 2202 modo
2822 2148 3014 2203 obesse
3045 2155 3138 2201 aut
3165 2147 3240 2200 illi
3267 2144 3333 2199 ad
3357 2146 3728 2216 agendum,zut
3753 2160 3842 2201 no-

2321 2238 2406 2293 bis
2432 2239 2497 2292 ad
2533 2239 2691 2294 [idem
2724 2240 2872 2294 hisce
2896 2239 3060 2294 rebus
3088 2236 3724 2297 accommodandade
3740 2238 3831 2307 γὰρ

2322 2332 2354 2399 ἡ
2381 2329 2545 2401 ψυχὴ,
2572 2331 2639 2384 δι’
2667 2331 2734 2401 ἢν
2767 2327 2947 2401 ζῶμεν
2999 2347 3058 2382 τε
3092 2330 3185 2384 καὶ
3213 2329 3392 2392 πόλεις
3435 2329 3536 2382 καὶ
3568 2332 3703 2390 οἰκὼς
3730 2329 3820 2397 ἐχο-

2325 2436 2443 2489 μεν,
2483 2420 2710 2489 ἀόρατος
2753 2414 2885 2470 οὖσα
2923 2421 3034 2481 τοῖς
3072 2417 3248 2488 ἔργοις
3291 2418 3474 2479 αὐτοῖς
3522 2417 3824 2487 ὁρᾶταιᾹΙΞς

2319 2510 2424 2581 γὰρ
2463 2511 2492 2562 ὁ
2526 2509 2617 2563 τοῦ
2654 2509 2766 2580 βίος
2804 2510 3095 2579 διάκοσμος
3133 2509 3237 2561 ὑπὸ
3272 2508 3478 2578 ταύτης
3521 2508 3751 2579 εὕρηται,
3770 2511 3841 2561 ιώ

2317 2602 2678 2665 διατέτακται,
2726 2601 2818 2654 καὶ
2860 2599 3158 2670 συνέχεται.
3192 2598 3258 2651 Et
3290 2598 3547 2663 inferius,
3577 2598 3747 2652 Ταῦτα
3767 2600 3842 2669 χρὴ

2318 2694 2410 2748 καὶ
2444 2694 2570 2765 ’περὶ¹
2601 2690 2734 2745 θεοῦ
2769 2691 3110 2757 διανοεῖσθαι,
3147 2691 3369 2761 δυνάμει
3401 2691 3504 2762 μὲν
3545 2693 3700 2755 ὄντος
3733 2694 3842 2762 ιφ

2320 2785 2563 2858 ροτάτου,
2591 2783 2773 2837 κάλλει
2795 2783 2849 2836 δὲ
2878 2783 3337 2853 εὐπρεπεστάτου,
3364 2782 3477 2854 ζωῇ
3514 2784 3577 2836 δὲ
3601 2785 3840 2844 tiberim.

2316 2877 2482 2946 ἀρετῇ
2509 2876 2565 2929 δὲ
2596 2874 2903 2945 κρατίστου.
2938 2875 3027 2926 Διὸ
3053 2873 3201 2946 πάσῃ
3223 2873 3386 2944 θνητῇ
3413 2874 3584 2942 φύσει
3610 2876 3843 2944 γενόμενος

2316 2968 2623 3040 ἀθεώρητος
2650 2969 2744 3021 ἀπ’
2774 2966 2952 3021 αὐτῶν
2980 2966 3087 3019 τῶν
3122 2966 3295 3036 ἔργων
3322 2965 3644 3037 θεωρεῖται.
3679 2968 3748 3020 Tit
3768 2966 3840 3035 γὰρ

2316 3060 2482 3131 πάθη,
2519 3058 2704 3113 καὶτὰ
2738 3059 2804 3112 δι’
2831 3059 2991 3126 ἀέρος
3015 3057 3247 3120 ἅπαντα,
3284 3060 3377 3112 καὶ
3410 3057 3477 3111 τὰ
3515 3061 3618 3111 ἐπὶ
3644 3060 3753 3128 γῆς,
3776 3058 3839 3109 ni

2316 3153 2383 3207 τὰ
2410 3154 2466 3206 ὲν
2495 3152 2644 3206 ὕδατι
2669 3150 2803 3205 Θεοῦ
2827 3150 3035 3218 λέγοιτο
3056 3150 3120 3204 ἂν
3143 3150 3307 3214 ὅντως
3327 3149 3464 3220 ἔργα
3490 3147 3664 3215 εἶναι,
3685 3150 3761 3203 τοῦ
3776 3150 3838 3200 τὶν

2315 3245 2516 3316 κόσμον
2548 3244 2852 3315 ἐπέχοντος,
2891 3242 2950 3307 ἐξ
2986 3235 3067 3307 οὗ,
3113 3242 3252 3296 κατὰ
3285 3242 3373 3295 τὸν
3413 3245 3658 3311 φυσικὸν
3694 3244 3836 3312 Ἐμπι-

2314 3336 2523 3404 δοκλέα,

2313 3470 2496 3525 Πάν-θ’
2519 3472 2637 3526 ὅσα
2667 3472 2716 3525 τ’
2754 3468 2853 3543 ἦν,
2883 3470 3000 3527 ὅσα
3039 3474 3087 3524 τ’
3112 3471 3282 3525 ἐστὶν
3318 3470 3387 3524 ιδ’
3422 3471 3691 3613 change
3710 3472 3825 3593 ξσὲσι

3631 3557 3752 3595 οπισ
3783 3558 3825 3597 ω,

3631 3557 3825 3597 οπισσω.

2316 3611 2569 3679 Δένδρεά
2596 3614 2644 3665 τ’
2671 3612 3029 3680 ἐϐλάστησε,
3075 3612 3171 3664 καὶ
3209 3611 3415 3681 ἀνέρες
3442 3609 3566 3676 ἡδὲ
3592 3609 3830 3681 iugiter,

2314 3681 2501 3750 Θῆρές
2530 3683 2578 3735 τ’
2608 3683 2802 3736 οἰωνοί
2838 3699 2920 3746 τε,
2956 3681 3054 3735 καὶ
3076 3680 3781 3751 ὑδατοθρέμμονεςίιχθῡς.

2383 3772 2515 3829 Vide
2537 3774 2695 3829 etiam
2718 3788 2839 3844 quas
2860 3780 3182 3843 sequuntur.

2378 3907 2537 3973 lbid.,
2581 3909 2677 3965 lin.
2706 3909 2793 3963 47.
2842 3908 3241 3979 Συγγεννᾶται
3283 3908 3399 3979 μὲν
3441 3908 3585 3979 γάρ.
3629 3910 3826 3965 Basilius.

2309 4000 2453 4055 hom.
2497 4001 2551 4065 9,
2590 4001 3031 4073 Συναπεγεννήθη
3064 4004 3092 4055 ὁ
3130 4000 3297 4072 θυμὸς
3325 4000 3402 4071 τῷ
3432 4000 3641 4068 λέοντι,
3680 4002 3731 4054 τὸ
3766 4015 3827 4069 μιν

2309 4094 2557 4147 ναστικὸν
2595 4093 2755 4146 αὑτοῦ
2799 4092 3104 4165 τῆςςζωῆς,
3148 4094 3208 4147 τὸ
3250 4093 3623 4165 ἀκοινώνητον
3661 4091 3825 4165 πρὺςυδ

2307 4183 2593 4254 ὁμόφυλον.
2621 4178 2746 4237 Οἷον
2769 4184 2876 4255 γάρ
2903 4200 2985 4247 τις
3013 4183 3269 4255 τύραννος
3290 4184 3396 4236 τῶν
3428 4183 3648 4253 ἀλόγων
3672 4183 3745 4237 διὰ
3761 4181 3823 4249 τὴν

2309 4276 2372 4326 ὲκ
2403 4272 2614 4343 φύσεως
2642 4274 2961 4345 ὑπεροψίαν,
2994 4273 3092 4346 τὴν
3128 4274 3262 4345 πρὸς
3289 4276 3413 4338 τοὺς
3442 4274 3678 4339 πολλοὺς
3694 4276 3822 4342 ouo?!-

2310 4366 2435 4436 μίαν
2469 4367 2528 4419 οὐ
2554 4366 2919 4436 καταδέχεται”
2956 4367 3082 4434 ὅσγε
3109 4365 3227 4419 οὐδὲ
3254 4364 3441 4436 χθιζὴν
3460 4368 3675 4437 τροφὴν
3705 4376 3819 4433 spod-

2309 4456 2467 4520 ίεται,
2509 4456 2615 4509 οὐδ’
2660 4457 2725 4509 ἂν
2759 4456 2825 4508 τὰ
2857 4456 3080 4525 λείψανα
3106 4456 3203 4526 τῆς
3225 4454 3414 4507 ἑαυτοῦ
3437 4455 3623 4526 θήρας
3645 4451 3811 4507 ἐπέλθοι*

646 4534 769 4588 dem
796 4530 891 4586 Dei
918 4532 973 4586 in
1000 4530 1114 4585 haec
1137 4530 1396 4585 inferiora
1424 4531 1815 4599 providentiam
1855 4532 2204 4589 validissimis

2323 4539 2348 4615 ξι
2396 4547 2488 4599 καὶ
2535 4546 2832 4616 τηλικαῦτα
2881 4546 2980 4616 τῆς
3029 4546 3207 4616 φωνῆς
3252 4544 3320 4598 τὰ
3366 4545 3587 4615 δργανσ.
3633 4548 3663 4616 ἡ
3712 4543 3809 4612 σύες

648 4623 952 4679 rationibus
980 4621 1299 4689 conﬁrmat;
1325 4629 1379 4678 et
1399 4637 1518 4692 quae
1545 4622 1636 4675 alii
1673 4622 1845 4691 longis
1894 4637 1956 4675 ac
1977 4623 2205 4678 divulsis

646 4712 935 4768 verborum
966 4712 1282 4779 structuris,
1314 4713 1401 4784 pie
1432 4722 1613 4767 tamen
1639 4721 2063 4783 pertractarunt,
2090 4715 2205 4784 ipse

644 4806 1028 4877 compendiosa
1068 4807 1304 4880 quadam
1355 4818 1797 4879 argumentorum
1876 4817 1929 4863 et
1980 4808 2203 4863 demon-

644 4898 967 4954 stra'tionum
1024 4902 1452 4967 enumeratione,
1511 4902 1789 4957 succincte
1849 4915 1913 4955 ac
1969 4901 2204 4956 breviter

642 4992 897 5062 explicat.
920 4990 1330 5064 Elegantissime
1345 4995 1449 5049 hoc
1466 5002 1840 5067 argumentum
1855 4995 2204 5065 pertractavit

642 5082 1020 5142 Theodoretus
1052 5086 1237 5143 decem
1265 5089 1630 5144 sermonibus.
1651 5088 1828 5154 Quare
1867 5087 2202 5158 superﬂuum

640 5177 770 5231 mihi
790 5178 1002 5232 videtur
1029 5177 1118 5232 hic
1144 5179 1370 5234 aliorum
1406 5181 1715 5237 testimonia
1745 5181 1811 5235 ad
1845 5182 1985 5235 hanc
2025 5183 2201 5237 nostri

639 5271 878 5326 auctoris
906 5272 1231 5327 sententiam
1260 5274 1590 5343 probandam
1616 5276 1876 5331 inserere.
1894 5276 2199 5347 Adjungam

638 5370 820 5419 tamen
848 5364 938 5419 hic
968 5365 1244 5421 corollarii
1273 5366 1394 5421 loco
1421 5369 1583 5423 verba
1614 5369 1883 5424 Lactantii
1915 5368 2195 5435 Firmiani,

637 5454 718 5511 De
745 5457 888 5527 falsa
918 5458 1186 5528 religione,
1221 5473 1341 5529 cap.
1375 5458 1409 5511 2
1444 5478 1457 5514 :
1493 5458 1660 5515 Nemo
1694 5471 1771 5515 est
1800 5465 1937 5516 enim
1967 5472 2075 5516 tam
2108 5481 2198 5517 ru-

636 5548 742 5613 dis,
767 5559 875 5604 tam
904 5550 1031 5620 feris
1078 5550 1329 5617 moribus,
1354 5552 1478 5621 quin
1512 5553 1689 5607 oculos
1735 5572 1857 5609 suos
1902 5556 1957 5608 in
2011 5554 2197 5609 uelum

638 5639 844 5705 tollens,
873 5642 1081 5696 tametsi
1111 5642 1309 5696 nesciat
1338 5643 1489 5711 cujus
1517 5643 1614 5697 Dei
1635 5645 1957 5714 providentia
1986 5658 2197 5718 regatur

637 5725 734 5781 hoc
762 5746 930 5794 omne,
959 5730 1095 5801 quod
1121 5733 1371 5797 cernitur,
1400 5734 1632 5804 aliquam
1664 5746 1835 5789 tamen
1867 5755 1977 5791 esse
1999 5739 2194 5792 intelli-

639 5826 731 5887 gat
759 5834 825 5872 ex
854 5820 967 5889 ipsa
999 5838 1168 5877 rerum
1214 5826 1594 5891 moonitudiue,
1630 5836 1791 5893 motu,
1831 5829 2189 5897 dispositione,

2308 4636 2579 4706 ἐνέθηκεν,
2616 4638 2754 4690 ὥστε
2806 4636 2974 4690 πολλὰ
3020 4637 3125 4689 τῶν
3162 4635 3333 4701 ζώων,
3371 4631 3798 4708 ὑπερϐάλλοντιτῇ

2306 4730 2591 4798 ταχύτητι,
2632 4729 2775 4799 μόνῳ
2807 4728 3062 4793 πολλάκις
3093 4729 3403 4783 ἁλίσκεσθαι
3435 4730 3513 4799 τῷ
3538 4730 3795 4803 ppsmn?-

2313 4818 2520 4873 Similia
2551 4821 2800 4891 leguntur
2822 4821 2962 4892 apud
2990 4820 3156 4874 Eliam
3184 4820 3498 4877 Cretensem
3527 4825 3799 4893 episcopum.

2307 4919 2363 4967 et
2385 4912 2604 4983 Glycam
2637 4913 2731 4968 lib.
2759 4929 2775 4966 ι
2803 4914 3025 4975 Annal.,
3046 4895 3224 4982 ’θυμός
3250 4913 3390 4982 apud
3410 4911 3641 4968 Graecos
3668 4911 3807 4965 voxrsl

2311 5001 2642 5072 πολύσημος,
2687 5001 2913 5071 ideoque
2954 4992 3120 5056 variis
3160 5002 3700 5071 interpretationibus
3726 4995 3809 5052 sub-

2302 5091 2466 5163 jecta,
2498 5094 2729 5148 maxime
2755 5094 2809 5147 in
2840 5095 2938 5148 hac
2960 5109 3020 5149 re
3041 5094 3107 5149 de
3140 5108 3247 5163 qua
3278 5094 3479 5164 agitur,
3505 5109 3696 5148 omnes
3714 5090 3812 5144 enim

2307 5185 2449 5238 leoni
2474 5186 2646 5255 aptari
2676 5201 2836 5255 posse
2864 5184 3133 5240 videntur.
3150 5185 3327 5250 Quare
3349 5185 3573 5255 quidam
3612 5186 3811 5254 [ararim

2303 5276 2393 5329 alii
2416 5278 2669 5340 animum,
2694 5278 2851 5341 iram,
2884 5277 3133 5347 furorem,
3159 5278 3375 5346 quidam
3405 5278 3599 5340 etiam,
3630 5276 3813 5329 animum

2303 5385 2626 5438 generosum.
2652 5368 2762 5440 Ego
2780 5372 2958 5440 potius
2976 5370 3330 5429 iracundiam,
3350 5385 3474 5423 cum
3498 5367 3816 5439 generositate

2300 5461 2582 5529 conjunxi,
2620 5470 2679 5516 ut
2712 5463 2819 5516 vim
2867 5460 3066 5516 Graecae
3102 5463 3269 5523 vocis,
3303 5469 3356 5515 et
3390 5461 3564 5514 leonis
3610 5468 3811 5513 naturam
3912 5534 3913 5539 γ

2304 5552 2509 5607 clarius
2550 5553 2900 5622 explicarem.
2947 5551 3145 5615 ﬂoros,
3179 5552 3274 5607 lib.
3308 5567 3366 5611 ιι,
3397 5566 3521 5620 cap.
3562 5553 3652 5614 17,
3684 5542 3816 5614 Guy-’4‘
3912 5548 3913 5551 “

2300 5645 2606 5716 βουλόμενοι
2633 5646 2865 5717 δηλῶσαι
2885 5645 3072 5698 λέοντα
3095 5643 3493 5715 ζιιιγραφοῦσιν.
3522 5642 3625 5698 Sed
3643 5636 3818 5693 difﬁcile

2299 5747 2381 5791 est
2447 5752 2665 5792 causam
2720 5738 3098 5809 generositatis
3154 5736 3491 5805 potissimam
3566 5733 3814 5803 explicare.

2298 5829 2582 5893 Martialis,
2615 5830 2704 5884 lib.
2740 5845 2837 5894 xu,
2880 5829 3143 5899 cpigram.
3176 5829 3241 5882 dc
3283 5827 3505 5897 Ligurra
3538 5844 3550 5875 :
