4064 6290
590 417 693 471 027

594 554 717 608 κροι
751 537 813 591 τέ
841 538 945 591 εἰσι
979 535 1072 590 καὶ
1102 537 1312 608 τυφλοί,
1349 546 1404 594 et
1434 537 1606 605 Phile,
1636 540 1691 594 in
1719 539 1912 596 iambis

665 649 843 731 evo?!-
869 647 937 731 qs
954 647 1165 731 μην-(ἦν
1175 650 1264 730 ,τὰ
1292 649 1499 731 :Bpégcrl
1526 651 1887 731 προέρχεται,

665 718 927 790 Σκύλαξι
966 720 1228 790 Δτυφλοῖς
1279 718 1520 790 ἐμφερῆ,
1550 718 1646 774 καὶ
1667 718 1938 790 μετρίως,

660 789 769 841 Καὶ
801 787 1024 842 λευκὸν
1055 787 1432 857 ἐμπίπτει-τά
1445 787 1726 860 μαστεύει
1748 787 1920 861 γάλα.

596 899 660 954 Et
687 899 949 957 ridiculus
980 916 1110 958 sane
1163 903 1374 958 censeri
1415 902 1656 972 deberet,
1692 905 1737 961 si
1767 905 1889 975 quis
1919 919 2017 974 pro
2044 903 2147 960 De—

598 989 848 1054 mocrito,
879 990 1082 1046 diceret
1111 1007 1234 1048 eum
1266 1007 1375 1048 non
1415 992 1537 1048 ideo
1564 994 1780 1049 leonum
1809 995 2008 1050 liberos
2039 1010 2144 1050 cae-

593 1095 686 1135 cos
721 1095 827 1135 non
878 1096 1000 1137 esse
1039 1081 1302 1138 aﬂirmare
1346 1083 1488 1154 quod
1539 1086 1740 1155 apertis
1771 1085 1944 1142 oculis
1995 1085 2142 1140 nasci

590 1169 838 1226 dixisset.
894 1169 1150 1228 Videmus
1205 1174 1347 1227 enim
1413 1172 1656 1243 quaedam
1702 1175 1972 1239 animalia,
2025 1190 2146 1245 quae

586 1263 690 1318 etsi
723 1271 967 1335 patentes
1019 1266 1218 1321 habent
1247 1267 1457 1335 oculos,
1487 1275 1670 1322 tamen
1714 1282 1822 1321 non
1848 1266 2054 1331 vident,
2087 1276 2145 1321 ut

593 1354 746 1424 lepus
797 1353 927 1410 dum
986 1354 1208 1420 dormit,
1240 1363 1296 1410 et
1351 1371 1452 1410 nos
1502 1356 1665 1411 etiam
1715 1356 1856 1410 infra
1894 1355 1963 1411 de
1990 1357 2144 1412 leone

589 1445 855 1500 dicemus.
919 1443 1042 1500 Pari
1107 1446 1285 1515 itaque
1338 1445 1545 1502 ratione
1606 1461 1887 1517 possemus
1941 1445 2141 1510 dicere,

589 1535 775 1591 leones
814 1535 943 1592 dum
988 1545 1309 1599 nascuntur,
1343 1535 1589 1606 quamvis
1650 1536 1856 1606 apertis
1897 1543 1950 1592 et
1987 1536 2143 1590 hian-

589 1626 735 1682 tibus
759 1627 869 1681 sint
891 1627 1084 1694 oculis,
1112 1642 1284 1684 caecos
1321 1643 1462 1692 esse,
1503 1642 1680 1697 neque
1706 1641 1951 1682 cernere.
1980 1625 2144 1680 Nam-

589 1731 695 1785 que
732 1715 1070 1782 Aristoteles,
1103 1718 1189 1772 cui
1234 1718 1288 1772 in
1335 1718 1438 1772 hoc
1480 1717 1622 1772 sicut
1647 1724 1700 1772 et
1734 1717 1790 1771 in
1813 1717 1934 1773 aliis
1965 1717 2143 1787 potior

594 1807 746 1872 fides,
778 1808 873 1864 lib.
905 1808 981 1863 De
1004 1825 1175 1880 gener.
1195 1810 1357 1864 anim.
1404 1824 1456 1867 c.
1485 1809 1541 1874 4,
1574 1811 1669 1874 ait,
1707 1810 1851 1864 circa
1883 1808 2138 1872 medium,

1909 419 2152 476 LEONlS
2183 419 2452 475 ALLATII

2169 549 2217 606 Α
2252 555 2369 602 stu.
2397 555 2516 612 cap.
2566 541 2618 595 8.
2667 537 2920 592 Nicolaus
2948 534 3282 591 Leonicenus
3313 531 3371 585 in
3405 523 3892 612 quaestionibus

2244 611 2582 684 naturalibus
2605 630 2741 683 duas
2759 627 2987 697 hujusce
3007 623 3353 696 proprietatis
3379 631 3602 674 causas
3632 611 3884 669 reddit.

2245 723 2354 780 Cur
2377 723 2546 778 leones
2577 721 2815 775 iracundi
2862 729 3004 788 terga
3049 732 3146 770 sua
3174 713 3349 768 cauda
3376 708 3711 781 ﬂagellant
3737 704 3771 754 1’
3796 705 3884 756 An

2245 817 2368 886 quia
2396 815 2603 869 leonum
2629 813 2788 866 animi
2820 811 2974 864 index
2993 819 3068 864 est
3090 805 3299 861 cauda?
3325 811 3380 860 et
3403 803 3654 872 reliqua
3686 796 3879 850 Plinii

2247 908 2428 960 verba.
2455 907 2539 958 An
2578 903 2714 976 quod
2754 899 3284 962 iracundia,'accenso
3328 895 3473 948 circa
3508 886 3877 959 prrecordia

2251 995 2718 1064 calore,prouenire
2753 993 2985 1047 dicitur?
3005 987 3164 1043 calidi
3187 986 3324 1041 enim
3347 993 3424 1039 est
3457 995 3710 1036 movere
3737 994 3874 1031 cum

2252 1091 2446 1155 omnia,
2463 1100 2569 1142 tum
2597 1104 2659 1141 ea
2687 1087 2849 1155 magis
2869 1094 2916 1138 et
2934 1081 3179 1142 crebrius,
3201 1095 3316 1151 qua:
3343 1076 3661 1131 mobiliores
3703 1073 3869 1126 exsi-

2245 1182 2596 1252 stunt,qualis
2629 1195 2755 1233 sane
2774 1179 2828 1232 in
2858 1175 3206 1230 animantibus
3230 1171 3470 1227 omnibus
3505 1178 3594 1222 est
3627 1163 3862 1220 cauda.

2243 1273 2379 1328 Hinc
2401 1271 2570 1328 cauda
2591 1269 2784 1324 ἀλκαία
2803 1266 3122 1337 dicta,quod
3138 1264 3228 1319 illa
3249 1278 3308 1319 se
3329 1262 3397 1317 ad
3419 1256 3854 1314 fortitudinem

2241 1366 2457 1421 excitet.
2485 1363 2753 1432 interpres
2790 1358 3057 1432 Apollonii
3079 1356 3172 1412 lib.
3206 1371 3281 1420 tv,
3321 1352 3563 1422 ’Δλκαίη
3598 1350 3850 1416 λέγεται

2241 1455 2442 1526 κυρίως
2481 1455 2514 1526 ἡ
2563 1453 2654 1507 τοῦ
2691 1451 2898 1514 λέοντος
2933 1448 3086 1521 οὐρὰ,
3116 1445 3286 1500 ἀπὺδ
3320 1444 3494 1513 αὐτῆς
3522 1443 3618 1505 εἰς
3653 1440 3844 1510 ἀλκὴν

2240 1545 2550 1616 τρέπεσθαι.

2311 1638 2471 1704 lbid.,
2519 1637 2612 1691 lin.
2663 1636 2714 1692 7.
2771 1633 3048 1704 Γηράσας
3104 1631 3172 1685 δὲ
3201 1629 3298 1684 καὶ
3339 1629 3452 1693 εἰς.
3513 1624 3827 1695 Origenes,

2240 1739 2344 1785 cat.
2389 1730 2446 1784 in
2485 1727 2677 1783 Jerem.
2710 1741 2830 1796 cap.
2860 1742 2913 1791 ν,
2942 1727 2994 1794 ᾖν.
3022 1722 3075 1787 6,
3107 1724 3165 1777 '0
3205 1721 3263 1776 δὲ
3293 1719 3453 1784 λέων,
3478 1716 3559 1781 ὡς
3582 1718 3825 1787 ἱστορεῖ-

2244 1839 2353 1888 ται,
2397 1821 2660 1893 γηράσας,
2703 1818 2829 1890 περ)⁸
2869 1816 2965 1880 τὰς
3010 1815 3188 1878 πόλεις
3245 1811 3493 1883 νέμεται,
3548 1807 3812 1879 θηρεύειν

594 1899 998 1970 Quadrupedum
1017 1919 1131 1972 quae
1151 1902 1414 1972 multiﬁda
1430 1911 1570 1966 sunt,
1591 1911 1647 1956 ut
1668 1902 1836 1968 canis,
1857 1901 2146 1969 leo,lupuso
2179 1885 2220 1939 Β
2249 1885 2420 1968 θέλξον
2456 1885 2806 1984 ’ἀνθρώπουᾲ
2860 1908 3130 1972 .1Elianus,
3185 1904 3262 1958 De
3318 1903 3510 1956 histor.
3574 1899 3799 1952 animal.

591 1993 783 2060 vulpes,
835 1993 985 2062 lupus
1022 1998 1304 2061 cervarius,
1337 1997 1510 2050 omnia
1535 2011 1696 2050 caecos
1729 2004 1992 2065 generant,
2013 2001 2128 2062 post

587 2082 842 2151 palpebra:
863 2085 1156 2149 dehiscunt;
1173 2094 1226 2142 et
1248 2086 1341 2140 lib.
1394 2102 1467 2154 ιν,
1492 2101 1612 2157 cap.
1633 2085 1685 2145 6.
1713 2083 1966 2152 Quaedam
1993 2085 2130 2138 enim

586 2189 651 2227 ex
679 2174 744 2227 iis
789 2176 990 2230 catulos
1022 2177 1387 2233 inarticulatos
1418 2176 1785 2248 propemodum
1809 2177 2042 2244 pariunt,
2076 2185 2132 2229 ut

588 2262 782 2329 vulpes,
807 2278 953 2330 ursa,
983 2264 1167 2342 letena,
1200 2276 1249 2321 et
1276 2268 1387 2321 alia
1414 2266 1690 2332 nonnulla,
1716 2265 1803 2322 sed
1833 2267 2007 2321 omnia
2028 2266 2134 2334 fere

587 2369 770 2420 caecos,
795 2365 852 2409 nt
878 2372 940 2410 ea
963 2373 1077 2427 qua:
1100 2358 1251 2412 modo
1274 2359 1388 2413 dixi
1417 2367 1570 2428 atque
1595 2359 1756 2412 etiam
1787 2360 1953 2422 canis,
1987 2359 2130 2434 lupa,

589 2445 740 2514 lupus
769 2449 1052 2503 cervarius.
1091 2447 1156 2502 Et
1186 2451 1324 2504 inter
1346 2449 1446 2504 hos
1482 2457 1690 2504 tantum
1729 2451 1928 2518 excipit
1958 2465 2132 2511 suem,

587 2552 708 2607 qua:
763 2538 878 2594 sola
921 2540 1062 2609 parit
1105 2541 1394 2610 perfectos.
1427 2539 1504 2595 Ex
1556 2541 1753 2612 quibus
1794 2541 1998 2596 clarum
2028 2551 2132 2604 est,

591 2629 815 2682 leaenam
873 2629 1046 2683 oculis
1101 2630 1336 2686 occlusis
1388 2629 1525 2685 filios
1565 2631 1799 2702 gignere.
1831 2629 1980 2684 Vana
2009 2645 2136 2700 ergo

586 2720 690 2773 erit
723 2735 787 2774 ac
817 2719 984 2775 futilis
1015 2720 1103 2773 illa
1132 2736 1230 2791 pro
1269 2720 1576 2776 Democrito
1621 2722 1920 2792 responsio.
1951 2721 2138 2778 Demo-

588 2811 712 2864 criti
735 2811 1040 2880 opinionem
1074 2821 1295 2868 secutus
1325 2823 1408 2868 est
1435 2814 1595 2868 etiam
1633 2812 1974 2870 Plutarchus.

657 2899 820 2963 lbid.,
851 2899 946 2954 lin.
998 2900 1086 2954 55.
1115 2902 1222 2956 Kal
1263 2902 1416 2970 τρεῖς
1439 2901 1681 2972 ἡμέρας.
1723 2903 2054 2974 Epiphanius
2084 2907 2137 2961 in

591 2989 928 3060 Physiologo,
953 3005 1073 3061 cap.
1095 2989 1150 3055 2,
1170 2991 1337 3045 Ὅταν
1358 2990 1576 3064 τέξηται
1601 2993 1691 3046 τὸν
1720 2994 1885 3065 αὐτῆς
1907 2995 2139 3066 σκύμνον

590 3085 620 3155 ἡ
663 3082 869 3147 λέαινα,
898 3083 1096 3137 ἄπνουν
1123 3101 1181 3136 τε
1213 3083 1306 3138 καὶ
1333 3083 1526 3154 τυφλὸν
1558 3085 1912 3155 τυγχανόντα,
1943 3086 2138 3158 ἐμϐλέ-

2237 2007 2330 2060 lib.
2388 2020 2462 2069 Iv,
2511 2019 2632 2074 cap.
2668 2003 2766 2067 ει,
2802 2001 2908 2054 Τοῦ
2969 2001 3151 2072 γήρως
3179 1995 3237 2051 δὲ
3281 1995 3659 2066 ἐπαρχόμενος,
3691 1995 3789 2050 και

2231 2095 2334 2149 ὑπὸ
2368 2093 2436 2148 τὰ
2465 2093 2627 2149 αὔλια
2649 2092 2884 2164 ἔρχεται,
2916 2091 3009 2145 καὶ
3047 2088 3138 2141 ἐπὶ
3167 2086 3264 2151 τὰς
3294 2083 3539 2148 καλὺὄας,
3562 2084 3646 2134 καὶ
3674 2079 3772 2132 ἐπὶ

2231 2187 2327 2251 τὰς
2353 2187 2593 2257 οἰκήσεις
2617 2185 2712 2249 τὰς
2748 2183 2854 2237 τῶν
2889 2182 3092 2254 νομέων
3133 2178 3232 2243 τὰς
3284 2176 3576 2246 ὑπάντρους.
3625 2172 3760 2233 Ταῖς

2231 2278 2338 2351 γὰρ
2390 2278 2586 2350 ὀρείοις
2636 2277 2714 2330 ἐτι
2749 2276 2940 2348 θήραις
2991 2271 3303 2344 ἐπιθαρρεῖν
3333 2266 3570 2329 ἀδύνατὸς
3593 2267 3742 2316 ἐστιν.

2233 2370 2362 2438 Quae
2395 2370 2468 2424 ita
2490 2369 2729 2424 carmine
2764 2364 3032 2438 expressit
3050 2364 3199 2418 Phile
3232 2365 3289 2418 in
3322 2360 3544 2416 iambis.

2307 2505 2498 2578 "grav
2526 2503 2595 2578 es
2621 2499 2928 2578 ιχιοῑιρᾷικιιὶ⁸
2944 2500 3168 2578 τροιερῆς
3186 2499 3399 2578 χρείαγ
3424 2496 3569 2578 ἔχει,

2320 2574 2473 2627 Ἐπεὶ
2506 2573 2571 2626 τὸ
2607 2565 2843 2641 ὁαβρεἴν
2879 2565 3065 2637 εἰς’τῦ
3097 2565 3296 2641 θηρξἱν·Δ
3317 2565 3620 2641 οὑκ-ξχει,

2305 2642 2483 2710 Φοιτᾷ
2507 2641 2655 2712 πρὸς
2674 2635 2894 2710 diepon
2917 2635 3018 2708 aiat
3046 2635 3254 2708 rapuit;
3272 2635 3602 2700 ἐναυλίοις.

2237 2753 2302 2808 Ει
2351 2754 2544 2808 horum
2597 2751 2804 2822 primus
2869 2748 3184 2805 Aristoteles
3230 2745 3328 2802 lib.
3387 2760 3466 2808 rx,
3536 2755 3656 2809 cap.
3705 2736 3782 2798 με

2237 2847 2445 2900 Adeunt
2471 2843 2647 2907 urbes,
2676 2852 2726 2897 et
2750 2841 3000 2911 injuriam
3033 2837 3323 2893 hominibus
3353 2835 3618 2905 inferunt,
3641 2830 3790 2898 potis-

2237 2941 2427 2992 simum
2451 2945 2674 3002 tempore
2703 2949 2812 2988 sua:
2839 2931 3148 2986 senectutis:
3180 2939 3301 2982 tunc
3330 2928 3474 2981 enim
3501 2940 3601 2994 per
3620 2935 3785 2988 corpo-

2239 3029 2312 3082 ris
2341 3027 2770 3093 imbecillitatem,
2801 3034 2850 3080 et
2893 3023 3124 3079 dentium
3144 3019 3484 3090 defectionem
3518 3015 3700 3070 tenari
3721 3027 3792 3063 ιε-

2238 3129 2449 3190 queunt.

588 3197 761 3287 ῖῖθυῗα
788 3179 1200 3287 ,ἷτροίίαθέδετῗι
1249 3181 1584 3287 πξῗσέκουῗα
1640 3182 1787 3287 σιδῖῷ
1823 3184 2136 3287 ἶριίξμερίζν·
2165 3230 2206 3287 ρ
2250 3179 2261 3190 ’
2308 3208 2466 3276 lbid.,
2521 3209 2614 3263 lin.
2677 3207 2729 3262 s.
2765 3208 2937 3261 Ἔστι
2978 3204 3045 3258 δὲ
3077 3201 3260 3257 αὐτοῦ
3288 3200 3355 3255 τὸ
3387 3196 3789 3267 στόμαειιη-

584 3266 736 3322 Μετὰ
784 3267 840 3320 δὲ
885 3267 945 3321 τὸ
986 3267 1440 3340 συμπληρωθῆναι
1476 3270 1574 3334 τὰς
1615 3274 1760 3342 τρεῖς
1785 3271 1892 3325 τῶν
1921 3273 2138 3345 ήμερῶν

585 3358 968 3432 προσπελάζων
997 3359 1170 3430 ἄρρην
1201 3358 1357 3423 λέων,
1379 3360 1471 3413 καὶ
1491 3361 1812 3431 ἐμφυσήσας
1845 3362 2010 3434 αὐτῷ,
2046 3365 2139 3418 καὶ

583 3451 744 3515 εὐθὺς
775 3450 980 3521 βλέπει,
1015 3451 1108 3505 καὶ
1137 3451 1223 3524 ζῇ.
1242 3450 1447 3507 Locum
1479 3451 1781 3523 Physiologi
1809 3453 1989 3508 laudat
2017 3453 2139 3509 Ori-

591 3557 778 3613 genes,
821 3542 968 3596 hom.
1001 3543 1068 3596 l7
1093 3544 1145 3596 in
1176 3559 1290 3612 cap.
1327 3559 1476 3609 xux,
1513 3542 1712 3601 Genes.
1747 3565 1760 3600 :
1793 3545 2138 3616 Physiologus

581 3633 645 3689 de
671 3635 845 3689 catulo
869 3636 1073 3690 leonum
1092 3635 1200 3690 Itazc
1229 3637 1429 3703 scribit,
1452 3638 1609 3709 quod,
1640 3655 1757 3692 cum
1778 3639 1934 3707 fuerit
1961 3648 2137 3704 natus,

584 3726 748 3780 tribus
776 3723 955 3781 diebus
993 3737 1042 3780 et
1065 3727 1230 3781 tribus
1254 3728 1488 3782 noctibus
1513 3728 1759 3782 dormiat.
1789 3727 1931 3782 Tunc
1959 3728 2140 3782 deinde

584 3820 750 3886 patris
777 3820 991 3886 gemitu,
1033 3819 1110 3872 vel
1157 3821 1355 3888 rugitu,
1391 3828 1642 3888 tanquam
1686 3820 2017 3889 tremefactus
2048 3835 2140 3872 cu-

586 3909 702 3962 bitis
749 3909 893 3963 locus
938 3910 1156 3963 suscitat
1211 3910 1448 3963 catulum
1491 3910 1854 3965 dormientem.
1898 3911 2137 3966 Isidorus

583 3998 824 4054 eamdem
863 4000 1183 4054 sententiam
1217 4016 1283 4054 ex
1323 4000 1553 4070 Origene
1582 4001 1891 4071 exscripsit.
1931 3999 1996 4054 Et
2026 4000 2136 4054 Ru-

587 4089 750 4155 finus,
784 4089 882 4143 lib.
934 4089 1011 4145 De
1061 4091 1310 4147 benedict.
1361 4092 1652 4161 patriarclt.
1708 4092 1871 4147 refert
1921 4092 2057 4147 tradi
2105 4108 2135 4147 ιι

587 4181 922 4254 physiologis
968 4183 1108 4238 hanc
1147 4197 1268 4240 esse
1304 4183 1470 4238 catuli
1506 4183 1681 4238 leonis
1712 4197 1987 4247 naturam,
2011 4200 2132 4237 cum

585 4280 748 4326 natus
776 4279 860 4326 est
885 4273 1121 4326 triduum
1151 4274 1408 4337 dormire,
1431 4273 1588 4328 tertio
1616 4286 1792 4329 autem
1812 4273 1899 4330 die
1918 4273 2134 4329 fremitu

588 4365 757 4435 patris
785 4363 1099 4418 tremefacto
1136 4364 1300 4418 cubili
1333 4365 1581 4419 excitari.

656 4453 774 4509 Col.
817 4454 941 4520 740,
971 4454 1066 4509 lin.
1102 4453 1151 4508 l.
1204 4455 1408 4509 Ἡνικα
1443 4455 1495 4508 δ’
1543 4453 1845 4524 ἀνθρώπῳ.
1884 4455 2134 4512 Lucanus

588 4546 681 4601 lib.
728 4560 789 4607 Il,

692 4633 817 4688 Mox
847 4633 934 4687 ubi
985 4650 1038 4687 se
1083 4650 1231 4688 same
1259 4635 1544 4688 stimulavit
1575 4634 1775 4688 verbere
1803 4634 2004 4691 caudaz.

584 4723 853 4785 Elianus.
902 4723 992 4777 lib.
1030 4739 1102 4787 νι,
1165 4738 1284 4794 cap.
1340 4725 1392 4788 l,
1449 4725 1559 4777 Καὶ
1606 4722 1785 4794 μέντοι
1822 4723 1916 4776 καὶ
1947 4727 1975 4777 ὁ
2005 4723 2136 4778 λέων

582 4817 647 4886 τῇ
712 4812 908 4884 ἀλκαιᾳ
978 4813 1162 4867 ἑαυτὸν
1205 4814 1478 4882 ἐπεγείρει
1528 4811 1816 4883 μαστίζων,
1871 4813 1963 4864 καὶ
2007 4812 2134 4882 βλα-

583 4905 780 4969 κεύειν,
824 4906 916 4958 καὶ
956 4904 1180 4960 ἐλινύειν
1211 4907 1309 4958 οὐκ
1336 4903 1659 4975 ἐπιτρέπων.
1688 4903 1796 4955 Καὶ
1828 4900 1986 4954 τοῦτο
2020 4903 2076 4955 δὲ
2107 4907 2134 4957 ὁ

580 4995 808 5066 ποιητὴς
854 4994 1004 5058 εἰδὼς
1050 4996 1163 5066 ᾅδει
1204 4996 1327 5064 περὶ
1381 4993 1472 5047 τοῦ
1511 4993 1740 5056 λέοντος.
1792 4989 1856 5044 Et
1890 4991 1980 5043 lib.
2014 5007 2128 5054 xm,

579 5101 700 5155 vap.
737 5085 820 5139 14.
856 5084 1086 5146 Plinius,
1131 5085 1222 5139 lib.
1255 5099 1375 5150 vm,
1430 5098 1551 5153 cap.
1589 5081 1676 5149 l6,
1709 5079 1937 5135 Leonum
1968 5080 2132 5132 animi

580 5180 734 5232 inde:
765 5177 959 5238 cauda,
983 5176 1115 5228 sicut
1146 5185 1195 5230 et
1223 5176 1451 5244 ipsorum
1482 5191 1653 5228 aures.
1688 5172 1926 5242 Namque
1957 5181 2005 5226 et
2034 5171 2129 5226 has

577 5281 730 5324 notas
775 5267 1174 5339 generosissimo
1213 5267 1394 5336 cuique
1427 5277 1620 5320 natura
1663 5265 1863 5318 tribuit.
1900 5263 2130 5317 Immota

576 5379 724 5432 ergo,
749 5360 1011 5432 placidus,
1053 5357 1294 5422 clemens,
1331 5356 1713 5427 blandientique
1759 5355 1971 5422 similis,
1993 5355 2128 5424 quod

580 5467 759 5504 rarum
803 5459 880 5504 est
907 5465 925 5502 :
954 5447 1184 5501 crebrior
1213 5447 1347 5500 enim
1376 5447 1657 5500 iracundia
1691 5447 1803 5514 ejus
1841 5445 1896 5498 in
1932 5447 2129 5513 princi-

579 5542 663 5606 pio
702 5550 842 5593 terra
886 5539 1204 5603 uerberatur,
1235 5538 1545 5590 incremento
1576 5545 1737 5606 terga,
1778 5551 1872 5589 ceu
1901 5535 2126 5603 quodam

581 5631 913 5684 incitamento
979 5628 1332 5700 flagellantur.
1423 5627 1762 5692 Theocritus,
1827 5625 1969 5695 Idyl.
2034 5625 2123 5685 25,

593 5719 893 5789 Μακρὴνδὲ
947 5724 1075 5793 παρτ
1134 5720 1376 5794 ῐγνύῃσιν
1426 5719 1595 5785 ἕλιξεν
1627 5719 1856 5790 Κέρκον,
1888 5717 2034 5786 ἄφαρ
2070 5717 2123 5770 δὲ

593 5799 771 5868 μάχης
803 5813 1070 5882 ἐμνήσατο
1134 5813 1370 5870 Consule
1403 5811 1624 5868 Caelium
1659 5811 2000 5883 Rodiginum,
2027 5813 2119 5866 lib.

2239 3308 2533 3365 sostomus,
2593 3300 2648 3354 in
2689 3313 2804 3366 cap.
2845 3313 2897 3354 νι
2930 3295 3073 3360 Jobi,
3125 3292 3368 3356 Δυσῶδες
3410 3291 3527 3362 γὰρ
3557 3287 3713 3342 τοῦτο
3740 3284 3787 3336 τὸ

2239 3392 2422 3464 θηρίον
2450 3391 2564 3462 μεθ’
2582 3389 2902 3460 ὑπερϐολῆς.
2943 3385 3154 3456 Ἐπειδὴ
3174 3384 3279 3454 γὰρ
3309 3383 3421 3452 ἔχει
3449 3380 3554 3451 τὴν
3580 3380 3691 3434 ἀπὸ
3706 3376 3788 3444 τῆς

2237 3485 2450 3554 φύσεως
2485 3483 2815 3548 πλεονεξίαν,
2860 3480 3060 3552 ἑτέρως
3102 3477 3258 3532 αὐτὸν
3299 3476 3410 3528 τῶν
3452 3474 3638 3529 ἄλλων
3671 3486 3787 3538 φαυ-

2237 3577 2450 3647 λότερον
2473 3574 2721 3644 ἐποίησεν
2741 3574 2770 3627 ὁ
2798 3572 2948 3634 Θεός.
2981 3567 3055 3625 De
3083 3567 3200 3638 ejus
3228 3564 3465 3634 δυσωδίᾳ
3496 3565 3662 3633 plura
3687 3558 3787 3613 Ari-

2239 3668 2478 3732 stoteles,
2509 3673 2562 3721 et
2593 3665 2704 3718 alii.

2305 3757 2442 3812 lbid.
2506 3757 2602 3811 lin.
2650 3756 2702 3811 9.
2759 3754 3070 3811 Καθεύδων
3111 3751 3178 3805 δὲ
3221 3749 3357 3804 ἀνά.
3392 3745 3604 3811 Horus,
3635 3745 3724 3798 lib.
3755 3757 3785 3800 I.

2239 3863 2288 3905 ι.
2324 3847 2412 3914 19,
2451 3846 2665 3916 Ἐπειδὴ
2709 3848 2737 3899 ὁ
2785 3844 2919 3897 λέων
2958 3844 3013 3896 ἐν
3053 3841 3130 3912 τῷ
3175 3835 3540 3908 ἐγρηγορέναι
3594 3835 3784 3904 μέμυκε

2235 3939 2360 4002 τοὺς
2405 3937 2729 4008 ὀφθαλμοὺς,
2758 3932 3090 4004 κοιμώμενος
3123 3930 3179 3984 δὲ
3231 3928 3545 3996 ἀνεωγότας
3584 3925 3785 3982 τούτους

2236 4030 2366 4100 ἔχει.
2399 4028 2768 4090 Plutarchus,
2823 4042 2876 4080 iv
2931 4023 3192 4093 Sympos.,
3242 4026 3439 4090 quaest.
3499 4017 3555 4084 5,
3615 4014 3784 4070 oculos

2237 4121 2412 4178 leonis
2460 4119 2784 4175 dormientis
2836 4117 2933 4184 ait,
2985 4113 3293 4182 suﬁ‘ulgere,
3335 4109 3588 4164 dormire
3624 4113 3780 4162 autem

2235 4215 2508 4265 momento
2537 4203 3012 4276 temporis.‘._Phile,
3042 4202 3095 4256 in
3127 4199 3337 4264 iambis,
3372 4197 3544 4252 etiam
3569 4194 3781 4251 caudam

2236 4302 2411 4372 ipsum
2441 4302 2498 4356 in
2527 4302 2706 4368 quiete
2737 4311 2970 4359 movere,
2991 4295 3082 4348 ait.
3113 4292 3243 4346 Vide
3268 4290 3334 4345 de
3359 4291 3466 4344 hoc
3497 4289 3778 4344 Elianum.

2235 4393 2330 4447 lib.
2361 4407 2414 4456 ν,
2446 4405 2564 4460 cap.
2597 4390 2684 4453 39,
2709 4387 2938 4442 Plinium
2989 4392 3042 4440 et
3073 4384 3229 4437 alios.
3280 4382 3354 4436 De
3379 4396 3578 4436 eorum
3614 4391 3780 4435 somno

2235 4486 2310 4540 ita
2345 4484 2541 4538 cecinit
2568 4480 2842 4552 Oppianus
2867 4483 3150 4546 Κυνηγετ.
3183 4475 3235 4530 5.

2240 4615 2374 4701 ρῡδ
2396 4615 2588 4701 “erat:
2599 4606 3544 4701 “adferentes.effeéﬁetffz't
3558 4606 3772 4701 ξέξξέεπ

2247 4689 2303 4742 Ἀ
2310 4685 2546 4754 μςραδὸν
2560 4677 2776 4738 ὐὲτνῶει
2791 4683 2857 4736 δὲ
2875 4677 3254 4754 θραο-ὖφρονα
3269 4678 3459 4754 θυμὸν
3473 4677 3749 4754 adloquar.

2231 4747 2404 4810 Εῦδὲι
2433 4753 2483 4806 δ’
2516 4754 2663 4808 ἔνθα
2692 4747 2935 4823 κιχησιύ
2965 4747 3277 4818 ὑπείροχος
3312 4748 3573 4814 ἑσπερίη
3596 4747 3729 4809 νύξ.

2303 4907 2441 4963 Ibid.
2489 4907 2552 4963 Ἠ
2581 4905 2648 4958 δὲ
2680 4904 2889 4960 ⁸λέαινα
2918 4905 3095 4973 μόλις
3135 4904 3291 4968 ἑνός.
3339 4901 3417 4956 lta
3467 4897 3780 4958 existimarit

2241 4997 2500 5062 Basilius,
2533 4997 2678 5050 hom.
2713 4996 2746 5050 9
2767 5035 2783 5057 ,
2809 4994 2970 5047 Ὅθεν
2997 4994 3204 5056 λέοντος
3233 4994 3351 5056 ἐνὸς
3377 4993 3534 5062 μόλις
3562 4997 3597 5062 ή
3622 4993 3781 5045 λέαινα

2235 5090 2418 5160 μήτηρ
2449 5087 2673 5157 γίνεται.
2700 5087 2830 5150 Ταῖς
2853 5085 2959 5156 γὰρ
2982 5087 3182 5154 ἀκμαῖς
3213 5085 3322 5136 τῶν
3349 5084 3560 5155 ὀνύχων
3586 5086 3784 5138 διασπα.

2236 5179 2405 5251 ράξας
2434 5177 2530 5248 τὴν
2562 5179 2789 5248 μήτραν,
2815 5175 2956 5228 οὕτω
2999 5175 3262 5246 πρόεισιν,
3302 5174 3378 5238 ὥς
3409 5195 3600 5245 φασιν.
3633 5176 3780 5242 Hujus

2229 5287 2352 5328 esse
2423 5272 2702 5326 sententia:
2756 5270 2968 5323 videtur
3030 5266 3268 5336 Esopus
3317 5269 3373 5322 in
3430 5269 3673 5334 fabulis;
3732 5265 3782 5319 ibi

2227 5365 2370 5418 enim
2430 5362 2598 5415 leaena
2642 5359 2808 5428 vulpi,
2842 5359 3090 5428 glorianti
3125 5359 3326 5412 multos
3362 5374 3422 5414 se
3451 5359 3600 5415 fetus
3622 5359 3782 5415 edere.

2229 5463 2395 5503 unum
2434 5445 2711 5515 respondit
2738 5461 2796 5499 se
2826 5451 3034 5496 tantum
3065 5461 3275 5514 parere,
3315 5446 3411 5501 sed
3434 5449 3675 5502 leonem.
3707 5444 3783 5499 He-

2227 5540 2470 5598 rodotus,
2517 5538 2608 5592 lib.
2667 5553 2750 5597 Ill,
2792 5536 2857 5588 'H
2887 5535 2943 5587 δὲ
2987 5535 3050 5604 δὴ
3092 5535 3297 5599 λέαινα,
3329 5536 3418 5589 ἐὸν
3453 5539 3782 5609 ἰσχυρότατον

2233 5628 2324 5681 καὶ
2346 5625 2693 5697 θρασύτατον,
2716 5622 2859 5687 ἅπαξ
2888 5626 2945 5677 ἐν
2970 5625 3045 5694 τῷ
3077 5623 3175 5693 βίῳ
3202 5624 3379 5678 τίκτει
3413 5627 3495 5682 ἓν.
3532 5627 3781 5681 Τικτοῦσα

2226 5717 2332 5787 γὰρ
2365 5715 2704 5769 συνεκϐάλλει
2732 5715 2808 5786 τῷ
2845 5715 3019 5785 τέκνῳ
3049 5714 3147 5777 τὰς
3181 5717 3414 5787 μήτρας.
3437 5716 3506 5772 Et
3539 5713 3777 5790 Egyptii.

2231 5821 2292 5865 ut
2325 5818 2409 5866 est
2440 5805 2580 5877 apud
2612 5805 2834 5871 Horum,
2867 5807 3168 5871 mulierem,
3205 5821 3328 5875 quae
3374 5812 3550 5865 semel
3596 5818 3778 5865 tantum

3774 401 3899 456 933

3955 2897 3970 3098 ί

3951 3149 3966 3336 ν
