4064 6290
617 340 719 399 931

673 455 828 520 ,lbid.
876 457 985 511 Kal
1027 456 1091 507 τὸ
1129 448 1275 524 ⁸ἦθος
1319 454 1607 519 ὕπουλος.
1659 449 1891 517 Plinius,
1925 451 2021 508 lib.
2054 467 2171 517 vm,
2204 458 2251 513 Α

620 565 745 619 cap.
779 549 867 614 56,
903 548 1012 602 Nec
1044 546 1198 601 alteri
1227 547 1542 601 animalium
1571 545 1626 599 in
1657 544 1916 613 maleﬁcio
1943 545 2171 598 stultitia

620 641 883 695 solertior.

693 732 850 797 lbid.,
880 729 979 783 lin.
1012 729 1100 783 17.
1148 726 1448 792 Πολλάκις
1490 721 1604 781 οὖν
1645 725 1864 789 βαθυτ.
1915 723 2173 788 Basilius,

622 823 768 877 hom.
794 820 849 884 9,
871 821 1073 891 Ἀρκος
1102 818 1378 882 πολλάκις,
1414 816 1741 887 βαθυτάταις
1769 806 2178 886 κατατρωθεῖσα

620 913 871 983 πληγαῖς,
897 911 1093 979 ἑαυτὴν
1124 907 1357 980 ίατρεύει
1383 908 1579 972 πάσαις
1607 908 1872 978 μηχαναῖς
1892 905 1969 975 τῷ
1994 905 2181 975 φλόμῳ

617 1006 794 1077 τούτῳ
821 1002 988 1076 ξηρὰν
1034 1001 1131 1072 τὴν
1176 1001 1335 1071 φύσιν
1377 1000 1551 1072 ἔχοντι
1597 998 1696 1062 τὰς
1737 996 1964 1060 ὠτειλὰς
2005 1013 2181 1067 παραο

621 1095 845 1150 θύουσα.
886 1093 1083 1150 Petrus
1109 1092 1427 1155 Damianus,
1453 1091 1549 1145 lib.
1587 1104 1649 1155 ιι,
1678 1089 1839 1158 epist.
1869 1087 1956 1152 l8,
1983 1085 2118 1141 Ursa
2137 1087 2185 1141 si

618 1184 831 1254 quando
868 1183 1061 1237 ictibus
1090 1182 1417 1253 gravissima:
1452 1180 1612 1234 cazdis
1644 1180 1889 1249 afficitur,
1922 1178 1999 1232 vel
2023 1179 2185 1232 etiam

611 1275 812 1344 iaculis
854 1274 1090 1345 perfossa
1120 1274 1415 1337 sauciatur,
1459 1271 1632 1326 herba:
1670 1271 1755 1324 cui
1784 1269 1961 1325 Greece
2001 1284 2188 1324 nomen

623 1367 829 1439 φλόμος
853 1376 930 1422 est
961 1364 1182 1420 vulnera
1202 1364 1417 1433 subjicit
1445 1378 1464 1417 :
1493 1372 1544 1417 et
1579 1363 1656 1416 sic
1694 1362 1808 1416 solo
1837 1369 1982 1414 tactu
2012 1374 2189 1413 omnes

620 1459 858 1514 ulcerum
887 1457 1096 1512 dolores
1124 1455 1380 1521 excludit,
1406 1464 1456 1510 et
1479 1454 1547 1508 ad
1570 1453 1983 1508 incolumitatem
2009 1453 2193 1523 pristi-

621 1568 746 1606 nam
773 1550 1112 1604 convalescit.

692 1641 858 1709 lbid.,
895 1640 991 1695 lin.
1030 1638 1119 1693 22.
1182 1638 1235 1692 '0
1275 1637 1491 1705 ταῦρος
1530 1635 1658 1703 τοῖς
1691 1633 1921 1704 κέρασι.
1962 1634 2191 1703 Plinius,

622 1733 722 1789 lib.
747 1749 868 1799 vm,
933 1748 1049 1804 cap.
1091 1731 1183 1798 45,
1243 1730 1435 1785 Tauris
1485 1730 1542 1783 in
1582 1739 1793 1798 aspectu
1842 1729 2195 1809 generositas,

1947 333 2191 391 LEONIS
2222 333 2495 389 ALLATII

3791 327 3885 383 932

2276 452 2365 520 qui
2398 451 2621 521 gervinle
2672 450 2923 506 vocabulo
2965 455 3331 519 nuncupatur,
3372 445 3576 501 habens
3640 444 3881 515 virgulta

2275 540 2509 605 subtilia,
2560 551 2713 612 atque
2755 542 2981 611 prolixa.
3029 542 3244 595 Veniens
3295 547 3470 592 autem
3528 536 3875 603 antltalopus

2277 632 2344 685 ad
2360 634 2625 703 gervinam
2649 632 2774 687 dum
2805 634 2981 687 ludere
3005 633 3280 686 lasciviens
3310 640 3495 695 tentat,
3528 645 3767 683 cornua
3788 646 3874 682 sua

2276 725 2513 795 virgultis
2564 724 3004 780 crebrescentibus
3055 724 3274 794 obligat.
3315 709 3447 777 cum
3487 738 3630 777 vero
3675 719 3869 775 diutius

2277 832 2513 887 pugnans
2553 834 2661 872 sese
2694 819 2991 871 nullatenus
3018 820 3153 871 valet
3173 816 3386 870 educere
3422 814 3654 884 magnis
3696 812 3869 879 incipit

2279 907 2486 961 vocibus
2509 907 2825 964 exclamare.
2863 907 2963 963 His
2999 910 3260 962 excitatus
3289 905 3631 960 clamoribus
3660 916 3867 958 venator

2281 999 2535 1061 accurrit,
2561 1016 2775 1070 eumque
2798 1000 2922 1053 dum
2946 999 3171 1069 propriis
3212 998 3428 1053 nexibus
3465 1006 3760 1063 arctatur,
3788 1014 3864 1051 oc-

2283 1091 2433 1147 cidit.
2459 1090 2517 1145 ln
2548 1091 2635 1147 his
2665 1102 2846 1148 tamen
2877 1092 3138 1147 nonnulla
3171 1089 3683 1147 animadvertenda
3721 1100 3858 1153 sunt,

2284 1197 2407 1253 quae
2441 1198 2547 1238 non
2573 1184 2809 1240 auctoris
2835 1184 3063 1249 incuria,
3099 1185 3243 1238 absit
3295 1183 3399 1238 hoc
3447 1198 3481 1238 a
3529 1190 3710 1238 tanto
3729 1184 3855 1250 viro,

2288 1272 2385 1328 sed
2412 1289 2479 1328 ex
2500 1275 2783 1344 scriptoris
2815 1274 3050 1342 inscitia,
3079 1274 3135 1329 in
3164 1281 3366 1329 textum
3393 1275 3706 1344 irrepsisse
3719 1290 3852 1329 mm-

2287 1367 2545 1437 perimus.
2582 1365 2657 1421 De
2686 1368 3032 1437 corruptione
3061 1366 3297 1422 nominis
3328 1367 3386 1421 in
3426 1367 3847 1437 autholalopuln

2291 1457 2427 1512 nihil
2460 1466 2545 1513 est
2575 1457 2720 1529 quod
2766 1459 2963 1523 dicam,
3010 1459 3195 1514 talium
3238 1460 3384 1514 enim
3416 1459 3844 1528 corrumpendo.

2291 1562 2413 1602 rum
2445 1550 2629 1606 nullus
2648 1559 2732 1605 est
2764 1551 2977 1616 modus,
3014 1553 3156 1606 sicut
3178 1560 3232 1606 et
3259 1550 3326 1607 de
3352 1558 3691 1606 venatorum
3714 1560 3838 1606 recta

2293 1640 2566 1696 scribendi
2614 1643 2843 1697 ratione.
2884 1641 3021 1697 lllud
3065 1649 3270 1698 tantum
3332 1657 3443 1697 non
3497 1641 3836 1698 dissimulabo

2296 1732 2565 1800 quomodo
2605 1733 2771 1798 erica,
2804 1733 2919 1789 sive
2946 1734 3133 1790 ervina
3181 1732 3325 1804 quod
3359 1732 3649 1799 idem‘est,
3675 1733 3830 1789 frutex

627 1834 775 1880 torva
808 1824 997 1894 fronte,
1033 1822 1249 1878 auribus
1290 1821 1497 1884 setosis,
1527 1818 1770 1874 cornibus
1817 1820 1875 1873 in
1919 1819 2187 1888 procinctu
2221 1815 2263 1874 Β
2291 1822 2493 1878 nemini
2523 1838 2630 1879 non
2653 1832 2836 1889 notus,
2878 1825 2932 1879 in
2961 1824 3238 1895 gervinam
3264 1824 3481 1879 abierit.
3508 1823 3585 1880 De
3612 1841 3708 1896 qua
3730 1825 3825 1880 Pli-

625 1917 1015 1972 dimicationem
1060 1913 1409 1983 poscentibus.
1440 1910 1544 1967 Sed
1567 1919 1679 1965 tota
1700 1911 2037 1966 comminatio
2057 1910 2193 1980 prio-

626 2007 774 2062 ribus
802 2009 858 2061 in
882 2007 1095 2076 pedibus
1125 2013 1251 2069 stat,
1281 2004 1366 2056 ira
1390 2002 1638 2073 gliscente
1658 2000 1886 2055 alternos
1910 2000 2188 2070 replicans,

626 2114 970 2169 spargensque
997 2098 1052 2150 in
1088 2098 1259 2150 altum
1285 2110 1524 2160 arenam,
1542 2101 1594 2148 et
1615 2094 1760 2147 solus
1799 2092 2110 2147 animalium
2129 2107 2192 2147 eo

626 2190 840 2244 stimulo
868 2187 1165 2243 ardescens.

696 2278 860 2344 lbid.,
886 2278 983 2334 lin.
1012 2277 1103 2332 27.
1132 2276 1251 2343 Σῦς
1277 2275 1346 2328 δὲ
1373 2274 1519 2329 ὅταν
1543 2274 1669 2344 ιδῃ.
1704 2271 1985 2337 Ειὶεῐιιιε,
2009 2270 2107 2325 lib.
2135 2286 2189 2332 ν,

626 2370 862 2442 ωιλιὸ,
896 2368 999 2423 Τὸν
1030 2366 1127 2421 σῦν
1173 2367 1263 2421 τὸν
1300 2365 1489 2437 ἄγριόν
1522 2381 1655 2435 φασι
1698 2364 1774 2435 μὴ
1813 2361 2075 2434 πρότερον
2100 2358 2191 2412 έπί

624 2478 749 2516 τινα
782 2458 1042 2531 φέρεσθαι
1087 2458 1216 2530 πρὶν
1253 2457 1287 2529 ἢ
1322 2458 1447 2520 τοὺς
1492 2455 1865 2527 χαυλιόδοντας
1904 2449 2189 2522 ὑποθῆξαι.

626 2555 911 2627 Μαρτυρεῖ
932 2552 989 2606 δὲ
1016 2552 1124 2624 ἄρα
1145 2551 1237 2605 καὶ
1265 2552 1509 2623 Ὅμηρος
1546 2548 1724 2612 τοῦτο,
1759 2548 1953 2616 λέγων·

630 2667 828 2737 ϐήξας
852 2666 1073 2723 λευκὸν
1099 2666 1313 2720 ὀδόντα
1339 2665 1490 2735 μετὰ
1517 2661 1861 2734 γναμπτῇσι
1884 2662 2186 2733 γένεσσιν.

628 2777 697 2831 Ει
727 2778 823 2833 lib.
853 2794 929 2845 v1,
966 2792 1085 2848 cap.
1127 2777 1180 2844 1,
1220 2776 1279 2830 '0
1315 2775 1443 2845 γοῦν
1481 2773 1597 2839 σῦς,
1642 2773 1849 2845 μέλλων
1888 2774 1968 2838 είς
2012 2773 2191 2846 μάχην

630 2865 768 2923 εἶναι
794 2870 934 2940 (lego
958 2868 1136 2940 ἱέναι),
1159 2868 1293 2940 πρὸς
1313 2869 1430 2931 ταῖς
1455 2867 1626 2930 λείαις
1655 2865 1882 2937 πέτραις
1901 2866 2027 2929 τοὺς
2049 2864 2192 2919 ὀδόν-

629 2977 730 3024 τας
763 2958 1043 3029 ὑποθήγει.
1079 2956 1248 3012 Τοῦτό
1287 2974 1366 3010 τοι
1393 2958 1489 3011 καὶ
1521 2957 1766 3028 ’Όμηρος
1794 2954 1874 3026 τῷ
1902 2954 2023 3026 ζώῳ
2060 2972 2192 3027 μαρ-

629 3050 808 3123 τυρῶν
844 3050 1001 3121 δῆλός
1045 3051 1208 3103 ἐστιν.
1244 3048 1646 3103 Advertendum
1675 3048 1765 3103 hic
1797 3047 2052 3103 eximium
2086 3061 2190 3100 na-

633 3155 769 3196 tura:
816 3142 1137 3196 miraculum
1189 3140 1258 3196 de
1300 3141 1459 3212 igneo
1503 3141 1664 3197 dente
1715 3139 1837 3195 irati
1885 3139 2054 3209 capri,
2100 3139 2186 3194 cui
2216 3165 2261 3229 ο

634 3234 838 3289 admoti
883 3233 1000 3303 pili,
1034 3232 1258 3303 perinde
1288 3241 1348 3286 ut
1381 3232 1452 3287 ab
1482 3234 1607 3303 igne
1645 3239 2097 3302 contorquentur,
2134 3237 2189 3286 et

630 3332 897 3393 uruntur;
927 3331 1156 3381 testatur
1184 3323 1239 3378 id
1271 3322 1569 3393 Oppianus,
1596 3324 1689 3380 lib.
1719 3339 1779 3379 ιιι
1808 3327 2033 3393 Κυνηγ.

634 3438 801 3490 Ἔστι
826 3434 893 3488 δέ
917 3452 1005 3499 τις
1035 3433 1282 3501 κάπροιο
1316 3432 1487 3501 φάτις
1508 3434 1658 3502 πέρι,
1698 3432 1923 3488 λευκὸν
1950 3432 2165 3486 ὀδόντα

630 3506 884 3575 Λὰθριον
905 3506 1075 3570 ἐντὸς
1102 3506 1243 3574 ἔμεν
1267 3506 1911 3575 μαλερὴννπυρόεσσαν
1931 3502 2166 3570 ἐνιπήν.

631 3574 799 3646 Σῆμα
820 3575 871 3628 δ’
898 3574 1628 3646 ὲφιμερίοισινῌάριςοραδὲς
1648 3574 1958 3646 ὲρῤίζῳται.

643 3641 888 3700 ’ἀέιπότε
1060 3641 1252 3710 πολὺς
1281 3641 1464 3715 ὄχλος
1482 3641 1799 3715 ἐπήτριμος
1817 3641 2193 3715 ἀγρευτήρων

629 3718 756 3794 libr
774 3712 956 3794 κρσὶν
977 3712 1319 3794 εὐτόλμοισι
1332 3714 1469 3794 ςτοτὶ
1490 3716 1677 3794 χθόνα
1690 3712 1851 3794 θῆρα
1863 3713 2189 3794 βάλωνται,

631 3785 932 3855 Λιχμῇσιν
966 3781 1284 3855 δολιχῇσιν
1320 3785 1734 3855 ἐπασσύτερον
1760 3781 2153 3855 δαμάσαντες,

632 3851 864 3925 ιιὶῖτὸΐ
888 3851 1145 3923 αὐχένος
1168 3851 1229 3907 εἴ
1247 3871 1337 3920 τις
1364 3852 1705 3925 ἀειράμενος
1727 3851 1901 3925 τρίχα
1920 3851 2158 3925 λεπτὴν

638 3921 829 3995 eapse
856 3926 939 3995 ἐτ’
970 3921 1403 3995 ἇσθμαίνργτος
1432 3921 1841 3995 ἐνιχρίμψειεν
1875 3921 2094 3995 ὀδόντι,

625 3990 787 4065 Alica
804 3990 963 4064 μάλα
989 3990 1320 4063 σφαιρηδὸν
1351 3990 1690 4065 ἀνέδραμεν
1711 3992 1991 4065 αἰθομένη
2013 3990 2146 4059 θρὶξ

636 4062 746 4119 Kal
778 4062 829 4117 δ’
861 4062 1092 4119 αὐτοῖσι
1124 4067 1378 4117 κύνεσσι
1406 4064 1507 4117 ἐπὶ
1530 4062 1797 4132 πλευρῇς
1824 4062 2155 4129 ἑκάτερθεν,

639 4137 825 4189 Ἔνθα
861 4136 1013 4200 συὸς
1038 4135 1266 4203 γενύων
1293 4133 1553 4203 πέλασαι
1581 4136 1828 4198 αἴθωνες
1857 4132 2118 4197 ὀδόντες,

639 4208 834 4275 Ἵχνεα
859 4202 1273 4273 πυρσευθὲντα
1295 4202 1392 4256 διὰ
1405 4203 1596 4270 ῥινοῖο
1621 4203 1913 4257 τέτανται.

639 4318 713 4375 De
734 4318 925 4374 eodem
946 4315 1172 4371 consule
1194 4314 1622 4386 Xenophontem,
1645 4317 1700 4371 in
1727 4314 2198 4387 Cynegetico;Pol-

641 4411 834 4474 lucem,
859 4407 954 4462 lib.
982 4423 1016 4463 ν
1055 4406 1352 4473 0nomast.,
1390 4421 1511 4476 cap.
1537 4406 1639 4472 ης
1665 4405 1917 4469 Plinium,
1942 4405 2038 4460 lib.
2060 4420 2193 4472 vnn;

637 4500 945 4571 Apuleium,
983 4499 1079 4553 lib.
1117 4514 1238 4563 vni,
1279 4498 1430 4554 Asini
1472 4498 1642 4551 aurei.
1684 4497 1774 4550 Sic
1813 4494 2059 4559 Ovidius,
2096 4495 2191 4551 lib.
2227 4509 2271 4566 ι)

638 4608 712 4647 vu
742 4591 1150 4660 Metamorpltos.
1185 4605 1204 4643 :

710 4684 936 4740 Fulmen
962 4684 1148 4739 habent
1180 4698 1324 4737 acres
1353 4682 1408 4735 in
1436 4677 1920 4734 aduncis-dentibus
1950 4679 2086 4747 apri.

638 4778 705 4832 Et
743 4779 810 4833 de
839 4793 905 4833 eo
933 4778 1088 4849 plura
1119 4776 1323 4846 colligit
1351 4774 1635 4828 Conradus
1678 4770 2113 4825 llitthersbusius
2141 4769 2195 4823 in

641 4870 819 4925 locum
845 4870 1050 4925 dictum
1078 4867 1328 4939 Oppiani.

711 4960 867 5026 lbid.,
893 4961 989 5015 lin.
1020 4960 1108 5015 30.
1148 4961 1311 5012 Ἔστι
1342 4957 1410 5011 δὲ
1446 4955 1591 5018 ζῶον
1624 4956 1916 5023 ἀνθόλοψ.
1955 4952 2079 5007 Haec
2122 4953 2196 5005 ita

642 5060 879 5108 verterat
907 5052 1100 5107 Petrus
1124 5050 1435 5117 Damianus,
1471 5049 1641 5118 Epist.
1684 5050 1779 5104 lib.
1816 5065 1889 5113 ιι,
1916 5047 2073 5115 epist.
2106 5047 2194 5108 18,

641 5146 710 5198 ad
743 5143 1079 5197 Desiderium
1123 5142 1357 5195 abbatem
1387 5151 1435 5194 et
1469 5139 1810 5196 cardinales:
1844 5137 2196 5204 Anthalopum

641 5252 839 5307 quoque
868 5235 1176 5288 acerrimum
1205 5232 1381 5294 nimis,
1420 5242 1467 5285 et
1511 5232 1789 5284 violentum
1831 5238 1909 5283 est
1959 5227 2195 5289 animal;

641 5330 772 5384 adeo
794 5337 852 5381 ut
880 5343 969 5380 nec
997 5325 1075 5379 illi
1099 5333 1310 5379 venator
1337 5323 1596 5387 accedere,
1617 5340 1706 5377 nec
1732 5331 2031 5391 persecutor
2053 5321 2168 5389 quis
2186 5348 2199 5358 -

640 5438 797 5490 quam
822 5419 1010 5473 audeat
1038 5417 1402 5486 propinquare.
1433 5413 1599 5467 liabet
1630 5424 1800 5466 autent
1822 5412 1976 5481 longa
2004 5426 2198 5463 cornua

641 5517 694 5566 in
723 5530 883 5567 serra:
907 5511 1246 5565 similitudine
1271 5509 1499 5577 figurata
1525 5520 1542 5557 :
1568 5505 1752 5574 quibus
1784 5505 2031 5557 nimirum
2064 5518 2197 5570 prm-

643 5604 867 5671 grandia
917 5604 1086 5657 valeat
1124 5600 1343 5653 arbusta
1394 5614 1588 5661 secare,
1630 5608 1878 5665 terrmqne
1925 5596 2195 5662 deponere.

646 5694 777 5746 lium
826 5711 939 5747 vero
968 5695 1158 5747 sitirrt't
1193 5694 1394 5747 veniens
1423 5691 1492 5743 ad
1529 5689 1844 5757 Euphratem
1881 5687 2027 5742 bibit.
2066 5687 2199 5738 Pro-

643 5795 757 5852 pter
788 5800 935 5853 quem
970 5787 1195 5839 videlicet
1224 5786 1438 5854 ﬂuvium
1475 5783 1649 5850 frutex
1688 5781 1901 5838 quidam
1940 5780 2196 5841 nascitur,

2289 1915 2434 1979 nius,
2467 1913 2832 1984 Dioscorides,
2863 1916 3267 1987 Theophrastus
3289 1923 3345 1971 et
3369 1917 3486 1981 alii,
3522 1918 3703 1972 animal
3726 1918 3814 1974 hoc
3890 1910 3897 1915 ’

2288 2007 2436 2061 varie
2467 2020 2497 2060 a
2531 2008 2697 2063 variis
2727 2008 3049 2079 appellatur,
3084 2008 3158 2060 ita
3193 2018 3253 2062 ut
3282 2006 3508 2063 Alberto
3533 2007 3698 2078 Magno
3721 2023 3806 2062 ca-

2289 2097 2447 2167 lOpus
2477 2098 2571 2163 sit,
2602 2113 2669 2152 ex
2694 2112 2804 2167 quo
2832 2095 3114 2153 Conradus
3150 2096 3433 2153 Gesnerus
3458 2097 3513 2152 de
3530 2097 3796 2167 quadrupe-

2289 2188 2450 2244 dibus
2470 2188 2565 2245 lib.
2620 2204 2659 2254 ι,
2684 2189 2739 2243 in
2768 2188 3049 2259 Calopode.
3076 2186 3304 2258 Caloptts
3328 2188 3517 2242 animal
3533 2196 3592 2241 est
3611 2188 3775 2250 acutis,

2291 2279 2457 2351 longis
2489 2289 2538 2335 et
2572 2281 2787 2335 serratis
2823 2282 3091 2344 cornibus,
3115 2280 3299 2353 quibus
3334 2284 3495 2334 etiam
3527 2279 3686 2333 urbem
3712 2279 3770 2331 li-

2293 2381 2371 2426 cet
2406 2388 2624 2441 magnas
2667 2381 2716 2426 et
2751 2372 2889 2426 altas
2949 2388 3123 2427 secare
3167 2372 3338 2442 fertur
3376 2388 3397 2425 :
3447 2372 3622 2439 sapiu
3649 2381 3779 2424 utea

2288 2465 2414 2519 dum
2444 2467 2581 2518 rami
2637 2474 2684 2519 et
2727 2464 2953 2536 virgulta
2985 2465 3227 2520 cornibus
3275 2464 3484 2519 adactis
3523 2464 3710 2529 cedunt,
3738 2466 3797 2517 eis

2290 2556 2588 2624 involvitur,
2620 2557 2989 2628 retineturque.
3019 2557 3153 2611 unde
3186 2559 3266 2626 ﬁt,
3297 2566 3358 2610 ut
3386 2574 3531 2623 voce,
3553 2566 3600 2610 et
3624 2557 3809 2609 clam

2288 2663 2345 2701 se
2364 2646 2554 2717 prodat
2583 2646 2929 2702 venatoribus.
2966 2645 3028 2702 In
3062 2646 3217 2717 Syria
3237 2648 3398 2716 juxta
3429 2646 3733 2716 Euphraten
3749 2649 3813 2699 is-

2289 2742 2509 2806 venitur,
2542 2742 2691 2811 cujus
2712 2757 2862 2813 aqua
2890 2749 3014 2810 potu
3038 2752 3245 2810 propter
3269 2741 3621 2811 [rigiditatem
3643 2739 3815 2811 gadet,

2291 2843 2525 2887 astutum
2548 2841 2598 2887 et
2630 2834 2768 2887 mira
2808 2835 3094 2900 velocitate,
3123 2843 3180 2886 ut
3224 2844 3492 2888 venatores
3537 2834 3692 2902 facile
3718 2833 3820 2901 els-

2289 2927 2417 2996 gial.
2452 2923 2528 2979 De
2557 2925 2661 2981 hoc
2687 2925 2875 2981 eodem
2904 2925 3287 2996 intelligendus
3314 2927 3534 2982 videtur
3552 2926 3820 2982 Alexander

2291 3016 2534 3087 Magnus,
2593 3017 2755 3087 epist.
2789 3018 2863 3072 De
2888 3018 3215 3073 mirabilibus
3245 3017 3417 3073 India
3478 3020 3552 3071 ad
3588 3020 3821 3073 Aristot:

2291 3105 2425 3162 Euri
2446 3108 2581 3162 venti
2617 3108 2777 3179 flatus
2804 3110 2968 3164 secuti
2999 3108 3278 3163 incidimus
3308 3110 3362 3162 in
3396 3109 3668 3179 malignas
3697 3110 3822 3175 feras.

2289 3199 2353 3254 de
2379 3217 2601 3271 quarum
2655 3200 2910 3269 capitibus
2964 3203 3100 3256 velut
3156 3202 3319 3272 gladii
3369 3218 3402 3254 a
3433 3204 3656 3266 vertice,
3684 3209 3823 3261 acuta,

2289 3299 2612 3361 serrataque,
2650 3292 2941 3345 eminebant
2984 3308 3106 3345 ossa
3149 3307 3167 3345 :
3209 3300 3257 3345 et
3298 3291 3378 3346 lia:
3420 3293 3659 3345 arietino
3698 3304 3824 3347 mare.

2291 3382 2538 3438 adversus
2577 3384 2806 3438 homines
2847 3383 3122 3437 currebant
3153 3401 3172 3438 :
3202 3391 3309 3437 tum
3359 3384 3572 3437 invicta:
3614 3382 3827 3451 plurimo-

2290 3491 2407 3528 rum
2433 3476 2659 3529 militum
2697 3474 2901 3545 clypeos
2952 3491 3114 3529 cornu
3156 3492 3250 3529 suo
3301 3475 3825 3529 transverberabalt:

2290 3582 2514 3637 quarum
2533 3568 2716 3622 occisis
2747 3568 3029 3621 admodum
3053 3579 3167 3621 octo
3191 3566 3422 3620 millibus
3443 3567 3826 3638 quadringentis

2290 3660 2708 3731 quinquaginta,
2762 3660 2838 3712 sic
2876 3658 3000 3713 inde
3046 3659 3114 3711 ad
3150 3657 3349 3713 Porum
3405 3661 3677 3713 exercitus
3721 3672 3829 3711 stest

2291 3767 2410 3804 cum
2436 3767 2639 3805 summo
2666 3749 2874 3805 tandem
2909 3750 3109 3812 labore,
3145 3766 3206 3803 ac
3233 3750 3465 3818 periculo
3514 3766 3641 3805 meo
3690 3764 3831 3821 pem

2293 3845 2391 3899 nit.
2421 3844 2499 3898 Ex
2528 3844 2726 3915 quibus
2756 3844 3103 3898 manifestum
3132 3851 3218 3897 est
3250 3842 3317 3896 ad
3359 3842 3464 3897 hoc
3494 3843 3707 3897 animal
3742 3857 3832 3911 per-

2293 3938 2486 4001 tinere,
2521 3952 2641 4007 qua:
2687 3937 2755 3992 de
2788 3951 2888 3990 uro
2936 3936 3104 3988 tradit
3148 3933 3487 4005 Epiphanius
3525 3935 3591 3988 in
3648 3935 3833 4004 Physic-

2295 4028 2432 4098 logo,
2479 4043 2601 4097 cap.
2653 4026 2708 4092 ὅ,
2764 4026 2822 4080 '0
2869 4021 3027 4096 οὖρος
3073 4024 3324 4096 μέγιστόν
3360 4025 3478 4077 ἐστι
3521 4022 3697 4089 ζῶον,
3731 4021 3830 4075 πολὺ

2294 4118 2627 4190 ὑπερϐάλλον
2654 4117 2724 4171 τὰ
2749 4118 2928 4188 ἕτερα,
2972 4116 3055 4187 βοῒ
3087 4116 3487 4187 παραπλήσιος,
3518 4114 3626 4170 δύο
3667 4116 3833 4186 κέρατι

2294 4212 2352 4263 ὲν
2386 4208 2564 4280 έαυτῷ
2609 4208 2787 4280 πριονι
2829 4208 2989 4278 ὃμοια
3025 4207 3180 4275 ἔχων.
3230 4205 3509 4276 Αὐστηρὸς
3548 4209 3628 4276 τῇ
3670 4202 3831 4275 θεωρίᾳ

2297 4301 2446 4373 παρὰ
2469 4301 2644 4353 πάντα
2665 4299 2733 4352 τὰ
2756 4297 2887 4362 ζῶω
2913 4297 3050 4351 ὥστε
3071 4298 3137 4351 τὰ
3167 4296 3377 4368 μεγάλα
3401 4295 3598 4366 δένδρα
3627 4294 3832 4364 διανηθό-

2300 4411 2455 4465 μενος
2475 4394 2587 4455 τοῖς
2610 4391 2801 4463 κέρασι
2820 4390 3106 4463 διαπρίειν,
3134 4389 3228 4443 καὶ
3249 4388 3631 4459 κλωνοκοπᾷν,
3663 4390 3750 4443 κα).
3769 4387 3831 4439 οὗ·

2296 4484 2382 4538 δὲν
2418 4484 2526 4536 τῶν
2557 4481 2709 4544 ζώων
2748 4480 3005 4535 δύνασθαι
3046 4481 3133 4550 ὑφ’
3162 4481 3337 4550 έαυτῷ
3376 4481 3731 4551 ποιήσασθαι.
3760 4479 3831 4532 Nic

2301 4595 2460 4648 μεται
2500 4576 2557 4631 δὲ
2590 4580 2619 4630 ὁ
2664 4574 2824 4638 αὐτὸς
2866 4570 3023 4646 οὖρος
3071 4575 3293 4644 πλησίον
3336 4573 3429 4627 τοῦ
3466 4574 3740 4637 ὠκεανοῦ,
3768 4571 3830 4625 ιιιιέ

2297 4670 2495 4733 εὐθέως
2524 4668 2866 4736 μεθύσκεται,
2912 4670 3006 4720 καὶ
3050 4667 3265 4721 παλαίει
3303 4667 3439 4737 πρὸς
3479 4666 3584 4736 γῆν
3634 4670 3742 4729 xci;
3768 4663 3831 4716 κέ-

2302 4777 2453 4830 ρασιν
2480 4758 2666 4831 ὥσπερ
2699 4758 2841 4828 βοῦς.
2881 4758 3035 4810 Ἐστι
3065 4757 3121 4811 δὲ
3144 4759 3259 4809 ὲκεῑ
3282 4755 3493 4826 δένδρον
3534 4759 3568 4825 ἡ
3598 4753 3831 4825 ὀνομαξο·

2301 4853 2434 4923 μένη
2459 4852 2644 4916 τάνυς,
2678 4850 2935 4921 κλίματος
2959 4850 3235 4921 μόρφωσιν
3254 4848 3449 4918 ἔχουσα
3470 4847 3831 4903 λευκολλώνω.

2297 4944 2391 4999 καὶ
2420 4946 2529 5007 τοῖς
2558 4943 2735 5015 ἔρνεσι
2770 4939 3096 5011 κληθὸμενος
3124 4941 3153 4991 ὁ
3184 4939 3344 5001 αὐτὸς
3371 4933 3532 5009 οὖρος
3559 4939 3667 5008 τὴν
3694 4952 3833 5004 κεφα-

2296 5037 2395 5105 λὴν
2433 5035 2568 5105 πρὸς
2593 5034 2661 5086 τὰ
2693 5033 2821 5103 έρνη
2853 5032 2952 5101 τῆς
2987 5030 3199 5095 τάν-ρος,
3233 5029 3294 5083 τὸ
3325 5030 3491 5101 κέρας
3524 5029 3699 5083 αὐτοῦ
3725 5028 3836 5081 blbi-

2297 5146 2386 5182 ται
2421 5129 2510 5180 ὑπ’
2538 5127 2721 5197 αὐτῆς.
2767 5124 3212 5195 Παραγενομένου
3238 5122 3527 5192 τοιγαροῦν
3563 5123 3663 5176 τοῦ
3698 5135 3835 5187 κυνη-

2298 5219 2415 5287 γοῦ,
2450 5219 2542 5271 καὶ
2579 5219 2918 5289 εὑρίσκοντος
2970 5215 3410 5287 έμπεπεδημένον
3440 5214 3550 5268 τῶν
3590 5216 3835 5286 κεράτων.

2298 5315 2489 5382 κρατεῖ
2519 5310 2700 5363 αὐτοῦ.
2740 5310 3022 5377 Nunquam
3070 5316 3247 5361 tamen
3289 5323 3472 5369 urum,
3518 5315 3575 5360 et
3607 5303 3837 5359 autholo-

2298 5421 2417 5475 pcm
2449 5420 2616 5457 unum
2645 5419 2764 5455 esse
2797 5400 3137 5454 crediderim.

2370 5497 2525 5560 leid.,
2556 5497 2648 5548 lin.
2682 5495 2767 5548 '59.
2799 5495 2963 5546 ’Ἐστι
2992 5490 3059 5544 δὲ
3075 5492 3141 5543 ἐν
3156 5491 3431 5555 Σκύθαις.
3455 5486 3529 5542 De
3558 5483 3839 5541 larandoct

2299 5592 2417 5658 ejus
2445 5591 2634 5657 ligura,
2670 5596 2721 5640 cl.
2752 5585 2945 5647 forma,
2990 5593 3043 5637 et
3089 5590 3148 5635 ut
3190 5596 3391 5641 rerum,
3424 5594 3562 5649 quas
3596 5575 3839 5644 attigerit,

2300 5686 2509 5736 Colores
2538 5682 2774 5743 exhibet,
2813 5679 2980 5741 Phile,
3009 5676 3063 5729 in
3090 5675 3305 5738 iambis,
3330 5672 3605 5734 Elianus,
3637 5668 3709 5724 De
3728 5667 3837 5719 bist.

2303 5775 2489 5833 anim.,
2518 5773 2609 5826 lib.
2645 5788 2705 5835 ιι,
2741 5786 2861 5836 cap.
2894 5771 2989 5833 16;
3031 5767 3258 5828 Plinius,
3296 5765 3390 5818 lib.
3428 5778 3545 5822 vm.
3591 5777 3712 5818 can.
3753 5754 3837 5811 δι·
