4064 6290
247 361 375 418 955-

1349 351 1414 402 IN
1455 349 1820 405 EUSTATHII
1861 351 2334 407 HEXAEMERON
2375 354 2603 413 NOTAE.

3383 356 3485 411 954

249 472 600 532 Aristoteles,
636 467 775 536 Περὶ
809 467 1153 536 θαυμασίων
1185 465 1611 535 ἁκουσμάτωνς
1645 464 1813 520 Theo-

1924 482 2024 518 non
2079 467 2297 528 resistit,
2345 470 2546 538 pigrior
2598 462 2878 540 duriorque
2926 471 3186 538 materies,
3228 473 3486 528 visibilem
3558 450 3566 506 έ

251 571 539 638 phrastus,
574 561 877 630 fragmento
924 559 1060 629 Περὶ
1103 559 1210 612 τῶν
1255 558 1689 629 μεταϐαλλόντων
1725 557 1822 620 τὰς

249 659 442 732 χρόας.
497 656 557 707 'U
603 652 660 705 δὲ
701 651 956 724 τάρανδος
998 650 1057 703 τὸ
1106 650 1202 722 μὲν
1251 649 1472 720 μέγεθός
1519 650 1632 702 ἐστι
1682 649 1823 702 κατὰ

253 750 405 822 βοῦν,
444 748 507 800 τὸ
547 745 834 816 πρόσωπον
861 745 916 796 δὲ
941 746 1123 815 ὅμοιος
1156 743 1354 813 ἐλάφῳ,
1389 743 1526 812 πλὴν
1561 741 1823 795 πλατύτε-

248 858 369 912 ρος,
395 839 600 891 ὡσανεὶ
623 839 685 889 ἐκ
710 836 802 889 δύο
831 836 1180 907 συγκείμενος
1205 836 1465 903 ὲλαςςείων
1493 834 1816 906 προσώπων.

251 930 482 1001 Δίχηλον
521 927 579 981 δέ
621 928 735 980 ἐστι
775 929 867 980 καὶ
909 927 1266 998 κερασφόρον.
1304 929 1456 998 Ἔχει
1483 927 1538 979 δὲ
1570 928 1630 979 τὸ
1656 929 1820 998 κέρας

250 1019 602 1090 ἀποφυάδας,
641 1017 826 1090 ῶσπερ
864 1019 926 1072 τὸ
957 1020 1175 1090 ἐλάφου,
1199 1021 1290 1074 καὶ
1322 1021 1582 1091 τριχωτόν
1611 1022 1722 1073 ἐστι
1751 1020 1817 1072 δι’

249 1115 398 1167 ὃλουο
431 1113 563 1184 περὶ
595 1110 702 1181 γὰρ
736 1111 796 1164 τὸ
837 1111 1024 1166 ὀστοῦν
1054 1112 1319 1184 δέρματός
1363 1114 1508 1166 ἐστιν
1551 1114 1815 1178 ἐπίτασις,

249 1208 374 1260 ὅθεν
404 1209 439 1278 ἡ
474 1206 719 1275 ἔκφυσις.
766 1204 837 1257 Τὸ
872 1205 929 1256 δὲ
959 1204 1132 1278 δέρμα
1162 1205 1239 1275 τῷ
1277 1205 1438 1276 πάχει
1481 1204 1817 1258 δακτυλιαῖον

251 1301 424 1362 ἐστιν,
457 1296 676 1369 ἰσχυρὸν
694 1296 748 1349 δὲ
771 1296 994 1367 σφόδρα.
1018 1296 1109 1350 Διὸ
1136 1297 1230 1352 καὶ
1253 1297 1346 1350 τοῦ
1367 1297 1608 1369 θώρακος
1628 1297 1820 1362 ἑξαυὰ-

253 1387 442 1452 ζοντες
481 1387 612 1440 αὐτὸ
655 1387 824 1442 ζῶναι.
854 1389 1086 1444 Σπάνιον
1116 1388 1172 1442 δὲ
1198 1388 1259 1441 τὸ
1292 1388 1428 1454 ζῶον
1455 1390 1548 1443 καὶ
1575 1388 1817 1456 ὀλιγάκις

254 1481 602 1552 φαινόμενον.
653 1478 947 1551 Θαυμαστὴ
995 1480 1052 1534 δὲ
1100 1481 1134 1552 ὴ
1178 1481 1465 1551 μεταϐολὴ,
1514 1480 1607 1534 καὶ
1651 1479 1817 1547 ἐγγὺς

253 1571 535 1635 ἀπιστίας.
563 1571 684 1634 Τοῖς
718 1571 814 1640 μὲν
845 1571 953 1642 γὰρ
979 1571 1158 1634 ἄλλοις
1181 1571 1237 1624 ἐν
1255 1571 1333 1640 τῷ
1356 1571 1582 1642 δέρματι
1609 1571 1816 1638 γίνεται

252 1668 287 1734 ὴ
327 1663 616 1736 μεταϐολὴ,
651 1661 1033 1734 ἀλλοιουμένης
1057 1663 1156 1734 τῆς
1184 1663 1329 1724 ἐντὸς
1365 1662 1678 1732 ὑγρότητος,
1707 1661 1814 1712 εἴτε

253 1757 616 1826 αἰματώδους,
640 1755 688 1807 εἰ
717 1755 807 1809 καί
832 1773 976 1819 τινος
994 1754 1157 1826 ἄλλης
1185 1756 1438 1824 τοιαύτης
1462 1753 1645 1824 οὔσης·
1673 1751 1814 1804 ὥστε

1928 559 2144 624 speciem
2171 561 2491 627 coloremque
2520 571 2816 625 commutet,
2866 563 2980 616 licet
3017 564 3185 618 videre
3202 580 3489 631 corpuscuo
3549 584 3554 589 “

1929 649 2036 701 lum
2079 650 2464 704 cltamwleontis
2511 652 2578 704 ad
2623 653 2818 706 colores
2869 670 2996 723 quos
3046 657 3182 709 videt
3224 656 3488 725 facillima

1926 742 2253 795 conversione
2285 743 2501 797 variari.
2537 744 2638 796 Alii
2672 744 2861 797 dicunt
2891 747 3140 816 polypum
3176 757 3231 802 et
3259 748 3488 803 chamae-

1925 835 2178 900 leontem,
2211 836 2422 906 aliaque
2456 837 2647 892 similis
2669 847 2876 892 natura:
2910 848 2962 891 et
2995 841 3197 910 ingenii
3229 841 3483 896 animalia

1925 928 2134 982 colores
2169 928 2290 983 illos
2325 929 2566 993 reddere,
2599 946 2706 982 non
2743 931 2882 998 quod
2909 931 2975 984 iis
3022 933 3200 1001 reipsa
3225 932 3482 986 imbuan-

1925 1027 2029 1082 tur,
2074 1017 2168 1072 sed
2199 1018 2324 1087 quia
2358 1034 2479 1070 cum
2508 1018 2741 1072 habeant
2771 1034 2968 1086 corpus
3011 1035 3196 1072 rarum
3221 1026 3275 1073 et
3300 1027 3482 1074 trans-

1925 1111 2169 1174 meabile,
2207 1126 2302 1179 per
2341 1111 2394 1164 id
2427 1120 2680 1180 tanquam
2711 1128 2806 1180 per
2829 1115 3027 1165 vitrum
3062 1122 3360 1166 cernuntur
3395 1126 3481 1166 re-

1923 1219 2042 1257 rum
2095 1205 2491 1272 subjacentium
2545 1206 2776 1268 colores,
2827 1207 2917 1274 qui
2954 1213 3132 1259 tamen
3190 1207 3484 1260 allucinato

1923 1307 2142 1367 aspectu
2200 1298 2253 1351 in
2311 1297 2443 1366 ipsis
2495 1297 2862 1352 animantibus
2908 1298 3160 1352 videntur
3219 1297 3478 1360 insidere,

1921 1390 2374 1459 quemadmodum
2419 1398 2473 1444 et
2521 1392 2718 1444 vitrum
2764 1391 2928 1446 rebus
2966 1391 3222 1446 coloratis
3256 1391 3484 1462 imposi-

1923 1489 2033 1533 tum
2073 1482 2220 1551 pingi
2259 1481 2473 1535 videtur
2496 1482 2793 1546 coloribus,
2823 1483 2912 1552 qui
2955 1497 3050 1551 per
3085 1484 3260 1551 ipsum
3294 1491 3479 1536 trans—

1920 1572 2118 1626 lucent.
2153 1573 2492 1636 Aristoteles,
2530 1573 2626 1626 lib.
2660 1589 2721 1636 ιι,
2764 1572 2838 1626 De
2871 1572 2995 1626 hist.
3053 1573 3241 1637 anim.,
3268 1572 3363 1627 lib.
3400 1588 3478 1636 ιιι,

1920 1665 2013 1727 ait,
2044 1664 2484 1719 chamaeleontem
2532 1665 2766 1720 colorem
2798 1673 3010 1719 mutare
3038 1664 3300 1730 inﬂatum;
3331 1664 3478 1735 quod

1919 1757 2080 1809 etiam
2125 1756 2191 1810 de
2244 1757 2507 1827 polypode
2551 1743 2686 1810 dixit
2733 1756 3142 1827 Theophrastus
3166 1757 3312 1812 dicto
3334 1757 3477 1823 loco,

253 1844 497 1916 φανερὰν
537 1841 671 1898 εἶναι
702 1846 801 1916 τὴν
847 1845 1206 1915 συμπάθειαν·
1247 1846 1280 1914 ή
1327 1843 1383 1895 δὲ
1423 1842 1622 1913 τριχῶν
1657 1859 1813 1912 μετα-

1921 1854 1979 1897 ut
2029 1844 2158 1913 legit
2199 1843 2465 1899 Henricus
2517 1845 2843 1914 Stephanus,
2889 1862 3051 1916 quam
3096 1853 3150 1902 et
3197 1847 3478 1902 meliorem

252 1938 383 2008 ϐολὴ
427 1937 606 2008 ξηρῶν
629 1955 686 1990 τε
710 1938 896 2001 ὄντων,
927 1937 1019 1990 καὶ
1052 1935 1472 2007 ἁπηρτημένων,
1510 1935 1603 1986 καὶ
1627 1933 1817 2002 ἁθρόον

249 2032 312 2082 οὐ
346 2029 668 2097 πεφυκότων
714 2028 1074 2091 ἀλλοιοῦσθαι,
1130 2027 1426 2098 παράδοξος
1468 2024 1682 2094 ἀληθῶς
1729 2024 1820 2078 καὶ

248 2118 515 2182 ἀπίθανος
564 2120 795 2189 μάλιστα
849 2120 984 2191 πρὸς
1041 2119 1209 2173 πολλὰ
1259 2117 1655 2186 ποικιλλομένη.
1717 2113 1814 2167 Ea-

247 2212 372 2266 dem
422 2211 669 2276 Solinus,
718 2228 839 2283 cap.
905 2213 994 2277 53,
1044 2212 1211 2266 Mittit
1241 2219 1289 2264 et
1339 2208 1620 2262 tarandum
1666 2205 1818 2259 boum

247 2305 637 2373 magnitudine,
669 2305 867 2360 bisulco
901 2306 1136 2375 vestigio,
1171 2303 1392 2357 ramosis
1423 2301 1686 2365 cornibus,
1729 2317 1818 2352 ca-

246 2403 356 2459 pite
385 2396 613 2457 cervino,
644 2396 824 2448 ursino
853 2396 1044 2460 colore,
1077 2403 1124 2448 et
1157 2395 1357 2464 pariter
1384 2393 1508 2446 villo
1534 2389 1813 2458 profundo.

251 2483 413 2538 Hunc
444 2486 728 2539 tarandum
755 2487 1030 2555 afﬁrmant
1075 2485 1313 2539 habitum
1343 2493 1481 2537 metu
1512 2489 1740 2544 vertere;
1768 2488 1819 2532 et

249 2576 680 2632 cum.delitescit
717 2580 831 2648 ﬁeri
872 2579 1158 2633 assimilem
1197 2578 1481 2646 cuicunque
1523 2574 1599 2626 rei
1638 2572 1819 2642 proxi-

249 2672 494 2737 moverit,
525 2673 631 2726 sive
653 2671 749 2726 illa
778 2687 906 2725 saxo
948 2672 1068 2728 alba
1105 2672 1200 2734 sit,
1235 2686 1323 2724 seu
1361 2669 1584 2738 fructeta
1624 2666 1813 2729 virens,

248 2761 356 2815 sive
386 2777 538 2832 quem
567 2762 732 2816 alium
758 2763 970 2816 modum
993 2762 1261 2832 prwferat.
1295 2757 1524 2812 Faciunt
1554 2757 1651 2808 hoc
1682 2754 1817 2808 idem

248 2853 304 2904 in
330 2855 470 2907 mari
498 2853 692 2925 polypi,
721 2855 774 2908 in
797 2863 934 2908 terra
959 2853 1373 2915 cltamtzleontes,
1401 2851 1491 2904 sed
1521 2859 1569 2902 et
1598 2848 1815 2918 polypus

247 2957 298 2998 et
329 2948 649 3002 chama'leon
673 2946 860 3017 glabra
893 2954 1033 3009 sunt,
1073 2955 1120 2999 et
1145 2946 1358 3014 pronius
1400 2954 1478 2998 est
1518 2946 1653 3000 cutis
1687 2944 1814 2998 levi-

251 3048 360 3092 tate
382 3040 741 3106 proasimantia
769 3037 1028 3092 aemulari.
1061 3035 1126 3088 In
1153 3036 1248 3089 hoc
1277 3050 1466 3089 novum
1492 3043 1590 3100 est,
1629 3043 1678 3087 et
1705 3035 1815 3088 sin-

249 3131 456 3198 gulare,
501 3131 783 3184 Itirsutiam
815 3128 912 3197 pili
941 3127 1174 3181 colorum
1203 3127 1337 3180 vices
1380 3127 1575 3195 facere.
1612 3124 1808 3180 Verum

1920 1931 2200 1987 lectionem
2229 1949 2351 1988 esse
2379 1934 2654 1998 existimo,
2679 1950 2912 2003 namque
2932 1935 3112 2006 potius
3140 1938 3334 2006 polypo
3356 1952 3478 2008 quae

1919 2019 2326 2092 TheOphrastus
2355 2024 2520 2078 refert
2540 2041 2700 2094 quam
2724 2026 3095 2080 chamaeleonti
3120 2029 3474 2092 conveniunt,

1917 2115 2164 2182 quamvis
2202 2115 2344 2170 idem
2388 2114 2695 2186 Stephanus
2727 2117 2783 2172 in
2821 2119 3062 2174 melioris
3107 2129 3248 2174 nota:
3287 2121 3478 2175 codice

1919 2205 2226 2274 suspicetur
2265 2207 2572 2278 χαμαιλέων
2612 2208 2778 2264 fuisse
2821 2212 3102 2280 scriptum.
3145 2210 3263 2276 Quo
3298 2212 3478 2267 deleto

1919 2296 1973 2349 in
2003 2297 2122 2364 ejus
2155 2297 2332 2351 locum
2365 2299 2633 2363 πολύπους
2658 2301 2954 2369 repositum
2992 2302 3096 2369 sit;
3124 2301 3303 2358 liturae
3329 2305 3475 2358 enim

1917 2388 2159 2456 quaedam
2182 2391 2404 2461 vestigia
2429 2392 2484 2446 in
2518 2393 2610 2446 illo
2634 2394 2953 2448 videbantur
2971 2411 3275 2465 superesse.
3300 2395 3478 2452 Theo-

1917 2481 2171 2548 phrastus
2207 2483 2387 2556 itaque
2422 2486 2498 2537 ait
2535 2486 2624 2539 εὐ
2655 2485 2710 2538 δὲ
2739 2487 3009 2550 πολύπους
3041 2487 3189 2540 δοκεῖ
3213 2486 3290 2559 τῷ
3315 2489 3479 2542 πνεύ-

1919 2590 2047 2643 ματι
2077 2577 2248 2627 ποιεῖν
2278 2575 2377 2639 τὰς
2403 2576 2720 2645 μεταϐολάς.
2756 2578 3126 2649 Πνευματικδν
3157 2578 3265 2650 γὰρ
3295 2578 3472 2648 φύσει.

1916 2665 2144 2734 Σημεῖόν
2183 2667 2238 2718 δὲ
2279 2667 2337 2719 τὸ
2377 2666 2469 2721 τοῦ
2513 2668 2819 2739 πνεύματος
2855 2670 2967 2736 (alii
3015 2669 3109 2723 τοῦ
3154 2671 3476 2741 πνεύμονος)

1919 2757 2162 2826 μέγεθος·
2208 2759 2390 2829 σχεδὸν
2424 2761 2530 2832 γὰρ
2562 2761 2628 2814 δι’
2664 2762 2786 2814 ὅλου
2817 2762 2912 2815 τοῦ
2950 2761 3197 2832 σώματος
3233 2763 3472 2817 τέταται.

1918 2849 2065 2919 ’Ἀμα
2091 2850 2147 2903 δὲ
2167 2850 2259 2902 καὶ
2283 2851 2623 2922 ὲξαιρόμενος
2644 2853 2804 2917 αὐτὸς
2833 2854 2925 2907 καὶ
2949 2853 3297 2925 φυσσώμενος
3319 2853 3477 2924 δῆλός

1914 2943 2081 2996 ἐστιν.
2118 2942 2184 2996 Ει
2215 2945 2556 3010 Aristoteles,
2589 2946 2666 3002 De
2712 2956 2854 3018 part.
2890 2949 3078 3014 anim.,
3122 2949 3218 3003 lib.
3249 2964 3323 3011 Iv,
3348 2963 3474 3018 cap.

1915 3034 1968 3096 5,
2008 3034 2149 3089 idem
2184 3036 2367 3090 refert.
2395 3038 2533 3103 Quid
2564 3039 2696 3094 certi
2735 3039 2790 3093 in
2824 3039 2926 3093 hac
2957 3054 3016 3096 re
3033 3039 3374 3094 statuendum
3403 3042 3478 3094 sit

1914 3124 2135 3181 difﬁcile
2165 3128 2291 3196 quis
2317 3137 2501 3196 posset
2539 3131 2871 3200 excogitare,
2905 3130 2989 3184 vel
3031 3131 3205 3185 solum
3237 3130 3478 3185 auctori—

247 3184 324 3286 ῶς
358 3184 424 3277 ἐν
439 3184 751 3295 προσθήκης
777 3184 929 3293 μέρει
962 3235 1071 3274 non
1119 3184 1392 3290 ingratum
1439 3219 1552 3272 fore
1596 3218 1811 3272 lectori-

1915 3222 2018 3277 tas,
2046 3224 2100 3270 et
2131 3217 2173 3270 si
2208 3219 2354 3271 nulla
2385 3228 2527 3273 esset
2562 3221 2721 3286 ratio,
2755 3227 3033 3272 tantorum
3063 3219 3323 3284 virorum,-
3351 3225 3474 3270 tan-

248 3316 350 3370 hus
385 3317 660 3370 existimo.
712 3312 768 3366 Si
819 3327 939 3382 quae
992 3311 1154 3381 hujus
1205 3311 1449 3365 colorum
1499 3309 1812 3363 mutationis

246 3422 414 3461 causa
464 3407 537 3461 sit
587 3405 997 3476 investigemus.
1045 3402 1309 3472 Superius
1361 3400 1507 3456 enim
1554 3401 1699 3471 quod
1755 3401 1810 3452 in

246 3498 504 3564 praesenti
549 3498 616 3552 de
657 3495 905 3559 tarando,
958 3495 1023 3550 de
1073 3494 1338 3565 polypode
1371 3493 1574 3548 dictum
1625 3499 1729 3556 est,
1761 3501 1815 3546 et

243 3589 486 3645 inferius
515 3589 582 3643 de
610 3588 997 3643 chamaeleonte
1028 3587 1239 3641 dicetur
1268 3599 1430 3654 quam
1456 3584 1810 3638 mutationem

241 3687 448 3746 praster
502 3684 776 3732 tantorum
852 3675 1130 3730 hominum
1192 3675 1568 3728 auctoritatem
1628 3687 1810 3726 veram

241 3787 392 3838 esse,
428 3777 482 3826 et
528 3769 648 3840 ipsa
692 3767 1022 3836 experientia
1059 3775 1394 3833 compertum
1443 3772 1547 3819 est.
1591 3762 1656 3816 Et
1704 3764 1814 3832 pri-

245 3879 400 3918 mum
434 3861 502 3916 de
531 3861 725 3932 polypo
751 3859 1096 3923 Plutarchus,
1130 3858 1224 3911 lib.
1252 3856 1325 3910 De
1350 3857 1522 3909 causis
1553 3857 1811 3908 naturali-

249 3965 364 4025 bus,
427 3972 549 4027 cap.
609 3955 697 4018 19,
745 3954 840 4018 ait,
879 3953 1131 4023 polypum
1171 3965 1387 4004 carnem
1432 3948 1809 4011 foraminibus,

250 4048 626 4116 meatibusque
656 4045 1026 4113 compluribus
1064 4042 1376 4098 distinctam
1407 4040 1624 4106 habere,
1661 4039 1810 4094 ideo-

251 4156 356 4208 que
402 4139 614 4193 deﬂuxu
651 4147 952 4191 atomorum
989 4149 1018 4188 a
1051 4133 1277 4188 marinis
1321 4131 1469 4186 saxis
1519 4131 1585 4184 ad
1625 4146 1684 4185 se
1729 4137 1811 4183 at-

253 4241 426 4286 tracto
457 4238 798 4301 receptoque.
828 4229 896 4284 iis
937 4225 1279 4296 corpusculis
1320 4223 1506 4301 vestiri
1546 4229 1806 4278 eteorum

252 4324 434 4378 colore
460 4299 883 4392 circumquaque
912 4319 1187 4390 perfundi.
1221 4317 1285 4372 Et
1323 4299 1448 4370 cum
1477 4316 1696 4385 quidam
1727 4315 1811 4368 di-

252 4426 457 4479 cerent,
483 4430 546 4468 ac
571 4414 859 4483 rejicerent
888 4411 1238 4465 mutationem
1269 4409 1408 4463 hanc
1435 4410 1488 4463 in
1519 4409 1806 4479 genuinam

251 4507 540 4577 quamdam
583 4505 832 4560 animalis
863 4505 1130 4574 ignaviam
1163 4511 1216 4558 et
1245 4518 1522 4573 pavorem,
1560 4502 1702 4570 quod
1742 4500 1809 4556 de
1837 4522 1884 4580 υ

253 4600 632 4654 chamaeleonte
665 4598 826 4652 etiam
869 4597 1162 4650 affirmarat
1196 4594 1531 4659 Aristoteles,
1573 4595 1666 4648 lib.
1735 4608 1804 4655 IV,

253 4690 329 4744 De
377 4701 514 4758 part.
566 4689 813 4756 animal.,
851 4688 1012 4757 capit.
1050 4688 1135 4741 Η.
1189 4686 1306 4741 Prae
1353 4688 1522 4742 nimio
1576 4701 1808 4756 namque

252 4793 399 4836 metu
447 4781 793 4836 multiformis
827 4781 1080 4836 efﬁcitur.
1139 4778 1282 4833 ldem
1333 4777 1656 4834 Plutarchus
1712 4779 1804 4843 ait,

252 4875 508 4945 polypum
541 4889 649 4929 non
693 4874 1068 4944 trepidatione,
1106 4872 1197 4926 sed
1230 4887 1296 4927 ex
1336 4869 1606 4926 industria
1638 4869 1689 4924 id
1722 4869 1805 4922 fa-

253 4981 395 5029 cere,
438 4976 490 5021 et
540 4967 641 5021 hac
685 4967 984 5021 mutatione
1021 4979 1084 5018 ac
1125 4972 1293 5024 veste,
1349 4962 1516 5016 veluti
1567 4962 1692 5015 dolo
1756 4968 1809 5015 et

254 5065 653 5128 strategemate,
685 5074 795 5112 non
830 5059 1151 5113 caventibus
1187 5057 1414 5110 insidias
1447 5063 1678 5114 struere,
1710 5051 1803 5105 lih.

253 5166 360 5221 quo
397 5152 614 5208 disserit
655 5153 849 5222 plusne
885 5152 1112 5206 rationis
1169 5150 1297 5206 insit
1347 5147 1677 5218 aquatilibus
1711 5145 1807 5198 be-

255 5243 395 5306 stiis,
427 5256 585 5311 quam
623 5243 875 5296 terrenis.
906 5240 981 5295 De
1011 5240 1398 5295 chamaeleonte
1428 5237 1567 5291 idem
1593 5235 1808 5288 Plutar-

253 5333 390 5385 chus
424 5323 645 5394 ibidem,
675 5333 824 5384 illum
851 5331 943 5394 ait,
973 5346 1036 5385 ex
1072 5338 1213 5384 metu
1251 5329 1462 5383 colores
1490 5327 1593 5381 sibi
1626 5326 1808 5395 proxi-

250 5440 372 5478 mos
434 5436 841 5494 repraesentare.
901 5423 962 5478 D.
1023 5423 1375 5492 Augustinus,
1436 5421 1530 5473 lib.
1593 5436 1670 5482 ιιι,
1732 5418 1807 5471 De

253 5515 532 5578 Trinitate,
588 5506 707 5587 cap.
763 5519 817 5582 2,
872 5533 989 5573 eam
1039 5517 1280 5571 colorum
1345 5514 1692 5566 mutationem
1749 5514 1803 5564 in

251 5608 639 5665 chamaeleonte
693 5627 758 5665 ex
811 5611 1196 5680 imaginatione
1246 5606 1393 5660 nasci
1455 5613 1645 5658 auctor
1699 5612 1800 5657 est.

264 5699 535 5765 Voluntas,
568 5704 760 5773 inquit,
796 5704 938 5757 circa
970 5702 1244 5772 imaginem
1288 5699 1462 5753 sensui
1499 5700 1803 5765 impressam

257 5801 453 5851 tantam
491 5799 590 5853 vim
630 5797 802 5856 habet.
842 5804 898 5848 ut
933 5791 975 5846 si
1005 5793 1288 5872 admodum
1312 5791 1547 5871 galeata
1589 5789 1678 5857 sit,
1714 5788 1804 5842 ubi

1913 3323 2072 3377 quam
2107 3315 2314 3361 certum
2363 3317 2643 3373 statueret,
2688 3309 2952 3380 quidquid
3000 3309 3203 3362 dictum
3247 3317 3351 3364 est.
3395 3309 3480 3365 Ne

1911 3390 2037 3466 quid
2076 3398 2256 3467 itaque
2286 3406 2465 3453 tantos
2493 3401 2659 3464 viros,
2689 3400 2775 3454 vel
2811 3415 2997 3453 eorum
3035 3401 3330 3455 sententias
3370 3400 3474 3456 im-

1910 3503 2150 3558 pugnare
2196 3489 2500 3553 videamur,
2534 3491 2676 3545 absit
2716 3493 2839 3556 hoc,
2882 3505 3096 3560 semper
3134 3491 3313 3562 magni
3344 3489 3471 3553 feci.

1911 3594 2123 3649 semper
2153 3581 2450 3636 admiratus
2480 3598 2600 3636 sum
2624 3598 2940 3652 magnorum
2965 3584 3198 3638 virorum
3234 3583 3472 3653 ingenia,

1911 3669 2156 3724 dicamus
2187 3687 2376 3726 omnes
2409 3673 2463 3725 in
2495 3672 2596 3726 hac
2625 3689 2684 3727 re
2716 3689 2871 3728 veras
2899 3688 3205 3737 enarrasse,
3251 3687 3473 3728 causas-

1910 3778 2017 3832 que
2043 3764 2405 3828 certissimas,
2453 3764 2950 3836 concludamusque
2979 3766 3101 3820 ideo
3135 3766 3387 3836 polypum
3417 3772 3472 3819 et

1911 3852 2351 3909 chamaeleontem
2384 3853 2602 3909 deﬂuxu
2649 3863 2976 3918 atomorum,
3026 3856 3130 3909 hoc
3174 3864 3279 3919 est,
3309 3855 3470 3925 spiri-

1911 3952 2086 4010 tuum,
2121 3960 2260 4014 quos
2291 3961 2627 4016 unaquaeque
2669 3962 2759 4002 res
2800 3962 2909 4016 prae
2930 3962 2989 4001 se
3011 3946 3133 4013 fert,
3173 3956 3319 4002 metu
3355 3946 3470 4002 sive

1910 4035 2056 4099 dolo,
2091 4037 2204 4092 sive
2233 4037 2337 4091 alio
2366 4037 2617 4106 qu0piam
2653 4046 2859 4093 natura:
2886 4047 3056 4102 motu,
3087 4053 3182 4107 per
3209 4039 3472 4108 imagina-

1910 4125 2109 4179 tionem
2143 4126 2330 4180 sensui
2364 4127 2705 4196 impressam,
2738 4127 2792 4180 in
2826 4143 3056 4196 corpore
3085 4127 3242 4197 quasi
3289 4142 3467 4193 aereo,

1909 4223 1964 4270 et
2002 4217 2358 4284 translucida,
2390 4225 2444 4271 et
2489 4217 2884 4283 transmeabili,
2915 4217 3144 4287 ideoque
3183 4217 3468 4288 aptissimo

1910 4309 1977 4364 ad
2030 4310 2326 4380 quamlibet
2379 4311 2732 4365 mutationem
2787 4310 3210 4378 suscipiendam,
3275 4323 3468 4364 omnes

1911 4402 2122 4457 colores
2164 4402 2467 4458 admittere.
2502 4402 2620 4456 Non
2647 4401 2827 4457 subito
2862 4401 3061 4455 multas
3089 4400 3265 4454 adhuc
3291 4407 3344 4454 et
3371 4398 3471 4454 dif-

1911 4493 2197 4558 ﬁcultates,
2227 4503 2281 4548 et
2313 4493 2476 4547 dubia
2536 4509 2841 4562 superesse,
2896 4491 2989 4546 sed
3047 4506 3166 4561 quae
3212 4489 3469 4545 facillimo

1909 4586 2124 4656 negotio
2145 4586 2354 4654 possint
2383 4585 2661 4653 explicari,
2679 4583 2758 4637 vel
2779 4583 2890 4638 sola
2908 4583 3011 4636 hac
3037 4589 3222 4636 nostra
3245 4581 3467 4636 conclu-

1910 4679 2081 4742 sione,
2097 4693 2236 4748 quae,
2257 4694 2324 4732 ne
2344 4677 2666 4747 prolixiores
2701 4676 2892 4741 simus,
2914 4673 3237 4738 omittimus,
3267 4673 3361 4728 sed
3383 4681 3468 4726 sat

1907 4770 1960 4824 id
1985 4771 2121 4824 bene
2141 4768 2206 4822 de
2223 4769 2624 4829 chamaeleonte,
2645 4774 2697 4820 et
2717 4765 2911 4835 polypo
2926 4763 3068 4820 dicet
3083 4764 3231 4833 quis;
3251 4761 3380 4832 quid
3400 4761 3468 4817 de

1907 4864 2134 4917 tarando
2149 4858 2376 4930 corpore
2393 4860 2646 4915 crassiori
2666 4858 2807 4928 quod
2825 4865 2877 4912 et
2899 4859 3118 4921 mirum,
3138 4855 3230 4909 sed
3249 4855 3471 4909 mirabi-

1907 4958 2012 5010 lius
2043 4964 2095 5010 et
2111 4955 2277 5008 villo?
2298 4953 2475 5006 dicam
2499 4950 2644 5022 quod
2660 4958 2714 5004 et
2737 4949 3142 5017 Theophrastus
3162 4947 3306 5001 dicto
3324 4948 3464 5002 loco.

1907 5049 2030 5111 Τοῖς
2061 5047 2160 5116 μὲν
2188 5047 2293 5116 γὰρ
2325 5044 2500 5105 ἄλλοις
2538 5045 2594 5096 ὲν
2627 5041 2702 5111 τῷ
2745 5040 2970 5111 δέρματι
2998 5039 3203 5108 γίνεται
3235 5041 3267 5108 ἡ
3305 5056 3476 5109 μετα-ι

1907 5141 2056 5211 ϐολὴ,
2097 5137 2477 5207 ἀλλοιουμένης
2503 5136 2600 5204 τῆς
2632 5135 2780 5196 ἐντὸς
2808 5133 3118 5203 ὑγρότητος,
3151 5131 3258 5184 εἴτε
3299 5133 3466 5199 αἱμα-

1906 5234 2123 5296 τώδους,
2178 5233 2210 5303 ἢ
2262 5230 2354 5284 καί
2404 5247 2544 5292 τινος
2595 5228 2760 5296 ἄλλης
2786 5226 3037 5296 τοιαύτης
3095 5225 3293 5295 οὔσης
3326 5222 3467 5276 ὥστε

1908 5325 2144 5396 φανερὰν
2176 5321 2433 5392 εἶναιτὴν
2476 5319 2845 5390 συμπάθειανο
2888 5321 2921 5389 ἡ
2969 5319 3025 5371 δὲ
3068 5316 3267 5388 τριχῶν
3303 5332 3470 5385 μετα-

1907 5417 2055 5487 ϐολὴ,
2094 5414 2269 5486 ξηρῶν
2296 5430 2354 5465 τε
2383 5412 2548 5464 ὅντων
2570 5411 2662 5462 καὶ
2691 5409 3112 5479 ἁπηρτημένων,
3140 5406 3230 5458 καὶ
3268 5404 3469 5474 ἁθρόον

1905 5510 1966 5561 ού
2006 5506 2322 5576 πεφυκότων
2367 5501 2722 5565 ἀλλοιοῦσθαι,
2762 5499 3057 5571 παράδοξος
3089 5496 3320 5566 ἀληθῶς,
3372 5497 3469 5550 καὶ

1906 5599 2163 5661 ἀπίθανος
2198 5597 2421 5668 μάλιστα
2454 5595 2588 5665 πρὸς
2613 5592 2780 5646 πολλὰ
2812 5588 3210 5658 ποικιλλομένη.
3231 5585 3469 5652 Quidni?

1905 5691 2023 5746 Non
2058 5705 2249 5746 vereor
2281 5689 2331 5743 id
2365 5687 2518 5741 fateri
2547 5684 2714 5739 Deum
2755 5681 2955 5751 aliquid
2986 5693 3148 5749 posse
3179 5685 3465 5748 praestare,

1907 5787 2063 5859 cujus
2100 5801 2200 5858 ego
2223 5797 2418 5840 causas
2446 5796 2554 5836 non
2580 5790 2847 5847 assequar.
