4064 6290
547 366 552 370 ,
643 313 751 371 935

1975 311 2218 370 LEONIS
2254 312 2528 371 ALLATH
3779 330 3863 386 956

719 430 882 498 lbid.,
913 432 1008 488 lin.
1051 430 1139 487 46.
1167 431 1398 502 Ὁμοίως
1423 430 1603 486 δὲκαὶ
1624 434 1658 486 δ
1681 431 2032 502 χαμαιλέων.
2063 429 2204 487 Cba-
2231 433 2278 491 Α
2303 429 2424 485 οὔτε
2445 433 2691 504 δρᾶσθαι,
2717 432 2838 488 οὔτε
2866 437 3238 508 γνωρίζεσθαι.
3271 439 3506 497 κλέπτει
3532 441 3652 515 γὰρ
3689 443 3860 500 ἑαυτὸν

647 523 983 580 ιιιειοοιιιοιιι
1011 522 1350 599 Aristoteles,
1391 523 1487 579 lib.
1521 539 1559 577 ιι
1593 523 1670 578 De
1701 524 1826 578 hist.
1858 523 2046 588 anim.,
2077 537 2197 594 cap.

649 615 738 680 11,
773 616 1059 688 descripsit
1087 618 1226 685 l‘use,
1259 626 1312 674 et
1352 618 1578 682 Plinius,
1618 618 1713 674 lib.
1744 633 1861 680 vni,
1888 630 1937 670 c.
1967 615 2067 670 '55:
2104 613 2202 668 Fi-

646 725 781 780 gura
825 720 874 764 et
915 712 1222 781 magnitudo
1261 721 1382 768 erat
1423 716 1631 766 lacerta:
1679 711 1783 768 nisi
1826 726 1989 764 crura
2031 716 2201 764 essent

645 814 787 861 recta
809 812 858 859 et
888 805 1195 869 excelsiora,
1229 805 1398 860 latera
1419 806 1583 859 ven-tri
1601 804 1920 875 junguntur,
1944 810 2003 856 ut
2041 801 2201 872 pisci-

647 897 762 960 bus,
806 905 855 951 et
897 896 1051 965 spina
1090 897 1252 949 simili
1295 894 1488 957 modo;
1514 895 1703 948 eminet
1745 901 1995 957 rostrum,
2048 901 2104 946 ut
2145 892 2200 946 in

641 1005 800 1058 parvo
828 987 968 1040 haud
989 987 1224 1042 absimile
1246 987 1422 1051 suillo,
1447 986 1618 1039 cauda
1643 983 1913 1054 pralonga
1941 984 1995 1036 in
2035 983 2201 1037 tenui-

645 1090 802 1136 tatem
843 1081 1102 1141 desinens,
1143 1088 1194 1132 et
1232 1078 1511 1147 implicans
1563 1092 1617 1130 se
1668 1075 1916 1144 viperinis
1942 1075 2199 1139 orbibus;

642 1189 838 1242 ungues
881 1171 1310 1230 adunci;ntotus
1353 1167 1576 1231 tardior,
1603 1176 1661 1220 ut
1705 1167 2199 1234 testudini;corpus

643 1279 884 1331 asperum
907 1278 998 1316 ceu
1035 1262 1338 1315 crocodilo:
1369 1261 1508 1315 oculi
1544 1262 1598 1314 in
1642 1276 1847 1315 recessu
1892 1276 2016 1313 cavo
2060 1261 2201 1312 tenui

641 1357 942 1410 discrimine
985 1354 1338 1424 praegrandes,
1378 1361 1427 1406 et
1471 1342 1675 1422 corpori
1702 1351 2032 1413 concolores;
2066 1367 2199 1404 nun-

641 1464 800 1517 quam
826 1464 912 1502 eos
947 1447 1155 1516 operit:
1185 1461 1274 1498 nec
1304 1444 1518 1513 pupilla:
1547 1453 1710 1510 motu,
1745 1442 1833 1496 sed
1875 1443 2032 1496 totius
2062 1441 2200 1496 oculi

641 1540 874 1593 versione
895 1537 1265 1607 circumspicit.
1299 1535 1418 1604 Ipse
1455 1535 1623 1590 celsus
1652 1535 1820 1589 hianti
1852 1551 2052 1604 semper
2089 1550 2194 1589 ore.

643 1630 852 1685 Mutare
905 1630 1137 1685 colorem
1183 1628 1349 1685 refert
1376 1628 1696 1684 Aristoteles
1726 1627 1842 1682 loco
1880 1627 1936 1681 d.
1964 1635 2018 1681 et
2045 1626 2099 1692 2,
2146 1634 2200 1682 et

641 1720 734 1775 hic
776 1718 1006 1784 Plinius,
1051 1717 1322 1784 IElianus,
1367 1716 1686 1772 Plutarchus
1728 1717 1782 1772 in
1845 1715 2087 1788 Sympos.
2144 1725 2199 1773 et

2301 523 2515 576 πλανῶν
2546 541 2604 576 τε
2635 523 2748 595 ἅμα
2788 527 2880 580 καὶ
2909 530 3269 602 παρατρέπων
3297 531 3393 604 τὴν
3426 533 3534 587 τῶν
3577 537 3858 607 ὁρωμένων

2300 611 2439 682 δψιν.
2496 614 2558 667 El
2609 615 2717 687 γὰρ
2765 618 3084 690 παρατύχῃς
3137 621 3326 691 μέλανι
3385 622 3446 676 τὸ
3503 620 3691 690 εἶδος,
3745 629 3773 679 ὁ

2301 703 2552 775 ἐξέτρεψε
2580 706 2638 758 τὸ
2672 707 2940 779 μόρφωμα
2971 713 3049 775 εἰς
3089 713 3416 786 χλωρότητα,
3449 714 3653 781 ὥσπερ
3687 713 3755 788 ἦν
3779 738 3851 788 με·

2299 797 2753 868 ταμφιεσάμενος.
2780 796 2913 854 Εἶτα
2944 802 3123 872 μέντοι
3151 804 3354 869 ἀλλοῖος
3372 806 3544 878 ὲφάνη
3576 806 3852 881 λευκότητι

2299 888 2515 952 ὑποδὺς,
2547 891 2792 962 καθάπερ
2823 898 3160 964 προσωπεῖον
3189 897 3390 969 ἕτερον,
3427 900 3461 969 ἢ
3503 900 3712 971 στολὴν
3747 903 3850 956 ὐπο-

2298 979 2489 1050 κριτὴς
2529 981 2710 1052 ἄλλην.
2765 983 2973 1040 Plinius
3016 987 3134 1042 solo
3161 1003 3284 1045 aere
3326 1005 3427 1045 nec
3485 991 3607 1046 alio
3639 993 3761 1047 cibo
3794 996 3845 1048 ali

2301 1068 2403 1123 hoc
2445 1070 2646 1124 animal
2682 1072 2921 1127 tradidit.
2963 1072 3082 1141 Ipse
3108 1076 3277 1131 celsus
3311 1077 3479 1132 hianti
3513 1096 3730 1150 semper
3757 1101 3840 1144 ore,

2299 1159 2444 1214 solus
2485 1162 2792 1215 animalium
2829 1179 2921 1218 nec
2955 1165 3087 1227 cibo,
3116 1183 3208 1220 nec
3242 1177 3367 1235 potu
3404 1169 3604 1234 alitur,
3642 1187 3729 1224 nec
3758 1176 3842 1226 alio

2295 1269 2454 1322 quam
2501 1255 2636 1310 aeris
2686 1256 2953 1310 alimento.
3011 1257 3123 1313 Hoc
3161 1267 3342 1315 tamen
3389 1260 3600 1316 falsum
3645 1279 3756 1319 esse
3781 1271 3837 1319 ait

2297 1342 2622 1401 Franciscus
2670 1345 2924 1402 Sanctius
2965 1346 3318 1404 Commentar.
3372 1352 3426 1404 in
3476 1351 3738 1409 Emblem.
3765 1357 3831 1421 ΞΕ,

2296 1436 2516 1503 Alciati,
2549 1447 2602 1494 et
2625 1441 2811 1496 venari
2841 1457 3079 1509 muscas,
3114 1444 3435 1509 scarabaeos,
3461 1445 3728 1511 locustas,
3752 1450 3830 1502 lor-

2295 1529 2488 1593 micas,
2529 1542 2582 1586 et
2614 1532 2720 1586 alia
2767 1532 2973 1588 insecta
3026 1535 3223 1605 quibus
3275 1539 3550 1607 praecipue
3605 1542 3822 1596 vescitur.

2295 1618 2532 1678 Jacobus
2590 1620 2968 1695 Dalecampius
3021 1635 3207 1683 annot.
3258 1628 3314 1683 in
3339 1627 3506 1683 Plinii
3552 1631 3721 1685 locum
3760 1635 3818 1690 d..

2300 1714 2550 1781 Quamvis
2575 1715 2766 1784 famem
2797 1717 2989 1773 multos
3019 1735 3216 1775 menses
3241 1721 3443 1786 toleret,
3475 1722 3653 1792 lingua
3677 1734 3816 1780 tamen

641 1818 995 1866 commentar.
1043 1807 1120 1862 De
1169 1808 1506 1874 adulatione;
1555 1806 1844 1878 Gregorius
1878 1807 2132 1863 Nazianz.
2163 1808 2191 1862 1
2227 1804 2268 1831 ³³
2297 1804 2701 1872 sesquipalmum
2748 1805 2900 1876 longa
2953 1816 3168 1875 exerta,
3220 1826 3282 1862 ac
3324 1811 3571 1876 vibrata,
3611 1832 3812 1884 niueoque

640 1902 909 1956 invectiva
938 1901 990 1954 in
1017 1899 1292 1955 Iulianum
1317 1899 1684 1971 ;Augustinus
1713 1900 1804 1953 lib.
1839 1915 1877 1953 ιι
1909 1899 1988 1954 De
2022 1900 2199 1954 Trini-

641 2003 767 2057 tate,
805 2007 920 2064 cap.
968 1993 1036 2059 2;
1059 1991 1321 2055 Isidorus,
1351 1992 1447 2048 lib.
1483 2007 1543 2056 ιι,
1581 2007 1702 2062 cap.
1731 1991 1799 2057 2;
1830 1990 2196 2047 Tertullianus

639 2085 733 2139 lib.
768 2083 846 2138 De
874 2084 1060 2153 pallio,
1087 2091 1141 2138 et
1171 2080 1418 2139 Justinus
1443 2091 1667 2154 martyr,
1701 2083 1868 2152 Epist.
1902 2083 1971 2135 ad
1999 2081 2196 2136 Zeuam

635 2184 686 2229 et
712 2172 980 2229 Serenum.
1023 2174 1082 2227 Ὀ
1117 2173 1175 2227 δὲ
1200 2160 1299 2228 νῦν
1317 2174 1414 2246 μὲν
1441 2173 1649 2245 ὠχρὸς,
1681 2169 1800 2228 εἷτα
1824 2174 2069 2245 ἐρυθρός.
2107 2171 2196 2244 Τῷ

635 2268 693 2321 δὲ
753 2267 1076 2340 συγκρίματι
1126 2265 1218 2322 τοῦ
1260 2265 1508 2338 σώματος
1554 2265 1989 2337 ποικιλλόμενος,
2045 2258 2198 2329 οὗτος

635 2356 825 2429 ὥσπερ
867 2356 1174 2428 χαμαιλέων
1219 2359 1276 2409 ὲν
1307 2356 1384 2426 τῷ
1430 2355 1690 2419 καύσωνι,
1736 2357 1829 2409 καὶ
1875 2359 1940 2428 τῇ
1991 2357 2196 2428 ἐρημίᾳ

638 2451 960 2519 περινοστεῖ,
994 2456 1047 2503 et
1076 2447 1397 2504 Theodorus
1434 2448 1718 2505 Tarsensis
1761 2449 1901 2519 apud
1944 2447 2196 2503 Photium

637 2543 695 2596 in
723 2540 974 2596 Biblioth.
1017 2539 1340 2610 Χαμαιλέων
1365 2539 1426 2594 τὸ
1459 2538 1594 2604 ζῶον
1632 2541 1712 2604 εἰς
1737 2539 1907 2593 πολλὰ
1935 2539 2196 2612 χρώματα

636 2631 698 2687 τὸ
741 2631 898 2702 σῶμα
944 2613 1282 2702 μεταϐάλλει,
1330 2631 1423 2684 καὶ
1459 2629 1694 2694 τοιοῦτος
1717 2631 1961 2700 φαίνεται
1996 2626 2104 2686 οἷον
2135 2632 2196 2686 τὸ

638 2723 928 2794 πλησιάζον
947 2724 1041 2777 καὶ
1057 2723 1455 2794 παρακείμενον
1483 2721 1628 2793 αὐτῷ
1653 2721 1754 2776 κᾶν
1777 2721 1948 2789 ξύλον,
1981 2723 2083 2778 κᾶν
2113 2723 2194 2777 λί-

638 2812 749 2879 θος,
768 2814 870 2866 κᾶν
887 2814 916 2866 ὃ
941 2831 992 2866 τι
1022 2812 1256 2870 τοιοῦτον
1366 2814 1509 2886 Πρὸς
1525 2813 1632 2885 γὰρ
1647 2814 1743 2885 τὴν
1769 2815 1976 2870 ἐκείνου
2007 2817 2193 2888 χροιὰν

637 2905 927 2978 ἁρμολογεί
956 2906 1054 2976 τὴν
1084 2905 1299 2972 ἑαυτοῦ,
1323 2913 1379 2962 et
1409 2907 1710 2978 Antigonus
1743 2906 2045 2978 Carystius,
2069 2923 2189 2979 cap.

634 2997 726 3063 30,
745 2997 954 3052 Γίνεται
987 2997 1042 3049 δὲ
1066 2997 1260 3050 ταύτὸν
1292 2997 1385 3050 καὶ
1416 2997 1542 3065 περὶ
1570 2997 1657 3050 τὸν
1681 2997 2055 3068 χαμαιλέοντα.
2083 2998 2194 3052 Καὶ

2296 1895 2480 1962 oblita,
2505 1895 2758 1963 locustas,
2782 1897 3054 1966 formicas,
3083 1917 3290 1955 muscas
3318 1902 3612 1957 scarabaos
3649 1919 3690 1958 et
3712 1909 3802 1960 alia

2293 1987 2493 2041 insecta
2518 1988 2702 2059 quibus
2722 1993 2966 2057 uescitur,
2999 1994 3232 2061 corripit,
3259 1995 3471 2058 retinet,
3508 1995 3570 2048 ad
3589 1999 3793 2050 seedlin-

2294 2081 2383 2134 cit.
2417 2078 2672 2136 Brodaaus
2706 2095 2826 2152 cap.
2857 2081 2946 2147 21,
2975 2083 3070 2138 lib.
3099 2100 3173 2150 v1,
3201 2083 3552 2156 Theophrasto
3593 2096 3782 2142 auctore

2293 2186 2484 2242 parum
2534 2172 2705 2237 abest,
2744 2173 2880 2243 quin
2923 2175 3107 2244 pulmo
3145 2181 3316 2228 totum
3366 2191 3546 2246 corpus
3579 2178 3765 2247 impleat,

2294 2259 2524 2332 ideoque
2551 2261 2681 2316 dum
2709 2276 2896 2317 auram
2945 2271 3124 2332 captat
3145 2275 3198 2318 et
3230 2273 3567 2319 consectatur
3596 2269 3762 2328 avidius.

2293 2366 2356 2408 ea
2383 2352 2562 2407 vivere
2592 2354 2708 2408 sola
2733 2354 3079 2408 crediderunt
3113 2354 3266 2409 multi
3289 2375 3302 2410 :
3329 2359 3477 2426 quod
3515 2366 3565 2411 et
3585 2357 3776 2412 suum

2292 2443 2563 2514 opinionis
2593 2443 2766 2514 origo.
2809 2443 3046 2501 Joannes
3081 2444 3322 2503 Landius
3369 2448 3427 2502 in
3467 2449 3648 2502 ultima
3673 2448 3790 2519 Syria

2293 2548 2414 2588 cum
2438 2542 2610 2600 esset,
2641 2535 2739 2600 ait,
2791 2550 2852 2590 se
2893 2534 3091 2592 vidisse
3135 2553 3304 2592 unum
3354 2555 3384 2593 e
3422 2540 3658 2610 quinque
3697 2558 3800 2610 quos

2290 2635 2495 2681 emerat
2533 2627 2990 2684 chamaeleonibus
3043 2629 3238 2700 linguae
3283 2635 3576 2700 repentino
3614 2650 3807 2688 montea—

2291 2724 2557 2789 taneoque
2592 2718 2834 2790 jaculatu
2873 2735 3116 2776 muscam
3163 2738 3285 2793 quae
3323 2724 3377 2778 in
3429 2727 3557 2795 ejus
3592 2735 3809 2794 essetpe-

2291 2810 2429 2865 ctori
2459 2811 2674 2880 legisse.
2707 2809 2996 2882 Propterea
3026 2813 3171 2870 illius
3199 2828 3231 2867 a
3260 2830 3318 2869 se
3347 2815 3580 2872 dissecti
3621 2819 3810 2890 linguam

2291 2902 2550 2956 narrabat
2586 2901 2858 2957 inventam
2886 2903 3049 2974 palmi
3081 2905 3440 2976 longitudine,
3474 2923 3691 2975 cavam,
3726 2914 3812 2964 ina-

2292 3009 2438 3059 nem,
2483 2994 2539 3049 in
2582 3010 2794 3050 summa
2829 3005 3084 3066 tanquam
3131 2999 3468 3053 acetabulum
3520 3015 3650 3055 cum
3676 3016 3813 3055 muco.

635 3090 744 3161 γὰρ
769 3091 878 3153 τοῖς
908 3088 1176 3158 στελέχεσι
1216 3088 1324 3143 τῶν
1367 3088 1616 3160 δένδρων,
1660 3089 1754 3142 καὶ
1795 3093 1908 3154 τοῖς
1956 3089 2191 3160 φύλλοις,

2293 3101 2402 3156 quo
2442 3086 2675 3156 praadam
2725 3089 2959 3144 tolleret.
3003 3088 3181 3145 Julius
3216 3089 3454 3160 Scaliger
3507 3108 3697 3148 exere.
3747 3093 3817 3146 19:;

635 3182 732 3236 καὶ
753 3184 818 3254 τῇ
847 3184 916 3253 γῇ
951 3181 1039 3234 τὸν
1073 3180 1231 3234 αὐτὸν
1255 3181 1452 3254 τρόπον
1486 3181 1684 3237 ἅπαντι
1723 3183 1873 3254 τόπῳ
1916 3200 2192 3254 συμμετα-

633 3273 818 3328 ϐάλλει
845 3275 943 3347 τὴν
972 3275 1176 3346 χροιάν.
1207 3274 1524 3332 Aristoteles
1553 3274 1628 3328 ait
1647 3276 1846 3330 mutari
1870 3274 2106 3330 colorem
2137 3275 2193 3331 in

633 3377 746 3424 toto
769 3383 1017 3439 corpore,
1054 3382 1177 3421 nam
1221 3375 1275 3423 et
1303 3368 1444 3424 oculi
1475 3369 1792 3424 concolores
1835 3369 2044 3439 reliquo
2071 3384 2195 3423 cor-

634 3465 754 3532 pori
790 3462 1112 3527 redduntur,
1141 3468 1195 3517 et
1232 3462 1404 3516 cauda
1432 3461 1680 3517 eumdem
1706 3461 1942 3517 colorem
1972 3461 2188 3532 accipit.

634 3553 866 3619 Plinius,
888 3563 941 3610 et
961 3554 1158 3610 coloris
1183 3562 1374 3608 natura
1407 3553 1735 3620 mutabilior,
1764 3560 1937 3608 mutat
1957 3568 2190 3623 namque

633 3661 758 3700 eum
792 3646 1039 3710 subinde,
1063 3653 1117 3701 et
1149 3647 1343 3710 oculis,
1380 3653 1435 3700 et
1475 3646 1668 3710 cauda,
1699 3654 1752 3700 et
1790 3652 1905 3700 toto
1940 3660 2186 3715 corpore.

635 3734 1064 3807 TbeOphrastus,
1117 3735 1210 3790 lib.
1264 3734 1396 3804 Περὶ
1423 3733 1541 3789 τῶν
1561 3736 2056 3804 μεταϐαλλόντων
2077 3735 2192 3804 τὴν

635 3827 825 3896 χρόαν
867 3841 1080 3896 semper
1125 3826 1352 3882 reddere
1384 3842 1759 3897 quemcunque
1789 3826 2027 3897 attigerit
2055 3842 2192 3897 prae-

635 3925 722 3973 ter
752 3919 996 3984 rubrum,
1031 3919 1450 3990 candidumque,
1491 3919 1826 3973 Μεταϐάλλει
1857 3919 1914 3973 δὲ
1937 3920 1965 3971 ὁ
1993 3937 2191 3992 χαμαι-

635 4008 774 4062 λέων
810 4010 888 4073 el;
929 4011 1103 4064 πάντα
1141 4009 1210 4063 τὰ
1249 4010 1546 4082 χρώματα·
1578 4011 1712 4083 πλὴν
1746 4012 1845 4083 τὴν
1870 4013 1947 4076 εἰς
1971 4012 2030 4064 τὸ
2067 4012 2190 4064 λευ-
2225 4023 2233 4030 ‘

637 4096 732 4152 κδν
763 4101 856 4151 καὶ
903 4100 964 4153 τὸ
1008 4099 1233 4173 ἐρυθρὸν
1267 4103 1328 4155 ού
1373 4103 1581 4172 δέχεται
1625 4103 1940 4174 μεταϐολήν.
1975 4105 2085 4158 Καὶ
2129 4103 2189 4156 ού

638 4193 773 4264 πρὸς
802 4191 873 4246 τὰ
911 4194 1285 4265 παρακείμενα
1335 4195 1492 4265 μόνον
1534 4194 1798 4266 χρώματα
1851 4194 2188 4265 μεταϐάλλει,

636 4284 773 4339 ἀλλὰ
822 4285 915 4338 καὶ
943 4287 1104 4349 αὐτὸς
1149 4287 1268 4341 καθ’
1298 4287 1506 4353 ἑαυτὸν,
1550 4289 1644 4340 ὲάν
1667 4304 1750 4353 τις
1793 4291 1949 4360 μόνον
1991 4289 2191 4361 ἅψηται

636 4379 821 4445 αὐτοῦ,
851 4378 910 4431 τὸ
937 4379 1130 4450 χρῶμα
1163 4379 1502 4450 μεταϐάλλει.
1539 4381 1734 4436 Eadem
1778 4383 1937 4437 habet
1961 4382 2188 4448 Plinius,

2294 3181 2356 3234 in
2385 3177 2714 3246 Cardanum,
2747 3197 2804 3235 ιι.
2838 3181 2892 3246 4,
2922 3181 3014 3251 qui
3046 3192 3102 3236 et
3127 3183 3298 3237 multa
3325 3183 3429 3236 alia
3463 3199 3598 3252 qua:
3631 3200 3817 3254 sequun-

2293 3279 2382 3326 tur
2426 3272 2493 3328 de
2544 3272 2739 3336 forma,
2773 3274 2955 3328 colore
3005 3272 3232 3344 ejusque
3272 3275 3606 3343 mutatione,
3657 3279 3766 3332 item
3799 3292 3818 3327 ι

2291 3363 2490 3434 quibus
2523 3363 2773 3418 vincatur
2808 3364 3101 3431 coloribus,
3139 3380 3170 3418 a
3200 3365 3400 3436 quibus
3429 3382 3569 3431 non,
3600 3383 3631 3421 a
3660 3367 3819 3421 Landio

2291 3455 2507 3525 accipit.
2543 3455 2744 3510 Mirum
2783 3462 2868 3510 est
2917 3457 3060 3527 quod
3103 3457 3171 3512 de
3199 3457 3619 3513 chamaeleontis
3661 3460 3711 3515 in
3742 3476 3821 3513 svr-

2290 3555 2479 3618 pentes
2501 3545 2626 3600 odio
2656 3554 2844 3601 narrat
2871 3544 3110 3618 Scaliger
3140 3547 3285 3602 dicto
3317 3548 3352 3601 ι.
3389 3547 3447 3602 Is
3472 3564 3544 3602 ex
3569 3551 3682 3603 illis
3701 3566 3822 3602 unm

2288 3641 2579 3710 quempiam
2601 3641 2894 3707 speculatus
2927 3641 2980 3694 in
3013 3640 3201 3693 umbra
3233 3651 3531 3710 captantem
3560 3661 3742 3706 auras,
3760 3653 3822 3694 alt

2288 3733 2343 3785 in
2383 3733 2547 3787 radiis
2588 3735 2927 3803 apricantem,
2958 3733 3012 3786 in
3039 3749 3156 3786 eam
3186 3732 3391 3787 scandit
3437 3734 3713 3798 arborem,
3745 3751 3825 3800 qua

2289 3822 2372 3876 illi
2403 3823 2635 3878 imminet
2662 3839 2680 3877 :
2714 3825 2848 3878 unde
2884 3839 2948 3878 ea:
2981 3841 3068 3878 ore
3097 3824 3246 3893 ﬁlum
3278 3823 3502 3878 demittit
3539 3841 3824 3880 araneorum

2289 3931 2452 3980 more,
2507 3916 2562 3969 in
2613 3915 2764 3978 cuius
2811 3916 2891 3984 ﬁli
2929 3924 3158 3969 extremo
3184 3915 3389 3985 guttula
3423 3916 3512 3980 sit,
3548 3917 3826 3988 margarita

2289 4010 2583 4079 splendore,
2611 4027 2675 4066 ea
2705 4021 2901 4064 tactum
2921 4014 2975 4065 in
3001 4014 3185 4065 vertice
3205 4022 3490 4081 serpentem
3517 4016 3690 4070 mori.
3717 4012 3826 4067 Illud

2289 4105 2444 4155 etiam
2475 4101 2841 4156 admirabilius
2879 4104 2925 4157 si
2973 4102 3040 4156 ad
3070 4102 3496 4172 perpendiculum
3527 4114 3754 4175 nequeat
3779 4105 3824 4171 li-

2291 4194 2398 4246 lum
2429 4193 2737 4276 demittere;
2769 4194 2904 4263 quod
2960 4195 3131 4248 minus
3175 4193 3499 4248 adamussim
3543 4196 3826 4265 respondes:

2290 4305 2490 4351 ramus,
2526 4290 2583 4341 in
2626 4305 2724 4358 quo
2756 4298 2832 4342 est
2858 4288 3095 4358 inferiori
3134 4289 3245 4342 loco
3277 4289 3366 4341 ubi
3401 4288 3564 4341 cubat
3608 4305 3824 4358 serpens.

2290 4381 2366 4434 ita
2411 4381 2560 4450 ﬁlum
2591 4383 2844 4450 corrigere
2885 4381 3098 4449 pedibus
3128 4379 3500 4444 anterioribus,
3545 4392 3714 4452 atque
3748 4378 3829 4448 ejus

635 4469 980 4533 Plutarchus,
1016 4470 1109 4525 lib.
1169 4469 1248 4524 De
1292 4469 1636 4541 dignoscendo
1679 4473 1846 4524 amico
1888 4471 1952 4525 ab
1999 4456 2195 4524 adula:
2223 4465 2266 4520 D
2295 4483 2516 4528 tractum
2551 4484 2854 4544 temperare,
2885 4487 2940 4526 ut
2983 4473 3051 4528 ad
3081 4473 3270 4528 lineam
3301 4476 3455 4543 quasi
3475 4475 3735 4529 catheton
3768 4473 3824 4523 d2-

637 4574 767 4630 tore,
799 4571 854 4617 et
887 4560 1128 4627 Solinus,
1167 4561 1426 4633 Polyltist.
1456 4578 1576 4633 cap.
1613 4563 1702 4629 45,
1740 4563 1878 4618 idem
1923 4564 2182 4619 sentiunt.

635 4655 787 4711 Phile
806 4654 862 4710 in
877 4655 1073 4712 lambis
1099 4656 1348 4713 concedit
1371 4657 1593 4711 rubrum
1619 4658 1875 4720 colorem,
1898 4656 2185 4712 candidum

635 4753 798 4818 negat
829 4763 843 4801 :

704 4883 1061 4954 Χαμαιλέων,
1085 4884 1378 4954 κράτιστε,
1409 4885 1518 4939 τὸν
1546 4883 1739 4954 χρῶτα
1773 4884 1988 4951 τρέπει.

706 4953 933 5025 Σαῦρος
956 4955 1064 5025 γὰρ
1083 4953 1166 5009 ὧν
1189 4957 1468 5025 ἄντικρυς
1500 4953 1607 5009 οὐκ
1637 4955 1758 5024 ἔχει
1791 4956 1995 5022 τρίχας

707 5024 817 5095 Kgl
839 5024 954 5078 νῦν
977 5027 1092 5094 μὲν
1117 5026 1324 5095 ὠχρὸς,
1358 5024 1475 5080 νῦν
1508 5025 1574 5079 δὲ
1599 5027 1772 5094 φαιὸς
1792 5026 2045 5094 γίνεται,

706 5090 851 5151 Εἶτα
873 5090 1318 5161 πελιδνὸςξὲῖτα
1338 5098 1534 5164 κιρῤὸς
1561 5090 1645 5161 εἷς
1674 5090 1882 5160 βάθος.

705 5165 816 5220 Καὶ
846 5165 963 5220 νῦν
992 5165 1252 5234 ἐρυθρὸς,
1285 5167 1382 5220 καὶ
1407 5169 1736 5234 παραυτίκα
1755 5165 1963 5234 μέλας,

706 5237 812 5292 Kal
848 5236 1084 5302 στικτὸς
1115 5234 1189 5288 ἂν
1217 5234 1440 5304 γένοιτο
1476 5234 1760 5303 δορκάδος
1791 5237 1987 5303 δίκην.

703 5307 812 5362 Kal
851 5306 1069 5371 ξανθὸς
1100 5304 1177 5358 ἂν
1209 5306 1456 5374 scala-010'
1484 5306 1604 5368 ὅδε,
1645 5304 1905 5374 καθάπερ
1937 5305 2108 5359 λέων.

705 5378 866 5432 Οὕτω
893 5376 960 5430 δὲ
990 5375 1262 5444 σώματος
1296 5375 1452 5428 τοῦδ’
1479 5375 1935 5441 ἀλλοιουμένου,

707 5450 778 5504 Τὸ
806 5446 1026 5502 λευκὸν
1052 5447 1355 5516 ’ἠγ-νόησεν
1385 5445 1425 5513 ἡ
1455 5446 1636 5514 φύσις
1660 5447 1871 5515 μόνον.

633 5561 905 5626 Αζιὶειιιιε,
935 5559 1030 5615 lib.
1067 5573 1198 5623 uti,
1261 5555 1338 5612 De
1378 5557 1565 5611 histor.
1612 5557 1830 5614 animal.
1856 5599 1872 5627 ,
1923 5573 2042 5629 cap.
2094 5558 2182 5623 Μ,

633 5653 795 5708 etiam
812 5651 1026 5706 candidi
1049 5651 1246 5707 coloris
1270 5650 1620 5737 mutationem
1636 5650 1690 5704 in
1711 5665 1776 5704 eo
1801 5650 2051 5706 admittit.
2075 5650 2186 5704 Xa-

640 5743 871 5815 μαιλέων
901 5743 962 5797 τὸ
1003 5742 1140 5808 ζῶον
1184 5746 1263 5809 εἰς
1313 5743 1447 5799 ἰδίαν
1491 5743 1616 5816 μίαν
1645 5741 1809 5814 χρόαν
1839 5743 1901 5796 οὐ
1943 5743 2182 5812 πέφυκεν

2293 4570 2523 4623 scendat.

2361 4659 2518 4726 Ibid.,
2547 4661 2643 4715 lin.
2683 4660 2768 4714 49.
2814 4660 3021 4714 Δειλὸν
3049 4658 3088 4725 ὴ
3123 4659 3362 4726 ἔλαφος.
3385 4655 3650 4720 Aristot.,
3684 4658 3768 4711 lib.
3795 4668 3830 4704 Ii

2294 4753 2371 4808 De
2399 4753 2523 4809 hist.
2555 4753 2740 4815 anim.,
2778 4767 2826 4805 c.
2874 4752 2926 4813 1,
2971 4765 3160 4806 cervos
3221 4750 3362 4804 inter
3392 4749 3668 4802 animalia
3713 4748 3830 4814 inge-

2293 4847 2446 4900 niosa
2475 4851 2527 4899 et
2564 4845 2748 4898 timida
2784 4849 3122 4897 annumerat'.
3153 4839 3429 4909 Oopianus
3452 4841 3740 4910 Κυνηγετ.
3761 4839 3832 4891 lib.

2295 4953 2354 5001 ll,
2385 4936 2459 4991 De
2489 4938 2648 4990 cervis
2681 4952 2699 4990 :

2304 5072 2588 5141 Ἀϐληχρὴ
2617 5069 2852 5141 κραδίη,
2880 5067 2976 5123 καὶ
3005 5070 3186 5141 θυμὸς
3216 5065 3752 5141 ἔσωθεν-ἄναλκις,

2290 5142 2398 5195 Καὶ
2445 5136 2928 5210 uigili—neptier
2971 5136 3172 5208 alzjtal
3209 5138 3392 5210 τόσον
3423 5136 3836 5210 ᾁντέλλυυσιν.

2285 5214 2513 5266 Οὔποτε
2528 5206 2647 5280 ’γὰρ
2675 5206 3010 5279 κεφαλῆφιν
3037 5206 3278 5262 ἐναντία
3297 5206 3693 5280 Δδηρίσαιντο.

2293 5277 2577 5354 Οὐᾲθηροέὶ
2601 5277 2920 5354 έιρατὲροζς,
2951 5283 3061 5332 οὐκ
3089 5277 3781 5354 ἀργαλέοισι-κύνεςσιν,

2285 5352 2419 5406 Οὐδ’
2453 5348 2652 5417 αὐτοῖς
2687 5350 2902 5416 δειλοῖς
2929 5348 3387 5418 λασιοκνήμοισί
3415 5348 3701 5416 λαγωοῖς.

2290 5467 2466 5532 Quare
2496 5473 2550 5522 et
2580 5480 2860 5521 cervorum
2902 5464 3166 5519 timiditas
3205 5464 3259 5516 in
3303 5460 3656 5533 proverbium
3692 5458 3841 5524 vulgo

2289 5559 2440 5623 abiit,
2470 5558 2712 5627 ὲλάφειος
2755 5556 2912 5628 ἀνὴρ,
2943 5555 3035 5608 ἐπὶ
3080 5553 3172 5608 τοῦ
3204 5552 3378 5607 δειλοῦ
3421 5555 3485 5607 ὲκ
3529 5549 3841 5623 μεταφορᾶς

2288 5649 2382 5702 τοῦ
2410 5648 2545 5713 ζῴου
2569 5663 2583 5677 ο
2639 5646 2808 5700 δειλὸν
2851 5645 2960 5717 γὰρ
3001 5647 3033 5716 ή
3076 5644 3296 5715 ἔλαφος,
3345 5641 3538 5730 Suidas
3573 5647 3636 5695 et
3671 5639 3842 5694 Zeno-

2289 5743 2431 5798 bius.
2477 5739 2644 5807 Unde,
2689 5749 2742 5796 et
2787 5739 3171 5810 Agamemnoni
3221 5736 3363 5808 apud
3411 5735 3711 5790 Homerum
3757 5745 3844 5784 cx-
