4064 6290
651 358 758 414 939

1983 347 2228 404 LEONIS
2262 339 2534 408 ALLATII

3726 349 3785 401 9i0
3839 397 3841 400 .

723 471 884 535 lbid.,
936 472 1030 525 lin.
1083 470 1134 525 9.
1177 468 1268 533 Ὠς
1333 467 1726 522 ἀποϐαλοῦσα
1775 468 1943 534 πρός.
1991 467 2220 522 Amissis

2320 461 2408 516 διὰ
2431 459 2492 514 τὸ
2521 459 2744 532 θαρρεῖν
2767 459 2841 522 ὠς
2863 459 3075 530 ἔχοντες
3101 450 3148 525 ᾧ
3177 455 3484 532 ἀμύνονται.
3513 455 3625 524 Quae
3651 462 3704 515 ita
3726 471 3784 520 ιλ.

2320 554 2433 607 tiue
2461 551 2721 620 expressit
2763 549 2972 604 Plinius
3006 570 3018 605 :
3059 547 3362 614 Erumpunt
3399 557 3556 602 autem
3595 569 3784 610 renuunt.

2320 646 2459 699 tibus
2512 643 2777 697 tuberibus
2825 644 2994 711 primo
3039 642 3210 695 aridm
3255 642 3389 693 cutis
3429 642 3621 696 similia.
3660 645 3781 702 Eadem

647 566 793 620 enim
819 562 1074 618 cornibus
1102 558 1450 616 solitudinem
1481 565 1672 630 petunt
1689 566 1742 613 et
1762 559 1878 613 loca
1903 559 2215 625 inaccessa;

648 669 818 725 quare
865 652 918 706 id
965 657 1125 720 agant
1168 649 1304 703 varii
1350 648 1499 703 varie
1545 647 1904 702 tradiderunt.
1939 646 2218 716 Oppianus

655 751 879 812 Κυνητ.
909 759 942 796 ιι
973 743 1037 794 ad
1069 741 1330 811 pudorem
1359 740 1522 796 refert
1554 759 1566 794 :

650 857 964 911 Κεύθονται
993 852 1044 904 δ’
1071 851 1237 904 αὐτοὶ
1263 849 1550 920 πυμάτοις
1584 849 1855 904 λασίοισι
1881 865 1949 920 τε
1977 848 2218 918 θάμνοις
2263 872 2267 876 τ

650 923 1241 993 Αὶδόμενοιίθήρεσσι
1278 917 1541 993 καρήατα
1579 919 1704 993 τοῖα
1743 917 2007 993 φανῆναι

651 989 878 1064 ιὐμνὰ,
910 992 981 1046 τά
1008 989 1095 1046 τοι
1118 990 1473 1060 προπάροιθε
1500 991 1796 1059 μετήορον
1822 989 2109 1057 ἀείροντο.

651 1107 970 1163 Aristoteles
1000 1113 1178 1160 tamen
1219 1118 1342 1158 cum
1375 1103 1496 1159 aliis
1533 1102 1778 1157 eamdem
1811 1117 1971 1172 quam
2005 1102 2093 1155 hic
2124 1117 2221 1156 no-

651 1208 764 1255 ster
795 1207 985 1252 auctor
1012 1211 1234 1251 causam
1268 1193 1441 1258 affert,
1482 1194 1709 1248 nimium
1743 1193 1871 1262 quia
1910 1207 2218 1247 muscarum

652 1304 891 1344 morsum
951 1293 1219 1350 metuunt,
1253 1300 1373 1355 qua:
1421 1284 1633 1339 radices
1693 1300 1958 1338 cornuum
2003 1293 2220 1339 teneras

651 1383 808 1438 facile
839 1381 1202 1451 perforarent,
1231 1393 1354 1431 cum
1389 1391 1602 1432 summo
1632 1391 1819 1430 eorum
1855 1373 2060 1430 dolore.
2088 1376 2220 1430 Item

650 1473 775 1543 quia
801 1487 909 1525 non
932 1470 1183 1530 habeant,
1207 1483 1315 1538 quo
1339 1483 1396 1522 se
1425 1467 1494 1521 ab
1527 1467 1648 1521 aliis
1679 1468 1806 1522 feris
1832 1468 2223 1536 pmpugnando

651 1563 968 1622 defendant,
1003 1559 1078 1613 De
1121 1559 1247 1613 hist.
1302 1559 1489 1621 anim.,
1525 1558 1616 1612 lib.
1668 1573 1744 1621 Ix,
1781 1573 1902 1628 cap.
1934 1558 1966 1612 5
1997 1577 2010 1612 :
2055 1557 2224 1624 Quasi

651 1654 789 1708 enim
822 1668 920 1705 sua
953 1651 1189 1703 amiserit
1225 1666 1397 1714 arma,
1438 1657 1582 1702 cavet
1623 1665 1686 1702 ne
1730 1650 1946 1702 inermis
1994 1649 2224 1716 reperia-

654 1753 761 1798 tur.
816 1740 880 1794 Et
921 1739 1152 1794 inferius
1197 1758 1208 1791 :
1258 1739 1520 1792 Amittunt
1561 1738 1784 1807 singulis
1823 1739 1979 1792 annis
2021 1754 2222 1791 cornua

2321 737 2508 792 teneris
2558 738 2851 790 increscunt
2905 734 3086 803 ferulis
3133 731 3454 786 arundineas
3501 735 3548 786 in
3585 739 3781 801 particulas

2319 831 2468 884 molli
2511 829 2752 898 plumata
2795 827 3058 897 lanugine.
3101 824 3356 892 Quandiu
3380 836 3543 878 carent
3580 829 3648 895 iis,
3681 838 3780 885 nocti.
3839 824 3843 910 ξ

2321 922 2416 976 bus
2449 919 2736 990 procedunt
2775 922 2842 972 ad
2872 917 3086 987 pabula,
3143 918 3484 969 increscentia
3525 919 3630 973 solis
3667 938 3779 989 rapere
3839 965 3842 990 ί

2320 1017 2537 1076 durant,
2585 1012 2652 1064 ad
2697 1011 2908 1065 arbores
2947 1009 3168 1063 subinde
3197 1009 3528 1077 experientes,
3562 1011 3632 1064 ubi
3653 1015 3776 1080 placuit
3843 1009 3845 1056 Ι

3839 918 3845 1050 l

2321 1105 2482 1160 robur
2509 1105 2560 1158 in
2592 1113 2771 1172 aperta
2815 1101 3090 1172 prodeunt.
3125 1100 3236 1155 Sed
3277 1101 3429 1156 ncfas
3471 1110 3547 1156 est
3585 1105 3652 1158 hic
3678 1113 3774 1162 owit-

2321 1204 2436 1252 tere
2481 1195 2535 1250 in
2589 1165 2831 1264 subjecta
2875 1194 3099 1247 materia
3133 1193 3362 1247 verbum
3400 1192 3771 1268 Aristotelis,un
3839 1165 3845 1296 ἰ

2323 1287 2536 1357 magnis
2577 1285 2711 1340 viris
2745 1284 3020 1353 negotium
3061 1282 3379 1342 facessisse,
3407 1298 3468 1338 ex
3495 1299 3647 1340 eorum
3671 1292 3769 1346 inter.

2323 1377 2716 1448 pretationibus
2777 1373 3120 1428 manifestum
3187 1381 3293 1428 est.
3361 1377 3447 1427 Ait
3511 1376 3766 1440 Aristoteles:

2327 1470 2464 1540 ,Ηδη
2497 1468 2554 1522 δὲ
2609 1467 2858 1538 εἴληπται
2887 1465 3110 1535 ἀχαίτης
3151 1465 3352 1534 ἔλαφος
3389 1468 3474 1520 ἐπὶ
3503 1469 3589 1522 τῶν
3621 1475 3766 1543 κεράτων

2323 1561 2442 1632 ἔχον
2474 1560 2653 1613 κιττὸν
2683 1557 2850 1612 πολὺν
2885 1557 3165 1626 πεφυκότα
3201 1559 3428 1630 χλωρὸν,
3459 1560 3525 1623 ὡς
3548 1563 3698 1616 ἁπαλῶν
3715 1569 3761 1620 ζ»-

2322 1671 2427 1708 των
2455 1653 2562 1705 τῶν
2594 1651 2834 1721 κεράτων
2863 1648 3162 1719 ὲμφύοντα,
3199 1649 3391 1719 ὥσπερ
3417 1652 3470 1702 ὲν
3506 1650 3756 1725 ξύλῳ

2324 1745 2644 1801 Theodorus
2676 1741 2820 1796 Gaza
2862 1742 2937 1796 ita
2968 1742 3128 1795 vertit
3159 1761 3172 1795 :
3214 1739 3414 1808 Captus
3450 1741 3550 1810 jam
3575 1761 3684 1799 rem;
3699 1761 3752 1808 at,

655 1850 828 1889 mense
847 1832 1057 1902 Aprili:
1083 1848 1200 1902 quae
1230 1847 1349 1884 cum
1381 1832 1673 1892 amiserint,
1698 1830 1962 1883 occultant
1988 1847 2043 1884 se
2070 1832 2231 1884 inter-
2263 1837 2303 1891 Β
2331 1838 2573 1892 hederam
2606 1837 2714 1891 suis
2743 1843 2952 1888 enatam
2979 1832 3230 1886 cornibus
3256 1849 3436 1902 gerens
3460 1834 3748 1897 viridemmﬂ

655 1927 769 1990 diu,
803 1934 859 1979 ut
889 1926 1124 1993 superius
1156 1923 1290 1984 dixi,
1324 1921 1478 1991 idque
1519 1924 1693 1991 opacis
1735 1922 1936 1984 faciunt
1987 1921 2137 1985 locis,
2169 1931 2226 1974 ut

658 2035 956 2073 muscarum
1000 2017 1156 2070 tardio
1184 2028 1383 2069 vacent.
1436 2014 1498 2069 Et
1549 2015 1645 2070 lib.
1695 2015 1832 2081 Περὶ
1883 2013 2228 2082 θαυμασίων

653 2109 1076 2180 ἀκουσμάτων,
1120 2109 1187 2165 de
1229 2109 1406 2163 cervis
1457 2108 1705 2162 Achaicis
1746 2125 1758 2159 :
1795 2106 1929 2159 Φασί
1977 2121 2117 2168 τινες
2170 2107 2227 2157 ὲν

667 2203 856 2274 Ἀχαΐᾳ
881 2201 988 2255 τῶν
1021 2201 1253 2271 ἐλάφων,
1293 2201 1417 2253 ὅταν
1449 2199 1758 2254 ἀποϐάλωσι
1787 2199 1854 2252 τὰ
1892 2197 2114 2268 κέρατα,
2149 2198 2228 2260 εἰς

651 2295 874 2359 τούτους
909 2296 1034 2359 τοὺς
1071 2295 1266 2360 τόπους
1297 2294 1570 2366 ἔρχεσθαι,
1600 2293 1740 2346 ὥστε
1785 2293 1859 2363 μὴ
1901 2292 2096 2363 ῥᾳδίως
2135 2291 2225 2343 εύ-

657 2389 896 2460 ρεθῆναι.
915 2388 1085 2440 Τοῦτο
1098 2388 1154 2440 δὲ
1172 2391 1341 2442 ποιεῖν
1356 2388 1442 2442 διὰ
1457 2387 1517 2440 τὸ
1546 2386 1619 2456 μὴ
1652 2385 1816 2456 ἔχειν,
1835 2379 1878 2452 ᾧ
1894 2384 2225 2453 ἀμύνωνται,

657 2481 751 2533 καὶ
768 2480 856 2534 διὰ
870 2480 929 2534 τὸ
958 2483 1139 2534 πονεῖν
1158 2483 1281 2544 τοὺς
1312 2482 1530 2543 τόπους,
1549 2477 1669 2530 ὅθεν
1695 2476 1763 2530 τὰ
1795 2476 2001 2548 κέρατα
2021 2474 2226 2528 ἀπέϐα-

656 2571 765 2625 λον.
793 2571 858 2624 Et
889 2570 1326 2642 Theophylactus
1359 2569 1662 2624 Simocatus
1688 2569 1742 2622 in
1765 2568 1959 2634 Quaest.
1991 2565 2224 2621 natural.

659 2660 695 2714 5
723 2678 737 2714 :
777 2657 924 2714 Οἶδεν
959 2662 990 2730 ἠ
1021 2660 1232 2729 ἔλαφος,
1267 2658 1672 2730 ἀποκειραμένη
1701 2660 1769 2713 τὰ
1809 2659 2034 2730 κέρατα,
2069 2657 2228 2712 ἀσθε-

658 2752 916 2824 νεσθὲραν
963 2751 1059 2824 τὴν
1120 2751 1277 2822 φύσιν
1327 2750 1623 2822 ἀμύνεσθαι
1680 2751 1807 2814 τοὺς
1860 2750 2224 2822 λυπήσαντας.

661 2843 868 2898 οὐκοῦν
915 2843 1319 2916 ἀποκρύπτεται
1369 2838 1459 2898 οἷα
1510 2841 1846 2915 στρατιώτης
1894 2861 1977 2907 τις
2033 2843 2229 2908 ἄοπλος

663 2933 845 2999 δεδιὼς
890 2935 1345 3006 παρατάττεσθαι.
1401 2938 1510 2990 Καὶ
1567 2937 1754 3010 πόῤῥω
1798 2957 1898 2992 που
1949 2941 2229 3011 ἀπόμαχος

659 3024 798 3082 εἶναι
845 3028 1180 3099 βουλόμενος,
1232 3029 1364 3101 πρὸς
1411 3031 1504 3083 ἐπὶ
1542 3030 1749 3094 τούτοις
1791 3031 1944 3100 ἀλγεῖ
1987 3031 2048 3084 τὸ
2096 3032 2230 3097 ζῶον

659 3120 759 3190 τὴν
806 3121 950 3192 κάρα
1002 3120 1296 3174 δεινότατα.
1353 3120 1582 3184 Plinius.
1639 3123 1733 3179 lib.
1793 3139 1911 3188 νιιι,
1950 3139 2070 3194 cap.
2112 3125 2224 3178 52:

2332 1928 2540 1982 Plinius
2563 1926 2665 1980 hoc
2699 1924 2840 1980 idem
2871 1932 3086 1978 vertens
3114 1942 3126 1976 :
3155 1920 3412 1993 Captique
3420 1924 3526 1992 jam
3547 1929 3741 1980 saniem

2331 2023 2385 2076 in
2416 2018 2657 2075 cornibus
2686 2019 2945 2074 viridante
2972 2032 3036 2070 ex
3059 2018 3250 2070 attritu
3293 2017 3529 2071 arborum
3545 2022 3731 2088 uiis/hri

2332 2113 2472 2185 ligno
2500 2112 2711 2176 teneris,
2741 2112 2866 2164 dum
2898 2112 3242 2178 experiuntur
3269 2110 3473 2162 innata.
3501 2109 3554 2163 Sit
3572 2113 3644 2164 bene
3656 2128 3722 2165 om-

2333 2207 2444 2267 nia,
2478 2203 2702 2275 quidni?
2739 2202 2971 2257 Mentem
3021 2202 3340 2256 Aristotelis
3399 2202 3716 2270 hebeni-auti-

2333 2297 2530 2350 dentur
2558 2311 2679 2351 esse
2717 2296 2916 2350 omnia.
2943 2292 3144 2349 Verum
3195 2293 3328 2364 quid
3379 2297 3449 2349 sit
3495 2296 3718 2364 dxainigillul

2335 2402 2498 2443 cervo
2530 2387 2769 2442 additum
2799 2387 3036 2441 nondum
3069 2387 3251 2442 video.
3294 2387 3444 2452 Quod
3477 2386 3732 2454 cumposuissd

2333 2479 2648 2535 Arismteles
2671 2519 2685 2542 ,
2728 2480 3048 2549 interpretes
3081 2480 3203 2536 sine
3235 2480 3460 2534 inscitiae
3497 2487 3590 2533 nota
3612 2477 3742 2530 omiltue

2334 2571 2558 2626 minime
2607 2571 2930 2625 debuerunt.
2977 2569 3082 2626 Sed
3134 2571 3538 2626 modestissimis
3557 2569 3656 2622 hisce
3682 2567 3749 2618 ritis

2334 2661 2536 2732 aliquid
2563 2663 2974 2718 condonandum
3001 2673 3105 2718 est.
3129 2663 3275 2729 Quid
3309 2657 3752 2717 orulatissitnuslulius

2339 2749 2602 2822 Scaliger,
2636 2767 2794 2821 quem
2841 2751 2974 2805 nihil
3001 2756 3262 2822 praeterit,
3295 2761 3349 2807 et
3388 2754 3437 2806 iu
3465 2766 3570 2820 quo,
3593 2751 3623 2803 si
3651 2763 3754 2801 conce-

2335 2841 2433 2897 das
2477 2858 2693 2898 errores
2743 2851 2797 2898 et
2850 2843 3071 2913 lapsus,
3121 2844 3194 2899 de
3238 2844 3358 2914 ejus
3405 2843 3547 2898 etiam
3595 2839 3759 2893 divinitate

2335 2936 2524 2990 tollere
2571 2951 2794 2991 necesse
2841 2946 2944 2998 est,
2993 2951 3093 2990 nec
3139 2936 3514 3007 dedignabitur
3551 2933 3667 2988 etiam
3701 2931 3761 2998 ipse

2336 3009 2659 3096 quandoque
2715 3037 2883 3084 semet
2939 3028 3215 3083 hominem
3263 3045 3384 3084 esse
3432 3027 3582 3081 fateri.
3624 3023 3763 3090 δωιιεσ

2337 3117 2518 3186 itaque
2548 3117 2890 3174 Aristotelem
2924 3120 2997 3172 ita
3035 3120 3195 3174 vertit
3233 3119 3390 3174 :Jam
3422 3137 3525 3174 vero
3559 3128 3764 3184 capsim-

659 3209 851 3266 Latent
877 3212 1088 3266 amissis
1121 3213 1254 3266 velut
1287 3214 1527 3270 inermes.
1555 3213 1656 3269 Sed
1697 3226 1747 3270 et
1781 3215 1834 3270 hi
1865 3215 1996 3271 bono
2027 3233 2121 3270 suo
2150 3217 2233 3270 in-
2261 3199 2302 3255 (ἶ
2336 3225 2428 3262 vus
2454 3217 2531 3262 est
2570 3224 2748 3280 gerens
2780 3211 2831 3262 in
2867 3209 3111 3264 cornibus
3144 3221 3356 3265 enatam
3399 3209 3606 3264 hederam
3640 3206 3765 3258 multum

659 3303 906 3359 videntes.
961 3303 1232 3372 Elianus,
1286 3307 1378 3360 lib.
1431 3323 1479 3360 vr
1539 3306 1615 3362 De
1655 3308 1840 3364 histor.
1889 3310 2078 3374 anim.,
2111 3325 2229 3379 cap.

660 3397 714 3462 5,
745 3396 931 3452 eadem
961 3398 1147 3453 refert.
1182 3397 1334 3452 Multi
1388 3401 1551 3454 etiam
1602 3414 1823 3455 causam
1870 3416 2036 3469 quare
2087 3403 2230 3456 cervi

661 3502 865 3542 cornua
899 3489 1130 3544 latenter
1161 3489 1456 3552 dimittant,
1490 3491 1572 3546 vel
1605 3500 1804 3546 terram
1845 3491 2112 3547 fodientes
2141 3509 2234 3547 oc-

661 3581 884 3645 cultent,
920 3581 1334 3652 investigarunt.
1384 3583 1592 3640 Plinius
1621 3585 1686 3638 ad
1718 3585 1976 3640 invidiam
2013 3587 2230 3649 retulit;

659 3672 751 3727 eui
780 3674 1053 3730 consentit
1103 3673 1376 3738 AElianus,
1432 3678 1524 3730 lib.
1577 3694 1668 3740 ut,
1705 3692 1824 3747 cap.
1871 3677 1985 3730 i7:
2029 3674 2148 3730 Οἷδε
2177 3677 2233 3729 δὲ

660 3763 756 3816 καὶ
789 3762 980 3831 ἔλαφος
1009 3763 1070 3815 τὸ
1108 3763 1278 3828 δεξιὸν
1322 3766 1487 3833 κέρας
1512 3765 1649 3835 ἔχων
1681 3767 1760 3827 εἰς
1796 3764 1964 3820 πολλὰ
2009 3765 2232 3833 ἀγαθὸν,

661 3853 755 3908 καὶ
772 3853 950 3924 μέντοι
972 3854 1286 3924 κατορύττει
1305 3857 1435 3908 αὐτὸ
1454 3858 1546 3909 καὶ
1565 3856 1902 3928 ἀποκρύπτει
1924 3856 2119 3926 φθόνῳ,
2139 3856 2232 3910 τοῦ

665 3946 739 4016 μὴ
763 3945 1010 3998 τοσοῦτον
1035 3946 1130 4016 (ita
1159 3948 1302 4000 enim
1332 3950 1566 4018 corrigo)
1587 3948 1708 4001 τινὰ
1737 3947 2236 4004 ἀπολαῦσαιπιιεο-

660 4038 920 4108 phrastus
946 4036 1084 4105 Περὶ
1102 4035 1217 4090 τῶν
1239 4037 1574 4106 λεγομένων
1589 4037 1743 4099 ζώων
1765 4039 2027 4108 φθονεῖν,
2049 4048 2234 4109 aperte

661 4126 718 4180 id
747 4132 906 4196 negat
937 4141 1046 4180 non
1081 4134 1288 4181 tantum
1329 4129 1382 4182 in
1426 4131 1622 4192 cervis,
1655 4130 1749 4186 sed
1782 4138 1836 4185 et
1882 4131 1936 4186 in
1971 4131 2090 4188 aliis
2119 4133 2234 4186 aui-

661 4218 917 4279 malibus,
947 4233 1066 4289 qua:
1090 4234 1174 4274 res
1201 4219 1322 4273 aliis
1345 4221 1503 4276 utiles
1530 4222 1612 4276 vel
1640 4223 1978 4278 abscondunt
2003 4225 2082 4280 vel
2112 4239 2234 4279 cor-

661 4315 943 4377 rumpunt.
973 4307 1206 4363 Tantum
1235 4310 1379 4363 enim
1401 4311 1476 4364 ait
1510 4311 1611 4366 hoc
1643 4312 2045 4370 existimatione
2067 4315 2234 4368 homi-

663 4414 792 4452 num
832 4399 968 4454 falsa
1011 4399 1278 4454 accusari.
1316 4399 1390 4453 Ea
1437 4417 1671 4472 namque
1717 4407 1948 4461 naturali
1995 4408 2230 4477 quodam

2337 3298 2574 3366 viridem,
2600 3300 2750 3370 quasi
2781 3316 2894 3368 qua:
2922 3317 3036 3353 cum
3069 3303 3262 3356 tenella
3303 3312 3486 3366 essent,
3505 3301 3659 3354 innata
3682 3296 3767 3360 fuerit

2339 3401 2588 3460 tanquam
2626 3393 2679 3445 in
2727 3391 2913 3445 arbore
2954 3393 3129 3448 viridi.
3183 3393 3260 3449 Ne
3306 3395 3414 3447 hilo
3436 3392 3618 3464 quidem
3644 3389 3766 3441 melus.

2337 3481 2524 3536 Adhuc
2549 3498 2743 3538 nomen
2768 3484 2996 3555 ἀχαίτης
3025 3488 3215 3541 nescio
3247 3504 3350 3558 qua
3372 3487 3558 3541 ratione
3576 3482 3768 3551 explosum.

2338 3575 2710 3640 Quw'nescias
2738 3579 3162 3646 praetermittere.
3205 3580 3306 3634 Sed
3335 3580 3602 3640 videamus,
3627 3572 3712 3643 quid
3731 3572 3770 3619 iu-

2340 3667 2518 3722 nuerit
2562 3666 2899 3724 Aristoteles.
2933 3668 3032 3724 Diu
3072 3671 3125 3725 in
3153 3687 3220 3725 ea
3253 3672 3325 3726 fui
3358 3669 3609 3730 sententia,
3645 3660 3772 3716 locoit-

2338 3759 2442 3814 lius
2499 3761 2892 3816 resLtuendum
2953 3779 3074 3818 esse
3133 3765 3420 3836 Ἀχαϊκός,
3471 3759 3708 3816 AChairus,
3740 3765 3770 3801 et

2339 3853 2543 3906 Achaia
2581 3853 2818 3923 regione,
2845 3855 2948 3909 nisi
2977 3854 3030 3908 id
3056 3854 3200 3909 idem
3229 3854 3548 3911 retinendum
3575 3855 3684 3904 esset
3699 3852 3772 3896 nota

2339 3941 2569 4012 quadam
2611 3942 2932 3997 formatione
2971 3945 3246 4017 Ἀχαῖτης,
3280 3963 3345 4002 ex
3373 3943 3582 4004 Achaia,
3610 3937 3775 3990 Ariston

2338 4035 2552 4102 lemque
2573 4034 2811 4089 loculum
2842 4035 2909 4090 de
2939 4052 3098 4091 cervo
3131 4050 3291 4110 capto
3313 4037 3541 4093 videlicet
3574 4034 3616 4086 in
3638 4022 3774 4081 Achaia-

2337 4125 2706 4180 Conlirmabat
2740 4142 2908 4181 meam
2942 4109 3262 4185 sententiam
3294 4131 3424 4183 idem
3442 4109 3774 4180 Aristoteles,qﬂi

2339 4220 2519 4276 libello
2548 4219 2686 4288 Περὶ
2713 4223 3056 4290 θαυμασίων
3084 4223 3468 4293 ἀκουσμάτων
3489 4221 3536 4272 in
3562 4212 3713 4269 Achaia
3734 4205 3774 4256 di-

2337 4315 2413 4362 ett
2473 4324 2682 4373 cervos,
2735 4311 2952 4365 amissis
3000 4314 3275 4374 cornibus,
3323 4308 3611 4366 solitudines
3653 4305 3773 4368 petere.

2337 4399 2472 4454 Φασὶ
2499 4399 2555 4453 δέ
2586 4417 2738 4464 τινας
2769 4403 2827 4454 ὲν
2869 4403 3056 4476 Ἀχαΐᾳ
3103 4404 3209 4458 τῶν
3244 4404 3462 4472 ἐλάφων,
3503 4408 3636 4467 quem
3671 4389 3776 4476 locutu

664 4489 944 4553 instinctu,
993 4489 1107 4544 sive
1160 4491 1322 4545 etiam
1365 4492 1656 4561 aliquando
1707 4496 1901 4552 timore
1943 4472 2228 4570 id-agere,

2340 4491 2590 4560 superius
2621 4493 3163 4564 exscripsimusuibi
3210 4497 3348 4551 enim
3401 4488 3564 4545 subdit
3595 4502 3606 4536 :
3635 4472 3776 4532 Πολλιέ

2341 4583 2380 4598 ⁸¹
2559 4585 2573 4598 ‘
2645 4587 2678 4598 -'
2952 4588 2964 4598 -
3084 4590 3096 4598 -
3220 4587 3245 4598 -ο
3347 4586 3370 4598 ο
3527 4577 3660 4598 ,L_....
3692 4565 3776 4598 ,οὲ-ιιι

662 4596 894 4652 quorum
929 4591 1108 4636 tamen
1135 4583 1398 4636 rationem
1432 4599 1532 4638 nos
1567 4587 1853 4656 nequimus
1885 4589 2129 4646 reddere.

735 4670 894 4738 lbi.l.,
963 4674 1058 4728 lin.
1093 4677 1178 4731 15.
1230 4677 1340 4731 Kal
1391 4677 1613 4742 νυκτὸς
1660 4678 1916 4748 νέμεται.
1965 4681 2236 4748 ιΕΙίειιιιιε,

665 4762 760 4817 lib.
785 4780 860 4828 Vl,
887 4779 1005 4835 cap.
1030 4767 1097 4822 5:
1123 4768 1383 4838 Λέγονται
1425 4769 1482 4823 δὲ
1516 4772 1608 4823 καὶ
1631 4771 2007 4839 φυλάττεσθαι,
2035 4777 2240 4846 μήποτε

665 4854 772 4928 ἄρα
819 4862 1028 4928 νεαροῖς
1071 4857 1218 4914 οὖσιν
1266 4863 1444 4916 αὐτῶν
1482 4865 1593 4926 τοίς
1626 4863 1826 4926 ἕλκεσι,
1857 4860 1973 4919 εἶτα
2013 4869 2240 4938 προσπί-

665 4965 874 5002 πτουσα
903 4951 935 5020 ἡ
965 4951 1122 5015 ἀκτὶς
1159 4955 1343 5026 πρὶνῆ
1381 4956 1640 5026 παγῆναι,
1677 4955 1771 5010 καὶ
1811 4958 1934 5020 τοὺς
1971 4959 2238 5028 καλουμέ-

665 5056 792 5103 νους
843 5040 1094 5114 χόνδρους
1155 5045 1360 5099 λαϐεῖν.
1399 5048 1529 5101 Ἥδε
1590 5050 1688 5120 τὴν
1737 5049 1912 5120 σάρκα
1966 5051 2240 5125 ύποσήψῃ.

665 5131 1010 5197 Aristoteles,
1041 5135 1136 5189 lib.
1169 5152 1222 5189 Ix
1267 5136 1340 5190 De
1365 5138 1490 5192 hist.
1518 5143 1705 5207 anim.,
1737 5157 1859 5211 cap.
1891 5141 1923 5194 5
1954 5160 1967 5196 :
2001 5141 2242 5196 Pascun-

671 5232 756 5276 tur
782 5241 873 5294 per
903 5225 956 5279 id
986 5235 1184 5297 tempus
1217 5239 1371 5282 noctu
1396 5229 1555 5284 donec
1594 5234 1846 5301 recipiant
1877 5250 2098 5297 cornua,
2125 5251 2241 5304 quae

669 5315 897 5383 primum
948 5318 1104 5387 quasi
1155 5328 1270 5372 cute
1315 5321 1499 5373 vestita
1527 5332 1575 5375 et
1607 5322 1920 5378 hirtiuscula
1957 5326 2240 5389 emittunt;

670 5405 759 5459 sed
787 5423 906 5461 cum
943 5409 1194 5463 creverint
1235 5409 1340 5464 soli
1379 5421 1663 5480 exponunt,
1706 5423 1762 5466 ut
1809 5424 2165 5486 excoquantur
2189 5423 2241 5470 et

669 5510 864 5552 siccent
875 5540 888 5554 .

739 5588 897 5656 lbid.,
922 5593 1018 5649 lin.
1041 5595 1128 5650 15.
1158 5593 1503 5664 Βουλομένη
1532 5593 1600 5648 δὲ
1619 5594 1951 5666 δοκιμάσαι.
1974 5598 2242 5653 Aristotc-

674 5679 754 5734 les
783 5679 976 5737 ibidem
1004 5703 1019 5739 :
1053 5687 1218 5740 ’Ὅταν
1245 5686 1300 5740 δὲ
1330 5686 1524 5758 μηκέτι
1562 5686 1762 5741 πονῶσι
1793 5689 1928 5757 πρὸς
1954 5688 2021 5740 τὰ
2050 5689 2240 5760 δένδρα

669 5767 937 5840 κνώμενοι
968 5777 1123 5843 αὐτὰ,
1153 5779 1269 5832 τότε
1298 5779 1605 5834 ἐκλείπουσι
1636 5780 1761 5853 τοὺς
1790 5780 1988 5842 τύπους
2015 5779 2238 5844 τούτους

2335 4583 2392 4636 δὲ
2430 4585 2615 4637 κισσὸν
2645 4587 3034 4656 ’ἐπιπεφυκότα
3080 4590 3136 4640 ὲν
3179 4587 3254 4658 τῷ
3307 4586 3409 4639 τῶν
3455 4577 3660 4651 κεράτων
3692 4565 3776 4625 sint?

2331 4676 2577 4746 δρᾶσθαι.
2615 4676 2740 4733 Haec
2783 4688 2961 4734 tamen
3008 4696 3106 4737 nec
3137 4682 3320 4743 dubio,
3348 4692 3441 4733 nec
3480 4669 3703 4727 hominum
3728 4668 3777 4707 ει·

2331 4768 2646 4836 spectatioui
2677 4769 3000 4824 videbantur
3021 4773 3174 4831 satis.
3205 4787 3320 4828 cum
3346 4768 3506 4822 adhuc
3529 4764 3647 4814 esset
3671 4751 3778 4803 incer-

2332 4868 2445 4911 tum
2505 4873 2573 4912 an
2630 4859 2697 4914 de
2741 4863 2918 4917 cervis
2974 4863 3227 4919 Achaicis
3282 4863 3580 4929 loqueretur.
3626 4845 3777 4936 aut?“

2331 4951 2481 5004 nulla
2501 4951 2641 5006 facta
2673 4955 2968 5020 mentione,
2996 4957 3089 5013 sed
3123 4958 3228 5013 alio
3242 4957 3396 5010 ducto
3424 4942 3650 5020 principio
3670 4932 3775 4988 dicit:

2331 5042 2556 5106 Πολλαῖς
2589 5042 2644 5096 δὲ
2673 5045 2857 5098 κισσὸν
2888 5048 3271 5118 ἐπιπεφυκότα.
3305 5045 3401 5102 Sed
3424 5059 3474 5096 re
3496 5036 3654 5093 melius
3669 5030 3778 5088 insPe’

2331 5141 2416 5186 cta
2451 5134 2924 5207 eonsiderataque,
2979 5143 3054 5196 ita
3097 5144 3270 5197 locum
3305 5131 3577 5193 Aristotelis
3600 5119 3775 5207 restituo:

2337 5225 2473 5296 Ἤδη
2506 5227 2561 5279 δὲ
2590 5197 2838 5299 εἴληπταί
2880 5197 3071 5303 ἀάαῖνὴ
3119 5235 3324 5304 ἔλαφος,
3364 5229 3436 5283 νεῖ
3469 5197 3776 5304 ἀχαῖ“θης’9¹¹⁰ά

2332 5327 2386 5373 et
2417 5319 2632 5376 melius.
2684 5321 2838 5378 Libet
2887 5299 3028 5380 enim
3061 5299 3287 5384 cervum
3320 5324 3452 5377 hunc
3487 5316 3550 5368 ita
3575 5299 3775 5376 appellam

2333 5411 2474 5479 Q“0d
2507 5410 2820 5484 Etymologo
2850 5415 3120 5472 referente
3155 5420 3294 5473 circa
3337 5405 3610 5466 Achaziuatn
3638 5389 3775 5445 urbem.

2334 5503 2447 5558 sive
2506 5504 2669 5558 etiam
2721 5507 3016 5575 regionem,
3069 5513 3178 5565 sint
3222 5518 3404 5580 genera
3443 5497 3677 5580 cervol'll"_l

2333 5608 2584 5662 Snorum,
2636 5597 2864 5666 ideoque
2907 5616 3095 5655 cervos
3137 5603 3210 5656 ita
3257 5584 3494 5652 vocatos:
3537 5565 3775 5648 Ἀχιτιῖνέ²η

2333 5684 2546 5755 ἔλαφος,
2593 5665 3003 5755 Ἀπολλώνιος...
3032 5696 3099 5765 ἥν
3128 5698 3173 5748 τ’
3211 5691 3435 5764 ἀγρῶται
3461 5665 3776 5776 mann:

2337 5777 2547 5832 λέουσιν
2572 5781 2674 5836 ἀπὸ
2711 5785 3008 5858 Ἀχαιῖνέας
3046 5789 3266 5855 πόλεως,
3299 5788 3352 5838 ἐν
3383 5776 3411 5846 ἦ
3446 5775 3540 5835 εἴδη
3571 5765 3774 5817 alsius..-
