4064 6290
374 403 470 458 9H

1271 400 1339 458 IN
1379 399 1754 458 EUSTATHII
1793 396 2268 458 HEXAEMERON
2310 396 2544 458 NOTAE.

3509 401 3613 458 9-H

369 541 485 596 φων
544 525 810 598 μεγάλων.
869 524 932 581 Et
981 525 1321 589 Aristoteles,
1382 527 1476 580 lib.
1525 540 1563 580 lt
1618 525 1692 580 De
1739 526 1937 582 histor.
1970 537 2012 590 Α
2043 542 2164 590 nus,
2198 542 2398 591 cervus,
2425 526 2608 588 dama,
2645 534 2698 580 ct
2728 524 2889 594 paulo
2924 535 3045 595 post
3080 540 3092 578 :
3124 523 3475 590 Quamobrem
3503 525 3616 592 puta

367 619 615 682 animal.,
651 634 771 688 cap.
816 617 902 682 15,
961 617 1196 689 Αχαῖνάς
1227 619 1533 689 appellavit.
1579 619 1701 672 Τῶν
1729 619 1785 672 δὲ
1819 619 1936 674 ὲλάο

367 728 482 780 φων
526 712 580 764 αἱ
641 711 856 780 ἀχαῖναὶ
905 710 1232 782 καλούμεναι
1277 711 1522 766 δοκοῦσιν
1580 711 1724 782 ἔχειν
1771 714 1829 766 ὲν
1878 716 1943 785 τῇ

367 805 550 875 κέρκῳ
607 804 807 874 χολήν,
853 819 994 874 quos
1059 804 1300 873 Scaliger
1347 806 1402 858 in
1458 822 1512 859 ix
1558 807 1674 859 vult
1724 815 1944 862 vocatas

367 895 612 965 ἀχαῖτας.
666 895 839 961 Quam
892 903 1037 951 recte
1084 897 1310 950 aliorum
1364 905 1482 952 esto
1526 899 1817 964 judicium.
1867 898 1942 954 Ex

367 987 658 1042 A‘ristotele
707 989 1011 1060 Antigonus
1062 988 1342 1060 Carystius
1399 992 1452 1044 in
1509 989 1705 1044 Mirab.
1749 1007 1768 1044 :
1824 991 1944 1046 Τῶν

366 1079 422 1132 δὲ
457 1081 670 1148 ἐλάφων
700 1083 825 1144 τοὺς
863 1083 1138 1152 ἀχαιΐνους
1176 1083 1538 1154 καλουμένους
1579 1084 1753 1137 δοκεῖν
1781 1087 1838 1137 ὲν
1875 1087 1940 1156 τῇ

365 1172 548 1243 κέρκῳ
570 1173 667 1244 τὴν
689 1174 850 1245 χολὴν
883 1174 1042 1244 ἔχειν.
1082 1174 1312 1230 Dubium
1363 1184 1538 1230 tamen
1578 1191 1738 1230 omne
1782 1177 1943 1232 solvit

368 1265 509 1319 idem
560 1268 862 1336 Antigonus
892 1306 906 1333 ,
966 1269 1128 1322 verba
1197 1270 1513 1325 exscribens
1555 1271 1881 1325 -Aristotelis
1922 1289 1938 1326 :

368 1358 506 1428 Ἤδη
551 1359 606 1412 δὲ
641 1359 944 1429 μδιειλῆφθαι
998 1363 1247 1432 ἀχαιΐνην
1287 1362 1479 1432 ἔλαφον
1513 1362 1690 1416 κιττὸν
1717 1363 1941 1433 ἔχουσαν

363 1451 454 1502 ἐπὶ
480 1451 585 1503 τῶν
611 1452 873 1524 κεράτων,
909 1452 983 1515 ὡς
1015 1453 1079 1506 ἂν
1112 1454 1354 1526 ἐνύγρων
1385 1455 1572 1508 ὄντων.
1601 1455 1777 1521 Quare
1806 1459 1941 1510 scri-

363 1540 597 1595 bendum
633 1545 904 1608 existimo,
934 1545 1033 1614 ἤδη
1067 1547 1121 1599 δὲ
1161 1547 1413 1617 εἴληπται
1442 1548 1690 1618 ἀχαιῒνης
1721 1548 1935 1616 ἔλαφος,

361 1641 415 1686 et
447 1637 798 1702 reddendum,
825 1639 951 1692 Jam
974 1657 1092 1693 vero
1123 1652 1304 1708 captus
1327 1650 1405 1694 est
1448 1641 1706 1695 achteines
1737 1658 1935 1696 cervus.

433 1731 588 1787 lbid..
616 1732 710 1784 lin.
741 1731 825 1785 19.
859 1732 1015 1799 Πρὸς
1059 1733 1127 1784 δὲ
1170 1733 1240 1786 τὰ
1288 1732 1573 1800 δήγματα.
1619 1734 1938 1788 Aristoteles

362 1824 549 1878 eodem
585 1823 703 1876 loco
735 1841 746 1876 :
780 1820 930 1876 Cervi
963 1825 1125 1876 marsi
1162 1825 1237 1878 vel
1268 1841 1300 1876 a
1337 1825 1615 1894 phalangio
1658 1825 1788 1878 vela
1815 1841 1939 1893 quo-

2046 615 2164 670 chre
2198 634 2229 670 a
2259 616 2512 671 veteribus
2542 616 2737 670 dicitur
2765 617 2896 678 illis,
2921 619 3010 684 qui
3042 632 3258 669 causam
3285 633 3379 669 cur
3411 616 3614 669 diutius

2045 711 2267 773 vivatur,
2303 709 2440 779 fellis
2482 711 2795 764 vacuitatem
2843 725 2953 762 esse
2995 711 3163 774 aiunt,
3209 719 3514 779 argumento
3553 724 3618 762 ex

2044 799 2332 865 solipedum
2376 815 2744 870 cervorumque
2789 814 2972 867 genere
3005 797 3228 852 deducto
3271 813 3290 851 :
3330 799 3438 852 ha'c
3478 800 3616 852 enim

2043 903 2092 946 et
2138 893 2258 960 felle
2294 903 2501 954 vacant.
2549 901 2597 944 et
2644 893 2732 944 diu
2775 893 2970 946 vivunt.
3018 890 3226 946 Plinius
3259 892 3354 947 lib.
3390 908 3463 953 ιιι,
3493 907 3613 962 cap.

2044 985 2133 1050 57,
2163 985 2306 1054 quod
2337 985 2404 1040 de
2425 986 2670 1039 Achaino
2700 985 2817 1040 solo
2847 984 3168 1040 Aristotcles
3206 1007 3217 1040 :
3259 986 3375 1055 ipse
3403 986 3470 1040 de
3498 1000 3617 1038 om-

2043 1075 2208 1128 nibus
2241 1075 2441 1128 tradit:
2471 1075 2606 1128 Sunt
2660 1075 2750 1146 qui
2796 1092 2924 1145 equo
2955 1093 3057 1129 non
3086 1076 3294 1145 quidem
3339 1077 3391 1129 in
3440 1075 3615 1145 jecore

2041 1183 2172 1232 esse,
2213 1168 2308 1222 sed
2343 1169 2397 1221 in
2430 1169 2544 1223 alvo
2580 1181 2782 1239 putent,
2811 1183 2861 1226 et
2891 1189 3036 1226 cervo
3072 1173 3126 1224 in
3161 1170 3331 1222 cauda
3362 1179 3451 1221 aut
3484 1171 3616 1222 inte-

2041 1265 2219 1318 stinis.
2255 1263 2462 1318 Plinius
2503 1265 2725 1331 ibidem,
2775 1267 3032 1321 intestina
3077 1278 3362 1320 cervorum
3404 1268 3610 1314 tantam

2041 1356 2242 1412 habere
2273 1358 2435 1410 tradit
2464 1359 2906 1421 amaritudinem,
2944 1369 2997 1412 ut
3047 1373 3076 1410 a
3113 1358 3342 1411 canibus
3389 1370 3496 1409 non
3533 1360 3612 1406 at-

2042 1447 2340 1516 tingantur.
2379 1448 2700 1503 Aristotcles
2725 1490 2739 1514 ,
2778 1449 2852 1502 De
2895 1449 3018 1504 hist.
3069 1449 3232 1500 anim.
3268 1447 3360 1499 lib.
3403 1461 3463 1511 ιι,
3488 1459 3607 1514 cap.

2045 1538 2130 1602 15,
2174 1553 2236 1591 ea
2293 1539 2501 1599 scribit,
2535 1553 2564 1591 a
2595 1540 2826 1593 canibus
2877 1555 2986 1592 non
3032 1538 3248 1608 attingi,
3281 1538 3386 1590 nisi
3416 1551 3612 1590 cervus

2040 1629 2368 1700 praepinguis
2419 1629 2511 1684 sit.
2549 1630 2766 1686 Falsum
2803 1631 2854 1685 id
2909 1645 3030 1685 esse
3059 1630 3412 1699 experientia,
3440 1635 3492 1682 et
3522 1643 3614 1680 ve-

2039 1731 2258 1776 natores
2291 1722 2508 1787 docent,
2542 1724 2632 1793 qui
2680 1731 2839 1793 capto
2869 1738 3029 1777 cervo
3065 1724 3120 1776 in
3157 1737 3362 1775 morem
3414 1720 3612 1774 habent

2039 1812 2158 1881 ejus
2185 1813 2504 1872 visceribus.
2532 1815 2828 1876 intestinis,
2851 1822 2904 1868 et
2928 1814 3194 1884 sanguine
3217 1826 3381 1866 canes
3405 1811 3607 1865 cibare.

361 1915 436 1966 vis
468 1915 665 1982 generis
699 1913 950 1979 ejusdem,
977 1929 1196 1968 cancros
1225 1917 1403 1968 edunt.
1435 1915 1588 1980 Quod
1612 1915 1749 1968 idem
1773 1916 1923 1968 etiam

2041 1903 2394 1969 Aristoteles,
2449 1905 2525 1959 De
2565 1907 2690 1959 hist.
2749 1909 2914 1960 anim.
2969 1907 3064 1960 lib.
3119 1921 3191 1969 iv,
3237 1920 3357 1974 cap.
3392 1905 3608 1966 ultimo.

359 2001 558 2055 homini
607 2003 851 2071 prodesse
899 2013 1158 2072 putatur;
1203 2005 1294 2059 sed
1347 2023 1449 2060 non
1501 2017 1643 2059 caret
1692 2006 1932 2074 fastidio.

357 2094 705 2161 Plutarchus,
735 2099 771 2151 Ι.
814 2100 1040 2166 Πότερα
1063 2098 1180 2151 τῶν
1202 2098 1375 2164 ζώων,
1415 2099 1687 2154 Nicander
1715 2101 1767 2154 in
1805 2099 1937 2154 The-

356 2187 539 2253 riacis,
569 2185 846 2258 Oppianus
880 2192 1101 2258 Κυνηγ.
1134 2204 1173 2244 ιι
1205 2209 1220 2247 :

355 2300 553 2373 Αὐτὰρ
584 2299 636 2362 ὃ,
670 2298 974 2373 γινώσκων·
1001 2301 1204 2373 θεόθεν
1237 2303 1415 2370 τόπερ
1455 2302 1679 2372 ἔλλαχε
1721 2302 1932 2373 δῶρον,

358 2370 560 2436 Πάντῃ
584 2373 869 2439 μαστεύει
898 2369 1191 2439 δνοφερὸν
1218 2369 1499 2440 ποταμοῖο
1517 2369 1782 2441 ῥέεθρον.

355 2442 561 2514 Κεῖθεν
587 2441 944 2514 καρκινάδας
975 2441 1043 2494 δὲ
1070 2444 1276 2514 φιλ-αις
1303 2442 1583 2512 γέννεσσι
1614 2444 1933 2514 δαμάσσας

358 2510 674 2578 Φάρμακον
701 2510 1128 2564 αὐτοδίδακτον
1153 2512 1278 2581 ἔχει
1308 2510 1736 2584 πολυπήμονος
1762 2510 1930 2585 tirno.

358 2639 681 2694 Adnotanda
725 2640 975 2696 videntur
1013 2644 1271 2696 nonnulla
1301 2644 1368 2699 de
1399 2647 1598 2712 cervis,
1637 2648 1692 2703 in
1725 2651 1930 2719 quibus

358 2741 608 2787 auctores
656 2732 939 2788 dissident.
998 2736 1321 2792 Aristoteles
1379 2739 1474 2794 lib.
1543 2755 1641 2794 vni
1717 2739 1924 2797 Ilistor.

357 2821 702 2897 anim.,°cap.
733 2825 834 2894 28;
878 2825 1094 2892 Strabo,
1129 2827 1360 2894 Plinius,
1398 2830 1621 2898 Seneca,
1648 2833 1924 2900 Lucanus,

357 2919 682 2989 Antigonus,
727 2919 1031 2976 Herodotus
1066 2920 1399 2991 Melpomene
1431 2938 1539 2977 uno
1567 2940 1660 2979 ore
1691 2925 1927 2982 fatentur

356 3013 410 3065 in
458 3011 622 3084 Libya
659 3028 836 3082 neque
879 3027 1097 3066 cervum
1140 3029 1316 3085 neque
1351 3029 1541 3084 aprum
1582 3017 1750 3071 ullum
1778 3033 1920 3075 esse.

353 3101 633 3172 Oppianus
665 3103 862 3158 Africae
900 3104 1112 3169 tribuit,
1147 3105 1239 3160 lib.
1292 3122 1326 3159 ιι
1373 3110 1596 3177 Κυνηγ.
1621 3107 1925 3166 Commune

354 3197 405 3249 id
442 3196 632 3249 habuit
670 3210 794 3249 cum
828 3193 1074 3266 Virgilio.
1115 3197 1208 3266 qui
1241 3198 1333 3252 lib.
1363 3213 1376 3250 ι
1405 3207 1458 3253 et
1489 3215 1560 3264 iv,
1601 3199 1827 3256 ASneam
1865 3203 1918 3257 in

352 3289 533 3344 littore
565 3288 759 3343 Africa:
797 3305 985 3345 cervos
1017 3291 1332 3361 agitantem,
1358 3300 1412 3346 et
1440 3295 1795 3363 conligentem
1834 3294 1916 3349 fa-

350 3378 446 3442 cit,
479 3387 532 3432 et
563 3377 1044 3434 cuui‘Philostrato
1075 3382 1356 3436 Albericus
1389 3384 1626 3452 gentilis,
1655 3385 1749 3440 lib.
1802 3384 1922 3439 Vir-

348 3471 441 3540 git.
467 3472 609 3534 lect.,
651 3487 703 3527 c.
747 3471 803 3537 8,
836 3473 1112 3527 existimat
1141 3473 1423 3545 Virgilium
1467 3491 1590 3528 cum
1624 3492 1815 3532 cervos
1864 3479 1920 3532 in

348 3563 530 3616 Africa
571 3565 775 3633 posuit,
817 3574 1062 3619 secutum
1099 3582 1219 3621 esse
1266 3565 1530 3621 Timaeum
1569 3567 1919 3633 historicum,

349 3656 507 3724 cujus
563 3655 705 3709 haud
753 3656 1044 3712 mediocris
1091 3659 1385 3714 auctoritas
1413 3669 1518 3714 est.
1566 3660 1631 3714 Et
1663 3659 1921 3716 Brodaaus

350 3746 538 3811 tradit,
572 3749 666 3803 lib.
704 3748 998 3804 Miscellan.
1032 3766 1152 3812 vui,
1181 3767 1300 3822 cap.
1338 3753 1423 3818 15,
1455 3751 1615 3808 Italos
1642 3769 1672 3806 a
1710 3771 1768 3809 se
1795 3752 1922 3808 Gal-

352 3843 544 3911 iosque
588 3841 680 3911 qui
719 3841 946 3896 fuissent
993 3844 1045 3895 in
1083 3843 1267 3896 Africa
1310 3844 1664 3898 barbarorum
1698 3847 1917 3916 captivi,

351 3949 414 3989 ea
444 3935 511 3988 de
543 3949 600 3988 re
622 3935 984 4003 interrogatos
1011 3949 1154 3996 esse,
1180 3951 1243 3987 ac
1277 3937 1642 4004 respondisse,
1664 3938 1716 3990 in
1733 3939 1917 3992 Africa

349 4041 541 4080 cervos
571 4042 630 4080 se
661 4026 862 4079 vidisse
897 4027 1212 4094 permultos.
1247 4026 1476 4092 Quidam
1516 4029 1680 4082 etiam
1725 4045 1789 4084 ex
1828 4047 1921 4086 ve-

351 4117 634 4170 natoribus
669 4117 741 4169 ita
780 4115 1060 4186 Virgilium
1092 4116 1379 4172 defendere
1408 4119 1508 4174 visi
1537 4129 1694 4186 sunt;
1727 4138 1918 4191 nempe

349 4208 497 4260 illum
546 4208 783 4261 locutum
835 4207 1002 4262 fuisse
1043 4224 1137 4279 per
1181 4210 1644 4279 anticipationem,
1690 4214 1914 4284 figuram

348 4299 523 4369 poetis
562 4299 907 4355 familiarem.
945 4302 1140 4355 Dicunt
1185 4303 1348 4365 enim,
1388 4317 1576 4357 eorum
1601 4306 1692 4374 qui
1729 4306 1781 4360 id
1821 4322 1919 4362 nc-

347 4401 546 4459 garunt
573 4407 688 4444 aevo
726 4407 917 4447 cervos
961 4394 1139 4449 nullos
1177 4396 1230 4448 in
1264 4394 1445 4449 Africa
1483 4396 1674 4464 fuisse,
1707 4396 1918 4469 Virgilii

346 4491 526 4536 autem
558 4492 714 4537 aetate
751 4484 860 4554 jam
889 4485 1107 4540 aliunde
1139 4487 1394 4543 advectos
1421 4489 1718 4556 exstitisse,
1757 4492 1918 4545 adeo-

2040 1993 2251 2050 Generis
2281 2000 2472 2052 cervini
2498 1999 2694 2068 femina
2717 2016 2970 2053 cornuum
3001 1995 3168 2066 inops;
3197 1998 3486 2068 mutilaque
3508 2006 3607 2059 est,

2037 2097 2091 2144 et
2130 2089 2202 2142 De
2229 2100 2368 2159 part.
2403 2092 2567 2146 anim.
2597 2092 2690 2146 lib.
2725 2108 2807 2153 ιιι,
2833 2107 2952 2161 cap.
2986 2091 3032 2155 l,
3061 2092 3393 2160 Quapropter
3417 2090 3470 2143 in
3498 2105 3612 2143 cer-

2037 2198 2216 2234 verum
2253 2199 2454 2252 genere,
2484 2201 2602 2237 cum
2627 2183 2856 2237 maribus
2894 2199 3094 2238 cornua
3129 2182 3484 2251 sint,feminis
3519 2180 3610 2234 de-

2033 2285 2192 2338 sunt;
2223 2288 2275 2330 et
2323 2275 2485 2346 hujus
2538 2277 2591 2330 in
2619 2277 2808 2331 eodem
2858 2278 3035 2347 capite
3083 2278 3346 2330 rationem
3401 2274 3605 2329 subdit.

2033 2366 2222 2422 Pollux
2258 2351 2534 2425 Onomast.
2573 2371 2667 2425 lib.
2699 2388 2755 2435 v,
2794 2372 2902 2424 τῶν
2945 2371 3159 2440 ἐλάφων
3197 2369 3410 2440 ἄκερως
3438 2369 3470 2430 ἠ
3502 2366 3611 2419 θεί-

2032 2459 2167 2513 λεια·
2213 2459 2240 2515 ὁ
2272 2461 2318 2515 δ’
2364 2463 2539 2534 diem
2577 2462 2892 2534 κεροφόρος,
2942 2459 2975 2534 ἢ
3020 2463 3312 2534 κεράστης.
3369 2461 3474 2513 ΑΙῘί
3527 2459 3607 2513 fe-

2033 2551 2197 2618 minis
2251 2567 2456 2607 cornua
2519 2555 2833 2608 tribuerunt
2883 2572 2896 2607 :
2947 2553 3218 2607 Pindarus
3278 2553 3488 2624 Olymp.
3549 2551 3604 2614 ὅ,

2030 2641 2374 2715 χρυσόκερων
2403 2645 2597 2714 ἔλαφον
2644 2645 2878 2717 Θήλειαν.
2914 2645 3279 2700 Callimachus
3319 2644 3506 2716 liymn.
3550 2644 3604 2696 in

2030 2733 2254 2790 Dianam
2279 2751 2404 2790 cum
2441 2736 2510 2792 de
2541 2739 2720 2793 cervis
2756 2737 2973 2793 feminis
3011 2739 3345 2808 loqueretur,
3369 2735 3606 2808 κεραίων

2027 2825 2072 2880 δ’
2099 2828 2452 2900 ἀπελάμπετο
2475 2831 2696 2902 χρυσός.
2721 2825 2823 2886 Ubi
2859 2831 3191 2886 Scholiastes
3216 2832 3317 2884 hoc
3346 2837 3603 2900 tanquam

2027 2935 2225 2972 novum
2268 2928 2455 2987 notat,
2521 2924 2841 2993 σημείωσαι,
2898 2922 3096 2992 inquit,
3143 2923 3223 2975 ὅτι
3257 2921 3356 2985 τὰς
3388 2922 3604 2991 θηλείας

2026 3007 2256 3077 ἐλάφους
2285 3012 2682 3084 κερατοφόρους
2707 3009 2848 3065 εἷπε.
2892 3012 3029 3078 Quid
3084 3013 3170 3067 hic
3205 3013 3521 3066 adnotarcm
3547 3012 3601 3064 in

2027 3108 2176 3154 tanta
2213 3118 2396 3156 rerum
2436 3104 2689 3159 inscitia?
2729 3103 2983 3159 Solemne
3008 3104 3110 3158 hoc
3144 3103 3243 3158 fuit
3268 3105 3442 3175 poetis
3471 3119 3603 3158 conv

2025 3195 2206 3248 traria:
2255 3197 2537 3250 sententiae
2587 3198 2974 3262 assertoribus,
3022 3213 3257 3268 quorum
3310 3200 3603 3254 nonnullos

2021 3287 2329 3356 aggregavit
2349 3287 2618 3355 lElianus,
2643 3288 2722 3342 De
2748 3289 2873 3344 hist.
2905 3291 3068 3344 anim.
3100 3290 3191 3344 lib.
3221 3304 3318 3351 vn.
3349 3308 3470 3362 cap.
3506 3292 3598 3354 δῖ),

2023 3372 2347 3444 Sophoclem
2379 3378 2588 3433 scilicet
2627 3378 2682 3432 in
2725 3379 2982 3443 Aloadis;
3011 3379 3324 3449 Euripidem
3371 3384 3425 3435 in
3452 3381 3600 3450 Iphi-

2021 3468 2172 3537 genia
2203 3475 2256 3522 et
2292 3467 2584 3525 Temenidis
2604 3487 2622 3535 ;
2639 3467 2960 3537 Pindarum,
2978 3472 3374 3528 Anacreonlem
3395 3494 3408 3541 ;
3434 3483 3486 3529 ct
3501 3473 3601 3529 Ju-

2023 3560 2132 3615 lius
2181 3559 2445 3630 Scaliger,
2496 3563 2590 3616 lib.
2633 3577 2716 3627 ιιι,
2756 3563 2941 3630 ‘Poet.,
2992 3579 3116 3634 cap.
3153 3566 3208 3630 4,
3259 3568 3454 3622 scribit
3498 3584 3598 3624 sua

2020 3658 2179 3706 aetate
2212 3651 2266 3705 in
2311 3651 2485 3706 Gallia
2514 3661 2726 3724 captam
2763 3653 2934 3710 fuisse
2973 3671 3190 3711 cervam
3239 3658 3589 3729 cornigeram

2021 3751 2076 3798 et
2119 3744 2239 3813 ejus
2269 3745 2434 3800 etiam
2467 3757 2631 3817 caput
2658 3749 2884 3802 servari.
2915 3747 3156 3804 Joannes
3181 3749 3440 3822 Langius,
3469 3751 3598 3822 Epid

2019 3837 2143 3890 stet.
2170 3838 2496 3901 medicinaL,
2514 3853 2599 3908 ep.
2634 3839 2723 3903 70,
2751 3839 2845 3894 lib.
2870 3855 2910 3904 ι,
2928 3841 3195 3897 referente
3221 3841 3455 3899 Henrico
3478 3843 3599 3898 Sal-

2020 3928 2251 3990 muthio,
2301 3931 2694 3984 commentario
2737 3933 2788 3984 in
2825 3931 3082 3987 Guidanis
3136 3933 3411 3990 Panciroli
3459 3954 3594 3992 nova

2022 4031 2208 4090 repert.
2237 4024 2321 4078 tit.
2364 4023 2453 4088 10,
2478 4024 2544 4079 de
2569 4024 2885 4094 horologiis,
2911 4028 3160 4082 scribunt
3190 4030 3243 4085 in
3269 4041 3423 4086 utero
3447 4037 3594 4089 cervi

2021 4114 2314 4184 cornigeri,
2349 4131 2511 4185 quam
2545 4108 2709 4172 Ottho
2755 4116 3039 4185 llenricus,
3089 4136 3272 4178 comes
3312 4119 3596 4182 Palatinus

2020 4221 2188 4277 prope
2253 4206 2562 4279 Odewangh
2628 4221 2864 4280 ceperat,
2920 4224 3190 4283 repertum
3232 4215 3422 4282 fuisse,
3466 4218 3594 4274 dum

2020 4300 2416 4354 evisceraretur
2435 4302 2718 4356 hinnulum
2739 4305 3130 4361 membranulis
3141 4309 3592 4380 circumseptum.

2020 4395 2073 4442 et
2095 4390 2312 4458 quidem
2339 4407 2532 4448 cervos
2566 4392 2830 4462 quosdam
2869 4411 3035 4452 sexus
3063 4408 3314 4454 naturam
3355 4407 3592 4468 variare,

2023 4480 2148 4535 inde
2173 4483 2399 4552 colligit,
2437 4486 2579 4554 quod
2606 4487 2952 4543 observatum
2973 4490 3044 4545 sit
3059 4506 3248 4547 cervas
3267 4493 3595 4565 quandoque

347 4590 453 4644 que
481 4585 690 4644 poetam
731 4591 792 4630 ea
827 4577 903 4628 uti
941 4578 1177 4632 vquisse
1205 4580 1396 4648 ﬁgura,
1427 4595 1546 4648 ηοω
1579 4579 1765 4635 Graece
1788 4582 1918 4634 dici-
1952 4596 1995 4651 ο
2023 4588 2250 4636 cornua,
2281 4590 2400 4644 quae
2430 4579 2604 4631 virilia
2653 4596 2935 4636 cervorum
2967 4598 3118 4638 arma
3162 4595 3308 4648 sunt,
3354 4595 3590 4658 gestare.

347 4675 437 4721 tur
475 4667 760 4738 πρόληψις.
797 4667 952 4734 Quod
985 4669 1336 4739 probabiliter
1359 4671 1464 4726 dici
1505 4671 1776 4727 videbitur
1798 4671 1922 4726 Car-

345 4760 562 4830 pathios
605 4761 834 4830 lepores,
861 4775 1072 4814 necnon
1103 4772 1154 4814 et
1183 4760 1395 4816 Siculos
1418 4763 1915 4826 considerantibus,

343 4851 434 4919 qui
469 4865 592 4903 cum
624 4865 732 4904 non
758 4857 944 4905 essent
975 4851 1346 4918 importati,ad
1373 4851 1651 4907 fastidium
1675 4870 1848 4923 usque
1864 4861 1920 4908 et

345 4956 539 4994 noxam
576 4943 937 4996 increverunt.
971 4941 1129 4996 Levis
1159 4951 1338 4998 tamen
1372 4954 1458 4999 est
1489 4947 1578 4998 illa
1621 4946 1917 5001 vindicatio

343 5033 386 5085 si
434 5034 815 5103 verumfateri
872 5035 1143 5088 volumus.
1193 5033 1328 5087 Cum
1390 5035 1621 5098 Plinius,
1683 5037 1913 5102 Seneca,

344 5121 560 5188 Strabo,
597 5124 874 5184 Lucanus.
905 5125 1229 5194 Antigonus,
1265 5124 1559 5196 Virgiliano
1585 5143 1697 5182 aevo
1731 5145 1910 5198 pares,

345 5225 404 5271 ut
448 5217 520 5270 ita
564 5219 763 5281 dicam,
803 5221 884 5272 vel
930 5219 1235 5284 inferiores,
1271 5218 1322 5272 id
1368 5235 1474 5272 non
1518 5221 1913 5276 animadverte-

344 5318 491 5374 runt,
523 5311 612 5379 qui
643 5325 833 5364 omnes
861 5312 1180 5373 oscitantiae,
1216 5321 1274 5364 ut
1310 5327 1450 5366 unus
1484 5310 1740 5383 Virgilius
1763 5315 1913 5382 judi-

340 5410 512 5461 cetur,
538 5401 894 5470 redarguendi
919 5409 1068 5455 sunt.
1087 5402 1201 5453 Alia
1221 5401 1382 5471 igitur
1405 5401 1700 5456 vindicatio
1725 5411 1909 5472 pcteuc

337 5493 428 5553 da,
464 5492 738 5546 Aristotel.
773 5492 867 5545 lib.
900 5508 960 5553 ιι,
998 5507 1120 5561 cap.
1159 5492 1245 5555 15,
1279 5500 1438 5562 negat
1468 5493 1534 5547 fel
1564 5495 1617 5547 in
1649 5509 1810 5548 cervo
1853 5503 1908 5548 ct

336 5583 515 5648 dama,
547 5586 687 5640 sicut
719 5594 773 5639 et
805 5585 926 5639 aliis
956 5585 1279 5655 quibusdam
1311 5586 1657 5648 animalibus,
1689 5595 1742 5641 et
1773 5587 1904 5641 sub-

336 5677 415 5730 dit
443 5696 455 5732 :
488 5677 676 5732 Cervis
707 5677 966 5732 Achainis
993 5678 1316 5747 cognomine
1343 5677 1608 5732 contineri
1648 5680 1699 5732 in
1731 5680 1902 5734 camla

337 5771 603 5834 creditur;
643 5777 698 5826 et
759 5770 848 5824 lib.
898 5786 972 5833 iv,
1023 5769 1100 5823 De
1145 5779 1286 5839 part.
1324 5769 1571 5835 animal.,
1623 5771 1790 5842 capit.
1839 5775 1896 5837 2,

341 5861 590 5928 Quantam
621 5862 742 5934 felle
771 5865 981 5919 omnino
1026 5875 1226 5928 carent,
1257 5873 1313 5917 ut
1341 5879 1522 5933 equus,
1558 5863 1752 5930 mulus,
1787 5866 1896 5932 asi-

2023 4663 2180 4730 Quali
2217 4668 2460 4720 marchio
2491 4669 2710 4737 quidam
2745 4671 3006 4728 Badensis
3044 4683 3199 4743 capta
3230 4676 3350 4745 ejus
3389 4692 3595 4733 cornua

2022 4755 2132 4824 regi
2169 4753 2444 4810 Gallorum
2489 4759 2634 4813 dono
2671 4762 2912 4824 miserat,
2953 4779 3074 4833 quae
3105 4765 3326 4820 Ambasi
3356 4767 3411 4821 in
3443 4770 3594 4838 regio

2022 4845 2180 4898 horto
2221 4849 2632 4918 propejanuam
2668 4853 2984 4908 interiorem
3023 4857 3212 4925 parieti
3245 4857 3429 4923 affixa,
3463 4861 3597 4916 sub-

2021 4939 2241 5008 scriptis
2282 4941 2335 4994 in
2375 4942 2572 4996 tabella
2611 4945 2867 5010 testibus,
2896 4947 2988 5014 qui
3020 4951 3295 5004 venationi
3331 4950 3592 5006 interfue-

2019 5040 2168 5093 rant,
2201 5032 2500 5086 etiamnum
2525 5036 2694 5088 cerni.
2725 5036 2902 5102 Quare
2929 5036 3265 5096 Salmuthius
3289 5043 3495 5114 colligit
3526 5059 3593 5098 ex

2016 5123 2108 5176 illa
2155 5139 2421 5177 cornuum
2479 5127 2782 5195 gestatione
2833 5145 2996 5185 sexus
3052 5135 3403 5188 mutationem
3456 5133 3593 5190 satis

2015 5231 2126 5269 non
2159 5217 2398 5286 probari.
2428 5218 2768 5283 Aristoteles,
2807 5222 2898 5277 lib.
2939 5238 3012 5290 Ix,
3049 5227 3214 5296 capit.
3250 5227 3461 5290 ultimo,
3493 5227 3591 5291 ait,

2013 5310 2210 5371 cervis,
2255 5309 2298 5364 si
2327 5310 2542 5380 quidem
2574 5311 2812 5366 nondum
2868 5317 3082 5369 cornuti
3127 5317 3426 5380 evirentur,
3481 5331 3592 5370 non

2012 5415 2262 5456 crescere
2296 5417 2534 5468 cornua;
2573 5404 2657 5458 sin
2705 5414 2884 5460 autem
2924 5406 3036 5476 jam
3068 5406 3283 5460 cornuti
3333 5421 3594 5461 exsecen-

2011 5504 2118 5554 tur,
2175 5510 2397 5550 manere
2450 5495 2540 5549 illa
2597 5512 2816 5567 semper
2869 5498 3116 5566 ejusdem
3173 5497 3590 5566 magnitudinis.

2008 5585 2158 5641 Cervi
2192 5589 2238 5640 si
2269 5603 2386 5640 cum
2445 5605 2536 5656 per
2586 5599 2796 5644 aetatem
2849 5591 3081 5643 nondum
3129 5605 3331 5643 cornua
3382 5602 3593 5661 gerunt,

2009 5691 2333 5744 castrentur,
2360 5699 2463 5735 non
2484 5682 2644 5736 edunt
2675 5700 2875 5737 cornua
2904 5698 2922 5735 :
2948 5682 3038 5736 sed
3079 5683 3124 5736 si
3162 5683 3421 5753 cornigeri
3451 5687 3596 5738 eaei-

2002 5774 2202 5826 duntur
2242 5790 2345 5828 non
2374 5773 2622 5827 decidunt
2659 5790 2880 5837 cornua,
2921 5783 2971 5826 et
3012 5774 3377 5844 magnitudine
3405 5774 3593 5829 eadem

2002 5875 2304 5923 set'vantur.
2337 5863 2578 5931 Plinius,
2616 5863 2736 5917 Non
2778 5862 3024 5918 decidunt
3083 5865 3333 5919 castratis
3369 5879 3590 5928 cornua,
