4064 6290
626 375 731 432 94⁵3

627 505 719 543 nec
748 498 1051 543 nascuntur.
1078 486 1223 542 ldem
1245 485 1487 541 sentiunt
1533 483 1753 539 Solinus
1777 491 1830 539 et
1853 482 2186 555 Porphyrius

626 581 766 648 Περὶ
790 579 1020 650 ἀπογῆς
1047 578 1344 647 ἐμψότων.
1369 576 1647 647 Oppianus
1676 585 1856 631 tamen
1876 577 2096 646 Κυνηγ.
2125 590 2186 642 ιι,

627 673 959 726 contrarium
988 669 1186 724 cecinit
1223 687 1236 722 :

624 786 916 838 Κεύθουσι
951 784 1278 851 λαγόνεσσι
1306 782 1356 836 δ’
1399 782 1499 836 ὑπ’
1532 779 1723 848 αὐτὴν
1753 778 1951 834 ἔνδοθι
1980 777 2188 851 Δνηδὺν

637 848 1301 923 Ἀμξαιδύμουςολκοὺς.
1340 852 1483 916 τοὺς
1524 854 1574 904 εἱ
1610 851 1715 923 καί
1748 867 1837 923 τις
1873 848 2184 923 ἀμήσειεν,

622 919 845 978 Αὐτῗκα
879 919 1081 993 θῆλυν
1113 923 1310 989 ἔθηκε,
1342 923 1579 991 πρόπαν
1603 921 1656 973 δ’
1687 919 1989 993 arrepest
2005 919 2187 988 καρή-

1998 1007 2119 1042 νων

633 1062 949 1134 Ὀξύθιομον
989 1061 1213 1131 κεράων
1245 1059 1696 1114 πολυδαίδαλον
1746 987 2178 1128 αἰόλον-[ἔρῗζς.

688 1174 843 1241 lhid.,
876 1174 972 1227 lin.
1003 1172 1092 1226 2!.
1131 1171 1190 1225 Ἠ
1213 1170 1280 1223 δὲ
1302 1170 1399 1235 αἲξ
1427 1170 1464 1238 ἡ
1490 1169 1680 1238 ἀγρία.
1699 1168 2021 1225 Aristoteles
2048 1169 2189 1237 Περὶ

617 1268 959 1338 θαυμασίων
994 1261 1390 1332 ἀκουσμάτων
1417 1270 1471 1317 et
1505 1262 1598 1316 lib.
1636 1261 1712 1316 De
1742 1261 1865 1315 hist.
1886 1263 2071 1325 anim.,
2106 1278 2181 1327 Ix,

617 1376 737 1432 cap.
766 1360 834 1426 6;
863 1358 1184 1429 Antigonus,
1216 1354 1444 1418 Plinius,
1482 1353 1571 1406 lib.
1603 1369 1728 1415 xxv,
1757 1368 1877 1424 cap.
1912 1353 1979 1408 8:
2001 1352 2185 1407 Dicta-

616 1470 755 1506 mum
782 1450 1068 1514 ostendere,
1093 1459 1149 1502 ut
1174 1447 1514 1501 indicavimus
1538 1445 1823 1499 vulnerata:
1850 1453 2037 1515 pastio,
2069 1454 2183 1499 sta-

614 1548 706 1599 tim
736 1542 1093 1599 decidentibus
1135 1540 1271 1594 telis.
1304 1537 1664 1608 Theophrast.
1720 1537 1793 1591 De
1833 1538 1958 1591 hist.
2006 1539 2175 1605 plant.

613 1640 707 1694 lib.
738 1655 813 1700 ix,
845 1652 964 1706 cap.
1006 1628 1094 1699 iii,
1135 1630 1354 1704 Ἀληθὲς
1378 1630 1432 1684 δέ
1464 1647 1625 1700 φασιν
1663 1625 1799 1682 εἶναι
1828 1630 1922 1683 καὶ
1952 1629 2012 1682 τὸ
2054 1630 2180 1701 περὶ

612 1729 719 1782 τῶν
758 1725 949 1797 βελῶν,
995 1725 1074 1777 ὅτι
1110 1720 1409 1793 φαγούσας,
1451 1719 1577 1771 ὅταν
1607 1715 1947 1782 τοξευθῶσιν,
1991 1715 2180 1770 ἐκϐάλ-

612 1821 743 1876 λειν.
774 1818 1052 1888 Virgilius,
1084 1816 1177 1869 lib.
1215 1829 1288 1867 χιι
1320 1810 1537 1864 AEneid.

683 1911 840 1974 lbid.,
871 1911 964 1964 lin.
1004 1907 1092 1962 22.
1130 1907 1197 1960 Τὸ
1237 1905 1613 1973 καλούμενον
1647 1903 1956 1973 δίκταμον.
1989 1900 2177 1955 Δίκτον

611 2006 823 2061 voeavit
862 2002 1152 2058 Nicander.
1197 1999 1370 2053 Cretae
1418 1997 1697 2067 pwprium
1745 2004 1859 2058 est,
1908 2012 2009 2050 nec
2049 1996 2177 2049 alibi

610 2099 875 2161 nascitur,
920 2105 974 2152 et
1008 2096 1083 2150 ibi
1124 2110 1230 2148 non
1265 2094 1521 2162 spatiose.
1559 2092 1637 2145 Ad
1676 2092 1832 2162 plura
1873 2090 2178 2145 conducere

609 2190 774 2245 tradit
806 2187 1219 2258 Theophrastus
1266 2183 1343 2236 De
1375 2183 1497 2237 hist.
1542 2183 1713 2250 plant.
1756 2182 1849 2236 lib.
1893 2198 2019 2247 xxv,
2051 2197 2174 2249 cap.

605 2284 661 2346 8,
691 2282 918 2353 ejusque
947 2288 1057 2333 tres
1087 2276 1296 2347 species
1327 2275 1467 2330 inter
1503 2290 1562 2329 se
1599 2273 1891 2329 distinctas
1918 2272 2067 2327 facit.
2097 2272 2176 2327 Ex

603 2389 712 2444 quo
741 2388 839 2428 sua
869 2370 1056 2425 habuit
1084 2369 1314 2423 Plinius:
1344 2365 1750 2436 Theophrastus
1779 2365 1944 2431 enim,
1985 2364 2175 2437 Χρῶν-

602 2482 694 2518 ται
722 2464 779 2518 δὲ
809 2465 920 2527 τοῖς
946 2460 1183 2531 φύλλοις,
1206 2459 1266 2513 οὐ
1295 2462 1407 2522 τοῖς
1437 2458 1658 2520 κλωσὶν,
1685 2456 1805 2510 οὐδὲ
1838 2455 1916 2527 τῷ
1958 2455 2170 2527 καρπῷ,

603 2557 657 2611 id
686 2564 791 2624 est,
824 2570 959 2611 usus
1008 2553 1281 2616 foliorum,
1318 2566 1427 2604 non
1474 2564 1771 2613 ramorum,
1817 2564 1918 2602 nec
1964 2549 2175 2604 fructus

602 2658 706 2703 est.
735 2647 942 2702 Plinius
981 2646 1078 2709 ita,
1116 2641 1283 2699 Foliis
1321 2652 1523 2696 tantum
1566 2650 1806 2696 utuntur.
1838 2638 1967 2696 Flos
1997 2641 2173 2695 nullus

601 2741 671 2809 ei,
696 2749 786 2794 aut
813 2755 1007 2802 semen,
1034 2746 1125 2790 aut
1145 2736 1336 2790 caulis.
1370 2735 1427 2789 Si
1460 2734 1698 2788 dictaino
1731 2747 1839 2787 non
1865 2742 1949 2789 est
1998 2749 2171 2804 neque

601 2832 797 2895 caulis,
838 2846 1011 2901 neque
1053 2843 1259 2892 semen,
1295 2842 1423 2898 ergo
1460 2828 1540 2881 vel
1581 2826 1735 2880 inviti
1779 2825 1923 2882 foliis
1967 2828 2042 2881 uti
2076 2828 2172 2882 de.

603 2925 749 2981 bent.
784 2924 852 2978 At
882 2927 1067 2994 utique
1104 2929 1157 2977 et
1186 2920 1361 2985 lloret,
1395 2928 1448 2975 et
1487 2919 1723 2974 fructum
1763 2918 1917 2974 aﬂ‘crt
1958 2936 2023 2974 ex
2065 2919 2171 2975 hoc

602 3017 965 3088 Theophrasti
1001 3020 1140 3077 loco,
1175 3022 1229 3070 et
1274 3012 1608 3068 Dioscuridis
1656 3018 1865 3067 tentata
1909 3011 2166 3079 lectione,

598 3110 720 3166 οὔτε
755 3110 930 3176 ἄνθος,
969 3108 1090 3163 οὔτε
1132 3106 1341 3177 καρπὸς
1377 3105 1667 3178 συμφέρει,
1707 3112 1761 3159 et
1806 3102 2022 3176 Virgilii
2069 3104 2164 3159 lib.

601 3221 675 3259 xu
703 3202 941 3267 xEneid.,
973 3216 1113 3258 vers.
1144 3201 1250 3256 412
1277 3218 1289 3254 :

740 3315 1076 3371 Dictamuum
1111 3313 1342 3384 genitria:
1372 3312 1576 3368 Creta'a
1620 3299 1889 3384 carpit-ab
1923 3310 2026 3367 Ida

736 3387 1027 3441 I‘uberibus
1057 3386 1259 3439 caulem
1289 3384 1456 3454 foliis,
1483 3394 1534 3438 et
1565 3385 1694 3453 ﬂore
1728 3393 2024 3437 comantem

736 3460 1028 3525 Purpureo,
1060 3474 1163 3510 non
1192 3456 1288 3508 illa
1320 3456 1445 3525 feris
1480 3455 1744 3525 incognita
1780 3457 1953 3525 capris

737 3524 1011 3591 Gramina,
1037 3543 1153 3580 cum
1182 3535 1322 3596 tergo
1352 3528 1584 3580 volucres
1604 3524 1808 3579 ’hwsere
1825 3524 2055 3594 sagittae.

598 3636 738 3710 Ergo
770 3644 852 3694 est
885 3647 939 3692 et
967 3636 1158 3701 caulis,
1197 3643 1250 3688 et
1279 3633 1398 3699 llos,
1425 3645 1478 3689 et
1502 3648 1709 3697 semen,
1745 3630 1910 3696 Plini,
1953 3631 2068 3685 ἀλλ’
2101 3632 2160 3685 οὒ

597 3729 882 3803 συμφέρει,
917 3736 970 3785 et
992 3729 1115 3784 ideo
1147 3727 1319 3783 Foliis
1352 3738 1556 3781 tantum
1585 3735 1824 3790 utuntur,
1862 3732 1923 3780 ut
1961 3724 2163 3794 optime

594 3832 858 3885 verteras.

666 3916 829 3991 lbid.,
858 3916 951 3970 lin.
978 3914 1070 3969 24.
1099 3917 1169 3970 Al
1199 3913 1266 3967 δὲ
1301 3913 1642 3983 παρδάλεις.
1686 3912 1948 3983 Superius
1972 3926 2159 3967 eorum

593 4008 879 4078 opiniones
906 4008 1214 4070 retulimus,
1250 4008 1342 4077 qui
1376 4023 1541 4061 unum
1571 4018 1625 4062 et
1657 4006 1799 4062 idem
1831 4005 2033 4059 animal
2063 4021 2162 4076 pu-

596 4107 780 4153 tarunt
806 4114 928 4153 esse
953 4098 1238 4169 pardalim,
1271 4107 1323 4153 et
1357 4099 1672 4169 pantheram
1723 4107 1778 4154 et
1806 4113 2040 4169 quanam
2074 4114 2162 4152 ra-

596 4193 743 4246 tione
774 4188 1126 4260 distinguant.
1163 4189 1221 4243 ln
1249 4205 1358 4260 qua
1386 4205 1443 4245 re
1477 4205 1609 4244 sane
1652 4189 1868 4246 facilius
1907 4190 2158 4259 estquod

595 4285 686 4340 alii
720 4283 972 4339 dixerunt
1001 4297 1262 4353 pugnare,
1287 4297 1448 4352 quam
1484 4281 1617 4351 quid
1655 4283 1788 4337 certi
1830 4283 1884 4336 in
1918 4282 2157 4337 medium

594 4377 806 4441 alTerre,
836 4376 980 4447 quod
1011 4376 1102 4431 alii
1135 4390 1244 4429 non
1283 4374 1619 4445 impugnent.
1650 4373 1862 4430 Etenim
1894 4376 1939 4431 si
1969 4375 2153 4439 Plinii,

593 4467 952 4540 TheOphrasti
1015 4474 1071 4520 et
1121 4466 1428 4521 Aristotelis
1485 4465 1732 4532 vestigiis
1791 4464 2156 4521 insistendum

1991 368 2236 426 LEONIS
2274 366 2548 426 ALLATll

2195 3198 2240 3259 Ο

3716 378 3788 434 ιιι

2218 493 2259 547 Α
2287 484 2516 539 deantur
2539 476 2851 539 convenire.
2884 480 2975 538 Sic
2998 480 3161 539 etiam
3193 476 3490 554 Xenophon
3514 484 3567 541 in
3591 489 3785 562 Κυνηγε.

2293 575 2454 642 τικῷ,
2480 584 2534 632 et
2563 574 2840 646 Oppianus
2865 580 3087 647 Κυνηγ.
3120 591 3184 640 ιι,
3216 575 3314 646 qui
3341 576 3409 632 de
3448 577 3529 635 his
3553 588 3781 651 separatim

2292 675 2477 740 agunt.
2529 666 2807 738 Oppianus
2851 669 2995 723 enim
3049 669 3171 724 loco
3226 669 3284 723 d.
3318 670 3387 723 ad
3438 670 3626 728 Musam
3669 691 3779 734 suum

2292 768 2615 817 convertens
2669 776 3003 826 sermonem,
3064 762 3140 815 ait
3203 776 3266 817 se
3329 761 3420 816 diu
3466 764 3596 821 nolle
3635 774 3779 824 morari

2292 852 2439 908 circa
2473 867 2664 923 parva,
2699 854 2792 909 sed
2832 854 3030 910 missas
3063 854 3248 909 facere
3280 854 3480 911 bestias
3507 858 3777 926 imbelles,et

2290 944 2558 1009 infelices,
2590 946 2667 999 uti
2698 946 3012 1014 pantheras,
3050 948 3343 1015 mustelas,
3378 949 3559 1019 glires;
3583 960 3629 1005 et
3647 961 3774 1022 postea

2290 1040 2388 1094 lib.
2424 1056 2506 1107 ιιι,
2549 1049 2772 1110 peracto
2810 1055 3063 1097 sermone
3111 1042 3182 1096 de
3230 1042 3500 1106 leonibus,
3544 1048 3770 1115 pardalium

2289 1150 2483 1206 genus,
2534 1134 2611 1187 uti
2650 1142 2702 1189 et
2748 1133 2966 1197 robore,
3005 1142 3059 1190 et
3095 1135 3521 1205 pulchritudine,
3559 1147 3606 1193 et
3635 1157 3769 1208 genere

2288 1223 2469 1279 nobile
2493 1222 2694 1278 subdit.
2724 1221 2869 1278 Satis
2903 1224 3072 1293 liquet
3106 1240 3244 1296 ergo
3273 1224 3565 1295 Oppianum
3591 1229 3702 1285 aliud
3730 1240 3764 1288 et

2289 1315 2437 1370 aliud
2480 1330 2604 1370 esse
2637 1314 2899 1384 pardalim
2941 1324 2996 1369 et
3042 1317 3372 1387 pantheram
3404 1320 3761 1383 existimasse.et

2287 1407 2480 1461 horum
2514 1407 2709 1476 duplex
2754 1407 2944 1463 statuit
2981 1422 3174 1477 genus.
3222 1408 3477 1475 Quaedam
3512 1410 3632 1465 enim
3656 1427 3760 1483 aspe-

2286 1507 2377 1555 ctu
2421 1501 2678 1571 majores,
2722 1511 2776 1558 et
2817 1503 2985 1558 dorso
3009 1502 3314 1571 ampliores
3343 1511 3488 1566 sunt,
3519 1503 3617 1557 alia:
3643 1505 3757 1558 mino-

2285 1609 2394 1655 res.
2423 1595 2518 1650 sed
2543 1595 2660 1666 pari
2686 1596 2901 1663 robore,
2935 1595 3099 1651 simili
3126 1593 3332 1658 forma,
3362 1610 3468 1649 non
3493 1594 3751 1666 inaequalibus

2284 1687 2535 1750 maculis,
2570 1702 2673 1742 nec
2715 1688 2964 1758 corporis
3009 1687 3387 1749 lineamentis,
3412 1688 3457 1742 si
3495 1688 3747 1744 caudamde-

2284 1777 2537 1841 traxeris,
2580 1792 2701 1847 quae
2742 1777 3047 1833 minoribus
3080 1777 3283 1847 major,
3321 1786 3375 1833 et
3407 1782 3567 1832 minor
3597 1779 3740 1848 majori-

2211 1855 2250 1908 Β
2281 1866 2382 1922 bus
2408 1875 2517 1922 est.

2278 1977 2604 2046 Πορδάλιες
2632 1979 2682 2031 δ’
2717 1979 2905 2043 ὀλοαὶ,
2932 1978 3189 2047 δίδυμον
3217 1977 3414 2047 γένος,
3447 1980 3502 2030 al
3525 1977 3604 2046 μὲν
3616 1976 3725 2047 ἔῃσιν

2278 2045 2551 2115 Μείίζονές
2581 2045 2700 2111 εισι
2739 2050 2918 2111 δέειν,
2954 2045 3409 2114 καὶ-πάσσονες
3449 2045 3580 2114 mea
3599 2045 3710 2098 νῶτα·

2277 2122 2347 2173 Al
2396 2119 2449 2172 δ’
2489 2119 2571 2173 ἐτ’
2606 2118 2925 2189 ὀλιζότεραι
2965 2119 3109 2189 μὲν,
3160 2118 3314 2187 ἀτὰρ
3345 2117 3617 2203 μένοςίοιξτι
3644 2131 3706 2182 χε-

3573 2204 3655 2237 ιίηυσ.

2276 2257 2455 2312 Εἵδεα
2481 2258 2532 2312 δ’
2560 2259 2979 2328 ἀμφοτέροισιν
3008 2258 3215 2329 ομοίτα
3234 2185 3645 2329 8aida'dldo‘tfteiuciKc

2274 2330 2468 2397 Νόσςρι
2493 2325 2686 2398 nam
2717 2325 2922 2396 οὐρῆς,
2953 2328 3025 2396 τῇ
3043 2325 3102 2381 ⁷τ’
3124 2328 3397 2397 ἔμπαλιν
3417 2325 3666 2398 εἰσορὰαιαι.

2273 2397 2622 2468 Μειοσιμὲν
2641 2399 2854 2468 μείζων
2872 2398 3113 2454 τελέθει.
3134 2399 3441 2469 μεγάλῃσι
3471 2397 3529 2450 δὲ
3551 2398 3674 2465 psam

2343 2507 2480 2565 ibid.
2513 2509 2723 2578 Σαφῶς
2759 2508 2871 2579 γὰρ
2899 2508 3131 2564 εἰδυῖαι.
3179 2507 3392 2564 Cretera
3434 2506 3722 2573 animaliapar-

2272 2597 2473 2654 dalium
2498 2600 2687 2662 odore,
2719 2602 2887 2655 veluti
2910 2600 3167 2655 illecebra
3193 2600 3341 2654 trahi
3364 2601 3532 2654 retulit
3552 2597 3727 2655 Elianus.

2272 2693 2366 2746 lib.
2391 2699 2450 2747 γ’
2475 2692 2550 2746 De
2571 2692 2694 2747 hist.
2735 2693 2979 2756 animal.,
3006 2708 3125 2763 cap.
3167 2693 3270 2748 40:
3299 2692 3523 2755 Εὑωδίας
3546 2690 3649 2751 τινὸς
3662 2688 3732 2739 θαυ-

2274 2786 2483 2854 μασι-ἧς
2511 2784 2606 2855 τὴν
2636 2784 2898 2856 πάρδαλιν
2947 2785 3330 2856 μετειληχέναι
3374 2785 3523 2856 φησὶν
3554 2785 3649 2853 ἡμῖν
3677 2780 3734 2849 μὲν

2270 2877 2581 2946 ἀπορρήτου
2601 2893 2615 2906 ·
2645 2876 2783 2948 αὐτὴ
2809 2876 2865 2930 δὲ
2889 2876 2997 2929 οἶδε
3025 2877 3087 2930 τὸ
3127 2878 3504 2947 πλεονέκτημα
3529 2875 3580 2928 τὸ
3597 2874 3735 2929 clauim.

2268 2969 2363 3021 καὶ
2411 2967 2596 3038 μέντοι
2629 2969 2721 3021 καὶ
2756 2969 2824 3023 τὰ
2850 2967 2983 3024 ἄλλα
3010 2968 3126 3033 ζῶα
3165 2971 3534 3023 συνεπίσταται
3568 2964 3739 3030 τοῦτοτῇ

2269 3060 2550 3130 παρδάλει,
2580 3060 2675 3114 καὶ
2711 3060 2988 3114 ἁλίσκεται
3025 3060 3221 3117 τοῦτον
3249 3061 3340 3117 τὸν
3371 3062 3570 3134 τρόπον.
3601 3055 3740 3122 Ἐκείνη

2270 3154 2304 3224 ἡ
2338 3151 2620 3224 πάρδαλις,
2660 3155 2863 3225 τροφῆς
2901 3154 3148 3225 δεομένη.
3202 3154 3396 3227 ἑαυτὴν
3426 3149 3740 3221 ὑπαποκρπτει

2271 3244 2304 3315 ἢ
2334 3244 2506 3316 λόχμῃ
2539 3244 2705 3316 πολλῇ
2734 3245 2767 3316 ἢ
2800 3245 3025 3315 φυλλάδι
3064 3246 3278 3319 βαθείᾳ,
3311 3247 3402 3301 καὶ
3422 3247 3626 3314 ἐντυχεῖν
3646 3244 3740 3293 ἐστιν

2269 3334 2502 3404 ἀφανὴς,
2546 3335 2704 3405 μόνον
2735 3334 2791 3387 δὲ
2840 3335 3088 3391 ἀναπνεῖ.
3141 3335 3349 3390 Οὐκοῦν
3393 3337 3439 3388 oi
3487 3331 3652 3403 νεϐροὶ,
3683 3328 3742 3380 καὶ

2268 3423 2524 3494 δορκάδες
2562 3424 2655 3477 καὶ
2681 3419 2834 3492 αἶγες
2861 3426 2917 3478 αἱ
2958 3426 3172 3496 ἄγριαι,
3216 3427 3314 3480 καὶ
3354 3424 3422 3477 τὰ
3460 3420 3645 3476 τοιαῦτα
3673 3415 3742 3467 τῶν

2269 3514 2443 3583 ζώων,
2479 3516 2555 3579 ὠς
2591 3517 2697 3570 ὑπό
2735 3534 2875 3580 τινος
2916 3518 3100 3586 ῐυγγος
3126 3519 3226 3590 τῆς
3255 3516 3472 3579 εὐωδίας
3493 3512 3668 3566 ἕλκεται
3684 3504 3743 3559 καὶ

2267 3608 2472 3676 γίνεται
2510 3608 2764 3681 πλησίον
2798 3611 2830 3682 ἡ
2871 3611 2928 3664 δὲ
2954 3611 3186 3681 ἐκπηδᾷ,
3217 3611 3310 3665 καὶ
3344 3609 3448 3680 ἔχει
3490 3606 3543 3659 τὸ
3568 3604 3740 3674 θήραμα.

2266 3700 2502 3757 Consule
2524 3701 2874 3758 Plutarchum
2904 3701 2981 3757 De
3010 3704 3325 3757 animalium
3348 3698 3579 3759 solertia,
3601 3692 3744 3745 Aristo-

2267 3796 2448 3859 telem,
2475 3795 2554 3851 De
2578 3796 2763 3851 histor.
2789 3797 3007 3852 animal.
3034 3797 3129 3852 lib.
3162 3814 3239 3864 ix,
3269 3811 3386 3866 cap.
3418 3794 3479 3859 6;
3512 3782 3746 3852 Theophra-

2266 3899 2436 3955 stum,
2463 3889 2539 3945 De
2567 3891 2746 3945 causis
2774 3890 2943 3959 plant.
2973 3890 3070 3945 lib.
3100 3906 3177 3954 vr,
3203 3903 3323 3959 cap.
3349 3887 3403 3951 5,
3423 3872 3510 3955 qui
3536 3878 3639 3934 talis
3660 3871 3745 3927 odo-

2265 3983 2344 4039 ris
2375 3999 2597 4040 causam
2622 3984 2847 4040 reddere
2864 3991 3153 4039 conantur.
3178 3980 3488 4039 Aristoteles
3507 3969 3744 4046 graveolen-

2265 4078 2395 4132 tiam
2440 4079 2504 4133 ad
2565 4078 2883 4134 cruditatem
2934 4077 3225 4148 quamdam
3277 4074 3438 4131 refert
3471 4058 3744 4125 excrementa

2263 4187 2384 4241 quae
2413 4180 2467 4226 et
2494 4171 2631 4227 vivis
2660 4186 2826 4227 causa
2857 4170 2985 4225 fcedi
3014 4171 3218 4227 halitus
3237 4176 3341 4230 est.
3366 4174 3418 4223 et
3445 4160 3643 4218 mortuis
3661 4163 3743 4207 cum

2264 4267 2565 4337 Ρυιτεερὶιε
2599 4273 2652 4322 et
2699 4265 2820 4320 ideo
2850 4266 3072 4337 pingue.
3118 4281 3204 4331 os,
3238 4265 3377 4336 pilus
3423 4259 3605 4314 findunt
3644 4260 3744 4305 nun-

2262 4375 2425 4428 quam
2449 4359 2684 4415 rcddunt
2710 4358 2954 4424 odorem,
2982 4359 3109 4429 quia
3141 4359 3338 4430 pingue
3365 4356 3649 4409 concoctum
3674 4344 3742 4393 es.

2262 4466 2388 4506 ossa
2421 4458 2474 4505 et
2509 4451 2599 4519 pili
2633 4450 2860 4506 humore
2907 4457 3122 4504 vacant.
3171 4450 3352 4505 Genus
3384 4452 3547 4499 autem
3590 4435 3745 4519 plantas

589 4567 693 4624 est,
728 4558 973 4628 ejusdem
1017 4560 1232 4628 generis
1274 4555 1530 4610 animalia
1568 4571 1690 4611 esse
1742 4571 1850 4610 non
1898 4557 2164 4611 inliciabi-

2218 4558 2236 4608 )
2265 4556 2383 4594 rum
2415 4540 2621 4594 nullum
2656 4541 2801 4595 intra
2831 4556 2890 4596 se
2918 4542 3194 4595 contrahit
3224 4542 3620 4595 excrementum.
3645 4530 3743 4628 cirﬂ

591 4665 729 4704 mur.
756 4647 1164 4718 Theophrastus
1186 4648 1352 4709 enim,
1382 4647 1456 4703 De
1483 4648 1659 4701 causis
1694 4647 1931 4717 plantar.
1960 4648 2053 4702 lib.
2083 4665 2157 4713 vi,

590 4756 712 4812 cap.
764 4741 855 4804 26,
901 4742 1107 4796 ιιιιΙΙιιιιι
1155 4741 1354 4795 animal
1402 4742 1478 4794 ait
1525 4754 1651 4794 esse
1693 4738 2002 4802 odoratum,
2054 4741 2159 4796 nisi

590 4835 716 4904 quis
748 4833 948 4889 dixerit
966 4835 1226 4905 pardalim
1260 4833 1627 4888 animantibus
1652 4833 1789 4888 bene
1822 4834 1988 4888 olere.
2014 4832 2159 4887 Ζῶον

589 4926 645 4980 δὲ
672 4927 844 4991 οὐδὲν,
883 4929 930 4979 εί
975 4927 1048 4998 μὴ
1085 4927 1180 4998 τὴν
1215 4926 1476 4999 πάρδαλιν
1509 4941 1660 4995 φασι,
1697 4924 1947 4996 καθάπερ
1970 4925 2158 4998 ἐλέχθη

591 5023 702 5085 τοῖς
734 5020 961 5095 θηρίοις,
991 5020 1216 5075 Arismt.
1249 5019 1511 5074 Problem.
1555 5027 1689 5073 sect.
1728 5019 1817 5082 i3,
1857 5017 1911 5083 4,
1949 5019 2156 5073 nullum

593 5114 791 5170 animal
837 5113 1077 5167 suaviter
1106 5113 1252 5166 olere
1290 5120 1512 5181 excepta
1547 5112 1754 5183 pardali
1801 5126 1922 5181 quae
1952 5122 2006 5166 et
2041 5112 2159 5182 ipsa

591 5205 814 5260 nonnisi
858 5203 1049 5258 bestiis
1078 5203 1152 5255 ita
1184 5202 1332 5256 olere
1363 5202 1609 5257 allirmat.
1642 5203 1851 5257 Plinius
1879 5203 2042 5257 etiam
2069 5203 2158 5256 illa

593 5295 879 5357 confundit
913 5295 1007 5348 lib.
1038 5310 1161 5357 vul,
1200 5308 1319 5361 cap.
1355 5293 1443 5355 Π,
1479 5291 1635 5346 Nunc
1664 5294 1844 5362 parias
1865 5303 1915 5347 et
1937 5293 2156 5363 pardos,

592 5389 680 5456 qui
719 5405 890 5443 mares
916 5395 1059 5449 sunt.
1096 5385 1363 5456 appellant
1396 5386 1451 5439 in
1483 5402 1540 5439 eo
1572 5386 1716 5439 omni
1738 5401 1939 5452 genere,
1965 5383 2162 5438 creber-

594 5479 725 5532 rimo
768 5482 822 5534 in
867 5480 997 5533 Asia
1053 5477 1332 5549 Syriaque.
1384 5476 1611 5543 Quidam
1658 5476 1723 5531 ab
1765 5477 1830 5530 iis
1877 5476 2160 5545 pantheras

593 5571 819 5624 candore
849 5573 964 5625 solo
1007 5571 1348 5624 discernunt:
1383 5584 1476 5622 nec
1509 5567 1681 5621 adhuc
1719 5568 1882 5621 aliam
1912 5569 2159 5637 ili/feren-

599 5659 723 5712 tiam
746 5661 934 5715 inveni.
963 5661 1073 5717 Sed
1093 5661 1304 5716 diversa
1328 5675 1450 5717 esse
1475 5659 1589 5714 haec
1618 5658 1933 5712 animalium
1962 5674 2159 5726 genera

596 5748 751 5803 docet
791 5750 877 5805 hic
902 5760 1108 5819 noster,
1144 5754 1236 5822 qui
1266 5761 1523 5821 tanquam
1552 5750 1621 5805 de
1653 5749 1868 5804 duobus
1901 5748 2161 5803 diversis-

593 5839 748 5895 simis
786 5854 1092 5898 sermonem
1140 5843 1369 5898 instituit
1403 5862 1415 5899 :
1466 5843 1570 5899 etsi
1618 5842 1674 5896 in
1714 5838 2041 5911 quibusdam
2083 5840 2160 5894 vi-

2262 4630 2391 4700 quid
2426 4631 2649 4695 inesset.
2679 4632 2853 4685 calida
2882 4631 3138 4701 siccaque
3175 4640 3366 4684 natura
3416 4619 3538 4678 illud
3577 4607 3744 4683 expedl'

2262 4725 2371 4779 tius
2394 4724 2705 4794 concoquit,
2727 4732 2780 4778 et
2802 4724 2924 4779 ideo
2950 4725 3147 4779 humor
3171 4736 3358 4779 eorum
3396 4732 3497 4771 non
3526 4717 3601 4767 est
3626 4707 3744 4759 faecu-

2262 4816 2469 4883 lentus;
2520 4816 2683 4887 idque
2726 4816 3084 4872 conﬁrmatur
3128 4816 3300 4888 plagis
3349 4821 3526 4867 terrae.
3571 4810 3670 4870 (1⁸³³
3706 4797 3744 4888 _‘“

2262 4909 2638 4974 ferventiores,
2672 4911 2752 4965 sic
2784 4911 3126 4967 odoratiores
3157 4919 3301 4967 sunt.
3324 4901 3684 4970 Theophrastus
3704 4885 3740 4937 in

2260 5006 2585 5074 quibusdam
2611 5007 2866 5061 convenit
2907 5022 3030 5061 cum
3061 5002 3371 5064 Aristotele,
3405 4998 3456 5051 in
3482 4980 3742 5062 quibusdam

2259 5073 2531 5163 dissentit,
2563 5100 2629 5154 ad
2656 5114 2797 5169 quae,
2826 5114 2893 5153 ne
2920 5099 3131 5152 diutius
3151 5104 3450 5165 evagemur,
3481 5073 3742 5169 remittimus

2260 5191 2539 5245 lectorem.
2591 5166 2793 5245 Neuter
2836 5198 3017 5244 tamen
3069 5189 3135 5244 ad
3182 5188 3405 5259 primam
3453 5166 3741 5259 quaestioan

2258 5282 2560 5355 τεενοηόῐι.
2605 5298 2706 5338 nec
2756 5283 2959 5338 nodum
3009 5246 3258 5337 dissolvit
3300 5262 3621 5355 difficultatis.

2257 5339 2402 5431 enim
2436 5375 2565 5430 dum
2608 5376 2673 5430 de
2709 5375 2939 5445 pardali,
2971 5391 3133 5446 quam
3176 5373 3344 5430 solam
3377 5367 3507 5419 inter
3543 5339 3738 5446 animali?

2258 5469 2537 5524 odoratam
2589 5431 2727 5525 esse.
2759 5431 3151 5532 concedebant,
3200 5463 3466 5536 agebatur,
3509 5444 3624 5536 satis
3655 5431 3736 5536 eli}

2258 5577 2478 5617 causam
2522 5570 2744 5631 propter
2789 5578 2953 5633 quam
2998 5528 3303 5617 arbores'et
3339 5528 3735 5633 plantmodflr‘f

2260 5661 2408 5716 sunt,
2440 5618 2695 5710 animalia
2744 5618 2853 5711 no.n
2886 5658 3013 5712 item
3055 5618 3354 5728 assignare:
3385 5639 3482 5696 Sed
3517 5618 3733 5728 illudfﬂ

2258 5745 2656 5814 explicandum.
2685 5761 2920 5815 quanam
2945 5747 3157 5801 ratione
3169 5715 3314 5799 inter
3344 5738 3521 5788 08W“
3546 5715 3735 5816 “fuit:

2258 5790 2477 5897 ίί³Γ⁸⁰¹³
2506 5790 2745 5907 Pardalis
2780 5840 2916 5895 bene
2946 5840 3073 5908 olet,
3099 5845 3153 5894 et
3183 5832 3341 5902 hujus
3361 5804 3618 5879 animantis
3639 5790 3735 5849 οάο·
