4064 6290
328 404 361 460 9
375 404 433 460 1-5

1275 403 1340 458 ΙΝ
1381 403 1747 460 EUSTATHII
1783 404 2254 463 HEXAEMERON
2292 406 2525 464 NOTAE.

3455 411 3558 466 946

329 525 454 586 rati.
488 531 542 579 et
571 524 800 579 aliorum
840 539 948 579 non
995 523 1347 580 odoratorum
1379 525 1698 581 discrimen.
1739 525 1891 581 Tunc
1921 533 1966 588 Α
1995 527 2218 584 animal.
2266 528 2358 584 lib.
2393 544 2470 592 vr,
2503 543 2622 600 cap.
2665 529 2772 584 27:
2807 527 3028 584 Fcrendi
3064 531 3198 584 uteri
3232 540 3430 600 tempus
3464 533 3556 587 alii

330 616 477 671 enim
519 615 722 686 optime
765 615 1051 685 quaestioni
1095 615 1536 685 responderetur,
1582 615 1681 668 Διὰ
1707 617 1760 668 τί
1790 615 1895 668 τῶν

336 707 433 778 μὲν
475 706 629 773 ζώων
663 707 814 761 οὐδὲν
866 707 1059 770 εὐῶδές
1091 709 1239 760 ἐστιν
1271 706 1374 771 ἔξω
1416 707 1513 778 τῆς
1562 706 1895 778 παρδάλεως,

333 797 470 870 αὕτη
509 798 564 851 δὲ
590 799 684 851 καί
720 799 898 862 αὐτοῖς
939 801 1047 862 τοῖς
1081 796 1318 869 (inpiam;
1354 797 1459 851 etsi
1489 796 1900 866 Theophrastus

333 891 494 945 etiam
524 891 576 944 in
607 891 728 947 aliis
757 901 810 945 et
836 906 944 945 non
978 891 1032 944 in
1067 891 1180 945 sola
1218 889 1424 959 pardali
1449 889 1670 945 odorem
1707 905 1902 944 conce-

335 984 448 1038 dat.
475 983 628 1038 Tunc
647 994 766 1040 erat
795 986 1024 1039 ulterius
1052 985 1118 1038 ab
1144 985 1263 1053 ipso
1305 983 1706 1053 explicandum,
1734 997 1904 1054 quare

335 1093 466 1147 ergo
505 1077 572 1132 ab
604 1077 930 1133 animalibus
967 1078 1102 1132 odor
1140 1077 1229 1131 hic
1259 1093 1366 1132 non
1413 1077 1647 1131 sentitur
1682 1075 1736 1129 in
1782 1075 1902 1130 aliis

339 1170 443 1226 nisi
491 1170 546 1224 in
585 1171 699 1224 sola
734 1169 975 1240 pardali?
1021 1167 1219 1224 Verum
1257 1169 1385 1223 dum
1411 1167 1824 1238 Theophrastus
1853 1179 1907 1222 et

339 1261 660 1319 Aristotcles
699 1266 832 1318 tanti
867 1264 964 1320 viri
1013 1263 1291 1333 proposita
1339 1263 1657 1332 quaestione,
1701 1263 1807 1316 alio
1850 1277 1910 1317 se

339 1362 688 1426 convertunt,
727 1361 782 1408 et
811 1354 1235 1425 subterfugiunt,
1266 1355 1387 1424 quis
1421 1354 1493 1408 ita
1543 1353 1717 1407 audax
1771 1368 1829 1407 se
1856 1353 1909 1406 id

340 1446 559 1515 assequi
584 1445 850 1500 confidet?
869 1444 1056 1500 Potest
1084 1446 1226 1501 Deus
1262 1450 1430 1498 multa
1461 1445 1661 1508 moliri,
1689 1454 1736 1498 et
1764 1445 1911 1499 varia

343 1539 644 1604 conﬁcere,
693 1554 814 1609 qua:
871 1539 1180 1594 intellectus
1236 1538 1509 1592 humanus
1553 1553 1659 1591 non
1713 1537 1910 1606 capiet.

347 1631 512 1687 Multa
549 1633 649 1687 sibi
687 1629 828 1686 Deus
854 1631 978 1693 soli,
1013 1645 1310 1700 eorumque
1333 1629 1697 1700 cognitionem
1739 1644 1916 1684 reser-

346 1727 512 1781 vavit.
551 1725 606 1779 ln
638 1725 846 1794 paucis,
884 1725 936 1778 in
975 1723 1236 1785 minimis,
1268 1722 1320 1776 in
1358 1722 1650 1784 οὐτιδανοῖς
1685 1720 1834 1783 felix,
1861 1729 1916 1776 et

349 1819 470 1887 ejus
510 1834 610 1889 ope
633 1819 704 1871 ita
735 1817 984 1886 superbis
1014 1827 1066 1870 et
1093 1815 1411 1883 insolescis;
1446 1815 1492 1870 si
1524 1814 1578 1869 in
1607 1815 1914 1870 secretiori-

352 1912 454 1966 bus
492 1911 669 1981 potior
697 1925 866 1974 esses,
896 1909 1026 1979 quid
1068 1907 1320 1963 faceres?
1362 1907 1506 1963 Cave
1542 1915 1638 1962 tuo
1674 1906 1913 1978 ingenio,

353 2001 464 2056 tuis
503 1999 714 2054 viribus
759 2000 984 2054 metiare
1024 1996 1225 2064 Deum;
1273 1997 1436 2052 nimis
1477 2003 1741 2067 angustus
1768 2010 1849 2061 es,
1883 2010 1917 2049 ο

352 2092 665 2147 homuncio.

425 2181 581 2248 lbid.,
614 2184 710 2238 lin.
734 2182 822 2237 29.
859 2183 912 2235 '0
945 2181 1013 2237 δὲ
1052 2184 1285 2251 πάνθηρ
1311 2181 1512 2250 φίλον.
1548 2179 1623 2236 De
1658 2179 1920 2250 panthera

354 2275 555 2332 similia
587 2275 750 2330 habet
797 2273 989 2330 Petrus
1031 2275 1349 2336 Damianus,
1380 2274 1474 2328 lib.
1519 2287 1581 2335 ll,
1615 2273 1776 2343 epist.
1821 2272 1918 2338 l8;

355 2365 585 2431 Plinius,
613 2367 709 2423 lib.
748 2382 863 2430 VIII,
889 2382 1009 2436 cap.
1051 2367 1133 2434 17,
1173 2365 1438 2419 Panthera
1485 2374 1535 2419 et
1566 2365 1716 2434 tigris
1742 2380 1923 2417 macu-

361 2461 534 2513 larum
555 2461 810 2514 uarietate
829 2475 985 2528 prope
1006 2459 1134 2512 sola:
1162 2460 1446 2512 bestiarum
1475 2466 1794 2526 spectantur,
1821 2473 1923 2524 ca:-

362 2553 486 2608 tcris
513 2568 670 2615 unus,
702 2568 762 2604 ac
792 2561 927 2604 suus
961 2551 1212 2621 cujusque
1239 2550 1437 2620 generis
1480 2549 1624 2602 color
1655 2558 1750 2603 est.
1796 2547 1924 2604 Inde

364 2643 577 2714 tigrina:
608 2651 662 2698 et
691 2643 1028 2712 pantherinm
1059 2658 1275 2707 mensae,
1307 2648 1360 2698 et
1409 2640 1589 2711 βάλιος
1636 2640 1924 2712 πανθήρων

363 2734 537 2806 δίκην.

436 2825 596 2883 lbid..
639 2825 735 2879 lin.
767 2824 855 2879 5|.
898 2823 1004 2878 Kal
1045 2822 1155 2888 ἕως
1184 2822 1300 2892 μὲν
1337 2823 1410 2876 οὐ
1447 2820 1583 2890 χρή.
1626 2818 1925 2890 Oppianus,

370 2916 466 2972 lib.
497 2933 534 2971 ιι
580 2920 824 2984 lim-mn,
854 2915 1238 2983 pantherarum
1269 2923 1320 2968 et
1350 2912 1581 2966 aliorum
1612 2911 1926 2965 animalium

372 3023 622 3063 somnum
655 3014 708 3060 et
738 3007 985 3060 inertiam
1034 3005 1251 3068 cecinit,
1284 3020 1442 3072 quem
1477 3004 1620 3057 vide.

441 3097 599 3161 lbid.,
626 3099 720 3151 lin.
746 3099 832 3152 55.
877 3097 954 3150 Δι’
987 3092 1061 3165 ἧς
1089 3095 1159 3148 τὰ
1191 3095 1364 3149 ἄλλα.
1410 3093 1540 3161 Quae
1571 3093 1821 3164 superius
1864 3093 1932 3148 de

1997 641 2193 677 annum
2223 633 2270 677 et
2295 638 2386 678 sea:
2407 640 2628 689 menses,
2656 625 2750 679 alii
2779 625 3059 679 triennium
3083 634 3354 688 statuunt;
3386 637 3438 680 et
3467 626 3561 679 hu-

1994 717 2085 786 jus
2113 716 2431 773 differentim
2463 727 2513 772 et
2545 717 2948 772 incertitudinis
2975 730 3194 770 causam
3224 716 3390 782 addit,
3416 717 3558 785 quml

2000 824 2106 864 non
2145 817 2321 879 pateat
2349 811 2543 865 coitus.
2579 809 2640 863 Et
2670 810 2762 864 lib.
2797 826 2848 873 v,
2883 824 3002 878 cap.
3037 807 3139 861 M:
3173 805 3384 860 Uterum
3421 807 3562 861 bien-

2002 903 2087 954 nio
2114 903 2285 971 gerit:
2314 903 2455 970 parit
2497 901 2772 972 singulos:
2809 901 3089 969 uniparum
3134 917 3353 969 namque
3389 910 3484 961 est,
3512 910 3566 955 et

2003 992 2124 1045 libr.
2164 1007 2215 1044 tv
2247 990 2322 1044 De
2344 999 2574 1060 generat.
2609 989 2853 1052 animal.,
2878 1004 2996 1058 cap.
3022 987 3233 1053 ultimo,
3253 989 3391 1042 idem
3426 989 3566 1042 allir-

2005 1092 2138 1148 mat,
2187 1091 2240 1138 et
2281 1098 2500 1138 causam
2540 1082 2660 1144 dat,
2689 1082 3124 1151 exsuperantiam
3155 1081 3563 1150 magnitudinis.

2007 1177 2238 1239 Plinius,
2275 1177 2398 1230 libr.
2435 1192 2555 1238 vni,
2594 1191 2713 1246 cap.
2764 1175 2846 1240 l0,
2892 1182 3185 1244 utrumque
3222 1173 3422 1229 refert:
3465 1174 3566 1229 De-

2007 1284 2116 1321 cem
2157 1267 2309 1319 annis
2339 1275 2541 1336 gestare
2571 1266 2626 1318 in
2656 1275 2804 1318 utero
2829 1266 3022 1333 _vulgus
3049 1265 3338 1328 existimat,
3371 1264 3569 1318 Aristo-

2011 1360 2134 1414 teles
2168 1360 2398 1423 biennio,
2442 1375 2531 1412 nec
2561 1358 2786 1426 amplius
2827 1374 2984 1428 quam
3013 1358 3171 1410 semel
3195 1358 3421 1427 gignere,
3453 1358 3557 1427 plu-

2012 1467 2154 1504 resve
2187 1467 2347 1519 quam
2377 1450 2634 1518 singulas.
2669 1448 2782 1502 Hoc
2820 1457 3000 1503 tamen
3047 1449 3296 1503 videlicet
3335 1451 3570 1519 singulos

2011 1551 2059 1595 et
2095 1540 2252 1595 semel
2295 1555 2498 1608 parere,
2547 1554 2656 1593 non
2691 1554 2852 1608 posse
2889 1555 2953 1593 ex
3000 1537 3291 1592 Aristotele
3338 1537 3572 1591 Plinium

2014 1632 2255 1703 profiteri
2291 1631 2551 1702 Scaliger,
2593 1631 2820 1686 exercit.
2859 1631 2986 1695 205,
3025 1631 3092 1686 de
3141 1630 3462 1690 subtilitate.
3505 1630 3573 1683 ad

2016 1727 2348 1790 Cardanum,
2400 1725 2614 1781 asserit.
2665 1723 2773 1778 Nec
2820 1723 3062 1779 additum
3112 1736 3142 1775 a
3199 1722 3436 1776 librariis
3485 1721 3575 1774 in-

2022 1820 2206 1874 sinuat
2243 1834 2309 1873 ει
2359 1818 2566 1880 Solino,
2614 1833 2704 1886 qm
2744 1831 2896 1870 more
2948 1829 3050 1870 suo
3097 1815 3162 1868 ad
3204 1814 3426 1868 verbum
3473 1813 3577 1866 hoc

2018 1909 2160 1965 idem
2219 1908 2391 1964 fidelis
2437 1913 2778 1976 reposuerat,
2825 1915 2880 1960 et
2931 1905 3142 1960 ratione
3196 1905 3247 1958 id
3303 1919 3424 1958 esse
3480 1903 3580 1957 fal-

2019 2017 2138 2056 sum
2170 2000 2346 2069 palam
2385 1999 2659 2054 ostendit:
2691 1996 2834 2050 Nam
2875 1998 2921 2050 si
2961 1996 3095 2050 binis
3137 1995 3438 2065 parentibus
3476 2011 3582 2048 una

2019 2093 2246 2148 succedit
2303 2092 2525 2157 soboles,
2579 2107 2782 2145 necesse
2830 2098 2908 2144 est
2950 2087 3018 2143 ad
3075 2087 3296 2142 nihilum
3349 2087 3579 2140 tandem.

2025 2185 2144 2240 Non
2187 2186 2354 2239 solum
2405 2200 2521 2238 vero
2556 2185 2674 2252 plus
2714 2181 2871 2237 semel
2912 2182 3073 2249 parit,
3111 2197 3285 2234 verum
3319 2191 3366 2233 et
3408 2186 3581 2249 plures

2023 2279 2266 2348 singulis,
2316 2278 2394 2330 uti
2445 2276 2764 2330 dicebamus.
2834 2274 3055 2330 Dicebat
3103 2273 3246 2328 enim
3307 2275 3581 2343 superius,

2027 2368 2206 2441 Neque
2266 2369 2497 2440 singulos
2564 2368 2718 2422 modo
2770 2383 2982 2436 parere,
3042 2368 3226 2436 quippe
3279 2374 3329 2418 et
3389 2374 3582 2429 ternos,

2023 2472 2072 2516 et
2115 2471 2415 2531 quaternos.
2471 2469 2547 2514 tot
2603 2462 2741 2516 enim
2795 2459 3038 2512 comitari
3082 2459 3206 2512 visa:
3255 2466 3395 2511 sunt.
3460 2455 3586 2511 llaec

2026 2554 2214 2608 ultima
2243 2551 2501 2622 Scaligeri
2530 2553 2696 2606 verba
2735 2551 2785 2604 in
2816 2552 3063 2605 doctrina
3093 2548 3446 2619 Peripatetica
3474 2565 3584 2603 non

2026 2646 2292 2702 satistuta
2328 2660 2450 2700 esse
2483 2645 2753 2700 videntur.
2787 2643 3109 2714 Elephantcs
3140 2643 3345 2698 scilicet
3389 2657 3496 2695 uno
3533 2650 3589 2695 et

2027 2737 2215 2792 eodem
2240 2745 2395 2806 partu
2422 2737 2602 2806 plures
2623 2737 2871 2807 gignere;
2896 2735 2997 2790 etsi
3018 2750 3124 2789 non
3150 2749 3234 2788 me.
3262 2733 3396 2804 fugit
3418 2732 3589 2788 IEIia-

2030 2847 2180 2893 num,
2210 2831 2302 2884 lib.
2338 2845 2452 2893 vni,
2477 2845 2598 2899 cap.
2623 2829 2712 2891 27,
2747 2828 2800 2882 id
2839 2828 3234 2897 quodammodo
3260 2827 3588 2888 insinuasse,

2030 2929 2212 2977 tamen
2247 2917 2310 2976 es
2341 2923 2569 2977 aliorum
2603 2922 2870 2978 sententia
2905 2921 2958 2974 id
2988 2921 3274 2990 scripsisse
3315 2920 3449 2990 ipsis
3480 2935 3595 2974 ver-

2031 3015 2114 3070 bis
2141 3015 2504 3068 clarissimum
2542 3023 2646 3068 est.
2676 3014 2932 3066 Τίκτεται
2966 3012 3161 3081 ἐλέφας
3200 3010 3340 3064 κατὰ
3371 3011 3467 3082 τὴν
3497 3029 3589 3064 κε-

2034 3107 2207 3178 φαλὴν
2235 3107 2503 3177 ὲκπηδῶν.
2537 3107 2610 3159 Τὸ
2635 3106 2692 3159 δὲ
2740 3104 2964 3177 μέγεθός
2999 3106 3111 3156 ἐστι
3146 3103 3240 3155 τοῦ
3277 3101 3594 3172 τικτομὲνου

372 3193 601 3264 pardali,
631 3193 750 3262 ejus
779 3190 945 3245 odore
997 3199 1050 3242 et
1084 3188 1301 3244 solertia
1333 3187 1745 3257 explicavimus,
1778 3187 1928 3240 multi

2036 3199 2176 3252 κατὰ
2206 3198 2443 3266 δέλφακα
2489 3195 2582 3267 τὴν
2629 3197 2907 3268 μεγίστην.
2963 3197 3077 3266 Mli.
3107 3193 3161 3247 δὲ
3213 3193 3379 3266 μητρὶ
3428 3193 3595 3246 πλείω

372 3285 650 3355 pantherae
685 3283 992 3345 ascribunt,
1032 3280 1116 3335 vel
1152 3295 1217 3334 eo
1258 3280 1434 3334 solum
1480 3277 1626 3349 quod
1675 3277 1934 3332 animalia

370 3377 743 3434 diversissima
778 3374 1117 3430 confundunt
1170 3381 1224 3428 et
1253 3374 1504 3433 miscent,
1531 3371 1650 3426 ideo
1681 3371 1933 3424 lectorem

374 3471 440 3525 ad
502 3471 590 3525 illa
642 3469 988 3531 remittimus,
1033 3482 1100 3521 ne
1149 3466 1348 3520 iterum
1397 3465 1584 3519 eadem
1644 3462 1937 3531 repetendo

374 3559 586 3614 molesti
623 3560 811 3613 simus.
856 3557 954 3612 Hic
987 3573 1271 3627 possemus
1309 3556 1473 3608 etiam
1501 3554 1769 3614 dubitare,
1805 3568 1940 3621 qua-

377 3665 500 3703 nam
531 3650 738 3702 ratione
783 3647 1034 3700 animalia
1075 3646 1241 3715 odore
1273 3645 1657 3715 pantherarum
1691 3642 1940 3696 allician-

378 3749 486 3804 tur,
511 3748 569 3793 ut
596 3754 624 3792 a
657 3741 841 3793 multis
869 3739 1183 3792 auctoribus
1210 3737 1468 3790 traditum
1491 3745 1594 3797 est,
1620 3750 1741 3788 cum
1769 3733 1942 3787 Theo-

379 3832 656 3902 phrastus,
701 3829 772 3882 De
802 3831 976 3882 causis
1011 3829 1242 3896 plantar.
1285 3828 1378 3882 lib.
1420 3844 1472 3894 v,
1515 3841 1632 3895 cap.
1675 3825 1728 3887 5,
1773 3825 1940 3888 dicat,

379 3926 521 3980 inter
549 3923 706 3976 bruta
750 3923 974 3976 omnino
1018 3921 1104 3975 vel
1153 3921 1385 3983 millum,
1436 3919 1516 3973 vel
1566 3927 1714 3972 certe
1759 3933 1942 3970 rarum

431 4016 670 4071 .modum
716 4029 836 4069 esse
878 4012 1023 4083 quod
1077 4011 1296 4066 odorem
1344 4019 1721 4081 persequatur,
1773 4025 1945 4079 neque

381 4109 552 4179 gratia
581 4106 765 4162 odoris
794 4107 1016 4169 sentire,
1043 4119 1216 4174 neque
1255 4104 1578 4174 dijudicare,
1609 4103 1948 4174 quandoqui-

381 4202 527 4260 dem,
558 4200 663 4255 etsi
698 4197 944 4269 quaedam
980 4197 1264 4260 sentirent,
1299 4211 1488 4252 eorum
1518 4203 1700 4250 tamen
1741 4203 1947 4249 natura!

383 4292 684 4356 adversari,
711 4299 764 4346 et
787 4292 853 4345 de
880 4291 1208 4346 insectorum
1240 4304 1435 4360 genere
1457 4287 1680 4351 dicitur,
1709 4287 1801 4356 qui
1828 4287 1948 4342 oleo

384 4383 734 4449 infestantur,
757 4383 969 4453 fugiunt
994 4383 1141 4438 enim
1177 4383 1522 4437 vehementer
1545 4381 1665 4450 ejus
1699 4380 1944 4443 odorem,

385 4476 576 4548 paucis
606 4475 751 4530 hunc
782 4473 983 4528 nodum
1019 4473 1334 4543 expediam;
1365 4471 1506 4526 haud
1545 4480 1800 4526 constare
1844 4470 1942 4524 ho-

2036 3289 2415 3358 ὲλεφαντίσκια
2441 3288 2652 3352 ἕπεται,
2693 3287 2876 3356 φασίν.
2923 3285 2987 3339 Ει
3024 3287 3232 3342 ratione
3262 3284 3596 3338 validissima

2037 3378 2295 3448 Scaligeri
2331 3377 2384 3431 id
2425 3381 2692 3432 allirmare
2736 3380 2925 3432 saltem
2965 3378 3019 3430 in
3058 3377 3341 3445 elephanto
3389 3376 3593 3433 Indico.

2035 3470 2120 3522 vel
2157 3468 2360 3522 invitus
2398 3477 2703 3539 cogeretur,
2736 3469 2884 3532 dum,
2923 3468 3016 3523 lib.
3070 3485 3183 3531 vni,
3225 3483 3344 3536 cap.
3375 3467 3459 3530 Π,
3502 3468 3595 3530 ait,

2037 3576 2132 3615 eos
2175 3561 2494 3630 elephantos
2539 3563 2707 3616 semel
2740 3561 2795 3616 in
2834 3561 2938 3615 vita
2970 3559 3138 3614 coire.
3174 3557 3357 3624 “Attat”;
3383 3556 3511 3626 γοῦν
3543 3560 3597 3610 ἐν

2037 3652 2114 3723 τῷ
2171 3651 2270 3723 βίῳ
2319 3651 2396 3722 τῷ
2447 3652 2689 3723 σφετέρῳ
2747 3651 3169 3723 μνημονεύουσιν
3240 3649 3553 3718 Ἀφροδίτης
3581 3666 3595 3680 ·

2039 3745 2225 3815 ὅτανὴ
2280 3743 2469 3815 Θήλεια
2503 3744 2745 3816 ὑπομένῃ
2796 3744 2888 3798 καὶ
2934 3744 3092 3814 αὐτή.
3141 3737 3271 3794 Εἶτα
3318 3739 3602 3810 ἐμπλήσας

2039 3837 2266 3899 ἕκαστος
2313 3836 2410 3906 τὴν
2457 3833 2739 3904 σύννομον,
2770 3835 2831 3887 τὸ
2871 3832 3118 3887 ἐντεῦθεν
3146 3832 3236 3885 ἐπὶ
3268 3830 3474 3894 τούτοις
3505 3831 3603 3883 οὐκ

2042 3917 2180 3976 εἶδεν
2227 3924 2416 3994 αὑτήν.
2475 3923 2566 3979 Vel
2615 3923 2778 3994 igitur
2829 3938 2997 3994 genus
3051 3923 3151 3976 hoc
3195 3922 3601 3992 elephantorum

2047 4015 2231 4084 plures
2268 4015 2498 4085 singulis
2539 4016 2803 4085 partubus
2851 4022 3135 4086 generant.
3187 4015 3266 4069 vel
3297 4031 3418 4068 cum
3461 4013 3605 4067 binis

2047 4107 2365 4176 parentibus
2393 4123 2498 4161 una
2547 4107 2802 4162 succedet
2841 4106 3078 4167 soboles,
3109 4106 3322 4159 tandem
3359 4104 3425 4159 ad
3461 4103 3607 4158 nihi-

2049 4199 2160 4252 lum
2191 4207 2335 4254 esset
2387 4199 2800 4254 deveniendum.
2847 4197 2950 4253 Sed
2999 4199 3226 4252 ulterius
3272 4198 3344 4251 ita
3378 4196 3606 4257 Plinius,

2049 4291 2143 4345 lib.
2179 4307 2234 4355 ι,
2269 4306 2390 4361 cap.
2419 4293 2508 4357 55,
2541 4291 2787 4362 Singulos
2816 4291 3053 4362 gignunt,
3081 4290 3361 4359 elephanti,
3399 4289 3606 4351 cameli,

2046 4385 2194 4454 equi;
2225 4395 2280 4438 et
2314 4383 2560 4447 inferius,
2595 4381 2891 4450 Elephanti,
2916 4392 2969 4435 ut
2989 4381 3242 4445 diximus,
3270 4383 3480 4450 pariunt
3511 4382 3613 4434 sin-

2048 4477 2220 4546 gulos,
2252 4476 2610 4546 magnitudine
2646 4476 2796 4529 vituli
2838 4474 3132 4530 trimestris.
3183 4474 3294 4529 Nec
3323 4473 3435 4528 haec
3485 4488 3612 4526 sen-

386 4567 649 4632 minibus,
685 4583 754 4622 an
799 4567 1020 4622 odorem
1055 4567 1312 4627 sentiant.
1357 4565 1586 4634 ejusque
1631 4563 1804 4634 gratia
1834 4577 1946 4616 rem
1982 4551 2024 4607 ί)
2054 4568 2220 4624 tentia
2242 4569 2454 4624 videtur
2483 4569 2550 4623 ab
2577 4567 2918 4623 Aristotelica
2955 4567 3264 4622 dissentire.
3293 4565 3615 4620 Aristoteles

386 4658 668 4714 odoratam
703 4669 1118 4730 persequantur,
1152 4675 1220 4713 an
1251 4657 1520 4730 appetitus
1553 4664 1763 4710 tantum
1804 4654 1948 4710 fera-

385 4759 478 4807 tur
533 4752 600 4806 ad
657 4753 834 4824 ipsum
892 4753 1173 4823 pabulum,
1232 4752 1460 4822 ejusque
1519 4765 1686 4805 causa
1743 4748 1833 4804 sit.
1887 4749 1953 4802 Et

387 4847 639 4916 quamvis
682 4847 977 4900 animantia
1009 4845 1271 4899 olfactum
1318 4844 1454 4914 ipsis
1492 4841 1806 4896 hominibus
1855 4840 1952 4894 ob-

389 4942 599 4997 tineant
651 4941 1082 5011 exquisitiorem,
1121 4955 1226 4994 non
1275 4947 1456 4994 tamen
1505 4947 1711 4995 certum
1747 4944 1830 4992 est
1872 4937 1954 4989 vel

389 5033 612 5088 odorem
649 5035 871 5095 sentire,
902 5034 982 5087 vel
1015 5033 1132 5100 ejus
1162 5032 1335 5101 gratia
1360 5029 1504 5083 duci.

463 5126 622 5190 Ibid.,
655 5128 752 5182 lin.
797 5129 885 5183 41.
924 5131 978 5181 Ὀ
1009 5129 1076 5182 δὲ
1111 5127 1334 5196 ἐλέφας
1379 5128 1588 5194 ἑγκυμ.
1638 5124 1863 5180 Plautus
1903 5126 1954 5179 in

391 5215 609 5275 Sticho:

530 5333 723 5403 Audivi
749 5348 883 5401 stupe
913 5333 1063 5403 uulgo
1097 5350 1128 5386 a
1161 5333 1341 5386 multis
1369 5332 1554 5391 dicier,

531 5402 713 5458 Solere
741 5400 1067 5470 elephantum
1109 5403 1379 5472 gravidam
1413 5410 1682 5470 perpetuos
1714 5400 1887 5472 decem

533 5473 666 5528 Esse
694 5491 858 5528 annos
884 5489 902 5528 :
925 5475 1037 5542 ejus
1065 5490 1092 5526 e
1111 5471 1312 5527 semine
1340 5473 1450 5526 lucc
1484 5481 1621 5525 certo
1650 5481 1727 5524 est
1771 5471 1956 5540 futues.

390 5585 670 5646 AElianus.
706 5585 782 5638 De
825 5585 949 5638 hist.
989 5586 1151 5638 anim.
1195 5585 1230 5638 l.
1277 5601 1350 5645 IV,
1387 5600 1507 5654 cap.
1549 5583 1609 5637 51
1646 5603 1660 5637 :
1704 5583 1868 5635 Κύειν
1903 5582 1960 5634 δὲ

392 5681 733 5751 πυνθάνομαι
763 5681 854 5734 δύο
892 5680 1028 5734 ἐτῶν
1060 5680 1148 5732 τὸν
1196 5679 1476 5748 ἐλέφαντα.
1508 5681 1569 5732 Οἱ
1600 5678 1653 5730 δὲ
1685 5678 1743 5730 οὐ
1773 5676 1960 5729 τοσοῦ-

391 5789 482 5826 τον
541 5774 749 5844 χρόνον,
808 5772 941 5826 ἀλλὰ
1000 5771 1372 5826 ὀκτωκαίδεκα
1431 5771 1614 5842 μηνῶν
1669 5769 1963 5839 ὁμολογοῦ-

397 5879 500 5918 σιν.
542 5867 881 5929 Aristotelis,
917 5882 979 5920 ex
1033 5865 1262 5921 aliorum
1313 5865 1605 5928 sententia,
1645 5862 1718 5916 De
1771 5863 1960 5915 histor.

2052 4674 2307 4729 namque,
2336 4659 2405 4714 De
2429 4670 2660 4730 generat.
2698 4659 2917 4713 animal.
2946 4659 3038 4712 lib.
3069 4675 3140 4721 tv,
3163 4673 3282 4726 cap.
3308 4657 3340 4710 4
3371 4675 3383 4710 :
3418 4655 3618 4728 Πρῶτα

2055 4749 2151 4819 μὲν
2169 4746 2260 4803 οὗν
2288 4750 2375 4804 διὰ
2401 4752 2454 4804 τί
2481 4751 2548 4804 τὰ
2579 4753 2677 4822 μὲν
2704 4751 2818 4804 ἔπι
2842 4750 3132 4811 πολυτὸκα,
3151 4749 3217 4802 τὰ
3243 4749 3299 4801 δὲ
3330 4748 3611 4819 μονοτόκα,

2051 4839 2194 4892 τοῦτ’
2223 4839 2288 4894 ἄν
2314 4858 2396 4904 τις
2422 4841 2622 4909 δόξειεν
2656 4840 2887 4908 εὐλόγως
2913 4838 3228 4910 θαυμάζειν.
3255 4839 3334 4892 Τὰ
3366 4838 3471 4910 γὰρ
3519 4839 3616 4909 μὲ-

2054 4953 2213 5007 γιστα
2247 4935 2511 5007 μονοτόκα
2539 4934 2642 4988 τῶν
2670 4933 2820 4998 ζώων
2854 4933 3018 4995 ἐστὶν,
3046 4927 3155 4986 οἷον
3186 4931 3402 5001 ἐλέφας,
3437 4930 3616 5001 κάμη-

2054 5031 2165 5094 λος,
2197 5030 2380 5092 ῖππος,
2415 5028 2508 5081 καὶ
2539 5025 2607 5080 τὰ
2638 5025 2878 5097 μώνυχα.
2917 5025 2979 5078 Et
3017 5025 3140 5095 quia
3191 5024 3524 5096 probabilius
3567 5021 3622 5075 id

2058 5122 2363 5185 videbatur,
2396 5119 2600 5188 majora
2636 5118 2910 5178 animalia,
2945 5133 3068 5171 eum
3107 5118 3225 5186 plus
3273 5115 3497 5172 seminis
3542 5113 3624 5168 ef-

2059 5213 2200 5269 ferre
2227 5221 2469 5283 possent,
2505 5211 2658 5280 plura
2692 5210 2854 5265 etiam
2899 5225 3180 5280 generare,
3216 5208 3373 5277 cujus
3404 5213 3624 5260 contra-

2059 5305 2201 5359 rium
2251 5303 2448 5357 mirum
2495 5310 2597 5358 est.
2631 5299 2942 5372 Respondet
2969 5302 3096 5358 huic
3145 5305 3466 5370 argumento
3489 5297 3626 5351 vali-

2059 5397 2286 5452 dissima
2318 5395 2547 5457 ratione,
2577 5394 2921 5464 maximeque
2949 5394 3164 5456 idonea,
3197 5389 3623 5460 magnitudinem

2061 5486 2268 5544 scilicet
2298 5501 2485 5540 eorum
2535 5483 2589 5538 id
2633 5484 2807 5539 facere
2847 5501 2912 5538 ne
2958 5484 3126 5536 multa
3171 5480 3423 5551 pariant;
3469 5477 3628 5532 cibus

2061 5581 2205 5636 enim
2260 5579 2312 5633 in
2368 5578 2434 5634 iis
2476 5579 2780 5633 absumitur
2812 5577 2865 5630 in
2912 5575 3162 5643 corporis
3198 5573 3624 5636 incrementum;

2064 5673 2366 5727 minoribus
2414 5685 2540 5724 vero
2584 5680 2777 5724 natura
2827 5666 3094 5722 demendo
3123 5665 3188 5719 de
3232 5661 3626 5734 magnitudine,

2063 5780 2262 5836 augere
2319 5761 2375 5818 in
2442 5768 2789 5818 excremento
2852 5756 3101 5813 scminali
3163 5755 3628 5826 exsuperantiam.

2063 5859 2229 5932 quue
2258 5857 2542 5917 confirmat
2569 5855 2673 5909 alia
2708 5851 2936 5917 ratione,
2966 5849 3216 5907 videlicet
3245 5850 3365 5921 plus
3407 5845 3633 5902 seminis
3707 5889 3710 5892 .
