4064 6290
573 325 676 382 9-ὶ7

1946 318 2193 377 LEONIS
2230 319 2503 376 ALLATII

3726 324 3796 377 9i3

577 443 835 516 genitalis
875 459 1017 507 esse,
1071 441 1216 513 quod
1258 441 1484 512 majoris
1530 448 1616 498 est
1658 439 1933 504 animalis,
1974 440 2156 494 minus
2186 443 2231 498 Α
2260 440 2393 493 ticas
2428 440 2759 504 solitudines,
2792 449 2838 495 et
2868 441 2920 494 in
2950 438 3312 494 Mauritania
3336 454 3355 492 :
3379 437 3551 509 ferunt
3579 436 3791 509 {Ellum

579 542 759 588 autem
822 533 966 603 quod
1008 532 1234 587 minoris
1282 547 1508 590 necesse
1541 539 1644 587 est.
1695 532 1766 585 At
1791 530 1964 584 multa
2010 527 2148 583 elﬁci

579 638 746 695 parva
788 623 843 677 in
873 622 1062 679 eodem
1102 633 1353 694 possunt,
1394 625 1561 679 multa
1596 638 1791 694 magna
1834 621 1971 678 εἰὶὶοί
2012 622 2150 678 ditii-

580 715 685 768 cile
711 720 795 767 est
820 730 835 779 ;
871 712 1240 772 mediocribus
1272 731 1395 771 vero
1429 714 1821 786 magnitudinis
1851 714 2088 769 medium
2117 727 2149 767 a

582 813 775 862 natura
804 803 988 858 datum
1018 812 1122 865 est.
1157 805 1297 873 Quid
1326 807 1491 877 igitur
1520 807 1577 861 in
1606 806 1856 861 doctrina
1882 806 2151 860 Aristote-

583 896 649 951 lis
677 895 915 950 clarius?
958 896 1090 965 quid
1136 898 1381 952 certius?
1425 897 1753 968 Elephantes
1801 904 2026 968 propter
2064 894 2149 951 sui

580 986 824 1056 corporis
853 987 1069 1052 molem,
1101 988 1484 1060 ingentemque
1516 989 1968 1059 magnitudinem,
1995 989 2150 1059 plura

580 1078 768 1134 eodem
826 1079 959 1134 nixu
996 1095 1208 1150 parere,
1244 1096 1348 1136 nec
1400 1090 1652 1151 possunt,
1691 1097 1793 1137 nec
1828 1081 2062 1148 debent;
2104 1080 2151 1137 si

578 1170 689 1226 vim
730 1171 965 1243 juraque
1010 1181 1218 1229 naturae
1257 1174 1463 1230 violare
1513 1190 1625 1230 non
1652 1175 1904 1230 velimus.
1946 1173 2151 1230 Contra

580 1263 695 1320 haec
728 1272 908 1319 tamen
934 1279 1000 1320 ex
1029 1264 1149 1335 ipso
1194 1264 1508 1332 Aristotele,
1543 1266 1730 1321 nescio
1766 1265 1896 1336 quid
1926 1265 2150 1323 dubium

580 1353 674 1410 illa
696 1353 888 1410 aﬁ'erre
921 1363 1141 1424 possent
1168 1373 1181 1411 :
1211 1355 1288 1410 ait
1308 1371 1541 1426 namque
1560 1376 1574 1414 :
1596 1355 1735 1411 Sunt
1764 1357 1869 1410 alia
1898 1357 2150 1426 unipara,

583 1447 689 1507 alia
722 1450 1037 1518 paucipara,
1084 1450 1190 1505 alia
1240 1449 1553 1520 multipara,
1581 1459 1636 1506 et
1670 1464 1863 1521 magna
1901 1465 1966 1505 ex
2000 1455 2154 1520 parte

583 1543 815 1611 unipara
872 1551 1020 1609 sunt,
1068 1559 1192 1615 quae
1233 1543 1509 1614 solipeda;
1556 1544 1869 1614 paucipara,
1904 1559 2023 1612 quae
2071 1543 2156 1598 bi-

584 1633 772 1696 sulca;
805 1633 1116 1703 multipara,
1146 1650 1268 1704 quae
1295 1635 1582 1699 multilida,
1629 1634 1724 1690 sed
1775 1635 1995 1704 elephas
2028 1648 2153 1689 sen-

585 1723 756 1780 tentia
787 1725 1071 1794 ipsiusmet
1097 1725 1408 1782 Aristotelis
1441 1727 1763 1781 multiﬁdum
1795 1735 1911 1794 est;
1961 1735 2016 1781 et
2056 1727 2151 1781 lib.
2193 1731 2202 1741 '

2250 539 2299 584 et
2333 530 2687 602 Troglodytas,
2727 541 2784 586 ut
2816 530 3014 585 dictum
3054 540 3143 586 est
3177 548 3198 586 :
3244 530 3343 585 sed
3378 531 3632 585 maximos
3659 531 3789 593 ludia,

2252 622 2606 694 bellantesque
2657 642 2775 679 cum
2835 627 2899 680 iis
2945 636 3214 695 perpetua
3276 624 3553 679 discordia
3596 625 3787 683 dracone:

2252 725 2414 771 tanta:
2452 717 2848 787 magnitudinis,
2896 728 2955 771 ut
2994 728 3042 773 et
3094 719 3256 788 ipsos
3315 717 3648 784 circumﬂexu
3683 719 3788 787 [st-ili

2251 809 2508 872 ambiant,
2550 826 2782 879 nexuque
2807 810 2930 865 nodi
2956 812 3378 880 prwstringant.
3414 805 3730 862 Commoritur
3744 829 3783 864 ea

2251 900 2546 967 dimicatio,
2587 903 2853 974 victusque
2884 920 3143 959 corruens
3176 900 3516 969 complexum
3543 901 3669 953 elidit
3690 918 3781 969 pon-

2251 995 2393 1049 dere.
2443 994 2517 1049 De
2546 994 2844 1051 draconum
2873 1004 2925 1050 et
2955 997 3398 1066 elephantorum
3432 1009 3559 1049 nece
3584 1003 3628 1049 et
3652 1011 3776 1066 pugna

2251 1089 2655 1161 elegantissime
2688 1088 2843 1145 Philo
2871 1090 3010 1158 Περὶ
3039 1088 3412 1159 ἀφθαρσίας
3453 1088 3673 1156 κόσμου.
3705 1088 3776 1142 Cu-

2247 1182 2338 1252 jus
2367 1182 2530 1238 verba
2548 1182 2635 1236 hic
2655 1199 2763 1237 non
2786 1184 3050 1254 gravabor
3071 1183 3369 1237 scribere:
3390 1180 3462 1234 Τὸ
3477 1182 3769 1252 παραπλήσια

2256 1271 2438 1344 μέντοι
2484 1272 2578 1326 καὶ
2609 1276 2734 1336 τοὺς
2765 1272 2908 1326 κατά
2939 1273 3035 1345 τὴν
3084 1271 3335 1341 Ἰνδικὴν
3378 1269 3649 1342 δράκοντάς
3681 1289 3765 1341 φασι

2253 1363 2503 1434 πάσχειν.
2541 1363 2899 1433 Ἀνέρποντας
2924 1362 3032 1434 γὰρ
3061 1362 3166 1415 ἐπὶ
3198 1361 3271 1414 τὰ
3297 1359 3527 1431 μέγιστα
3552 1360 3763 1425 ζώων

2254 1472 2479 1524 φαντας,
2515 1456 2643 1527 περὶ
2684 1455 2751 1509 τὰ
2775 1454 2919 1510 νῶτα
2945 1456 3038 1508 καὶ
3078 1453 3261 1523 νηδὺν
3309 1453 3526 1506 ἅπασαν
3550 1454 3758 1507 εἰλεῐσθιι·

2257 1547 2428 1621 φλέϐα
2458 1548 2501 1602 δ’
2529 1549 2596 1619 ἣν
2621 1550 2685 1603 ἂν
2709 1548 2847 1623 τύχῂ
2873 1547 3152 1611 διελόντας
3183 1547 3390 1618 ἐμπίνε
3401 1564 3446 1599 ιν
3477 1545 3559 1600 τοῦ
3582 1547 3751 1616 αἵματος,

2255 1639 2548 1712 ἀπλήστως
2584 1641 2999 1711 ἐπισπωμένους
3049 1638 3225 1710 βιαίῳ
3271 1638 3540 1709 πνεύματι
3576 1640 3644 1690 καὶ
3671 1657 3749 1691 συν-

2262 1731 2401 1802 τόνῳ
2454 1731 2637 1804 ῥοίζῳ.
2675 1733 2851 1804 Μέχρι
2911 1732 3006 1803 μέν
3063 1727 3167 1785 οὖν
3222 1746 3376 1794 τινος
3427 1728 3743 1799 ἐξανηλωμένης

584 1828 623 1870 tt
671 1812 747 1868 De
790 1815 915 1870 hist.
960 1816 1146 1883 animt,
1188 1831 1311 1887 cap.
1359 1817 1412 1882 i,
1444 1818 1656 1881 scribit,
1695 1817 2046 1888 Elephantum
2074 1817 2148 1872 di-

2257 1823 2495 1888 ἐκείνους
2520 1824 2763 1896 ἀντέχειν
2786 1825 2877 1877 ὑπ’
2906 1824 3233 1895 ἀμηχανίας
3266 1820 3735 1891 ἀνασκιρτῶντας,καί

585 1910 723 1983 gitos
758 1925 974 1964 numero
1000 1910 1225 1980 quinque
1265 1910 1538 1975 indivisos,
1590 1912 1865 1980 leviterque
1901 1913 2155 1967 discretos

586 2001 794 2065 habere,
827 2008 879 2055 et
910 2001 1006 2058 lib.
1035 2018 1074 2057 ll
1104 2002 1182 2059 De
1203 2013 1343 2072 part.
1376 2003 1563 2068 anim.,
1593 2019 1713 2075 cap.
1758 2004 1847 2068 16,
1893 2003 2158 2072 Elephan-

585 2104 661 2151 tes
696 2111 797 2151 non
830 2094 1079 2159 bisulcas,
1110 2112 1215 2150 non
1240 2096 1438 2151 solidos
1468 2096 1619 2167 pedes
1648 2098 1858 2160 habent,
1894 2097 1984 2151 sed
2022 2098 2159 2167 digi-

586 2196 743 2244 talos.
775 2187 1007 2244 Necesse
1033 2189 1217 2259 itaque
1245 2197 1352 2254 est,
1385 2204 1482 2245 eos
1513 2205 1619 2244 non
1649 2205 1818 2244 unum
1848 2190 1940 2243 sed
1976 2190 2158 2258 plures

585 2295 698 2334 uno
739 2281 868 2333 nixu
901 2295 1111 2350 parere.
1156 2279 1293 2335 Nolo
1339 2280 1430 2335 hic
1458 2280 1667 2336 diutius
1697 2280 1996 2335 immorari.
2028 2278 2159 2334 Pete

585 2387 775 2428 eorum
807 2372 1133 2429 solutionem
1162 2389 1225 2428 ex
1254 2374 1487 2442 ipsomet
1519 2372 1809 2427 Aristotele
1844 2374 1964 2427 loco
1993 2373 2050 2427 d.
2081 2372 2158 2427 De

585 2479 759 2534 gener.
791 2446 956 2520 anim.
1013 2464 1327 2535 Magnitudo
1354 2471 1408 2519 et
1436 2465 1608 2520 moles
1643 2465 1892 2533 corporis
1930 2464 1995 2518 ad
2029 2481 2157 2535 par-

585 2563 703 2609 tum
747 2557 1024 2618 conducit,
1063 2573 1171 2612 non
1204 2558 1398 2628 pedum
1438 2557 1655 2613 diversa
1688 2573 1907 2628 genere,
1945 2566 1999 2612 et
2031 2567 2157 2612 nota

585 2647 753 2702 verba
798 2648 910 2710 illa,
948 2648 1150 2720 Magna
1196 2667 1262 2704 ex
1296 2659 1478 2719 parte;
1529 2665 1637 2705 non
1690 2651 1835 2705 enim
1888 2652 2157 2706 sententia

587 2739 680 2796 illa
737 2741 1031 2810 regulaque
1060 2758 1274 2813 semper
1314 2757 1461 2806 vera,
1495 2742 1596 2797 etsi
1629 2742 1955 2813 quandoque
1984 2758 2157 2813 oppo-

589 2829 777 2892 situm,
809 2832 891 2885 vel
927 2831 1184 2905 Scaliger.
1227 2834 1311 2888 vel
1343 2834 1482 2889 alius
1516 2834 1703 2888 nescio
1737 2833 1880 2903 quis,
1915 2833 2048 2887 vidit
2107 2840 2160 2887 et

587 2923 946 2980 observavit:
983 2925 1143 2980 habet
1199 2932 1380 2981 tamen
1440 2941 1597 2981 suum
1657 2926 1873 2996 pondus
1924 2935 1977 2980 et
2047 2927 2157 2980 vim

586 3014 932 3075 Aristotelica
966 3019 1128 3083 ratio,
1160 3033 1260 3072 nec
1287 3018 1409 3075 ideo
1450 3018 1643 3073 falsam
1692 3035 1814 3076 esse
1857 3018 2161 3074 constitue-

586 3126 733 3171 mus.
767 3108 970 3167 Omnes
1001 3113 1145 3168 enim
1179 3127 1394 3184 semper
1420 3112 1696 3176 dixerunt,
1736 3113 2016 3167 mulierem
2046 3126 2157 3165 uno
2184 3149 2228 3209 ϐ

587 3210 772 3277 partu,
808 3218 973 3267 unum
1005 3210 1215 3258 tantum
1243 3219 1468 3276 parere;
1503 3205 1629 3275 quis
1657 3204 1712 3260 id
1740 3204 1998 3276 negabit?
2023 3203 2155 3259 vidi-

586 3308 712 3350 mus
736 3294 1094 3352 nihilominus
1124 3296 1423 3363 multoties,
1444 3310 1607 3355 unam
1631 3295 1819 3353 eodem
1853 3304 2008 3367 partu
2043 3297 2163 3366 plu-

587 3399 680 3443 res
715 3384 854 3443 ﬁlios
901 3389 1177 3458 genuisse,
1226 3395 1282 3444 et
1315 3388 1420 3443 alia
1465 3387 1721 3442 animalia
1767 3388 1871 3443 etsi
1920 3387 2161 3456 solipeda

588 3483 742 3534 sunt.
775 3477 917 3544 Quid
968 3479 1130 3536 inde?
1157 3480 1302 3550 quod
1354 3481 1409 3535 in
1457 3488 1655 3535 natura
1683 3494 1809 3534 raro
1855 3479 2073 3544 accidit,
2104 3480 2161 3533 in

587 3585 722 3634 uno,
752 3571 835 3626 vel
858 3572 913 3626 in
939 3572 1289 3642 quibusdam,
1318 3588 1427 3627 non
1463 3573 1518 3626 in
1548 3571 1804 3625 omnibus
1829 3578 1884 3625 et
1913 3584 2158 3639 semper;

589 3661 1000 3720 alIirmabimus.
1028 3663 1338 3735 Gignuntur
1366 3664 1527 3719 etiam
1561 3662 1891 3735 quandoque
1917 3669 2161 3716 monstra

586 3762 644 3808 et
692 3754 962 3829 ἁλλοειδῆ.
1018 3772 1129 3815 non
1181 3764 1361 3812 tamen
1414 3757 1468 3812 id
1527 3756 1605 3813 uti
1658 3755 1937 3827 proprium
1990 3752 2163 3809 ascri-

587 3847 803 3905 bemus.

659 3941 820 4004 lbid.,
855 3942 952 3998 lin.
988 3942 1078 3998 45.
1113 3942 1296 3996 Ὅταν
1329 3942 1380 3995 δ’
1409 3942 1473 4009 ἐς
1510 3942 1757 4009 βόθρον.
1796 3937 2025 4002 Plinius,
2064 3937 2158 3992 lib.

588 4048 710 4097 vm,
741 4048 860 4102 cap.
897 4033 951 4095 8,
993 4033 1180 4103 Africa
1225 4034 1385 4102 foveis
1433 4034 1594 4101 capit,
1626 4033 1678 4084 in
1721 4047 1852 4101 quas
1891 4031 2163 4083 deerrante

589 4126 768 4195 aliqua
793 4126 1033 4193 protinus
1062 4126 1237 4179 caeteri
1272 4134 1551 4196 congerunt
1581 4139 1780 4187 ramos,
1807 4122 1967 4175 moles
1988 4120 2161 4174 devol-

590 4227 740 4285 vunt,
781 4233 994 4287 aggeres
1018 4224 1347 4280 construunt,
1368 4216 1608 4284 omnique
1630 4215 1679 4268 vi
1701 4224 1960 4268 conantur
1983 4223 2161 4268 extra.-

589 4313 730 4369 here.
809 4310 960 4365 Alias
1014 4307 1265 4378 capiendi
1326 4306 1692 4375 domandique
1740 4306 1982 4361 rationes
2039 4303 2163 4359 vide

593 4403 734 4475 apud
765 4404 1012 4460 etimdem
1065 4400 1287 4463 ibidem,
1324 4407 1377 4454 et
1409 4398 1754 4463 Strabonem,
1789 4398 1880 4453 lib.
1924 4413 2013 4454 xv.
2052 4395 2162 4450 Nec

2253 1920 2320 1989 τῇ
2378 1917 2687 1989 προνομαίᾳ
2717 1916 2814 1989 τὴν
2849 1915 3089 1987 πλευρὰν
3135 1914 3474 1976 τύπτοντας,
3585 1909 3722 1971 καθιζο-

2260 2009 2454 2080 μένους
2499 2006 2606 2060 τῶν
2652 2007 2991 2077 δρακόντων·
3037 2000 3185 2068 εἶτα,
3248 2004 3344 2057 ἀεὶ
3387 2001 3621 2069 κενουῴου
3654 1995 3715 2049 τοῦ

2257 2099 2510 2164 ζωτικοῦ,
2555 2100 2730 2170 πηδᾷν
2772 2099 2868 2169 μὲν
2919 2098 3117 2168 μηκέτι
3160 2093 3458 2157 δύνασθαι,
3484 2086 3700 2157 κραδαινομέ-

2256 2213 2378 2260 νους
2404 2195 2449 2250 δ’
2483 2194 2724 2248 ἑστάναι.
2760 2193 2968 2265 Μικρὸν
2997 2192 3039 2244 δ’
3067 2191 3316 2262 ὕστερον
3365 2186 3459 2239 καὶ

2256 2284 2745 2354 ἐξασθενησάντων,
2781 2282 3249 2341 κατασεισθέντας
3283 2275 3571 2346 ἀποψύχειν.
3595 2270 3700 2322 “itii-

2255 2395 2352 2441 τας
2388 2377 2444 2429 δὲ
2471 2378 2596 2441 τοὺς
2626 2376 2827 2439 αἰτίους
2865 2375 2956 2429 τοῦ
3008 2376 3257 2452 Θανάτου.
3303 2362 3701 2452 συναπολλύναι

2257 2489 2343 2541 πῳ
2374 2469 2582 2541 τοιῷδε.
2628 2468 2834 2539 Μηκέτ⁹
2864 2466 3076 2537 ἔχοντες
3101 2450 3327 2536 τροφὴν
3354 2462 3404 2514 οί
3444 2450 3720 2530 δράκοντες,διδ

2258 2540 2580 2632 περιέθεσαν
2610 2558 2805 2630 δεσμὸν
2834 2556 3208 2629 ἐπιχειροῦσιν
3243 2553 3479 2614 ἐκλύειν,
3521 2540 3727 2611 ἀπαλλαγὴν

2257 2655 2354 2726 ἤδη
2384 2652 2694 2716 ποθοῦντες.
2736 2650 2871 2704 Ὑπὸ
2914 2650 2971 2702 δὲ
3021 2648 3117 2702 τοῦ
3157 2649 3369 2721 βάρους
3405 2644 3505 2698 τῶν
3528 2636 3728 2726 Elephanti

2258 2723 2561 2818 θλιϐόμενοι
2601 2743 2897 2807 πιέζονται,
2937 2742 3031 2796 καὶ
3063 2741 3207 2795 πολὺ
3246 2738 3446 2810 μᾶλλον
3472 2723 3734 2818 ἐπειδὰντύχξι

2258 2813 2529 2911 στέριφος,
2573 2837 2666 2891 καὶ
2690 2835 2911 2897 λιθῶδες
2943 2833 3163 2902 ἔδαφος.
3201 2826 3568 2896 Ἰλυσπώμενοι
3588 2818 3662 2911 γὰρ
3680 2813 3732 2864 καὶ

2259 2909 2434 2987 πάντα
2480 2930 2757 2993 ποιοῦντες
2790 2929 2869 2991 είς
2902 2925 3147 2982 διάλυσιν
3187 2923 3299 2977 ὑπὸ
3327 2923 3424 2993 τῆς
3458 2916 3540 2972 τοῦ
3571 2909 3736 2967 πεσὸπος

2260 3025 2381 3098 βίας
2426 3022 2745 3095 πεδηθέντες
2790 3019 3015 3083 ἑαυτοὺς
3059 3016 3423 3088 πολυτρόπως
3452 3000 3737 3106 ἐνὰμηχξνοις

2261 3118 2353 3173 καὶ
2377 3117 2598 3187 ἀπόροις
2616 3113 2988 3186 γυμνάσαντες
3006 3109 3383 3178 ἐξασθενοῦσι,
3402 3102 3617 3167 καθάπερ
3632 3102 3738 3146 οἰκίη

2260 3207 2663 3271 ταλευσθέντες,
2691 3207 2740 3260 οἳ
2762 3205 2972 3275 τείχους
2997 3202 3271 3272 αἰφνίδιον
3308 3190 3643 3264 ὑπενεχθέντος
3660 3196 3739 3284 πριτ

2261 3300 2720 3371 καταληφθέντες,
2743 3299 2803 3352 οὒ
2839 3299 2883 3355 δ’
2908 3299 3030 3350 ὅσον
3058 3293 3340 3362 ἀνακύψαι
3364 3289 3616 3356 δυνάμενοι

2260 3392 2600 3447 τελευτῶσιν.
2636 3391 2810 3445 Aliam
2851 3388 3015 3457 hujus
3057 3401 3258 3456 pugna:
3311 3381 3554 3436 rationem
3583 3366 3738 3436 expli‘“

2263 3486 2536 3546 )Eliauus,
2562 3484 2656 3538 lib.
2703 3499 2777 3544 v1,
2807 3497 2927 3551 cap.
2967 3479 3057 3544 21,
3091 3493 3259 3548 quem
3292 3475 3431 3528 vide.
3477 3461 3739 3530 Attingamet

2262 3578 2352 3632 hic
2398 3574 2658 3630 nonnulla
2688 3574 2754 3628 de
2800 3573 3089 3642 elephanto
3137 3584 3295 3622 more
3344 3578 3478 3625 meo,
3516 3551 3737 3611 breviterel

2264 3667 2561 3731 succincte,
2594 3666 2649 3719 in
2687 3664 2886 3734 quibus
2908 3661 3228 3733 gravissimi
3271 3663 3516 3734 auctores
3560 3651 3739 3734 noneos?

2261 3761 2508 3817 veniunt.
2550 3730 2790 3819 Plinius,
2818 3730 3064 3820 lib.'vm,
3095 3767 3220 3821 cap.
3261 3749 3347 3813 10,
3387 3730 3657 3812 elephantos
3694 3730 3736 3822 ait

2262 3851 2575 3905 animalium
2600 3848 2833 3902 maxime
2859 3844 3041 3899 odisse
3067 3856 3301 3903 murem,
3320 3839 3392 3892 ita
3411 3843 3464 3888 ut
3493 3824 3690 3901 pabulum
3706 3828 3735 3864 In

2262 3942 2526 4014 prmsepio
2544 3940 2778 4010 positum
2806 3936 3067 4001 fastidiat,
3093 3934 3136 3989 si
3162 3948 3193 3986 a
3218 3943 3370 3985 mure
3393 3933 3577 3980 tactum
3591 3919 3735 4014 edulii?

2263 3992 2415 4089 ierit.
2437 3992 2686 4087 :Eliauus
2707 4029 2779 4084 De
2807 4029 2994 4082 histor.
3028 4023 3275 4083 animal.,
3308 4020 3399 4076 lib.
3425 4030 3512 4074 vn,
3542 3992 3734 4094 capitﬁi,

2261 4136 2316 4183 et
2338 4127 2434 4181 lib.
2472 4141 2580 4189 xw,
2612 4138 2732 4193 cap.
2763 4120 2851 4185 56,
2886 4134 3035 4174 suem
3063 4134 3168 4172 non
3208 4125 3414 4167 murem
3453 4103 3627 4158 odisse,
3650 4101 3734 4193 seu:

2261 4175 2849 4277 iiii—.wléléiiltarZhus,’
2878 4211 3115 4277 Εἰκότως
3162 4208 3219 4261 δέ
3252 4205 3344 4259 καὶ
3370 4198 3444 4271 τῷ
3467 4196 3614 4289 λέοντι

2260 4313 2351 4367 τὸν
2392 4308 2741 4383 ἀλεκτρυόνα,
2788 4307 2881 4361 καὶ
2905 4303 2982 4375 τῷ
3020 4302 3269 4371 ἐλέφαντι
3296 4296 3424 4384 προς
3447 4289 3528 4343 τὸν
3556 4277 3606 4384 iw

2265 4401 2480 4473 ίσχυρδν
2504 4372 2880 4469 γεγενηκέναι,
2913 4372 3006 4446 καὶ
3039 4393 3127 4445 τὸν
3159 4389 3341 4460 φόϐον.
3372 4374 3632 4450 Gregorius
3654 4372 3733 4418 Item

594 4499 944 4555 invenustum
974 4506 1076 4558 est,
1116 4507 1217 4548 nec
1256 4493 1323 4548 ab
1356 4491 1573 4562 ingenio
1602 4489 2007 4562 elephantorum
2031 4489 2161 4543 alie-
2191 4506 2236 4562 ι)
2262 4494 2507 4558 Pisides,
2539 4489 2617 4545 De
2664 4487 2847 4543 mundi
2877 4485 3106 4555 opiﬁcio,

594 4604 748 4653 num,
768 4589 913 4660 quod
940 4596 1128 4646 narrat
1158 4586 1410 4647 ,lElianus
1443 4585 1509 4640 de
1539 4584 1642 4643 his.
1666 4584 1757 4638 lib.
1787 4599 1881 4639 vm
1927 4581 2006 4636 De
2033 4582 2158 4640 hist.

594 4681 784 4747 anim.,
817 4695 938 4750 cap.
972 4681 1059 4745 15,
1093 4682 1223 4736 dum
1265 4680 1442 4735 fossas
1473 4677 1750 4732 transilire
1779 4691 1888 4730 non
1933 4682 2159 4745 queunt.

596 4771 763 4825 Ὅταν
793 4772 1091 4843 ὑπερϐῆναι
1127 4772 1332 4843 τάφρον
1357 4772 1407 4825 οἱ
1448 4769 1737 4839 ἐλέφαντες
1767 4765 1840 4838 μὴ
1879 4765 2159 4831 δύνωνται,

592 4859 673 4928 εἷς
709 4867 739 4917 ὀ
779 4864 1033 4935 μέγιστος
1079 4865 1267 4917 ἑαυτὸν
1297 4862 1576 4933 ἐμϐάλλει,
1609 4861 1704 4914 καὶ
1736 4859 1965 4927 πλάγιος
2013 4858 2164 4911 ἵστα-

589 4975 701 5023 ται,
739 4961 832 5012 καὶ
854 4960 1084 5029 γεφυροῖ
1113 4957 1174 5011 τὸ
1205 4956 1378 5020 κενὸν,
1420 4957 1515 5010 καὶ
1554 4955 1674 5009 κατ’
1700 4952 1865 5011 αὐτοῦ
1894 4950 2163 5021 βαίνοντες

588 5052 671 5114 εἰς
706 5050 767 5104 τὸ
797 5050 1095 5119 ἀντιπέραν
1129 5052 1260 5115 ἴασι,
1290 5051 1385 5107 καὶ
1410 5046 1864 5120 ἀποδιδράσκουσι
1903 5044 2164 5114 πρότερον

594 5141 777 5213 μέντοι
834 5143 1039 5195 ἐκεῖνον
1079 5140 1475 5202 ἀνασώσαντες.
1535 5138 1593 5190 '0
1641 5136 1697 5189 δὲ
1740 5139 1840 5206 τῆς
1893 5133 2164 5204 σωτηρίας

588 5233 792 5304 τρόπος
815 5225 968 5297 οὗτός
994 5235 1161 5286 ἐστιν.
1203 5230 1438 5284 Ἀνωθὲν
1470 5246 1553 5292 τις
1581 5228 1670 5282 τὸν
1700 5227 1835 5280 πόδα
1871 5225 2160 5299 προτείνει,

591 5326 685 5379 καὶ
719 5325 913 5396 ἐκείνῳ
942 5324 1172 5396 παρέχει
1203 5325 1302 5394 τὴν
1335 5322 1663 5394 προϐοσκίδα
1709 5319 2047 5392 περιπλέξαι.
2098 5319 2162 5371 Ui

591 5417 648 5470 δέ
691 5418 840 5473 ἄλλοι
889 5418 1141 5490 φρύγανα
1175 5414 1531 5489 ἐμϐάλλουσιν
1560 5415 1619 5481 ἐξ
1659 5413 1787 5485 ὕλης
1833 5414 2058 5475 ἕκαστα,
2090 5404 2164 5465 ὧν

592 5510 889 5565 ἐπιϐαίνων
923 5511 1204 5583 είλημένος
1233 5511 1358 5571 τοὺς
1388 5508 1571 5572 πόδας,
1610 5508 1752 5579 μάλα
1783 5508 2062 5579 ἐγκρατῶς
2104 5524 2164 5561 τε

596 5603 688 5660 καὶ
721 5602 963 5668 εὐλαϐῶς
994 5605 1304 5657 ἀνασπᾶται
1340 5603 1532 5673 ῥᾷστα.

668 5692 830 5755 lbid.,
872 5694 967 5747 lin.
1006 5694 1094 5747 47.
1137 5695 1191 5745 Ὁ
1239 5692 1306 5746 δὲ
1348 5690 1586 5761 δράκων
1627 5692 1661 5743 ό
1714 5689 1885 5744 κατά.
1932 5689 2163 5752 Plinius,

599 5788 695 5846 lib.
727 5802 845 5854 vut,
873 5786 1038 5859 capit.
1065 5786 1152 5853 11,
1180 5784 1491 5861 Elephantes
1523 5785 1626 5855 fert
1648 5783 1850 5851 Africa,
1884 5782 2025 5839 ultra
2044 5782 2167 5849 Sur-

2367 4606 2477 4661 Kal
2507 4605 2625 4659 τῶν
2656 4602 3000 4673 ἐλεφάντων
3022 4595 3346 4673 ἐκφρϐοῦοςι
3375 4587 3437 4642 τὸ

2373 4649 3438 4748 is'y;;a",:;;.uags2;;ss,0sz
3452 4649 3638 4720 aen-

2374 4718 2646 4746 ‘“'r"7'r'-
2683 4718 2695 4745 ι
2755 4718 2968 4733 ν⁷’·⁷’”’³’ν
2997 4718 3060 4727 νη
3096 4718 3183 4722 ----
3232 4718 3267 4735 η
3323 4718 3337 4729 ,
3492 4718 3501 4720 ἡ

2263 4771 2492 4838 Quidam
2514 4718 2748 4822 Pliniuiii
2773 4766 3056 4836 deceptum
3082 4761 3251 4818 fuisse
3275 4753 3513 4809 aliinitate
3532 4718 3732 4838 resumit

2262 4871 2316 4918 et
2356 4860 2459 4933 μῦς
2492 4866 2824 4916 asseverant.
2857 4854 3124 4914 Caeterum
3154 4850 3381 4911 Plinius,
3411 4835 3626 4933 ευδηδξξθ

2262 4956 2315 5019 9,
2353 4910 2573 5009 eosdem
2623 4951 2848 5008 minimo
2875 4948 2992 5004 suis
3027 4944 3246 5002 stridori
3278 4932 3462 4994 terreri
3492 4910 3731 5022 disiliili’:

2263 5014 2380 5109 rus,
2410 5046 2504 5101 lib.
2538 5060 2600 5109 ιι,
2628 5060 2749 5114 cap.
2779 5042 2851 5097 85
2871 5048 2925 5095 et
2947 5040 3035 5105 86,
3061 5039 3280 5093 arietem
3310 5038 3361 5085 et
3381 5035 3518 5083 suem
3544 5014 3725 5114 Ιὶοπθξξῖ

2264 5087 2380 5109 μω,
2412 5087 2504 5101 .....
2541 5087 2600 5109 ..,
2630 5087 2691 5099 ν..
2736 5087 2749 5098 .
2781 5087 2848 5097 η
2873 5087 2924 5095 --
2950 5087 3035 5105 --,
3062 5087 3224 5093 ______
3668 5093 3688 5111 ρ

2263 5138 2551 5194 conﬁrmat
2581 5087 2852 5197 Alli-linus,
2904 5133 2998 5187 lib.
3033 5148 3049 5188 ι
3091 5130 3163 5184 De
3203 5128 3319 5180 hist.
3357 5119 3486 5174 anim
3513 5152 3526 5178 ,
3550 5116 3647 5197 0an
3669 5087 3726 5145 °8'

2266 5233 2463 5303 Sicque
2492 5229 2766 5286 Romanos
2793 5194 2990 5298 Pyrrhi
3020 5225 3354 5295 Ερίτοιπυιιι
3384 5194 3726 5303 ι’θῧίεξ-θίθρ

2266 5278 2462 5303 *ηυγ-ν
2492 5278 2764 5286 --ν---ν--τ-
2794 5278 2818 5281 -
2842 5278 2990 5298 ,ι--π-
3066 5278 3115 5295 τί
3443 5278 3459 5281 ν
3517 5298 3527 5308 ⁹
3645 5282 3655 5300 ,
3693 5278 3725 5309 ..

2266 5335 2350 5381 tos
2383 5325 2438 5377 in
2487 5322 2668 5393 fugam
2704 5322 2954 5383 vertisse,
2990 5326 3045 5372 et
3079 5315 3352 5372 victoriam
3392 5278 3708 5393 retulisseingg

2266 5367 2438 5489 ᾇῖδέῖ
2474 5367 3066 5483 (aestuas;
3092 5367 3268 5480 ’έρζδςη
3306 5368 3394 5455 ..αι
3438 5389 3594 5489 χοίίῖιζ
3611 5367 3717 5489 liti:

2265 5470 2421 5563 δύτω
2447 5470 2663 5568 τοίνυνξ
2680 5470 2831 5575 φασὶ,
2863 5470 3231 5572 ¹διεπείἹίωμοιῖοι
3257 5488 3484 5595 τοὺςθσὺῖ

2914 5556 3204 5662 ἐλέφαντας
3222 5607 3235 5620 ⁸
3266 5585 3350 5640 καὶ
3372 5581 3402 5650 ἢ
3426 5573 3530 5681 γίκη
3545 5563 3628 5686 ἓν

2277 5653 2853 5762 Ῥωμάίοιςιλαμπρῶς
2879 5653 3112 5756 ἐγένετο.
3150 5684 3288 5738 Idem
3316 5670 3516 5729 Plinius,
3545 5655 3617 5762 lib:
3637 5653 3717 5762 3':

2269 5738 2480 5842 caufS.
2523 5738 2727 5835 δυάδι-ε
2747 5738 3027 5836 rnunquam
3059 5773 3162 5827 nisi
3188 5773 3239 5826 in
3272 5762 3430 5821 abdito
3455 5748 3620 5810 coeunt.
3638 5738 3715 5786 re“

3853 4920 3855 4971 l
