4064 6290
341 363 450 421 949

1343 352 1409 408 ΙΝ
1456 349 1827 408 EUSTATllll
1866 341 2340 403 HEXAEMERON
2381 339 2612 398 NOTAE.

3466 335 3568 388 εῖςο

338 484 708 553 quinquennis.
753 479 948 547 femina
985 476 1246 531 decennis.
1295 475 1616 531 Aristoteles
1642 515 1657 539 ,
1705 473 1800 527 lib.
1844 487 1896 526 vi

2001 467 2135 539 πρὸς
2152 463 2334 536 φιλίαν
2353 459 2697 536 μνημονικόν.
2721 457 3066 518 Aristoteles,
3088 454 3163 509 De
3177 453 3360 507 histor.
3378 453 3563 516 anim.,

340 574 422 629 De
453 575 639 627 histor.
666 574 852 634 anim.,
885 586 1001 640 cap.
1035 571 1126 631 27,
1185 570 1402 623 nonnisi
1437 567 1694 622 vicesimo
1726 565 1900 621 aetatis

342 681 489 718 anno
518 664 665 720 coire
710 663 892 718 tradit.
930 661 1271 730 Elephantus,
1323 668 1431 712 tam
1468 675 1581 712 mas
1620 673 1776 728 quam
1819 656 1899 725 fe-

343 759 512 820 mina,
539 757 720 824 incipit
749 756 889 810 coire
910 772 1046 808 anno
1075 752 1246 806 aetatis
1266 751 1525 804 vicesimo.
1558 749 1752 803 Mirum
1771 761 1902 802 sane

342 864 576 918 quanam
611 849 821 901 ratione
847 846 1063 915 quidam
1087 844 1142 897 in
1173 842 1226 895 d.
1261 843 1438 896 locum
1470 839 1632 893 Plinii
1667 854 1733 893 ex
1775 837 1898 890 Ari-

347 940 535 995 stotele
551 938 898 998 adnotat-unt,
924 952 1045 991 eum
1073 933 1304 998 tradere,
1340 933 1637 1001 elephantos
1666 947 1769 984 non
1797 927 1900 982 nisi

342 1041 458 1098 post
494 1031 788 1085 vicesimum
841 1044 1036 1082 annum
1079 1028 1239 1088 coire,
1289 1033 1381 1077 aut
1425 1024 1649 1094 gignere.
1690 1020 1899 1074 Plinius

341 1121 410 1176 de
436 1136 623 1176 eorum
657 1118 1013 1189 appellatione
1047 1116 1098 1168 in
1127 1114 1298 1176 Italia,
1327 1128 1449 1182 cap.
1494 1110 1546 1174 6,
1581 1109 1899 1178 Elephantos

342 1213 372 1267 1
380 1213 508 1267 talia
537 1213 761 1282 primum
791 1211 916 1263 vidit
947 1207 1140 1278 Pyrrhi
1181 1207 1315 1276 regis
1346 1205 1500 1267 bello,
1524 1215 1571 1258 et
1618 1201 1764 1256 boves
1795 1199 1899 1253 Lu-

341 1317 432 1354 cas
473 1299 768 1368 appellavit.
799 1299 852 1352 in
892 1296 1118 1350 Lucanis
1149 1297 1283 1350 visos
1314 1311 1452 1348 anno
1477 1293 1619 1347 urbis
1647 1291 1900 1363 quadrin-

339 1394 620 1464 gentesimo
657 1390 1028 1459 septuagesimo
1059 1388 1302 1444 secundo.
1339 1385 1473 1440 Hinc
1501 1392 1554 1440 et
1601 1385 1748 1438 boves
1793 1382 1899 1436 Lu-

341 1484 463 1536 cani
500 1491 759 1537 vocantur
805 1483 871 1533 ab
901 1478 1129 1542 Isidoro,
1168 1480 1264 1533 lib.
1295 1494 1355 1538 ιι,
1387 1476 1551 1546 capit.
1583 1475 1652 1541 2;
1700 1473 1896 1537 Varro,

340 1577 439 1632 lib.
468 1593 541 1639 v1,
573 1577 644 1630 De
672 1577 850 1645 lingua
883 1572 1098 1637 Latina,
1139 1586 1238 1626 nec
1266 1587 1295 1626 a
1343 1571 1531 1642 Libya,
1575 1583 1675 1623 nec
1711 1583 1741 1621 a
1785 1566 1897 1620 Lu-

341 1671 501 1724 cania
535 1669 712 1722 dictos
748 1675 924 1736 putat,
955 1665 1047 1721 sed
1080 1681 1108 1720 a
1156 1665 1290 1728 luce,
1321 1663 1466 1734 quod
1496 1663 1654 1732 longe
1689 1661 1900 1714 reluce-

341 1767 471 1818 bant
505 1771 720 1832 propter
748 1761 1028 1815 inauratos
1067 1759 1245 1829 regios
1286 1759 1529 1828 clypeos,
1558 1754 1756 1826 quibus
1783 1761 1899 1806 tur-

341 1871 430 1910 τρε
460 1871 626 1909 801⁵1111

340 1949 452 2010 ιιὶο,
485 1961 604 2014 cap.
656 1945 710 2005 5,
756 1945 1036 2006 habemus,
1069 1939 1206 1996 Juba
1241 1957 1331 1996 rex
1365 1955 1560 1994 cornua
1580 1935 1888 2007 appellavit.

339 2035 512 2088 Varro
569 2047 806 2102 quoque,
844 2032 938 2086 lib.
985 2046 1040 2085 v1
1083 2030 1158 2085 De
1186 2031 1364 2101 lingua
1409 2029 1621 2098 Latina,
1655 2032 1744 2086 illa
1771 2045 1894 2086 esse

336 2141 541 2180 cornua
592 2132 766 2194 putat,
837 2132 890 2178 et
933 2123 1252 2187 Pausanias,
1307 2123 1400 2176 lib.
1448 2140 1500 2182 ν,
1544 2133 1596 2178 et
1643 2123 1892 2178 {Elianus

335 2216 460 2271 libr.
492 2233 581 2270 xw
615 2215 684 2268 De
717 2215 902 2268 histor.
942 2215 1128 2276 anim.,
1159 2213 1325 2282 capit.
1371 2229 1424 2272 ν,
1451 2220 1504 2266 et
1541 2213 1634 2268 lib.
1668 2229 1741 2279 Iv,
1769 2229 1889 2283 cap.

333 2309 430 2374 3i;
462 2316 515 2362 et
559 2307 855 2377 Oppianus,
888 2306 1008 2361 libr.
1049 2322 1086 2359 ιι
1117 2308 1361 2373 Κυνηγ.,
1391 2304 1736 2374 reprehendit
1775 2306 1894 2360 vul-

337 2416 516 2470 garem
563 2400 873 2468 opinionem
922 2399 989 2453 de
1033 2397 1192 2451 dente
1238 2397 1545 2467 elephanti,
1594 2405 1648 2451 ct
1700 2397 1893 2468 probat

338 2490 549 2545 duobus
573 2490 926 2559 argumentis,
955 2497 1066 2542 tum
1091 2486 1232 2557 quod
1263 2504 1292 2541 e
1323 2487 1498 2556 capite
1525 2488 1754 2552 oriatur,
1781 2487 1893 2543 sive

341 2597 406 2634 ex
454 2581 662 2642 cranio,
710 2579 854 2648 quod
906 2595 1111 2634 cornua
1166 2579 1442 2648 proprium
1507 2579 1736 2643 habent;
1777 2589 1888 2634 tum

338 2671 482 2742 quod
511 2687 569 2726 se
600 2672 928 2741 poliemlum,
957 2670 1272 2733 secandum,
1301 2669 1625 2740 fingendum,
1656 2672 1892 2724 forman-

339 2765 576 2832 dumque
627 2763 879 2831 praebeat,
923 2761 1065 2830 quod
1111 2777 1376 2830 nusquam
1427 2761 1617 2815 dentes
1668 2761 1888 2814 faciunt.

344 2851 537 2906 Dentes
569 2859 746 2906 l:unen
780 2867 899 2906 esse
936 2891 950 2915 ,
991 2859 1044 2906 ct
1092 2867 1198 2904 non
1229 2866 1431 2903 cornua
1462 2858 1684 2904 tuentur
1723 2849 1892 2904 Hero-

340 2943 534 3009 dotus;
564 2943 900 3006 Aristoteles,
933 2942 1027 2995 lib.
1063 2957 1122 2994 Ill
1157 2942 1227 2994 De
1257 2939 1450 3010 partib.
1495 2941 1738 3006 animal.,
1769 2956 1888 3011 cap.

339 3033 392 3093 2,
441 3040 495 3086 ct
539 3034 661 3086 libr.
697 3049 733 3086 ιι
784 3032 985 3086 Ilistor.
1030 3032 1270 3095 animal.,
1322 3046 1444 3101 cap.
1490 3031 1556 3098 5;
1603 3030 1889 3102 Dionysius

338 3122 490 3185 Afer,
521 3123 910 3192 ’Hspmrzja'st.
933 3124 1160 3186 Plinius,
1191 3123 1312 3176 libr.
1348 3139 1463 3184 vui,
1491 3137 1611 3192 cap.
1644 3123 1888 3189 3;Clau-

2000 559 2092 616 lib.
2124 572 2199 620 Vl,
2225 570 2348 624 cap.
2377 553 2467 616 22,
2501 550 2902 606 Salacissimum
2939 547 3190 608 omnium,
3212 555 3317 596 tum
3347 543 3568 612 femina-

1999 665 2116 701 rum
2137 657 2247 700 tum
2278 647 2526 706 marium,
2552 659 2710 713 equus
2726 650 2825 705 est,
2845 640 3052 694 homine
3076 645 3303 700 excepto,
3327 644 3380 690 et
3399 649 3566 704 equas

1998 740 2223 795 libidine
2275 737 2510 792 maxime
2557 733 2773 790 incendi
2808 741 2998 787 auctor
3033 732 3126 785 "est
3151 727 3423 788 ZElianus,
3465 727 3560 783 lib.

2000 847 2052 886 Iv
2079 831 2154 884 De
2189 830 2377 884 histor.
2412 827 2660 891 animal.,
2692 841 2813 896 cap.
2860 824 2918 878 ll
2947 841 2960 890 ;
3017 837 3186 891 quare
3219 827 3271 874 et
3312 819 3568 874 mulieres

1999 922 2322 977 libidinosas
2351 921 2420 974 ab
2443 920 2523 974 eis
2555 920 2644 989 qui
2682 917 2988 974 convicium
3019 912 3199 966 facere
3223 911 3444 966 student
3472 925 3567 963 vo-

1998 1011 2110 1066 cari
2149 1011 2324 1066 solere
2363 1025 2546 1079 equas.
2604 1007 2786 1070 Μόνας
2827 1005 3008 1060 ἀκούω
3037 1003 3142 1057 τῶν
3174 1001 3326 1066 ζώων
3357 1000 3452 1063 τὰς
3479 1001 3567 1052 ῖπ-

2002 1118 2134 1164 πους
2167 1101 2262 1154 καὶ
2295 1098 2530 1162 κυούσας
2556 1097 2845 1168 ὑπομένειν
2869 1097 2968 1166 τὴν
2991 1095 3100 1148 τῶν
3132 1093 3374 1165 ἀρρένων
3402 1090 3561 1162 μίξιν.

1999 1189 2150 1246 Εἶναι
2179 1192 2284 1263 γὰρ
2307 1189 2664 1259 λαγνιστάτας
2689 1205 2702 1216 ·
2725 1187 2810 1239 διὰ
2837 1185 3009 1240 ταῦτά
3034 1201 3114 1236 τοι
3141 1183 3230 1235 καὶ
3255 1183 3359 1234 τῶν
3386 1196 3568 1248 γυναι-

1999 1284 2109 1338 κῶν
2135 1283 2231 1347 τὰς
2259 1282 2609 1344 ἀκολάστους,
2639 1279 2743 1333 ὑπὸ
2779 1279 2884 1331 τῶν
2927 1276 3259 1348 σεμνοτέρως
3287 1273 3452 1336 αὑτὰς
3473 1273 3564 1326 εὑ-

2000 1373 2259 1427 θυνόντων
2299 1370 2578 1426 καλεῖσθαι
2624 1370 2838 1432 ἵππους.
2894 1367 2959 1421 Ει
3006 1366 3323 1422 Aristotcles
3369 1378 3564 1433 equam

1998 1477 2192 1522 natura
2221 1465 2562 1520 libidinosam
2594 1461 2826 1524 vocavit,
2853 1460 2947 1513 lib.
2982 1475 3032 1513 Iv
3071 1458 3146 1511 De
3175 1473 3346 1528 gener.
3375 1456 3560 1518 anim.,

1999 1573 2119 1626 cap.
2154 1558 2206 1613 5.
2241 1555 2369 1611 Sola
2394 1556 2530 1610 enim
2570 1553 2902 1614 animalium,
2942 1558 3001 1604 ut
3041 1550 3180 1604 idem
3212 1547 3406 1618 inquit,
3443 1563 3561 1599 mu-

1999 1649 2098 1702 lier
2126 1658 2176 1703 et
2210 1664 2341 1719 equa
2384 1646 2602 1718 gravida
2641 1647 2830 1699 coitum
2879 1643 3195 1709 patiuntur;
3235 1648 3289 1695 et
3330 1640 3454 1694 libr.
3487 1654 3560 1692 \‘ll

2002 1738 2078 1793 De
2100 1740 2286 1794 histor.
2323 1739 2570 1806 animal.,
2605 1753 2723 1808 cap.
2761 1737 2816 1800 4,
2848 1733 3042 1789 Mulier
3065 1741 3114 1787 et
3148 1748 3299 1801 equa,
3333 1731 3563 1785 omnium

627 1870 644 1906 ι
675 1859 878 1906 "mam
904 1822 1156 1906 fuerunt:
1171 1822 1665 1909 Ατηι³’έοιιυηι,ὐι
1690 1860 1755 1899 εχ
1785 1842 1896 1896 Ρη-
1929 1822 1968 1881 Β
2000 1829 2222 1883 maxime
2240 1829 2568 1906 animalium,
2587 1825 2814 1896 gravida:
2829 1824 3020 1877 coitum
3036 1822 3336 1890 patiuntur:
3353 1827 3560 1887 ca'tera,

1997 1919 2086 1972 ubi
2104 1919 2320 1990 gravida
2343 1903 2555 1989 fuerint,
2575 1917 2777 1988 fugiunt
2806 1931 2998 1975 mares,
3028 1930 3090 1967 ea
3117 1912 3313 1966 scilicet
3340 1925 3561 1981 quorum

1999 2021 2187 2066 natura
2205 2012 2522 2081 superfetare
2538 2026 2678 2063 more
2693 2008 2880 2078 leporis
2894 2014 3116 2060 recusat.
3130 2004 3360 2066 Plinius,
3389 2003 3482 2057 lib.
3504 2017 3558 2066 ι,

1998 2117 2116 2172 cap.
2147 2103 2235 2166 45,
2260 2109 2313 2156 et
2337 2117 2486 2158 suem
2509 2099 2810 2170 conjungit.
2842 2098 3038 2152 Mirum
3073 2106 3129 2150 ut
3168 2093 3561 2166 quadrupedum

1997 2202 2320 2263 praegnantes
2365 2192 2610 2246 Venerem
2639 2200 2838 2251 arcent,
2873 2197 3062 2258 prwter
3097 2203 3280 2258 equam
3319 2194 3368 2241 et
3396 2201 3558 2240 suem.

1998 2283 2280 2340 Rationem
2325 2283 2488 2352 hujus
2537 2282 2704 2338 habes
2753 2282 2895 2350 apud
2935 2280 3303 2343 Aristotelem,
3356 2277 3450 2332 lib.
3508 2290 3563 2332 Iv

1999 2372 2075 2426 De
2112 2375 2443 2444 generatione
2481 2373 2723 2438 animal.,
2768 2386 2889 2441 cap.
2927 2370 2980 2424 5.
3014 2368 3080 2422 Et
3103 2369 3230 2439 quia
3265 2366 3438 2424 solida
3466 2381 3562 2421 na-

1997 2471 2119 2518 tura
2141 2474 2228 2520 est
2257 2483 2272 2520 :
2303 2475 2356 2520 et
2389 2465 2559 2519 solida
2597 2472 2726 2519 sunt
2754 2461 2984 2517 Veneris
3014 2461 3406 2530 appetentiora,
3437 2471 3559 2512 cum

1998 2567 2216 2612 careant
2246 2558 2584 2628 purgatione,
2610 2570 2728 2626 quae
2753 2553 2974 2624 perinde
2997 2563 3079 2608 est
3109 2551 3344 2615 feminis,
3374 2557 3431 2604 ut
3450 2548 3562 2604 coi-

1998 2658 2086 2704 tus
2123 2647 2398 2710 maribus;
2435 2655 2488 2700 et
2515 2661 2652 2716 equa
2689 2654 2966 2700 menstrua
3003 2643 3224 2698 minime
3249 2641 3466 2697 emittit.
3497 2639 3562 2694 Et

1996 2737 2142 2809 quod
2171 2738 2248 2792 illi
2295 2737 2499 2808 aliquid
2533 2737 2695 2808 spatii
2732 2735 2788 2792 in
2823 2745 2979 2792 utero
3018 2742 3288 2804 superest,
3329 2730 3561 2801 amplius

1997 2845 2159 2901 quam
2181 2836 2240 2884 ut
2268 2829 2336 2884 ab
2356 2843 2465 2882 uno
2493 2835 2809 2898 occupetur,
2831 2827 3036 2881 arctius
3061 2838 3222 2894 quam
3251 2829 3310 2876 ut
3331 2822 3559 2874 alterum

1996 2918 2237 2990 perfecte
2280 2919 2452 2988 possit
2497 2916 2856 2988 superfetari;
2900 2925 2954 2972 et
2999 2915 3091 2970 lib.
3133 2929 3205 2969 vu
3251 2912 3326 2966 De
3371 2911 3557 2966 histor.

1998 3011 2244 3074 animal.,
2274 3026 2395 3081 cap.
2425 3009 2516 3074 22,
2547 3024 2813 3080 equorum
2865 3016 2994 3063 tunc
3034 3013 3335 3061 armentum
3381 3002 3558 3074 perfe-

1997 3113 2146 3158 ctum
2184 3116 2329 3169 esse,
2371 3117 2493 3157 cum
2539 3111 2789 3173 parentes
2813 3115 2965 3157 suam
3007 3100 3195 3154 ineunt
3223 3097 3448 3167 prolem,
3476 3095 3559 3149 vel

338 3213 552 3278 dianus,
583 3187 674 3269 lib.
705 3187 787 3268 ut
811 3213 884 3268 De
924 3214 1165 3271 laudibus
1196 3213 1502 3278 Stiliconis;
1534 3187 1732 3278 liorus,
1767 3215 1891 3269 libr.

1997 3191 2127 3261 pulli
2173 3200 2398 3246 matres.
2434 3190 2705 3262 Quidquid
2751 3198 2929 3244 tamen
2967 3190 3060 3253 sit,
3095 3187 3325 3259 insignis
3369 3188 3560 3256 legitur

343 3315 400 3362 ιι,
430 3315 547 3369 cap.
586 3300 672 3353 83.
709 3301 860 3354 Hanc
887 3303 1209 3355 sententiam
1235 3304 1422 3356 multis
1445 3304 1743 3358 rationibus
1775 3319 1900 3358 con-

338 3389 516 3444 firmat
541 3391 924 3456 Philostratus,
955 3393 1077 3447 libr.
1105 3409 1142 3446 ιι
1174 3392 1252 3446 De
1289 3392 1408 3446 Vita
1438 3395 1721 3463 Apollonii.
1754 3398 1900 3450 Pau-

337 3484 504 3538 saniae
541 3495 857 3555 argumenta
903 3502 1000 3554 pro
1053 3487 1227 3556 prima
1276 3489 1545 3542 sententia
1591 3505 1752 3558 quam
1791 3491 1900 3544 sint

339 3575 552 3630 inﬁrma
604 3577 762 3632 docet
815 3577 1054 3635 Joannes
1109 3578 1371 3636 Bodinus.
1427 3579 1739 3647 Juvenalis,
1800 3581 1900 3637 Sa-

339 3679 441 3739 tyr.
480 3667 573 3722 il:

442 3756 694 3831 gentibus
723 3775 786 3812 ex
807 3760 914 3831 illis
943 3777 1070 3828 quos
1093 3761 1260 3831 mittit
1293 3778 1451 3830 porca
1476 3779 1675 3831 syenes,

451 3827 514 3899 Et
549 3827 728 3899 Mauri
756 3827 963 3895 celeres,
995 3841 1055 3883 et.
1082 3829 1274 3885 Mauro
1293 3827 1576 3884 'obscuri'or
1606 3832 1792 3899 Indus,

445 3897 514 3968 Et
538 3915 663 3968 quos
691 3897 925 3967 deposuit
954 3899 1003 3952 Ν
1009 3900 1226 3954 abatheo
1259 3901 1431 3954 bellua
1459 3902 1620 3966 saltu,

444 3967 569 4020 Jan:
603 3970 813 4032 nimios,
850 3971 1105 4040 capitique
1137 3988 1339 4040 graves.

341 4079 406 4133 Et
433 4079 649 4134 tandem
673 4091 728 4134 ut
746 4080 830 4134 bis
853 4081 1242 4138 controversiis
1265 4083 1590 4138 enarrandis
1617 4083 1776 4138 finem
1804 4084 1901 4138 im-

345 4185 560 4239 ponam,
579 4170 862 4226 Cartlanus
894 4181 1054 4242 negat
1075 4173 1240 4226 ullum
1261 4174 1459 4227 animal
1481 4175 1671 4228 tandiu
1697 4176 1894 4240 vivere,

342 4263 480 4316 duce
513 4272 567 4317 et
614 4263 873 4332 magistro
903 4265 1212 4328 Aristotele,
1243 4265 1336 4334 qui
1365 4265 1460 4320 lib.
1513 4265 1585 4320 De
1637 4267 1820 4336 longit.
1847 4276 1897 4320 et

344 4355 593 4410 brevitate
652 4357 774 4408 vita:
840 4357 914 4409 ait
981 4356 1295 4411 animalium
1365 4357 1710 4428 elephantum
1777 4375 1899 4413 eSse

340 4456 393 4499 ct
425 4447 752 4517 longissimas
797 4449 921 4504 vita:
953 4467 966 4502 :
1003 4456 1057 4503 et
1088 4449 1236 4503 varie
1267 4463 1484 4505 causam
1544 4449 1895 4520 longitudinis

341 4539 621 4595 brevitatis
675 4541 797 4594 vitae
857 4541 1234 4611 prosequitur,
1291 4549 1343 4595 et
1385 4540 1462 4594 De
1504 4551 1736 4610 generat.
1785 4544 1896 4596 ani-
1925 4529 1970 4588 ο

342 4631 468 4684 mal.
504 4631 595 4684 lib.
623 4647 692 4691 iv.
718 4646 837 4700 cap.
870 4632 957 4695 l0,
993 4632 1262 4686 hominem
1298 4633 1418 4702 plus
1452 4634 1709 4703 temporis
1730 4649 1892 4703 quam

341 4723 568 4792 quodvis
607 4725 803 4778 animal
839 4724 1018 4779 vivere
1066 4726 1276 4789 scribit,
1312 4732 1536 4792 excepto
1582 4726 1889 4796 elephanto.

342 4817 514 4871 Julius
547 4817 787 4888 Scaliger
835 4819 1056 4873 exet-cit.
1107 4818 1212 4872 204
1259 4819 1590 4872 contrarium
1643 4820 1776 4872 vult.
1831 4819 1892 4874 Ni

343 4907 548 4976 majora
581 4925 666 4962 nte
695 4910 763 4963 ab
797 4910 987 4962 harum
1013 4909 1460 4963 exercitationum
1484 4911 1664 4964 studio
1696 4911 1896 4965 distra-

344 4999 552 5059 herent,
593 4999 934 5054 ostenderem
958 5008 1111 5054 tanto
1137 5000 1274 5062 viro,
1303 5009 1562 5069 quantum
1593 5001 1647 5054 in
1684 5001 1895 5057 Aristo-

343 5099 371 5140 t-
398 5089 462 5141 lis
490 5089 735 5142 doctrina
767 5091 952 5145 varius
977 5110 990 5144 :
1013 5101 1275 5160 quantum
1303 5091 1372 5145 ab
1405 5091 1523 5159 ipso
1550 5091 1891 5157 Aristoteles,

341 5189 391 5231 et
417 5181 536 5248 ejus
577 5182 988 5250 argumentandi
1021 5183 1202 5246 modo,
1233 5183 1713 5254 perquirenda-que
1755 5187 1896 5240 veri-

343 5271 470 5323 tatis
501 5273 710 5328 ratione
744 5273 992 5328 diversus
1019 5274 1253 5329 aberret.

409 5361 526 5414 Col.
585 5361 708 5424 7M,
755 5363 851 5420 lin.
898 5364 953 5418 4.
1007 5364 1228 5433 Θερμὸς
1277 5367 1310 5418 d
1367 5364 1566 5430 ἵππος.
1628 5364 1892 5433 Basilius,

343 5451 488 5504 hom.
517 5454 586 5507 9:
623 5454 892 5526 Ἰδιώμασι
920 5454 976 5509 δὲ
1003 5455 1274 5527 διαφόροις
1322 5455 1549 5508 ἕκαστον
1593 5455 1700 5509 τῶν
1741 5453 1895 5519 ζώων

343 5541 610 5614 κέκριται.
635 5547 912 5619 Εὐσταθὴς
936 5548 1032 5619 μὲν
1060 5547 1166 5619 γὰρ
1195 5549 1224 5600 ό
1247 5547 1391 5618 βοῦς,
1419 5546 1593 5618 νωθὴς
1620 5549 1676 5602 δὲ
1708 5549 1736 5601 ό
1755 5548 1892 5614 ὄνος,

343 5635 540 5707 θερμὸς
565 5638 620 5692 δὲ
651 5640 680 5692 ὁ
709 5639 870 5704 ἵππος
903 5641 1038 5711 πρὸς
1085 5641 1371 5710 ἐπιθυμίαν
1401 5639 1495 5694 τοῦ
1526 5640 1732 5713 θήλεος,
1775 5643 1893 5696 ἀτι-

343 5722 630 5792 θάσσευτος
656 5731 684 5783 ὁ
723 5728 904 5795 λύκος,
927 5730 1140 5803 δολερὸν
1179 5733 1211 5801 ἡ
1242 5731 1482 5802 ἀλώπηξ,
1517 5732 1685 5787 δειλὸν
1713 5735 1745 5803 ἡ
1774 5732 1895 5786 ελα-

346 5835 459 5886 φος,
487 5825 516 5876 ὁ
551 5823 770 5896 μύρμηξ
818 5824 1116 5894 φιλόπονος,
1169 5826 1478 5897 εὐχάριστον
1523 5829 1550 5881 ὁ
1593 5828 1757 5892 κύων,
1803 5829 1894 5882 καὶ

1999 3280 2240 3331 narratio
2269 3278 2335 3332 de
2364 3281 2612 3333 castitate
2642 3293 2936 3347 equorum;
2970 3277 3056 3330 ubi
3074 3276 3217 3329 enim
3247 3275 3561 3345 pullus,do—

1998 3365 2131 3421 losis
2158 3365 2530 3430 vaframentis,
2557 3367 2798 3435 oleisque
2828 3363 3190 3435 fragrantibus
3218 3370 3273 3417 et
3299 3361 3561 3415 odoribus

1997 3458 2278 3527 deceptus,
2297 3472 2420 3510 cum
2446 3465 2636 3522 matre,
2654 3467 2707 3512 et
2731 3457 2846 3529 ipsa
2875 3456 3067 3517 inscia,
3087 3455 3353 3508 incestum
3385 3452 3560 3506 admi-

1998 3551 2194 3617 sisset;
2236 3565 2296 3605 re
2325 3556 2447 3620 post
2486 3550 2593 3604 tale
2631 3548 2888 3620 ﬂagitium
2924 3549 3162 3619 cognita,
3193 3557 3247 3602 et
3288 3545 3471 3615 pullus
3502 3554 3558 3600 et

1998 3650 2172 3697 mater
2193 3640 2499 3710 pmcipites
2524 3625 2583 3696 ae
2601 3649 2849 3710 egerunt.
2870 3639 2999 3694 Eam
3024 3639 3193 3693 babes
3217 3636 3360 3708 apud
3387 3633 3560 3690 Elia-

1997 3750 2151 3796 num,
2195 3732 2269 3787 De
2310 3733 2437 3788 hist.
2482 3733 2700 3787 animal.
2745 3733 2840 3788 lib.
2871 3746 2944 3794 iv,
2988 3745 3107 3800 cap.
3143 3729 3206 3795 7';
3252 3727 3556 3798 Oppianum

1997 3826 2206 3894 Κυνηγ.
2242 3824 2334 3879 lib.
2364 3839 2437 3889 u;
2465 3823 2810 3879 Aristotelem
2845 3864 2859 3888 ,
2907 3822 3002 3878 lib.
3036 3837 3089 3875 Ix
3129 3820 3206 3874 De
3234 3820 3420 3874 histor.
3446 3819 3559 3873 ani-

1997 3914 2152 3980 mal.,
2183 3929 2302 3984 cap.
2344 3913 2449 3975 47;
2490 3913 2746 3980 Plinium,
2778 3913 2873 3968 lib.
2903 3929 3019 3978 vni,
3067 3927 3186 3981 cap.
3210 3910 3312 3977 42;
3357 3907 3560 3964 Varro-

1997 4017 2143 4066 nem,
2194 4003 2289 4057 lib.
2327 4017 2366 4056 ιι
2401 4001 2480 4056 De
2536 4019 2592 4057 re
2644 4003 2861 4067 rustica,
2898 4017 3017 4072 cap.
3064 4001 3118 4056 7.
3153 4000 3256 4066 Qui
3302 4000 3404 4055 etsi
3448 4013 3557 4053 non

1995 4108 2186 4148 omnes
2214 4094 2269 4148 in
2293 4094 2544 4149 omnibus
2571 4094 2917 4159 conveniunt,
2940 4093 3033 4148 sed
3054 4093 3209 4146 aliter
3237 4091 3376 4146 alius
3408 4105 3558 4144 com-

1998 4189 2280 4248 memoret,
2313 4191 2514 4238 statum
2552 4183 2604 4237 id
2634 4194 2733 4248 est,
2757 4184 3097 4252 ﬁrmumque,
3116 4196 3393 4250 equosque
3431 4180 3554 4234 illos

1998 4288 2110 4329 sua:
2137 4275 2474 4330 castimonia:
2511 4284 2878 4339 monumenta,
2913 4283 3085 4328 morte
3117 4272 3335 4343 propria
3367 4281 3551 4341 poste-

1997 4365 2072 4420 ris
2100 4367 2408 4436 reliquisse.
2457 4365 2664 4421 Similia
2697 4382 2910 4437 quoque
2936 4365 3004 4420 de
3037 4363 3260 4418 camelis
3294 4361 3558 4414 Aristote-

1998 4458 2076 4514 les
2103 4459 2237 4514 ibid.
2271 4466 2478 4523 narrat,
2509 4468 2563 4514 et
2600 4459 2795 4528 repetit
2828 4459 2968 4526 Περὶ
3005 4456 3351 4526 θαυμασίων
3379 4455 3556 4508 ἀκου-

1995 4548 2255 4617 σμάτων,
2287 4558 2340 4604 et
2361 4549 2611 4605 Elianus
2641 4551 2734 4604 lib.
2765 4565 2845 4611 ιιι,
2872 4565 2990 4620 cap.
3026 4548 3116 4604 47.

2065 4641 2203 4696 Ibid.
2259 4643 2459 4708 Νωθύς
2512 4646 2545 4697 ό
2601 4642 2740 4708 ὄνος
2794 4643 2915 4698 καί.
2977 4642 3246 4703 Basilius,
3299 4639 3444 4693 hom.
3480 4638 3552 4694 8:

1995 4728 2236 4803 (ﬁxisti-pi
2269 4732 2469 4804 συνήθη
2517 4734 2697 4803 φωνὴν
2730 4735 2757 4785 ὁ
2784 4734 2921 4797 ὄνος,
2955 4728 3090 4786 οἶδεν
3122 4732 3237 4784 ὁδὸν
3262 4731 3326 4802 ἢν
3357 4729 3554 4785 πολλά-

1995 4840 2082 4885 κις
2107 4822 2339 4886 ὲ6όιδισε,
2374 4823 2466 4876 καί
2501 4839 2602 4874 που
2632 4822 2724 4874 καὶ
2761 4821 2948 4892 δδηγὸς
2989 4821 3157 4874 ἐνίοτε
3193 4820 3554 4888 ἀποσφαλέντι

1995 4917 2200 4985 γίνεται
2231 4917 2309 4987 τῷ
2336 4917 2463 4971 ἄνω.
2501 4916 2574 4969 Τὸ
2594 4917 2650 4969 δὲ
2678 4915 2934 4987 ὀξυήκοον
2959 4914 3050 4967 τοῦ
3089 4913 3244 4978 ςώου,
3275 4913 3395 4966 οὐδὲ
3430 4913 3554 4968 ἄλλο

1993 5026 2046 5060 τι
2096 5007 2236 5078 ἔχειν
2267 5007 2481 5076 λέγεται
2530 5007 2637 5060 τῶν
2691 5006 2978 5077 χερσαίων.
3014 5004 3286 5071 Elianus,
3328 5005 3422 5059 lib.
3456 5021 3550 5066 VII,

1995 5115 2115 5167 cap.
2142 5100 2208 5154 i9
2236 5118 2248 5153 :
2283 5100 2391 5152 Καὶ
2427 5099 2598 5154 ταῦτα
2631 5099 2687 5152 δὲ
2727 5098 2796 5152 τὰ
2828 5099 2931 5153 [δια
2961 5097 3070 5151 τῶν
3107 5097 3258 5162 ζώων
3293 5099 3463 5150 εἰπεῖν
3491 5096 3554 5150 οὐ

1993 5190 2173 5261 χεῖρόν
2216 5190 2350 5244 ἐστι.
2411 5189 2757 5263 Νωθέστερόν
2802 5207 2918 5254 πως
2958 5189 3102 5243 δοκεῖ
3144 5188 3410 5259 πρόϐατον
3461 5187 3554 5240 καὶ

1994 5279 2130 5342 ὄνος.
2493 5319 2517 5335 η

2067 5371 2228 5434 lbitl.,
2278 5372 2374 5426 lin.
2427 5373 2480 5427 5.
2526 5373 2919 5440 Μνησίκακον
2947 5370 3229 5440 κάμηλος.
3285 5367 3550 5430 Basilius.

1995 5465 2142 5520 hom.
2179 5465 2248 5520 8:
2280 5465 2353 5517 Τὸ
2379 5464 2434 5517 δὲ
2459 5463 2567 5517 τῶν
2597 5465 2852 5537 καμήλων
2885 5463 3233 5534 μνησίκακον,
3255 5459 3348 5514 καὶ
3385 5457 3552 5530 βαρύ-

1999 5575 2148 5628 μηνι,
2181 5557 2274 5609 καὶ
2303 5557 2519 5628 διαρκὲς
2543 5557 2676 5627 πρὸς
2702 5555 2869 5628 ὀργὴν
2895 5554 2948 5606 τί
2981 5554 3046 5608 ἂν
3074 5551 3410 5624 μιμήσασθαι
3444 5551 3552 5604 τῶν

1997 5647 2290 5701 θαλαττίων
2331 5647 2576 5713 δύναιτο;
2605 5648 2775 5701 Πάλαι
2816 5646 2942 5698 ποτὲ
2983 5645 3246 5712 πληγεῖσα
3288 5642 3549 5714 κάμηλος,

2000 5737 2194 5809 μακρῷ
2226 5738 2398 5810 χρόνῳ
2438 5737 2840 5808 ταμιευσαμένη
2870 5735 2966 5804 τὴν
3005 5735 3182 5804 μῆνιν,
3221 5734 3438 5790 ἐπειδὰν
3458 5733 3551 5787 εξ-

1950 5909 1960 5923 .
2002 5831 2217 5902 καιρίας
2241 5831 2488 5903 λάϐηται,
2518 5829 2577 5884 τὸ
2605 5829 2768 5883 κακον
2795 5826 3140 5881 ἀντιδίδωσι-ι.
3160 5828 3550 5884 Conﬁrmamr-
