4064 6290
89 329 231 390 9εό

1224 346 1291 403 IN
1326 342 1697 405 EUSTATHII
1737 343 2215 403 HEXAEMERON
2252 348 2482 406 ΝΟΤᾹΞ.

3378 349 3485 405 951

97 463 257 520 cap.
293 451 411 513 '53.
448 453 744 529 Singulis
771 461 1036 518 mensibus
1058 474 1329 535 generant,
1361 465 1451 520 sed
1490 464 1628 535 fetus
1655 462 1800 519 edunt

1915 478 1998 516 τοι
2041 463 2150 517 τῶν
2195 463 2423 520 λεόντων
2483 466 2913 539 παραπλησίους.
2951 465 3306 539 Κατάπτερον
3333 466 3391 518 δὲ
3420 465 3492 519 τὰ

101 554 237 596 non
271 547 629 605 universos
650 568 675 616 ς
710 554 1037 624 interpositis
1067 556 1207 610 enim
1236 554 1440 623 diebus,
1463 565 1589 627 quot
1616 573 1699 611 res
1729 565 1815 610 tu-

110 633 265 689 lerit
299 652 633 710 peragunt
662 647 983 714 partionem.
1018 646 1217 702 Eorum
1247 647 1631 704 fecunditatem
1663 655 1815 703 retu-

113 726 375 795 lerunt,
445 733 728 804 Plinius,
779 740 873 795 lib.
918 756 1039 805 vni,
1089 756 1208 812 cap.
1245 742 1316 797 29
1370 750 1425 798 et
1459 743 1556 807 55;
1593 741 1810 805 Strab“.

117 819 241 876 lib.
294 838 421 892 ιιι;
461 825 761 896 Basilius,
793 831 939 887 hom.
973 832 1006 888 8
1036 832 1326 897 Hexham;
1356 831 1591 907 Symeou
1633 833 1811 905 Logo-

119 910 315 968 theta
352 930 438 971 ex
484 920 713 977 eodem
742 920 967 987 Basilio,
1002 932 1143 978 orat.
1175 927 1587 991 v;Ambrosius
1610 927 1705 980 lib.
1734 924 1811 981 De

131 1004 370 1078 Tobia,
415 1027 573 1085 cap.
618 1016 712 1079 15,
740 1026 795 1071 et
822 1034 1044 1073 causam
1071 1027 1266 1089 praeter
1293 1020 1642 1075 Aristotelem
1676 1019 1813 1075 Pro-

128 1098 327 1155 blem.
371 1114 545 1161 sect.
604 1110 713 1164 107
742 1118 798 1165 et
829 1126 880 1164 Iv
920 1110 996 1165 De
1040 1121 1271 1181 generat.
1320 1113 1539 1167 animal.
1580 1127 1703 1183 cap.
1752 1112 1807 1176 5,

136 1190 364 1249 reddit
429 1196 782 1257 Herodotus
810 1202 865 1257 in
906 1202 1097 1257 Thalia
1141 1218 1160 1257 :
1189 1204 1298 1259 Kal
1331 1222 1442 1270 κως
1471 1204 1568 1258 τοῦ
1594 1204 1741 1259 θειου
1772 1208 1806 1278 ή

138 1287 424 1360 προνοίη
470 1289 688 1364 ὥσπερ
723 1294 815 1347 καὶ
844 1294 990 1358 εἰκός
1020 1296 1166 1349 ἐστιν
1199 1295 1364 1350 ὲοῦσα
1393 1297 1553 1367 σοςοή⁹
1578 1297 1679 1350 ὅσα
1712 1296 1810 1367 μὲν

145 1378 283 1451 γὰρ
320 1380 544 1454 ψυχήν
582 1402 648 1438 τε
673 1384 837 1450 δειλὰ,
874 1387 965 1439 καὶ
998 1385 1256 1458 ἐδώδιμα,
1287 1387 1462 1442 ταῦτα
1498 1388 1598 1461 μὲν
1632 1388 1810 1443 πάντα

147 1471 488 1544 πολύγονα
532 1478 864 1549 πεποίηκεν,
892 1479 979 1533 ἶνα
1029 1481 1103 1552 μὴ
1148 1481 1493 1554 ὲπιλείπηται
1525 1481 1809 1536 κατεσθιό-

160 1583 352 1637 μενα,
378 1570 498 1624 ὅσα
514 1571 584 1625 δὲ
606 1572 819 1643 σχέτλια
848 1574 942 1627 καὶ
969 1574 1165 1646 ἁνιηρὰ
1193 1574 1490 1644 ὀλιγόγονα,
1518 1574 1676 1627 τοῦτο
1710 1575 1809 1645 μὲν

152 1659 258 1713 ὅτι
296 1660 578 1731 λαγωὸς,
612 1664 716 1717 ὑπὸ
762 1665 959 1730 παντὸς
1006 1665 1295 1737 θηρεύεται
1315 1667 1524 1741 θηρίου,
1548 1667 1642 1721 καὶ
1662 1667 1809 1738 ὅρνι-

161 1750 297 1817 θος,
339 1756 454 1808 καὶ
485 1755 805 1828 ἀνθρώπου.
833 1756 988 1811 Οὕτω
1013 1759 1076 1830 δή
1094 1776 1176 1813 τοι
1204 1761 1266 1813 τὸ
1293 1759 1583 1830 πολύγονόν
1615 1762 1764 1814 ἐστιν
1787 1777 1802 1794 ο

164 1844 610 1902 ἐπικυΐσκεται
639 1849 832 1921 μοῦνον
862 1850 1077 1905 πάντων
1108 1849 1216 1904 τῶν
1243 1851 1444 1924 θηρίων
1463 1869 1478 1883 ·
1505 1853 1681 1907 καὶτὸ
1708 1853 1805 1924 μὲν
1837 1831 1879 1886 Β

168 1936 328 1992 δασὺ
385 1939 513 1993 τῶν
566 1940 772 1995 τέκνων
803 1942 859 1995 ἑν
884 1945 949 2014 τῇ
980 1945 1198 2014 γαστρὶ,
1247 1944 1308 1997 τὸ
1349 1943 1406 1998 δὲ
1449 1942 1623 2014 ψιλὸν,
1654 1943 1716 1996 τὸ
1749 1944 1807 1997 δὲ

171 2029 319 2102 ἄρτι
353 2035 423 2086 ὲν
456 2037 598 2106 τῇσι
636 2036 873 2111 μήτρῃσι
915 2035 1232 2101 πλάσσεται,
1266 2037 1328 2091 τὸ
1379 2036 1437 2090 δὲ
1475 2037 1803 2110 ἀναιρέεται.

175 2122 296 2179 llic
351 2126 547 2181 etiam
606 2127 741 2182 illud
798 2128 1340 2183 animadvertendum
1370 2130 1427 2183 in
1458 2129 1563 2184 hoc
1609 2143 1808 2200 genere

175 2218 574 2287 animalium,
604 2235 714 2275 non
772 2229 984 2275 tantum
1028 2220 1258 2277 feminas
1319 2234 1537 2277 uterum
1571 2221 1716 2278 ferre
1752 2230 1808 2279 et

181 2309 442 2381 gignere
508 2312 857 2369 observatum
887 2327 1031 2375 esse,
1077 2312 1196 2377 sed,
1228 2312 1373 2383 quod
1424 2321 1511 2369 est
1558 2313 1807 2372 mirabile

184 2401 386 2465 dictu,
419 2403 599 2458 etiam
634 2419 813 2459 mares
840 2418 907 2459 ex
939 2418 1060 2459 sese
1082 2418 1274 2474 parere
1295 2414 1348 2460 et
1375 2404 1606 2460 nutrire.
1637 2403 1808 2460 Aﬂliao

187 2509 309 2548 nus
338 2496 554 2551 scribit
570 2496 870 2566 probatque
893 2496 1127 2553 hominis
1153 2498 1479 2553 auctoritate
1504 2497 1608 2553 fide
1628 2497 1805 2569 digni,

191 2587 301 2642 lib.
321 2603 435 2642 xm
460 2587 541 2643 De
555 2589 679 2643 hist.
707 2589 894 2653 anim.,
910 2605 1029 2659 cap.
1065 2589 1151 2656 12,
1173 2589 1487 2663 Θηρατοῦδὲ
1503 2591 1693 2664 ἀνδρὸς
1712 2593 1806 2646 καὶ

192 2677 275 2731 τὰ
297 2677 486 2750 ἕτερα
508 2678 734 2748 ἀγαθοῦ,
751 2679 863 2733 οἴου
891 2679 966 2752 μὴ
985 2680 1049 2734 ἂν
1061 2680 1383 2750 ψεύσασθαι,
1399 2682 1554 2752 λόγον
1576 2685 1804 2757 ἤκουσα,

197 2770 308 2823 καὶ
335 2771 502 2842 αὐτῷ
532 2772 891 2835 πεπίστευκα,
920 2774 1034 2844 lege
1062 2776 1512 2845 experimentum,
1534 2785 1588 2832 et
1616 2793 1808 2832 narra-

196 2862 428 2917 tionem
461 2879 571 2918 non
596 2865 965 2933 injucundam,
986 2865 1183 2934 quibus
1196 2867 1377 2922 subdit
1396 2887 1408 2921 :
1426 2869 1517 2940 Μὴ
1531 2869 1806 2933 πιστεύειν

196 2948 304 3006 οὖν
372 2954 458 3026 τῷ
510 2955 651 3027 λόγῳ
716 2958 897 3010 πεῖσαι
956 2958 1193 3029 ἐμαυτὸν
1243 2959 1304 3015 οὐ
1348 2959 1602 3031 δύναμαι,
1636 2962 1697 3015 τὸ
1748 2962 1805 3016 δὲ

198 3045 393 3100 αἴτιον
453 3050 487 3117 ή
536 3048 629 3102 τοῦ
705 3049 819 3121 ἀνδΓ
837 3050 894 3114 ὸς
953 3049 1197 3120 γλῶττα,
1250 3051 1373 3106 οὗτε
1434 3053 1627 3124 ψεῦδος
1680 3053 1805 3110 οὔτε

1912 554 2076 621 νῶτα,
2106 557 2200 610 καὶ
2252 556 2456 611 τούτων
2485 556 2594 611 τῶν
2623 558 2839 630 πτερῶν
2888 557 2989 629 τὴν
3030 555 3194 630 χρόαν
3235 555 3492 627 μέλαιναν

1911 645 2049 701 εἶναι
2103 646 2307 719 ᾅδουσι.
2341 646 2425 701 Τὰ
2481 648 2539 702 δὲ
2586 649 2821 721 πρόσθια
2874 646 3080 719 ἐρυθρά
3108 663 3261 715 φασι,
3286 645 3384 711 τάς
3426 662 3490 715 γε

1914 741 2020 813 μὴν
2053 742 2330 812 πτέρυγας
2381 739 2550 804 αὑτὰς
2586 741 2771 795 οὐκέτι
2803 739 3076 803 τοιαύτας,
3105 738 3243 792 ἀλλὰ
3267 737 3487 802 λευκὰς,

1909 833 2008 905 τὴν
2058 834 2220 905 δέρην
2261 834 2318 887 δὲ
2356 834 2534 888 αὐτῶν
2578 836 2795 897 κυανοῖς
2842 830 3144 903 διηνθίσθαι
3188 833 3300 893 τοῖς
3356 846 3486 883 πτε-

1912 929 2025 999 ροῖς
2047 927 2290 996 Κτησίας
2319 928 2536 999 ἱστορεῖ.
2556 927 2737 997 Στόμα
2762 925 2819 979 δὲ
2843 924 2984 995 ἔχειν
3014 922 3265 987 ἀετῶδες,
3285 922 3375 975 καὶ
3393 920 3488 991 τὴν

1909 1018 2148 1089 κεφαλὴν
2191 1018 2380 1072 ὁποίαν
2427 1020 2477 1071 οἱ
2533 1017 2976 1090 χειρουργοῦντες
3006 1014 3275 1087 γράφουσί
3305 1030 3365 1067 τε
3394 1014 3490 1067 καὶ

1910 1111 2222 1165 πλάττουσι.
2244 1108 2539 1179 Φλογὼδεις
2565 1111 2623 1163 δέ
2651 1127 2783 1179 φασι
2811 1111 2937 1173 τοὺς
2963 1107 3273 1178 ὀφθαλμοὺς
3297 1105 3485 1161 αὑτοῦ.

1908 1200 2137 1267 Plinius,
2169 1202 2265 1257 lib.
2300 1219 2395 1265 vn,
2419 1217 2539 1272 cap.
2569 1202 2605 1255 2
2635 1222 2649 1257 :
2691 1202 2989 1271 Arimaspis
3034 1200 3245 1254 assidue
3296 1198 3487 1253 bellam

1907 1311 2020 1350 esse
2036 1295 2177 1348 circa
2202 1295 2418 1349 metalla
2434 1310 2551 1348 cum
2568 1294 2800 1365 gryphis,
2821 1294 3057 1364 ferarum
3082 1292 3282 1346 volucri
3304 1306 3488 1362 genere

1908 1389 2064 1460 quale
2112 1389 2263 1459 vulgo
2317 1388 2569 1445 traditur.
2615 1399 2828 1441 eruente
2865 1403 2930 1442 ea:
2964 1386 3222 1440 cuniculis
3271 1400 3485 1448 aurum,

1910 1484 2046 1536 mira
2066 1482 2371 1551 cupiditate,
2394 1490 2446 1535 et
2489 1481 2616 1550 feris
2645 1479 3082 1544 custodientibus,
3108 1488 3159 1533 et
3201 1481 3485 1548 arimaspis

1910 1574 2255 1643 rapientibus,
2290 1575 2461 1639 multi,
2500 1573 2591 1629 sed
2623 1575 2853 1629 maxime
2899 1572 3134 1627 illustres
3183 1570 3485 1627 Herodotus

1906 1677 1957 1722 et
2013 1667 2249 1723 Aristeas
2310 1666 2725 1731 Proconnesius,
2762 1665 3017 1720 scribunt.
3072 1664 3271 1720 Eorum
3319 1664 3483 1717 etiam

1910 1760 2203 1816 meminere
2249 1758 2492 1821 Solinus.
2530 1758 2838 1813 Pausuiius
2877 1758 2933 1812 in
2960 1757 3260 1820 Arcadicis,
3294 1752 3481 1809 Philo-

1907 1861 2111 1910 stratus
2138 1854 2192 1908 in
2242 1852 2358 1907 Vita
2405 1853 2692 1923 Apollonii.
2717 1851 2843 1907 Haec
2874 1860 3053 1905 tamen
3082 1865 3206 1906 esse
3236 1847 3482 1904 fabulosa

1906 1945 2241 2002 existimavit
2265 1945 2476 2001 Plinius
2503 1945 2628 2001 libr.
2672 1961 2726 2009 ιι,
2751 1960 2874 2014 cap.
2914 1943 3004 2005 l9,
3031 1941 3264 2013 Pegasos
3295 1941 3484 2011 equino

1907 2038 2076 2106 capite
2121 2036 2378 2101 volucres,
2429 2045 2479 2090 et
2513 2035 2742 2106 gryphas
2797 2034 2977 2088 aurita
3040 2031 3346 2085 aduncitate
3400 2045 3485 2082 ro-

1906 2130 2025 2191 stri,
2046 2127 2315 2199 fabulosos
2345 2144 2462 2183 reor
2495 2128 2615 2181 illos
2646 2129 2701 2180 in
2726 2124 2963 2195 Scythia,
2988 2123 3083 2179 hos
3101 2124 3156 2178 in
3180 2121 3480 2191 xEthiopia.

1973 2220 2133 2285 lbitl.,
2190 2221 2285 2276 lin.
2339 2220 2430 2275 51.
2489 2216 2752 2287 Ἀρπάζει
2795 2216 2865 2270 δὲ
2918 2216 3157 2271 λέοντα.
3214 2213 3485 2283 Georgius

1907 2311 2139 2376 Pisides,
2185 2311 2264 2366 De
2307 2310 2491 2365 mundi
2529 2310 2762 2379 api/icio.
2788 2323 2914 2363 eum
2941 2315 2997 2362 et
3021 2306 3214 2361 bovem
3246 2304 3483 2375 rapidis-

1907 2406 2045 2463 sime
2099 2412 2377 2475 arreptum
2408 2404 2515 2457 alte
2546 2403 2761 2458 elevare
2791 2399 3050 2456 afﬁrmat.

1976 2519 2169 2591 Πόρενς
2201 2515 2269 2591 de
2301 2514 2461 2591 τςρὺψ
2498 2511 2782 2591 repedare?
2821 2511 3021 2591 λαϐὼν
3046 2509 3285 2591 ξίρὰτος,

1976 2588 2086 2644 Kal
2122 2587 2285 2652 ,βοῦν
2308 2583 2601 2641 ἀνασπῶν
2639 2584 2708 2647 ἐξ
2748 2583 2996 2652 ἑτοίμων
3027 2583 3308 2652 ἁρπαγῶν

1975 2659 2086 2714 Καὶ
2105 2650 2334 2725 πτηνὸς
2368 2652 2561 2727 ἦρται,
2603 2653 2704 2708 καὶ
2730 2650 2958 2718 ,ϐαδίζει
2987 2650 3352 2718 τετράπους-ς

1907 2771 2159 2828 Elianus
2214 2779 2395 2823 tamen
2434 2782 2575 2835 cum
2634 2766 2755 2821 aliis
2817 2764 3189 2819 animantibus
3243 2763 3481 2834 gryphas

1906 2871 2222 2923 concertare
2252 2870 2307 2917 et
2335 2861 2556 2915 vincere
2602 2857 2816 2919 scribit,
2851 2855 2946 2912 sed
2979 2870 3214 2927 pugnam
3258 2855 3477 2908 leonum

1905 2972 1959 3018 et
1998 2960 2412 3031 elephantorum
2445 2955 2759 3019 abhorrere,
2786 2967 2961 3023 neque
2986 2968 3110 3007 cum
3154 2951 3235 3005 eis
3273 2950 3327 3004 in
3357 2964 3477 3004 cer-

1906 3068 2087 3111 tamen
2138 3047 2472 3107 descendere
2521 3047 2744 3101 ibidem.
2781 3045 2892 3098 Καὶ
2922 3040 3337 3113 διαγωνίζεσθαι
3380 3042 3479 3113 μὲν

203 3135 441 3206 κόμπον
474 3139 760 3207 ἠπίστατο.
791 3140 1028 3212 ideoque
1058 3158 1159 3198 nec
1190 3144 1385 3198 mirum
1425 3146 1598 3201 videri
1641 3148 1800 3203 debet

1907 3149 2041 3220 πρὸς
2073 3145 2143 3200 τὰ
2174 3143 2307 3200 ἄλλα
2340 3141 2476 3208 ζῶα,
2507 3142 2601 3195 καὶ
2626 3141 2847 3211 κρατεῖν
2878 3132 3069 3210 ῥᾷστα.
3101 3137 3288 3191 Λέοντι
3319 3135 3376 3189 δὲ
3403 3135 3479 3207 μὴ

201 3229 253 3281 si
282 3230 521 3297 quidam
544 3232 911 3287 existimarint
942 3234 1156 3305 lepores
1177 3252 1298 3294 esse
1321 3240 1607 3311 utriusque.
1632 3258 1795 3299 sexus

206 3323 540 3391 participes.
571 3322 706 3378 Cum
734 3326 878 3380 enim
900 3329 1149 3385 eumdem
1177 3331 1422 3386 viderent
1439 3339 1492 3387 ct
1515 3334 1796 3389 muliebria

207 3412 324 3480 pati
376 3421 435 3468 et
496 3413 623 3469 item
665 3430 845 3486 agere,
877 3426 931 3473 et
960 3419 1102 3488 quod
1151 3421 1334 3490 potius
1367 3422 1607 3495 gignere,
1636 3423 1799 3485 sobo-

212 3503 445 3576 lemque
497 3507 752 3573 educare,
784 3525 890 3564 non
921 3511 1041 3567 sine
1074 3513 1286 3569 ratione
1318 3514 1370 3569 id
1400 3525 1458 3569 ut
1490 3516 1793 3581 crederent,

209 3597 370 3653 ducti
431 3609 583 3656 sunt.
634 3601 789 3668 Quod
846 3602 1055 3659 Plinius
1109 3605 1434 3661 Archelaum
1492 3608 1797 3671 alﬁrmasse

215 3691 442 3756 scribit,
479 3698 532 3746 et
577 3691 918 3749 Democritus
950 3695 1002 3749 in
1040 3694 1344 3764 Ceoponicis
1375 3699 1617 3759 tradidit.

286 3781 568 3842 lbid..lin.
592 3783 681 3837 ‘27.
709 3785 819 3839 Kal
844 3787 1103 3842 τεκοῦσα
1124 3788 1331 3843 πάλιν.
1362 3788 1592 3850 Plinius.
1617 3792 1713 3846 lib.
1742 3809 1793 3857 ς,

219 3890 347 3944 cap.
407 3874 478 3928 45
511 3893 525 3929 :
557 3874 598 3931 Α
661 3887 820 3945 partu
861 3880 1043 3937 statim
1084 3881 1405 3949 implentur;
1467 3883 1792 3951 concipiunt,

219 3969 464 4039 quamvis
500 3970 661 4023 ubera
703 3972 934 4027 siccante
982 3973 1111 4042 fetu.
1143 3973 1209 4027 Et
1257 3974 1353 4029 lib.
1384 3992 1505 4038 vm,
1544 3991 1664 4046 cap.
1690 3977 1792 4033 35:

222 4060 395 4128 Lepus
424 4063 653 4115 omnium
679 4065 874 4133 prada:
896 4082 1136 4126 nascens.
1168 4066 1313 4121 solus
1348 4079 1539 4137 prarter
1568 4069 1797 4138 dasypo-

76 4146 87 4233 ξ
222 4152 342 4206 dem
376 4155 687 4223 superfetat,
744 4157 894 4210 aliud
924 4156 1174 4224 educam,
1219 4160 1367 4213 aliud
1401 4161 1453 4217 in
1494 4170 1641 4217 utero
1671 4162 1795 4231 pilis

78 4242 89 4277 ⁵
226 4245 491 4310 vestitum,
523 4248 671 4302 aliud
692 4251 961 4320 implume,
990 4252 1137 4305 aliud
1161 4251 1463 4308 inchoatum
1492 4271 1671 4327 gerens
1699 4272 1796 4325 pa-

227 4339 374 4394 riter.
414 4338 603 4395 Solum
635 4344 992 4414 superletare.
1019 4354 1078 4399 ut
1106 4362 1291 4401 verum
1322 4347 1415 4410 sit,
1448 4349 1643 4404 viderit
1678 4350 1795 4420 ipse

228 4430 475 4501 Plinius,
498 4433 681 4506 Equas
720 4443 774 4492 et
796 4439 1052 4494 mulieres
1090 4454 1308 4510 quoque.
1335 4440 1671 4510 superietare
1697 4456 1795 4510 pro

1899 3239 2269 3301 ἀνθίστασθαι,
2305 3237 2438 3309 μηδὲ
2470 3233 2741 3303 ἐλέφαντι.

1971 3333 2130 3396 lbid.,
2158 3331 2252 3385 liu.
2278 3331 2366 3387 32.
2415 3327 2612 3392 Ἀετὸς
2633 3326 2769 3392 παρ’
2810 3323 2973 3394 ἡμῖν.
2996 3323 3343 3385 Aristoteles,
3377 3322 3474 3377 lib.

1900 3445 1953 3482 Ix
1985 3426 2060 3479 De
2081 3425 2208 3478 hist.
2242 3424 2404 3476 anim.
2430 3437 2480 3475 c.
2517 3420 2620 3473 5‘2:
2656 3418 2889 3472 Venatur
2912 3417 3093 3484 aquila
3124 3414 3479 3485 lepores.hin—

1898 3520 2075 3580 nulos,
2100 3518 2299 3586 vulpes,
2322 3524 2372 3573 et
2400 3512 2604 3584 reliqua
2633 3528 2749 3583 qua:
2786 3511 2985 3565 vincere
3006 3509 3198 3563 caleat.
3224 3507 3478 3563 Elianus

1898 3613 1992 3668 lib.
2010 3628 2063 3666 Ix
2088 3610 2163 3664 De
2191 3609 2317 3664 hist.
2346 3607 2676 3674 anim.,cap.
2696 3602 2763 3658 10
2783 3621 2797 3657 :
2816 3600 2996 3665 Ἀετὸς
3012 3600 3148 3667 ζῶον
3164 3599 3477 3653 πλεονεκτι-

1898 3705 2014 3767 κὸν,
2046 3703 2138 3757 καὶ
2164 3701 2229 3754 δι’
2255 3697 2520 3772 ἁρπαγῶν
2559 3694 2836 3752 ποιοῦνται
2880 3693 3103 3765 τροφὰς,
3122 3693 3215 3746 καὶ
3258 3690 3476 3763 σαρκῶν

1899 3797 2155 3851 ἐσθίουσι·
2207 3774 2305 3848 καὶ
2328 3792 2436 3864 γὰρ
2464 3791 2613 3859 λαγὼ
2648 3786 2973 3865 ἁρπάζουσι,
3000 3785 3096 3840 καὶ
3140 3783 3353 3856 νεϐρὸν,
3382 3784 3477 3836 καὶ⁵

1897 3890 2033 3960 χῆνα
2055 3887 2113 3953 ἐξ
2132 3885 2319 3963 αὐλῆς,
2344 3884 2438 3937 καὶ
2457 3879 2857 3949 ἄλλαλὼοιιιιε
2885 3893 3009 3935 eum
3045 3877 3350 3947 aquilarum
3385 3890 3476 3929 vo-

1896 3996 2013 4035 cem
2067 3978 2304 4035 maxime
2347 3977 2560 4040 timere,
2612 3974 2755 4029 sicut
2787 3982 2841 4030 et
2894 3974 3124 4027 aliarum
3187 3971 3391 4034 avium,
3444 3984 3474 4024 a

1896 4073 2099 4144 quibus
2137 4070 2277 4125 male
2303 4076 2564 4138 exceptus
2590 4067 2938 4123 interimitur.
2967 4067 3110 4120 Idem
3138 4065 3212 4118 ait
3235 4064 3327 4118 lib.
3354 4079 3472 4126 xui,

1897 4180 2017 4233 cap.
2056 4166 2113 4219 ll
2145 4181 2159 4230 ;
2187 4162 2419 4228 Plinius,
2446 4161 2542 4217 lib.
2577 4177 2631 4223 ι,
2657 4176 2777 4228 cap.
2806 4160 2861 4218 ιι.
2888 4157 3194 4229 aquilarum
3224 4157 3392 4225 primo
3423 4164 3473 4209 et

1897 4256 2125 4311 secundo
2161 4256 2362 4327 generi.
2407 4271 2510 4308 non
2544 4256 2805 4307 minorum
2838 4263 3042 4308 tantum
3076 4248 3471 4322 quadrupedum

1897 4351 2109 4419 rapina,
2142 4350 2232 4403 sed
2268 4351 2430 4403 etiam
2464 4365 2581 4402 cum
2612 4352 2774 4402 cervis
2799 4347 3007 4415 pra'lia.
3044 4345 3273 4399 Multum
3295 4345 3474 4414 pulve-

1897 4461 2006 4499 rem
2046 4444 2283 4500 volutatu
2306 4442 2601 4499 collectum.
2637 4441 2871 4494 insidens
2907 4438 3150 4492 cornibus
3193 4436 3389 4490 exemit
3417 4436 3470 4488 in

74 4546 87 4576 ι
229 4523 536 4581 indubitata
589 4526 838 4584 habetur.
886 4527 989 4585 Sed
1021 4532 1087 4585 ad
1117 4547 1230 4586 rem
1276 4532 1596 4588 Aristotcles
1642 4534 1792 4596 item,
1828 4525 1872 4579 Ι)
1903 4537 2115 4598 oculos.
2159 4536 2338 4604 pennis
2385 4552 2479 4588 ora
2525 4533 2823 4592 verberans,
2870 4532 3032 4585 donec
3084 4529 3373 4599 pra'cipitet
3416 4529 3471 4581 in

231 4618 352 4673 libr.
391 4635 443 4672 vi
478 4618 553 4673 De
589 4620 779 4678 histor.
832 4622 1079 4689 animal.,
1115 4625 1281 4694 capit.
1345 4627 1415 4681 55
1451 4644 1463 4679 :
1503 4624 1674 4683 Habet
1712 4628 1789 4697 [e-

72 4758 87 4793 π
228 4712 371 4767 mina
410 4713 679 4783 lac'prius
719 4732 877 4786 quam
929 4718 1128 4786 pariat,
1153 4727 1204 4773 et
1254 4736 1286 4773 a
1336 4734 1495 4788 partu
1541 4724 1789 4775 continuo

233 4806 407 4874 repetit
430 4808 625 4860 coitum
647 4816 732 4861 :et
760 4808 964 4863 lactans
995 4809 1167 4863 adhuc
1193 4812 1420 4879 concipit
1449 4813 1633 4881 fetum.
1665 4812 1791 4869 llzec

74 4888 89 4976 ἓ
234 4899 354 4959 item
405 4900 588 4954 omnia
641 4900 694 4955 in
751 4901 1140 4968 Qua’stionibus
1190 4903 1441 4975 physicis,
1474 4913 1668 4976 quaest.
1701 4906 1787 4972 ll,

76 4970 91 5077 ξ
237 4990 542 5060 rmnplexus
571 4999 653 5046 est
683 4989 1128 5066 Theopbylactus
1165 4970 1495 5051 Simocatus.

302 5080 453 5145 lbid..
491 5083 585 5137 lin.
623 5084 711 5140 50.
751 5086 861 5139 Τὸν
887 5086 956 5141 δὲ
980 5087 1177 5158 wind
1228 5104 1434 5158 φασιν.
1474 5088 1727 5145 ΑΞΙίιιιιιιε
1760 5104 1792 5144 e

76 5184 90 5221 ι
238 5175 403 5238 Ctesia
434 5190 624 5231 eorum
653 5174 880 5231 formam
909 5178 1201 5246 describit;
1230 5194 1352 5235 esse
1386 5180 1528 5236 enim
1558 5180 1791 5251 gryphes

237 5267 625 5339 quadrupedes,
697 5269 1098 5327 robustissimis
1170 5273 1478 5342 unguibus;
1530 5272 1791 5327 anteriori

239 5359 472 5429 corporis
512 5371 665 5430 parte
718 5361 936 5424 rubros,
967 5362 1069 5416 alis
1116 5364 1384 5428 candidis,
1408 5362 1572 5420 dorso
1600 5365 1792 5436 pennis

241 5453 395 5522 nigris
450 5453 691 5512 indutos.
746 5455 959 5511 cervice
1007 5456 1277 5517 caeruleis,
1330 5465 1384 5510 et
1440 5456 1667 5515 ﬂoridis.
1698 5471 1793 5511 ore

240 5545 485 5615 aquilino,
517 5554 571 5601 et
602 5547 800 5617 capite.
826 5548 998 5603 oculis
1023 5546 1217 5618 igneis.
1257 5546 1351 5602 lib.
1390 5563 1442 5601 iv
1484 5546 1561 5601 De
1599 5546 1788 5607 histor.

241 5638 602 5710 animal.,cap.
620 5640 722 5694 27:
757 5640 859 5694 Τὸν
881 5640 1067 5712 γρύπα
1096 5641 1277 5693 ἀκούω
1304 5639 1365 5694 τὸ
1397 5639 1533 5706 ζῶον
1557 5641 1618 5695 τὸ
1648 5640 1794 5697 Ἰνδι-

244 5732 323 5796 κὴν
358 5733 660 5803 τετράπουν
711 5729 850 5788 εἶναι
903 5734 1044 5795 κατὰ
1084 5736 1207 5799 τοὺς
1251 5734 1491 5801 λέοντας,
1524 5737 1615 5790 καὶ
1647 5735 1790 5806 ἔχειν

245 5822 421 5901 δνυχας
447 5827 747 5898 καρτεροὺς
778 5826 853 5891 ὡς
880 5827 960 5883 ὅτι
993 5825 1247 5900 μάλιστα,
1284 5827 1374 5882 καὶ
1409 5827 1629 5893 τούτους
1664 5830 1789 5902 μὲν-

76 5184 89 5221 1

74 5262 85 5293 l

73 5318 89 5370 ι

1898 4646 2069 4700 rupes.
2099 4628 2211 4685 Nec
2242 4644 2351 4685 non
2385 4634 2439 4683 ct
2469 4637 2657 4682 lauros
2685 4626 2871 4680 venari
2904 4636 3096 4681 auctor
3128 4633 3212 4679 est
3240 4623 3390 4682 Phile
3415 4623 3469 4677 in

1896 4719 2093 4775 lambis
2110 4762 2127 4786 ,
2924 4749 2932 4758 ·

1968 4812 2125 4882 Θηρᾷ
2148 4812 2215 4866 δὲ
2246 4812 2342 4866 καὶ
2382 4811 2488 4865 τὸν
2526 4809 2706 4881 χῆνα,
2747 4808 2844 4882 real
2868 4807 2981 4882 τὴν
3009 4806 3271 4882 δορκιὶρα

1964 4877 2075 4939 Kal
2098 4877 2216 4938 ’τὸν
2240 4877 2608 4953 λαγωὸνηὶιιὶ
2641 4882 2706 4935 τὸ
2731 4878 2848 4934 τῶν
2878 4877 3108 4947 ταύρωιρ
3135 4877 3327 4949 γένος.

1897 4999 1962 5053 Et
2017 4998 2292 5059 Albanus,
2338 4997 2410 5052 De
2452 4997 2641 5051 histor.
2684 4995 2907 5050 animal.
2955 4995 3047 5053 lib.
3105 5010 3165 5058 ιι,
3215 5008 3337 5065 cap.
3375 4991 3469 5054 39.

1895 5091 2199 5162 aquilarqu
2258 5104 2451 5160 genus,
2502 5088 2648 5156 quod
2705 5086 2926 5156 quidam
2983 5083 3324 5157 χρυσαίετον,
3376 5082 3467 5137 alii

1896 5183 2175 5254 ἁστερίαν,
2208 5182 2263 5235 in
2293 5182 2455 5235 Creta
2486 5180 2533 5232 vi
2564 5178 2796 5248 quadam
2826 5185 2880 5233 et
2910 5176 3177 5232 industria
3207 5173 3467 5246 singulari

1896 5287 2086 5332 tauros
2132 5275 2283 5345 ipsos
2342 5273 2619 5334 invadere,
2654 5279 2708 5328 et
2762 5270 2998 5342 praedam
3034 5270 3137 5326 sibi
3176 5269 3468 5337 cibumque

1895 5381 2088 5438 parare
2125 5385 2138 5424 :
2171 5382 2235 5419 ex
2282 5364 2499 5419 insidiis
2541 5364 2685 5418 enim
2741 5362 2938 5419 cervici
2997 5360 3240 5416 insidens
3289 5373 3467 5413 rostro

1894 5476 2056 5530 quam
2089 5459 2354 5514 acerrime
2386 5457 2595 5528 pungit.
2619 5454 2834 5512 Taurus
2860 5456 3060 5510 ictibus
3090 5453 3301 5524 pulsus,
3328 5450 3454 5505 luri-

1897 5550 2116 5608 bundus
2139 5550 2192 5603 in
2217 5548 2396 5619 fugam
2421 5547 2669 5612 vertitur,
2686 5547 2776 5601 ubi
2803 5547 2979 5600 locum
3003 5544 3295 5615 proclivem
3325 5556 3465 5611 prae-

1895 5643 2227 5713 cipitemque
2275 5641 2599 5705 accesserit,
2639 5639 2924 5709 explicatis
2951 5638 3007 5691 in
3032 5636 3218 5690 orbem
3259 5636 3361 5691 alis
3395 5635 3460 5690 il-

1896 5739 2003 5793 lius
2052 5736 2243 5793 oculos
2277 5736 2429 5805 tegit,
2457 5734 2547 5805 qui
2575 5732 2854 5805 praecipitii
2889 5730 3112 5799 ignarus
3140 5728 3380 5792 subsilit,
3409 5736 3465 5787 et

1895 5842 2135 5900 praeceps
2157 5825 2449 5882 dilaniatus
2467 5824 2761 5889 emoritur;
2785 5827 2837 5877 et
2856 5821 2948 5876 lib.
2971 5836 3044 5887 Ix,
3063 5821 3229 5893 capit.
3262 5820 3348 5887 l0,
3369 5820 3461 5885 ait,
