4064 6290
682 337 774 392 )55

676 453 907 522 aquilam
938 469 1098 525 quam
1129 454 1280 511 Jovis
1313 457 1676 529 appellarunt,
1698 471 1890 512 carnes
1933 472 2042 511 non
2072 457 2237 511 attin-
2269 460 2305 517 Α

674 560 816 614 gere,
851 545 946 601 sed
968 546 1186 602 herbam
1212 547 1260 602 ei
1301 549 1367 604 ad
1398 550 1603 604 victum
1631 549 1766 604 satis
1796 563 1937 605 esse.

743 635 901 702 lbid.,
950 638 1045 692 lin.
1106 639 1196 695 35.
1254 641 1427 695 Ἐστι
1460 640 1528 693 δὲ
1565 638 1709 701 ζῶον
1744 640 2078 710 χαραδριός.
2112 640 2236 696 Hinc

675 729 941 785 Eustathii
978 742 1105 787 ante
1134 734 1327 790 oculos
1374 734 1593 789 videtur
1635 735 1893 790 habuisse
1924 737 2106 789 omnia
2134 735 2235 790 Pe-

673 828 788 875 trus
814 820 1128 886 Damianus,
1152 822 1279 877 dum
1312 823 1407 877 lib.
1446 839 1506 888 Il,
1542 824 1703 893 epist.
1736 824 1824 889 18,
1851 825 1918 879 de
1946 825 2235 880 charadrio

672 912 1006 981 loqueretur.
1041 912 1217 983 Hujus
1246 915 1594 985 proprietatis
1626 930 1848 970 causam
1872 915 2049 970 reddit
2067 914 2237 971 Theo-

669 1004 958 1074 pliylactus
1009 1004 1319 1061 Simocatus
1373 1007 1429 1062 in
1483 1008 1687 1073 Quwst.
1732 1017 1870 1073 nat.,
1923 1018 2116 1078 quaest.
2148 1010 2233 1073 15,

668 1111 792 1167 pag.
825 1096 913 1153 18.
950 1095 1028 1151 Ita
1059 1106 1285 1154 vocatus
1313 1099 1421 1153 ἀπὸ
1447 1099 1540 1153 τοῦ
1569 1098 1667 1162 τὰς
1705 1099 1979 1170 χαράδρας
2028 1099 2234 1172 διατρί-

670 1185 819 1251 ϐειν,
865 1202 931 1242 ex
977 1185 1282 1244 Scboliaste
1333 1189 1740 1258 AristOphanis,
1799 1198 1855 1244 et
1890 1190 2233 1254 Aristoteles,

670 1276 764 1331 lib.
803 1292 877 1339 ιι,
908 1291 1029 1347 cap.
1062 1277 1150 1342 il,
1184 1278 1294 1341 Τὰς
1320 1278 1378 1330 δὲ
1406 1280 1647 1349 οἰκήσεις
1674 1281 1702 1332 6
1728 1280 1824 1350 μὲν
1849 1280 1976 1351 περὶ
2002 1281 2100 1345 τὰς
2137 1298 2235 1351 χα-

671 1368 891 1441 ράδρας,
924 1370 973 1423 oi
1015 1369 1073 1423 δὲ
1105 1372 1386 1441 χηραμοὺς
1423 1370 1715 1434 ποιοῦνται,
1753 1374 1846 1426 καὶ
1874 1373 2096 1444 πέτρας,
2125 1371 2236 1428 οἷον

665 1465 697 1517 6
722 1462 1049 1533 καλούμενος
1074 1464 1382 1535 χαραδριός.
1416 1463 1570 1519 Hunc
1603 1465 1867 1520 bitumine
1899 1468 2081 1521 necari
2112 1482 2238 1521 nar-

667 1561 756 1610 rat
783 1553 1048 1615 Ailiauus,
1086 1556 1180 1610 lib.
1212 1572 1288 1619 vr,
1326 1555 1402 1610 De
1432 1556 1619 1613 histor.
1652 1559 1897 1621 animal.,
1945 1560 2108 1629 capit.
2142 1559 2232 1616 46.

742 1643 903 1701 lbitl..
930 1661 981 1715 p.
1014 1646 1102 1700 54.
1128 1649 1496 1715 Λευκότατος
1525 1648 1599 1702 δι’
1620 1649 1787 1704 ὅλου.
1823 1649 2156 1721 Epiphanius
2182 1653 2235 1707 in

674 1734 993 1806 Physiologo
1016 1776 1030 1799 ,
1065 1752 1185 1807 cap.
1216 1737 1306 1801 25,
1356 1740 1410 1793 '0
1446 1741 1760 1810 φυσιολόγος
1792 1741 1936 1807 ἔλεξε
1967 1745 2093 1815 περὶ
2117 1745 2238 1797 τού-

668 1840 785 1889 του,
835 1825 914 1878 ὅτι
956 1826 1073 1879 ὅλον
1108 1826 1296 1881 λευκόν
1320 1831 1457 1895 ἐστι,
1489 1831 1622 1901 μηδὲ
1653 1832 1787 1895 ὅλως
1814 1832 2068 1903 μελανίαν
2093 1834 2233 1905 ἕχον.

667 1918 1024 1984 Aristoteles,
1087 1921 1209 1975 libr.
1275 1938 1324 1975 Ix
1380 1922 1454 1976 De
1493 1925 1678 1977 histor.
1721 1925 1938 1978 animal.
1992 1942 2111 1997 cap.
2147 1928 2233 1991 tl,

669 2023 827 2063 avem
889 2009 1027 2063 hanc
1079 2026 1302 2081 pravam
1341 2020 1396 2066 et
1435 2014 1638 2080 colore,
1684 2025 1739 2069 et
1774 2030 1908 2071 voce
1945 2019 2040 2079 ait,
2071 2026 2235 2072 noctu

669 2116 951 2171 apparere,
1000 2101 1094 2157 diu
1142 2103 1423 2174 aufugero.
1486 2103 1742 2161 Albertus
1784 2122 1908 2162 cum
1952 2107 2237 2166 EuStathio

668 2192 857 2258 sentit,
898 2201 952 2248 et
992 2195 1170 2249 albam
1204 2210 1325 2250 esse
1365 2203 1534 2249 totam
1565 2204 1818 2252 testatur.

738 2281 854 2337 Ibid
884 2326 899 2351 ,
950 2284 1051 2339 lin.
1095 2286 1164 2340 59
1194 2304 1208 2340 :
1243 2287 1427 2340 Ὅταν
1476 2286 1586 2357 γάρ
1640 2306 1846 2357 φασιν.
1907 2290 2236 2361 Epiphanius

667 2375 816 2430 dicto
846 2379 996 2432 lavo:
1030 2379 1139 2432 Καὶ
1176 2380 1268 2433 ὲάν
1291 2394 1375 2441 τις
1401 2381 1600 2449 νοσῇ,ἡ
1631 2378 1783 2443 νόσος
1801 2380 1894 2434 τοῦ
1928 2381 2233 2454 ἀνθρώπου,

667 2468 716 2519 εἰ
746 2466 891 2522 ἔστιν
917 2471 995 2532 εἰς
1024 2468 1270 2530 θάνατον,
1303 2469 1633 2540 ἀποστρέφει
1681 2470 1789 2523 ἀπὸ
1830 2471 1924 2525 τοῦ
1956 2473 2235 2537 νοσοῦντος

665 2559 729 2612 τὸ
761 2558 1046 2629 πρόσωπον
1071 2560 1231 2612 αὐτοῦ
1264 2561 1291 2612 6
1325 2560 1633 2631 χαραδριὸς,
1656 2561 1749 2614 ὲὰν
1782 2562 1889 2632 δὲή
1918 2562 2070 2626 νόσος
2100 2565 2235 2635 πρὸς

669 2648 816 2720 ζωήν
842 2652 1009 2709 ἐστιν.
1038 2649 1274 2714 ἁτενίζει
1296 2652 1387 2705 τὸν
1413 2652 1670 2705 νοσοῦντα
1692 2654 1721 2705 6
1749 2654 2056 2725 χαραδριὸς,
2082 2656 2174 2708 καὶ
2207 2658 2235 2709 6

670 2740 839 2794 νοσῶν
886 2741 977 2794 τὸν
1026 2742 1206 2795 αὐτόν.
1253 2742 1370 2797 Νοη
1429 2743 1713 2799 dissimilia
1762 2744 1928 2800 refert
1958 2746 2231 2808 Albertus,

674 2843 865 2887 auctor
911 2848 1214 2906 anonymus
1257 2835 1460 2891 Psalm.
1485 2829 1759 2893 comment.
1790 2839 1982 2909 psalm.
2015 2855 2231 2905 Lxxxiv,

673 2939 854 2987 versu,
886 2923 1020 2979 Deus
1043 2935 1099 2979 tu
1119 2942 1393 2982 conversus
1417 2929 1700 2998 viviﬁcabis
1721 2947 1834 2994 nos,
1851 2943 1901 2985 et
1927 2932 2015 2984 alii
2047 2946 2231 3003 recen-

669 3018 858 3074 tiores.
914 3016 1083 3090 Magis
1131 3034 1420 3075 commune
1469 3029 1646 3077 tamen
1685 3030 1767 3078 est
1817 3023 2085 3077 charadrii
2117 3038 2235 3093 pro-

670 3116 913 3178 spectum
943 3110 1093 3180 regio
1124 3109 1313 3165 morbo
1358 3111 1733 3167 laborantibus
1768 3112 2234 3199 prodesse.A3lia-
2259 3141 2302 3199 ο

672 3216 776 3255 nus
815 3201 907 3255 lib.
932 3215 1066 3264 xvu,
1103 3216 1224 3270 cap.
1259 3202 1325 3255 15
1350 3219 1364 3255 :
1394 3201 1699 3276 Χαραδριοῦ
1739 3201 1793 3255 δὲ
1831 3198 1897 3273 ἦν
1929 3203 2036 3274 ἄρα
2065 3202 2234 3276 δῶρον

667 3290 842 3356 τοῦτο,
892 3291 951 3345 ὃν
982 3292 1042 3345 οὐ
1081 3292 1156 3361 μὰ
1189 3292 1287 3345 Διὰ
1317 3292 1599 3363 ἀτιμάζειν
1627 3293 1788 3360 ἄξιον.
1825 3296 1925 3348 Ἦν
1957 3295 2106 3364 γοῦν,
2135 3298 2235 3351 ὐπ-

666 3381 1028 3453 αναπλησθεὶς
1049 3383 1109 3437 τὸ
1144 3383 1302 3454 σῶμα
1327 3384 1537 3455 ἰκτέρου
1563 3403 1666 3450 τις,
1696 3384 1813 3440 εἶτά
1842 3388 1891 3440 οἱ
1932 3388 2093 3460 δριμὺ
2127 3392 2236 3444 ὲνο-

669 3474 806 3547 ρὼῃ,
832 3476 861 3527 6
886 3473 942 3529 δὲ
973 3474 1289 3548 aversum.
1323 3476 1414 3528 καὶ
1445 3476 1587 3547 μάλα
1612 3495 1670 3530 τε
1701 3479 2009 3552 ἀτρέπτωρ,
2046 3480 2233 3553 ὥσπερ

666 3561 758 3619 οὖν
797 3565 1279 3636 ἀντιθυμούμενος,
1306 3570 1338 3638 ἡ
1370 3567 1587 3639 τοιαύτη
1619 3568 1909 3639 avectam;
1947 3572 2089 3624 ἰᾶται
2136 3570 2231 3625 τοῦ

667 3656 1063 3729 προειρημένου
1093 3656 1294 3715 πάθους
1322 3658 1410 3710 τὸν
1437 3657 1738 3730 ἄνθρωπον.

740 3746 899 3814 lbid.,
932 3748 1027 3802 lin.
1052 3748 1141 3804 45.
1186 3749 1243 3801 ’0
1257 3746 1326 3800 δὲ
1346 3752 1683 3818 μονόκερως
1710 3750 1873 3811 ζῶον.
1900 3751 2093 3809 Petrus
2127 3752 2233 3809 Da-

667 3843 906 3908 mianus,
932 3844 1023 3899 lib.
1052 3861 1115 3908 lt,
1144 3861 1229 3916 ep.
1263 3846 1360 3901 18:
1389 3845 1520 3912 Quis
1544 3844 1678 3899 hanc
1706 3846 2081 3917 ingenuitatem
2110 3851 2231 3904 uni-

666 3939 817 3991 corni
848 3936 1088 4003 contulit,
1124 3945 1182 3991 ut
1214 3936 1521 4008 dedignetur
1568 3937 1768 3992 viribus
1818 3938 1977 4004 vinci,
2008 3940 2228 3995 humili-

670 4026 797 4080 tatis
822 4036 935 4080 arte
966 4027 1201 4095 patiatur
1233 4044 1287 4082 se
1320 4029 1478 4098 facile
1509 4031 1793 4098 superari?
1829 4048 2097 4102 nunquam
2129 4035 2230 4088 sci-

670 4117 791 4171 licet
848 4135 881 4171 a
913 4119 1241 4174 venatoribus
1292 4122 1520 4188 capitur,
1555 4124 1660 4177 nisi
1711 4124 1859 4192 prius
1914 4124 1967 4178 in
2014 4125 2227 4195 virginis

667 4211 863 4279 gremio
892 4212 1190 4267 reclinetur.
1213 4211 1496 4268 Cardanus
1520 4226 1866 4270 monocerote
1892 4231 2017 4271 cum
2045 4218 2226 4272 rhino-

669 4310 849 4357 cerote
888 4301 1203 4360 confudisse
1248 4305 1663 4374 reprehenditur
1690 4322 1721 4362 a
1756 4306 1901 4363 Julio
1926 4308 2222 4381 Scaligero,

669 4408 854 4451 exere.
889 4394 1014 4451 205.
1046 4395 1150 4450 Alii
1184 4411 1401 4466 orygem
1432 4403 1593 4466 atque
1641 4409 2041 4457 monocerotem
2082 4420 2228 4458 eum-

1967 333 2214 391 LEONIS
2248 331 2518 388 ALLATII

3868 320 3924 373 θέε

2338 464 2528 509 auctor
2567 460 2752 508 noster
2803 452 2992 508 scribit
3030 466 3191 506 nemo
3225 464 3339 504 non
3382 446 3595 508 videt,
3644 456 3790 497 cum
3821 441 3922 496 illus

2336 563 2582 617 parvum,
2599 546 2736 600 haedi
2769 545 3150 616 magnitudine,
3164 545 3361 598 eximia
3384 539 3778 612 pernicitate
3800 546 3850 591 et
3871 554 3924 588 n-

2335 639 2628 705 hementia,
2658 652 2829 693 cornu
2868 637 2922 690 in
2954 636 3265 692 summitate
3309 633 3536 704 capitis
3574 629 3792 696 unico,
3822 627 3921 684 dias

2333 747 2474 786 esse.

2402 821 2562 885 Ibid.,
2586 821 2681 874 lin.
2716 819 2803 875 46.
2840 819 3194 890 Δριμύτατον
3212 816 3480 887 σφόδρα.
3512 812 3704 867 Phile
3731 811 3789 865 in
3818 809 3919 864 Iu-

2334 914 2446 977 bis,
2491 913 2558 968 ad
2613 926 2845 982 pugnam
2901 910 3404 981 promptitudiuem,
3480 922 3566 960 ex
3630 906 3917 959 vulneribus

2333 1008 2455 1061 aliis
2482 1006 2850 1060 animantibus
2882 1004 3143 1073 pericula.
3169 1016 3338 1055 cornu
3389 997 3589 1068 quale
3636 996 3740 1057 sit,
3779 996 3916 1066 ipsus

2333 1098 2552 1161 animal,
2586 1095 2855 1166 quomodo
2904 1101 3252 1148 mansuescat
3302 1092 3509 1145 multis
3556 1089 3913 1159 prosequitur.

2331 1189 2501 1260 Negat
2534 1198 2713 1244 tamen
2744 1186 3143 1243 Vartomannus
3177 1187 3410 1241 ferocem
3441 1198 3625 1237 esse.

2406 1280 2565 1346 Ibid.,
2590 1282 2683 1335 lin.
2708 1280 2795 1335 51.
2828 1281 2999 1333 Ἐστι
3022 1277 3089 1331 δὲ
3110 1274 3252 1338 ζῶον
3288 1275 3723 1342 καλούμενον.
3748 1269 3911 1325 Petrus

2335 1372 2627 1428 Damianus
2663 1372 2784 1426 libr.
2827 1387 2887 1433 ll,
2919 1370 3077 1439 epist.
3100 1384 3230 1423 xvm
3262 1367 3330 1421 ad
3358 1365 3738 1421 Desiderium
3765 1364 3901 1416 abha-

2336 1470 2465 1525 tem,
2502 1460 2693 1517 Castor
2735 1461 2910 1530 itaque
2950 1476 3067 1513 cum
3097 1475 3151 1513 se
3182 1458 3315 1512 videt
3355 1474 3389 1510 a
3430 1465 3700 1510 venatore
3721 1466 3900 1523 propter

2334 1554 2586 1624 genitalia
2620 1555 2877 1625 persequi,
2911 1551 3021 1606 lucc
3060 1552 3324 1605 mordicus
3373 1548 3684 1607 abscindit.
3714 1557 3762 1602 et
3799 1558 3899 1600 sate

2336 1647 2596 1701 venatoris
2647 1645 2834 1708 faciem
2887 1645 3116 1713 projicit.
3154 1642 3244 1698 Sic
3272 1642 3418 1696 illico
3448 1654 3675 1696 venator
3698 1641 3887 1701 accedit,

2336 1735 2461 1789 dum
2491 1735 2544 1790 id
2575 1745 2786 1804 propter
2806 1734 2942 1806 quod
2971 1750 3085 1788 eum
3119 1731 3533 1802 persequebatur
3561 1732 3790 1785 extorsit.
3831 1730 3882 1783 Si

2337 1843 2455 1882 vero
2507 1826 2802 1896 contigerit,
2844 1836 2898 1879 ut
2950 1826 3084 1879 alter
3129 1842 3245 1880 eum
3289 1840 3481 1877 cursus
3530 1834 3729 1878 venator
3759 1824 3875 1875 inu-

2337 1918 2471 1978 niat,
2511 1932 2727 1986 eumque
2774 1916 2950 1969 acrius
3000 1926 3049 1968 et
3082 1915 3369 1969 instantius
3408 1930 3714 1983 persequens,
3754 1929 3865 1965 eva-

2336 2004 2493 2059 dendi
2535 2006 2739 2059 aditum
2767 2004 2998 2073 jamjam
3031 2004 3305 2073 desperare
3357 2006 3621 2072 compellet,
3644 2006 3693 2056 in
3716 2014 3854 2059 ercto

2335 2100 2468 2156 situs
2509 2100 2564 2153 in
2604 2116 2661 2153 os
2694 2116 2745 2153 se
2775 2099 3035 2153 venatoris
3068 2100 3219 2169 erigit
3271 2098 3459 2167 sibique
3477 2098 3630 2150 deesse
3657 2096 3834 2157 virilia,

2334 2202 2544 2262 propter
2567 2208 2683 2262 qua:
2736 2204 3062 2262 perurgetur,
3110 2191 3362 2244 ostendit.
3398 2190 3467 2244 Sic
3509 2189 3561 2240 ab
3587 2190 3815 2241 insectan-

2337 2294 2404 2338 tis
2434 2284 2686 2338 venabqu
2731 2283 2985 2337 liberatur
3008 2281 3132 2334 dum
3171 2280 3399 2334 ostendit
3419 2280 3502 2333 sibi
3534 2278 3668 2331 deme
3693 2277 3808 2346 quod

2334 2377 2607 2446 quwritur.
2666 2374 2898 2437 Plinius,
2957 2374 3051 2428 lib.
3088 2388 3206 2437 vri,
3259 2388 3381 2441 cap.
3414 2372 3502 2433 3'6,
3532 2370 3810 2422 Auimth-

2334 2467 2483 2523 rcndi
2514 2486 2739 2532 morsus,
2785 2468 2997 2522 arbores
3021 2466 3188 2537 juxta
3216 2467 3520 2537 [inminuit
3543 2464 3667 2535 {eam
3689 2463 3827 2517 (τάὶῐ.

2338 2560 2580 2616 Hominis
2634 2572 2782 2631 parte
2835 2562 3200 2630 comprehensa
3258 2578 3361 2614 non
3411 2571 3671 2629 antequam
3703 2559 3834 2625 fracta

2334 2660 2728 2723 concrepuerint
2759 2672 2902 2717 ossa,
2941 2671 3144 2709 morsus
3196 2655 3425 2709 resolvit.
3452 2653 3626 2723 Hujus
3663 2653 3708 2703 in
3742 2666 3838 2719 pro.

2335 2748 2642 2804 sternendis
2671 2748 2955 2803 arboribus
2980 2747 3253 2801 solertiam
3289 2755 3343 2800 et
3386 2761 3612 2815 scopum
3652 2743 3709 2797 ab
3741 2757 3840 2793 ocu-

2337 2841 2446 2894 lato
2480 2848 2618 2894 teste
2640 2839 2744 2895 sibi
2785 2839 3015 2893 relatum
3050 2836 3217 2891 tradit
3244 2836 3535 2892 Couradus
3558 2834 3847 2889 Ritthv-rshu-

2336 2932 2472 2993 sius,
2519 2930 2820 2985 Comment.
2850 2932 2900 2984 in
2932 2931 3026 2985 lib.
3072 2947 3085 2984 ι
3125 2932 3375 2985 Ἀλιευτ.
3408 2929 3658 2999 Oppiani.
3696 2924 3841 2979 Hiram

2333 3021 2621 3091 pra'dicant
2649 3038 2759 3076 esse
2792 3021 2947 3088 hujus
2980 3022 3212 3077 bestiolae
3235 3021 3537 3083 solertiam,
3570 3037 3671 3091 qua
3696 3019 3741 3070 in
3764 3031 3845 3083 pro-

2335 3113 2625 3168 sternendis
2670 3113 2946 3168 arboribus
2999 3125 3202 3169 utatur.
3243 3114 3460 3181 Quoties
3505 3111 3736 3167 dentibus
3770 3109 3845 3162 suis
3946 3106 3947 3113 “

2341 3205 2500 3257 ictum
2533 3204 2729 3273 inﬂixit
2782 3204 2976 3263 arbori.
3010 3207 3162 3259 toties
3203 3204 3266 3257 ob
3296 3203 3475 3258 eadem
3506 3203 3775 3272 procurrit,
3797 3201 3847 3253 ri-

2339 3309 2455 3346 sum
2484 3308 2549 3346 an
2584 3302 2748 3358 nutet,
2801 3310 2869 3347 an
2919 3295 3129 3346 ruinam
3173 3294 3419 3354 minetur,
3466 3311 3533 3346 ne
3566 3294 3696 3357 forte
3725 3290 3777 3343 ab
3806 3305 3847 3341 es
3948 3288 3949 3309 ‘

2339 3393 2697 3453 opprimatur;
2718 3383 2803 3437 ubi
2825 3384 2956 3438 nihil
2983 3384 3203 3455 periculi
3218 3401 3329 3439 esse
3350 3385 3506 3438 videt.
3530 3386 3716 3439 arbore
3729 3380 3852 3434 adita:

2339 3475 2495 3541 ﬁrma
2534 3475 2747 3545 plagam
2792 3475 2992 3543 repetit,
3039 3474 3165 3527 dum
3219 3492 3281 3528 ea
3325 3474 3538 3529 tandem
3572 3472 3846 3543 prolabatur.

2338 3562 2446 3619 Cur
2482 3576 2655 3618 autem
2687 3566 2896 3619 arbores
2926 3566 3080 3620 caedit
3110 3583 3172 3620 ac
3197 3568 3444 3636 proruit?
3483 3568 3730 3620 nimirum
3754 3563 3849 3616 idem
3948 3560 3949 3563 “

2338 3671 2393 3711 ut
2424 3659 2478 3712 in
2513 3675 2678 3730 aquas
2734 3658 3015 3727 prolopsce,
3057 3658 3202 3728 [aliis
3234 3669 3282 3714 et
3320 3659 3484 3713 ramis
3506 3659 3641 3713 limo
3670 3655 3847 3711 obductis

2336 3752 2500 3819 pisces
2544 3751 2806 3815 alliciant,
2859 3768 2987 3821 quos
3030 3752 3206 3821 capiat
3236 3761 3297 3804 ac
3339 3749 3548 3805 devoret
3600 3751 3736 3818 ﬁber.
3765 3747 3850 3798 llr:

2337 3843 2536 3897 amicus
2564 3842 2778 3913 quidam
2800 3852 3070 3911 paternus,
3103 3844 3192 3913 qui
3222 3843 3335 3908 eius
3365 3845 3438 3897 rei
3464 3845 3735 3910 αὐτόπτης
3763 3839 3845 3906 fuit.

2336 3934 2623 4005 aliquando
2672 3934 2799 3988 mihi
2855 3934 3055 3989 retulit.
3115 3933 3452 3990 Mansuetum
3510 3950 3645 3990 esse
3689 3940 3846 3987 rasum

2334 4036 2524 4082 contra
2586 4027 2896 4083 Cardanum
2969 4036 3129 4096 negat
3195 4025 3453 4098 Scaliger,
3521 4043 3707 4084 exere.
3756 4022 3843 4084 ill,

2335 4134 2483 4173 num.
2518 4118 2569 4173 6.

2404 4209 2563 4273 lbid.,
2593 4211 2688 4265 lin.
2718 4211 2805 4266 52.
2849 4211 3201 4280 Χρησιμεύει
3238 4210 3306 4264 δὲ
3342 4212 3414 4265 τὰ
3442 4211 3665 4269 αἰδοῖα.
3701 4209 3840 4263 Eorum

2334 4302 2389 4356 in
2421 4302 2700 4358 medicinis
2727 4318 2887 4376 usum.
2916 4302 3084 4356 babes
3112 4302 3253 4372 apud
3283 4301 3539 4368 Plinium,
3588 4304 3689 4358 lib.
3719 4311 3843 4357 mm

2332 4393 2496 4463 capit.
2532 4394 2584 4457 '5,
2616 4400 2669 4447 et
2699 4392 2836 4447 alios
2864 4392 3124 4447 medicos.

668 4484 791 4539 dem
826 4499 947 4541 esse
978 4485 1222 4540 arbitrati
1262 4493 1407 4539 sunt.
1436 4484 1608 4555 llujus
1642 4490 1980 4545 confusionis
2011 4491 2100 4544 illa
2133 4491 2233 4546 fuit

2403 4483 2564 4548 lbid.,
2615 4485 2713 4538 lin.
2761 4484 2849 4538 55.
2897 4485 3260 4553 Διωκόμενον
3302 4479 3431 4539 οὖν.
3470 4481 3525 4537 Si
3572 4478 3778 4554 (ιυήἁο
3807 4479 3842 4529 in

668 4576 840 4645 origo,
867 4575 1009 4645 quod
1042 4576 1298 4645 pleraque
1328 4575 1583 4629 animalia
1622 4578 1783 4632 unico
1817 4586 2027 4633 tantum
2058 4596 2230 4635 cornu

669 4665 1075 4730 decorarentur,
1120 4673 1280 4736 atque
1337 4674 1702 4722 armarentur.
1750 4666 1931 4734 Quare
1980 4673 2229 4727 nonnulli

669 4767 870 4827 septem
912 4758 1226 4813 animalium
1268 4773 1462 4829 genera
1493 4759 1655 4813 unico
1685 4776 1855 4814 θοι-[ιιι
1901 4762 2232 4818 adnotarunt

670 4849 725 4902 in
758 4848 951 4903 Plinio.
975 4847 1215 4919 Scaliger
1243 4850 1362 4903 loco
1393 4848 1448 4903 d.
1474 4865 1539 4905 ex
1564 4850 1810 4919 corporis
1841 4851 2014 4907 forma
2047 4854 2229 4911 diver-

670 4941 948 4997 sissimam
975 4956 1098 4997 esse
1118 4941 1456 4997 rhinocerota
1474 4958 1502 4994 a
1517 4951 1859 4998 monocerote
1875 4944 2225 5002 demonstrat.

668 5032 875 5088 Plinius
907 5033 1002 5094 ita,
1030 5034 1307 5103 graphice,
1332 5034 1561 5097 lib.vm,
1587 5048 1708 5104 cap.
1740 5034 1804 5088 21
1832 5036 2227 5105 :Asperrimam

669 5132 840 5179 autem
879 5122 1049 5193 [eram
1071 5136 1447 5179 monocerotem
1475 5126 1673 5196 reliquo
1694 5142 1906 5196 corpore
1937 5144 2065 5198 equo
2089 5131 2229 5183 simi-

668 5219 789 5281 lem,
838 5218 1004 5286 capite
1057 5233 1225 5279 cervo,
1266 5219 1478 5287 pedibus
1502 5219 1798 5288 elephanto,
1850 5221 2021 5275 cauda
2072 5237 2221 5289 apro,

666 5311 865 5381 mugitu
910 5311 1077 5382 gravi,
1104 5327 1207 5365 uno
1244 5328 1406 5365 cornu
1448 5314 1596 5382 nigro
1626 5312 1796 5366 media
1828 5313 1998 5383 fronte
2024 5313 2226 5367 cubito-

668 5418 780 5453 rum
816 5400 988 5455 decem
1012 5402 1285 5456 eminente.
1313 5400 1359 5454 Η
1368 5419 1463 5455 anc
1495 5403 1659 5472 [eram
1682 5404 1847 5457 vivam
1880 5413 2065 5472 negant
2088 5406 2224 5474 capi.

666 5490 795 5546 ltem
820 5493 1059 5556 Solinus,
1089 5506 1209 5563 cap.
1241 5492 1346 5558 35;
1381 5492 1780 5548 Vartomannus
1810 5510 1875 5549 ex
1909 5494 2184 5565 Scaligero
2209 5516 2221 5550 :

673 5584 1017 5640 Unicornibus
1075 5586 1192 5654 equi
1242 5583 1567 5655 magnitudo,
1622 5600 1799 5648 crura,
1845 5586 2018 5655 pedes,
2069 5597 2226 5657 caput

668 5676 820 5740 (ervi,
834 5677 929 5746 pili
958 5677 1102 5732 color
1128 5676 1319 5742 balius,
1344 5677 1463 5748 equi
1481 5676 1616 5746 juba
1638 5677 1833 5742 rarior,
1866 5677 2065 5732 brevior
2082 5694 2227 5732 coxa:

668 5766 894 5835 villosa’,
930 5777 1034 5824 etc.
1068 5767 1238 5835 Quem
1287 5771 1519 5828 maxime
1559 5769 1777 5826 dill‘errc
1820 5770 1888 5827 ab
1916 5770 2019 5826 hoc
2062 5786 2222 5842 quem

2335 4576 2575 4646 periculo
2604 4583 2753 4640 sunt,
2802 4575 3218 4645 insequentibus
3254 4576 3480 4630 canibus
3524 4581 3578 4630 et
3622 4566 3838 4630 venatori-

2332 4671 2452 4731 bus,
2486 4684 2779 4739 praemorsa
2813 4668 2914 4724 sibi
2944 4683 3042 4723 sua
3073 4669 3325 4740 genitalia
3352 4668 3610 4738 abjicere,
3632 4678 3777 4737 atque
3796 4662 3840 4715 ita

2331 4760 2578 4826 evadere,
2612 4774 2640 4813 a
2687 4760 2933 4829 pluribus
2982 4760 3340 4830 scriptoribus
3391 4761 3673 4816 memoria!
3709 4753 3841 4828 prodi-

2330 4860 2444 4905 tum
2475 4858 2579 4913 est,
2619 4866 2785 4921 seque
2821 4866 2884 4907 ea
2916 4859 3069 4922 parte
3096 4852 3341 4922 corporis
3374 4852 3643 4907 redimere
3674 4858 3842 4923 propter

2330 4956 2492 5012 quam
2539 4943 2777 4997 maxime
2805 4949 3154 5013 expetuntur.
3190 4941 3368 4999 llorus
3401 4944 3491 4999 lib.
3530 4960 3591 5009 ιι,
3624 4958 3740 5013 cap.
3765 4934 3837 4991 65:

2341 5035 2578 5097 Ἐκεῖνος
2629 5031 2736 5104 γὰρ
2783 5017 3247 5104 καταδιωκόμενος
3289 5035 3367 5098 εἰς
3421 5033 3519 5104 τὴν
3559 5033 3730 5105 ἄγραν
3755 5029 3840 5087 τοὺς

2331 5125 2491 5189 ἰδίους
2535 5124 2787 5195 διδύμους
2832 5123 3093 5178 ἀποσπῶν
3139 5126 3338 5195 ῥίπτει.
3382 5124 3590 5181 Plinius
3629 5126 3720 5180 lib.
3754 5134 3838 5177 rttt.

2326 5233 2451 5286 cap.
2492 5217 2561 5272 '50
2592 5236 2603 5270 :
2639 5215 2865 5270 Easdem
2892 5224 3073 5286 partes
3111 5216 3213 5271 sibi
3249 5218 3349 5286 ipsi
3378 5216 3586 5271 Pontici
3614 5217 3841 5285 amputat

2327 5310 2448 5380 ﬁbri
2473 5310 2701 5379 periculo
2724 5319 2955 5380 urgente,
3001 5309 3063 5364 ob
3091 5308 3188 5365 hoc
3226 5325 3281 5364 se
3307 5312 3412 5381 peti
3437 5311 3611 5381 gnari.
3651 5309 3838 5365 Juretus.

2326 5403 2416 5466 lis,
2449 5401 2562 5457 Sat.
2594 5402 2681 5467 12,

2877 5513 3127 5568 Imitatus
3156 5524 3386 5580 castora,
3417 5516 3504 5581 qui
3529 5530 3584 5569 se

2328 5584 2635 5647 Eunuchum
2671 5586 2780 5653 ipse
2808 5586 2935 5654 facit
2962 5586 3171 5653 cupiens
3195 5587 3408 5639 evadere
3426 5585 3637 5650 damno,

2331 5656 2713 5710 Testiculorum
2742 5656 2870 5710 adeo
2901 5656 3209 5709 meditatum
3241 5655 3481 5725 intelligit
3517 5657 3732 5726 inguent.

2327 5769 2649 5827 Ammianus
2674 5769 3021 5829 Marcellinus
3047 5771 3143 5828 lib.
3172 5786 3282 5827 xvn
3311 5789 3325 5841 ;
3371 5770 3619 5828 Ailianus
3648 5772 3717 5828 De
3740 5764 3832 5825 ltiti-
