4064 6290
65 358 189 441 ε)δὶ
1199 396 1263 451 vv
1307 392 1669 451 ausura“
1710 395 1752 451 ιι

1854 393 2177 450 AEMEBON
2215 389 2448 452 NOTAE.
3320 398 3425 454 962

66 508 333 573 femina:
374 520 574 581 caput
611 515 921 586 impingat,
947 513 1093 586 quod
1122 514 1221 569 illa
1248 531 1359 585 pra:
1387 514 1542 568 nimii
1569 515 1768 568 amoris
1795 522 1842 577 Α
1871 526 2011 578 ram,
2045 511 2190 582 quod
2221 520 2276 568 et
2303 512 2527 567 tradidit
2574 512 2894 584 Apollonius
2942 512 3086 584 apud
3119 507 3425 571 Philostra-

68 599 493 666 impatie’ntia
533 608 846 663 mordenda
871 608 1148 678 pra'cidat,
1193 623 1254 662 ac
1273 616 1466 676 praesto
1490 605 1765 676 deglutiat,
1869 611 1984 657 tum
2003 642 2019 668 ,
2048 612 2104 657 et
2151 603 2417 660 Maximus
2467 602 2686 675 Tyrius.
2733 602 2801 657 Et
2823 602 3008 659 Romae
3042 605 3340 674 saepissime
3369 608 3426 661 in

70 706 154 743 ea:
186 693 374 762 cujus
433 700 674 766 capitis
716 699 882 753 oculis
926 698 1030 752 duo
1066 698 1231 753 catuli
1277 707 1654 766 procreantur,
1678 697 1769 766 qui
1866 696 2059 765 ligneis
2087 697 2260 752 thecis
2301 704 2463 751 enata
2508 697 2727 753 soboles
2767 696 2837 751 ab
2864 696 3117 751 omnibus
3160 698 3425 765 cernitur,

77 793 311 852 partus
359 796 649 857 tempore
688 800 927 845 materna
973 790 1143 844 latera
1182 789 1425 859 utrinque
1459 788 1765 857 corrodunt,
1863 795 1917 844 et
1958 804 2157 860 parens
2205 790 2358 846 salva
2403 804 2469 844 ac
2503 797 2786 860 superstes
2821 806 2837 855 ;
2889 796 2944 843 et
2971 802 3071 858 ego
3103 789 3268 843 etiam
3295 788 3424 843 vidi.

82 884 144 927 et
175 875 272 929 sic
306 878 694 935 altrinsecus
718 881 877 934 simul
897 881 1207 943 occidentes,
1225 888 1273 933 et
1303 888 1573 933 nascentes
1593 895 1767 934 erum-
1863 880 2102 938 Consule
2130 879 2480 950 Rodiginum,
2507 881 2604 938 lib.
2622 896 2833 950 vl,cap.
2862 881 2950 935 i5.
2983 880 3118 935 Illud
3142 880 3302 935 etiam
3331 880 3425 934 ad-

85 976 276 1033 punt.
317 968 449 1035 Qui
481 974 763 1051 uintirum
784 983 905 1027 ante
932 982 1052 1027 sunt
1078 972 1357 1040 parricidae
1388 987 1545 1042 quam
1570 972 1690 1041 ﬁlii,
1718 980 1767 1024 et
1862 974 2009 1038 dam,
2061 973 2370 1029 Cardanum
2411 989 2441 1028 a
2479 974 2754 1044 Scaligero
2800 988 2982 1029 exere.
3039 972 3142 1029 125
3191 982 3246 1028 et
3295 972 3423 1038 185,

95 1058 241 1112 ideo
284 1077 619 1132 nunquam
647 1074 838 1134 prater
866 1064 996 1118 duos
1021 1064 1154 1119 valet
1195 1063 1352 1133 hujus
1382 1068 1582 1135 generis
1616 1079 1766 1117 exce-
1863 1081 2014 1120 num.
2049 1065 2136 1130 i5,
2174 1066 2518 1137 reprehendi,
2556 1066 2701 1136 quod
2731 1067 2938 1122 scilicet
2968 1065 3209 1136 aspidem
3264 1071 3319 1119 et
3345 1065 3425 1118 vi-

1862 1173 2047 1228 peram
2098 1173 2263 1212 unam
2312 1165 2365 1212 et
2412 1157 2655 1212 eamdem
2700 1156 3019 1226 agnoverit;
3053 1156 3195 1210 sicut
3229 1154 3285 1209 in
3312 1154 3428 1225 epi-

1862 1247 1999 1301 stola
2021 1246 2254 1315 quadam
2277 1260 2437 1299 manu
2462 1247 2680 1315 propria
2706 1245 2941 1300 Cardani
2967 1245 3170 1314 scripta
3201 1260 3260 1300 se
3290 1244 3427 1299 Sca—

1860 1336 1995 1408 liger
2041 1335 2245 1391 vidisse
2291 1344 2560 1400 testatur,
2608 1353 2733 1392 eum
2773 1338 3054 1407 dipsadem
3085 1354 3209 1392 cum
3242 1339 3426 1408 vipera

1860 1428 2003 1483 idem
2029 1429 2396 1483 existimasse.
2429 1428 2624 1484 Petrus
2661 1430 2789 1484 item
2820 1430 3118 1497 Bellonius,
3148 1431 3421 1487 Observat.

1861 1520 1955 1575 lib.
1994 1536 2069 1584 ιι,
2101 1534 2222 1590 cap.
2253 1519 2321 1574 54
2342 1559 2357 1583 ,
2386 1518 2585 1575 fatetur
2632 1536 2691 1576 se
2717 1520 2899 1575 verbis
2935 1521 3297 1577 Aristotelicis
3324 1522 3426 1576 im-

1858 1613 2076 1682 pulsum
2100 1651 2114 1674 ,
2149 1614 2366 1683 viperas
2405 1623 2746 1684 praegnantes
2773 1614 3096 1669 observasse
3120 1632 3133 1668 :
3165 1630 3286 1684 qua:
3306 1614 3426 1670 sine

97 1149 256 1206 dens
292 1153 542 1224 aliquid
581 1157 834 1212 inveniri.
867 1156 981 1211 Duo
1014 1164 1195 1212 tamen
1230 1157 1319 1210 hic
1343 1155 1411 1211 de
1441 1165 1637 1210 natura
1668 1155 1766 1210 hu-

96 1236 213 1304 jus
245 1245 580 1310 serpentis
609 1286 626 1308 ,
659 1261 780 1314 quae
827 1244 990 1300 refert
1021 1246 1108 1299 hic
1140 1253 1368 1309 auctor,
1399 1255 1453 1300 et
1484 1245 1636 1299 multi
1673 1245 1765 1299 alii

106 1344 242 1385 uno
281 1346 425 1397 ore,
489 1337 906 1391 consideranda
935 1343 1085 1401 sunt,
1116 1344 1170 1391 et
1214 1337 1447 1407 primum
1485 1337 1553 1391 de
1584 1338 1761 1405 coitu;

109 1423 205 1476 ait
248 1426 426 1479 enim
454 1465 472 1490 ,
522 1429 777 1499 viperam
818 1445 912 1499 per
938 1444 1004 1483 os
1055 1444 1241 1484 semen
1286 1429 1558 1499 excipere,
1593 1446 1764 1484 mem-

112 1513 447 1586 bru-mque
484 1522 671 1574 maris
699 1534 794 1574 ore
820 1519 1091 1582 excidere,
1125 1521 1226 1576 hac
1256 1521 1468 1576 ratione
1497 1526 1631 1574 mari
1666 1537 1763 1576 ne-

116 1622 261 1662 cem
296 1612 602 1679 parando.
627 1612 741 1666 Hoc
773 1613 912 1667 idem
941 1613 1102 1667 aliter
1128 1613 1220 1666 alii
1254 1621 1497 1675 narrant,
1520 1614 1760 1682 viperam

118 1698 441 1756 duntaxat
479 1704 576 1756 ori
607 1717 708 1758 suo
739 1702 905 1756 maris
936 1709 1101 1772 caput
1152 1703 1355 1757 habere
1400 1702 1664 1757 insertum
1704 1702 1759 1758 in
1859 1705 2063 1760 tunicis
2096 1704 2338 1760 sobolem
2368 1707 2645 1776 peperisse
2671 1708 2804 1760 visae
2834 1714 2979 1761 sunt.
3009 1704 3109 1771 Qui
3137 1714 3318 1760 tamen
3343 1707 3427 1760 vi-

124 1790 328 1854 coitu,
366 1798 431 1845 et
466 1790 615 1845 illud
645 1790 839 1846 ardore
872 1791 1110 1845 libidinis
1148 1805 1504 1859 pnetnorsum
1535 1789 1758 1844 abscin-
1860 1811 2048 1868 peram
2082 1811 2200 1850 eam
2237 1795 2510 1866 intelligit,
2540 1811 2703 1865 quam
2752 1795 3104 1852 Turnnenses
3159 1804 3214 1851 et
3241 1795 3422 1850 Ceno-

129 1881 307 1938 dere.
332 1882 565 1945 Horus,
597 1885 691 1939 lib.
725 1899 786 1938 ιι.
818 1899 936 1953 cap.
956 1883 1055 1938 59:
1078 1882 1225 1954 Αὕτη
1255 1882 1383 1954 γὰρ,
1414 1883 1539 1936 ὅταν
1566 1881 1756 1951 συγγέ-

1860 1888 2047 1942 manni
2071 1887 2230 1953 Aspic
2258 1889 2539 1943 nominant
2561 1903 2679 1958 quae
2707 1904 2868 1959 quam
2898 1904 3025 1944 vera
3054 1888 3164 1943 sint
3196 1888 3422 1944 alterius

134 1991 319 2045 νηται
339 1973 433 2044 τῷ
453 1973 675 2046 apem,
701 1974 877 2045 στόμα
908 1973 1132 2045 στόματι
1154 1971 1482 2044 ἐμϐαλοῦσα,
1501 1972 1594 2025 καὶ
1623 1970 1756 2041 μετὰ

1857 1980 1959 2034 erit
1982 1978 2188 2047 negotii
2220 1979 2515 2035 discutere.
3176 2050 3177 2053 η

133 2066 205 2118 τὸ
237 2066 707 2138 ἀποζευχθῆναι,
727 2064 1069 2119 ἁποδακοῦσα
1090 2063 1188 2135 τὴν
1219 2063 1456 2134 κεφαλὴν
1481 2061 1573 2116 τοῦ
1600 2062 1756 2132 appe-

1928 2069 2061 2125 lbid.
2083 2108 2099 2134 ,
2147 2071 2244 2124 lin.
2275 2071 2328 2125 9.
2371 2071 2656 2140 ιἠράσας
2691 2073 2759 2127 δὲ
2785 2078 2819 2129 ὀ
2856 2074 3010 2144 ὄφις.
3043 2072 3120 2130 De
3147 2084 3421 2146 serpente,

139 2175 265 2220 νος,
299 2159 566 2231 ἀναιρεῖ.
596 2158 850 2222 Basilius,
871 2155 1070 2211 Contra
1100 2155 1418 2223 feneratores
1438 2194 1452 2216 ,
1494 2163 1549 2208 et
1579 2152 1653 2206 De
1680 2154 1756 2206 in-

1858 2161 1979 2231 ejus
2018 2172 2249 2227 natura,
2293 2172 2347 2218 et
2388 2160 2661 2234 quomodo
2703 2176 2976 2223 senectam
3004 2177 3200 2231 exuat,
3226 2167 3423 2223 Petrus

138 2250 330 2313 vidia;
365 2249 663 2313 IElianus,
695 2249 772 2303 De
794 2250 919 2303 hist.
953 2248 1142 2312 anim.,
1176 2247 1267 2301 lib.
1301 2262 1341 2309 ι,
1371 2260 1492 2315 cap.
1526 2243 1615 2309 14,
1651 2244 1756 2299 etsi

1860 2254 2187 2323 Damianus,
2231 2257 2326 2312 lib.
2362 2274 2435 2325 ιι,
2476 2260 2640 2329 epist.
2688 2261 2800 2327 18;
2843 2258 3128 2324 Elianus,
3172 2260 3247 2316 De
3291 2261 3418 2315 hist.

146 2341 471 2410 paululum
504 2341 577 2395 ab
605 2340 726 2393 aliis
752 2339 938 2393 varius
964 2335 1135 2402 Phile,
1172 2336 1224 2390 in
1244 2333 1445 2389 lambis
1464 2349 1483 2388 :

1858 2349 2022 2405 anim.
2056 2349 2151 2404 lib.
2185 2367 2259 2416 ix,
2277 2365 2398 2420 cap.
2430 2351 2516 2415 16,
2536 2352 2629 2416 ait,
2663 2361 2970 2424 serpentem
3003 2354 3263 2409 foeniculo
3290 2369 3422 2409 ocu-

1857 2439 1928 2495 lis
1952 2441 2212 2498 al'fricatis
2233 2444 2514 2498 oculorum
2545 2446 2925 2500 hebetudinem
2958 2445 3230 2516 abjicere;
3263 2462 3422 2502 sene-

1857 2544 2017 2588 scunt
2043 2535 2185 2588 enim
2220 2536 2365 2590 oculi
2399 2544 2454 2591 et
2490 2538 2648 2591 sicuti
2686 2537 2951 2607 reliquum
2989 2552 3221 2607 corpus,
3265 2538 3338 2591 ita
3365 2547 3421 2592 et

1856 2627 1998 2681 oculi
2028 2643 2139 2681 suae
2167 2627 2519 2697 perfectionis
2549 2629 2751 2683 habent
2787 2628 3078 2683 terminum
3145 2645 3304 2699 quem
3333 2639 3417 2682 at-

1856 2718 2096 2788 tingant,
2125 2735 2283 2789 quem
2309 2721 2355 2775 si
2384 2721 2721 2776 excesserint
2751 2721 2931 2775 lumen
2963 2722 3293 2785 absumunt,
3335 2723 3420 2776 in-

1856 2807 2105 2881 ﬁrmique
2134 2810 2467 2877 redduntur,
2509 2814 2672 2867 Ὅταν
2719 2812 3051 2883 ἀποδύσηται
3085 2814 3147 2867 τὸ
3182 2813 3359 2886 γῆρας
3394 2814 3425 2866 ὁ

1854 2900 2010 2970 ὖφις,
2051 2904 2427 2975 ὐπαρχομένου
2461 2905 2517 2957 δὲ
2546 2906 2638 2959 τοῦ
2675 2902 2808 2977 ἦρος
2847 2905 2947 2976 δρᾷ
2977 2904 3165 2970 τοῦτο,
3194 2904 3426 2959 ἐνταῦθά

1854 3007 1935 3045 τοι
1965 2994 2061 3046 καὶ
2089 2995 2197 3049 τῶν
2234 2996 2527 3069 ὀφθαλμῶν
2549 2998 2647 3070 τὴν
2681 2998 2867 3069 ἀχλὺν,
2900 2999 2995 3052 καὶ
3021 2998 3082 3052 τὸ
3113 2997 3292 3068 ἀμϐλὺ
3321 2998 3423 3068 τῆς

1855 3083 2030 3155 ὅψεως
2060 3085 2303 3156 ῥίπτεται
2322 3128 2336 3150 ,
2358 3092 2455 3143 καὶ
2478 3091 2652 3143 ἐκεῖνο
2681 3091 2755 3154 ὡς
2788 3091 2964 3162 γῆρας
2992 3088 3305 3160 ὀφθαλμῶν.
3333 3089 3424 3158 Τῷ

1855 3175 1912 3230 δὲ
1944 3178 2208 3251 μαράθρῳ
2240 3181 2671 3252 προῦποθήγων,
2713 3182 2804 3235 καὶ
2834 3182 3145 3254 περιψήχων
3172 3179 3235 3233 τὸ
3268 3180 3423 3251 ὄμμα

1859 3273 2152 3345 ἑκάτερον,
2194 3270 2311 3329 εἶτα
2352 3275 2578 3345 ὲξάνθης
2618 3275 2769 3329 τοῦδε
2799 3276 2889 3329 τοῦ
2932 3275 3134 3338 πάθους
3190 3276 3417 3343 γίνεταιι

1858 3361 2222 3431 ’Δμδλυώττει
2254 3363 2312 3417 δὲ
2354 3364 2461 3434 ἄρα
2506 3363 2595 3417 διὰ
2620 3362 2713 3416 τοῦ
2755 3363 3018 3434 χειμῶνος
3046 3362 3325 3433 φωλεύσας
3364 3365 3422 3415 ὲν

1860 3451 2012 3522 μυχῷ
2034 3453 2127 3505 καὶ
2155 3453 2347 3525 σκότῳ.
2371 3453 2577 3507 Οὐκοῦν
2606 3452 2937 3507 παλαιοῦσαν
2965 3455 3028 3506 ὲκ
3051 3452 3159 3506 τῶν
3188 3452 3420 3524 κρυμῶν

1854 3541 1962 3594 τῶν
2004 3541 2159 3605 ζώων
2192 3542 2292 3615 τὴν
2327 3541 2449 3613 ὄψιν
2478 3542 2873 3614 ὑποθερμαϊνον
2897 3542 2958 3595 τὸ
2989 3541 3261 3613 μάραθρον
3289 3541 3420 3596 καθ-

1853 3632 2016 3705 αίρει,
2046 3635 2138 3686 καὶ
2165 3634 2567 3705 ὀξυωπέπερον
2622 3634 2930 3703 ἀποφαίνει.
2967 3633 3034 3687 Ει
3059 3634 3287 3699 Plinius,
3323 3634 3416 3688 lib.

1856 3741 1972 3788 vni,
1992 3740 2111 3793 cup.
2143 3725 2213 3780 27
2240 3742 2253 3778 :
2279 3726 2476 3798 Anguis
2492 3727 2723 3796 hyberaa
2742 3727 2943 3781 latebra
2974 3727 3087 3782 visu
3116 3726 3416 3791 obscurato,

1856 3818 2126 3872 marathro
2170 3817 2341 3873 herba:
2373 3834 2483 3873 sese
2524 3818 2812 3887 a/fricans,
2847 3818 3025 3873 oculos
3068 3819 3309 3888 inungit,
3358 3833 3421 3870 ac

1858 3911 2051 3981 refovet
2076 3926 2095 3974 ;
2117 3913 2164 3965 si
2192 3927 2308 3965 vero
2346 3925 2580 3980 squamce
2615 3910 2953 3980 obtorpuere,
2986 3911 3151 3981 spinis
3183 3904 3418 3980 juniperi

1854 4017 1910 4056 se
1936 4002 2121 4057 scabit.
2150 4002 2216 4055 Et
2245 4003 2338 4057 lib.
2368 4018 2423 4068 ι,
2442 4018 2562 4073 cap.
2593 4002 2664 4057 25
2688 4018 2701 4055 :
2728 4002 3057 4058 Feniculum
3085 4004 3421 4058 nobilitat-ene

1855 4105 2109 4164 serpentes
2146 4104 2379 4166 gustatu,
2411 4105 2468 4149 ut
2496 4095 2633 4162 dixi,
2662 4107 2921 4150 senectam
2953 4096 3207 4160 eruenda,
3235 4095 3416 4150 oculo-

271 2454 470 2523 Ἐχις
503 2454 573 2508 δὲ
601 2454 811 2523 θερμὸς
844 2451 1253 2521 προσπλακεὶς
1279 2449 1356 2520 τῇ
1382 2447 1633 2523 συζύνφ,

273 2520 401 2578 Κάὶ
433 2520 553 2578 ’ἐὸν
574 2520 718 2590 τέὡζι
750 2520 1000 2590 natator
1026 2523 1116 2591 ἄρ’
1147 2523 1381 2586 ἀνύσας
1407 2520 1616 2588 τάμον,

272 2595 500 2650 Κεῐται
532 2593 843 2663 φονευθεὶς
870 2594 1016 2648 ὑπαὶ
1043 2591 1148 2659 τῆς
1180 2592 1495 2663 ἐραστρίας

283 2659 848 2743 [ὀὶζτοιίσὺνρρῖῇ
876 2659 1289 2743 laudarent:ch
1313 2659 1600 2743 ἐχομένης

288 2734 577 2803 Σοόαρὸν
600 2734 648 2787 τ’
674 2730 907 2787 ἐκεῖνον
934 2733 1303 2801 ὲκτεμούσης
1324 2730 1569 2799 αὐχένα.

164 2844 564 2914 Prudentius,
621 2845 1068 2918 Hamartigenia;
1106 2844 1348 2909 Plinius,
1397 2844 1496 2900 lib.
1533 2861 1562 2899 ι
1586 2884 1601 2909 ,
1634 2858 1753 2913 cap.

169 2937 269 3001 42,
321 2938 535 3007 Vipera:
561 2953 673 2991 mas
704 2945 860 3005 caput
889 2935 1072 2989 inserit
1104 2935 1157 2988 in
1189 2952 1269 3001 os,
1299 2933 1435 3005 quod
1475 2934 1568 2988 illa
1601 2934 1757 2988 abro-

169 3032 258 3084 dit
293 3030 593 3098 voluptatis
619 3027 907 3083 dulcedine.
949 3025 1013 3081 Et
1038 3043 1106 3082 ex
1133 3026 1528 3082 recentioribus
1559 3026 1755 3080 Adria-

175 3135 290 3174 nus
319 3117 549 3183 Junius,
578 3118 831 3173 emblem.
857 3116 944 3173 38.

251 3214 430 3279 lbid.,
466 3214 561 3267 lin.
595 3212 647 3267 5.
679 3212 838 3280 Αὕτη
867 3210 935 3265 δὲ
964 3210 1194 3281 ἔγγυος.
1231 3208 1541 3266 Secundum
1573 3216 1655 3266 est
1689 3208 1755 3266 de
1784 3226 1826 3282 (ς

173 3315 346 3375 partu
395 3322 622 3373 eorum;
661 3305 813 3359 aiunt
856 3318 1089 3375 namque
1139 3304 1284 3376 quod
1332 3303 1458 3367 lilii,
1503 3302 1756 3373 disrupto

169 3407 376 3453 ventre
399 3439 416 3462 ,
459 3413 726 3468 exesaque
757 3397 915 3453 vulva
961 3404 1292 3467 erumpunt,
1326 3404 1619 3467 pensantes
1645 3434 1660 3460 ,
1693 3410 1756 3449 ac

173 3492 525 3545 ulciscentes
576 3491 805 3560 primam
878 3487 1053 3560 pejori
1114 3489 1410 3559 impietate.
1464 3486 1645 3552 Phile,
1700 3488 1757 3543 in

180 3582 392 3636 lambis
410 3595 434 3634 :

292 3672 478 3740 Πλὴν
502 3672 638 3726 ἀλλ’
668 3674 701 3725 ὁ
728 3670 845 3741 μὲν
872 3672 1175 3739 τέθνηκεν.
1200 3669 1238 3740 ἡ
1268 3669 1336 3724 δὲ
1360 3670 1478 3741 νῦν
1509 3669 1666 3725 κύει·

294 3743 466 3798 Μετὰ
489 3742 557 3794 δὲ
588 3740 802 3809 μικρόν
830 3759 961 3795 τινα
985 3742 1138 3795 αὐτὰ
1164 3742 1235 3794 τὰ
1256 3740 1453 3809 βρέφη
1483 3743 1703 3809 χρόνον

300 3815 426 3878 Τὴν
448 3808 741 3881 μητρικὴν
761 3809 1249 3881 ρήξανταᾼνηδὺν
1277 3808 1474 3881 ἐξέδυ.

295 3883 396 3952 Μὴ
431 3878 579 3952 πλοῦν
614 3878 963 3950 τετιμώρηκε
990 3878 1069 3945 τῷ
1097 3880 1476 3948 φυτοσπόρῳ.

194 4000 410 4062 Horus,
440 3998 535 4051 lib.
570 4013 642 4059 ιι,
676 4010 798 4066 cap.
842 3994 949 4061 60;
988 3993 1293 4064 Antigonus
1327 3992 1644 4063 Carystius,
1679 3992 1757 4047 De

198 4091 471 4155 mirabil.,
517 4090 654 4145 Οὐδὲ
707 4089 884 4161 ἔχιδνα
932 4088 1033 4153 δίς.
1068 4086 1268 4141 Ἐσθιει
1317 4085 1427 4156 γὰρ
1467 4085 1634 4156 αὐτῆς
1658 4084 1757 4156 τὴν

194 4181 404 4236 κοιλίαν
430 4181 497 4234 τὰ
523 4180 751 4253 ἔμϐρυα.
782 4179 1050 4245 Allienus,
1075 4179 1166 4234 lib.
1191 4194 1209 4233 ι
1243 4178 1320 4233 De
1344 4178 1531 4232 histor.
1568 4182 1754 4243 anim.,

195 4288 317 4342 cap.
350 4271 420 4325 24
442 4311 457 4335 ,
486 4281 538 4327 et
589 4273 682 4326 lib.
721 4287 787 4325 xv
815 4314 831 4339 ,
865 4286 986 4341 Cap.
1020 4269 1087 4325 16
1110 4310 1125 4334 ,
1167 4287 1234 4325 ex
1275 4272 1544 4325 sententia
1574 4268 1755 4325 Theo-

197 4362 405 4432 phrasti
431 4363 525 4427 ait,
557 4372 800 4416 ventrem
833 4375 941 4415 non
993 4362 1208 4416 corrodi
1232 4401 1248 4425 ,
1281 4376 1457 4431 neque
1488 4361 1754 4431 disrumpi

195 4469 225 4505 a
262 4451 407 4518 tiliis,
440 4451 536 4508 sed
583 4453 710 4523 quia
746 4459 1012 4521 angustus
1054 4459 1140 4506 est
1188 4453 1327 4506 mole
1360 4451 1563 4507 sobolis
1597 4451 1755 4519 pelli-

1856 4205 2070 4259 rumque
2098 4192 2262 4243 aciem
2291 4204 2444 4243 succo
2476 4189 2588 4258 ejus
2636 4189 2929 4259 refovendo.
2969 4189 3289 4244 Aristoteles
3332 4195 3419 4241 ta-

1856 4293 1977 4331 nien
1999 4317 2013 4341 ,
2049 4278 2144 4332 lib.
2173 4293 2266 4332 vin
2300 4278 2373 4333 De
2409 4279 2533 4333 hist.
2581 4280 2743 4332 anim.
2766 4321 2781 4345 ,
2825 4294 2946 4350 cap.
2983 4279 3081 4344 17,
3109 4279 3322 4333 videtur
3359 4279 3414 4333 in

1855 4383 1916 4423 ea
1954 4385 2075 4424 esse
2104 4371 2372 4425 sententia
2395 4410 2408 4432 ,
2452 4371 2498 4426 si
2532 4381 2679 4425 recte
2709 4370 2831 4439 ejus
2868 4369 3032 4424 verba
3059 4369 3417 4424 consideren-

1857 4469 1977 4525 tur,
2006 4461 2258 4516 videlicet
2295 4472 2574 4532 serpentes
2602 4477 2711 4516 non
2743 4477 2864 4517 esse
2892 4476 3066 4518 caecos
3099 4481 3113 4516 :
3153 4461 3250 4517 sed
3288 4461 3417 4531 quia

195 4553 303 4606 tur.
328 4544 420 4613 qui
451 4558 574 4597 cum
602 4542 765 4597 reniti
788 4558 896 4597 non
930 4543 1102 4612 possit
1126 4542 1515 4612 ρεηυηιρῖιυτο
1540 4550 1594 4598 ει
1618 4556 1753 4598 acus
1787 4558 1830 4611 ι)
1858 4558 2015 4627 pellis
2036 4558 2125 4612 illa
2149 4558 2263 4612 sive
2285 4565 2504 4613 senecta
2526 4557 2759 4626 primum
2788 4555 3094 4610 detrahitur
3122 4557 3191 4609 ab
3215 4556 3415 4619 oculis,

196 4635 420 4691 marinae
452 4635 699 4706 exemplo
729 4634 1057 4705 persuadere
1088 4644 1334 4697 conatur,
1357 4649 1478 4703 qua:
1507 4634 1635 4703 quia
1659 4648 1750 4688 ca-

199 4744 382 4799 pacem
404 4729 583 4783 alvum
615 4744 721 4781 non
744 4729 943 4782 habent
969 4728 1219 4782 similiter
1239 4726 1545 4781 adiciuntur
1573 4743 1603 4780 a
1636 4728 1752 4782 suis

202 4822 419 4876 fetibus.
443 4818 673 4885 Plinius,
707 4821 743 4874 Ι.
771 4819 827 4875 d.
849 4838 862 4874 :
899 4819 1078 4874 Tertia
1098 4820 1181 4874 die
1210 4821 1353 4874 intra
1374 4829 1581 4873 uterum
1603 4829 1753 4872 calu-

203 4913 277 4966 los
306 4911 566 4976 excludit,
599 4910 782 4965 deinde
824 4910 1059 4980 singulos
1098 4909 1277 4964 diebus
1318 4909 1538 4978 singulis
1586 4910 1749 4978 parit,

204 5005 376 5074 viginti
416 5005 522 5072 fere
550 5020 786 5058 numero.
816 5001 1003 5073 Itaque
1031 5002 1209 5055 ca'teri
1268 5000 1538 5054 tarditatis
1568 5001 1753 5069 impa—

206 5102 375 5153 tientes
406 5105 747 5167 perrumpunt
779 5096 948 5148 latera
980 5095 1152 5147 occisa
1177 5101 1411 5161 parente.
1434 5093 1752 5147 Aristoteles

205 5203 395 5254 tamen,
430 5190 506 5245 De
538 5191 663 5245 hist.
694 5189 882 5250 anim.,
917 5188 1009 5242 lib.
1038 5202 1099 5250 v,
1129 5199 1251 5255 cap.
1284 5186 1406 5250 ult.,
1438 5184 1596 5238 aliter
1626 5200 1752 5237 sen-

203 5286 265 5339 tit
302 5293 352 5342 et
391 5292 600 5338 narrat.
658 5282 887 5352 Ideoque
933 5282 1001 5335 ab
1039 5280 1313 5350 aliquibus
1355 5278 1455 5333 hoc
1501 5277 1660 5333 sicuti
1695 5286 1751 5332 et

207 5377 423 5444 primum
451 5374 521 5430 de
543 5376 846 5446 viperarum
872 5374 1019 5429 coitu
1050 5374 1129 5427 uti
1153 5372 1461 5427 fabulosum
1485 5370 1746 5439 rejicitur.

207 5467 345 5520 Parit
374 5467 580 5520 catulos
628 5465 898 5521 obvolutos
947 5467 1264 5519 membranis
1287 5503 1303 5529 ,
1332 5479 1450 5533 qua:
1476 5464 1633 5517 tertia
1664 5462 1750 5517 die

206 5569 523 5630 rumpuntur.
555 5557 822 5629 Contingit
849 5574 963 5612 vero
1013 5572 1386 5627 nonnunquam
1411 5560 1520 5623 ,‘ut
1559 5556 1647 5626 qui
1694 5556 1749 5609 in

206 5663 335 5706 utero
379 5652 549 5705 adhuc
588 5661 711 5707 sunt
761 5651 964 5705 abrosis
1018 5649 1336 5703 membranis
1382 5656 1743 5717 prorumpam.

211 5743 434 5814 Singulos
458 5743 639 5799 diebus
674 5744 896 5814 singulis
939 5743 1114 5812 parit,
1143 5742 1320 5810 plures
1344 5758 1501 5813 quam
1542 5742 1742 5812 viginti.

216 5833 544 5890 Verissimum
578 5835 759 5907 itaque
789 5844 871 5889 est
912 5848 1199 5906 superesse
1241 5835 1418 5905 partui
1464 5846 1564 5889 suo
1598 5831 1745 5902 vipe-

1852 4649 1980 4706 dum
2003 4657 2296 4714 exuuntur,
2315 4650 2437 4705 ideo
2458 4649 2527 4704 iis
2541 4650 2632 4719 qui
2652 4664 2765 4702 rem
2789 4651 2893 4701 no'n
2922 4648 3225 4718 intelligunt
3247 4649 3416 4704 videri

1851 4757 2025 4797 cazcos
2052 4740 2189 4803 ﬁeri,
2209 4740 2375 4794 Ὅταν
2394 4741 2450 4794 δὲ
2482 4740 2756 4812 ἄρχωνται
2784 4737 3023 4791 ἐκδὺνειν
3046 4740 3093 4790 οἱ
3121 4737 3292 4806 ὄφεις,
3310 4738 3419 4792 ἀπὸ

1848 4834 1955 4887 τῶν
1992 4833 2282 4904 ὀφθαλμῶν
2312 4831 2638 4901 ἀφίστασθαι
2668 4830 2880 4903 πρῶτόν
2917 4846 3113 4899 φασιν,
3153 4828 3292 4883 ὥστε
3329 4830 3419 4883 δο-

1850 4926 1963 4978 κεῖν
2003 4925 2246 4992 γίνεσθαι
2285 4924 2517 4992 τυφλοὺς
2558 4925 2670 4986 τοῖς
2713 4922 2786 4993 μὴ
2827 4920 3065 4975 συνιοῦσι
3113 4921 3176 4975 τὸ
3222 4921 3412 4986 πάθος.

1848 5014 2052 5071 Natura
2084 5016 2500 5086 perfectioribus
2526 5013 2853 5069 animalibus
2884 5011 3088 5075 invida,
3120 5017 3203 5068 sui
3235 5022 3413 5067 tamen

1850 5108 1905 5162 in
1938 5109 2279 5178 serpentibus
2321 5107 2546 5178 prodiga
2603 5107 2960 5176 conspicitur.
3011 5105 3066 5160 Si
3126 5106 3212 5160 cui
3270 5104 3413 5159 enim

1849 5202 1932 5255 vel
1968 5201 2301 5256 levissimum
2335 5199 2462 5270 quid
2491 5200 2545 5253 in
2575 5200 2765 5253 oculos
2795 5198 3070 5267 inieceris,
3096 5206 3291 5266 printer
3316 5194 3410 5249 do-

1850 5287 1993 5343 lores
2019 5289 2333 5351 immensos,
2350 5295 2402 5343 et
2422 5288 2710 5358 lacrymas,
2728 5303 2849 5357 qua:
2863 5287 3127 5342 continuo
3149 5283 3409 5345 deﬂuunt,

1847 5374 1932 5449 est
1977 5390 2030 5433 et
2072 5379 2372 5448 periculum
2429 5378 2569 5441 illis,
2610 5394 2675 5432 ne
2700 5423 2706 5429 .
2736 5379 2925 5434 morbo
2965 5377 3183 5432 obnoxii
3228 5376 3413 5428 lumen

1848 5470 2120 5525 amittant.
2147 5470 2303 5537 Quod
2334 5471 2380 5526 si
2418 5471 2745 5541 contigerit,
2783 5484 3050 5540 nusquam
3078 5469 3144 5523 ad
3179 5465 3408 5537 primam

1848 5563 1993 5615 illam
2041 5564 2212 5618 aciein
2247 5564 2457 5635 regredi
2482 5564 2684 5621 valent.
2717 5563 3072 5632 Serpentibus
3101 5560 3155 5616 id
3184 5573 3408 5615 conceso

1847 5655 1952 5719 sit,
1980 5668 2213 5724 quorum
2242 5657 2434 5712 oculos
2463 5657 2508 5712 si
2540 5657 2889 5719 laceraveris,
2915 5654 3005 5707 alii
3030 5659 3406 5719 renascentur,

1845 5755 1900 5800 et
1940 5746 2082 5801 idem
2127 5764 2250 5802 cum
2291 5749 2567 5818 prioribus
2600 5763 2798 5802 munus
2829 5743 3179 5816 praestabunt.
3213 5743 3409 5799 Notavi

1846 5847 1911 5886 es
1939 5832 2251 5897 Aristotele,
2282 5832 2354 5887 De
2381 5835 2506 5889 hist.
2545 5834 2732 5896 anim.,
2763 5830 2856 5885 lib.
2895 5843 2968 5893 ιι,
2992 5842 3111 5891 cap.
3144 5828 3208 5882 l7
3227 5867 3242 5892 ,
3277 5825 3410 5883 Evc-
