  <div class='ocr_page' id='page_1' title='image "/cluster/home/n/w/nwhite01/storage/ocr_20150623/18/mdp.39015008168943/499.png"; bbox 0 0 4064 6290; ppageno 0'>
   <div class='ocr_carea' id='block_1_1' title="bbox 637 357 742 415">
    <p class='ocr_par' dir='ltr' id='par_1_1' title="bbox 637 357 742 415">
     <span class='ocr_line' id='line_1_1' title="bbox 637 357 742 415; baseline 0.019 -2"><span class='ocrx_word' id='word_1_1' title='bbox 637 357 742 415; x_wconf 77' lang='grc'><strong>965</strong></span> 
     </span>
    </p>
   </div>
   <div class='ocr_carea' id='block_1_2' title="bbox 1922 359 2470 417">
    <p class='ocr_par' dir='ltr' id='par_1_2' title="bbox 1922 359 2470 417">
     <span class='ocr_line' id='line_1_2' title="bbox 1922 359 2470 417; baseline -0.004 -1"><span class='ocrx_word' id='word_1_2' title='bbox 1922 360 2166 417; x_wconf 84' lang='lat' dir='ltr'><strong><em>LEONIS</em></strong></span> <span class='ocrx_word' id='word_1_3' title='bbox 2200 359 2470 415; x_wconf 75' lang='lat' dir='ltr'><strong><em>ALLATII</em></strong></span> 
     </span>
    </p>
   </div>
   <div class='ocr_carea' id='block_1_3' title="bbox 3816 368 3936 420">
    <p class='ocr_par' dir='ltr' id='par_1_3' title="bbox 3816 368 3936 420">
     <span class='ocr_line' id='line_1_3' title="bbox 3816 368 3936 420; baseline 0 0"><span class='ocrx_word' id='word_1_4' title='bbox 3816 368 3936 420; x_wconf 73' lang='grc'><strong><em>961</em></strong></span> 
     </span>
    </p>
   </div>
   <div class='ocr_carea' id='block_1_4' title="bbox 636 473 2182 546">
    <p class='ocr_par' dir='ltr' id='par_1_4' title="bbox 636 473 2182 546">
     <span class='ocr_line' id='line_1_4' title="bbox 636 473 2182 546; baseline -0.001 -17"><span class='ocrx_word' id='word_1_5' title='bbox 636 478 749 530; x_wconf 81' lang='lat' dir='ltr'><strong><em>nire</em></strong></span> <span class='ocrx_word' id='word_1_6' title='bbox 785 473 1108 544; x_wconf 81' lang='lat' dir='ltr'><strong><em>senpentibus</em></strong></span> <span class='ocrx_word' id='word_1_7' title='bbox 1139 474 1282 529; x_wconf 81' lang='lat' dir='ltr'><strong><em>idem</em></strong></span> <span class='ocrx_word' id='word_1_8' title='bbox 1307 475 1444 546; x_wconf 85' lang='lat' dir='ltr'><strong><em>quod</em></strong></span> <span class='ocrx_word' id='word_1_9' title='bbox 1474 473 1634 544; x_wconf 86' lang='lat' dir='ltr'><strong><em>pullis</em></strong></span> <span class='ocrx_word' id='word_1_10' title='bbox 1677 475 2020 530; x_wconf 78' lang='lat' dir='ltr'><strong><em>hirundinum</em></strong></span> <span class='ocrx_word' id='word_1_11' title='bbox 2054 493 2182 530; x_wconf 89' lang='lat' dir='ltr'><strong><em>non-</em></strong></span> 
     </span>
    </p>
   </div>
   <div class='ocr_carea' id='block_1_5' title="bbox 2285 473 3934 546">
    <p class='ocr_par' dir='ltr' id='par_1_5' title="bbox 2303 474 3934 545">
     <span class='ocr_line' id='line_1_5' title="bbox 2303 474 3934 545; baseline 0.004 -18"><span class='ocrx_word' id='word_1_12' title='bbox 2303 491 2401 537; x_wconf 91' lang='grc' dir='ltr'><strong><em>τας</em></strong></span> <span class='ocrx_word' id='word_1_13' title='bbox 2418 492 2431 505; x_wconf 77' lang='grc' dir='ltr'><strong>ο</strong></span> <span class='ocrx_word' id='word_1_14' title='bbox 2466 476 2557 528; x_wconf 81' lang='grc' dir='ltr'><strong><em>καὶ</em></strong></span> <span class='ocrx_word' id='word_1_15' title='bbox 2579 474 2702 539; x_wconf 75' lang='grc' dir='ltr'>τοὺς</span> <span class='ocrx_word' id='word_1_16' title='bbox 2730 476 2934 541; x_wconf 77' lang='grc' dir='ltr'><strong><em>ἰδόντας</em></strong></span> <span class='ocrx_word' id='word_1_17' title='bbox 2957 476 3116 532; x_wconf 85' lang='grc' dir='ltr'>αὐτόν</span> <span class='ocrx_word' id='word_1_18' title='bbox 3139 493 3150 506; x_wconf 83' lang='lat'>&#39;</span> <span class='ocrx_word' id='word_1_19' title='bbox 3172 481 3266 533; x_wconf 79' lang='grc' dir='ltr'><strong><em>καὶ</em></strong></span> <span class='ocrx_word' id='word_1_20' title='bbox 3289 479 3369 533; x_wconf 85' lang='grc' dir='ltr'><strong><em>ὅτι</em></strong></span> <span class='ocrx_word' id='word_1_21' title='bbox 3391 481 3500 534; x_wconf 87' lang='grc' dir='ltr'><strong><em>τῶν</em></strong></span> <span class='ocrx_word' id='word_1_22' title='bbox 3527 480 3730 536; x_wconf 75' lang='grc' dir='ltr'>ἄλλων</span> <span class='ocrx_word' id='word_1_23' title='bbox 3755 480 3934 545; x_wconf 67' lang='grc' dir='ltr'><strong><em>ζώωνσ</em></strong></span> 
     </span>
    </p>
   </div>
   <div class='ocr_carea' id='block_1_6' title="bbox 635 566 2198 635">
    <p class='ocr_par' dir='ltr' id='par_1_6' title="bbox 635 566 2198 635">
     <span class='ocr_line' id='line_1_6' title="bbox 635 566 2198 635; baseline 0.001 -14"><span class='ocrx_word' id='word_1_24' title='bbox 635 566 771 621; x_wconf 90' lang='lat' dir='ltr'><strong><em>nulli</em></strong></span> <span class='ocrx_word' id='word_1_25' title='bbox 799 568 977 629; x_wconf 85' lang='lat' dir='ltr'><strong><em>aiunt;</em></strong></span> <span class='ocrx_word' id='word_1_26' title='bbox 994 567 1160 621; x_wconf 86' lang='lat' dir='ltr'><strong><em>oculis</em></strong></span> <span class='ocrx_word' id='word_1_27' title='bbox 1181 567 1320 621; x_wconf 86' lang='lat' dir='ltr'><strong><em>enim</em></strong></span> <span class='ocrx_word' id='word_1_28' title='bbox 1341 577 1634 635; x_wconf 72' lang='lat' dir='ltr'><strong><em>serpentum</em></strong></span> <span class='ocrx_word' id='word_1_29' title='bbox 1661 569 1929 634; x_wconf 78' lang='lat' dir='ltr'><strong><em>laceratis,</em></strong></span> <span class='ocrx_word' id='word_1_30' title='bbox 1948 569 2198 622; x_wconf 89' lang='lat' dir='ltr'><strong><em>subnasci</em></strong></span> 
     </span>
    </p>
   </div>
   <div class='ocr_carea' id='block_1_7' title="bbox 636 654 2195 729">
    <p class='ocr_par' dir='ltr' id='par_1_7' title="bbox 636 654 2195 729">
     <span class='ocr_line' id='line_1_7' title="bbox 636 654 2195 729; baseline 0 -18"><span class='ocrx_word' id='word_1_31' title='bbox 636 658 770 711; x_wconf 86' lang='lat' dir='ltr'><strong><em>alios</em></strong></span> <span class='ocrx_word' id='word_1_32' title='bbox 794 657 1061 726; x_wconf 78' lang='lat' dir='ltr'><strong><em>referunt;</em></strong></span> <span class='ocrx_word' id='word_1_33' title='bbox 1093 659 1282 712; x_wconf 72' lang='lat' dir='ltr'><strong><em>caudae</em></strong></span> <span class='ocrx_word' id='word_1_34' title='bbox 1315 659 1477 712; x_wconf 88' lang='lat' dir='ltr'><strong><em>etiam</em></strong></span> <span class='ocrx_word' id='word_1_35' title='bbox 1505 659 1718 711; x_wconf 76' lang='lat' dir='ltr'><strong><em>lacertis</em></strong></span> <span class='ocrx_word' id='word_1_36' title='bbox 1759 654 1913 729; x_wconf 82' lang='lat' dir='ltr'><strong><em>atque</em></strong></span> <span class='ocrx_word' id='word_1_37' title='bbox 1939 660 2195 728; x_wconf 83' lang='lat' dir='ltr'><strong><em>serpenti-</em></strong></span> 
     </span>
    </p>
   </div>
   <div class='ocr_carea' id='block_1_8' title="bbox 635 747 2194 819">
    <p class='ocr_par' dir='ltr' id='par_1_8' title="bbox 635 747 2194 819">
     <span class='ocr_line' id='line_1_8' title="bbox 635 747 2194 819; baseline 0 -19"><span class='ocrx_word' id='word_1_38' title='bbox 635 749 730 800; x_wconf 91' lang='lat' dir='ltr'><strong><em>bus</em></strong></span> <span class='ocrx_word' id='word_1_39' title='bbox 760 758 1049 817; x_wconf 76' lang='lat' dir='ltr'><strong><em>amputata:</em></strong></span> <span class='ocrx_word' id='word_1_40' title='bbox 1079 762 1447 804; x_wconf 86' lang='lat' dir='ltr'><strong><em>renascuntur.</em></strong></span> <span class='ocrx_word' id='word_1_41' title='bbox 1477 747 1705 810; x_wconf 80' lang='lat' dir='ltr'><strong><em>Plinius,</em></strong></span> <span class='ocrx_word' id='word_1_42' title='bbox 1725 749 1817 803; x_wconf 91' lang='lat' dir='ltr'><strong><em>lib.</em></strong></span> <span class='ocrx_word' id='word_1_43' title='bbox 1851 765 1926 812; x_wconf 60' lang='grc' dir='ltr'>τι,</span> <span class='ocrx_word' id='word_1_44' title='bbox 1951 765 2071 819; x_wconf 88' lang='lat' dir='ltr'><strong><em>cap.</em></strong></span> <span class='ocrx_word' id='word_1_45' title='bbox 2105 748 2194 812; x_wconf 83' lang='lat'><strong><em>57,</em></strong></span> 
     </span>
    </p>
   </div>
   <div class='ocr_carea' id='block_1_9' title="bbox 637 839 2194 912">
    <p class='ocr_par' dir='ltr' id='par_1_9' title="bbox 637 839 2194 912">
     <span class='ocr_line' id='line_1_9' title="bbox 637 839 2194 912; baseline -0.001 -18"><span class='ocrx_word' id='word_1_46' title='bbox 637 839 945 909; x_wconf 84' lang='lat' dir='ltr'><strong><em>Serpentum</em></strong></span> <span class='ocrx_word' id='word_1_47' title='bbox 960 841 1152 894; x_wconf 83' lang='lat' dir='ltr'><strong><em>catulis</em></strong></span> <span class='ocrx_word' id='word_1_48' title='bbox 1167 852 1216 895; x_wconf 84' lang='lat' dir='ltr'><strong><em>et</em></strong></span> <span class='ocrx_word' id='word_1_49' title='bbox 1245 842 1586 895; x_wconf 77' lang='lat' dir='ltr'><strong><em>hirundinum</em></strong></span> <span class='ocrx_word' id='word_1_50' title='bbox 1608 841 1788 912; x_wconf 84' lang='lat' dir='ltr'><strong><em>pullis,</em></strong></span> <span class='ocrx_word' id='word_1_51' title='bbox 1807 841 1853 894; x_wconf 86' lang='lat' dir='ltr'><strong><em>si</em></strong></span> <span class='ocrx_word' id='word_1_52' title='bbox 1883 840 1998 909; x_wconf 82' lang='lat' dir='ltr'><strong><em>quis</em></strong></span> <span class='ocrx_word' id='word_1_53' title='bbox 2021 848 2194 903; x_wconf 89' lang='lat' dir='ltr'><strong><em>eruat,</em></strong></span> 
     </span>
    </p>
   </div>
   <div class='ocr_carea' id='block_1_10' title="bbox 634 934 1108 987">
    <p class='ocr_par' dir='ltr' id='par_1_10' title="bbox 634 934 1108 987">
     <span class='ocr_line' id='line_1_10' title="bbox 634 934 1108 987; baseline -0.004 0"><span class='ocrx_word' id='word_1_54' title='bbox 634 934 838 987; x_wconf 84' lang='lat' dir='ltr'><strong><em>renasci</em></strong></span> <span class='ocrx_word' id='word_1_55' title='bbox 869 934 1108 986; x_wconf 88' lang='lat' dir='ltr'><strong><em>tradunt.</em></strong></span> 
     </span>
    </p>
   </div>
   <div class='ocr_carea' id='block_1_11' title="bbox 703 1021 2194 1093">
    <p class='ocr_par' dir='ltr' id='par_1_11' title="bbox 703 1021 2194 1093">
     <span class='ocr_line' id='line_1_11' title="bbox 703 1021 2194 1093; baseline 0.002 -18"><span class='ocrx_word' id='word_1_56' title='bbox 703 1021 835 1076; x_wconf 88' lang='lat' dir='ltr'><strong><em>Ibid.</em></strong></span> <span class='ocrx_word' id='word_1_57' title='bbox 853 1024 962 1077; x_wconf 82' lang='lat' dir='ltr'><strong><em>Kal</em></strong></span> <span class='ocrx_word' id='word_1_58' title='bbox 978 1024 1325 1091; x_wconf 80' lang='grc' dir='ltr'><strong><em>νηστεύσας</em></strong></span> <span class='ocrx_word' id='word_1_59' title='bbox 1339 1023 1580 1093; x_wconf 75' lang='grc' dir='ltr'>ἡμέρας.</span> <span class='ocrx_word' id='word_1_60' title='bbox 1610 1023 1949 1082; x_wconf 82' lang='lat' dir='ltr'><strong><em>Aristoteles.</em></strong></span> <span class='ocrx_word' id='word_1_61' title='bbox 1968 1023 2041 1077; x_wconf 88' lang='lat' dir='ltr'><strong><em>De</em></strong></span> <span class='ocrx_word' id='word_1_62' title='bbox 2069 1024 2194 1078; x_wconf 91' lang='lat' dir='ltr'><strong><em>hist.</em></strong></span> 
     </span>
    </p>
   </div>
   <div class='ocr_carea' id='block_1_12' title="bbox 630 1113 2199 1185">
    <p class='ocr_par' dir='ltr' id='par_1_12' title="bbox 630 1113 2199 1185">
     <span class='ocr_line' id='line_1_12' title="bbox 630 1113 2199 1185; baseline 0.001 -19"><span class='ocrx_word' id='word_1_63' title='bbox 630 1116 796 1167; x_wconf 86' lang='lat' dir='ltr'><strong><em>anim.</em></strong></span> <span class='ocrx_word' id='word_1_64' title='bbox 828 1115 863 1169; x_wconf 91' lang='grc' dir='ltr'><strong><em>ι.</em></strong></span> <span class='ocrx_word' id='word_1_65' title='bbox 892 1130 1012 1179; x_wconf 82' lang='lat' dir='ltr'><strong><em>vni,</em></strong></span> <span class='ocrx_word' id='word_1_66' title='bbox 1055 1131 1103 1169; x_wconf 91' lang='lat' dir='ltr'><strong><em>c.</em></strong></span> <span class='ocrx_word' id='word_1_67' title='bbox 1139 1115 1192 1181; x_wconf 80' lang='grc'><strong><em>4,</em></strong></span> <span class='ocrx_word' id='word_1_68' title='bbox 1225 1114 1317 1169; x_wconf 92' lang='lat' dir='ltr'><strong><em>diu</em></strong></span> <span class='ocrx_word' id='word_1_69' title='bbox 1341 1125 1393 1169; x_wconf 92' lang='lat' dir='ltr'><strong><em>et</em></strong></span> <span class='ocrx_word' id='word_1_70' title='bbox 1423 1123 1701 1184; x_wconf 82' lang='lat' dir='ltr'><strong><em>serpentes</em></strong></span> <span class='ocrx_word' id='word_1_71' title='bbox 1732 1123 1787 1168; x_wconf 91' lang='lat' dir='ltr'><strong><em>et</em></strong></span> <span class='ocrx_word' id='word_1_72' title='bbox 1808 1115 2096 1185; x_wconf 87' lang='lat' dir='ltr'><strong><em>phalangia</em></strong></span> <span class='ocrx_word' id='word_1_73' title='bbox 2123 1113 2199 1167; x_wconf 77' lang='lat' dir='ltr'><strong><em>vi-</em></strong></span> 
     </span>
    </p>
   </div>
   <div class='ocr_carea' id='block_1_13' title="bbox 631 1205 2196 1275">
    <p class='ocr_par' dir='ltr' id='par_1_13' title="bbox 631 1205 2196 1275">
     <span class='ocr_line' id='line_1_13' title="bbox 631 1205 2196 1275; baseline 0.003 -19"><span class='ocrx_word' id='word_1_74' title='bbox 631 1221 756 1260; x_wconf 84' lang='lat' dir='ltr'><strong><em>vere</em></strong></span> <span class='ocrx_word' id='word_1_75' title='bbox 799 1221 958 1275; x_wconf 83' lang='lat' dir='ltr'><strong><em>posse</em></strong></span> <span class='ocrx_word' id='word_1_76' title='bbox 995 1206 1113 1260; x_wconf 87' lang='lat' dir='ltr'><strong><em>siue</em></strong></span> <span class='ocrx_word' id='word_1_77' title='bbox 1151 1207 1272 1260; x_wconf 91' lang='lat' dir='ltr'><strong><em>cibo</em></strong></span> <span class='ocrx_word' id='word_1_78' title='bbox 1332 1205 1582 1267; x_wconf 79' lang='lat' dir='ltr'><strong><em>afﬁrmat,</em></strong></span> <span class='ocrx_word' id='word_1_79' title='bbox 1620 1206 1762 1275; x_wconf 85' lang='lat' dir='ltr'><strong><em>quod</em></strong></span> <span class='ocrx_word' id='word_1_80' title='bbox 1803 1222 1867 1259; x_wconf 80' lang='lat' dir='ltr'><strong><em>ex</em></strong></span> <span class='ocrx_word' id='word_1_81' title='bbox 1917 1206 2004 1269; x_wconf 93' lang='lat' dir='ltr'><strong><em>iis,</em></strong></span> <span class='ocrx_word' id='word_1_82' title='bbox 2057 1221 2196 1274; x_wconf 86' lang='lat' dir='ltr'><strong><em>quos</em></strong></span> 
     </span>
    </p>
   </div>
   <div class='ocr_carea' id='block_1_14' title="bbox 629 1298 2192 1368">
    <p class='ocr_par' dir='ltr' id='par_1_14' title="bbox 629 1298 2192 1368">
     <span class='ocr_line' id='line_1_14' title="bbox 629 1298 2192 1368; baseline 0.003 -20"><span class='ocrx_word' id='word_1_83' title='bbox 629 1298 1060 1368; x_wconf 72' lang='lat' dir='ltr'><strong><em>pharmacopolae</em></strong></span> <span class='ocrx_word' id='word_1_84' title='bbox 1108 1298 1260 1351; x_wconf 86' lang='lat' dir='ltr'><strong><em>alunt</em></strong></span> <span class='ocrx_word' id='word_1_85' title='bbox 1289 1301 1634 1366; x_wconf 89' lang='lat' dir='ltr'><strong><em>perspicuum</em></strong></span> <span class='ocrx_word' id='word_1_86' title='bbox 1683 1306 1785 1354; x_wconf 89' lang='lat' dir='ltr'><strong><em>est.</em></strong></span> <span class='ocrx_word' id='word_1_87' title='bbox 1840 1299 2192 1368; x_wconf 86' lang='lat' dir='ltr'><strong><em>Epiphanius,</em></strong></span> 
     </span>
    </p>
   </div>
   <div class='ocr_carea' id='block_1_15' title="bbox 628 1389 2198 1461">
    <p class='ocr_par' dir='ltr' id='par_1_15' title="bbox 628 1389 2198 1461">
     <span class='ocr_line' id='line_1_15' title="bbox 628 1389 2198 1461; baseline 0.001 -19"><span class='ocrx_word' id='word_1_88' title='bbox 628 1391 683 1443; x_wconf 91' lang='lat' dir='ltr'><strong><em>in</em></strong></span> <span class='ocrx_word' id='word_1_89' title='bbox 725 1389 963 1459; x_wconf 84' lang='lat' dir='ltr'><strong><em>Physiol.</em></strong></span> <span class='ocrx_word' id='word_1_90' title='bbox 992 1405 1043 1444; x_wconf 92' lang='lat' dir='ltr'><strong><em>c.</em></strong></span> <span class='ocrx_word' id='word_1_91' title='bbox 1070 1391 1136 1442; x_wconf 82' lang='grc'><strong>15</strong></span> <span class='ocrx_word' id='word_1_92' title='bbox 1162 1408 1173 1443; x_wconf 93' lang='lat'><strong>:</strong></span> <span class='ocrx_word' id='word_1_93' title='bbox 1210 1390 1378 1443; x_wconf 84' lang='grc' dir='ltr'><strong><em>Ὅταν</em></strong></span> <span class='ocrx_word' id='word_1_94' title='bbox 1411 1390 1685 1461; x_wconf 80' lang='grc' dir='ltr'><strong><em>γηράσκῃ,</em></strong></span> <span class='ocrx_word' id='word_1_95' title='bbox 1719 1391 2076 1461; x_wconf 78' lang='grc' dir='ltr'>ἀμϐλύνονται</span> <span class='ocrx_word' id='word_1_96' title='bbox 2103 1391 2198 1444; x_wconf 82' lang='grc' dir='ltr'>αὐ-</span> 
     </span>
    </p>
   </div>
   <div class='ocr_carea' id='block_1_16' title="bbox 627 1479 2195 1555">
    <p class='ocr_par' dir='ltr' id='par_1_16' title="bbox 627 1479 2195 1555">
     <span class='ocr_line' id='line_1_16' title="bbox 627 1479 2195 1555; baseline 0.003 -24"><span class='ocrx_word' id='word_1_97' title='bbox 627 1479 722 1532; x_wconf 82' lang='grc' dir='ltr'>τοῦ</span> <span class='ocrx_word' id='word_1_98' title='bbox 754 1481 802 1532; x_wconf 80' lang='grc' dir='ltr'><strong><em>οἱ</em></strong></span> <span class='ocrx_word' id='word_1_99' title='bbox 833 1480 1118 1550; x_wconf 66' lang='grc' dir='ltr'>ὀφθαλμοὶ,</span> <span class='ocrx_word' id='word_1_100' title='bbox 1149 1480 1241 1533; x_wconf 74' lang='grc' dir='ltr'><strong><em>καὶ</em></strong></span> <span class='ocrx_word' id='word_1_101' title='bbox 1273 1480 1367 1532; x_wconf 79' lang='grc' dir='ltr'><strong><em>ἐὰν</em></strong></span> <span class='ocrx_word' id='word_1_102' title='bbox 1413 1481 1724 1545; x_wconf 77' lang='grc' dir='ltr'><strong><em>ἀνανεάζειν</em></strong></span> <span class='ocrx_word' id='word_1_103' title='bbox 1771 1482 1954 1535; x_wconf 82' lang='grc' dir='ltr'>ἑαυτὸν</span> <span class='ocrx_word' id='word_1_104' title='bbox 2001 1483 2195 1555; x_wconf 81' lang='grc' dir='ltr'><strong><em>βούλη-</em></strong></span> 
     </span>
    </p>
   </div>
   <div class='ocr_carea' id='block_1_17' title="bbox 626 1571 2196 1646">
    <p class='ocr_par' dir='ltr' id='par_1_17' title="bbox 626 1571 2196 1646">
     <span class='ocr_line' id='line_1_17' title="bbox 626 1571 2196 1646; baseline 0.002 -23"><span class='ocrx_word' id='word_1_105' title='bbox 626 1588 737 1634; x_wconf 83' lang='grc' dir='ltr'>ται,</span> <span class='ocrx_word' id='word_1_106' title='bbox 765 1571 1010 1642; x_wconf 77' lang='grc' dir='ltr'>νηστεύει</span> <span class='ocrx_word' id='word_1_107' title='bbox 1037 1572 1246 1642; x_wconf 79' lang='grc' dir='ltr'>ἡμέρας</span> <span class='ocrx_word' id='word_1_108' title='bbox 1274 1573 1697 1642; x_wconf 82' lang='grc' dir='ltr'>τεσσαράκοντα,</span> <span class='ocrx_word' id='word_1_109' title='bbox 1719 1574 1823 1636; x_wconf 75' lang='grc' dir='ltr'><strong><em>ἕως</em></strong></span> <span class='ocrx_word' id='word_1_110' title='bbox 1850 1573 1915 1627; x_wconf 81' lang='grc' dir='ltr'>ἂν</span> <span class='ocrx_word' id='word_1_111' title='bbox 1941 1575 2002 1628; x_wconf 84' lang='grc' dir='ltr'>τὸ</span> <span class='ocrx_word' id='word_1_112' title='bbox 2027 1575 2196 1646; x_wconf 83' lang='grc' dir='ltr'><strong><em>δέμας</em></strong></span> 
     </span>
    </p>
   </div>
   <div class='ocr_carea' id='block_1_18' title="bbox 629 1663 2196 1740">
    <p class='ocr_par' dir='ltr' id='par_1_18' title="bbox 629 1663 2196 1740">
     <span class='ocr_line' id='line_1_18' title="bbox 629 1663 2196 1740; baseline 0.004 -24"><span class='ocrx_word' id='word_1_113' title='bbox 629 1663 794 1716; x_wconf 78' lang='grc' dir='ltr'>αὑτοῦ</span> <span class='ocrx_word' id='word_1_114' title='bbox 846 1664 1130 1734; x_wconf 82' lang='grc' dir='ltr'>χαυνωθῇ,</span> <span class='ocrx_word' id='word_1_115' title='bbox 1172 1665 1265 1718; x_wconf 77' lang='grc' dir='ltr'>καὶ</span> <span class='ocrx_word' id='word_1_116' title='bbox 1314 1666 1556 1736; x_wconf 79' lang='grc' dir='ltr'>εὑρίσκει</span> <span class='ocrx_word' id='word_1_117' title='bbox 1615 1667 1836 1736; x_wconf 81' lang='grc' dir='ltr'>πέτραν,</span> <span class='ocrx_word' id='word_1_118' title='bbox 1885 1670 1978 1722; x_wconf 71' lang='grc' dir='ltr'><strong><em>καὶ</em></strong></span> <span class='ocrx_word' id='word_1_119' title='bbox 2028 1673 2196 1740; x_wconf 61' lang='grc' dir='ltr'>ραγαδ</span> 
     </span>
    </p>
   </div>
   <div class='ocr_carea' id='block_1_19' title="bbox 627 1755 2195 1832">
    <p class='ocr_par' dir='ltr' id='par_1_19' title="bbox 627 1755 2195 1832">
     <span class='ocr_line' id='line_1_19' title="bbox 627 1755 2195 1832; baseline 0.004 -25"><span class='ocrx_word' id='word_1_120' title='bbox 627 1755 873 1808; x_wconf 84' lang='grc' dir='ltr'>δαστεύει</span> <span class='ocrx_word' id='word_1_121' title='bbox 893 1773 906 1786; x_wconf 73' lang='grc' dir='ltr'><strong>ν</strong></span> <span class='ocrx_word' id='word_1_122' title='bbox 948 1755 1230 1828; x_wconf 79' lang='grc' dir='ltr'>προκύψας</span> <span class='ocrx_word' id='word_1_123' title='bbox 1261 1755 1318 1808; x_wconf 81' lang='grc' dir='ltr'>δὲ</span> <span class='ocrx_word' id='word_1_124' title='bbox 1356 1757 1442 1810; x_wconf 79' lang='grc' dir='ltr'>διὰ</span> <span class='ocrx_word' id='word_1_125' title='bbox 1486 1758 1582 1829; x_wconf 80' lang='grc' dir='ltr'>τῆς</span> <span class='ocrx_word' id='word_1_126' title='bbox 1610 1759 1747 1830; x_wconf 82' lang='grc' dir='ltr'><strong><em>ὀπῆς</em></strong></span> <span class='ocrx_word' id='word_1_127' title='bbox 1777 1759 1993 1813; x_wconf 85' lang='grc' dir='ltr'>ὠθεῖται</span> <span class='ocrx_word' id='word_1_128' title='bbox 2025 1761 2195 1832; x_wconf 82' lang='grc' dir='ltr'>περά-</span> 
     </span>
    </p>
   </div>
   <div class='ocr_carea' id='block_1_20' title="bbox 2297 565 3929 643">
    <p class='ocr_par' dir='ltr' id='par_1_20' title="bbox 2297 565 3929 643">
     <span class='ocr_line' id='line_1_20' title="bbox 2297 565 3929 643; baseline 0.006 -26"><span class='ocrx_word' id='word_1_129' title='bbox 2297 565 2352 618; x_wconf 78' lang='grc' dir='ltr'><strong><em>εῐ</em></strong></span> <span class='ocrx_word' id='word_1_130' title='bbox 2377 583 2429 619; x_wconf 88' lang='grc' dir='ltr'><strong><em>τι</em></strong></span> <span class='ocrx_word' id='word_1_131' title='bbox 2463 567 2554 619; x_wconf 72' lang='grc' dir='ltr'><strong><em>καὶ</em></strong></span> <span class='ocrx_word' id='word_1_132' title='bbox 2585 567 2779 637; x_wconf 74' lang='grc' dir='ltr'>ἅψαιτο</span> <span class='ocrx_word' id='word_1_133' title='bbox 2824 568 2917 621; x_wconf 80' lang='grc' dir='ltr'>τοῦ</span> <span class='ocrx_word' id='word_1_134' title='bbox 2967 569 3104 634; x_wconf 82' lang='grc' dir='ltr'>ζώου</span> <span class='ocrx_word' id='word_1_135' title='bbox 3138 570 3463 643; x_wconf 78' lang='grc' dir='ltr'>ἀνηρμένου,</span> <span class='ocrx_word' id='word_1_136' title='bbox 3497 574 3595 626; x_wconf 78' lang='grc' dir='ltr'>καὶ</span> <span class='ocrx_word' id='word_1_137' title='bbox 3625 574 3793 626; x_wconf 64' lang='grc' dir='ltr'>αὐτὸ</span> <span class='ocrx_word' id='word_1_138' title='bbox 3827 592 3929 627; x_wconf 81' lang='grc' dir='ltr'>τε-</span> 
     </span>
    </p>
   </div>
   <div class='ocr_carea' id='block_1_21' title="bbox 2297 657 3926 735">
    <p class='ocr_par' dir='ltr' id='par_1_21' title="bbox 2297 657 3926 735">
     <span class='ocr_line' id='line_1_21' title="bbox 2297 657 3926 735; baseline 0.007 -27"><span class='ocrx_word' id='word_1_139' title='bbox 2297 657 2458 727; x_wconf 80' lang='grc' dir='ltr'>λευτᾷ</span> <span class='ocrx_word' id='word_1_140' title='bbox 2485 657 2705 723; x_wconf 83' lang='grc' dir='ltr'>εὐθέως,</span> <span class='ocrx_word' id='word_1_141' title='bbox 2735 676 2829 712; x_wconf 78' lang='grc' dir='ltr'><strong><em>και</em></strong></span> <span class='ocrx_word' id='word_1_142' title='bbox 2853 660 2941 713; x_wconf 80' lang='grc' dir='ltr'>διὰ</span> <span class='ocrx_word' id='word_1_143' title='bbox 2967 659 3124 714; x_wconf 80' lang='grc' dir='ltr'>τοῦτο</span> <span class='ocrx_word' id='word_1_144' title='bbox 3157 664 3266 716; x_wconf 82' lang='grc' dir='ltr'><strong><em>πᾶν</em></strong></span> <span class='ocrx_word' id='word_1_145' title='bbox 3301 664 3463 717; x_wconf 80' lang='grc' dir='ltr'>αὐτοῦ</span> <span class='ocrx_word' id='word_1_146' title='bbox 3495 665 3557 719; x_wconf 84' lang='grc' dir='ltr'>τὸ</span> <span class='ocrx_word' id='word_1_147' title='bbox 3588 666 3779 735; x_wconf 78' lang='grc' dir='ltr'>γένος</span> <span class='ocrx_word' id='word_1_148' title='bbox 3805 670 3926 722; x_wconf 57' lang='grc' dir='ltr'>τῶν</span> 
     </span>
    </p>
   </div>
   <div class='ocr_carea' id='block_1_22' title="bbox 2296 748 3924 822">
    <p class='ocr_par' dir='ltr' id='par_1_22' title="bbox 2296 748 3924 822">
     <span class='ocr_line' id='line_1_22' title="bbox 2296 748 3924 822; baseline 0.008 -20"><span class='ocrx_word' id='word_1_149' title='bbox 2296 748 2468 802; x_wconf 76' lang='grc' dir='ltr'>ἄλλων</span> <span class='ocrx_word' id='word_1_150' title='bbox 2513 749 2714 819; x_wconf 83' lang='grc' dir='ltr'>θηρίων</span> <span class='ocrx_word' id='word_1_151' title='bbox 2764 752 2930 820; x_wconf 79' lang='grc' dir='ltr'><strong>ἐγγὺς</strong></span> <span class='ocrx_word' id='word_1_152' title='bbox 2977 748 3114 805; x_wconf 78' lang='grc' dir='ltr'>εἶναι</span> <span class='ocrx_word' id='word_1_153' title='bbox 3147 753 3492 822; x_wconf 82' lang='grc' dir='ltr'><strong><em>φυλάττεται.</em></strong></span> <span class='ocrx_word' id='word_1_154' title='bbox 3543 757 3782 813; x_wconf 85' lang='lat' dir='ltr'><strong><em>Eadem</em></strong></span> <span class='ocrx_word' id='word_1_155' title='bbox 3826 777 3924 814; x_wconf 78' lang='lat' dir='ltr'><strong><em>re-</em></strong></span> 
     </span>
    </p>
   </div>
   <div class='ocr_carea' id='block_1_23' title="bbox 2300 838 3920 917">
    <p class='ocr_par' dir='ltr' id='par_1_23' title="bbox 2300 838 3920 917">
     <span class='ocr_line' id='line_1_23' title="bbox 2300 838 3920 917; baseline 0.007 -25"><span class='ocrx_word' id='word_1_156' title='bbox 2300 839 2405 893; x_wconf 91' lang='lat' dir='ltr'><strong><em>fert</em></strong></span> <span class='ocrx_word' id='word_1_157' title='bbox 2437 838 2636 906; x_wconf 83' lang='lat' dir='ltr'><strong><em>llorus,</em></strong></span> <span class='ocrx_word' id='word_1_158' title='bbox 2684 842 2776 896; x_wconf 90' lang='lat' dir='ltr'><strong><em>lib.</em></strong></span> <span class='ocrx_word' id='word_1_159' title='bbox 2829 858 2868 905; x_wconf 85' lang='grc' dir='ltr'>ι,</span> <span class='ocrx_word' id='word_1_160' title='bbox 2905 857 3026 912; x_wconf 87' lang='lat' dir='ltr'><strong><em>cap.</em></strong></span> <span class='ocrx_word' id='word_1_161' title='bbox 3061 845 3114 908; x_wconf 90' lang='lat'><strong><em>1,</em></strong></span> <span class='ocrx_word' id='word_1_162' title='bbox 3164 852 3218 899; x_wconf 91' lang='lat' dir='ltr'><strong><em>et</em></strong></span> <span class='ocrx_word' id='word_1_163' title='bbox 3257 845 3350 900; x_wconf 89' lang='lat' dir='ltr'><strong><em>lib.</em></strong></span> <span class='ocrx_word' id='word_1_164' title='bbox 3394 862 3452 906; x_wconf 82' lang='grc' dir='ltr'><strong><em>η,</em></strong></span> <span class='ocrx_word' id='word_1_165' title='bbox 3486 863 3612 917; x_wconf 89' lang='lat' dir='ltr'><strong><em>cap.</em></strong></span> <span class='ocrx_word' id='word_1_166' title='bbox 3647 849 3715 903; x_wconf 78' lang='grc'><strong><em>61</em></strong></span> <span class='ocrx_word' id='word_1_167' title='bbox 3757 869 3776 916; x_wconf 86' lang='grc'><strong>;</strong></span> <span class='ocrx_word' id='word_1_168' title='bbox 3819 853 3920 904; x_wconf 73' lang='lat' dir='ltr'><strong><em>Al-</em></strong></span> 
     </span>
    </p>
   </div>
   <div class='ocr_carea' id='block_1_24' title="bbox 2297 930 3916 1002">
    <p class='ocr_par' dir='ltr' id='par_1_24' title="bbox 2297 930 3916 1002">
     <span class='ocr_line' id='line_1_24' title="bbox 2297 930 3916 1002; baseline 0.007 -17"><span class='ocrx_word' id='word_1_169' title='bbox 2297 930 2485 986; x_wconf 87' lang='lat' dir='ltr'><strong><em>bertus</em></strong></span> <span class='ocrx_word' id='word_1_170' title='bbox 2527 931 2772 1002; x_wconf 83' lang='lat' dir='ltr'><strong><em>Magnus,</em></strong></span> <span class='ocrx_word' id='word_1_171' title='bbox 2805 933 2897 988; x_wconf 91' lang='lat' dir='ltr'><strong><em>lib.</em></strong></span> <span class='ocrx_word' id='word_1_172' title='bbox 2929 950 3034 988; x_wconf 77' lang='lat' dir='ltr'><strong><em>xxv</em></strong></span> <span class='ocrx_word' id='word_1_173' title='bbox 3065 934 3141 988; x_wconf 82' lang='lat' dir='ltr'><strong><em>De</em></strong></span> <span class='ocrx_word' id='word_1_174' title='bbox 3167 939 3355 1002; x_wconf 88' lang='lat' dir='ltr'><strong><em>anim.,</em></strong></span> <span class='ocrx_word' id='word_1_175' title='bbox 3376 942 3663 994; x_wconf 88' lang='lat' dir='ltr'><strong><em>nominum</em></strong></span> <span class='ocrx_word' id='word_1_176' title='bbox 3699 942 3916 997; x_wconf 82' lang='lat' dir='ltr'><strong><em>diver-</em></strong></span> 
     </span>
    </p>
   </div>
   <div class='ocr_carea' id='block_1_25' title="bbox 2297 1023 3908 1097">
    <p class='ocr_par' dir='ltr' id='par_1_25' title="bbox 2297 1023 3908 1097">
     <span class='ocr_line' id='line_1_25' title="bbox 2297 1023 3908 1097; baseline 0.007 -21"><span class='ocrx_word' id='word_1_177' title='bbox 2297 1023 2454 1078; x_wconf 82' lang='lat' dir='ltr'><strong><em>sitate</em></strong></span> <span class='ocrx_word' id='word_1_178' title='bbox 2500 1024 2778 1094; x_wconf 87' lang='lat' dir='ltr'><strong><em>deceptus,</em></strong></span> <span class='ocrx_word' id='word_1_179' title='bbox 2813 1026 3124 1082; x_wconf 87' lang='lat' dir='ltr'><strong><em>basiliscum</em></strong></span> <span class='ocrx_word' id='word_1_180' title='bbox 3150 1031 3582 1097; x_wconf 84' lang='lat' dir='ltr'><strong><em>congeminando</em></strong></span> <span class='ocrx_word' id='word_1_181' title='bbox 3629 1035 3792 1089; x_wconf 80' lang='lat' dir='ltr'><strong><em>duas</em></strong></span> <span class='ocrx_word' id='word_1_182' title='bbox 3836 1037 3908 1090; x_wconf 82' lang='lat' dir='ltr'><strong><em>il-</em></strong></span> 
     </span>
    </p>
   </div>
   <div class='ocr_carea' id='block_1_26' title="bbox 2297 1113 3903 1192">
    <p class='ocr_par' dir='ltr' id='par_1_26' title="bbox 2297 1113 3903 1192">
     <span class='ocr_line' id='line_1_26' title="bbox 2297 1113 3903 1192; baseline 0.01 -26"><span class='ocrx_word' id='word_1_183' title='bbox 2297 1113 2401 1169; x_wconf 91' lang='lat' dir='ltr'><strong><em>lius</em></strong></span> <span class='ocrx_word' id='word_1_184' title='bbox 2457 1115 2666 1183; x_wconf 85' lang='lat' dir='ltr'><strong><em>species</em></strong></span> <span class='ocrx_word' id='word_1_185' title='bbox 2744 1116 2988 1173; x_wconf 90' lang='lat' dir='ltr'><strong><em>diversas</em></strong></span> <span class='ocrx_word' id='word_1_186' title='bbox 3038 1121 3351 1185; x_wconf 85' lang='lat' dir='ltr'><strong><em>constituit;</em></strong></span> <span class='ocrx_word' id='word_1_187' title='bbox 3428 1123 3705 1192; x_wconf 79' lang='lat' dir='ltr'><strong><em>siquidem</em></strong></span> <span class='ocrx_word' id='word_1_188' title='bbox 3777 1127 3903 1182; x_wconf 86' lang='lat' dir='ltr'><strong><em>duo</em></strong></span> 
     </span>
    </p>
   </div>
   <div class='ocr_carea' id='block_1_27' title="bbox 2295 1204 3904 1277">
    <p class='ocr_par' dir='ltr' id='par_1_27' title="bbox 2295 1204 3904 1277">
     <span class='ocr_line' id='line_1_27' title="bbox 2295 1204 3904 1277; baseline 0.011 -22"><span class='ocrx_word' id='word_1_189' title='bbox 2295 1207 2472 1271; x_wconf 84' lang='lat' dir='ltr'><strong><em>capita</em></strong></span> <span class='ocrx_word' id='word_1_190' title='bbox 2526 1204 2673 1269; x_wconf 88' lang='lat' dir='ltr'><strong><em>facit,</em></strong></span> <span class='ocrx_word' id='word_1_191' title='bbox 2712 1206 2942 1261; x_wconf 90' lang='lat' dir='ltr'><strong><em>alterum</em></strong></span> <span class='ocrx_word' id='word_1_192' title='bbox 2975 1209 3042 1263; x_wconf 91' lang='lat' dir='ltr'><strong><em>de</em></strong></span> <span class='ocrx_word' id='word_1_193' title='bbox 3097 1210 3369 1277; x_wconf 85' lang='lat' dir='ltr'><strong><em>basilisco,</em></strong></span> <span class='ocrx_word' id='word_1_194' title='bbox 3405 1214 3636 1268; x_wconf 83' lang='lat' dir='ltr'><strong><em>alterum</em></strong></span> <span class='ocrx_word' id='word_1_195' title='bbox 3673 1218 3748 1272; x_wconf 90' lang='lat' dir='ltr'><strong><em>de</em></strong></span> <span class='ocrx_word' id='word_1_196' title='bbox 3809 1235 3904 1272; x_wconf 83' lang='lat' dir='ltr'><strong><em>ar-</em></strong></span> 
     </span>
    </p>
   </div>
   <div class='ocr_carea' id='block_1_28' title="bbox 2295 1295 3899 1376">
    <p class='ocr_par' dir='ltr' id='par_1_28' title="bbox 2295 1295 3899 1376">
     <span class='ocr_line' id='line_1_28' title="bbox 2295 1295 3899 1376; baseline 0.012 -28"><span class='ocrx_word' id='word_1_197' title='bbox 2295 1309 2471 1348; x_wconf 89' lang='lat' dir='ltr'><strong><em>meue.</em></strong></span> <span class='ocrx_word' id='word_1_198' title='bbox 2496 1295 2774 1352; x_wconf 83' lang='lat' dir='ltr'><strong><em>Avicenna</em></strong></span> <span class='ocrx_word' id='word_1_199' title='bbox 2797 1297 3030 1367; x_wconf 84' lang='lat' dir='ltr'><strong><em>dubitat,</em></strong></span> <span class='ocrx_word' id='word_1_200' title='bbox 3057 1302 3198 1357; x_wconf 82' lang='lat' dir='ltr'><strong><em>sitne</em></strong></span> <span class='ocrx_word' id='word_1_201' title='bbox 3222 1303 3362 1358; x_wconf 89' lang='lat' dir='ltr'><strong><em>idem</em></strong></span> <span class='ocrx_word' id='word_1_202' title='bbox 3390 1322 3618 1376; x_wconf 85' lang='lat' dir='ltr'><strong><em>serpens</em></strong></span> <span class='ocrx_word' id='word_1_203' title='bbox 3647 1324 3899 1367; x_wconf 89' lang='lat' dir='ltr'><strong><em>armene</em></strong></span> 
     </span>
    </p>
   </div>
   <div class='ocr_carea' id='block_1_29' title="bbox 2297 1387 3897 1460">
    <p class='ocr_par' dir='ltr' id='par_1_29' title="bbox 2297 1387 3897 1460">
     <span class='ocr_line' id='line_1_29' title="bbox 2297 1387 3897 1460; baseline 0.014 -22"><span class='ocrx_word' id='word_1_204' title='bbox 2297 1402 2421 1440; x_wconf 90' lang='lat' dir='ltr'><strong><em>cum</em></strong></span> <span class='ocrx_word' id='word_1_205' title='bbox 2455 1387 2730 1452; x_wconf 84' lang='lat' dir='ltr'><strong><em>basilisco,</em></strong></span> <span class='ocrx_word' id='word_1_206' title='bbox 2783 1392 2867 1445; x_wconf 80' lang='lat' dir='ltr'><strong><em>vel</em></strong></span> <span class='ocrx_word' id='word_1_207' title='bbox 2898 1393 3168 1450; x_wconf 89' lang='lat' dir='ltr'><strong><em>diversus.</em></strong></span> <span class='ocrx_word' id='word_1_208' title='bbox 3221 1394 3480 1452; x_wconf 88' lang='lat' dir='ltr'><strong><em>Nicolaus</em></strong></span> <span class='ocrx_word' id='word_1_209' title='bbox 3525 1398 3897 1460; x_wconf 84' lang='lat' dir='ltr'><strong><em>Leonicenus</em></strong></span> 
     </span>
    </p>
   </div>
   <div class='ocr_carea' id='block_1_30' title="bbox 2296 1481 3889 1560">
    <p class='ocr_par' dir='ltr' id='par_1_30' title="bbox 2296 1481 3889 1560">
     <span class='ocr_line' id='line_1_30' title="bbox 2296 1481 3889 1560; baseline 0.014 -31"><span class='ocrx_word' id='word_1_210' title='bbox 2296 1492 2573 1532; x_wconf 89' lang='lat' dir='ltr'><strong><em>armenem</em></strong></span> <span class='ocrx_word' id='word_1_211' title='bbox 2603 1487 2657 1535; x_wconf 87' lang='lat' dir='ltr'><strong><em>et</em></strong></span> <span class='ocrx_word' id='word_1_212' title='bbox 2687 1481 3001 1537; x_wconf 89' lang='lat' dir='ltr'><strong><em>basiliscum</em></strong></span> <span class='ocrx_word' id='word_1_213' title='bbox 3032 1486 3245 1540; x_wconf 90' lang='lat' dir='ltr'><strong><em>unicam</em></strong></span> <span class='ocrx_word' id='word_1_214' title='bbox 3266 1504 3389 1543; x_wconf 86' lang='lat' dir='ltr'><strong><em>esse</em></strong></span> <span class='ocrx_word' id='word_1_215' title='bbox 3414 1493 3650 1560; x_wconf 86' lang='lat' dir='ltr'><strong><em>speciem</em></strong></span> <span class='ocrx_word' id='word_1_216' title='bbox 3689 1506 3889 1551; x_wconf 87' lang='lat' dir='ltr'><strong><em>etnon</em></strong></span> 
     </span>
    </p>
   </div>
   <div class='ocr_carea' id='block_1_31' title="bbox 2296 1571 3888 1655">
    <p class='ocr_par' dir='ltr' id='par_1_31' title="bbox 2296 1571 3888 1655">
     <span class='ocr_line' id='line_1_31' title="bbox 2296 1571 3888 1655; baseline 0.013 -31"><span class='ocrx_word' id='word_1_217' title='bbox 2296 1571 2434 1626; x_wconf 86' lang='lat' dir='ltr'><strong><em>duas</em></strong></span> <span class='ocrx_word' id='word_1_218' title='bbox 2465 1574 2650 1629; x_wconf 91' lang='lat' dir='ltr'><strong><em>multis</em></strong></span> <span class='ocrx_word' id='word_1_219' title='bbox 2698 1579 3034 1646; x_wconf 79' lang='lat' dir='ltr'><strong><em>argumentis</em></strong></span> <span class='ocrx_word' id='word_1_220' title='bbox 3085 1593 3147 1633; x_wconf 91' lang='lat' dir='ltr'><strong><em>ac</em></strong></span> <span class='ocrx_word' id='word_1_221' title='bbox 3189 1582 3495 1639; x_wconf 79' lang='lat' dir='ltr'><strong><em>rationibus</em></strong></span> <span class='ocrx_word' id='word_1_222' title='bbox 3526 1588 3746 1655; x_wconf 82' lang='lat' dir='ltr'><strong><em>probat,</em></strong></span> <span class='ocrx_word' id='word_1_223' title='bbox 3793 1606 3888 1644; x_wconf 86' lang='lat' dir='ltr'><strong><em>re-</em></strong></span> 
     </span>
    </p>
   </div>
   <div class='ocr_carea' id='block_1_32' title="bbox 2295 1659 3880 1744">
    <p class='ocr_par' dir='ltr' id='par_1_32' title="bbox 2295 1659 3880 1744">
     <span class='ocr_line' id='line_1_32' title="bbox 2295 1659 3880 1744; baseline 0.013 -30"><span class='ocrx_word' id='word_1_224' title='bbox 2295 1659 2538 1732; x_wconf 89' lang='lat' dir='ltr'><strong><em>fellitque</em></strong></span> <span class='ocrx_word' id='word_1_225' title='bbox 2589 1664 2890 1729; x_wconf 87' lang='lat' dir='ltr'><strong><em>Albertum,</em></strong></span> <span class='ocrx_word' id='word_1_226' title='bbox 2923 1675 2976 1722; x_wconf 89' lang='lat' dir='ltr'><strong><em>et</em></strong></span> <span class='ocrx_word' id='word_1_227' title='bbox 3020 1667 3374 1735; x_wconf 82' lang='lat' dir='ltr'><strong><em>Avieennam,</em></strong></span> <span class='ocrx_word' id='word_1_228' title='bbox 3417 1683 3472 1726; x_wconf 91' lang='lat' dir='ltr'><strong><em>et</em></strong></span> <span class='ocrx_word' id='word_1_229' title='bbox 3497 1679 3880 1744; x_wconf 82' lang='lat' dir='ltr'><strong><em>quorumdam</em></strong></span> 
     </span>
    </p>
   </div>
   <div class='ocr_carea' id='block_1_33' title="bbox 2296 1754 3883 1830">
    <p class='ocr_par' dir='ltr' id='par_1_33' title="bbox 2296 1754 3883 1830">
     <span class='ocr_line' id='line_1_33' title="bbox 2296 1754 3883 1830; baseline 0.013 -24"><span class='ocrx_word' id='word_1_230' title='bbox 2296 1754 2523 1808; x_wconf 90' lang='lat' dir='ltr'><strong><em>aliorum</em></strong></span> <span class='ocrx_word' id='word_1_231' title='bbox 2556 1757 2888 1826; x_wconf 85' lang='lat' dir='ltr'><strong><em>opinionem,</em></strong></span> <span class='ocrx_word' id='word_1_232' title='bbox 2917 1760 3009 1830; x_wconf 87' lang='lat' dir='ltr'><strong><em>qui</em></strong></span> <span class='ocrx_word' id='word_1_233' title='bbox 3053 1776 3329 1818; x_wconf 86' lang='lat' dir='ltr'><strong><em>armenem</em></strong></span> <span class='ocrx_word' id='word_1_234' title='bbox 3361 1781 3529 1821; x_wconf 87' lang='lat' dir='ltr'><strong><em>unum</em></strong></span> <span class='ocrx_word' id='word_1_235' title='bbox 3560 1785 3685 1823; x_wconf 89' lang='lat' dir='ltr'><strong><em>cum</em></strong></span> <span class='ocrx_word' id='word_1_236' title='bbox 3719 1784 3883 1827; x_wconf 87' lang='lat' dir='ltr'><strong><em>cato-</em></strong></span> 
     </span>
    </p>
   </div>
   <div class='ocr_carea' id='block_1_34' title="bbox 631 1823 2182 1927">
    <p class='ocr_par' dir='ltr' id='par_1_34' title="bbox 631 1823 2182 1918">
     <span class='ocr_line' id='line_1_34' title="bbox 631 1823 2182 1918; baseline 0.006 -22"><span class='ocrx_word' id='word_1_237' title='bbox 631 1860 740 1907; x_wconf 90' lang='grc' dir='ltr'>σαι,</span> <span class='ocrx_word' id='word_1_238' title='bbox 793 1846 885 1898; x_wconf 77' lang='grc' dir='ltr'><strong><em>καὶ</em></strong></span> <span class='ocrx_word' id='word_1_239' title='bbox 930 1823 1178 1899; x_wconf 60' lang='grc' dir='ltr'>ἐκϐάλλει</span> <span class='ocrx_word' id='word_1_240' title='bbox 1230 1846 1290 1899; x_wconf 85' lang='grc' dir='ltr'><strong><em>τὸ</em></strong></span> <span class='ocrx_word' id='word_1_241' title='bbox 1337 1823 1550 1918; x_wconf 54' lang='grc' dir='ltr'>γῆραςξ</span> <span class='ocrx_word' id='word_1_242' title='bbox 1601 1823 1713 1902; x_wconf 39' lang='grc' dir='ltr'>καὶ.</span> <span class='ocrx_word' id='word_1_243' title='bbox 1739 1850 2027 1906; x_wconf 77' lang='grc' dir='ltr'>ἀποϐαλὼν</span> <span class='ocrx_word' id='word_1_244' title='bbox 2064 1823 2182 1906; x_wconf 53' lang='grc' dir='ltr'>αὖτέ</span> 
     </span>
    </p>
   </div>
   <div class='ocr_carea' id='block_1_35' title="bbox 2285 1823 3880 1927">
    <p class='ocr_par' dir='ltr' id='par_1_35' title="bbox 2297 1823 3880 1927">
     <span class='ocr_line' id='line_1_35' title="bbox 2297 1823 3880 1927; baseline 0.012 -27"><span class='ocrx_word' id='word_1_245' title='bbox 2297 1846 2452 1916; x_wconf 86' lang='lat' dir='ltr'><strong><em>blepa</em></strong></span> <span class='ocrx_word' id='word_1_246' title='bbox 2499 1823 3207 1923; x_wconf 31' lang='lat' dir='ltr'><strong><em>codstituebantIDecepti,</em></strong></span> <span class='ocrx_word' id='word_1_247' title='bbox 3247 1866 3304 1910; x_wconf 90' lang='lat' dir='ltr'><strong><em>ut</em></strong></span> <span class='ocrx_word' id='word_1_248' title='bbox 3333 1867 3486 1927; x_wconf 89' lang='lat' dir='ltr'><strong><em>puto,</em></strong></span> <span class='ocrx_word' id='word_1_249' title='bbox 3536 1864 3880 1919; x_wconf 82' lang='lat' dir='ltr'><strong><em>auctoritate</em></strong></span> 
     </span>
    </p>
   </div>
   <div class='ocr_carea' id='block_1_36' title="bbox 626 1937 1521 2009">
    <p class='ocr_par' dir='ltr' id='par_1_36' title="bbox 626 1937 1521 2009">
     <span class='ocr_line' id='line_1_36' title="bbox 626 1937 1521 2009; baseline 0.008 -21"><span class='ocrx_word' id='word_1_250' title='bbox 626 1937 907 2009; x_wconf 83' lang='grc' dir='ltr'>τερπωλὴν</span> <span class='ocrx_word' id='word_1_251' title='bbox 945 1939 1171 2009; x_wconf 80' lang='grc' dir='ltr'>παρέχει</span> <span class='ocrx_word' id='word_1_252' title='bbox 1207 1939 1521 1996; x_wconf 83' lang='grc' dir='ltr'>νεανίσκων.</span> 
     </span>
    </p>
   </div>
   <div class='ocr_carea' id='block_1_37' title="bbox 701 2027 2194 2107">
    <p class='ocr_par' dir='ltr' id='par_1_37' title="bbox 701 2027 2194 2107">
     <span class='ocr_line' id='line_1_37' title="bbox 701 2027 2194 2107; baseline 0.008 -27"><span class='ocrx_word' id='word_1_253' title='bbox 701 2027 856 2096; x_wconf 87' lang='lat' dir='ltr'><strong><em>lbid.,</em></strong></span> <span class='ocrx_word' id='word_1_254' title='bbox 888 2031 986 2084; x_wconf 93' lang='lat' dir='ltr'><strong><em>lin.</em></strong></span> <span class='ocrx_word' id='word_1_255' title='bbox 1019 2031 1106 2085; x_wconf 81' lang='lat' dir='ltr'><strong><em>lO.</em></strong></span> <span class='ocrx_word' id='word_1_256' title='bbox 1158 2031 1271 2084; x_wconf 82' lang='lat' dir='ltr'><strong><em>Kal</em></strong></span> <span class='ocrx_word' id='word_1_257' title='bbox 1302 2032 1632 2101; x_wconf 80' lang='grc' dir='ltr'>εἰσέρχεται</span> <span class='ocrx_word' id='word_1_258' title='bbox 1662 2037 1750 2101; x_wconf 80' lang='grc' dir='ltr'>εὶς</span> <span class='ocrx_word' id='word_1_259' title='bbox 1772 2037 1909 2105; x_wconf 62' lang='lat' dir='ltr'><strong><em>par.</em></strong></span> <span class='ocrx_word' id='word_1_260' title='bbox 1962 2034 2194 2107; x_wconf 87' lang='lat' dir='ltr'><strong><em>Serpen-</em></strong></span> 
     </span>
    </p>
   </div>
   <div class='ocr_carea' id='block_1_38' title="bbox 625 2127 2188 2194">
    <p class='ocr_par' dir='ltr' id='par_1_38' title="bbox 625 2127 2188 2194">
     <span class='ocr_line' id='line_1_38' title="bbox 625 2127 2188 2194; baseline 0.006 -18"><span class='ocrx_word' id='word_1_261' title='bbox 625 2128 710 2177; x_wconf 88' lang='lat' dir='ltr'><strong><em>tes</em></strong></span> <span class='ocrx_word' id='word_1_262' title='bbox 739 2133 1010 2177; x_wconf 83' lang='lat' dir='ltr'><strong><em>senectam</em></strong></span> <span class='ocrx_word' id='word_1_263' title='bbox 1053 2140 1252 2179; x_wconf 84' lang='lat' dir='ltr'><strong><em>exuere</em></strong></span> <span class='ocrx_word' id='word_1_264' title='bbox 1299 2127 1548 2180; x_wconf 89' lang='lat' dir='ltr'><strong><em>scribunt</em></strong></span> <span class='ocrx_word' id='word_1_265' title='bbox 1574 2127 1915 2194; x_wconf 81' lang='lat' dir='ltr'><strong><em>Aristoteles,</em></strong></span> <span class='ocrx_word' id='word_1_266' title='bbox 1949 2131 2026 2184; x_wconf 89' lang='lat' dir='ltr'><strong><em>De</em></strong></span> <span class='ocrx_word' id='word_1_267' title='bbox 2066 2132 2188 2186; x_wconf 84' lang='lat' dir='ltr'><strong><em>hist.</em></strong></span> 
     </span>
    </p>
   </div>
   <div class='ocr_carea' id='block_1_39' title="bbox 625 2214 2191 2290">
    <p class='ocr_par' dir='ltr' id='par_1_39' title="bbox 625 2214 2191 2290">
     <span class='ocr_line' id='line_1_39' title="bbox 625 2214 2191 2290; baseline 0.006 -22"><span class='ocrx_word' id='word_1_268' title='bbox 625 2214 786 2268; x_wconf 84' lang='lat' dir='ltr'><strong><em>anim.</em></strong></span> <span class='ocrx_word' id='word_1_269' title='bbox 839 2214 931 2268; x_wconf 90' lang='lat' dir='ltr'><strong><em>lib.</em></strong></span> <span class='ocrx_word' id='word_1_270' title='bbox 983 2230 1102 2276; x_wconf 81' lang='lat' dir='ltr'><strong><em>Vill,</em></strong></span> <span class='ocrx_word' id='word_1_271' title='bbox 1145 2231 1194 2270; x_wconf 92' lang='lat' dir='ltr'><strong><em>c.</em></strong></span> <span class='ocrx_word' id='word_1_272' title='bbox 1234 2216 1330 2282; x_wconf 77' lang='lat' dir='ltr'><strong><em>l7;</em></strong></span> <span class='ocrx_word' id='word_1_273' title='bbox 1367 2217 1638 2283; x_wconf 67' lang='lat' dir='ltr'><strong><em>Ailianus,</em></strong></span> <span class='ocrx_word' id='word_1_274' title='bbox 1687 2220 1721 2274; x_wconf 93' lang='grc' dir='ltr'>Ι.</span> <span class='ocrx_word' id='word_1_275' title='bbox 1753 2236 1828 2286; x_wconf 83' lang='lat' dir='ltr'><strong><em>Ix,</em></strong></span> <span class='ocrx_word' id='word_1_276' title='bbox 1861 2237 1910 2276; x_wconf 94' lang='lat' dir='ltr'><strong><em>c.</em></strong></span> <span class='ocrx_word' id='word_1_277' title='bbox 1960 2223 2062 2290; x_wconf 69' lang='lat'><strong><em>46;</em></strong></span> <span class='ocrx_word' id='word_1_278' title='bbox 2099 2223 2191 2277; x_wconf 86' lang='lat' dir='ltr'><strong><em>Ni-</em></strong></span> 
     </span>
    </p>
   </div>
   <div class='ocr_carea' id='block_1_40' title="bbox 625 2306 2189 2383">
    <p class='ocr_par' dir='ltr' id='par_1_40' title="bbox 625 2306 2189 2383">
     <span class='ocr_line' id='line_1_40' title="bbox 625 2306 2189 2383; baseline 0.007 -24"><span class='ocrx_word' id='word_1_279' title='bbox 625 2306 848 2367; x_wconf 86' lang='lat' dir='ltr'><strong><em>cander,</em></strong></span> <span class='ocrx_word' id='word_1_280' title='bbox 903 2307 958 2360; x_wconf 89' lang='lat' dir='ltr'><strong><em>in</em></strong></span> <span class='ocrx_word' id='word_1_281' title='bbox 1013 2306 1314 2372; x_wconf 87' lang='lat' dir='ltr'><strong><em>Theriacis;</em></strong></span> <span class='ocrx_word' id='word_1_282' title='bbox 1371 2311 1661 2381; x_wconf 76' lang='lat' dir='ltr'><strong><em>Virgilius,</em></strong></span> <span class='ocrx_word' id='word_1_283' title='bbox 1722 2328 1760 2366; x_wconf 85' lang='grc' dir='ltr'>η</span> <span class='ocrx_word' id='word_1_284' title='bbox 1812 2313 1996 2383; x_wconf 84' lang='lat' dir='ltr'><strong><em>Georg.</em></strong></span> <span class='ocrx_word' id='word_1_285' title='bbox 2051 2324 2104 2370; x_wconf 91' lang='lat' dir='ltr'><strong><em>et</em></strong></span> <span class='ocrx_word' id='word_1_286' title='bbox 2151 2333 2189 2370; x_wconf 86' lang='grc' dir='ltr'><strong><em>ιι</em></strong></span> 
     </span>
    </p>
   </div>
   <div class='ocr_carea' id='block_1_41' title="bbox 625 2395 2189 2470">
    <p class='ocr_par' dir='ltr' id='par_1_41' title="bbox 625 2395 2189 2470">
     <span class='ocr_line' id='line_1_41' title="bbox 625 2395 2189 2470; baseline 0.008 -22"><span class='ocrx_word' id='word_1_287' title='bbox 625 2395 880 2462; x_wconf 65' lang='lat' dir='ltr'><strong><em>Eneid.;</em></strong></span> <span class='ocrx_word' id='word_1_288' title='bbox 921 2396 1168 2462; x_wconf 87' lang='lat' dir='ltr'><strong><em>Nonnus,</em></strong></span> <span class='ocrx_word' id='word_1_289' title='bbox 1201 2399 1554 2470; x_wconf 76' lang='lat' dir='ltr'><strong><em>Dionysiacon</em></strong></span> <span class='ocrx_word' id='word_1_290' title='bbox 1603 2404 1638 2456; x_wconf 94' lang='lat' dir='ltr'><strong><em>l.</em></strong></span> <span class='ocrx_word' id='word_1_291' title='bbox 1673 2419 1791 2470; x_wconf 81' lang='lat' dir='ltr'><strong><em>xu;</em></strong></span> <span class='ocrx_word' id='word_1_292' title='bbox 1829 2404 2102 2469; x_wconf 86' lang='lat' dir='ltr'><strong><em>Simmias,</em></strong></span> <span class='ocrx_word' id='word_1_293' title='bbox 2135 2409 2189 2462; x_wconf 89' lang='lat' dir='ltr'><strong><em>in</em></strong></span> 
     </span>
    </p>
   </div>
   <div class='ocr_carea' id='block_1_42' title="bbox 624 2485 2186 2560">
    <p class='ocr_par' dir='ltr' id='par_1_42' title="bbox 624 2485 2186 2560">
     <span class='ocr_line' id='line_1_42' title="bbox 624 2485 2186 2560; baseline 0.009 -22"><span class='ocrx_word' id='word_1_294' title='bbox 624 2485 788 2551; x_wconf 79' lang='lat' dir='ltr'><strong><em>Ala.;</em></strong></span> <span class='ocrx_word' id='word_1_295' title='bbox 825 2485 1095 2542; x_wconf 82' lang='lat' dir='ltr'><strong><em>Theodor.</em></strong></span> <span class='ocrx_word' id='word_1_296' title='bbox 1146 2490 1182 2544; x_wconf 94' lang='lat' dir='ltr'><strong><em>l.</em></strong></span> <span class='ocrx_word' id='word_1_297' title='bbox 1217 2505 1232 2542; x_wconf 81' lang='grc' dir='ltr'><strong><em>ι</em></strong></span> <span class='ocrx_word' id='word_1_298' title='bbox 1269 2489 1620 2560; x_wconf 80' lang='lat' dir='ltr'><strong><em>Therapeut.,&#39;</em></strong></span> <span class='ocrx_word' id='word_1_299' title='bbox 1662 2491 1891 2555; x_wconf 89' lang='lat' dir='ltr'><strong><em>Plinius,</em></strong></span> <span class='ocrx_word' id='word_1_300' title='bbox 1927 2496 1960 2550; x_wconf 94' lang='lat' dir='ltr'><strong><em>l.</em></strong></span> <span class='ocrx_word' id='word_1_301' title='bbox 1989 2513 2106 2558; x_wconf 86' lang='lat' dir='ltr'><strong><em>vm,</em></strong></span> <span class='ocrx_word' id='word_1_302' title='bbox 2136 2513 2186 2554; x_wconf 91' lang='lat' dir='ltr'><strong><em>c.</em></strong></span> 
     </span>
    </p>
   </div>
   <div class='ocr_carea' id='block_1_43' title="bbox 620 2577 2190 2655">
    <p class='ocr_par' dir='ltr' id='par_1_43' title="bbox 620 2577 2190 2655">
     <span class='ocr_line' id='line_1_43' title="bbox 620 2577 2190 2655; baseline 0.006 -24"><span class='ocrx_word' id='word_1_303' title='bbox 620 2578 691 2631; x_wconf 77' lang='lat'><strong>27</strong></span> <span class='ocrx_word' id='word_1_304' title='bbox 719 2596 732 2632; x_wconf 88' lang='lat'><strong>:</strong></span> <span class='ocrx_word' id='word_1_305' title='bbox 765 2577 965 2648; x_wconf 82' lang='lat' dir='ltr'><strong><em>Anguis</em></strong></span> <span class='ocrx_word' id='word_1_306' title='bbox 995 2579 1222 2649; x_wconf 85' lang='lat' dir='ltr'><strong><em>hyberno</em></strong></span> <span class='ocrx_word' id='word_1_307' title='bbox 1254 2582 1359 2633; x_wconf 90' lang='lat' dir='ltr'><strong><em>situ</em></strong></span> <span class='ocrx_word' id='word_1_308' title='bbox 1393 2583 1693 2636; x_wconf 84' lang='lat' dir='ltr'><strong><em>membrana</em></strong></span> <span class='ocrx_word' id='word_1_309' title='bbox 1716 2589 1946 2655; x_wconf 87' lang='lat' dir='ltr'><strong><em>corporis</em></strong></span> <span class='ocrx_word' id='word_1_310' title='bbox 1966 2587 2190 2642; x_wconf 86' lang='lat' dir='ltr'><strong><em>obducta</em></strong></span> 
     </span>
    </p>
   </div>
   <div class='ocr_carea' id='block_1_44' title="bbox 623 2669 2189 2748">
    <p class='ocr_par' dir='ltr' id='par_1_44' title="bbox 623 2669 2189 2748">
     <span class='ocr_line' id='line_1_44' title="bbox 623 2669 2189 2748; baseline 0.007 -26"><span class='ocrx_word' id='word_1_311' title='bbox 623 2669 856 2738; x_wconf 72' lang='lat' dir='ltr'><strong><em>faeniculi</em></strong></span> <span class='ocrx_word' id='word_1_312' title='bbox 887 2686 1038 2722; x_wconf 88' lang='lat' dir='ltr'><strong><em>succo</em></strong></span> <span class='ocrx_word' id='word_1_313' title='bbox 1069 2670 1492 2737; x_wconf 83' lang='lat' dir='ltr'><strong><em>impedimentum</em></strong></span> <span class='ocrx_word' id='word_1_314' title='bbox 1535 2674 1671 2726; x_wconf 90' lang='lat' dir='ltr'><strong><em>illud</em></strong></span> <span class='ocrx_word' id='word_1_315' title='bbox 1703 2678 1865 2738; x_wconf 74' lang='lat' dir='ltr'><strong><em>exuit,</em></strong></span> <span class='ocrx_word' id='word_1_316' title='bbox 1893 2677 2189 2748; x_wconf 80' lang='lat' dir='ltr'><strong><em>nitidusque</em></strong></span> 
     </span>
    </p>
   </div>
   <div class='ocr_carea' id='block_1_45' title="bbox 622 2759 2188 2834">
    <p class='ocr_par' dir='ltr' id='par_1_45' title="bbox 622 2759 2188 2834">
     <span class='ocr_line' id='line_1_45' title="bbox 622 2759 2188 2834; baseline 0.006 -20"><span class='ocrx_word' id='word_1_317' title='bbox 622 2771 823 2815; x_wconf 89' lang='lat' dir='ltr'><strong><em>vernat.</em></strong></span> <span class='ocrx_word' id='word_1_318' title='bbox 874 2759 1038 2815; x_wconf 71' lang='lat' dir='ltr'><strong><em>Exuit</em></strong></span> <span class='ocrx_word' id='word_1_319' title='bbox 1065 2772 1238 2816; x_wconf 89' lang='lat' dir='ltr'><strong><em>autem</em></strong></span> <span class='ocrx_word' id='word_1_320' title='bbox 1273 2779 1307 2815; x_wconf 91' lang='lat' dir='ltr'><strong><em>a</em></strong></span> <span class='ocrx_word' id='word_1_321' title='bbox 1342 2765 1510 2832; x_wconf 84' lang='lat' dir='ltr'><strong><em>capite</em></strong></span> <span class='ocrx_word' id='word_1_322' title='bbox 1551 2767 1802 2834; x_wconf 87' lang='lat' dir='ltr'><strong><em>primum,</em></strong></span> <span class='ocrx_word' id='word_1_323' title='bbox 1837 2784 1928 2822; x_wconf 89' lang='lat' dir='ltr'><strong><em>nec</em></strong></span> <span class='ocrx_word' id='word_1_324' title='bbox 1970 2770 2188 2825; x_wconf 89' lang='lat' dir='ltr'><strong><em>celerius</em></strong></span> 
     </span>
    </p>
   </div>
   <div class='ocr_carea' id='block_1_46' title="bbox 621 2855 2188 2931">
    <p class='ocr_par' dir='ltr' id='par_1_46' title="bbox 621 2855 2188 2931">
     <span class='ocr_line' id='line_1_46' title="bbox 621 2855 2188 2931; baseline 0.007 -26"><span class='ocrx_word' id='word_1_325' title='bbox 621 2870 780 2924; x_wconf 85' lang='lat' dir='ltr'><strong><em>quant</em></strong></span> <span class='ocrx_word' id='word_1_326' title='bbox 812 2871 914 2907; x_wconf 89' lang='lat' dir='ltr'><strong><em>uno</em></strong></span> <span class='ocrx_word' id='word_1_327' title='bbox 941 2855 1044 2916; x_wconf 89' lang='lat' dir='ltr'><strong><em>die,</em></strong></span> <span class='ocrx_word' id='word_1_328' title='bbox 1078 2872 1141 2908; x_wconf 88' lang='lat' dir='ltr'><strong><em>ac</em></strong></span> <span class='ocrx_word' id='word_1_329' title='bbox 1173 2867 1319 2909; x_wconf 86' lang='lat' dir='ltr'><strong><em>nocte</em></strong></span> <span class='ocrx_word' id='word_1_330' title='bbox 1350 2855 1628 2926; x_wconf 82' lang='lat' dir='ltr'><strong><em>replicans,</em></strong></span> <span class='ocrx_word' id='word_1_331' title='bbox 1657 2870 1713 2912; x_wconf 86' lang='lat' dir='ltr'><strong><em>ut</em></strong></span> <span class='ocrx_word' id='word_1_332' title='bbox 1739 2873 1888 2915; x_wconf 71' lang='lat' dir='ltr'><strong><em>extra</em></strong></span> <span class='ocrx_word' id='word_1_333' title='bbox 1912 2864 2006 2931; x_wconf 81' lang='lat' dir='ltr'><strong><em>ﬁat</em></strong></span> <span class='ocrx_word' id='word_1_334' title='bbox 2029 2880 2188 2917; x_wconf 88' lang='lat' dir='ltr'><strong><em>mem-</em></strong></span> 
     </span>
    </p>
   </div>
   <div class='ocr_carea' id='block_1_47' title="bbox 624 2943 2188 3014">
    <p class='ocr_par' dir='ltr' id='par_1_47' title="bbox 624 2943 2188 3014">
     <span class='ocr_line' id='line_1_47' title="bbox 624 2943 2188 3014; baseline 0.008 -18"><span class='ocrx_word' id='word_1_335' title='bbox 624 2944 812 3005; x_wconf 91' lang='lat' dir='ltr'><strong><em>brana,</em></strong></span> <span class='ocrx_word' id='word_1_336' title='bbox 865 2943 1001 3014; x_wconf 84' lang='lat' dir='ltr'><strong><em>quod</em></strong></span> <span class='ocrx_word' id='word_1_337' title='bbox 1050 2945 1223 3013; x_wconf 76' lang='lat' dir='ltr'><strong><em>fuerat</em></strong></span> <span class='ocrx_word' id='word_1_338' title='bbox 1271 2946 1446 3010; x_wconf 88' lang='lat' dir='ltr'><strong><em>intus;</em></strong></span> <span class='ocrx_word' id='word_1_339' title='bbox 1499 2945 1698 3014; x_wconf 77' lang='lat' dir='ltr'><strong><em>liorus,</em></strong></span> <span class='ocrx_word' id='word_1_340' title='bbox 1732 2950 1767 3004; x_wconf 95' lang='grc' dir='ltr'>Ι.</span> <span class='ocrx_word' id='word_1_341' title='bbox 1820 2966 1857 3014; x_wconf 83' lang='grc' dir='ltr'>ι,</span> <span class='ocrx_word' id='word_1_342' title='bbox 1907 2967 1955 3006; x_wconf 89' lang='lat' dir='ltr'><strong><em>c.</em></strong></span> <span class='ocrx_word' id='word_1_343' title='bbox 1989 2952 2043 3005; x_wconf 77' lang='grc'><strong><em>2.</em></strong></span> <span class='ocrx_word' id='word_1_344' title='bbox 2080 2951 2188 3008; x_wconf 86' lang='lat' dir='ltr'><strong><em>Nec</em></strong></span> 
     </span>
    </p>
   </div>
   <div class='ocr_carea' id='block_1_48' title="bbox 625 3034 2181 3108">
    <p class='ocr_par' dir='ltr' id='par_1_48' title="bbox 625 3034 2181 3108">
     <span class='ocr_line' id='line_1_48' title="bbox 625 3034 2181 3108; baseline 0.008 -23"><span class='ocrx_word' id='word_1_345' title='bbox 625 3034 798 3103; x_wconf 81' lang='lat' dir='ltr'><strong><em>parcit</em></strong></span> <span class='ocrx_word' id='word_1_346' title='bbox 840 3034 940 3088; x_wconf 90' lang='lat' dir='ltr'><strong><em>hac</em></strong></span> <span class='ocrx_word' id='word_1_347' title='bbox 972 3035 1024 3088; x_wconf 90' lang='lat' dir='ltr'><strong><em>in</em></strong></span> <span class='ocrx_word' id='word_1_348' title='bbox 1061 3051 1119 3089; x_wconf 91' lang='lat' dir='ltr'><strong><em>re</em></strong></span> <span class='ocrx_word' id='word_1_349' title='bbox 1163 3035 1414 3090; x_wconf 85' lang='lat' dir='ltr'><strong><em>Cardano</em></strong></span> <span class='ocrx_word' id='word_1_350' title='bbox 1459 3035 1720 3108; x_wconf 82' lang='lat' dir='ltr'><strong><em>Scaliger,</em></strong></span> <span class='ocrx_word' id='word_1_351' title='bbox 1754 3056 1932 3096; x_wconf 76' lang='lat' dir='ltr'><strong><em>exere.</em></strong></span> <span class='ocrx_word' id='word_1_352' title='bbox 1970 3042 2088 3105; x_wconf 85' lang='grc'><strong><em>189,</em></strong></span> <span class='ocrx_word' id='word_1_353' title='bbox 2127 3060 2181 3099; x_wconf 92' lang='lat' dir='ltr'><strong><em>n.</em></strong></span> 
     </span>
    </p>
   </div>
   <div class='ocr_carea' id='block_1_49' title="bbox 623 3125 2183 3201">
    <p class='ocr_par' dir='ltr' id='par_1_49' title="bbox 623 3125 2183 3201">
     <span class='ocr_line' id='line_1_49' title="bbox 623 3125 2183 3201; baseline 0.006 -21"><span class='ocrx_word' id='word_1_354' title='bbox 623 3125 679 3189; x_wconf 80' lang='lat'><strong><em>5,</em></strong></span> <span class='ocrx_word' id='word_1_355' title='bbox 719 3125 812 3182; x_wconf 89' lang='lat' dir='ltr'><strong><em>sed</em></strong></span> <span class='ocrx_word' id='word_1_356' title='bbox 847 3141 1066 3180; x_wconf 86' lang='lat' dir='ltr'><strong><em>causam</em></strong></span> <span class='ocrx_word' id='word_1_357' title='bbox 1107 3126 1393 3182; x_wconf 85' lang='lat' dir='ltr'><strong><em>adductam</em></strong></span> <span class='ocrx_word' id='word_1_358' title='bbox 1427 3145 1594 3199; x_wconf 88' lang='lat' dir='ltr'><strong><em>quare</em></strong></span> <span class='ocrx_word' id='word_1_359' title='bbox 1616 3141 1894 3201; x_wconf 85' lang='lat' dir='ltr'><strong><em>serpentes</em></strong></span> <span class='ocrx_word' id='word_1_360' title='bbox 1934 3146 2183 3189; x_wconf 88' lang='lat' dir='ltr'><strong><em>senectu-</em></strong></span> 
     </span>
    </p>
   </div>
   <div class='ocr_carea' id='block_1_50' title="bbox 621 3219 2184 3291">
    <p class='ocr_par' dir='ltr' id='par_1_50' title="bbox 621 3219 2184 3291">
     <span class='ocr_line' id='line_1_50' title="bbox 621 3219 2184 3291; baseline 0.008 -23"><span class='ocrx_word' id='word_1_361' title='bbox 621 3224 729 3270; x_wconf 89' lang='lat' dir='ltr'><strong><em>tem</em></strong></span> <span class='ocrx_word' id='word_1_362' title='bbox 787 3225 990 3270; x_wconf 74' lang='lat' dir='ltr'><strong><em>exuant</em></strong></span> <span class='ocrx_word' id='word_1_363' title='bbox 1046 3225 1268 3285; x_wconf 89' lang='lat' dir='ltr'><strong><em>propter</em></strong></span> <span class='ocrx_word' id='word_1_364' title='bbox 1322 3219 1621 3274; x_wconf 88' lang='lat' dir='ltr'><strong><em>siccitatem</em></strong></span> <span class='ocrx_word' id='word_1_365' title='bbox 1670 3222 1950 3291; x_wconf 79' lang='lat' dir='ltr'><strong><em>duntaxat</em></strong></span> <span class='ocrx_word' id='word_1_366' title='bbox 1989 3224 2184 3280; x_wconf 83' lang='lat' dir='ltr'><strong><em>refellit</em></strong></span> 
     </span>
    </p>
   </div>
   <div class='ocr_carea' id='block_1_51' title="bbox 620 3308 2186 3381">
    <p class='ocr_par' dir='ltr' id='par_1_51' title="bbox 620 3308 2186 3381">
     <span class='ocr_line' id='line_1_51' title="bbox 620 3308 2186 3381; baseline 0.006 -18"><span class='ocrx_word' id='word_1_367' title='bbox 620 3309 867 3376; x_wconf 78' lang='lat' dir='ltr'><strong><em>exemplo</em></strong></span> <span class='ocrx_word' id='word_1_368' title='bbox 897 3308 1186 3372; x_wconf 87' lang='lat' dir='ltr'><strong><em>stellionis,</em></strong></span> <span class='ocrx_word' id='word_1_369' title='bbox 1218 3309 1310 3378; x_wconf 85' lang='lat' dir='ltr'><strong><em>qui</em></strong></span> <span class='ocrx_word' id='word_1_370' title='bbox 1339 3325 1448 3364; x_wconf 88' lang='lat' dir='ltr'><strong><em>non</em></strong></span> <span class='ocrx_word' id='word_1_371' title='bbox 1480 3319 1565 3366; x_wconf 90' lang='lat' dir='ltr'><strong><em>est</em></strong></span> <span class='ocrx_word' id='word_1_372' title='bbox 1614 3312 1797 3369; x_wconf 89' lang='lat' dir='ltr'><strong><em>siccus</em></strong></span> <span class='ocrx_word' id='word_1_373' title='bbox 1833 3322 1888 3369; x_wconf 91' lang='lat' dir='ltr'><strong><em>et</em></strong></span> <span class='ocrx_word' id='word_1_374' title='bbox 1928 3317 2098 3381; x_wconf 81' lang='lat' dir='ltr'><strong><em>exuit,</em></strong></span> <span class='ocrx_word' id='word_1_375' title='bbox 2133 3325 2186 3372; x_wconf 92' lang='lat' dir='ltr'><strong><em>et</em></strong></span> 
     </span>
    </p>
   </div>
   <div class='ocr_carea' id='block_1_52' title="bbox 620 3402 2182 3478">
    <p class='ocr_par' dir='ltr' id='par_1_52' title="bbox 620 3402 2182 3478">
     <span class='ocr_line' id='line_1_52' title="bbox 620 3402 2182 3478; baseline 0.005 -24"><span class='ocrx_word' id='word_1_376' title='bbox 620 3402 876 3455; x_wconf 88' lang='lat' dir='ltr'><strong><em>arborum</em></strong></span> <span class='ocrx_word' id='word_1_377' title='bbox 921 3402 1236 3465; x_wconf 87' lang='lat' dir='ltr'><strong><em>si-cciorum,</em></strong></span> <span class='ocrx_word' id='word_1_378' title='bbox 1268 3403 1360 3472; x_wconf 89' lang='lat' dir='ltr'><strong><em>qui</em></strong></span> <span class='ocrx_word' id='word_1_379' title='bbox 1399 3404 1655 3460; x_wconf 82' lang='lat' dir='ltr'><strong><em>corticem</em></strong></span> <span class='ocrx_word' id='word_1_380' title='bbox 1699 3407 1904 3460; x_wconf 89' lang='lat' dir='ltr'><strong><em>nullum</em></strong></span> <span class='ocrx_word' id='word_1_381' title='bbox 1936 3417 2182 3478; x_wconf 85' lang='lat' dir='ltr'><strong><em>mutant;</em></strong></span> 
     </span>
    </p>
   </div>
   <div class='ocr_carea' id='block_1_53' title="bbox 620 3495 2186 3565">
    <p class='ocr_par' dir='ltr' id='par_1_53' title="bbox 620 3495 2186 3565">
     <span class='ocr_line' id='line_1_53' title="bbox 620 3495 2186 3565; baseline 0.005 -19"><span class='ocrx_word' id='word_1_382' title='bbox 620 3495 1026 3559; x_wconf 79' lang='lat' dir='ltr'><strong><em>cantharidum,</em></strong></span> <span class='ocrx_word' id='word_1_383' title='bbox 1059 3511 1180 3564; x_wconf 68' lang='lat' dir='ltr'><strong><em>qua:</em></strong></span> <span class='ocrx_word' id='word_1_384' title='bbox 1210 3495 1351 3549; x_wconf 88' lang='lat' dir='ltr'><strong><em>inter</em></strong></span> <span class='ocrx_word' id='word_1_385' title='bbox 1377 3496 1584 3551; x_wconf 87' lang='lat' dir='ltr'><strong><em>insecta</em></strong></span> <span class='ocrx_word' id='word_1_386' title='bbox 1609 3498 1927 3554; x_wconf 65' lang='lat' dir='ltr'><strong><em>siccissimas</em></strong></span> <span class='ocrx_word' id='word_1_387' title='bbox 1952 3510 2100 3565; x_wconf 81' lang='lat' dir='ltr'><strong><em>sunt,</em></strong></span> <span class='ocrx_word' id='word_1_388' title='bbox 2133 3509 2186 3556; x_wconf 91' lang='lat' dir='ltr'><strong><em>et</em></strong></span> 
     </span>
    </p>
   </div>
   <div class='ocr_carea' id='block_1_54' title="bbox 619 3587 2183 3664">
    <p class='ocr_par' dir='ltr' id='par_1_54' title="bbox 619 3587 2183 3664">
     <span class='ocr_line' id='line_1_54' title="bbox 619 3587 2183 3664; baseline 0.006 -24"><span class='ocrx_word' id='word_1_389' title='bbox 619 3587 875 3642; x_wconf 88' lang='lat' dir='ltr'><strong><em>cimicmn</em></strong></span> <span class='ocrx_word' id='word_1_390' title='bbox 913 3588 1234 3652; x_wconf 82' lang='lat' dir='ltr'><strong><em>volantium,</em></strong></span> <span class='ocrx_word' id='word_1_391' title='bbox 1266 3603 1405 3658; x_wconf 84' lang='lat' dir='ltr'><strong><em>quos</em></strong></span> <span class='ocrx_word' id='word_1_392' title='bbox 1437 3589 1554 3659; x_wconf 88' lang='lat' dir='ltr'><strong><em>ipse</em></strong></span> <span class='ocrx_word' id='word_1_393' title='bbox 1591 3605 1650 3646; x_wconf 92' lang='lat' dir='ltr'><strong><em>se</em></strong></span> <span class='ocrx_word' id='word_1_394' title='bbox 1683 3591 1870 3662; x_wconf 86' lang='lat' dir='ltr'><strong><em>igneos</em></strong></span> <span class='ocrx_word' id='word_1_395' title='bbox 1901 3601 2183 3664; x_wconf 74' lang='lat' dir='ltr'><strong><em>expertum</em></strong></span> 
     </span>
    </p>
   </div>
   <div class='ocr_carea' id='block_1_55' title="bbox 619 3679 998 3734">
    <p class='ocr_par' dir='ltr' id='par_1_55' title="bbox 619 3679 998 3734">
     <span class='ocr_line' id='line_1_55' title="bbox 619 3679 998 3734; baseline 0.005 -2"><span class='ocrx_word' id='word_1_396' title='bbox 619 3691 744 3732; x_wconf 87' lang='lat' dir='ltr'><strong><em>esse</em></strong></span> <span class='ocrx_word' id='word_1_397' title='bbox 781 3679 998 3734; x_wconf 80' lang='lat' dir='ltr'><strong><em>fatetur.</em></strong></span> 
     </span>
    </p>
   </div>
   <div class='ocr_carea' id='block_1_56' title="bbox 693 3765 2183 3846">
    <p class='ocr_par' dir='ltr' id='par_1_56' title="bbox 693 3765 2183 3846">
     <span class='ocr_line' id='line_1_56' title="bbox 693 3765 2183 3846; baseline 0.006 -23"><span class='ocrx_word' id='word_1_398' title='bbox 693 3769 852 3833; x_wconf 77' lang='lat' dir='ltr'><strong><em>fbid.,</em></strong></span> <span class='ocrx_word' id='word_1_399' title='bbox 889 3770 987 3824; x_wconf 92' lang='lat' dir='ltr'><strong><em>lin.</em></strong></span> <span class='ocrx_word' id='word_1_400' title='bbox 1018 3771 1104 3826; x_wconf 81' lang='grc'><strong><em>15.</em></strong></span> <span class='ocrx_word' id='word_1_401' title='bbox 1127 3774 1312 3826; x_wconf 81' lang='grc' dir='ltr'>Ὅταν</span> <span class='ocrx_word' id='word_1_402' title='bbox 1343 3774 1413 3828; x_wconf 84' lang='grc' dir='ltr'>δὲ</span> <span class='ocrx_word' id='word_1_403' title='bbox 1443 3773 1700 3844; x_wconf 73' lang='grc' dir='ltr'>διψήσῃ.</span> <span class='ocrx_word' id='word_1_404' title='bbox 1733 3773 1809 3830; x_wconf 89' lang='lat' dir='ltr'><strong><em>De</em></strong></span> <span class='ocrx_word' id='word_1_405' title='bbox 1829 3765 2183 3846; x_wconf 23' lang='lat' dir='ltr'><strong><em>vipera-quae</em></strong></span> 
     </span>
    </p>
   </div>
   <div class='ocr_carea' id='block_1_57' title="bbox 617 3864 2176 3939">
    <p class='ocr_par' dir='ltr' id='par_1_57' title="bbox 617 3864 2176 3939">
     <span class='ocr_line' id='line_1_57' title="bbox 617 3864 2176 3939; baseline 0.006 -25"><span class='ocrx_word' id='word_1_406' title='bbox 617 3877 885 3916; x_wconf 73' lang='lat' dir='ltr'><strong><em>venenum</em></strong></span> <span class='ocrx_word' id='word_1_407' title='bbox 933 3864 1149 3932; x_wconf 84' lang='lat' dir='ltr'><strong><em>exspuit</em></strong></span> <span class='ocrx_word' id='word_1_408' title='bbox 1183 3865 1310 3919; x_wconf 90' lang='lat' dir='ltr'><strong><em>dum</em></strong></span> <span class='ocrx_word' id='word_1_409' title='bbox 1351 3881 1475 3920; x_wconf 90' lang='lat' dir='ltr'><strong><em>cum</em></strong></span> <span class='ocrx_word' id='word_1_410' title='bbox 1517 3883 1756 3922; x_wconf 73' lang='lat' dir='ltr'><strong><em>muraena</em></strong></span> <span class='ocrx_word' id='word_1_411' title='bbox 1809 3868 2176 3939; x_wconf 78' lang='lat' dir='ltr'><strong><em>congreditur,</em></strong></span> 
     </span>
    </p>
   </div>
   <div class='ocr_carea' id='block_1_58' title="bbox 618 3953 2178 4028">
    <p class='ocr_par' dir='ltr' id='par_1_58' title="bbox 618 3953 2178 4028">
     <span class='ocr_line' id='line_1_58' title="bbox 618 3953 2178 4028; baseline 0.006 -20"><span class='ocrx_word' id='word_1_412' title='bbox 618 3953 757 4010; x_wconf 86' lang='lat' dir='ltr'><strong><em>idem</em></strong></span> <span class='ocrx_word' id='word_1_413' title='bbox 777 3956 1022 4009; x_wconf 89' lang='lat' dir='ltr'><strong><em>scribunt</em></strong></span> <span class='ocrx_word' id='word_1_414' title='bbox 1043 3957 1323 4027; x_wconf 82' lang='lat' dir='ltr'><strong><em>Oppianus</em></strong></span> <span class='ocrx_word' id='word_1_415' title='bbox 1348 3959 1600 4015; x_wconf 81' lang='grc' dir='ltr'>Ἀλιευτ.</span> <span class='ocrx_word' id='word_1_416' title='bbox 1622 3977 1637 4015; x_wconf 93' lang='grc' dir='ltr'><strong><em>ι</em></strong></span> <span class='ocrx_word' id='word_1_417' title='bbox 1659 3979 1673 4027; x_wconf 89' lang='grc'><strong>;</strong></span> <span class='ocrx_word' id='word_1_418' title='bbox 1697 3960 1848 4017; x_wconf 85' lang='lat' dir='ltr'><strong><em>Phile</em></strong></span> <span class='ocrx_word' id='word_1_419' title='bbox 1865 3961 1922 4016; x_wconf 85' lang='lat' dir='ltr'><strong><em>in</em></strong></span> <span class='ocrx_word' id='word_1_420' title='bbox 1935 3961 1963 4015; x_wconf 90' lang='lat' dir='ltr'><strong><em>I</em></strong></span> <span class='ocrx_word' id='word_1_421' title='bbox 1969 3962 2138 4017; x_wconf 88' lang='lat' dir='ltr'><strong><em>ambis</em></strong></span> <span class='ocrx_word' id='word_1_422' title='bbox 2156 3980 2178 4028; x_wconf 89' lang='lat'><strong><em>;</em></strong></span> 
     </span>
    </p>
   </div>
   <div class='ocr_carea' id='block_1_59' title="bbox 616 4043 1334 4106">
    <p class='ocr_par' dir='ltr' id='par_1_59' title="bbox 616 4043 1334 4106">
     <span class='ocr_line' id='line_1_59' title="bbox 616 4043 1334 4106; baseline 0.01 -10"><span class='ocrx_word' id='word_1_423' title='bbox 616 4043 854 4098; x_wconf 82' lang='lat' dir='ltr'><strong><em>Achilles</em></strong></span> <span class='ocrx_word' id='word_1_424' title='bbox 885 4043 1094 4106; x_wconf 85' lang='lat' dir='ltr'><strong><em>Tatius,</em></strong></span> <span class='ocrx_word' id='word_1_425' title='bbox 1131 4056 1185 4101; x_wconf 88' lang='lat' dir='ltr'><strong><em>et</em></strong></span> <span class='ocrx_word' id='word_1_426' title='bbox 1222 4049 1334 4103; x_wconf 88' lang='lat' dir='ltr'><strong><em>alii.</em></strong></span> 
     </span>
    </p>
   </div>
   <div class='ocr_carea' id='block_1_60' title="bbox 688 4134 2176 4210">
    <p class='ocr_par' dir='ltr' id='par_1_60' title="bbox 688 4134 2176 4210">
     <span class='ocr_line' id='line_1_60' title="bbox 688 4134 2176 4210; baseline 0.009 -22"><span class='ocrx_word' id='word_1_427' title='bbox 688 4134 846 4198; x_wconf 92' lang='lat' dir='ltr'><strong><em>lbid.,</em></strong></span> <span class='ocrx_word' id='word_1_428' title='bbox 887 4137 980 4190; x_wconf 92' lang='lat' dir='ltr'><strong><em>lin.</em></strong></span> <span class='ocrx_word' id='word_1_429' title='bbox 1017 4137 1105 4193; x_wconf 78' lang='lat' dir='ltr'><strong><em>l9.</em></strong></span> <span class='ocrx_word' id='word_1_430' title='bbox 1136 4139 1198 4192; x_wconf 82' lang='lat'><strong><em>&#39;0</em></strong></span> <span class='ocrx_word' id='word_1_431' title='bbox 1229 4140 1296 4192; x_wconf 83' lang='grc' dir='ltr'>δὲ</span> <span class='ocrx_word' id='word_1_432' title='bbox 1317 4141 1688 4210; x_wconf 72' lang='grc' dir='ltr'>,ϐασιλίσκος</span> <span class='ocrx_word' id='word_1_433' title='bbox 1711 4146 1821 4199; x_wconf 84' lang='grc' dir='ltr'><strong><em>ὶόν.</em></strong></span> <span class='ocrx_word' id='word_1_434' title='bbox 1855 4145 2176 4202; x_wconf 88' lang='lat' dir='ltr'><strong><em>Basiliscum</em></strong></span> 
     </span>
    </p>
   </div>
   <div class='ocr_carea' id='block_1_61' title="bbox 613 4227 2175 4306">
    <p class='ocr_par' dir='ltr' id='par_1_61' title="bbox 613 4227 2175 4306">
     <span class='ocr_line' id='line_1_61' title="bbox 613 4227 2175 4306; baseline 0.007 -26"><span class='ocrx_word' id='word_1_435' title='bbox 613 4233 668 4280; x_wconf 86' lang='lat' dir='ltr'><strong><em>et</em></strong></span> <span class='ocrx_word' id='word_1_436' title='bbox 689 4227 888 4280; x_wconf 82' lang='lat' dir='ltr'><strong><em>olfactu</em></strong></span> <span class='ocrx_word' id='word_1_437' title='bbox 921 4237 1222 4292; x_wconf 69' lang='lat' dir='ltr'><strong><em>nouantem,</em></strong></span> <span class='ocrx_word' id='word_1_438' title='bbox 1259 4239 1310 4284; x_wconf 83' lang='lat' dir='ltr'><strong><em>et</em></strong></span> <span class='ocrx_word' id='word_1_439' title='bbox 1339 4232 1608 4287; x_wconf 86' lang='lat' dir='ltr'><strong><em>hominem</em></strong></span> <span class='ocrx_word' id='word_1_440' title='bbox 1638 4236 1682 4290; x_wconf 94' lang='lat' dir='ltr'><strong><em>si</em></strong></span> <span class='ocrx_word' id='word_1_441' title='bbox 1711 4237 1937 4306; x_wconf 88' lang='lat' dir='ltr'><strong><em>aspiciat</em></strong></span> <span class='ocrx_word' id='word_1_442' title='bbox 1966 4245 2175 4292; x_wconf 89' lang='lat' dir='ltr'><strong><em>tantum</em></strong></span> 
     </span>
    </p>
   </div>
   <div class='ocr_carea' id='block_1_62' title="bbox 615 4319 2176 4401">
    <p class='ocr_par' dir='ltr' id='par_1_62' title="bbox 615 4319 2176 4401">
     <span class='ocr_line' id='line_1_62' title="bbox 615 4319 2176 4401; baseline 0.008 -28"><span class='ocrx_word' id='word_1_443' title='bbox 615 4319 928 4376; x_wconf 76' lang='lat' dir='ltr'><strong><em>interimere</em></strong></span> <span class='ocrx_word' id='word_1_444' title='bbox 959 4322 1092 4374; x_wconf 91' lang='lat' dir='ltr'><strong><em>dicit</em></strong></span> <span class='ocrx_word' id='word_1_445' title='bbox 1137 4320 1367 4384; x_wconf 90' lang='lat' dir='ltr'><strong><em>Plinius,</em></strong></span> <span class='ocrx_word' id='word_1_446' title='bbox 1405 4325 1497 4378; x_wconf 91' lang='lat' dir='ltr'><strong><em>lib.</em></strong></span> <span class='ocrx_word' id='word_1_447' title='bbox 1535 4343 1681 4392; x_wconf 79' lang='lat' dir='ltr'><strong><em>xxix,</em></strong></span> <span class='ocrx_word' id='word_1_448' title='bbox 1712 4344 1834 4398; x_wconf 86' lang='lat' dir='ltr'><strong><em>cap.</em></strong></span> <span class='ocrx_word' id='word_1_449' title='bbox 1879 4330 1933 4392; x_wconf 74' lang='grc'><strong><em>4,</em></strong></span> <span class='ocrx_word' id='word_1_450' title='bbox 1981 4331 2035 4384; x_wconf 91' lang='lat' dir='ltr'><strong><em>in</em></strong></span> <span class='ocrx_word' id='word_1_451' title='bbox 2068 4347 2176 4401; x_wconf 88' lang='lat' dir='ltr'><strong><em>quo</em></strong></span> 
     </span>
    </p>
   </div>
   <div class='ocr_carea' id='block_1_63' title="bbox 615 4411 2173 4484">
    <p class='ocr_par' dir='ltr' id='par_1_63' title="bbox 615 4411 2173 4484">
     <span class='ocr_line' id='line_1_63' title="bbox 615 4411 2173 4484; baseline 0.009 -20"><span class='ocrx_word' id='word_1_452' title='bbox 615 4411 734 4466; x_wconf 90' lang='lat' dir='ltr'><strong><em>loco</em></strong></span> <span class='ocrx_word' id='word_1_453' title='bbox 784 4427 881 4482; x_wconf 93' lang='lat' dir='ltr'><strong><em>pro</em></strong></span> <span class='ocrx_word' id='word_1_454' title='bbox 931 4412 1152 4480; x_wconf 77' lang='lat' dir='ltr'><strong><em>olfactu,</em></strong></span> <span class='ocrx_word' id='word_1_455' title='bbox 1207 4415 1384 4484; x_wconf 79' lang='lat' dir='ltr'><strong><em>aﬁlatu</em></strong></span> <span class='ocrx_word' id='word_1_456' title='bbox 1431 4418 1776 4474; x_wconf 87' lang='lat' dir='ltr'><strong><em>restituerem</em></strong></span> <span class='ocrx_word' id='word_1_457' title='bbox 1807 4437 1872 4476; x_wconf 84' lang='lat' dir='ltr'><strong><em>ex</em></strong></span> <span class='ocrx_word' id='word_1_458' title='bbox 1897 4425 2173 4478; x_wconf 91' lang='lat' dir='ltr'><strong><em>communi</em></strong></span> 
     </span>
    </p>
   </div>
   <div class='ocr_carea' id='block_1_64' title="bbox 613 4507 2182 4605">
    <p class='ocr_par' dir='ltr' id='par_1_64' title="bbox 613 4507 2171 4577">
     <span class='ocr_line' id='line_1_64' title="bbox 613 4507 2171 4577; baseline 0.01 -21"><span class='ocrx_word' id='word_1_459' title='bbox 613 4512 898 4558; x_wconf 89' lang='lat' dir='ltr'><strong><em>auctorum</em></strong></span> <span class='ocrx_word' id='word_1_460' title='bbox 953 4507 1242 4570; x_wconf 87' lang='lat' dir='ltr'><strong><em>sententia,</em></strong></span> <span class='ocrx_word' id='word_1_461' title='bbox 1291 4509 1382 4577; x_wconf 93' lang='lat' dir='ltr'><strong><em>qui</em></strong></span> <span class='ocrx_word' id='word_1_462' title='bbox 1442 4508 1620 4563; x_wconf 84' lang='lat' dir='ltr'><strong><em>afflatu</em></strong></span> <span class='ocrx_word' id='word_1_463' title='bbox 1667 4527 1823 4566; x_wconf 89' lang='lat' dir='ltr'><strong><em>suum</em></strong></span> <span class='ocrx_word' id='word_1_464' title='bbox 1855 4515 2004 4570; x_wconf 87' lang='lat' dir='ltr'><strong><em>virus</em></strong></span> <span class='ocrx_word' id='word_1_465' title='bbox 2057 4516 2171 4570; x_wconf 82' lang='lat' dir='ltr'><strong><em>cir-</em></strong></span> 
     </span>
    </p>
   </div>
   <div class='ocr_carea' id='block_1_65' title="bbox 2285 4507 3683 4605">
    <p class='ocr_par' dir='ltr' id='par_1_65' title="bbox 2285 4507 3683 4605">
     <span class='ocr_line' id='line_1_65' title="bbox 2285 4507 3683 4605; baseline 0.019 -37"><span class='ocrx_word' id='word_1_466' title='bbox 2285 4517 2541 4582; x_wconf 78' lang='grc' dir='ltr'>Ξοὸόλλ-ους</span> <span class='ocrx_word' id='word_1_467' title='bbox 2587 4524 2634 4574; x_wconf 88' lang='grc' dir='ltr'>εἰ</span> <span class='ocrx_word' id='word_1_468' title='bbox 2658 4525 3050 4592; x_wconf 80' lang='grc' dir='ltr'>κατακλείσεις,</span> <span class='ocrx_word' id='word_1_469' title='bbox 3101 4507 3220 4600; x_wconf 57' lang='grc' dir='ltr'>ὕψει</span> <span class='ocrx_word' id='word_1_470' title='bbox 3256 4535 3381 4598; x_wconf 83' lang='grc' dir='ltr'>τοὺς</span> <span class='ocrx_word' id='word_1_471' title='bbox 3438 4507 3683 4605; x_wconf 69' lang='grc' dir='ltr'>ἀσθενεῖς</span> 
     </span>
    </p>
   </div>
   <div class='ocr_carea' id='block_1_66' title="bbox 612 4597 2171 4668">
    <p class='ocr_par' dir='ltr' id='par_1_66' title="bbox 612 4597 2171 4668">
     <span class='ocr_line' id='line_1_66' title="bbox 612 4597 2171 4668; baseline 0.009 -21"><span class='ocrx_word' id='word_1_472' title='bbox 612 4611 995 4666; x_wconf 72' lang='lat' dir='ltr'><strong><em>etlnspargere</em></strong></span> <span class='ocrx_word' id='word_1_473' title='bbox 1021 4597 1232 4659; x_wconf 89' lang='lat' dir='ltr'><strong><em>dicunt,</em></strong></span> <span class='ocrx_word' id='word_1_474' title='bbox 1262 4607 1315 4653; x_wconf 91' lang='lat' dir='ltr'><strong><em>et</em></strong></span> <span class='ocrx_word' id='word_1_475' title='bbox 1349 4600 1522 4668; x_wconf 89' lang='lat' dir='ltr'><strong><em>ipsius</em></strong></span> <span class='ocrx_word' id='word_1_476' title='bbox 1553 4601 1710 4656; x_wconf 88' lang='lat' dir='ltr'><strong><em>Plinii</em></strong></span> <span class='ocrx_word' id='word_1_477' title='bbox 1744 4605 1946 4668; x_wconf 85' lang='lat' dir='ltr'><strong><em>verbis,</em></strong></span> <span class='ocrx_word' id='word_1_478' title='bbox 1987 4607 2022 4658; x_wconf 94' lang='lat' dir='ltr'><strong><em>l.</em></strong></span> <span class='ocrx_word' id='word_1_479' title='bbox 2055 4622 2171 4668; x_wconf 87' lang='lat' dir='ltr'><strong><em>vm,</em></strong></span> 
     </span>
    </p>
   </div>
   <div class='ocr_carea' id='block_1_67' title="bbox 576 4685 2175 4766">
    <p class='ocr_par' dir='ltr' id='par_1_67' title="bbox 576 4685 2175 4766">
     <span class='ocr_line' id='line_1_67' title="bbox 576 4685 2175 4766; baseline 0.009 -28"><span class='ocrx_word' id='word_1_480' title='bbox 576 4720 580 4724; x_wconf 96' lang='lat'><strong><em>-</em></strong></span> <span class='ocrx_word' id='word_1_481' title='bbox 611 4701 660 4739; x_wconf 87' lang='lat' dir='ltr'><strong><em>c.</em></strong></span> <span class='ocrx_word' id='word_1_482' title='bbox 695 4686 756 4738; x_wconf 66' lang='grc' dir='ltr'>Ἦ</span> <span class='ocrx_word' id='word_1_483' title='bbox 785 4707 796 4740; x_wconf 92' lang='lat'><strong>:</strong></span> <span class='ocrx_word' id='word_1_484' title='bbox 821 4685 1014 4742; x_wconf 84' lang='lat' dir='ltr'><strong><em>Eadem</em></strong></span> <span class='ocrx_word' id='word_1_485' title='bbox 1036 4699 1083 4742; x_wconf 88' lang='lat' dir='ltr'><strong><em>et</em></strong></span> <span class='ocrx_word' id='word_1_486' title='bbox 1115 4688 1350 4744; x_wconf 84' lang='lat' dir='ltr'><strong><em>basilisci</em></strong></span> <span class='ocrx_word' id='word_1_487' title='bbox 1374 4694 1624 4759; x_wconf 83' lang='lat' dir='ltr'><strong><em>serpentis</em></strong></span> <span class='ocrx_word' id='word_1_488' title='bbox 1656 4703 1733 4747; x_wconf 91' lang='lat' dir='ltr'><strong><em>est</em></strong></span> <span class='ocrx_word' id='word_1_489' title='bbox 1767 4696 1859 4748; x_wconf 78' lang='lat' dir='ltr'><strong><em>vis.</em></strong></span> <span class='ocrx_word' id='word_1_490' title='bbox 1886 4695 2175 4766; x_wconf 85' lang='lat' dir='ltr'><strong><em>Cyrenaica</em></strong></span> 
     </span>
    </p>
   </div>
   <div class='ocr_carea' id='block_1_68' title="bbox 609 4774 2172 4856">
    <p class='ocr_par' dir='ltr' id='par_1_68' title="bbox 609 4774 2172 4856">
     <span class='ocr_line' id='line_1_68' title="bbox 609 4774 2172 4856; baseline 0.009 -29"><span class='ocrx_word' id='word_1_491' title='bbox 609 4774 744 4829; x_wconf 82' lang='lat' dir='ltr'><strong><em>hunc</em></strong></span> <span class='ocrx_word' id='word_1_492' title='bbox 769 4787 975 4846; x_wconf 88' lang='lat' dir='ltr'><strong><em>generat</em></strong></span> <span class='ocrx_word' id='word_1_493' title='bbox 1015 4781 1306 4846; x_wconf 85' lang='lat' dir='ltr'><strong><em>provincia,</em></strong></span> <span class='ocrx_word' id='word_1_494' title='bbox 1351 4798 1424 4835; x_wconf 75' lang='lat' dir='ltr'><strong><em>xu</em></strong></span> <span class='ocrx_word' id='word_1_495' title='bbox 1473 4797 1575 4835; x_wconf 87' lang='lat' dir='ltr'><strong><em>non</em></strong></span> <span class='ocrx_word' id='word_1_496' title='bbox 1613 4785 1839 4853; x_wconf 83' lang='lat' dir='ltr'><strong><em>amplius</em></strong></span> <span class='ocrx_word' id='word_1_497' title='bbox 1888 4788 2172 4856; x_wconf 85' lang='lat' dir='ltr'><strong><em>digitorum</em></strong></span> 
     </span>
    </p>
   </div>
   <div class='ocr_carea' id='block_1_69' title="bbox 611 4869 2172 4952">
    <p class='ocr_par' dir='ltr' id='par_1_69' title="bbox 611 4869 2172 4952">
     <span class='ocr_line' id='line_1_69' title="bbox 611 4869 2172 4952; baseline 0.013 -35"><span class='ocrx_word' id='word_1_498' title='bbox 611 4869 982 4935; x_wconf 83' lang='lat' dir='ltr'><strong><em>magnitudine,</em></strong></span> <span class='ocrx_word' id='word_1_499' title='bbox 1019 4873 1248 4927; x_wconf 85' lang='lat' dir='ltr'><strong><em>candida</em></strong></span> <span class='ocrx_word' id='word_1_500' title='bbox 1292 4875 1343 4927; x_wconf 87' lang='lat' dir='ltr'><strong><em>in</em></strong></span> <span class='ocrx_word' id='word_1_501' title='bbox 1378 4876 1548 4944; x_wconf 89' lang='lat' dir='ltr'><strong><em>capite</em></strong></span> <span class='ocrx_word' id='word_1_502' title='bbox 1581 4878 1810 4941; x_wconf 88' lang='lat' dir='ltr'><strong><em>macula,</em></strong></span> <span class='ocrx_word' id='word_1_503' title='bbox 1860 4888 1916 4933; x_wconf 87' lang='lat' dir='ltr'><strong><em>ut</em></strong></span> <span class='ocrx_word' id='word_1_504' title='bbox 1945 4883 2172 4952; x_wconf 85' lang='lat' dir='ltr'><strong><em>quodam</em></strong></span> 
     </span>
    </p>
   </div>
   <div class='ocr_carea' id='block_1_70' title="bbox 606 4956 2168 5041">
    <p class='ocr_par' dir='ltr' id='par_1_70' title="bbox 606 4956 2168 5041">
     <span class='ocr_line' id='line_1_70' title="bbox 606 4956 2168 5041; baseline 0.013 -33"><span class='ocrx_word' id='word_1_505' title='bbox 606 4956 902 5013; x_wconf 82' lang='lat' dir='ltr'><strong><em>diademate</em></strong></span> <span class='ocrx_word' id='word_1_506' title='bbox 944 4963 1214 5032; x_wconf 80' lang='lat' dir='ltr'><strong><em>insignem.</em></strong></span> <span class='ocrx_word' id='word_1_507' title='bbox 1265 4965 1431 5018; x_wconf 81' lang='lat' dir='ltr'><strong><em>Sibilo</em></strong></span> <span class='ocrx_word' id='word_1_508' title='bbox 1481 4983 1655 5021; x_wconf 88' lang='lat' dir='ltr'><strong><em>omnes</em></strong></span> <span class='ocrx_word' id='word_1_509' title='bbox 1691 4969 1841 5038; x_wconf 81' lang='lat' dir='ltr'><strong><em>fugat</em></strong></span> <span class='ocrx_word' id='word_1_510' title='bbox 1887 4985 2168 5041; x_wconf 83' lang='lat' dir='ltr'><strong><em>serpentes,</em></strong></span> 
     </span>
    </p>
   </div>
   <div class='ocr_carea' id='block_1_71' title="bbox 607 5053 2170 5134">
    <p class='ocr_par' dir='ltr' id='par_1_71' title="bbox 607 5053 2170 5134">
     <span class='ocr_line' id='line_1_71' title="bbox 607 5053 2170 5134; baseline 0.011 -31"><span class='ocrx_word' id='word_1_511' title='bbox 607 5067 697 5104; x_wconf 88' lang='lat' dir='ltr'><strong><em>nec</em></strong></span> <span class='ocrx_word' id='word_1_512' title='bbox 737 5053 878 5120; x_wconf 66' lang='lat' dir='ltr'><strong><em>ﬂexu</em></strong></span> <span class='ocrx_word' id='word_1_513' title='bbox 911 5056 1187 5124; x_wconf 85' lang='lat' dir='ltr'><strong><em>multiplici</em></strong></span> <span class='ocrx_word' id='word_1_514' title='bbox 1219 5068 1273 5110; x_wconf 88' lang='lat' dir='ltr'><strong><em>ut</em></strong></span> <span class='ocrx_word' id='word_1_515' title='bbox 1319 5060 1532 5128; x_wconf 70' lang='lat' dir='ltr'><strong><em>reliquie</em></strong></span> <span class='ocrx_word' id='word_1_516' title='bbox 1574 5079 1760 5132; x_wconf 78' lang='lat' dir='ltr'><strong><em>corpus</em></strong></span> <span class='ocrx_word' id='word_1_517' title='bbox 1806 5065 2048 5134; x_wconf 85' lang='lat' dir='ltr'><strong><em>impellit,</em></strong></span> <span class='ocrx_word' id='word_1_518' title='bbox 2079 5068 2170 5120; x_wconf 88' lang='lat' dir='ltr'><strong><em>sed</em></strong></span> 
     </span>
    </p>
   </div>
   <div class='ocr_carea' id='block_1_72' title="bbox 605 5143 2169 5226">
    <p class='ocr_par' dir='ltr' id='par_1_72' title="bbox 605 5143 2169 5226">
     <span class='ocr_line' id='line_1_72' title="bbox 605 5143 2169 5226; baseline 0.011 -32"><span class='ocrx_word' id='word_1_519' title='bbox 605 5143 773 5197; x_wconf 84' lang='lat' dir='ltr'><strong><em>celsus</em></strong></span> <span class='ocrx_word' id='word_1_520' title='bbox 811 5154 859 5198; x_wconf 88' lang='lat' dir='ltr'><strong><em>et</em></strong></span> <span class='ocrx_word' id='word_1_521' title='bbox 901 5157 1100 5201; x_wconf 78' lang='lat' dir='ltr'><strong><em>erectus</em></strong></span> <span class='ocrx_word' id='word_1_522' title='bbox 1147 5149 1200 5200; x_wconf 88' lang='lat' dir='ltr'><strong><em>in</em></strong></span> <span class='ocrx_word' id='word_1_523' title='bbox 1249 5151 1414 5204; x_wconf 89' lang='lat' dir='ltr'><strong><em>medio</em></strong></span> <span class='ocrx_word' id='word_1_524' title='bbox 1445 5153 1702 5208; x_wconf 88' lang='lat' dir='ltr'><strong><em>incedens.</em></strong></span> <span class='ocrx_word' id='word_1_525' title='bbox 1759 5154 1924 5210; x_wconf 84' lang='lat' dir='ltr'><strong><em>Necat</em></strong></span> <span class='ocrx_word' id='word_1_526' title='bbox 1956 5159 2169 5226; x_wconf 76' lang='lat' dir='ltr'><strong><em>frutices</em></strong></span> 
     </span>
    </p>
   </div>
   <div class='ocr_carea' id='block_1_73' title="bbox 605 5239 2169 5316">
    <p class='ocr_par' dir='ltr' id='par_1_73' title="bbox 605 5239 2169 5316">
     <span class='ocr_line' id='line_1_73' title="bbox 605 5239 2169 5316; baseline 0.012 -30"><span class='ocrx_word' id='word_1_527' title='bbox 605 5251 707 5288; x_wconf 90' lang='lat' dir='ltr'><strong><em>non</em></strong></span> <span class='ocrx_word' id='word_1_528' title='bbox 741 5245 1007 5291; x_wconf 86' lang='lat' dir='ltr'><strong><em>contactos</em></strong></span> <span class='ocrx_word' id='word_1_529' title='bbox 1040 5239 1210 5302; x_wconf 89' lang='lat' dir='ltr'><strong><em>modo,</em></strong></span> <span class='ocrx_word' id='word_1_530' title='bbox 1259 5259 1432 5296; x_wconf 86' lang='lat' dir='ltr'><strong><em>verum</em></strong></span> <span class='ocrx_word' id='word_1_531' title='bbox 1477 5257 1524 5299; x_wconf 88' lang='lat' dir='ltr'><strong><em>et</em></strong></span> <span class='ocrx_word' id='word_1_532' title='bbox 1573 5247 1774 5316; x_wconf 74' lang='lat' dir='ltr'><strong><em>alﬂatos</em></strong></span> <span class='ocrx_word' id='word_1_533' title='bbox 1803 5264 1821 5301; x_wconf 88' lang='lat'><strong><em>:</em></strong></span> <span class='ocrx_word' id='word_1_534' title='bbox 1847 5251 2020 5302; x_wconf 75' lang='lat' dir='ltr'><strong><em>exurit</em></strong></span> <span class='ocrx_word' id='word_1_535' title='bbox 2053 5251 2169 5304; x_wconf 76' lang='lat' dir='ltr'><strong><em>lter-</em></strong></span> 
     </span>
    </p>
   </div>
   <div class='ocr_carea' id='block_1_74' title="bbox 603 5323 2164 5404">
    <p class='ocr_par' dir='ltr' id='par_1_74' title="bbox 603 5323 2164 5404">
     <span class='ocr_line' id='line_1_74' title="bbox 603 5323 2164 5404; baseline 0.013 -28"><span class='ocrx_word' id='word_1_536' title='bbox 603 5323 739 5378; x_wconf 87' lang='lat' dir='ltr'><strong><em>bas:</em></strong></span> <span class='ocrx_word' id='word_1_537' title='bbox 769 5331 966 5395; x_wconf 80' lang='lat' dir='ltr'><strong><em>rumpit</em></strong></span> <span class='ocrx_word' id='word_1_538' title='bbox 994 5346 1150 5392; x_wconf 77' lang='lat' dir='ltr'><strong><em>saxa,</em></strong></span> <span class='ocrx_word' id='word_1_539' title='bbox 1198 5332 1320 5386; x_wconf 88' lang='lat' dir='ltr'><strong><em>talis</em></strong></span> <span class='ocrx_word' id='word_1_540' title='bbox 1353 5336 1426 5387; x_wconf 86' lang='lat' dir='ltr'><strong><em>vis</em></strong></span> <span class='ocrx_word' id='word_1_541' title='bbox 1457 5338 1594 5390; x_wconf 87' lang='lat' dir='ltr'><strong><em>malo</em></strong></span> <span class='ocrx_word' id='word_1_542' title='bbox 1635 5349 1731 5392; x_wconf 91' lang='lat' dir='ltr'><strong><em>est.</em></strong></span> <span class='ocrx_word' id='word_1_543' title='bbox 1778 5339 2035 5404; x_wconf 85' lang='lat' dir='ltr'><strong><em>Galenus,</em></strong></span> <span class='ocrx_word' id='word_1_544' title='bbox 2070 5343 2164 5398; x_wconf 85' lang='lat' dir='ltr'><strong><em>lib.</em></strong></span> 
     </span>
    </p>
   </div>
   <div class='ocr_carea' id='block_1_75' title="bbox 605 5415 2163 5500">
    <p class='ocr_par' dir='ltr' id='par_1_75' title="bbox 605 5415 2163 5500">
     <span class='ocr_line' id='line_1_75' title="bbox 605 5415 2163 5500; baseline 0.012 -33"><span class='ocrx_word' id='word_1_545' title='bbox 605 5415 682 5468; x_wconf 88' lang='lat' dir='ltr'><strong><em>De</em></strong></span> <span class='ocrx_word' id='word_1_546' title='bbox 709 5417 962 5472; x_wconf 86' lang='lat' dir='ltr'><strong><em>Theriaca</em></strong></span> <span class='ocrx_word' id='word_1_547' title='bbox 991 5420 1056 5473; x_wconf 88' lang='lat' dir='ltr'><strong><em>ad</em></strong></span> <span class='ocrx_word' id='word_1_548' title='bbox 1107 5421 1353 5476; x_wconf 77' lang='lat' dir='ltr'><strong><em>Pismiem</em></strong></span> <span class='ocrx_word' id='word_1_549' title='bbox 1388 5443 1400 5478; x_wconf 90' lang='lat'><strong>:</strong></span> <span class='ocrx_word' id='word_1_550' title='bbox 1451 5424 1508 5478; x_wconf 90' lang='grc' dir='ltr'>Ὀ</span> <span class='ocrx_word' id='word_1_551' title='bbox 1539 5427 1636 5496; x_wconf 85' lang='grc' dir='ltr'>μὲν</span> <span class='ocrx_word' id='word_1_552' title='bbox 1683 5428 1790 5500; x_wconf 82' lang='grc' dir='ltr'>γὰρ</span> <span class='ocrx_word' id='word_1_553' title='bbox 1834 5429 2163 5499; x_wconf 83' lang='grc' dir='ltr'>βασιλίσκος.</span> 
     </span>
    </p>
   </div>
   <div class='ocr_carea' id='block_1_76' title="bbox 605 5507 2162 5596">
    <p class='ocr_par' dir='ltr' id='par_1_76' title="bbox 605 5507 2162 5596">
     <span class='ocr_line' id='line_1_76' title="bbox 605 5507 2162 5596; baseline 0.012 -37"><span class='ocrx_word' id='word_1_554' title='bbox 605 5507 760 5561; x_wconf 83' lang='grc' dir='ltr'>Ἐστι</span> <span class='ocrx_word' id='word_1_555' title='bbox 793 5510 900 5582; x_wconf 82' lang='grc' dir='ltr'><strong><em>γὰρ</em></strong></span> <span class='ocrx_word' id='word_1_556' title='bbox 943 5511 1002 5562; x_wconf 84' lang='grc' dir='ltr'><strong><em>τὸ</em></strong></span> <span class='ocrx_word' id='word_1_557' title='bbox 1031 5511 1214 5584; x_wconf 81' lang='grc' dir='ltr'>θηρίον</span> <span class='ocrx_word' id='word_1_558' title='bbox 1240 5516 1554 5583; x_wconf 80' lang='grc' dir='ltr'>ὑπόξανθον,</span> <span class='ocrx_word' id='word_1_559' title='bbox 1591 5521 1684 5572; x_wconf 80' lang='grc' dir='ltr'><strong><em>καὶ</em></strong></span> <span class='ocrx_word' id='word_1_560' title='bbox 1725 5523 1818 5573; x_wconf 79' lang='grc' dir='ltr'>ἐπὶ</span> <span class='ocrx_word' id='word_1_561' title='bbox 1859 5526 1924 5593; x_wconf 83' lang='grc' dir='ltr'>τῇ</span> <span class='ocrx_word' id='word_1_562' title='bbox 1958 5524 2162 5596; x_wconf 78' lang='grc' dir='ltr'>κεφαλῇ</span> 
     </span>
    </p>
   </div>
   <div class='ocr_carea' id='block_1_77' title="bbox 600 5603 2165 5684">
    <p class='ocr_par' dir='ltr' id='par_1_77' title="bbox 600 5603 2165 5684">
     <span class='ocr_line' id='line_1_77' title="bbox 600 5603 2165 5684; baseline 0.01 -32"><span class='ocrx_word' id='word_1_563' title='bbox 600 5603 748 5669; x_wconf 77' lang='grc' dir='ltr'>τρεῖς</span> <span class='ocrx_word' id='word_1_564' title='bbox 799 5603 1068 5673; x_wconf 83' lang='grc' dir='ltr'>ὑπεροχὰς</span> <span class='ocrx_word' id='word_1_565' title='bbox 1118 5605 1276 5676; x_wconf 79' lang='grc' dir='ltr'>ἔχων,</span> <span class='ocrx_word' id='word_1_566' title='bbox 1326 5607 1400 5672; x_wconf 81' lang='grc' dir='ltr'>ὥς</span> <span class='ocrx_word' id='word_1_567' title='bbox 1459 5627 1642 5678; x_wconf 80' lang='grc' dir='ltr'>φασιν,</span> <span class='ocrx_word' id='word_1_568' title='bbox 1691 5614 1772 5664; x_wconf 82' lang='grc' dir='ltr'><strong><em>ὅτι</em></strong></span> <span class='ocrx_word' id='word_1_569' title='bbox 1811 5614 1902 5666; x_wconf 74' lang='grc' dir='ltr'><strong><em>καὶ</em></strong></span> <span class='ocrx_word' id='word_1_570' title='bbox 1953 5615 2165 5684; x_wconf 76' lang='grc' dir='ltr'>ὀραθεὶς</span> 
     </span>
    </p>
   </div>
   <div class='ocr_carea' id='block_1_78' title="bbox 603 5692 2159 5774">
    <p class='ocr_par' dir='ltr' id='par_1_78' title="bbox 603 5692 2159 5774">
     <span class='ocr_line' id='line_1_78' title="bbox 603 5692 2159 5774; baseline 0.011 -31"><span class='ocrx_word' id='word_1_571' title='bbox 603 5692 758 5762; x_wconf 83' lang='grc' dir='ltr'>μόνον</span> <span class='ocrx_word' id='word_1_572' title='bbox 788 5697 880 5747; x_wconf 75' lang='grc' dir='ltr'>καὶ</span> <span class='ocrx_word' id='word_1_573' title='bbox 909 5699 1169 5768; x_wconf 84' lang='grc' dir='ltr'>συρίττων</span> <span class='ocrx_word' id='word_1_574' title='bbox 1200 5701 1481 5768; x_wconf 74' lang='grc' dir='ltr'>ἀκουσθεὶς</span> <span class='ocrx_word' id='word_1_575' title='bbox 1503 5705 1714 5774; x_wconf 78' lang='grc' dir='ltr'>ἀναιρεῖ</span> <span class='ocrx_word' id='word_1_576' title='bbox 1743 5707 1866 5769; x_wconf 83' lang='grc' dir='ltr'>τοὺς</span> <span class='ocrx_word' id='word_1_577' title='bbox 1893 5707 2159 5762; x_wconf 65' lang='grc' dir='ltr'>ἀκούσανα</span> 
     </span>
    </p>
   </div>
   <div class='ocr_carea' id='block_1_79' title="bbox 671 5788 1214 5863">
    <p class='ocr_par' dir='ltr' id='par_1_79' title="bbox 671 5788 1214 5863">
     <span class='ocr_line' id='line_1_79' title="bbox 671 5788 1214 5863; baseline 0.018 -23"><span class='ocrx_word' id='word_1_578' title='bbox 671 5790 712 5820; x_wconf 82' lang='grc'>¹⁸</span> <span class='ocrx_word' id='word_1_579' title='bbox 742 5788 939 5846; x_wconf 81' lang='lat' dir='ltr'><strong><em>Jer-em.</em></strong></span> <span class='ocrx_word' id='word_1_580' title='bbox 979 5810 1095 5863; x_wconf 82' lang='lat' dir='ltr'><strong><em>vni,</em></strong></span> <span class='ocrx_word' id='word_1_581' title='bbox 1128 5795 1214 5851; x_wconf 85' lang='lat' dir='ltr'><strong><em>l7.</em></strong></span> 
     </span>
    </p>
   </div>
   <div class='ocr_carea' id='block_1_80' title="bbox 2296 1939 3870 2022">
    <p class='ocr_par' dir='ltr' id='par_1_80' title="bbox 2296 1939 3870 2022">
     <span class='ocr_line' id='line_1_80' title="bbox 2296 1939 3870 2022; baseline 0.013 -31"><span class='ocrx_word' id='word_1_582' title='bbox 2296 1939 2478 2005; x_wconf 90' lang='lat' dir='ltr'><strong><em>Plinii,</em></strong></span> <span class='ocrx_word' id='word_1_583' title='bbox 2524 1942 2616 2011; x_wconf 91' lang='lat' dir='ltr'><strong><em>qui</em></strong></span> <span class='ocrx_word' id='word_1_584' title='bbox 2657 1943 2750 1997; x_wconf 87' lang='lat' dir='ltr'><strong><em>lib.</em></strong></span> <span class='ocrx_word' id='word_1_585' title='bbox 2795 1961 2912 2007; x_wconf 83' lang='lat' dir='ltr'><strong><em>vni,</em></strong></span> <span class='ocrx_word' id='word_1_586' title='bbox 2947 1947 3108 2016; x_wconf 90' lang='lat' dir='ltr'><strong><em>capit.</em></strong></span> <span class='ocrx_word' id='word_1_587' title='bbox 3143 1947 3233 2012; x_wconf 77' lang='grc'><strong><em>21,</em></strong></span> <span class='ocrx_word' id='word_1_588' title='bbox 3269 1950 3366 2013; x_wconf 87' lang='lat' dir='ltr'><strong><em>ait,</em></strong></span> <span class='ocrx_word' id='word_1_589' title='bbox 3403 1956 3870 2022; x_wconf 87' lang='lat' dir='ltr'><strong><em>quemadmodum</em></strong></span> 
     </span>
    </p>
   </div>
   <div class='ocr_carea' id='block_1_81' title="bbox 2294 2030 3869 2112">
    <p class='ocr_par' dir='ltr' id='par_1_81' title="bbox 2294 2030 3869 2112">
     <span class='ocr_line' id='line_1_81' title="bbox 2294 2030 3869 2112; baseline 0.009 -27"><span class='ocrx_word' id='word_1_590' title='bbox 2294 2030 2631 2096; x_wconf 85' lang='lat' dir='ltr'><strong><em>basiliscum,</em></strong></span> <span class='ocrx_word' id='word_1_591' title='bbox 2658 2034 2738 2086; x_wconf 87' lang='lat' dir='ltr'><strong><em>ita</em></strong></span> <span class='ocrx_word' id='word_1_592' title='bbox 2757 2042 2811 2089; x_wconf 88' lang='lat' dir='ltr'><strong><em>et</em></strong></span> <span class='ocrx_word' id='word_1_593' title='bbox 2839 2037 3173 2106; x_wconf 88' lang='lat' dir='ltr'><strong><em>catoblepam</em></strong></span> <span class='ocrx_word' id='word_1_594' title='bbox 3200 2039 3283 2093; x_wconf 83' lang='lat' dir='ltr'><strong><em>vel</em></strong></span> <span class='ocrx_word' id='word_1_595' title='bbox 3305 2042 3416 2095; x_wconf 93' lang='lat' dir='ltr'><strong><em>solo</em></strong></span> <span class='ocrx_word' id='word_1_596' title='bbox 3432 2053 3642 2112; x_wconf 89' lang='lat' dir='ltr'><strong><em>aspectu</em></strong></span> <span class='ocrx_word' id='word_1_597' title='bbox 3671 2047 3869 2100; x_wconf 87' lang='lat' dir='ltr'><strong><em>homi-</em></strong></span> 
     </span>
    </p>
   </div>
   <div class='ocr_carea' id='block_1_82' title="bbox 2294 2126 3856 2208">
    <p class='ocr_par' dir='ltr' id='par_1_82' title="bbox 2294 2126 3856 2208">
     <span class='ocr_line' id='line_1_82' title="bbox 2294 2126 3856 2208; baseline 0.01 -33"><span class='ocrx_word' id='word_1_598' title='bbox 2294 2137 2392 2176; x_wconf 91' lang='lat' dir='ltr'><strong><em>nes</em></strong></span> <span class='ocrx_word' id='word_1_599' title='bbox 2449 2132 2613 2194; x_wconf 89' lang='lat' dir='ltr'><strong><em>atque</em></strong></span> <span class='ocrx_word' id='word_1_600' title='bbox 2643 2126 2749 2180; x_wconf 89' lang='lat' dir='ltr'><strong><em>alia</em></strong></span> <span class='ocrx_word' id='word_1_601' title='bbox 2778 2128 3031 2181; x_wconf 86' lang='lat' dir='ltr'><strong><em>animalia</em></strong></span> <span class='ocrx_word' id='word_1_602' title='bbox 3056 2129 3377 2186; x_wconf 88' lang='lat' dir='ltr'><strong><em>interimere.</em></strong></span> <span class='ocrx_word' id='word_1_603' title='bbox 3412 2133 3556 2189; x_wconf 80' lang='lat' dir='ltr'><strong><em>Mons</em></strong></span> <span class='ocrx_word' id='word_1_604' title='bbox 3583 2137 3716 2190; x_wconf 90' lang='lat' dir='ltr'><strong><em>item</em></strong></span> <span class='ocrx_word' id='word_1_605' title='bbox 3749 2142 3856 2208; x_wconf 87' lang='lat' dir='ltr'><strong><em>qui</em></strong></span> 
     </span>
    </p>
   </div>
   <div class='ocr_carea' id='block_1_83' title="bbox 2293 2209 3840 2286">
    <p class='ocr_par' dir='ltr' id='par_1_83' title="bbox 2293 2209 3840 2286">
     <span class='ocr_line' id='line_1_83' title="bbox 2293 2209 3840 2286; baseline 0.011 -22"><span class='ocrx_word' id='word_1_606' title='bbox 2293 2209 2571 2284; x_wconf 68' lang='lat' dir='ltr'><strong><em>Narsingae</em></strong></span> <span class='ocrx_word' id='word_1_607' title='bbox 2625 2229 2850 2286; x_wconf 86' lang='lat' dir='ltr'><strong><em>regnum</em></strong></span> <span class='ocrx_word' id='word_1_608' title='bbox 2903 2217 3098 2272; x_wconf 87' lang='lat' dir='ltr'><strong><em>dividit</em></strong></span> <span class='ocrx_word' id='word_1_609' title='bbox 3147 2235 3175 2272; x_wconf 89' lang='lat' dir='ltr'><strong><em>a</em></strong></span> <span class='ocrx_word' id='word_1_610' title='bbox 3209 2219 3482 2277; x_wconf 87' lang='lat' dir='ltr'><strong><em>Malabaris</em></strong></span> <span class='ocrx_word' id='word_1_611' title='bbox 3511 2225 3704 2280; x_wconf 91' lang='lat' dir='ltr'><strong><em>multas</em></strong></span> <span class='ocrx_word' id='word_1_612' title='bbox 3739 2228 3840 2281; x_wconf 85' lang='lat' dir='ltr'><strong><em>alit</em></strong></span> 
     </span>
    </p>
   </div>
   <div class='ocr_carea' id='block_1_84' title="bbox 2293 2305 3839 2383">
    <p class='ocr_par' dir='ltr' id='par_1_84' title="bbox 2293 2305 3839 2383">
     <span class='ocr_line' id='line_1_84' title="bbox 2293 2305 3839 2383; baseline 0.012 -25"><span class='ocrx_word' id='word_1_613' title='bbox 2293 2305 2458 2372; x_wconf 89' lang='lat' dir='ltr'><strong><em>feras,</em></strong></span> <span class='ocrx_word' id='word_1_614' title='bbox 2494 2307 2634 2360; x_wconf 82' lang='lat' dir='ltr'><strong><em>inter</em></strong></span> <span class='ocrx_word' id='word_1_615' title='bbox 2664 2325 2800 2378; x_wconf 87' lang='lat' dir='ltr'><strong><em>quas</em></strong></span> <span class='ocrx_word' id='word_1_616' title='bbox 2827 2311 3001 2366; x_wconf 87' lang='lat' dir='ltr'><strong><em>alatos</em></strong></span> <span class='ocrx_word' id='word_1_617' title='bbox 3033 2328 3240 2383; x_wconf 88' lang='lat' dir='ltr'><strong><em>angues</em></strong></span> <span class='ocrx_word' id='word_1_618' title='bbox 3278 2314 3550 2371; x_wconf 85' lang='lat' dir='ltr'><strong><em>arboribus</em></strong></span> <span class='ocrx_word' id='word_1_619' title='bbox 3573 2318 3839 2375; x_wconf 84' lang='lat' dir='ltr'><strong><em>insisten-</em></strong></span> 
     </span>
    </p>
   </div>
   <div class='ocr_carea' id='block_1_85' title="bbox 2293 2400 3851 2476">
    <p class='ocr_par' dir='ltr' id='par_1_85' title="bbox 2293 2400 3851 2476">
     <span class='ocr_line' id='line_1_85' title="bbox 2293 2400 3851 2476; baseline 0.013 -28"><span class='ocrx_word' id='word_1_620' title='bbox 2293 2403 2398 2460; x_wconf 71' lang='lat' dir='ltr'><strong><em>tes,</em></strong></span> <span class='ocrx_word' id='word_1_621' title='bbox 2432 2412 2571 2466; x_wconf 89' lang='lat' dir='ltr'><strong><em>quos</em></strong></span> <span class='ocrx_word' id='word_1_622' title='bbox 2603 2400 2757 2454; x_wconf 81' lang='lat' dir='ltr'><strong><em>aiunt</em></strong></span> <span class='ocrx_word' id='word_1_623' title='bbox 2797 2404 2916 2458; x_wconf 83' lang='lat' dir='ltr'><strong><em>solo</em></strong></span> <span class='ocrx_word' id='word_1_624' title='bbox 2948 2404 3159 2469; x_wconf 82' lang='lat' dir='ltr'><strong><em>aillatu,‘</em></strong></span> <span class='ocrx_word' id='word_1_625' title='bbox 3187 2408 3272 2462; x_wconf 83' lang='lat' dir='ltr'><strong><em>vel</em></strong></span> <span class='ocrx_word' id='word_1_626' title='bbox 3321 2411 3481 2463; x_wconf 89' lang='lat' dir='ltr'><strong><em>etiam</em></strong></span> <span class='ocrx_word' id='word_1_627' title='bbox 3513 2411 3716 2476; x_wconf 86' lang='lat' dir='ltr'><strong><em>obtutu,</em></strong></span> <span class='ocrx_word' id='word_1_628' title='bbox 3748 2429 3851 2469; x_wconf 76' lang='lat' dir='ltr'><strong><em>eos</em></strong></span> 
     </span>
    </p>
   </div>
   <div class='ocr_carea' id='block_1_86' title="bbox 2290 2489 3856 2574">
    <p class='ocr_par' dir='ltr' id='par_1_86' title="bbox 2290 2489 3856 2574">
     <span class='ocr_line' id='line_1_86' title="bbox 2290 2489 3856 2574; baseline 0.014 -35"><span class='ocrx_word' id='word_1_629' title='bbox 2290 2489 2383 2557; x_wconf 90' lang='lat' dir='ltr'><strong><em>qui</em></strong></span> <span class='ocrx_word' id='word_1_630' title='bbox 2437 2493 2660 2559; x_wconf 85' lang='lat' dir='ltr'><strong><em>pr0pius</em></strong></span> <span class='ocrx_word' id='word_1_631' title='bbox 2712 2494 2980 2548; x_wconf 91' lang='lat' dir='ltr'><strong><em>accedunt</em></strong></span> <span class='ocrx_word' id='word_1_632' title='bbox 3030 2497 3352 2555; x_wconf 82' lang='lat' dir='ltr'><strong><em>interficere.</em></strong></span> <span class='ocrx_word' id='word_1_633' title='bbox 3404 2500 3580 2558; x_wconf 84' lang='lat' dir='ltr'><strong><em>Julius</em></strong></span> <span class='ocrx_word' id='word_1_634' title='bbox 3610 2503 3856 2574; x_wconf 80' lang='lat' dir='ltr'><strong><em>Scaliger</em></strong></span> 
     </span>
    </p>
   </div>
   <div class='ocr_carea' id='block_1_87' title="bbox 2290 2577 3853 2666">
    <p class='ocr_par' dir='ltr' id='par_1_87' title="bbox 2290 2577 3853 2666">
     <span class='ocr_line' id='line_1_87' title="bbox 2290 2577 3853 2666; baseline 0.014 -36"><span class='ocrx_word' id='word_1_635' title='bbox 2290 2578 2344 2631; x_wconf 90' lang='lat' dir='ltr'><strong><em>in</em></strong></span> <span class='ocrx_word' id='word_1_636' title='bbox 2379 2577 2709 2648; x_wconf 87' lang='lat' dir='ltr'><strong><em>Cardanum,</em></strong></span> <span class='ocrx_word' id='word_1_637' title='bbox 2745 2587 2970 2640; x_wconf 77' lang='lat' dir='ltr'><strong><em>exercit.</em></strong></span> <span class='ocrx_word' id='word_1_638' title='bbox 2995 2587 3117 2642; x_wconf 70' lang='grc'><strong><em>249.</em></strong></span> <span class='ocrx_word' id='word_1_639' title='bbox 3151 2589 3336 2656; x_wconf 80' lang='lat' dir='ltr'><strong><em>refert,</em></strong></span> <span class='ocrx_word' id='word_1_640' title='bbox 3364 2609 3422 2647; x_wconf 91' lang='lat' dir='ltr'><strong><em>se</em></strong></span> <span class='ocrx_word' id='word_1_641' title='bbox 3475 2594 3668 2665; x_wconf 82' lang='lat' dir='ltr'><strong><em>legisse</em></strong></span> <span class='ocrx_word' id='word_1_642' title='bbox 3711 2598 3853 2666; x_wconf 90' lang='lat' dir='ltr'><strong><em>apud</em></strong></span> 
     </span>
    </p>
   </div>
   <div class='ocr_carea' id='block_1_88' title="bbox 2291 2674 3854 2749">
    <p class='ocr_par' dir='ltr' id='par_1_88' title="bbox 2291 2674 3854 2749">
     <span class='ocr_line' id='line_1_88' title="bbox 2291 2674 3854 2749; baseline 0.012 -24"><span class='ocrx_word' id='word_1_643' title='bbox 2291 2675 2620 2729; x_wconf 80' lang='lat' dir='ltr'><strong><em>recentiores</em></strong></span> <span class='ocrx_word' id='word_1_644' title='bbox 2643 2674 2826 2731; x_wconf 64' lang='lat' dir='ltr'><strong><em>Romae</em></strong></span> <span class='ocrx_word' id='word_1_645' title='bbox 2845 2676 3024 2734; x_wconf 92' lang='lat' dir='ltr'><strong><em>Leone</em></strong></span> <span class='ocrx_word' id='word_1_646' title='bbox 3047 2681 3301 2749; x_wconf 84' lang='lat' dir='ltr'><strong><em>pontifice</em></strong></span> <span class='ocrx_word' id='word_1_647' title='bbox 3331 2685 3568 2740; x_wconf 85' lang='lat' dir='ltr'><strong><em>maximo</em></strong></span> <span class='ocrx_word' id='word_1_648' title='bbox 3593 2687 3660 2741; x_wconf 90' lang='lat' dir='ltr'><strong><em>ad</em></strong></span> <span class='ocrx_word' id='word_1_649' title='bbox 3686 2690 3854 2743; x_wconf 61' lang='lat' dir='ltr'><strong><em>adem</em></strong></span> 
     </span>
    </p>
   </div>
   <div class='ocr_carea' id='block_1_89' title="bbox 2287 2762 3852 2845">
    <p class='ocr_par' dir='ltr' id='par_1_89' title="bbox 2287 2762 3852 2845">
     <span class='ocr_line' id='line_1_89' title="bbox 2287 2762 3852 2845; baseline 0.013 -29"><span class='ocrx_word' id='word_1_650' title='bbox 2287 2762 2469 2820; x_wconf 72' lang='lat' dir='ltr'><strong><em>Lucia:</em></strong></span> <span class='ocrx_word' id='word_1_651' title='bbox 2506 2767 2608 2822; x_wconf 92' lang='lat' dir='ltr'><strong><em>sub</em></strong></span> <span class='ocrx_word' id='word_1_652' title='bbox 2639 2768 2844 2825; x_wconf 89' lang='lat' dir='ltr'><strong><em>fornice</em></strong></span> <span class='ocrx_word' id='word_1_653' title='bbox 2870 2771 3202 2827; x_wconf 79' lang='lat' dir='ltr'><strong><em>stabulatutu</em></strong></span> <span class='ocrx_word' id='word_1_654' title='bbox 3233 2790 3356 2832; x_wconf 90' lang='lat' dir='ltr'><strong><em>esse</em></strong></span> <span class='ocrx_word' id='word_1_655' title='bbox 3388 2777 3728 2845; x_wconf 86' lang='lat' dir='ltr'><strong><em>basiliscum,</em></strong></span> <span class='ocrx_word' id='word_1_656' title='bbox 3761 2797 3852 2836; x_wconf 84' lang='lat' dir='ltr'><strong><em>cu-</em></strong></span> 
     </span>
    </p>
   </div>
   <div class='ocr_carea' id='block_1_90' title="bbox 2284 2857 3850 2944">
    <p class='ocr_par' dir='ltr' id='par_1_90' title="bbox 2284 2857 3850 2944">
     <span class='ocr_line' id='line_1_90' title="bbox 2284 2857 3850 2944; baseline 0.013 -34"><span class='ocrx_word' id='word_1_657' title='bbox 2284 2857 2375 2926; x_wconf 87' lang='lat' dir='ltr'><strong><em>jus</em></strong></span> <span class='ocrx_word' id='word_1_658' title='bbox 2406 2859 2585 2914; x_wconf 85' lang='lat' dir='ltr'><strong><em>alIlatu</em></strong></span> <span class='ocrx_word' id='word_1_659' title='bbox 2620 2877 2812 2930; x_wconf 81' lang='lat' dir='ltr'><strong><em>magna</em></strong></span> <span class='ocrx_word' id='word_1_660' title='bbox 2847 2864 2933 2917; x_wconf 85' lang='lat' dir='ltr'><strong><em>lue</em></strong></span> <span class='ocrx_word' id='word_1_661' title='bbox 2965 2865 3155 2920; x_wconf 84' lang='lat' dir='ltr'><strong><em>aﬂ&#39;ecta</em></strong></span> <span class='ocrx_word' id='word_1_662' title='bbox 3193 2865 3368 2923; x_wconf 80' lang='lat' dir='ltr'><strong><em>Roma</em></strong></span> <span class='ocrx_word' id='word_1_663' title='bbox 3401 2870 3594 2935; x_wconf 80' lang='lat' dir='ltr'><strong><em>fuerit,</em></strong></span> <span class='ocrx_word' id='word_1_664' title='bbox 3625 2889 3850 2944; x_wconf 89' lang='lat' dir='ltr'><strong><em>eumque</em></strong></span> 
     </span>
    </p>
   </div>
   <div class='ocr_carea' id='block_1_91' title="bbox 2288 2947 3846 3022">
    <p class='ocr_par' dir='ltr' id='par_1_91' title="bbox 2288 2947 3846 3022">
     <span class='ocr_line' id='line_1_91' title="bbox 2288 2947 3846 3022; baseline 0.013 -24"><span class='ocrx_word' id='word_1_665' title='bbox 2288 2947 2431 3002; x_wconf 89' lang='lat' dir='ltr'><strong><em>illico</em></strong></span> <span class='ocrx_word' id='word_1_666' title='bbox 2489 2950 2762 3018; x_wconf 67' lang='lat' dir='ltr'><strong><em>pontificis</em></strong></span> <span class='ocrx_word' id='word_1_667' title='bbox 2818 2954 3070 3022; x_wconf 86' lang='lat' dir='ltr'><strong><em>precibus</em></strong></span> <span class='ocrx_word' id='word_1_668' title='bbox 3111 2957 3464 3015; x_wconf 74' lang='lat' dir='ltr'><strong><em>exstinctum.</em></strong></span> <span class='ocrx_word' id='word_1_669' title='bbox 3533 2960 3846 3018; x_wconf 85' lang='lat' dir='ltr'><strong><em>Basiliscqu</em></strong></span> 
     </span>
    </p>
   </div>
   <div class='ocr_carea' id='block_1_92' title="bbox 2286 3043 3845 3127">
    <p class='ocr_par' dir='ltr' id='par_1_92' title="bbox 2286 3043 3845 3127">
     <span class='ocr_line' id='line_1_92' title="bbox 2286 3043 3845 3127; baseline 0.012 -33"><span class='ocrx_word' id='word_1_670' title='bbox 2286 3057 2396 3095; x_wconf 90' lang='lat' dir='ltr'><strong><em>non</em></strong></span> <span class='ocrx_word' id='word_1_671' title='bbox 2428 3043 2694 3098; x_wconf 83' lang='lat' dir='ltr'><strong><em>incantari</em></strong></span> <span class='ocrx_word' id='word_1_672' title='bbox 2724 3052 2976 3099; x_wconf 86' lang='lat' dir='ltr'><strong><em>testatum</em></strong></span> <span class='ocrx_word' id='word_1_673' title='bbox 2999 3057 3082 3102; x_wconf 90' lang='lat' dir='ltr'><strong><em>est</em></strong></span> <span class='ocrx_word' id='word_1_674' title='bbox 3100 3050 3272 3104; x_wconf 82' lang='lat' dir='ltr'><strong><em>sacris</em></strong></span> <span class='ocrx_word' id='word_1_675' title='bbox 3292 3049 3514 3108; x_wconf 90' lang='lat' dir='ltr'><strong><em>Litteris</em></strong></span> <span class='ocrx_word' id='word_1_676' title='bbox 3541 3075 3553 3108; x_wconf 90' lang='lat'><strong>:</strong></span> <span class='ocrx_word' id='word_1_677' title='bbox 3579 3053 3711 3110; x_wconf 84' lang='lat' dir='ltr'><strong><em>Ecce</em></strong></span> <span class='ocrx_word' id='word_1_678' title='bbox 3739 3074 3845 3127; x_wconf 81' lang='lat' dir='ltr'><strong><em>ego,</em></strong></span> 
     </span>
    </p>
   </div>
   <div class='ocr_carea' id='block_1_93' title="bbox 2286 3133 3845 3224">
    <p class='ocr_par' dir='ltr' id='par_1_93' title="bbox 2286 3133 3845 3224">
     <span class='ocr_line' id='line_1_93' title="bbox 2286 3133 3845 3224; baseline 0.015 -40"><span class='ocrx_word' id='word_1_679' title='bbox 2286 3133 2453 3203; x_wconf 86' lang='lat' dir='ltr'><strong><em>inquit</em></strong></span> <span class='ocrx_word' id='word_1_680' title='bbox 2490 3133 2764 3201; x_wconf 89' lang='lat' dir='ltr'><strong><em>Dominus,</em></strong></span> <span class='ocrx_word' id='word_1_681' title='bbox 2790 3139 2994 3192; x_wconf 87' lang='lat' dir='ltr'><strong><em>mittam</em></strong></span> <span class='ocrx_word' id='word_1_682' title='bbox 3030 3142 3169 3196; x_wconf 88' lang='lat' dir='ltr'><strong><em>vobis</em></strong></span> <span class='ocrx_word' id='word_1_683' title='bbox 3197 3157 3453 3214; x_wconf 87' lang='lat' dir='ltr'><strong><em>serpentes</em></strong></span> <span class='ocrx_word' id='word_1_684' title='bbox 3481 3151 3709 3220; x_wconf 84' lang='lat' dir='ltr'><strong><em>regulos,</em></strong></span> <span class='ocrx_word' id='word_1_685' title='bbox 3737 3156 3845 3224; x_wconf 83' lang='lat' dir='ltr'><strong><em>qui-</em></strong></span> 
     </span>
    </p>
   </div>
   <div class='ocr_carea' id='block_1_94' title="bbox 2287 3223 3841 3308">
    <p class='ocr_par' dir='ltr' id='par_1_94' title="bbox 2287 3223 3841 3308">
     <span class='ocr_line' id='line_1_94' title="bbox 2287 3223 3841 3308; baseline 0.016 -32"><span class='ocrx_word' id='word_1_686' title='bbox 2287 3223 2378 3278; x_wconf 87' lang='lat' dir='ltr'><strong><em>bus</em></strong></span> <span class='ocrx_word' id='word_1_687' title='bbox 2406 3242 2506 3279; x_wconf 92' lang='lat' dir='ltr'><strong><em>non</em></strong></span> <span class='ocrx_word' id='word_1_688' title='bbox 2526 3236 2603 3280; x_wconf 90' lang='lat' dir='ltr'><strong><em>est</em></strong></span> <span class='ocrx_word' id='word_1_689' title='bbox 2631 3228 2938 3296; x_wconf 85' lang='lat' dir='ltr'><strong><em>incantatio,</em></strong></span> <span class='ocrx_word' id='word_1_690' title='bbox 2957 3242 3006 3286; x_wconf 93' lang='lat' dir='ltr'><strong><em>et</em></strong></span> <span class='ocrx_word' id='word_1_691' title='bbox 3030 3235 3332 3291; x_wconf 78' lang='lat' dir='ltr'><strong><em>mordebant</em></strong></span> <span class='ocrx_word' id='word_1_692' title='bbox 3360 3243 3499 3294; x_wconf 85' lang='lat' dir='ltr'><strong><em>vos‘.</em></strong></span> <span class='ocrx_word' id='word_1_693' title='bbox 3533 3223 3841 3308; x_wconf 82' lang='lat' dir='ltr'><strong><em>Quinetiam</em></strong></span> 
     </span>
    </p>
   </div>
   <div class='ocr_carea' id='block_1_95' title="bbox 2285 3315 3842 3393">
    <p class='ocr_par' dir='ltr' id='par_1_95' title="bbox 2285 3315 3842 3393">
     <span class='ocr_line' id='line_1_95' title="bbox 2285 3315 3842 3393; baseline 0.018 -27"><span class='ocrx_word' id='word_1_694' title='bbox 2285 3315 2502 3385; x_wconf 86' lang='lat' dir='ltr'><strong><em>quidam</em></strong></span> <span class='ocrx_word' id='word_1_695' title='bbox 2534 3319 3212 3382; x_wconf 81' lang='lat' dir='ltr'><strong><em>credideruntbasiliscum</em></strong></span> <span class='ocrx_word' id='word_1_696' title='bbox 3249 3329 3655 3390; x_wconf 86' lang='lat' dir='ltr'><strong><em>incantamenta</em></strong></span> <span class='ocrx_word' id='word_1_697' title='bbox 3676 3337 3842 3393; x_wconf 88' lang='lat' dir='ltr'><strong><em>discu-</em></strong></span> 
     </span>
    </p>
   </div>
   <div class='ocr_carea' id='block_1_96' title="bbox 2284 3415 3842 3502">
    <p class='ocr_par' dir='ltr' id='par_1_96' title="bbox 2284 3415 3842 3502">
     <span class='ocr_line' id='line_1_96' title="bbox 2284 3415 3842 3502; baseline 0.017 -37"><span class='ocrx_word' id='word_1_698' title='bbox 2284 3422 2417 3470; x_wconf 88' lang='lat' dir='ltr'><strong><em>tere.</em></strong></span> <span class='ocrx_word' id='word_1_699' title='bbox 2452 3422 2504 3469; x_wconf 91' lang='lat' dir='ltr'><strong><em>et</em></strong></span> <span class='ocrx_word' id='word_1_700' title='bbox 2535 3415 2605 3469; x_wconf 89' lang='lat' dir='ltr'><strong><em>ab</em></strong></span> <span class='ocrx_word' id='word_1_701' title='bbox 2633 3417 2720 3471; x_wconf 90' lang='lat' dir='ltr'><strong><em>his</em></strong></span> <span class='ocrx_word' id='word_1_702' title='bbox 2756 3418 2868 3488; x_wconf 87' lang='lat' dir='ltr'><strong><em>jam</em></strong></span> <span class='ocrx_word' id='word_1_703' title='bbox 2905 3430 3098 3492; x_wconf 89' lang='lat' dir='ltr'><strong><em>captos</em></strong></span> <span class='ocrx_word' id='word_1_704' title='bbox 3130 3425 3266 3480; x_wconf 89' lang='lat' dir='ltr'><strong><em>alios</em></strong></span> <span class='ocrx_word' id='word_1_705' title='bbox 3313 3438 3598 3502; x_wconf 81' lang='lat' dir='ltr'><strong><em>serpentes</em></strong></span> <span class='ocrx_word' id='word_1_706' title='bbox 3631 3436 3763 3490; x_wconf 77' lang='lat' dir='ltr'><strong><em>solvi</em></strong></span> <span class='ocrx_word' id='word_1_707' title='bbox 3795 3447 3842 3491; x_wconf 90' lang='lat' dir='ltr'><strong><em>et</em></strong></span> 
     </span>
    </p>
   </div>
   <div class='ocr_carea' id='block_1_97' title="bbox 2285 3504 3839 3600">
    <p class='ocr_par' dir='ltr' id='par_1_97' title="bbox 2285 3504 3839 3600">
     <span class='ocr_line' id='line_1_97' title="bbox 2285 3504 3839 3600; baseline 0.017 -43"><span class='ocrx_word' id='word_1_708' title='bbox 2285 3504 2523 3562; x_wconf 72' lang='lat' dir='ltr'><strong><em>hberari.</em></strong></span> <span class='ocrx_word' id='word_1_709' title='bbox 2572 3507 2758 3564; x_wconf 90' lang='lat' dir='ltr'><strong><em>Obiter</em></strong></span> <span class='ocrx_word' id='word_1_710' title='bbox 2802 3513 3040 3567; x_wconf 90' lang='lat' dir='ltr'><strong><em>notanda</em></strong></span> <span class='ocrx_word' id='word_1_711' title='bbox 3072 3523 3156 3570; x_wconf 92' lang='lat' dir='ltr'><strong><em>est</em></strong></span> <span class='ocrx_word' id='word_1_712' title='bbox 3204 3517 3289 3573; x_wconf 89' lang='lat' dir='ltr'><strong><em>hic</em></strong></span> <span class='ocrx_word' id='word_1_713' title='bbox 3321 3518 3614 3590; x_wconf 83' lang='lat' dir='ltr'><strong><em>Augustini</em></strong></span> <span class='ocrx_word' id='word_1_714' title='bbox 3667 3527 3839 3600; x_wconf 87' lang='lat' dir='ltr'><strong><em>Eugu-</em></strong></span> 
     </span>
    </p>
   </div>
   <div class='ocr_carea' id='block_1_98' title="bbox 2283 3597 3840 3694">
    <p class='ocr_par' dir='ltr' id='par_1_98' title="bbox 2283 3597 3840 3694">
     <span class='ocr_line' id='line_1_98' title="bbox 2283 3597 3840 3694; baseline 0.018 -44"><span class='ocrx_word' id='word_1_715' title='bbox 2283 3597 2396 3651; x_wconf 89' lang='lat' dir='ltr'><strong><em>bini</em></strong></span> <span class='ocrx_word' id='word_1_716' title='bbox 2442 3603 2734 3667; x_wconf 87' lang='lat' dir='ltr'><strong><em>sententia,</em></strong></span> <span class='ocrx_word' id='word_1_717' title='bbox 2787 3605 2880 3674; x_wconf 91' lang='lat' dir='ltr'><strong><em>qui</em></strong></span> <span class='ocrx_word' id='word_1_718' title='bbox 2927 3607 2981 3660; x_wconf 89' lang='lat' dir='ltr'><strong><em>in</em></strong></span> <span class='ocrx_word' id='word_1_719' title='bbox 3028 3605 3355 3679; x_wconf 78' lang='lat' dir='ltr'><strong><em>Cosmopteia</em></strong></span> <span class='ocrx_word' id='word_1_720' title='bbox 3405 3626 3712 3686; x_wconf 84' lang='lat' dir='ltr'><strong><em>serpentem</em></strong></span> <span class='ocrx_word' id='word_1_721' title='bbox 3751 3597 3840 3694; x_wconf 78' lang='lat' dir='ltr'><strong><em>qui</em></strong></span> 
     </span>
    </p>
   </div>
   <div class='ocr_carea' id='block_1_99' title="bbox 2282 3687 3839 3774">
    <p class='ocr_par' dir='ltr' id='par_1_99' title="bbox 2282 3687 3839 3774">
     <span class='ocr_line' id='line_1_99' title="bbox 2282 3687 3839 3774; baseline 0.021 -35"><span class='ocrx_word' id='word_1_722' title='bbox 2282 3687 2446 3744; x_wconf 79' lang='lat' dir='ltr'><strong><em>Evam</em></strong></span> <span class='ocrx_word' id='word_1_723' title='bbox 2497 3693 2706 3766; x_wconf 87' lang='lat' dir='ltr'><strong><em>decepit</em></strong></span> <span class='ocrx_word' id='word_1_724' title='bbox 2764 3695 2936 3754; x_wconf 91' lang='lat' dir='ltr'><strong><em>fuisse</em></strong></span> <span class='ocrx_word' id='word_1_725' title='bbox 2983 3700 3302 3758; x_wconf 87' lang='lat' dir='ltr'><strong><em>basiliscum</em></strong></span> <span class='ocrx_word' id='word_1_726' title='bbox 3347 3720 3553 3774; x_wconf 87' lang='lat' dir='ltr'><strong><em>censet,</em></strong></span> <span class='ocrx_word' id='word_1_727' title='bbox 3598 3724 3656 3767; x_wconf 91' lang='lat' dir='ltr'><strong><em>ut</em></strong></span> <span class='ocrx_word' id='word_1_728' title='bbox 3703 3687 3839 3771; x_wconf 76' lang='lat' dir='ltr'><strong><em>sicut</em></strong></span> 
     </span>
    </p>
   </div>
   <div class='ocr_carea' id='block_1_100' title="bbox 2281 3780 3840 3870">
    <p class='ocr_par' dir='ltr' id='par_1_100' title="bbox 2281 3780 3840 3870">
     <span class='ocr_line' id='line_1_100' title="bbox 2281 3780 3840 3870; baseline 0.02 -36"><span class='ocrx_word' id='word_1_729' title='bbox 2281 3780 2550 3849; x_wconf 88' lang='lat' dir='ltr'><strong><em>diabolus,</em></strong></span> <span class='ocrx_word' id='word_1_730' title='bbox 2581 3789 2672 3856; x_wconf 91' lang='lat' dir='ltr'><strong><em>qui</em></strong></span> <span class='ocrx_word' id='word_1_731' title='bbox 2704 3792 2930 3846; x_wconf 88' lang='lat' dir='ltr'><strong><em>tentavit</em></strong></span> <span class='ocrx_word' id='word_1_732' title='bbox 2961 3792 3150 3860; x_wconf 80' lang='lat' dir='ltr'><strong><em>Evam,</em></strong></span> <span class='ocrx_word' id='word_1_733' title='bbox 3186 3799 3442 3870; x_wconf 89' lang='lat' dir='ltr'><strong><em>princeps</em></strong></span> <span class='ocrx_word' id='word_1_734' title='bbox 3469 3802 3639 3861; x_wconf 89' lang='lat' dir='ltr'><strong><em>fuisse</em></strong></span> <span class='ocrx_word' id='word_1_735' title='bbox 3667 3811 3840 3864; x_wconf 84' lang='lat' dir='ltr'><strong><em>credi-</em></strong></span> 
     </span>
    </p>
   </div>
   <div class='ocr_carea' id='block_1_101' title="bbox 2282 3875 3837 3966">
    <p class='ocr_par' dir='ltr' id='par_1_101' title="bbox 2282 3875 3837 3966">
     <span class='ocr_line' id='line_1_101' title="bbox 2282 3875 3837 3966; baseline 0.02 -41"><span class='ocrx_word' id='word_1_736' title='bbox 2282 3879 2371 3926; x_wconf 88' lang='lat' dir='ltr'><strong><em>tur</em></strong></span> <span class='ocrx_word' id='word_1_737' title='bbox 2404 3875 2729 3944; x_wconf 70' lang='lat' dir='ltr'><strong><em>daatnonum,</em></strong></span> <span class='ocrx_word' id='word_1_738' title='bbox 2760 3880 2834 3934; x_wconf 88' lang='lat' dir='ltr'><strong><em>ita</em></strong></span> <span class='ocrx_word' id='word_1_739' title='bbox 2874 3898 3008 3942; x_wconf 90' lang='lat' dir='ltr'><strong><em>usus</em></strong></span> <span class='ocrx_word' id='word_1_740' title='bbox 3041 3887 3112 3941; x_wconf 91' lang='lat' dir='ltr'><strong><em>sit</em></strong></span> <span class='ocrx_word' id='word_1_741' title='bbox 3152 3896 3210 3941; x_wconf 92' lang='lat' dir='ltr'><strong><em>ut</em></strong></span> <span class='ocrx_word' id='word_1_742' title='bbox 3245 3905 3448 3961; x_wconf 77' lang='lat' dir='ltr'><strong><em>organo</em></strong></span> <span class='ocrx_word' id='word_1_743' title='bbox 3477 3910 3540 3948; x_wconf 91' lang='lat' dir='ltr'><strong><em>eo</em></strong></span> <span class='ocrx_word' id='word_1_744' title='bbox 3566 3909 3837 3966; x_wconf 84' lang='lat' dir='ltr'><strong><em>serpente,</em></strong></span> 
     </span>
    </p>
   </div>
   <div class='ocr_carea' id='block_1_102' title="bbox 2281 3967 3832 4049">
    <p class='ocr_par' dir='ltr' id='par_1_102' title="bbox 2281 3967 3832 4049">
     <span class='ocr_line' id='line_1_102' title="bbox 2281 3967 3832 4049; baseline 0.02 -32"><span class='ocrx_word' id='word_1_745' title='bbox 2281 3967 2374 4034; x_wconf 86' lang='lat' dir='ltr'><strong><em>qui</em></strong></span> <span class='ocrx_word' id='word_1_746' title='bbox 2435 3969 2679 4023; x_wconf 89' lang='lat' dir='ltr'><strong><em>omnium</em></strong></span> <span class='ocrx_word' id='word_1_747' title='bbox 2735 3984 3048 4044; x_wconf 74' lang='lat' dir='ltr'><strong><em>serpentum</em></strong></span> <span class='ocrx_word' id='word_1_748' title='bbox 3117 3988 3376 4049; x_wconf 88' lang='lat' dir='ltr'><strong><em>tanquam</em></strong></span> <span class='ocrx_word' id='word_1_749' title='bbox 3436 4001 3523 4040; x_wconf 75' lang='lat' dir='ltr'><strong><em>rex</em></strong></span> <span class='ocrx_word' id='word_1_750' title='bbox 3584 3987 3832 4048; x_wconf 87' lang='lat' dir='ltr'><strong><em>habetur.</em></strong></span> 
     </span>
    </p>
   </div>
   <div class='ocr_carea' id='block_1_103' title="bbox 2282 4053 3832 4146">
    <p class='ocr_par' dir='ltr' id='par_1_103' title="bbox 2282 4053 3832 4146">
     <span class='ocr_line' id='line_1_103' title="bbox 2282 4053 3832 4146; baseline 0.018 -38"><span class='ocrx_word' id='word_1_751' title='bbox 2282 4053 2436 4110; x_wconf 89' lang='lat' dir='ltr'><strong><em>Hunc</em></strong></span> <span class='ocrx_word' id='word_1_752' title='bbox 2464 4074 2592 4114; x_wconf 83' lang='lat' dir='ltr'><strong><em>vero</em></strong></span> <span class='ocrx_word' id='word_1_753' title='bbox 2625 4077 2747 4118; x_wconf 89' lang='lat' dir='ltr'><strong><em>esse</em></strong></span> <span class='ocrx_word' id='word_1_754' title='bbox 2790 4065 3128 4132; x_wconf 84' lang='lat' dir='ltr'><strong><em>basiliscnm,</em></strong></span> <span class='ocrx_word' id='word_1_755' title='bbox 3160 4081 3214 4125; x_wconf 87' lang='lat' dir='ltr'><strong><em>et</em></strong></span> <span class='ocrx_word' id='word_1_756' title='bbox 3261 4089 3458 4129; x_wconf 89' lang='lat' dir='ltr'><strong><em>nomen</em></strong></span> <span class='ocrx_word' id='word_1_757' title='bbox 3495 4078 3668 4146; x_wconf 88' lang='lat' dir='ltr'><strong><em>ipsum</em></strong></span> <span class='ocrx_word' id='word_1_758' title='bbox 3703 4083 3832 4136; x_wconf 88' lang='lat' dir='ltr'><strong><em>indi-</em></strong></span> 
     </span>
    </p>
   </div>
   <div class='ocr_carea' id='block_1_104' title="bbox 2279 4155 3824 4233">
    <p class='ocr_par' dir='ltr' id='par_1_104' title="bbox 2279 4155 3824 4233">
     <span class='ocr_line' id='line_1_104' title="bbox 2279 4155 3824 4233; baseline 0.019 -32"><span class='ocrx_word' id='word_1_759' title='bbox 2279 4157 2386 4210; x_wconf 86' lang='lat' dir='ltr'><strong><em>cat,</em></strong></span> <span class='ocrx_word' id='word_1_760' title='bbox 2418 4159 2471 4206; x_wconf 87' lang='lat' dir='ltr'><strong><em>et</em></strong></span> <span class='ocrx_word' id='word_1_761' title='bbox 2515 4168 2635 4222; x_wconf 62' lang='lat' dir='ltr'><strong><em>quae</em></strong></span> <span class='ocrx_word' id='word_1_762' title='bbox 2681 4155 2749 4210; x_wconf 90' lang='lat' dir='ltr'><strong><em>de</em></strong></span> <span class='ocrx_word' id='word_1_763' title='bbox 2804 4158 3108 4215; x_wconf 87' lang='lat' dir='ltr'><strong><em>incredibili</em></strong></span> <span class='ocrx_word' id='word_1_764' title='bbox 3158 4164 3278 4233; x_wconf 84' lang='lat' dir='ltr'><strong><em>ejus</em></strong></span> <span class='ocrx_word' id='word_1_765' title='bbox 3329 4169 3396 4222; x_wconf 85' lang='lat' dir='ltr'><strong><em>ad</em></strong></span> <span class='ocrx_word' id='word_1_766' title='bbox 3447 4173 3745 4229; x_wconf 77' lang='lat' dir='ltr'><strong><em>nocendum</em></strong></span> <span class='ocrx_word' id='word_1_767' title='bbox 3778 4179 3824 4232; x_wconf 86' lang='lat' dir='ltr'><strong><em>vi</em></strong></span> 
     </span>
    </p>
   </div>
   <div class='ocr_carea' id='block_1_105' title="bbox 2276 4239 3089 4307">
    <p class='ocr_par' dir='ltr' id='par_1_105' title="bbox 2276 4239 3089 4307">
     <span class='ocr_line' id='line_1_105' title="bbox 2276 4239 3089 4307; baseline 0.016 -14"><span class='ocrx_word' id='word_1_768' title='bbox 2276 4239 2484 4296; x_wconf 90' lang='lat' dir='ltr'><strong><em>Plinius</em></strong></span> <span class='ocrx_word' id='word_1_769' title='bbox 2511 4251 2564 4298; x_wconf 89' lang='lat' dir='ltr'><strong><em>et</em></strong></span> <span class='ocrx_word' id='word_1_770' title='bbox 2595 4243 2813 4302; x_wconf 89' lang='lat' dir='ltr'><strong><em>Solinus</em></strong></span> <span class='ocrx_word' id='word_1_771' title='bbox 2849 4251 3089 4307; x_wconf 88' lang='lat' dir='ltr'><strong><em>tradunt.</em></strong></span> 
     </span>
    </p>
   </div>
   <div class='ocr_carea' id='block_1_106' title="bbox 2351 4333 3821 4427">
    <p class='ocr_par' dir='ltr' id='par_1_106' title="bbox 2351 4333 3821 4427">
     <span class='ocr_line' id='line_1_106' title="bbox 2351 4333 3821 4427; baseline 0.018 -42"><span class='ocrx_word' id='word_1_772' title='bbox 2351 4333 2510 4399; x_wconf 90' lang='lat' dir='ltr'><strong><em>lbid.,</em></strong></span> <span class='ocrx_word' id='word_1_773' title='bbox 2541 4336 2633 4390; x_wconf 93' lang='lat' dir='ltr'><strong><em>lin.</em></strong></span> <span class='ocrx_word' id='word_1_774' title='bbox 2667 4338 2755 4391; x_wconf 74' lang='lat'><strong><em>22.</em></strong></span> <span class='ocrx_word' id='word_1_775' title='bbox 2803 4340 3136 4410; x_wconf 84' lang='grc' dir='ltr'>Ἰστοροῦσι</span> <span class='ocrx_word' id='word_1_776' title='bbox 3161 4345 3228 4400; x_wconf 82' lang='grc' dir='ltr'>δὲ</span> <span class='ocrx_word' id='word_1_777' title='bbox 3259 4351 3461 4405; x_wconf 84' lang='grc' dir='ltr'>αὐτόν.</span> <span class='ocrx_word' id='word_1_778' title='bbox 3498 4352 3751 4427; x_wconf 89' lang='lat' dir='ltr'><strong><em>Origenes</em></strong></span> <span class='ocrx_word' id='word_1_779' title='bbox 3775 4359 3821 4412; x_wconf 92' lang='lat' dir='ltr'><strong><em>in</em></strong></span> 
     </span>
    </p>
   </div>
   <div class='ocr_carea' id='block_1_107' title="bbox 2277 4426 3828 4522">
    <p class='ocr_par' dir='ltr' id='par_1_107' title="bbox 2277 4426 3828 4522">
     <span class='ocr_line' id='line_1_107' title="bbox 2277 4426 3828 4522; baseline 0.018 -46"><span class='ocrx_word' id='word_1_780' title='bbox 2277 4432 2465 4479; x_wconf 90' lang='lat' dir='ltr'><strong><em>catena</em></strong></span> <span class='ocrx_word' id='word_1_781' title='bbox 2513 4426 2694 4483; x_wconf 74' lang='lat' dir='ltr'><strong><em>Graeca</em></strong></span> <span class='ocrx_word' id='word_1_782' title='bbox 2728 4431 2784 4484; x_wconf 88' lang='lat' dir='ltr'><strong><em>in</em></strong></span> <span class='ocrx_word' id='word_1_783' title='bbox 2835 4431 3055 4499; x_wconf 82' lang='lat' dir='ltr'><strong><em>Jerem.,</em></strong></span> <span class='ocrx_word' id='word_1_784' title='bbox 3089 4452 3208 4508; x_wconf 87' lang='lat' dir='ltr'><strong><em>cap.</em></strong></span> <span class='ocrx_word' id='word_1_785' title='bbox 3241 4439 3308 4494; x_wconf 68' lang='grc'><strong><em>49</em></strong></span> <span class='ocrx_word' id='word_1_786' title='bbox 3339 4461 3352 4496; x_wconf 91' lang='lat'>:</span> <span class='ocrx_word' id='word_1_787' title='bbox 3380 4445 3488 4498; x_wconf 74' lang='grc' dir='ltr'><strong><em>Καὶ</em></strong></span> <span class='ocrx_word' id='word_1_788' title='bbox 3534 4426 3684 4515; x_wconf 77' lang='grc' dir='ltr'>ὄφεις</span> <span class='ocrx_word' id='word_1_789' title='bbox 3731 4451 3828 4522; x_wconf 78' lang='grc' dir='ltr'><strong><em>γὰρ</em></strong></span> 
     </span>
    </p>
   </div>
   <div class='ocr_carea' id='block_1_108' title="bbox 3735 4545 3826 4595">
    <p class='ocr_par' dir='ltr' id='par_1_108' title="bbox 3735 4545 3826 4595">
     <span class='ocr_line' id='line_1_108' title="bbox 3735 4545 3826 4595; baseline 0 0"><span class='ocrx_word' id='word_1_790' title='bbox 3735 4545 3826 4595; x_wconf 79' lang='grc' dir='ltr'>ὑπὸ</span> 
     </span>
    </p>
   </div>
   <div class='ocr_carea' id='block_1_109' title="bbox 2277 4608 3824 4697">
    <p class='ocr_par' dir='ltr' id='par_1_109' title="bbox 2277 4608 3824 4697">
     <span class='ocr_line' id='line_1_109' title="bbox 2277 4608 3824 4697; baseline 0.017 -37"><span class='ocrx_word' id='word_1_791' title='bbox 2277 4608 2384 4661; x_wconf 84' lang='grc' dir='ltr'><strong><em>τῶν</em></strong></span> <span class='ocrx_word' id='word_1_792' title='bbox 2420 4609 2799 4684; x_wconf 79' lang='grc' dir='ltr'>δυνατωτέρων</span> <span class='ocrx_word' id='word_1_793' title='bbox 2828 4617 2935 4670; x_wconf 79' lang='grc' dir='ltr'><strong><em>ἀπὸ</em></strong></span> <span class='ocrx_word' id='word_1_794' title='bbox 2961 4619 3118 4690; x_wconf 82' lang='grc' dir='ltr'>λιμοῦ</span> <span class='ocrx_word' id='word_1_795' title='bbox 3148 4626 3617 4697; x_wconf 85' lang='grc' dir='ltr'>κατεσθιομένους,</span> <span class='ocrx_word' id='word_1_796' title='bbox 3652 4634 3748 4697; x_wconf 81' lang='grc' dir='ltr'><strong><em>ἕως</em></strong></span> <span class='ocrx_word' id='word_1_797' title='bbox 3771 4629 3824 4686; x_wconf 75' lang='grc' dir='ltr'>οὗ</span> 
     </span>
    </p>
   </div>
   <div class='ocr_carea' id='block_1_110' title="bbox 2274 4700 3824 4790">
    <p class='ocr_par' dir='ltr' id='par_1_110' title="bbox 2274 4700 3824 4790">
     <span class='ocr_line' id='line_1_110' title="bbox 2274 4700 3824 4790; baseline 0.017 -40"><span class='ocrx_word' id='word_1_798' title='bbox 2274 4701 2302 4751; x_wconf 91' lang='grc' dir='ltr'>ὁ</span> <span class='ocrx_word' id='word_1_799' title='bbox 2331 4700 2543 4754; x_wconf 85' lang='grc' dir='ltr'>πάντων</span> <span class='ocrx_word' id='word_1_800' title='bbox 2574 4704 2920 4775; x_wconf 80' lang='grc' dir='ltr'>ἰσχυρότατος</span> <span class='ocrx_word' id='word_1_801' title='bbox 2943 4710 3251 4782; x_wconf 77' lang='grc' dir='ltr'>πληρωθεὶς</span> <span class='ocrx_word' id='word_1_802' title='bbox 3283 4715 3386 4768; x_wconf 84' lang='grc' dir='ltr'>ὑπὸ</span> <span class='ocrx_word' id='word_1_803' title='bbox 3411 4721 3518 4771; x_wconf 85' lang='grc' dir='ltr'><strong><em>τῶν</em></strong></span> <span class='ocrx_word' id='word_1_804' title='bbox 3543 4720 3715 4790; x_wconf 77' lang='grc' dir='ltr'>ὄφεων</span> <span class='ocrx_word' id='word_1_805' title='bbox 3743 4724 3824 4786; x_wconf 81' lang='grc' dir='ltr'><strong><em>οὓς</em></strong></span> 
     </span>
    </p>
   </div>
   <div class='ocr_carea' id='block_1_111' title="bbox 2274 4792 3821 4878">
    <p class='ocr_par' dir='ltr' id='par_1_111' title="bbox 2274 4792 3821 4878">
     <span class='ocr_line' id='line_1_111' title="bbox 2274 4792 3821 4878; baseline 0.017 -36"><span class='ocrx_word' id='word_1_806' title='bbox 2274 4792 2628 4862; x_wconf 77' lang='grc' dir='ltr'>κατεδήδοκεν</span> <span class='ocrx_word' id='word_1_807' title='bbox 2674 4797 2702 4848; x_wconf 85' lang='grc' dir='ltr'>ὁ</span> <span class='ocrx_word' id='word_1_808' title='bbox 2749 4799 3076 4871; x_wconf 80' lang='grc' dir='ltr'>καλούμενος</span> <span class='ocrx_word' id='word_1_809' title='bbox 3126 4806 3348 4876; x_wconf 77' lang='grc' dir='ltr'>γένηται</span> <span class='ocrx_word' id='word_1_810' title='bbox 3396 4809 3722 4878; x_wconf 79' lang='grc' dir='ltr'>βασιλίσκος,</span> <span class='ocrx_word' id='word_1_811' title='bbox 3757 4817 3821 4868; x_wconf 76' lang='grc' dir='ltr'><strong><em>ἰὸν</em></strong></span> 
     </span>
    </p>
   </div>
   <div class='ocr_carea' id='block_1_112' title="bbox 2273 4881 3823 4978">
    <p class='ocr_par' dir='ltr' id='par_1_112' title="bbox 2273 4881 3823 4978">
     <span class='ocr_line' id='line_1_112' title="bbox 2273 4881 3823 4978; baseline 0.016 -44"><span class='ocrx_word' id='word_1_812' title='bbox 2273 4881 2410 4953; x_wconf 70' lang='grc' dir='ltr'>ἔχων</span> <span class='ocrx_word' id='word_1_813' title='bbox 2460 4886 2523 4937; x_wconf 81' lang='grc' dir='ltr'><strong><em>ἐκ</em></strong></span> <span class='ocrx_word' id='word_1_814' title='bbox 2570 4886 2737 4960; x_wconf 80' lang='grc' dir='ltr'>μόνης</span> <span class='ocrx_word' id='word_1_815' title='bbox 2795 4890 2921 4954; x_wconf 79' lang='grc' dir='ltr'>θέας</span> <span class='ocrx_word' id='word_1_816' title='bbox 2983 4899 3328 4970; x_wconf 74' lang='grc' dir='ltr'>καρποφόρον</span> <span class='ocrx_word' id='word_1_817' title='bbox 3379 4901 3592 4975; x_wconf 85' lang='grc' dir='ltr'>δένδρον</span> <span class='ocrx_word' id='word_1_818' title='bbox 3652 4906 3823 4978; x_wconf 80' lang='grc' dir='ltr'>ξηραί-</span> 
     </span>
    </p>
   </div>
   <div class='ocr_carea' id='block_1_113' title="bbox 2271 4974 3817 5060">
    <p class='ocr_par' dir='ltr' id='par_1_113' title="bbox 2271 4974 3817 5060">
     <span class='ocr_line' id='line_1_113' title="bbox 2271 4974 3817 5060; baseline 0.016 -34"><span class='ocrx_word' id='word_1_819' title='bbox 2271 4991 2448 5029; x_wconf 89' lang='grc' dir='ltr'>νοντα.</span> <span class='ocrx_word' id='word_1_820' title='bbox 2489 4974 2844 5047; x_wconf 87' lang='lat' dir='ltr'><strong><em>Epiphanius,</em></strong></span> <span class='ocrx_word' id='word_1_821' title='bbox 2890 4982 3109 5038; x_wconf 84' lang='lat' dir='ltr'><strong><em>Advers.</em></strong></span> <span class='ocrx_word' id='word_1_822' title='bbox 3149 4986 3333 5042; x_wconf 75' lang='lat' dir='ltr'><strong><em>turres.</em></strong></span> <span class='ocrx_word' id='word_1_823' title='bbox 3380 4991 3474 5045; x_wconf 89' lang='lat' dir='ltr'><strong><em>lib.</em></strong></span> <span class='ocrx_word' id='word_1_824' title='bbox 3503 4974 3550 5059; x_wconf 6' lang='lat' dir='ltr'><strong><em>ﬁt,</em></strong></span> <span class='ocrx_word' id='word_1_825' title='bbox 3589 4974 3732 5049; x_wconf 44' lang='lat' dir='ltr'><strong><em>tom:</em></strong></span> <span class='ocrx_word' id='word_1_826' title='bbox 3757 4999 3817 5060; x_wconf 90' lang='lat' dir='ltr'><strong><em>ll,</em></strong></span> 
     </span>
    </p>
   </div>
   <div class='ocr_carea' id='block_1_114' title="bbox 2273 5066 3823 5157">
    <p class='ocr_par' dir='ltr' id='par_1_114' title="bbox 2273 5066 3823 5157">
     <span class='ocr_line' id='line_1_114' title="bbox 2273 5066 3823 5157; baseline 0.016 -39"><span class='ocrx_word' id='word_1_827' title='bbox 2273 5066 2463 5122; x_wconf 68' lang='lat' dir='ltr'><strong><em>haeres.</em></strong></span> <span class='ocrx_word' id='word_1_828' title='bbox 2496 5069 2585 5132; x_wconf 67' lang='lat'><strong><em>2‘2,</em></strong></span> <span class='ocrx_word' id='word_1_829' title='bbox 2620 5082 2806 5126; x_wconf 84' lang='lat' dir='ltr'><strong><em>narrat</em></strong></span> <span class='ocrx_word' id='word_1_830' title='bbox 2838 5073 2978 5128; x_wconf 86' lang='lat' dir='ltr'><strong><em>hanc</em></strong></span> <span class='ocrx_word' id='word_1_831' title='bbox 3012 5091 3042 5130; x_wconf 88' lang='lat' dir='ltr'><strong><em>a</em></strong></span> <span class='ocrx_word' id='word_1_832' title='bbox 3089 5080 3368 5136; x_wconf 85' lang='lat' dir='ltr'><strong><em>veteribus</em></strong></span> <span class='ocrx_word' id='word_1_833' title='bbox 3400 5083 3678 5141; x_wconf 88' lang='lat' dir='ltr'><strong><em>historiam</em></strong></span> <span class='ocrx_word' id='word_1_834' title='bbox 3710 5103 3823 5157; x_wconf 90' lang='lat' dir='ltr'><strong><em>pro-</em></strong></span> 
     </span>
    </p>
   </div>
   <div class='ocr_carea' id='block_1_115' title="bbox 2269 5160 3820 5245">
    <p class='ocr_par' dir='ltr' id='par_1_115' title="bbox 2269 5160 3820 5245">
     <span class='ocr_line' id='line_1_115' title="bbox 2269 5160 3820 5245; baseline 0.017 -33"><span class='ocrx_word' id='word_1_835' title='bbox 2269 5160 2435 5212; x_wconf 91' lang='lat' dir='ltr'><strong><em>ditam</em></strong></span> <span class='ocrx_word' id='word_1_836' title='bbox 2465 5177 2585 5216; x_wconf 90' lang='lat' dir='ltr'><strong><em>esse</em></strong></span> <span class='ocrx_word' id='word_1_837' title='bbox 2618 5181 2630 5217; x_wconf 92' lang='lat'><strong>:</strong></span> <span class='ocrx_word' id='word_1_838' title='bbox 2669 5163 2801 5218; x_wconf 87' lang='lat' dir='ltr'><strong><em>Cum</em></strong></span> <span class='ocrx_word' id='word_1_839' title='bbox 2830 5167 3002 5234; x_wconf 89' lang='lat' dir='ltr'><strong><em>plures</em></strong></span> <span class='ocrx_word' id='word_1_840' title='bbox 3028 5169 3312 5240; x_wconf 85' lang='lat' dir='ltr'><strong><em>aliquando</em></strong></span> <span class='ocrx_word' id='word_1_841' title='bbox 3340 5177 3550 5245; x_wconf 86' lang='lat' dir='ltr'><strong><em>aspides</em></strong></span> <span class='ocrx_word' id='word_1_842' title='bbox 3589 5182 3644 5234; x_wconf 91' lang='lat' dir='ltr'><strong><em>in</em></strong></span> <span class='ocrx_word' id='word_1_843' title='bbox 3673 5200 3820 5239; x_wconf 73' lang='lat' dir='ltr'><strong><em>mium</em></strong></span> 
     </span>
    </p>
   </div>
   <div class='ocr_carea' id='block_1_116' title="bbox 2269 5250 3818 5343">
    <p class='ocr_par' dir='ltr' id='par_1_116' title="bbox 2269 5250 3818 5343">
     <span class='ocr_line' id='line_1_116' title="bbox 2269 5250 3818 5343; baseline 0.02 -43"><span class='ocrx_word' id='word_1_844' title='bbox 2269 5250 2428 5317; x_wconf 81' lang='lat' dir='ltr'><strong><em>ﬁctile</em></strong></span> <span class='ocrx_word' id='word_1_845' title='bbox 2487 5270 2576 5307; x_wconf 90' lang='lat' dir='ltr'><strong><em>vas</em></strong></span> <span class='ocrx_word' id='word_1_846' title='bbox 2629 5256 2875 5325; x_wconf 78' lang='lat' dir='ltr'><strong><em>conjecta:</em></strong></span> <span class='ocrx_word' id='word_1_847' title='bbox 2896 5299 2910 5322; x_wconf 93' lang='lat'><strong><em>,</em></strong></span> <span class='ocrx_word' id='word_1_848' title='bbox 2968 5271 3016 5314; x_wconf 89' lang='lat' dir='ltr'><strong><em>et</em></strong></span> <span class='ocrx_word' id='word_1_849' title='bbox 3051 5265 3102 5315; x_wconf 89' lang='lat' dir='ltr'><strong><em>in</em></strong></span> <span class='ocrx_word' id='word_1_850' title='bbox 3135 5265 3491 5332; x_wconf 77' lang='lat' dir='ltr'><strong><em>fundamentis</em></strong></span> <span class='ocrx_word' id='word_1_851' title='bbox 3520 5276 3818 5343; x_wconf 85' lang='lat' dir='ltr'><strong><em>angulorum</em></strong></span> 
     </span>
    </p>
   </div>
   <div class='ocr_carea' id='block_1_117' title="bbox 2267 5346 3819 5437">
    <p class='ocr_par' dir='ltr' id='par_1_117' title="bbox 2267 5346 3819 5437">
     <span class='ocr_line' id='line_1_117' title="bbox 2267 5346 3819 5437; baseline 0.021 -45"><span class='ocrx_word' id='word_1_852' title='bbox 2267 5351 2491 5410; x_wconf 88' lang='lat' dir='ltr'><strong><em>quatuor</em></strong></span> <span class='ocrx_word' id='word_1_853' title='bbox 2520 5346 2769 5416; x_wconf 86' lang='lat' dir='ltr'><strong><em>cujusque</em></strong></span> <span class='ocrx_word' id='word_1_854' title='bbox 2801 5351 3065 5406; x_wconf 86' lang='lat' dir='ltr'><strong><em>idolorum</em></strong></span> <span class='ocrx_word' id='word_1_855' title='bbox 3125 5360 3300 5425; x_wconf 84' lang='lat' dir='ltr'><strong><em>templi</em></strong></span> <span class='ocrx_word' id='word_1_856' title='bbox 3330 5361 3384 5414; x_wconf 88' lang='lat' dir='ltr'><strong><em>in</em></strong></span> <span class='ocrx_word' id='word_1_857' title='bbox 3425 5363 3655 5435; x_wconf 67' lang='lat' dir='ltr'><strong><em>.Egypto</em></strong></span> <span class='ocrx_word' id='word_1_858' title='bbox 3684 5370 3819 5437; x_wconf 63' lang='lat' dir='ltr'><strong><em>depoo</em></strong></span> 
     </span>
    </p>
   </div>
   <div class='ocr_carea' id='block_1_118' title="bbox 2266 5434 3818 5518">
    <p class='ocr_par' dir='ltr' id='par_1_118' title="bbox 2266 5434 3818 5518">
     <span class='ocr_line' id='line_1_118' title="bbox 2266 5434 3818 5518; baseline 0.018 -32"><span class='ocrx_word' id='word_1_859' title='bbox 2266 5434 2384 5487; x_wconf 75' lang='lat' dir='ltr'><strong><em>sine</em></strong></span> <span class='ocrx_word' id='word_1_860' title='bbox 2412 5446 2601 5499; x_wconf 86' lang='lat' dir='ltr'><strong><em>essent,</em></strong></span> <span class='ocrx_word' id='word_1_861' title='bbox 2633 5453 2697 5490; x_wconf 80' lang='lat' dir='ltr'><strong><em>ea:</em></strong></span> <span class='ocrx_word' id='word_1_862' title='bbox 2725 5440 2794 5494; x_wconf 48' lang='lat' dir='ltr'><strong><em>iis.</em></strong></span> <span class='ocrx_word' id='word_1_863' title='bbox 2818 5442 3088 5509; x_wconf 88' lang='lat' dir='ltr'><strong><em>aspidibu-s</em></strong></span> <span class='ocrx_word' id='word_1_864' title='bbox 3109 5464 3224 5518; x_wconf 70' lang='lat' dir='ltr'><strong><em>quae</em></strong></span> <span class='ocrx_word' id='word_1_865' title='bbox 3245 5451 3436 5518; x_wconf 74' lang='lat' dir='ltr'><strong><em>fortior</em></strong></span> <span class='ocrx_word' id='word_1_866' title='bbox 3466 5467 3581 5509; x_wconf 88' lang='lat' dir='ltr'><strong><em>erat</em></strong></span> <span class='ocrx_word' id='word_1_867' title='bbox 3604 5459 3655 5510; x_wconf 90' lang='lat' dir='ltr'><strong><em>in</em></strong></span> <span class='ocrx_word' id='word_1_868' title='bbox 3691 5434 3818 5514; x_wconf 60' lang='lat' dir='ltr'><strong><em>alia:</em></strong></span> 
     </span>
    </p>
   </div>
   <div class='ocr_carea' id='block_1_119' title="bbox 2263 5534 3815 5620">
    <p class='ocr_par' dir='ltr' id='par_1_119' title="bbox 2263 5534 3815 5620">
     <span class='ocr_line' id='line_1_119' title="bbox 2263 5534 3815 5620; baseline 0.016 -35"><span class='ocrx_word' id='word_1_869' title='bbox 2263 5534 2474 5596; x_wconf 85' lang='lat' dir='ltr'><strong><em>invasit,</em></strong></span> <span class='ocrx_word' id='word_1_870' title='bbox 2513 5553 2701 5606; x_wconf 85' lang='lat' dir='ltr'><strong><em>easque</em></strong></span> <span class='ocrx_word' id='word_1_871' title='bbox 2735 5541 3017 5601; x_wconf 82' lang='lat' dir='ltr'><strong><em>devoravit,</em></strong></span> <span class='ocrx_word' id='word_1_872' title='bbox 3039 5560 3153 5614; x_wconf 76' lang='lat' dir='ltr'><strong><em>quae</em></strong></span> <span class='ocrx_word' id='word_1_873' title='bbox 3176 5564 3292 5601; x_wconf 85' lang='lat' dir='ltr'><strong><em>cum</em></strong></span> <span class='ocrx_word' id='word_1_874' title='bbox 3323 5551 3436 5603; x_wconf 88' lang='lat' dir='ltr'><strong><em>sola</em></strong></span> <span class='ocrx_word' id='word_1_875' title='bbox 3473 5557 3815 5620; x_wconf 82' lang='lat' dir='ltr'><strong><em>remansisset,</em></strong></span> 
     </span>
    </p>
   </div>
  </div>
