4064 6290
267 410 375 464 965

1257 404 1322 458 IN
1363 400 1734 458 ΕυδΤΑΤιιιι
1774 398 2250 456 HEXAEMERON
2291 399 2524 456 NOT/E.

3403 398 3510 454 9‘66

267 527 414 596 poris
455 525 673 590 depasta
713 531 809 587 est,
858 521 987 576 adeo
1029 531 1084 574 ut
1113 537 1215 574 non
1260 519 1486 586 amplius
1514 518 1716 583 integra
1752 512 1842 566 sed
1870 517 1916 574 Α
1945 513 2167 584 signito,
2217 522 2368 584 tergo
2399 512 2653 575 caeruleo,
2693 511 2868 565 cauda
2913 510 3187 565 turbinata
3224 519 3386 582 alque
3420 516 3504 568 in-

269 615 496 670 dimidia
560 614 644 667 sui
697 621 846 680 parte
891 612 1138 665 mutilata
1187 609 1532 678 permanserit
1575 623 1592 660 :
1638 605 1835 659 idcirco

269 705 748 776 Aspidogorgonem
778 719 894 758 eam
924 702 1277 772 appellarunt.
1330 700 1420 754 Sic
1467 698 1608 768 apud
1669 696 1836 766 Spar-

268 799 478 852 tianunt
507 797 559 850 in
583 796 858 850 Antonino
887 794 1002 858 Pio,
1031 794 1184 848 Visus
1211 803 1285 847 est
1316 793 1368 845 in
1392 791 1592 844 Arabia
1612 790 1834 859 jubatus

269 888 458 958 anguis
479 887 652 955 major
677 885 866 950 solitis,
891 889 978 956 qui
1002 903 1055 940 se
1079 902 1110 938 a
1134 885 1304 938 cauda
1329 883 1555 937 medium
1587 881 1829 936 comedit.

271 979 482 1050 Saepius
508 992 593 1033 me
624 979 840 1032 memini
871 980 1108 1042 audisse,
1146 987 1198 1032 et
1222 978 1417 1047 vulgus
1439 978 1555 1032 sine
1588 976 1696 1030 ulla
1723 976 1833 1030 hae-

267 1071 524 1127 sitatione
557 1068 806 1134 affirmat,
837 1068 1148 1122 basiliscum
1193 1069 1345 1122 nasci
1373 1083 1435 1122 ex
1477 1082 1582 1121 ovo
1604 1067 1751 1136 galli,
1785 1067 1831 1120 si

267 1163 485 1233 quando
534 1176 563 1215 a
605 1162 816 1225 rubeta,
865 1176 959 1215 seu
1007 1161 1208 1215 bufone
1253 1160 1420 1214 lotum
1472 1160 1560 1214 sit.
1601 1158 1744 1212 Sane
1777 1157 1832 1212 id

268 1255 386 1310 sine
421 1255 585 1309 dubio
615 1266 820 1308 certum
849 1261 952 1316 est,
984 1260 1036 1306 et
1058 1253 1393 1323 experientia
1415 1251 1656 1322 quotidie
1682 1250 1833 1303 vide-

267 1361 390 1399 mus
421 1345 592 1416 gallos
619 1345 732 1414 jam
764 1351 919 1398 aetate
953 1341 1201 1398 defessos
1227 1358 1351 1397 cum
1382 1343 1616 1402 veneris,
1635 1342 1829 1395 virium

270 1437 663 1498 imbecillitate,
729 1450 904 1504 neque
950 1435 1186 1489 fructum
1238 1450 1415 1504 neque
1457 1450 1612 1489 usum
1661 1435 1830 1488 ullum

269 1529 526 1589 habeant.
557 1542 714 1581 ovum
744 1541 952 1596 parere,
982 1527 1283 1580 orbiculata
1313 1527 1503 1596 ﬁgura,
1538 1527 1720 1581 colore
1753 1528 1832 1579 lu-

268 1629 379 1685 teo,
429 1620 758 1685 ﬂavescenti,
808 1620 1006 1674 lurido.
1061 1617 1128 1672 Et
1176 1619 1329 1685 mihi,
1393 1618 1520 1672 dum
1578 1617 1833 1674 Lucaniae

264 1730 440 1777 eram,
470 1722 746 1770 ostensum
780 1712 898 1776 fuit,
949 1713 1002 1766 in
1038 1729 1147 1783 quo
1178 1723 1374 1782 praeter
1419 1713 1582 1769 hosce
1619 1714 1829 1769 colores

265 1808 622 1863 circumcirca
672 1804 840 1876 ligura
863 1809 1107 1874 quaedam
1140 1821 1206 1860 ex
1241 1806 1445 1860 cortice
1468 1807 1584 1861 ovis
1628 1806 1827 1860 exube-

1944 621 2112 659 curva
2139 646 2154 668 ,
2209 607 2356 660 hiatu
2409 606 2662 674 rictuque
2707 605 2821 660 oris
2864 619 2964 675 pro
2997 604 3242 674 corporis
3275 621 3480 678 proper

1938 699 2084 752 tione
2117 698 2403 752 immenso.
2440 697 2597 762 Quod
2628 697 2769 751 inter
2793 705 3075 767 serpentes
3113 697 3314 767 potius,
3341 715 3505 770 quam

1936 788 2224 845 basiliscos
2254 789 2596 844 referendum
2647 799 2749 853 est,
2796 804 2921 842 cum
2962 805 3061 843 nec
3095 789 3264 843 halitu
3317 800 3494 844 conta-

1934 880 2095 952 gione
2126 881 2382 944 alliciant,
2417 897 2514 936 nec
2547 888 2770 951 aspectu
2803 882 3340 937 necent'adorientes
3364 886 3506 950 agri.

1934 975 2103 1040 colas,
2139 975 2193 1028 ni
2226 975 2462 1045 regionis
2506 975 2652 1029 illius
2685 974 2857 1045 frigus
2888 977 3141 1045 aerisque
3175 986 3337 1042 .certa
3370 986 3501 1032 tem-

1933 1068 2111 1139 peries
2141 1083 2407 1122 venenum
2441 1067 2573 1121 illud
2617 1067 2692 1121 ita
2725 1082 3092 1138 compescere,
3135 1068 3506 1140 impedireque

1933 1177 2002 1216 ne
2041 1159 2352 1216 eﬂ'undatur
2400 1160 2666 1214 allirmare
2695 1158 2946 1213 velimus.
2999 1156 3155 1224 Quod
3203 1160 3259 1214 in
3294 1161 3506 1218 adustis

1932 1254 2242 1323 regionibus
2293 1252 2732 1322 torrentibusque
2775 1267 2882 1305 non
2915 1251 3177 1305 eveniret.
3203 1249 3503 1324 Oppianus,

1933 1340 2027 1393 lib.
2078 1355 2092 1394 ι
2142 1341 2363 1394 Ἀλιευτ
2393 1381 2408 1407 ,
2442 1340 2609 1411 piscis
2653 1339 2939 1410 cujusdam
2991 1340 3232 1396 basilisci
3286 1357 3507 1400 nomine

1933 1432 2204 1487 meminit.

2003 1523 2163 1584 lbid.,
2195 1523 2290 1577 lin.
2323 1523 2414 1577 28.
2458 1523 2567 1577 Ἰὀν
2595 1521 2752 1590 ἔχων
2788 1522 3080 1592 χαλεπώτ.
3109 1522 3183 1577 Ea
3214 1524 3376 1595 hujus
3407 1541 3503 1582 ve-

1933 1613 2059 1666 neni
2110 1614 2213 1677 vis,
2255 1620 2316 1665 ut
2369 1627 2479 1666 non
2531 1613 2706 1668 solum
2746 1620 2896 1667 tactu
2945 1614 3216 1679 absumat,
3255 1615 3351 1669 sed
3383 1632 3504 1670 eam

1933 1704 2095 1758 etiam
2123 1703 2288 1758 rebus
2321 1717 2350 1757 a
2383 1719 2442 1758 se
2473 1704 2814 1774 consumptis
2845 1704 3096 1774 pestifere
3123 1721 3318 1776 repens
3355 1707 3506 1778 inge-

1937 1805 2037 1858 rat,
2073 1795 2142 1848 ita
2167 1804 2226 1848 ut
2262 1803 2313 1848 et
2347 1795 2451 1849 illas
2479 1796 2644 1849 etiam
2678 1811 2944 1849 venenum
2980 1809 3240 1868 spargant
3267 1808 3322 1853 et
3359 1799 3500 1854 inte-

267 1917 398 1956 rans
446 1869 810 1969 spectabatur,
863 1869 1116 1967 tactuque
1159 1897 1359 1967 optime
1405 1897 1829 1968 dignoscebatur
1862 1869 1902 1923 Β
1933 1888 2152 1942 rimant.
2180 1887 2410 1950 Plinius,
2441 1887 2537 1942 lib.
2569 1903 2686 1952 vm,
2720 1903 2842 1958 cap.
2883 1889 2946 1943 2i
2991 1908 3002 1944 :
3038 1889 3312 1944 Creditum
3335 1907 3506 1960 quon-

267 1993 432 2046 variis
472 1990 697 2046 ﬂexibus
737 1990 1111 2059 contortisque
1153 1989 1298 2060 gyris
1346 1989 1401 2042 in
1454 1989 1679 2042 formam
1715 2004 1827 2043 ser-

266 2083 442 2154 pentis
490 2081 783 2145 desinens,
829 2081 1168 2148 relatumque
1215 2078 1318 2132 fuit
1363 2093 1526 2132 ovum
1576 2077 1709 2131 illud
1761 2093 1829 2132 ex

261 2175 404 2245 gallo
433 2182 642 2229 natum.
683 2170 826 2241 Ἐγὼ
856 2171 912 2224 δέ
947 2188 1029 2224 τοι
1060 2170 1120 2222 οὐ
1143 2168 1494 2240 ταχυπειθής,
1527 2184 1614 2222 me
1638 2183 1828 2222 eorum

261 2267 530 2322 inscitiam
561 2266 740 2319 mirari
773 2265 1055 2329 dicebam;
1088 2262 1202 2316 lieri
1235 2262 1380 2316 enim
1417 2276 1596 2330 posse,
1632 2267 1688 2314 ut
1710 2260 1827 2331 gal-

261 2360 347 2412 lus
391 2365 641 2427 pareret:
674 2355 749 2408 illi
802 2352 1245 2424 reprehensionis
1273 2355 1616 2422 impatientes
1643 2352 1829 2423 plures

260 2449 542 2503 adducunt
571 2454 739 2501 testes
771 2447 892 2500 aliis
916 2445 1074 2500 annis
1099 2444 1151 2498 id
1174 2447 1336 2500 etiam
1377 2443 1650 2510 evenisse,
1677 2453 1730 2498 et
1764 2444 1830 2498 il-

261 2542 344 2596 los
374 2555 495 2595 esse
529 2547 694 2594 testes
719 2539 770 2591 in
809 2539 909 2591 hoc
939 2537 1202 2598 oculatos,
1227 2545 1280 2591 et
1313 2535 1414 2591 (ide
1442 2536 1654 2606 dignos.
1688 2535 1827 2590 Dum

259 2633 442 2687 adhuc
473 2632 768 2695 obstarem,
803 2637 857 2683 et
903 2628 1058 2699 quasi
1104 2643 1290 2682 eorum
1332 2626 1454 2683 ﬁdei
1487 2636 1830 2699 contemptor

260 2728 464 2781 abirem
498 2739 724 2778 aversus
744 2765 758 2787 ,
789 2723 1119 2778 contrahunt
1150 2731 1375 2787 vestem,
1406 2724 1567 2793 vique
1609 2731 1826 2793 raptum

261 2826 483 2883 cogunt,
519 2825 578 2872 ut
625 2832 731 2870 una
779 2816 1151 2886 procederem.
1203 2814 1340 2880 Quid
1386 2815 1659 2870 facerem?
1696 2831 1826 2886 pro-

260 2911 425 2974 cessi,
475 2914 692 2963 domutu
747 2909 798 2961 in
849 2923 957 2978 quo
987 2908 1161 2976 gallus
1209 2916 1347 2970 erat,
1427 2908 1734 2971 invisimus,
1773 2915 1828 2962 et

259 3016 418 3055 ovum
455 2999 598 3054 unde
629 2999 962 3053 abstulerant
1003 2997 1300 3067 deponunt.
1332 2997 1518 3054 Gallus
1548 2999 1639 3068 qui
1681 2998 1828 3054 vide-

260 3093 421 3147 batur
461 3093 648 3147 nescio
679 3091 952 3162 quomodo
988 3094 1261 3147 turbatus.
1291 3092 1471 3146 statim
1509 3091 1692 3160 agnito
1713 3090 1825 3144 fetu

259 3184 545 3246 acclamat,
595 3185 850 3247 accurrit,
905 3189 1081 3236 rostro
1119 3182 1276 3251 quasi
1317 3181 1666 3242 deosculans,
1724 3181 1826 3234 alis

260 3276 514 3345 expansis
570 3275 952 3345 superinsedit.
1014 3273 1374 3328 Discedimus.
1420 3274 1552 3327 Post
1603 3272 1824 3326 tertium

259 3367 401 3422 diem
436 3367 632 3422 accedo
663 3376 885 3422 vocatus
909 3385 919 3418 :
941 3367 1116 3435 gallus
1144 3380 1304 3419 ovum
1337 3364 1571 3431 fovebat,
1600 3363 1706 3417 cibi
1729 3377 1827 3432 po-

260 3468 455 3529 tusque
489 3461 804 3524 immemor;
854 3473 1131 3528 nunquam
1173 3458 1265 3511 illo
1306 3456 1485 3510 triduo
1516 3456 1707 3511 cistam
1740 3471 1827 3510 re-

261 3552 513 3620 liquerat.
568 3550 641 3604 Eo
690 3552 880 3617 minis},
937 3548 1240 3618 baculoque
1284 3547 1510 3617 depulso
1558 3563 1720 3601 ovum
1769 3545 1825 3600 in

263 3641 536 3694 fornacem
575 3639 845 3707 abjicitur.
894 3639 1118 3692 Pariunt
1167 3639 1350 3707 itaque
1383 3638 1531 3707 galli,
1579 3644 1632 3690 et
1669 3637 1823 3689 incu-

262 3735 410 3788 bant.
443 3730 642 3786 Verum
684 3746 749 3784 an
783 3745 845 3784 ex
889 3731 978 3782 illa
1017 3729 1366 3783 incubatione
1414 3727 1702 3782 basiliscos
1743 3725 1825 3794 gi-

259 3822 549 3896 gneretur?
597 3820 837 3875 Dicerem
879 3821 1099 3890 aliquod
1129 3819 1350 3882 animal,
1383 3819 1547 3888 idque
1589 3833 1826 3872 veneno-

260 3930 381 3970 sum
411 3915 646 3985 prodire,
696 3928 820 3966 cum
867 3913 1043 3982 putris
1073 3913 1161 3965 illa
1198 3911 1443 3974 materia,
1475 3926 1596 3980 qme
1632 3911 1684 3963 in
1721 3925 1825 3964 ovo

260 4007 408 4073 latet,
457 4015 710 4060 concreta
743 4005 795 4059 id
839 4005 1036 4059 habeat
1085 4005 1230 4074 quod
1278 4003 1478 4057 similia
1534 4001 1821 4071 producat,

259 4115 380 4170 qua:
406 4107 459 4154 et
492 4099 618 4168 galli
652 4098 846 4164 halitu,
895 4097 975 4151 vel
1007 4097 1230 4149 alterius
1268 4095 1562 4149 animantis
1593 4094 1824 4147 animari

259 4207 420 4264 posse
457 4208 561 4245 non
594 4191 803 4255 dubito,
835 4197 893 4244 ut
921 4189 1167 4244 videmus
1200 4189 1252 4242 in
1287 4189 1374 4250 iis,
1407 4203 1526 4258 quae
1553 4205 1618 4242 ex
1645 4187 1822 4256 putri-

259 4287 344 4342 dis
395 4286 715 4354 corporibus
768 4293 1122 4338 enascuntur.
1175 4283 1355 4348 Quare
1408 4289 1461 4336 et
1514 4296 1612 4335 sua
1665 4281 1823 4335 laude

259 4377 480 4447 dignum
511 4386 594 4432 est
610 4375 985 4448 Egyptiorum
1018 4376 1319 4439 inventum,
1349 4375 1441 4444 qui
1475 4375 1594 4429 ovis
1623 4374 1823 4427 ibidem

259 4467 606 4534 insidiantur,
639 4478 958 4538 repertaque
990 4467 1265 4536 frangunt,
1297 4480 1365 4520 ne
1401 4466 1623 4520 noxium
1665 4465 1823 4534 quid-

259 4563 400 4634 piam
421 4563 541 4617 inde
562 4565 738 4618 trahat
754 4564 1036 4634 originem,
1070 4562 1204 4625 sive,
1223 4571 1280 4613 ut
1297 4561 1398 4630 ipsi
1413 4561 1820 4625 existimabant,

261 4656 568 4712 basiliscos.
629 4654 841 4710 Etenim
877 4671 998 4708 cum
1029 4655 1200 4710 ibides
1231 4663 1545 4708 venatorum
1576 4653 1819 4707 venatio-

260 4749 420 4802 nibus
455 4747 743 4818 gaudeant,
793 4746 1245 4817 serpentibusque
1276 4744 1653 4811 inferciantur,
1687 4745 1818 4799 nulli

259 4841 481 4896 dubium
515 4839 802 4911 aliquando
850 4856 915 4894 ex
961 4855 1148 4894 eorum
1179 4839 1296 4893 ovis
1342 4838 1658 4908 pestiferum
1689 4837 1819 4908 quid

260 4934 618 4988 nasciturum.
668 4931 902 4987 Consule
951 4930 1412 5002 Theophylactum
1461 4931 1816 4992 Simocatum,

261 5023 327 5090 ρ.
379 5033 513 5087 uat.,
545 5030 740 5093 quaest.
785 5022 869 5086 l4,
917 5023 1061 5091 Ποῐῳ
1103 5020 1244 5089 λόγῳ
1278 5018 1347 5071 τὰ
1401 5018 1508 5071 τῶν
1545 5018 1703 5070 ἴϐεων
1737 5017 1819 5070 ibi:

259 5116 619 5188 εὐχερέστατα
652 5115 893 5168 τίκτουσι
931 5112 1276 5184 βασιλίσκους
1307 5111 1492 5180 δφεις;
1532 5110 1704 5164 Aliam
1737 5120 1822 5164 ta-

259 5226 380 5264 men
409 5209 648 5263 basilisci
677 5207 1073 5279 generationem
1117 5211 1306 5258 narrat
1349 5205 1435 5259 hic
1479 5204 1817 5258 Eustathius.

258 5302 529 5372 Quidquid
562 5309 739 5356 tamen
765 5301 855 5362 sit,
881 5299 1126 5355 historici
1161 5299 1379 5352 tradunt
1410 5299 1532 5352 illos
1563 5298 1617 5350 in
1640 5296 1819 5350 Africa

256 5395 526 5467 generari,
555 5402 608 5450 et
648 5393 871 5447 torridis
908 5392 1014 5446 illis
1050 5391 1363 5461 regionibus
1406 5389 1663 5444 nidulari.
1712 5387 1819 5443 Re-

259 5490 360 5544 l'ert
387 5487 621 5542 Levinus
640 5485 915 5545 Lemnius,
937 5484 1012 5538 De
1034 5489 1222 5538 occult.
1258 5492 1370 5538 nat.
1405 5484 1592 5536 mirae.
1616 5482 1712 5536 lib.
1743 5498 1816 5548 tv,

256 5598 374 5654 cap.
409 5582 496 5646 i2,
533 5584 588 5636 in
634 5557 870 5635 Saxonia
919 5579 1156 5635 basilisci
1203 5578 1476 5650 quoddam
1519 5592 1688 5648 genus
1724 5577 1818 5631 sil-

257 5682 434 5728 vestre
464 5673 666 5742 passim
716 5670 980 5740 conspici,
1032 5670 1208 5738 capite
1250 5669 1583 5736 acuminata,
1635 5669 1819 5723 colore

257 5765 412 5828 llavo,
441 5767 774 5836 longitudine
804 5763 1128 5836 dodrantali,
1153 5763 1409 5818 inusitata
1431 5761 1815 5826 crassitudine,

257 5869 440 5917 ventre
486 5863 781 5928 maculoso,
832 5860 1124 5931 multisque
1171 5857 1417 5914 candidis
1470 5857 1686 5928 punctis
1733 5858 1818 5912 in-

1852 3233 1900 3296 C

1930 1980 2057 2034 dam
2099 1995 2164 2033 ea:
2210 1995 2338 2049 equo
2370 1981 2540 2033 occiso
2586 1979 2763 2044 hasta,
2797 1989 2848 2034 et
2885 1997 2976 2050 per
3005 1999 3121 2035 eam
3165 1983 3414 2037 subeunte
3453 1986 3503 2038 vi

1933 2089 2034 2126 non
2075 2073 2296 2142 equitem
2338 2066 2631 2125 modo‘sed
2686 2089 2872 2142 equum
2902 2090 3101 2143 quoque
3146 2074 3500 2144 absumptum.

1932 2165 2206 2229 Elianus,
2259 2167 2353 2221 lib.
2401 2183 2436 2220 ll
2482 2166 2560 2220 De
2601 2167 2728 2221 hist.
2763 2168 2950 2230 anim.,
2985 2183 3106 2234 cap.
3145 2168 3197 2229 5,
3235 2169 3296 2220 Et
3330 2169 3384 2220 δὲ
3411 2170 3504 2224 ἄν-

1933 2257 2149 2326 Opto-iro;
2192 2255 2410 2326 κατέχει
2463 2255 2678 2325 ῥάϐδον,
2705 2251 2828 2307 ἐἶτα
2859 2257 3062 2326 ταύτην
3084 2258 3290 2320 ἐκεῖνος
3339 2256 3499 2331 δάκῃ,

1930 2347 2189 2418 τέθνηκεν
2213 2349 2240 2401 ὁ
2264 2346 2450 2419 κύριος
2481 2347 2582 2418 τῆς
2613 2347 2798 2416 λύγου.

2006 2433 2166 2497 Ibid.,
2220 2435 2315 2488 lin.
2367 2434 2456 2488 29.
2525 2435 2617 2501 Ὡς
2667 2436 2763 2489 καὶ
2821 2437 2938 2491 ἀπὸ
2983 2438 3196 2507 μόνον.
3241 2436 3502 2509 Superius

1930 2525 2189 2590 diximus,
2226 2527 2541 2583 basiliscum
2572 2528 2690 2584 solo
2728 2531 3013 2583 oculorum
3056 2539 3278 2600 aspectu
3325 2534 3501 2587 homi-

1929 2619 2092 2673 nibus
2140 2635 2324 2673 necem
2377 2621 2599 2682 inferre,
2649 2623 2816 2676 variis
2857 2621 3100 2676 historiis
3130 2623 3181 2676 id
3216 2624 3503 2680 referenti-

1930 2711 2051 2765 bus.
2082 2709 2410 2766 Franciscus
2441 2710 2731 2774 Vallesius,
2761 2712 2838 2766 De
2872 2731 3033 2768 sacra
3059 2715 3352 2786 plu'losoph.
3377 2733 3496 2788 cap.

1929 2801 2020 2868 68,
2051 2803 2165 2857 haec
2195 2803 2441 2858 fabulosa
2474 2820 2596 2859 esse
2627 2806 2927 2870 contendit,
2955 2823 3056 2861 nec
3087 2824 3248 2877 posse
3303 2809 3499 2864 adduci

1931 2903 1990 2948 ut
2027 2897 2232 2950 credat.
2263 2895 2418 2962 Quod
2459 2897 2664 2952 dictum
2708 2913 2870 2968 quam
2900 2900 2972 2954 sit
3014 2900 3067 2953 in
3102 2901 3218 2954 vico
3261 2902 3502 2972 philoso-

1929 2988 2038 3057 pho
2076 2989 2340 3059 ineptum,
2373 3007 2482 3045 non
2526 3001 2611 3046 est
2644 3007 2781 3062 opus
2815 2995 3003 3049 multis
3045 2997 3337 3064 explicare,
3373 3011 3498 3050 cum

1930 3082 2231 3138 rationibus
2253 3092 2306 3137 et
2334 3086 2708 3154 experientiis,
2740 3101 2846 3139 non
2875 3087 3199 3158 pertinacia,
3221 3103 3328 3142 non
3356 3091 3500 3161 igna-

1929 3172 2013 3227 via
2046 3175 2102 3228 in
2144 3175 2305 3230 rebus
2334 3177 2576 3248 physicis
2604 3178 2871 3248 agendum
2903 3181 2990 3234 sit.
3024 3177 3134 3233 Nec
3171 3180 3382 3236 videtur
3411 3199 3499 3237 sa-

1931 3267 2127 3336 pientis
2163 3269 2216 3321 id
2247 3284 2387 3334 esse,
2447 3269 2575 3323 dum
2631 3287 2689 3326 se
2739 3273 2966 3341 opponit
3013 3273 3302 3328 dillicultas
3333 3290 3495 3344 quam

1929 3374 2039 3413 non
2070 3359 2340 3429 intelligit,
2373 3360 2520 3414 illico
2550 3370 2809 3431 tanquam
2843 3364 3111 3426 fabulosa,
3144 3380 3264 3434 qua:
3287 3365 3356 3419 ab
3376 3366 3497 3420 aliis

1927 3466 2036 3504 uno
2095 3466 2365 3507 consensu
2423 3453 2714 3519 dicuntur,
2777 3454 3020 3523 rejicere.
3094 3454 3199 3510 Sed
3255 3466 3315 3509 ut
3379 3457 3496 3510 haec

1927 3545 2154 3614 quaestio
2203 3544 2398 3600 habeat
2448 3546 2624 3600 lucem
2674 3548 2935 3617 aliquam,
2970 3550 3366 3604 consideranda
3413 3560 3498 3606 est

1926 3652 2092 3692 causa
2137 3653 2258 3708 quae
2307 3637 2601 3693 Vallesium
2651 3641 2899 3709 impulit,
2958 3651 3016 3694 ut
3066 3643 3180 3696 haec
3240 3651 3494 3713 tanquam

1926 3722 2060 3777 falsa
2091 3723 2393 3777 damnaret.
2427 3723 2562 3776 Cum
2588 3723 2734 3778 enim
2785 3735 2969 3795 ageret
3006 3726 3073 3781 de
3110 3726 3494 3793 fascinatione,

1925 3827 2028 3866 nec
2077 3829 2266 3868 eorum
2301 3814 2608 3884 opinionem
2647 3814 2809 3868 vellet
2851 3815 3158 3880 admittere,
3200 3820 3293 3888 qui
3334 3818 3497 3873 lasci-

1925 3907 2198 3960 nationem
2219 3905 2332 3960 ﬁeri
2363 3906 2618 3961 dicebant
2639 3909 2963 3963 exeuntibus
2985 3909 3203 3964 visoriis
3235 3911 3422 3974 radiis,
3442 3918 3495 3965 et

1925 4013 2046 4052 cum
2079 3997 2163 4052 his
2195 3998 2394 4051 delerri
2429 4014 2658 4068 vapores
2676 4015 2995 4066 venenosos,
3015 4017 3136 4071 quas
3164 4002 3351 4071 opinio
3381 4018 3490 4057 non

1924 4089 2205 4144 videbatur
2234 4090 2309 4144 illi
2344 4091 2672 4157 communis,
2697 4093 2791 4146 sed
2823 4101 3031 4146 tantum
3056 4091 3489 4157 Platonicoa-um,

1927 4196 1995 4235 ne
2029 4191 2330 4251 cogeretur,
2365 4183 2613 4252 quamvis
2639 4184 2753 4254 ipse
2775 4183 2828 4238 id
2859 4199 2967 4238 non
3004 4185 3256 4255 attingat,
3290 4188 3344 4240 in
3371 4203 3492 4241 eam

1926 4275 2004 4330 ire
2052 4275 2398 4340 sententiam,
2438 4277 2484 4331 si
2532 4277 2775 4332 basilisci
2814 4293 3154 4332 venenosum
3211 4287 3491 4349 aspectum

1924 4368 2266 4432 concederet,
2329 4367 2572 4422 fabulosa
2622 4384 2745 4423 esse
2774 4385 2893 4438 qua:
2941 4369 3008 4425 de
3052 4369 3309 4425 basilisco
3354 4371 3490 4424 tanti

1923 4459 2026 4512 viri
2081 4459 2421 4513 tradiderunt
2467 4459 2767 4516 contendit.
2817 4459 2971 4526 Quod
3013 4462 3260 4531 quamvis
3304 4472 3492 4517 contra

1855 4571 1898 4626 ι)
1928 4551 2232 4607 Aristotelis
2260 4553 2586 4605 sententiam
2610 4551 2797 4606 nescio
2831 4555 3108 4621 quomodo
3143 4554 3321 4609 facere
3348 4555 3489 4610 vide-

1931 4651 2036 4707 tur,
2079 4651 2258 4696 tamen
2310 4657 2411 4696 nec
2457 4641 2857 4697 Platonicorum
2886 4645 3070 4712 opinio
3114 4645 3489 4707 conﬁrmatur,

1927 4750 2027 4790 nec
2059 4733 2538 4805 Peripateticorum
2589 4733 2872 4789 refellitur.
2925 4735 3218 4790 Basiliscus
3258 4751 3492 4808 namque

1927 4843 2034 4883 non
2071 4827 2362 4883 emissione
2390 4827 2689 4888 radiorum,
2715 4827 2916 4895 quibus
2952 4835 3208 4895 tanquam
3231 4829 3492 4883 vehiculis

1927 4935 2193 4974 venenum
2242 4927 2297 4973 et
2336 4933 2478 4972 noxa
2510 4919 2625 4972 viso
2655 4916 2952 4980 deferatur,
2991 4918 3083 4972 sed
3119 4918 3342 4974 humido
3366 4937 3492 4974 ocu-

1928 5011 2122 5073 lorum,
2154 5009 2210 5063 in
2242 5024 2350 5079 quo
2379 5018 2635 5078 tanquam
2671 5007 2918 5077 subjecto
2962 5024 3228 5062 venenum
3269 5019 3370 5074 est,
3408 5011 3491 5064 iu-

1928 5103 2038 5156 ﬁcit
2068 5117 2216 5166 aera,
2247 5111 2301 5156 et
2330 5117 2424 5171 per
2460 5101 2607 5154 illum
2652 5100 2946 5163 hominem,
2976 5109 3030 5154 et
3071 5113 3323 5172 aspectus
3364 5110 3489 5154 tan-

1927 5202 2041 5247 tum
2076 5193 2369 5262 requiritur
2413 5201 2470 5245 ut
2503 5191 2702 5262 dirigat
2742 5193 2873 5245 illud
2914 5208 3180 5246 venenum
3224 5192 3278 5246 in
3309 5192 3486 5245 homi-

1926 5303 2050 5342 nem
2100 5302 2257 5356 quem
2300 5285 2463 5340 videt.
2517 5283 2661 5338 Nulli
2717 5285 2859 5339 enim
2895 5283 3118 5338 dubium
3151 5299 3274 5340 esse
3304 5283 3483 5343 debet,

1927 5385 2030 5439 hoc
2064 5383 2264 5436 animal
2295 5397 2451 5437 suum
2477 5384 2814 5454 pestilentem
2844 5382 3092 5448 halitum,
3136 5397 3243 5434 non
3274 5388 3483 5434 tantum

1926 5494 2086 5549 quem
2125 5492 2218 5533 ore
2265 5477 2454 5546 spirat,
2497 5477 2586 5533 sed
2619 5485 2672 5532 et
2706 5491 2865 5546 quem
2913 5483 3028 5529 toto
3059 5489 3283 5543 corpore
3319 5472 3484 5528 exha-

1926 5573 2020 5633 lat,
2077 5571 2352 5627 effundere
2402 5571 2756 5625 circumcirca
2807 5584 2901 5637 per
2947 5576 3116 5621 totum
3167 5581 3344 5620 aerem
3375 5580 3486 5619 am-

1925 5667 2182 5727 bientem,
2231 5680 2460 5734 eumque
2500 5665 2737 5719 inlicere.
2779 5659 3052 5729 Singulari
3096 5667 3275 5710 tamen
3321 5658 3482 5713 modo

1924 5760 2204 5815 oculorum
2235 5767 2406 5822 motu,
2441 5771 2616 5810 aerem
2650 5766 3011 5812 commovere,
3044 5759 3098 5804 et
3129 5749 3482 5820 perniciosio-

1923 5870 2038 5910 rem
2069 5851 2312 5907 redderc.
2353 5848 2458 5905 Sed
2489 5848 2654 5902 multa
2693 5845 2935 5901 fabulosa
2985 5850 3038 5901 et
3072 5842 3196 5900 ﬁcta
3223 5843 3479 5920 Vallesio,
