4064 6290
572 338 674 392 155

1867 333 2113 392 LEO’NIS
2147 331 2418 388 ALLATII

3693 322 3823 378 956

575 454 804 523 aquilam
836 469 997 526 quam
1028 454 1179 511 lovis
1212 457 1575 529 appellarunt,
1598 470 1790 512 carnes
1833 471 1942 511 non
1973 456 2137 511 attin-
2169 460 2205 517 Α
2237 465 2428 509 auctor
2466 461 2651 508 noster
2702 452 2892 508 scribit
2930 465 3090 506 nemo
3123 464 3234 505 non
3277 448 3442 511 videt,
3480 461 3604 502 cum
3638 446 3813 501 illum

572 561 715 615 gere,
749 545 844 602 sed
867 546 1086 602 herbam
1111 547 1159 602 ei
1200 549 1266 603 ad
1297 550 1502 604 victum
1531 548 1666 604 satis
1696 562 1837 606 esse.

640 636 799 703 lbid.,
848 638 944 692 lin.
1005 639 1095 695 55.
1153 641 1326 695 Ἔστι
1359 640 1428 694 δὲ
1465 638 1609 701 ζῶον
1643 639 1979 710 χαραδριός.
2012 639 2135 696 [iam

573 729 841 786 Eustathii
877 743 1004 788 ante
1034 734 1226 791 oculos
1274 735 1493 790 videtur
1536 735 1793 790 habuisse
1825 736 2006 789 omnia
2034 734 2135 790 Pe-

571 827 687 875 trus
713 820 1028 886 Damianus,
1051 823 1179 878 dum
1211 824 1306 878 lib.
1345 839 1406 889 ll,
1442 824 1602 894 epist.
1636 824 1724 889 18,
1751 825 1818 879 de
1847 825 2135 879 charadrio

570 912 906 982 loqueretur.
940 913 1117 984 Hujus
1145 915 1495 986 proprietatis
1526 930 1748 970 causam
1771 915 1948 970 reddit
1966 914 2137 971 Theo-

568 1004 857 1076 phylactus
908 1004 1219 1063 Simocatus
1272 1007 1329 1062 in
1383 1007 1586 1073 Quwst.
1632 1018 1769 1074 nat.,
1823 1018 2016 1078 quaest.
2048 1009 2133 1073 l5,

567 1112 692 1169 pag.
724 1096 812 1153 18.
849 1095 928 1151 lta
958 1106 1185 1155 vocatus
1213 1100 1321 1153 ἀπὸ
1347 1099 1439 1153 τοῦ
1468 1099 1567 1162 τὰς
1604 1099 1879 1171 χαράδρας
1927 1100 2134 1172 διατρί-

569 1186 718 1252 ϐειν,
764 1202 831 1243 ex
877 1185 1182 1244 Scboliaste
1233 1189 1639 1259 AristOphanis,
1699 1198 1755 1244 et
1790 1190 2133 1254 Aristotcles,

569 1277 663 1332 lib.
701 1293 776 1340 Ix,
808 1292 929 1348 cap.
961 1277 1049 1342 11,
1084 1278 1195 1341 Τὰς
1220 1278 1277 1331 δὲ
1305 1280 1547 1349 οἰκήσεις
1573 1281 1602 1332 ὁ
1628 1280 1724 1351 μὲν
1748 1280 1876 1352 περὶ
1902 1281 1999 1346 τὰς
2036 1298 2134 1351 χα-

570 1369 790 1441 ράδρας,
823 1371 873 1423 οἱ
916 1369 973 1424 δὲ
1004 1373 1286 1441 χηραμοὺς
1323 1371 1615 1435 ποιοῦνται,
1653 1374 1745 1426 καὶ
1774 1373 1995 1445 πέτρας,
2024 1371 2136 1428 οἷον

566 1465 596 1517 ὁ
621 1462 948 1534 καλούμενος
974 1464 1281 1537 χαραδριός.
1315 1464 1469 1519 Hunc
1502 1464 1766 1520 bitumine
1798 1467 1980 1522 necari
2010 1482 2138 1522 nar-

567 1561 656 1610 rat
682 1553 948 1616 IElianus,
986 1556 1079 1610 lib.
1112 1572 1187 1621 vr,
1224 1555 1301 1610 De
1331 1557 1518 1614 histor.
1551 1559 1796 1622 animal.,
1844 1560 2007 1630 capit.
2041 1560 2132 1616 46.

641 1643 802 1701 lbiil..
830 1662 880 1715 p.
913 1647 1000 1700 54.
1026 1649 1396 1715 Λευκότατος
1424 1648 1498 1702 δι’
1519 1649 1687 1704 ὅλου.
1722 1650 2056 1721 Epiphanius
2081 1653 2135 1707 in

572 1735 893 1806 Physioloyo
915 1777 930 1800 ,
965 1753 1084 1808 cap.
1114 1738 1204 1801 25,
1255 1740 1309 1793 ’0
1345 1741 1659 1810 φυσιολόγος
1691 1742 1835 1808 ἔλεξε
1866 1745 1993 1815 περὶ
2017 1745 2138 1798 τού-

568 1841 684 1890 του,
734 1826 814 1879 ὅτι
855 1826 973 1880 ὅλον
1007 1827 1195 1881 λευκόν
1220 1831 1356 1894 ἐστι,
1388 1831 1521 1901 μηδὲ
1553 1832 1686 1896 ὅλως
1714 1833 1968 1904 μελανίαν
1993 1834 2132 1905 ἔχον.

566 1919 924 1985 Aristoteles,
986 1922 1107 1976 libr.
1174 1938 1224 1975 ιιι
1279 1923 1354 1976 De
1393 1924 1578 1977 histor.
1621 1926 1838 1978 animal.
1892 1941 2011 1997 cap.
2046 1928 2133 1990 11,

569 2023 726 2063 avem
788 2010 927 2063 hanc
978 2026 1201 2081 pravam
1241 2020 1297 2066 et
1335 2014 1539 2080 colore,
1584 2024 1638 2069 et
1675 2030 1808 2070 voce
1846 2018 1940 2079 ait,
1971 2026 2135 2072 noctu

570 2116 851 2171 apparere,
900 2101 993 2157 diu
1042 2103 1323 2174 aulugerc.
1388 2102 1642 2161 Albertus
1685 2121 1808 2161 cum
1853 2106 2138 2166 Eustathio

568 2192 757 2258 sentit,
798 2201 853 2248 et
892 2194 1070 2248 albam
1104 2210 1226 2250 esse
1266 2203 1435 2249 totam
1466 2203 1718 2253 testatur.

638 2282 754 2338 Ibid
785 2326 799 2352 ,
851 2284 952 2339 lin.
996 2285 1064 2340 59
1095 2304 1108 2341 :
1144 2287 1328 2340 Ὅταν
1376 2285 1487 2357 γάρ
1540 2305 1746 2357 φασιν.
1807 2289 2136 2360 Epiphanius

568 2376 716 2431 dicto
746 2380 897 2433 lovo:
931 2379 1040 2433 Καὶ
1077 2380 1168 2433 ἐάν
1192 2395 1276 2441 τις
1301 2380 1501 2449 νοσῇ,ἡ
1532 2378 1684 2442 νόσος
1702 2379 1795 2434 τοῦ
1828 2380 2133 2453 ἀνθρώπου,

567 2469 616 2520 εἰ
647 2466 791 2522 ἔστιν
817 2472 896 2533 εἰς
925 2468 1171 2531 θάνατον,
1204 2468 1533 2541 ἀποστρέφει
1582 2470 1690 2523 ἀπὸ
1730 2471 1824 2525 τοῦ
1856 2473 2136 2537 νοσοῦντος

566 2559 630 2613 τὸ
662 2558 947 2630 πρόσωπον
971 2560 1131 2613 αὑτοῦ
1164 2562 1191 2613 ὁ
1225 2560 1532 2631 χαραδριὸς,
1556 2561 1650 2614 ἐὰν
1682 2561 1789 2632 δὲὴ
1818 2563 1970 2626 νόσος
2001 2564 2135 2636 πρὸς

570 2648 716 2720 ζωήν
743 2653 909 2710 ἐστιν.
938 2649 1173 2714 ἁτενίζει
1195 2652 1287 2705 τὸν
1313 2652 1569 2705 νοσοῦντα
1593 2654 1620 2705 ὁ
1648 2654 1956 2725 χαραδριὸς,
1982 2656 2075 2708 καὶ
2106 2657 2135 2709 ὁ

570 2740 740 2794 νοσῶν
787 2741 878 2795 τὸν
926 2742 1106 2796 αὐτόν.
1153 2742 1270 2797 Νοη
1329 2743 1614 2799 dissimilia
1662 2744 1828 2799 refert
1858 2746 2131 2809 Albertus,

574 2843 766 2888 auctor
811 2848 1115 2905 anonymus
1157 2835 1359 2891 Psalm.
1385 2829 1658 2893 comment.
1690 2839 1882 2909 psalm.
1917 2854 2132 2905 Lxxxiv,

573 2939 754 2988 versu,
787 2923 919 2979 Deus
943 2935 998 2979 tu
1019 2942 1293 2981 conversus
1316 2929 1600 2998 viviﬁcabis
1621 2947 1735 2994 nos,
1751 2943 1803 2986 et
1827 2931 1915 2984 alii
1946 2946 2132 3003 recen-

568 3018 758 3073 tiores.
814 3016 983 3089 Magis
1031 3033 1320 3074 commune
1368 3029 1546 3077 tamen
1585 3031 1667 3078 est
1717 3023 1985 3077 charadrii
2016 3038 2136 3092 pro-

2236 563 2481 617 parvum,
2498 546 2634 601 haedi
2668 545 3050 616 auagnitudine,
3064 544 3257 598 eximia
3281 542 3597 613 pernicitate
3620 548 3675 595 et
3701 554 3815 593 ve-

2233 639 2527 706 hementia,
2556 653 2728 694 cornu
2766 638 2821 691 in
2852 637 3164 692 summitate
3207 634 3402 704 capitis
3430 633 3616 700 unico,
3645 630 3811 687 dicat.

2233 747 2373 787 esse.

2302 821 2461 885 lbid.,
2485 822 2580 875 lin.
2614 820 2703 875 46.
2738 820 3093 891 Δριμύτατον
3112 817 3363 888 σφόδρα.
3386 814 3538 870 Phile
3563 814 3618 869 in
3648 812 3806 868 Iam-

2234 914 2345 977 bis,
2390 913 2456 968 ad
2512 926 2744 983 pugnam
2800 911 3303 982 promptitudinem,
3363 924 3430 963 ex
3480 907 3804 961 vulneribus

2233 1008 2354 1060 aliis
2382 1006 2748 1060 animantibus
2781 1004 3043 1074 pericula,
3069 1017 3238 1056 cornu
3288 1000 3448 1069 quale
3486 998 3579 1058 sit,
3617 997 3803 1067 ipsum

2233 1098 2452 1160 animal,
2485 1095 2754 1167 quomodo
2803 1102 3152 1149 mansuescat
3201 1093 3387 1146 multis
3424 1088 3802 1160 prosequitur.

2231 1189 2401 1260 Negat
2434 1197 2612 1244 tamen
2642 1187 3043 1243 Vartomannus
3076 1187 3308 1242 ferocem
3338 1199 3482 1238 esse.

2304 1281 2465 1346 lbid.,
2489 1282 2583 1335 lin.
2607 1280 2695 1335 51.
2728 1281 2899 1334 Ἔστι
2921 1277 2989 1331 δὲ
3010 1275 3152 1339 ζῶον
3188 1276 3577 1342 καλούμενον.
3602 1269 3807 1325 Petrus

2235 1372 2528 1428 Damianus
2562 1372 2684 1426 libr.
2726 1387 2787 1434 ιι,
2818 1370 2977 1440 epist.
2999 1384 3129 1423 xvm
3162 1367 3229 1421 ad
3259 1365 3597 1421 Desiilerium
3626 1362 3801 1416 abba-

2236 1470 2365 1526 tem,
2402 1460 2593 1516 Castor
2635 1461 2809 1530 itaque
2850 1476 2967 1514 cum
2997 1475 3050 1513 se
3081 1458 3214 1512 videt
3256 1474 3287 1510 a
3326 1464 3565 1510 venatore
3590 1464 3807 1521 propter

2234 1553 2486 1625 genitalia
2520 1554 2777 1624 persequi,
2811 1550 2921 1607 han:
2960 1552 3224 1605 mordicus
3273 1548 3556 1607 abscindit.
3586 1556 3633 1603 et
3678 1555 3809 1599 ante

2236 1646 2496 1701 venatoris
2547 1645 2734 1708 faciem
2787 1644 3017 1713 projicit.
3054 1643 3144 1697 Sic
3174 1642 3313 1695 illico
3342 1652 3553 1696 uenator
3579 1638 3804 1701 accedit,

2236 1735 2360 1789 dum
2391 1734 2444 1789 id
2474 1745 2686 1804 propter
2706 1733 2841 1805 quod
2870 1750 2986 1788 eum
3019 1730 3418 1802 persequebatur
3447 1730 3687 1784 extorsit.
3735 1727 3805 1782 Si

2236 1844 2355 1881 vero
2407 1827 2702 1896 contigerit,
2744 1836 2798 1879 ut
2850 1826 2984 1880 alter
3029 1842 3145 1880 eum
3190 1840 3371 1877 cursus
3420 1831 3631 1877 uenator
3666 1822 3808 1874 inve-

2237 1918 2370 1978 niat.
2411 1932 2627 1986 eumque
2674 1917 2850 1970 acrius
2900 1926 2948 1968 et
2982 1916 3265 1968 instantius
3303 1929 3630 1983 persequens,
3674 1927 3803 1965 eua-

2236 2004 2393 2059 dendi
2435 2006 2639 2059 aditum
2667 2005 2898 2074 jamjam
2931 2004 3204 2073 desperare
3252 2004 3546 2072 compellat,
3571 2004 3625 2056 in
3652 2011 3808 2057 arcto

2235 2100 2369 2155 situs
2408 2100 2465 2153 in
2504 2116 2560 2153 os
2593 2116 2645 2153 se
2675 2099 2935 2153 venatoris
2968 2099 3120 2169 erigit
3170 2097 3367 2167 sibique
3396 2097 3570 2150 deesse
3603 2095 3802 2158 virilia,

2234 2201 2444 2262 propter
2467 2208 2583 2262 qua:
2636 2204 2961 2263 perurgetur,
3010 2190 3255 2245 ostendit.
3297 2190 3386 2245 Sic
3439 2188 3502 2242 ab
3533 2189 3800 2241 insectana

2237 2293 2304 2338 tis
2335 2285 2586 2337 venabulo
2632 2282 2884 2337 liberatur
2908 2281 3032 2335 dum
3071 2280 3293 2335 ostendit
3315 2279 3415 2335 sabi
3459 2279 3631 2333 deesse
3661 2279 3802 2349 quod

2234 2377 2507 2447 quwritur.
2566 2374 2798 2438 Plinius,
2857 2375 2951 2428 lib.
2987 2388 3105 2438 Vl'l,
3157 2388 3275 2442 cap.
3309 2372 3399 2435 30,
3438 2370 3652 2424 Animal
3683 2371 3803 2424 hor-

2235 2467 2384 2523 rendi
2415 2486 2640 2532 morsus,
2681 2468 2896 2541 arbores
2921 2467 3087 2538 juxta
3115 2466 3416 2537 [laminam
3442 2465 3593 2538 festa
3624 2465 3795 2521 erait.

2238 2560 2481 2616 Hominis
2534 2573 2683 2630 parte
2735 2562 3100 2630 comprehensa
3158 2579 3259 2615 non
3308 2571 3585 2632 antequam
3628 2562 3797 2630 fracta

2234 2660 2629 2722 concrepuerint
2660 2672 2802 2717 ossa,
2841 2672 3044 2709 morsus
3096 2654 3321 2709 resolvit.
3351 2654 3525 2725 Hujus
3572 2656 3624 2707 in
3671 2670 3793 2724 pro-

2236 2748 2542 2804 sternendis
2572 2748 2855 2803 arboribus
2881 2747 3152 2802 solertiam
3188 2756 3242 2801 et
3285 2762 3508 2817 scopum
3555 2747 3624 2801 ab
3666 2762 3792 2799 ocu-

2237 2840 2346 2893 lato
2380 2848 2518 2894 teste
2540 2839 2643 2895 sibi
2686 2839 2915 2893 relatum
2950 2838 3116 2891 tradit
3143 2837 3427 2893 Conradus
3452 2837 3797 2892 Rittlu-rsliu-

2237 2932 2372 2994 sius,
2419 2931 2721 2985 Comment.
2750 2932 2800 2984 in
2832 2931 2926 2984 lib.
2971 2947 2985 2984 ι
3025 2931 3276 2986 Ἀλιευτ.
3308 2930 3554 3000 Oppiani.
3598 2928 3792 2983 Hiram

2233 3022 2522 3091 prwdtcant
2549 3038 2659 3076 esse
2692 3022 2847 3089 hujus
2880 3022 3111 3078 bestiolis
3136 3022 3431 3085 solertiam,
3462 3038 3565 3092 qua
3595 3021 3649 3074 in
3681 3036 3796 3090 pro.

571 3117 813 3178 spectum
844 3110 993 3179 regio
1024 3108 1212 3164 morbo
1258 3111 1632 3167 laborantibus
1668 3113 2134 3182 prodesseJElia-
2160 3141 2203 3199 ε
2236 3113 2525 3168 sternendis
2571 3114 2846 3168 arboribus
2899 3125 3102 3170 utatur.
3143 3115 3359 3181 Quoties
3402 3113 3640 3169 dentibus
3685 3114 3797 3168 suis

572 3216 677 3255 nus
716 3200 808 3254 lib.
833 3215 966 3263 xm,
1003 3216 1124 3269 cap.
1158 3201 1225 3254 15
1250 3219 1264 3255 :
1294 3201 1600 3275 Χαραδριοῦ
1639 3201 1694 3254 δὲ
1732 3198 1797 3272 ἦν
1830 3204 1936 3275 ἄρα
1966 3202 2134 3276 δῶρον

568 3289 743 3355 τοῦτο,
793 3290 852 3344 ὃν
883 3291 942 3344 οὐ
982 3291 1056 3361 μὰ
1090 3291 1187 3344 Διὰ
1217 3291 1499 3362 ἀτιμάζειν
1526 3292 1689 3360 ἄξιον.
1725 3295 1825 3347 Ἢν
1858 3295 2006 3364 γοῦν,
2035 3298 2136 3352 ὑπ-

568 3380 929 3452 αναπλησοεὶς
950 3382 1009 3435 τὸ
1045 3382 1203 3453 σῶμα
1228 3383 1437 3454 ἰκτέρου
1463 3402 1567 3449 τις,
1596 3384 1713 3441 εἶτά
1743 3388 1792 3440 οἱ
1832 3388 1993 3459 δριμὺ
2028 3391 2136 3444 ἑνο-

571 3473 707 3546 ρώῃ,
734 3475 761 3526 ὁ
787 3472 843 3528 δὲ
874 3473 1189 3547 ἀντιϐλέπῃ,
1223 3475 1315 3528 καὶ
1346 3476 1487 3546 μάλα
1513 3495 1570 3529 τε
1602 3478 1910 3551 ἅτρὲπτωρ,
1947 3478 2133 3552 ὥσπερ

567 3561 660 3618 οὖν
699 3564 1179 3635 ἁντιθυμούμενος,
1207 3569 1238 3637 ἡ
1270 3566 1488 3638 τοιαύτη
1520 3567 1810 3639 avectam;
1848 3571 1990 3623 ἰᾶται
2036 3571 2131 3624 τοῦ

569 3655 963 3728 προειρημένου
993 3655 1195 3714 πάθους
1222 3657 1312 3709 τὸν
1338 3656 1638 3730 ἄνθρωπον.

642 3745 800 3812 lbid.,
833 3747 928 3800 lin.
953 3747 1042 3802 45.
1087 3748 1143 3800 Ὀ
1158 3745 1227 3799 δὲ
1246 3751 1583 3817 μονόκερως
1611 3750 1774 3811 ζῶον.
1801 3750 1994 3809 Petrus
2028 3751 2134 3808 Da-

568 3842 807 3907 mianus,
832 3842 924 3898 lib.
953 3859 1015 3907 ιι,
1045 3859 1130 3914 ep.
1164 3845 1261 3899 18:
1290 3845 1421 3911 Quis
1444 3844 1578 3899 hanc
1607 3845 1981 3917 ingenuitatem
2010 3850 2131 3903 uni-

568 3938 718 3989 corni
748 3935 988 4001 contulit,
1025 3944 1085 3990 ut
1115 3935 1422 4007 dedignetur
1469 3936 1669 3990 viribus
1719 3938 1877 4004 vinci,
1909 3939 2128 3994 humili-

571 4026 698 4080 tatis
722 4034 834 4080 arte
866 4027 1102 4094 patiatur
1134 4043 1189 4081 se
1221 4027 1379 4097 facile
1410 4030 1693 4097 superari?
1729 4046 1996 4101 nunquam
2029 4035 2131 4087 sci-

571 4116 691 4171 licet
748 4134 781 4171 a
812 4118 1142 4173 venatoribus
1192 4120 1421 4187 capitur,
1456 4122 1561 4176 nisi
1612 4123 1759 4191 prius
1814 4124 1868 4177 in
1914 4125 2127 4194 virginis

567 4210 763 4279 gremio
791 4211 1090 4267 reclinetur.
1113 4211 1396 4267 Cardanus
1420 4225 1768 4269 monocerote
1793 4230 1917 4271 cum
1946 4217 2126 4272 rhino-

569 4309 748 4356 cerote
788 4301 1103 4360 confudisse
1148 4305 1564 4374 reprehenditur
1591 4320 1622 4361 a
1657 4305 1802 4363 Julio
1826 4307 2123 4381 Scaligero,

570 4407 753 4450 cxerc.
789 4393 913 4450 205.
945 4394 1048 4450 Alii
1083 4411 1300 4466 orygem
1331 4402 1494 4466 atque
1542 4408 1942 4456 monocerotem
1982 4419 2128 4457 eum-

2241 3204 2401 3257 ictum
2434 3204 2630 3273 inﬂixit
2682 3204 2876 3263 arbori.
2910 3206 3062 3259 toties
3104 3204 3166 3258 ab
3197 3204 3373 3259 eadem
3402 3206 3685 3273 procurrit,
3720 3206 3796 3260 ui-

2239 3309 2356 3346 sum
2384 3308 2450 3346 an
2484 3302 2648 3358 nutet,
2701 3311 2769 3347 an
2818 3295 3030 3347 ruinam
3074 3295 3316 3354 minetur,
3362 3311 3423 3346 ne
3450 3294 3585 3357 forte
3619 3293 3685 3346 ab
3728 3311 3796 3348 ea

2239 3393 2597 3452 opprimatur;
2618 3383 2704 3438 ubi
2725 3384 2857 3438 nihil
2883 3384 3104 3454 periculi
3119 3401 3225 3439 esse
3245 3385 3398 3438 videt.
3418 3384 3601 3438 arbore
3617 3383 3795 3437 adhuc

2239 3475 2397 3540 ﬁrma
2435 3475 2647 3544 plagam
2692 3475 2893 3542 repetit,
2940 3474 3066 3528 dum
3119 3492 3178 3529 ea
3221 3473 3426 3529 tandem
3456 3472 3782 3541 prolabatur.

2239 3561 2347 3618 Cur
2382 3576 2555 3619 autem
2587 3565 2796 3620 arbores
2826 3567 2981 3619 caedit
3011 3584 3073 3620 ac
3099 3567 3339 3637 proruit?
3378 3567 3621 3620 nimirum
3650 3565 3790 3624 ideo,

2237 3670 2293 3711 ut
2324 3659 2379 3712 in
2413 3675 2578 3730 aquas
2635 3658 2916 3728 prolapsw,
2958 3659 3102 3727 [aliis
3135 3669 3183 3714 et
3220 3659 3382 3713 ramis
3405 3659 3526 3713 limo
3558 3658 3792 3712 obductis

2236 3751 2400 3819 pisces
2444 3750 2707 3814 alliciant,
2759 3768 2887 3821 quos
2930 3753 3107 3821 capiat
3138 3759 3198 3805 dc
3240 3749 3446 3805 deuoret
3490 3748 3635 3817 ﬁber.
3673 3749 3799 3803 lla'c

2238 3843 2436 3897 amicus
2464 3842 2679 3913 quidam
2700 3852 2971 3912 paternus,
3003 3845 3093 3914 qui
3123 3843 3236 3908 eius
3266 3844 3340 3897 rei
3365 3843 3635 3911 αὐτόπτης
3672 3843 3790 3909 fuit,

2237 3934 2523 4005 aliquando
2572 3934 2699 3988 mihi
2756 3936 2956 3989 retulit.
3016 3933 3354 3990 Mansuetum
3412 3948 3534 3989 esse
3581 3942 3792 3988 castora

2235 4036 2425 4082 contra
2486 4028 2796 4083 Cardanum
2869 4036 3029 4097 negat
3095 4025 3355 4098 Scaliger,
3421 4042 3602 4082 exere.
3664 4026 3792 4091 211,

2235 4134 2383 4172 num.
2418 4118 2470 4173 6.

2304 4209 2463 4274 lbid.,
2494 4211 2588 4265 lin.
2618 4212 2705 4266 52.
2749 4211 3101 4280 Χρησιμεύει
3138 4210 3206 4264 δὲ
3242 4211 3314 4265 τὰ
3343 4209 3555 4266 αἰδοῖα.
3594 4208 3785 4264 Eorum

2234 4302 2290 4355 in
2321 4302 2600 4357 medicinis
2626 4319 2787 4376 usum.
2816 4302 2984 4356 habes
3012 4302 3153 4371 apud
3183 4301 3439 4367 Plinium,
3486 4302 3580 4357 lib.
3616 4315 3787 4365 nm,

2233 4393 2395 4462 capit.
2432 4393 2485 4457 5,
2516 4400 2569 4447 et
2598 4393 2735 4447 alios
2763 4391 3024 4447 medicos.

569 4483 691 4538 dem
726 4498 847 4540 esse
878 4484 1121 4539 arbitrati
1161 4492 1307 4539 sunt.
1336 4484 1508 4555 Hujus
1542 4488 1881 4545 confusionis
1910 4490 1999 4544 illa
2032 4491 2131 4546 fuit

2303 4483 2464 4547 lbid.,
2514 4484 2612 4538 lin.
2661 4484 2749 4538 55.
2796 4485 3161 4553 Διωκόμενον
3202 4479 3331 4538 οὖν.
3370 4480 3424 4537 Si
3471 4474 3689 4552 qua‘ndo
3732 4482 3784 4534 in

568 4575 741 4644 origo,
767 4574 909 4644 quod
943 4575 1198 4644 pleraque
1227 4574 1482 4629 animalia
1522 4577 1683 4631 unico
1718 4586 1927 4633 tantum
1958 4595 2129 4635 cornu

569 4666 976 4730 decorarentur,
1019 4673 1180 4736 atque
1237 4674 1602 4722 armarentur.
1651 4666 1831 4734 Quare
1879 4672 2128 4726 nonnulli

569 4767 770 4826 septem
812 4758 1126 4812 animalium
1168 4773 1363 4829 genera
1393 4759 1555 4813 unico
1584 4776 1756 4814 cornu
1801 4762 2132 4817 adnotarent

569 4848 625 4902 in
658 4847 852 4902 Plinio.
875 4846 1116 4918 Scaliger
1144 4849 1263 4903 loco
1294 4849 1349 4904 d.
1375 4865 1441 4905 ex
1464 4851 1711 4920 corporis
1742 4851 1913 4906 forma
1947 4853 2129 4910 diver-

570 4941 848 4997 sissimum
875 4955 998 4996 esse
1018 4940 1357 4996 rhinocerota
1375 4958 1403 4995 a
1418 4951 1760 4998 monocerote
1775 4943 2125 5002 demonstrat.

569 5032 775 5087 Plinius
807 5032 903 5095 ita,
931 5032 1209 5102 graphice,
1234 5034 1462 5097 lib.vm,
1488 5048 1609 5104 cap.
1640 5034 1704 5088 21
1732 5053 1744 5089 :
1768 5036 2128 5104 Asperrimam

569 5132 740 5178 autem
779 5122 948 5192 feram
971 5135 1349 5179 monocerotem
1376 5124 1573 5195 reliquo
1595 5142 1807 5195 corpore
1837 5144 1965 5198 equo
1989 5129 2129 5183 simi-

568 5217 689 5281 lem,
737 5218 904 5286 capite
957 5233 1125 5279 cervo,
1166 5218 1380 5287 pedibus
1403 5218 1699 5287 elephanto,
1751 5220 1922 5274 cauda
1973 5237 2121 5289 apro,

566 5311 765 5380 mugitu
810 5310 977 5382 gravi,
1004 5327 1106 5365 uno
1144 5327 1307 5365 cornu
1348 5314 1497 5382 nigro
1527 5312 1697 5366 media
1729 5312 1898 5382 fronte
1925 5312 2126 5366 cubito-

568 5417 681 5453 rum
716 5399 889 5454 decem
912 5401 1185 5455 eminente.
1212 5400 1364 5454 Hanc
1395 5403 1561 5472 feram
1583 5403 1748 5457 vivam
1780 5412 1965 5472 negant
1987 5405 2124 5474 capi.

565 5491 695 5547 Item
720 5490 959 5555 Solinus,
990 5506 1109 5562 cap.
1140 5491 1247 5558 35;
1281 5492 1681 5548 Vartomannus
1710 5510 1775 5549 ex
1810 5493 2083 5564 Sealigero
2108 5514 2121 5550 :

572 5584 918 5640 Unicornibus
976 5586 1092 5655 equi
1142 5584 1467 5655 magnitudo,
1522 5601 1699 5649 crura,
1746 5586 1917 5655 pedes,
1968 5596 2125 5656 caput

567 5677 829 5746 rerui,pili
858 5676 1002 5731 color
1028 5676 1220 5741 balius,
1244 5677 1363 5747 equi
1381 5676 1516 5745 juba
1538 5677 1733 5742 rarior,
1766 5677 1965 5731 brevior
1982 5693 2125 5732 coxae

566 5767 794 5836 villosae,
830 5777 934 5825 etc.
968 5768 1139 5835 Quem
1188 5771 1419 5827 maxime
1460 5769 1676 5827 dill‘errc
1720 5770 1788 5827 ab
1816 5770 1918 5827 hoc
1960 5787 2121 5842 quem

2235 4575 2475 4645 periculo
2505 4583 2652 4639 sunt,
2701 4574 3119 4644 insequentibus
3154 4575 3380 4629 canibus
3423 4580 3477 4629 et
3515 4568 3783 4628 venatori-

2231 4670 2352 4730 bus,
2386 4683 2678 4738 praamorsa
2711 4667 2813 4722 sibi
2843 4683 2940 4723 sua
2972 4668 3225 4739 genitalia
3253 4667 3689 4737 abjicere,atquc
3714 4665 3781 4719 ita

2230 4759 2477 4825 evadere,
2510 4774 2541 4813 a
2586 4758 2833 4829 pluribus
2882 4760 3240 4830 scriptoribus
3291 4759 3564 4815 memorias
3606 4758 3785 4828 prodi-

2230 4858 2342 4905 tum
2374 4858 2479 4914 est,
2518 4865 2684 4920 seque
2721 4865 2784 4906 ea
2815 4859 2968 4922 parte
2996 4853 3242 4922 corporis
3275 4851 3537 4906 redimere
3567 4860 3783 4920 propter
3812 4919 3817 4924 .

2229 4956 2391 5011 quam
2439 4943 2676 4997 maxime
2704 4950 3053 5012 expetuntur.
3090 4941 3269 4998 llorus
3301 4943 3391 4998 lib.
3431 4958 3490 5009 ιι,
3524 4956 3644 5011 cap.
3676 4938 3777 4995 65:

2241 5034 2478 5096 Ἐκεῖνος
2529 5031 2636 5104 γὰρ
2682 5017 3147 5103 καταδιωκόμενος
3189 5035 3267 5097 εἰς
3322 5032 3419 5103 τὴν
3459 5031 3632 5103 ἄγραν
3663 5032 3781 5094 τοὺς

2230 5124 2391 5188 ἰδίους
2435 5123 2686 5195 διδύμους
2731 5123 2992 5178 ἀποσπῶν
3038 5124 3238 5194 ῥίπτει.
3283 5123 3490 5180 Plinius
3528 5123 3622 5178 lib.
3662 5137 3779 5185 vui,

2226 5232 2351 5284 cap.
2392 5216 2461 5271 50
2491 5235 2503 5268 :
2538 5214 2764 5269 Easdem
2791 5224 2972 5286 partes
3011 5216 3112 5271 sibi
3149 5217 3249 5287 ipsi
3278 5216 3486 5271 Pontici
3514 5224 3781 5284 amputant

2227 5310 2348 5380 ﬁbri
2372 5308 2600 5379 periculo
2625 5318 2855 5379 urgente,
2900 5309 2962 5364 ob
2990 5308 3087 5364 hoc
3125 5325 3181 5364 se
3208 5311 3312 5380 peti
3338 5310 3510 5380 gnari.
3551 5307 3780 5365 Juvena-

2226 5402 2314 5465 lis,
2348 5400 2462 5456 Sat.
2494 5401 2580 5467 12,

2777 5512 3026 5569 Imitatus
3055 5524 3286 5580 castora,
3317 5515 3405 5581 qui
3430 5530 3486 5568 se

2227 5584 2534 5645 Eunuchum
2571 5585 2680 5653 ipse
2708 5585 2834 5653 facit
2862 5586 3071 5651 cupiens
3095 5587 3308 5638 euadere
3326 5585 3538 5649 damno,

2230 5656 2613 5710 Testiculorum
2642 5656 2770 5709 adeo
2800 5654 3108 5708 meditatum
3140 5654 3381 5725 intelligit
3418 5656 3644 5725 inguem.

2226 5768 2548 5825 Ammianus
2573 5769 2920 5826 Marcellinus
2946 5769 3043 5826 lib.
3073 5787 3183 5826 xvu
3211 5788 3225 5841 ;
3272 5769 3521 5827 IElianus
3550 5771 3626 5827 De
3655 5769 3776 5830 hist.
