4064 6290
297 354 402 412 957

1304 348 1372 404 IN
1406 344 1776 405 EUS’I‘ATBll
1814 343 2291 404 HEXAEMERON
2324 349 2555 408 ΝΟΤιΕ.

3412 353 3518 408 953

294 472 460 525 anim.
502 464 596 523 lib.
621 483 694 533 vr,
729 480 849 537 cap.
874 467 975 533 ὄις
1010 465 1251 528 Solinus,
1279 466 1442 536 capit.
1468 464 1560 529 23,
1585 464 1678 534 qui
1708 462 1851 517 idem
1881 463 1926 521 Α
1955 460 2049 516 lib.
2089 478 2186 518 vm
2204 503 2219 528 ,
2244 479 2365 537 cap.
2403 468 2474 523 30
2497 488 2510 524 :
2537 470 2721 539 Africa
2744 475 3011 529 asinorum
3052 472 3363 526 silvestrium
3384 470 3517 525 mul-

295 561 459 628 capit.
511 558 583 613 28
635 558 704 613 de
757 557 1059 627 elephantis
1111 556 1341 623 scribit;
1398 555 1676 618 Alciatus,
1741 566 1857 609 em-

298 652 458 705 blem.
493 649 630 705 152:

298 742 368 797 Et
399 741 611 807 pedibus
643 741 1063 811 segnis.rtumida
1089 750 1137 795 et
1184 738 1538 809 propendulus
1567 737 1682 793 aluo

369 816 494 868 ch
522 810 943 866 tameninsidias
972 812 1151 880 e/fugit
1183 823 1295 864 arte
1324 811 1471 877 liber.

300 882 570 937 Mordicus
603 884 709 949 ipse
738 882 838 934 sibi
878 882 1139 934 medicata
1171 880 1345 935 virilia
1376 880 1540 944 vellit,

373 955 536 1023 Atque
556 952 772 1023 abjicit.
793 968 913 1023 sese
938 969 1133 1021 gnarus
1163 951 1223 1004 ob
1254 951 1348 1004 illa
1387 952 1509 1023 peti.

300 1018 476 1087 Hujus
509 1022 572 1075 ab
598 1018 832 1089 exemplo
860 1018 1028 1076 disces
1066 1038 1168 1076 non
1195 1036 1405 1087 parcere
1434 1018 1609 1082 rebus,

368 1092 438 1146 Et
469 1093 630 1146 vitam
660 1101 717 1145 ut
746 1093 995 1155 redimas,
1035 1092 1189 1145 hostil
1208 1108 1267 1144 us
1301 1107 1409 1145 a'ra
1442 1090 1590 1143 dare.

297 1200 363 1255 Et
395 1203 579 1273 plures
601 1202 712 1257 alii.
740 1201 877 1255 Hinc
901 1210 953 1256 et
977 1201 1157 1255 fabula
1184 1200 1461 1271 Esopica,
1493 1207 1546 1255 et
1573 1196 1853 1269 Apuleius,

299 1295 393 1348 lib.
434 1310 451 1348 ι
499 1293 681 1360 Asini,
733 1293 1046 1347 Thessalam
1091 1293 1383 1348 veneficam
1417 1292 1609 1348 scribit
1648 1296 1858 1345 amato-

296 1401 411 1441 rem
441 1401 621 1451 snum,
656 1384 908 1456 quoniam
936 1384 1160 1439 alterius
1200 1384 1441 1439 mulieris
1470 1382 1857 1439 consuetudine

296 1492 433 1534 usus
464 1478 692 1541 fuisset,
733 1476 790 1531 in
838 1484 1107 1530 castorem
1158 1485 1415 1541 mutasse,
1452 1482 1509 1528 ut
1555 1480 1856 1544 amputaret

298 1568 403 1621 sibi
435 1568 709 1639 genitalia,
745 1566 791 1621 si
830 1564 1052 1636 quando
1080 1574 1370 1620 venatores
1414 1565 1851 1634 insequerentur.

293 1657 480 1729 Longe
507 1666 687 1713 tamen
718 1658 820 1712 alia
847 1669 931 1713 est
956 1657 1227 1711 sententia
1273 1654 1441 1711 Sextii
1488 1654 1678 1711 medici
1711 1653 1853 1724 apud

293 1749 554 1816 Plinium,
587 1751 677 1805 lib.
721 1765 879 1814 χχιιι,
908 1764 1028 1819 cap.
1066 1749 1138 1803 ὃς
1175 1747 1488 1815 Spectabilis
1530 1759 1733 1802 natura:
1759 1762 1854 1816 po-

295 1843 459 1897 tentia
487 1846 540 1896 in
570 1842 648 1896 his
680 1857 898 1911 quoque,
930 1841 1117 1911 quibus
1145 1849 1193 1894 et
1234 1841 1289 1894 in
1332 1840 1505 1902 terris,
1545 1847 1593 1893 et
1632 1840 1685 1892 in
1716 1854 1852 1908 aqua

291 1936 460 1990 victus
495 1943 595 1998 est,
638 1934 776 1987 sicut
812 1941 860 1987 et
907 1933 1076 2003 ﬁbris,
1112 1949 1238 2003 quos
1273 1942 1510 1986 castoras
1557 1937 1762 1992 vocant,
1804 1937 1854 1983 et

292 2036 531 2081 castorea
563 2035 714 2079 testes
756 2041 957 2080 eorum.
984 2023 1266 2093 Amputari
1308 2022 1399 2077 has
1445 2022 1510 2076 ab
1556 2022 1705 2090 ipsis,
1734 2036 1852 2073 cum

290 2119 588 2187 capiantur,
619 2127 773 2189 negat
823 2116 1031 2173 Sextius
1079 2115 1517 2185 diligentissimus
1559 2113 1850 2167 medicine.

291 2210 536 2275 Quinimo
571 2225 759 2278 parvos
787 2224 919 2271 esse,
967 2206 1395 2276 substrictosque,
1434 2217 1483 2259 et
1517 2204 1847 2258 adhterentes

288 2299 472 2368 spinte,
496 2316 656 2370 neque
676 2300 838 2353 adimi
866 2299 979 2352 sine
1009 2298 1117 2352 vita
1148 2297 1394 2351 animalis
1420 2311 1590 2365 posse.
1627 2293 1853 2364 Negavit

288 2390 431 2446 idem
481 2390 846 2455 Dioscorides,
892 2391 983 2444 lib.
1033 2405 1093 2456 ιι,
1127 2404 1248 2459 cap.
1292 2388 1383 2452 99,
1432 2396 1485 2443 et
1526 2385 1851 2442 Franciscus

290 2476 580 2542 Vallesius,
611 2479 688 2535 De
715 2495 869 2534 sacra
904 2479 1195 2549 philosoph.
1223 2494 1343 2549 cap.
1377 2480 1430 2534 3.

361 2575 521 2640 lbid.,
552 2575 648 2630 lin.
681 2576 771 2630 55.
803 2575 1261 2629 Ἑπιδιωκόντων
1304 2574 1371 2628 δὲ
1411 2573 1634 2629 ἄλλων.
1673 2572 1845 2627 Elia-

290 2681 396 2721 nus
424 2664 500 2721 De
525 2666 645 2721 hist.
677 2667 840 2721 anim.
872 2666 997 2721 libr.
1021 2683 1098 2729 νι,
1131 2680 1251 2735 cap.
1278 2666 1347 2720 δι
1369 2684 1391 2720 το
1411 2664 1538 2718 Ἐὰν
1568 2664 1625 2718 δὲ
1728 2663 1853 2735 πρό-

289 2774 445 2829 τερον
478 2756 720 2828 ἐκτεμὼν
770 2758 865 2811 καὶ
899 2756 1111 2822 σωθεὶς,
1147 2752 1265 2809 εἶτα
1294 2755 1452 2810 πάλιν
1490 2755 1784 2826 διώκηται*
1822 2756 1851 2808 ὁ

290 2851 346 2905 δὲ
389 2850 694 2921 ἀναστήσας
728 2848 937 2911 ἑαυτὸν,
982 2848 1074 2902 καὶ
1107 2847 1394 2914 ἐπιδείξας,
1426 2849 1507 2901 ὅτι
1542 2848 1640 2918 τῆς
1673 2847 1851 2900 αὐτῶν

294 2940 527 3011 σπουδῆς
549 2941 648 2993 οὐκ
672 2939 783 3012 ἔχει
803 2939 901 3012 τὴν
928 2937 1187 2992 ὑπόθεσιν
1214 2937 1308 2993 τοῦ
1340 2938 1645 3010 περαιτέρω
1672 2940 1852 3010 καμάρ

289 3046 405 3096 του,
442 3031 715 3104 παρέλυσε
761 3032 885 3095 τοὺς
932 3030 1204 3103 θηρατάςο
1251 3025 1413 3101 ἦττον
1460 3029 1569 3099 γὰρ
1619 3028 1696 3082 ἔτι
1741 3030 1849 3084 τῶν

290 3124 466 3194 κρεῶν
496 3125 723 3188 ἐκείνοις
757 3123 973 3196 φροντίς
1009 3125 1145 3176 ἐστι.
1188 3122 1454 3185 Πολλάκις
1489 3122 1544 3175 δὲ
1584 3121 1677 3175 καὶ
1701 3121 1847 3194 ἔνορ-

289 3234 372 3289 χοι
402 3216 571 3281 ὄντες,
598 3216 673 3279 ὡς
709 3213 1042 3287 πορρωτάτω
1075 3214 1298 3275 ἑαυτοὺς
1328 3212 1742 3277 ἀποσπάσαντες
1769 3212 1848 3284 τῷ

286 3308 488 3379 δρόμῳ,
524 3304 641 3361 εἶτα
669 3306 1081 3368 ὐποστείλαντες
1106 3304 1169 3358 τὸ
1198 3303 1626 3375 σπουδαζόμενον
1660 3305 1846 3376 μέρος,

288 3400 429 3453 πάνυ
474 3398 653 3467 σοφῶς
699 3399 793 3453 καὶ
859 3396 1182 3468 πανούργως
1222 3395 1590 3468 ἐξηπάτησαν,
1638 3397 1713 3460 ὡς
1751 3396 1850 3450 οὐκ

287 3491 501 3561 ιχοντες
525 3490 559 3544 ἃ
585 3490 885 3561 κρύψαντες
910 3488 1142 3559 ἔχουσιν.
1173 3487 1273 3543 Hic
1300 3489 1477 3544 obiter
1512 3487 1850 3542 animadver-

288 3583 511 3637 tendum
556 3599 585 3636 a
616 3582 892 3653 Sealigero
915 3581 1222 3636 Cardanum
1251 3579 1574 3650 reprehendi
1604 3579 1746 3649 quod
1782 3579 1842 3633 fi-

288 3672 374 3728 bri
414 3682 581 3728 testes
632 3688 755 3726 cum
810 3673 1034 3727 moscho
1083 3681 1286 3725 temere
1334 3671 1664 3735 confuderit,
1695 3673 1851 3727 dece-

290 3776 439 3836 ptum
497 3781 562 3820 ex
598 3765 736 3818 mala
781 3764 1223 3833 interpretatione
1255 3761 1611 3817 V'artomanni
1667 3779 1847 3819 exere.

288 3858 413 3921 2H,
447 3872 598 3910 num.
626 3855 679 3917 6,
704 3863 757 3909 et
780 3870 961 3909 exere.
990 3855 1117 3911 210.
1150 3870 1302 3907 ιιιιιιι.
1334 3854 1387 3909 5.
1422 3853 1668 3909 Errorem
1700 3861 1851 3909 notat

288 3948 573 4004 Varronis.
607 3947 698 4017 qui
747 3946 961 4012 librum,
994 3947 1191 4001 lutram
1237 3947 1320 4002 vel
1356 3945 1640 4016 enhydrim
1680 3961 1849 4000 unum

290 4045 478 4101 fecerit
517 4059 637 4113 qua:
662 4051 717 4099 et
756 4041 924 4099 Olaus
962 4043 1190 4115 Magnus
1222 4051 1370 4099 recte
1407 4042 1718 4113 distinguit,
1752 4042 1846 4099 lib.

289 4152 444 4201 xvui,
487 4144 541 4191 et
575 4136 687 4190 alii.
1854 4180 1859 4187 .

357 4228 476 4285 Col.
507 4229 627 4295 745,
657 4229 752 4284 lin.
789 4228 840 4283 1.
882 4228 934 4281 '0
972 4225 1040 4281 δὲ
1065 4226 1517 4296 μυρμηκολέων.
1551 4224 1849 4298 Myrmece-

288 4324 461 4379 leonis
485 4331 689 4378 naturae
715 4322 1126 4376 fundamentum
1160 4320 1367 4389 absque
1390 4319 1555 4373 dubio
1585 4326 1669 4375 est
1703 4318 1850 4390 quod

288 4415 481 4485 legitur
529 4415 668 4484 apud
711 4412 834 4477 Job,
875 4428 995 4484 cap.
1042 4428 1117 4477 Iv,
1170 4428 1313 4467 vers.
1369 4412 1456 4474 11,
1502 4410 1848 4483 Myrmecoleo

285 4500 440 4568 periit
466 4515 525 4552 eo
550 4498 686 4567 quod
714 4515 815 4552 non
849 4498 1055 4552 haberet
1076 4496 1332 4565 prwdam.
1372 4495 1545 4566 Hujus
1575 4497 1677 4551 loci
1708 4497 1851 4566 opti-
1883 4504 1926 4561 ι)

288 4607 429 4645 mam
458 4590 869 4659 explicationem
899 4589 1065 4645 habes
1089 4587 1232 4658 apud
1262 4587 1514 4642 Photium
1546 4603 1611 4642 ex
1643 4586 1854 4657 Eulogii

287 4681 635 4737 Alexandrini
664 4681 788 4735 libr.
820 4697 892 4743 iv,
923 4690 1115 4735 contra
1138 4679 1488 4735 Novatianos.
1520 4678 1590 4735 De
1616 4680 1699 4736 his
1721 4679 1858 4750 Aga-

290 4770 639 4827 tharchides:
669 4770 789 4824 Τῶν
820 4770 875 4824 δὲ
897 4771 1242 4842 καλουμένων
1285 4771 1770 4843 μυρμηκολεόντων
1803 4771 1853 4824 οἱ

292 4864 390 4935 μὲν
421 4862 661 4917 πλεῖστοι
682 4862 822 4916 κατά
846 4862 944 4933 τὴν
973 4863 1114 4916 ἰδέαν
1134 4863 1239 4916 τῶν
1259 4861 1458 4915 λοιπῶν
1477 4861 1629 4918 οὐδὲν
1648 4862 1853 4933 παραλ·

288 4955 555 5018 λάττουσι,
597 4955 695 5026 τὴν
731 4953 787 5007 δὲ
817 4952 925 5006 τῶν
950 4951 1161 5007 αἰδοίων
1197 4950 1355 5021 φύσιν
1392 4952 1853 5023 ἀπεστραμμένην

288 5046 501 5117 ἔχουσιν
534 5045 780 5100 ἐναντίαν
807 5047 917 5110 τοῖς
953 5044 1151 5110 ἀλλοις.
1185 5045 1289 5099 Alii
1326 5045 1538 5109 dicunt,
1570 5060 1694 5099 esse
1737 5044 1853 5099 exi—

283 5151 450 5207 guum
477 5135 861 5189 animalculum
896 5133 1138 5190 formicis
1161 5134 1468 5197 adversum,
1499 5132 1643 5203 quod
1666 5149 1724 5188 se
1751 5133 1853 5188 sub

289 5228 510 5298 pulvere
546 5226 855 5291 abscondit,
886 5236 939 5282 et.
981 5226 1236 5283 formicas
1270 5228 1540 5282 frumenta
1574 5234 1851 5298 gestantes

288 5318 568 5382 interficit,
601 5316 918 5373 interfectas
967 5319 1263 5375 consumit.
1311 5318 1512 5389 Sicque
1558 5329 1849 5373 vocatum:

287 5427 410 5467 nam
445 5409 900 5481 quemadmodum
935 5410 1021 5464 leo
1054 5410 1467 5466 imbecilliorum
1510 5411 1847 5475 animalium,

287 5505 362 5559 ita
419 5505 524 5559 hoc
571 5502 957 5557 animalculum
1014 5502 1363 5557 formicarum
1417 5504 1651 5573 praedam
1697 5504 1845 5574 agit:

288 5612 412 5651 cum
450 5603 631 5651 tamen
678 5594 995 5650 volucribus
1035 5593 1172 5649 nihil
1219 5594 1365 5651 aliud
1413 5597 1485 5652 sit
1529 5611 1691 5668 quam
1736 5594 1848 5650 for-

290 5702 451 5741 mica.
656 5722 659 5723 ν

362 5775 519 5846 lbid.,
551 5775 648 5831 lin.
680 5774 733 5830 8.
768 5774 821 5829 Ὀ
851 5773 919 5830 δὲ
954 5775 1204 5845 ὅναγρος
1228 5774 1582 5846 ἀγελὰρχης.
1613 5774 1843 5847 Plinius,

1875 3145 2067 3211 ϐοὐκ

1958 556 2231 611 titudinem
2264 559 2456 627 fundit.
2491 561 2666 620 Mares
2688 568 2742 620 in
2773 583 2832 621 eo
2862 581 3041 636 genere
3063 564 3254 633 singuli
3286 564 3511 632 femina-

1955 662 2073 700 rum
2093 650 2328 719 gregibus
2357 652 2675 721 imperitant.
2705 656 2985 727 Oppianus
3012 662 3235 725 Κυνητ.
3262 671 3316 709 ιιι
3341 672 3355 720 ;
3388 655 3512 725 All"

1959 740 2177 797 mianus
2208 743 2571 811 Marcellinus,
2595 750 2689 804 lib.
2716 768 2882 809 ntv:
2915 752 3196 806 Asinorum
3230 749 3510 819 agrestium

1956 834 2239 891 multitudo
2277 839 2332 892 in
2366 842 2620 897 tractibus
2646 842 2911 899 Parthicis
2943 855 3019 898 est
3057 845 3348 897 innumera.
3388 840 3509 895 Ideo

1955 926 2117 981 simul
2135 927 2398 989 incedens.
2424 941 2481 984 ut
2505 935 2880 1003 constipatione
2900 935 3061 989 densa
3084 934 3279 1003 feroces
3307 932 3511 986 leonum

1955 1013 2242 1084 frustretur
2269 1020 2525 1075 assultus.

2026 1107 2161 1164 Ibid.
2218 1111 2327 1165 Καὶ
2362 1112 2481 1166 τῶν
2892 1113 3119 1177 Plinius,
3147 1113 3382 1169 ibidem:
3421 1110 3512 1165 Ti-

1955 1209 2095 1252 ment
2134 1197 2370 1257 libidinis
2401 1202 2635 1266 temulos,
2679 1212 2729 1259 et
2766 1203 2879 1258 ideo
2915 1204 3159 1275 gravidas
3185 1200 3505 1265 custodiunt,

1956 1306 2234 1361 morsuque
2254 1304 2409 1347 natos
2436 1308 2608 1349 mares
2631 1304 2889 1357 castraut,
2921 1306 3105 1350 contra
3126 1293 3355 1365 gravidae
3376 1294 3510 1347 late-

1956 1381 2077 1437 bras
2110 1392 2310 1451 petunt,
2337 1394 2388 1438 et
2425 1402 2609 1453 parere
2644 1387 2787 1455 furto
2821 1388 3055 1457 cupiunt,
3080 1388 3402 1456 gaudentque
3423 1402 3511 1439 εο-

1951 1471 2041 1541 pia
2069 1471 2325 1526 libidinis.
2361 1472 2637 1543 Oppianus
2660 1474 2793 1530 ibid.
2820 1475 3195 1539 disertissime,
3217 1491 3375 1545 quem
3400 1492 3511 1528 om-

1950 1563 2084 1619 nino
2109 1564 2357 1631 consule;
2377 1564 2634 1632 Isidorus,
2653 1565 2692 1621 l.
2728 1580 2826 1630 xu,
2852 1581 2975 1636 cap.
3007 1566 3061 1631 l;
3092 1563 3258 1620 Olaus
3287 1563 3508 1633 Magnus

1952 1653 2236 1710 confundit
2262 1657 2402 1711 male
2422 1671 2656 1727 onagros
2681 1672 2802 1712 cum
2835 1657 3061 1711 alcibus.
3086 1656 3179 1711 Est
3225 1664 3277 1711 et
3298 1669 3501 1710 memo-

1952 1748 2048 1801 riae
2072 1762 2179 1801 non
2208 1746 2485 1817 indignum
2511 1746 2654 1816 quod
2676 1745 2827 1802 Phile
2852 1747 2908 1802 in
2938 1745 3160 1811 lambis,
3190 1754 3244 1802 et
3266 1745 3508 1798 Ammia—

1956 1854 2060 1893 nus
2090 1835 2436 1894 Marcellinus
2465 1839 2502 1891 Ι.
2547 1853 2705 1900 xxm.
2732 1838 2798 1894 de
2823 1838 2930 1895 illis
2959 1838 3183 1895 scribit:
3219 1838 3388 1900 Asini,
3420 1838 3506 1893 in-

1953 1930 2092 2000 quit,
2125 1929 2227 1999 feri
2246 1946 2365 1984 cum
2386 1930 2654 1984 venatibus
2678 1932 2951 2001 agitantur
2978 1932 3055 1985 ita
3076 1930 3275 1985 eminus
3309 1929 3507 1997 lapides

1952 2032 2069 2093 post
2096 2031 2242 2093 terga
2281 2022 2609 2080 calcitrando
2630 2024 2895 2087 emittunt,
2925 2030 2981 2076 ut
3010 2022 3269 2092 perforent
3300 2031 3509 2090 pectora

1960 2114 2305 2182 sequentium,
2341 2122 2431 2166 aut
2463 2112 2748 2184 perforatis
2795 2112 3000 2168 ossibus
3031 2113 3209 2182 capita
3245 2113 3363 2181 ipsa
3397 2111 3509 2167 dis-

1951 2203 2190 2273 plodanl.
2245 2203 2430 2276 Neque
2484 2204 2615 2260 illud
2669 2205 2860 2261 silebo.
2921 2203 3218 2275 Oppianus,
3276 2205 3397 2260 loco
3449 2205 3505 2259 d.

1951 2311 2279 2369 onagrorum
2302 2312 2496 2354 carnes
2537 2312 2660 2354 esse
2698 2296 2900 2352 bonum
2922 2296 3177 2368 pabulum
3212 2295 3342 2352 feris
3373 2295 3505 2351 scri-

1950 2388 2056 2443 bit:

1962 2480 2113 2535 Ἀλλ’
2133 2482 2310 2547 αὐτὸς
2332 2480 2636 2551 κρατεροῖς
2654 2480 2844 2551 ἀγαθὴ
2864 2482 3047 2547 ,βόσις
3066 2480 3280 2535 ἔπλετο
3308 2478 3505 2550 θηρσί.

1949 2570 2015 2625 Ει
2054 2573 2323 2627 ωηεοιιιίι
2353 2570 2670 2641 Xenophon,
2724 2573 2758 2626 l.
2805 2588 2824 2627 ι
2866 2573 3059 2627 Ἀνασ.
3102 2571 3273 2638 Klio,
3307 2577 3361 2625 et
3398 2568 3506 2624 Pli-

1948 2663 2094 2718 nius.
2140 2662 2391 2719 A‘Jlianus
2438 2663 2532 2718 lib.
2576 2680 2610 2717 ν
2653 2662 2731 2718 De
2759 2663 2881 2718 hist.
2927 2664 3115 2728 anim.,
3156 2677 3341 2718 eorum
3382 2676 3508 2716 car-

1948 2770 2071 2809 nem
2102 2770 2339 2809 amaram
2364 2770 2485 2811 esse
2508 2755 2717 2818 scribit,
2748 2764 2803 2811 et
2823 2754 2975 2811 Phile
3007 2756 3064 2811 in
3107 2753 3327 2820 lambis,
3356 2748 3417 2808 οὗ
3446 2753 3508 2807 τὸ

1951 2847 2117 2919 κρέας
2140 2848 2187 2900 τ’
2215 2847 2456 2920 ἄϐρωτον
2481 2846 2539 2914 ἐξ
2563 2846 2769 2918 ἀηδίας.

2017 2937 2414 2999 lbid.,|in.10.
2456 2939 2509 2990 '0
2551 2938 2621 2992 δὲ
2662 2938 2857 3009 ἐχῖνος
2900 2939 2981 3005 ὡς
3019 2936 3261 3008 σφαῖρα.
3302 2934 3506 2992 Horum

1948 3029 2056 3085 duo
2084 3045 2278 3100 genera
2310 3028 2437 3084 facit
2466 3027 2742 3101 Oppianus
2771 3033 2992 3100 Κυνηγ.
3024 3029 3117 3085 lib.
3148 3046 3184 3085 ιι
3211 3047 3226 3085 :

2099 3140 2241 3210 ἐρέω
2273 3142 2526 3213 κρυερὸν
2566 3142 2739 3212 γένος
2771 3144 3127 3213 ὀκρυόεντος
3160 3143 3367 3210 ἐχίνου

1953 3212 2247 3283 Μείζονος,
2284 3212 2627 3283 (ἀμφίδυμοι
2650 3214 2757 3283 γὰρ
2778 3212 3000 3281 ἐχίνοις
3025 3214 3410 3282 όξυκόμοισιν

1966 3282 2262 3353 Ἆργαλέαι
2285 3282 2505 3352 μορφαὶ
2521 3286 2557 3351 ·)
2576 3282 2826 3353 κρυερόν
2850 3299 2915 3353 τε
2940 3282 3292 3353 περίδρομον
3313 3283 3505 3353 ἕρκος.

1956 3355 2019 3406 οι
2046 3352 2163 3422 μὲν
2185 3353 2296 3421 γὰρ
2314 3353 2479 3416 ,ϐαιοί
2504 3370 2567 3407 τε
2590 3354 2687 3407 καὶ
2716 3352 3009 3407 οὐτιδανοὶ
3036 3352 3402 3422 τελέθουσιν,

1959 3426 2105 3477 Τυτθ
2115 3421 2254 3489 ᾖσιν
2280 3423 2640 3491 φρίσσοντες
2662 3423 2759 3476 ἐπὶ
2793 3421 3163 3491 προϐολῇσιν
3188 3421 3474 3490 ἀκάνθαις
3490 3440 3505 3456 ο

1957 3496 2021 3547 Ol
2051 3493 2101 3546 δ’
2129 3492 2245 3561 ἄρα
2273 3490 2370 3546 καὶ
2389 3491 2619 3563 μεγέθει
2654 3492 2810 3547 πολὺ
2829 3490 3113 3562 μείζονες,
3149 3491 3241 3561 ἡδ’
3279 3492 3511 3617 dixeritm-

3367 3580 3436 3617 εν

1965 3632 2128 3695 Ὸεέα
2153 3632 2515 3702 πεφρίκασιν
2538 3632 2945 3702 ἀρειοτέρῃσιν
2968 3631 3243 3697 Φωκαῒς.
3296 3560 3436 3633 [θεν

2023 3743 2183 3810 Ibid.,
2213 3746 2309 3803 lin.
2338 3746 2423 3801 12.
2471 3748 2786 3815 [lapsuum
2811 3747 2958 3819 γοῦν
3003 3748 3101 3803 ἐπὶ
3146 3749 3270 3802 τόν.
3307 3746 3507 3803 Eadem

1954 3834 2115 3892 habet
2149 3836 2342 3893 Petrus
2371 3837 2683 3906 Damiauus,
2726 3839 2764 3894 l.
2799 3853 2861 3906 ιι,
2885 3853 2971 3911 ep.
3007 3841 3090 3895 18.
3119 3838 3322 3897 Versus
3365 3840 3508 3894 anti-

1953 3928 2044 3998 qui
2074 3928 2150 3982 illi
2176 3944 2284 3983 non
2325 3929 2676 4001 inelegantes,

1950 4042 2313 4114 Κῴμαυλος,
2334 4043 2442 4114 τον
2484 4042 2687 4112 ἐχῖνον
2703 4112 2712 4114 Α
2729 4042 2872 4114 ἰδὼν
2909 4044 3006 4098 ἐπὶ
3053 4041 3209 4098 νῶτα
3255 4043 3510 4114 φέροντα

2035 4111 2257 4182 Ῥᾶγας,
2284 4111 2628 4168 ἀπέκτεινεν
2651 4112 2731 4182 τῷ
2752 4112 2805 4168 δ’
2834 4114 2931 4167 ἐπὶ
2963 4111 3303 4180 θειλοπέδῲ.

1953 4225 2021 4281 Ει
2052 4225 2140 4281 ille
2160 4264 2175 4285 .

1964 4341 2327 4410 Ῥαγολόπων
2352 4338 2660 4408 γλυκερῶν
2687 4340 2932 4412 σιντοριι
2959 4341 3301 4408 θεαοπέὰρ.

1955 4453 2064 4510 Nec
2090 4454 2334 4510 absimile
2356 4456 2488 4511 illud
2515 4454 2695 4511 Philes
2718 4455 2773 4510 in
2804 4453 3024 4521 lambis,

2106 4564 2329 4637 Ἐχῖνος
2363 4566 2432 4619 ἐκ
2458 4564 2566 4637 τῆς
2597 4561 2704 4619 οἶδ’
2727 4566 3045 4621 ducis-0mm
3065 4567 3272 4636 ,βρύων

2091 4637 2197 4707 Kal
2230 4634 2370 4704 τῇσι
2392 4634 2663 4705 πρασιαῖς
2691 4634 3123 4691 ἐκκυλινδεῖταὶ
3156 4638 3372 4707 κρύφα,

2090 4704 2201 4759 Καὶ
2233 4707 2338 4776 τὰς
2362 4704 2587 4761 ἐκεῖθεν
2608 4707 2971 4776 ἑμπαρείσας
3001 4704 3255 4776 ἰσχάδας

2089 4778 2193 4841 Εὶς
2219 4775 2359 4846 τοὺς
2380 4777 2594 4830 ἑαυτοῦ
2624 4775 2891 4846 φωλεοὺς
2919 4775 3311 4845 θησαυρισας,

2093 4848 2213 4899 Οὐκ
2246 4845 2349 4916 ἔχε
2378 4846 2554 4916 λιμοῦ
2587 4845 2901 4916 συμφορὰν
2929 4848 3218 4917 ὀλεθρίου.

2018 4955 2178 5023 lbid.,
2206 4957 2301 5013 lin.
2336 4958 2421 5012 16.
2467 4957 2726 5026 Δολερὸν
2763 4959 2802 5028 ἠ
2844 4956 3114 5027 ἀλώπηξ.
3161 4959 3327 5016 Multa
3381 4975 3514 5018 sane

1951 5057 2102 5112 sunt,
2132 5064 2253 5118 quae
2290 5048 2505 5118 vulpem
2537 5048 2781 5103 fallacem
2830 5056 2883 5104 et
2912 5049 3211 5120 improbam
3239 5068 3359 5108 esse
3381 5070 3510 5108 con-

1949 5139 2194 5201 vincunt,
2225 5136 2424 5205 quibus
2452 5145 2506 5191 et
2535 5137 2879 5206 semetipsam
2912 5137 2980 5192 ab
3016 5137 3249 5193 hostium
3296 5139 3510 5195 insidiis

1948 5237 2153 5295 tuetur,
2203 5237 2257 5283 et
2299 5228 2408 5283 illis
2442 5243 2651 5290 necem,
2698 5227 2800 5282 sibi
2849 5228 3033 5283 cibum
3089 5237 3143 5284 et
3189 5230 3506 5284 medicinam

1950 5327 2146 5393 parat;
2178 5336 2348 5391 quare
2381 5319 2449 5375 ab
2479 5320 2769 5375 Aristotele
2801 5319 2873 5375 De
2917 5320 3103 5376 histor.
3139 5323 3300 5375 anim.
3332 5321 3423 5375 lib.
3465 5336 3503 5384 ι,

1948 5428 2067 5482 cap.
2101 5412 2154 5476 1,
2185 5412 2327 5467 inter
2358 5410 2647 5473 malitiosa,
2683 5419 2863 5466 astuta
2914 5420 2969 5466 et
3007 5413 3202 5467 callida
3245 5427 3508 5467 annumec

1948 5513 2118 5557 ratur.
2144 5504 2421 5573 Oppianus
2448 5506 2665 5573 Κυνηγ.
2688 5519 2751 5558 ιιι
2769 5511 2972 5568 narrat,
3000 5520 3068 5559 ne
3097 5519 3127 5557 a
3159 5503 3508 5560 venatoribus

1947 5592 2331 5649 insidiantibus
2356 5592 2410 5647 in
2437 5593 2658 5663 laqueos
2686 5593 2998 5664 conjiciatu:
3059 5599 3259 5661 septem
3282 5590 3507 5647 forami-

1946 5685 2109 5740 nibus
2165 5685 2323 5739 nidos
2368 5698 2739 5753 cavernasque
2789 5700 2917 5741 suas
2970 5682 3401 5752 cucummuniri,
3445 5693 3506 5741 nt

1947 5777 2072 5851 fuga
2107 5777 2177 5834 sit
2208 5778 2376 5832 tutior
2402 5776 2740 5847 faciliorque.
