4064 6290
579 333 685 392 εει,

1864 320 2111 379 LEONIS
2147 317 2417 375 ALLATII

3698 307 3809 367 960

574 453 688 510 Ναὶ
723 452 865 524 μὴν,
902 450 1308 524 αὶολὸϐοιιλος,
1343 447 1437 524 ἐπέ
1479 447 1832 524 ᾀγραιξλοισι
1875 442 2139 524 μᾴλὶιστα

2241 456 2293 494 se
2320 438 2482 493 coriis
2509 433 2778 496 loricaoit,
2798 432 2852 487 in
2876 431 3265 486 dimicationem
3295 427 3464 499 pergit
3481 442 3499 481 :
3516 426 3569 480 in
3593 442 3655 481 ea
3677 442 3811 481 cau-

579 513 763 591 Θιπράὶ
793 513 957 591 ἐτέλει
994 520 1180 589 κερδὼ
1215 513 1356 591 μάλ’
1394 513 1601 591 omni;
1643 517 1713 570 ἐν
1752 513 2135 591 πραπίδεσσι,

577 587 686 647 Κᾶὶ
714 590 931 657 πινυτὴ
961 587 1114 644 ναίει
1144 587 1431 659 πύμάτοις
1457 589 1545 642 ἐνὶ
1573 587 1936 659 φωλειοῖσιν,

591 653 1000 727 Ἐπταπύλους
1027 653 1244 726 εἴξασά
1271 653 1490 727 δόμους
1515 653 1729 727 τρητάς
1755 674 1820 710 τε
1863 653 2071 727 καλιὰς

582 733 784 798 Τηλόίν
809 732 909 785 ἀπ’
937 725 1245 798 ἀλλήλων,
1265 725 1351 800 μή
1376 746 1484 800 μιν
1515 725 1832 800 (Ιηρήτορες
1858 725 2071 800 ίξνδρες

590 796 749 871 Ἀμφὶ
772 801 920 870 θύρῃ
944 796 1280 870 ,λοχόωντεςζ
1303 796 1421 855 ὑπὸ
1445 798 1840 868 βροχίδεσσιν
1866 796 2137 867 ἄγωνται.

574 912 658 966 Ad
700 912 844 982 quod
875 913 1114 984 respexit
1149 921 1203 967 et
1245 910 1561 965 Lactantius
1592 908 1925 972 Firmianus,
1951 906 2029 960 De
2056 907 2141 959 ira

577 1000 696 1061 Dei,
742 1017 862 1072 cap.
902 1001 970 1069 ’ἵε
1008 1000 1141 1056 Sunt
1181 1000 1458 1065 animalia,
1506 1001 1703 1071 inquit,
1746 1015 1861 1070 quae
1905 996 2140 1052 latibulis

576 1094 688 1149 suis
743 1095 972 1150 diuersos
1015 1104 1065 1150 et
1102 1095 1280 1165 plures
1319 1097 1488 1150 exitus
1518 1093 1776 1164 pandunt,
1809 1101 1887 1153 ut,
1914 1091 1961 1147 si
2004 1090 2142 1161 quod

578 1189 868 1258 periculum
907 1189 1173 1252 inciderit,
1210 1190 1336 1260 fuga
1379 1198 1555 1257 pateat
1587 1187 1840 1249 obsessis;
1874 1184 2010 1256 quod
2039 1201 2142 1238 non

577 1282 809 1351 facerent
856 1284 960 1337 nisi
1001 1284 1191 1338 inesset
1235 1284 1345 1337 illis
1390 1282 1736 1353 intelligentia
1773 1290 1822 1335 et
1868 1280 2139 1350 cogitatio.

577 1372 741 1429 Plura
772 1375 876 1429 alia
917 1377 1059 1445 apud
1091 1386 1342 1431 auctores
1366 1376 1548 1430 videre
1589 1373 1829 1445 poteris:
1856 1387 1957 1427 nos
1995 1372 2141 1427 enim

577 1467 634 1521 in
670 1468 926 1538 praesenti
970 1484 1077 1523 non
1123 1468 1437 1522 animalium
1487 1465 1772 1522 historiam
1824 1464 2140 1528 scribimus,

579 1558 674 1611 sed
707 1566 916 1612 tantum
942 1565 1188 1613 nostrum
1219 1565 1495 1613 auctorem
1520 1557 1575 1611 in
1608 1557 1773 1611 rebus
1803 1555 2143 1610 naturalibus

583 1664 688 1703 non
719 1664 878 1713 nova,
909 1666 1082 1719 neque
1107 1650 1410 1722 peregrina,
1442 1648 1537 1706 sed
1564 1649 1817 1720 genuina,
1844 1654 1898 1702 et
1925 1647 1992 1702 ab
2020 1646 2143 1701 aliis

579 1741 778 1796 tradita
822 1744 1106 1798 enuntiare
1152 1743 1511 1798 ostendimus.
1567 1741 1677 1797 Nec
1731 1755 1868 1810 opus
1916 1748 2000 1795 est
2056 1739 2143 1793 hic

580 1833 738 1902 plura
782 1846 1077 1903 congerere
1118 1833 1186 1888 ad
1228 1833 1348 1903 ejus
1385 1834 1642 1889 astutiam
1694 1840 1745 1888 et
1791 1831 1998 1888 callidit

579 1925 1086 1981 demonstrandam.

648 2015 806 2080 lbid.,
851 2017 948 2073 lin.
995 2018 1086 2072 17.
1121 2017 1403 2086 Εὐροῦσα
1437 2017 1548 2089 τὰρ
1592 2015 1942 2087 τελμιστήν.
1980 2013 2143 2068 Plura

577 2109 646 2165 de
685 2109 806 2180 ejus
840 2112 895 2164 in
926 2120 1124 2165 venatu
1165 2120 1219 2165 et
1262 2112 1474 2182 piscatu
1503 2111 1712 2166 artibus
1743 2108 2015 2171 Elianus,
2046 2108 2140 2162 lib.

578 2219 655 2270 vt,
685 2219 803 2275 cap.
836 2204 927 2267 24,
969 2213 1023 2260 et
1070 2205 1166 2260 lib.
1210 2222 1261 2272 ι,
1309 2220 1430 2276 cap.
1475 2204 1575 2273 56;
1617 2205 1712 2260 lib.
1762 2219 1836 2268 Iv,
1869 2218 1990 2273 cap.
2037 2202 2142 2268 58;

579 2297 674 2354 lib.
701 2313 772 2360 vi,
796 2313 915 2369 cap.
947 2297 1016 2354 65
1043 2318 1056 2365 ;
1101 2299 1196 2354 lib.
1224 2315 1345 2354 xm.
1375 2297 1506 2369 Ejus
1542 2306 1734 2353 contra
1762 2313 1890 2354 aves
1912 2297 2141 2353 insidias

577 2391 1032 2459 quemadmodum
1072 2398 1127 2446 et
1161 2391 1250 2446 hic
1283 2400 1473 2447 noster
1504 2400 1698 2445 auctor
1740 2391 1942 2461 optime
1972 2388 2144 2459 expli-

577 2481 723 2536 cavit
754 2481 1031 2552 Oppianus
1067 2482 1322 2538 Ἀλιευτ.
1352 2499 1413 2546 ιι,
1442 2491 1495 2540 et
1532 2482 1794 2553 Epiphan.
1832 2484 1886 2538 in
1920 2481 2143 2554 Physic-

580 2573 696 2644 logo
729 2589 748 2626 :
779 2575 845 2627 Ἦ
872 2572 1095 2644 ἀλώπηξ
1123 2577 1239 2629 ἐστὶ
1271 2576 1604 2646 πολύτροπον
1642 2575 1798 2640 ζῶον.
1835 2575 2143 2628 Πεινάσασα

576 2664 634 2719 δὲ
666 2665 759 2720 καὶ
799 2665 1075 2738 ἀποροῦσα
1108 2668 1312 2740 τροφῆς
1348 2668 1641 2739 ἀπέρχεται
1687 2666 1780 2721 ἐπὶ
1821 2667 1948 2731 τοὺς
1993 2667 2145 2739 ἡλια-

579 2757 709 2821 κοὺς
737 2759 934 2823 τόπους
955 2776 968 2789 ·
997 2762 1443 2833 καταρρίπτουσα
1475 2761 1643 2833 αὐτὴν
1668 2762 1724 2824 ἐς
1751 2761 1873 2833 γῆν,
1909 2763 2001 2816 καὶ
2044 2764 2140 2815 ἁν-

578 2850 811 2923 εχομένη
840 2850 936 2925 τὴν
967 2855 1153 2924 πνοὴν,
1178 2856 1271 2909 καὶ
1299 2855 1666 2928 ὑποκρίνουσα
1702 2854 2023 2926 τεθνηκυῖαν
2039 2858 2145 2910 κεῖ-

578 2957 669 2996 ται
720 2943 916 3007 ὑπτία,
968 2947 1093 3010 τοὺς
1139 2945 1447 3018 ὀφθαλμοὺς
1501 2947 1596 3002 καὶ
1641 2947 1767 3010 τοὺς
1820 2946 1984 3010 πόδας
2032 2947 2142 3001 ἄνω

579 3033 794 3105 ἔχουσα.
843 3036 1251 3109 Ἐπερχομένων
1283 3038 1339 3092 δὲ
1379 3040 1486 3093 τῶν
1528 3040 1808 3105 πετεινῶν,
1855 3040 1948 3093 καὶ
1974 3039 2141 3108 αὐτὴν

580 3129 882 3184 κατεσθίειν
912 3129 1268 3203 βουλομένων,
1296 3133 1476 3205 ἐκείνη
1509 3133 1735 3204 ἑτοίμως
1764 3130 1903 3185 αὐτὰ
1926 3133 2119 3203 κρατεῖ

581 3220 674 3276 καὶ
700 3222 799 3276 ὅσα
827 3221 1069 3293 βούλεται
1101 3224 1460 3298 κατατρώγει.
1496 3223 1693 3281 Eadem
1729 3231 1855 3279 sunt
1876 3223 2016 3293 apud
2046 3220 2145 3277 lsi-

579 3313 796 3380 dorum,
822 3315 915 3371 lib.
952 3333 1050 3382 xit,
1074 3332 1193 3388 cap.
1219 3318 1291 3385 2;
1324 3317 1543 3373 Petrum
1576 3317 1920 3379 Damianum,
1953 3316 2047 3370 lib.
2080 3330 2140 3379 ιι,

577 3423 664 3477 ep.
696 3408 791 3473 18;
817 3408 1118 3476 Albertum,
1148 3410 1436 3481 Georgium
1467 3410 1797 3481 Agricolam,
1829 3407 2142 3462 Michaelem

577 3499 824 3573 Glycam,
858 3512 911 3557 et
947 3503 1084 3559 alios
1120 3504 1472 3560 recentiores.

652 3592 812 3654 lbid.,
844 3594 942 3649 lin.
979 3594 1070 3649 24.
1111 3594 1184 3649 Ἠ
1226 3594 1424 3662 σαῦρα
1450 3594 1788 3666 γηράσασα.
1824 3592 2142 3649 Aristoteles

576 3685 862 3753 lacertum,
884 3696 936 3742 et
966 3695 1300 3744 senectutem
1327 3702 1549 3749 exuere,
1576 3693 1632 3742 et
1653 3686 1828 3741 oculis
1851 3685 2144 3740 connivere

578 3778 828 3846 tradidit;
853 3780 1125 3850 quomodo
1147 3788 1326 3839 autem
1350 3779 1529 3834 lumen
1553 3778 1837 3837 oculorum
1862 3784 2144 3834 senectute

576 3874 840 3927 amissum
876 3879 1160 3941 recuperet
1188 3886 1296 3926 non
1327 3870 1641 3941 explicavit.

646 3962 783 4021 Ibid.
807 4005 822 4029 ,
861 3965 958 4020 lin.
991 3965 1078 4020 58.
1119 3965 1305 4020 Ἀλλὰ
1342 3963 1442 4019 καὶ
1487 3963 1753 4033 αὔξησιν
1772 3960 2030 4033 μείζονα.
2067 3959 2143 4016 De

575 4055 951 4127 magnitudine
995 4057 1292 4111 draconum
1328 4064 1384 4111 ct
1416 4064 1728 4128 serpentum
1771 4071 1803 4111 e
1848 4053 2140 4109 Metasthc-

576 4165 645 4205 ne
685 4156 739 4205 et
770 4150 916 4212 aliis.
963 4149 1086 4204 vide
1114 4148 1381 4212 Plinium,
1420 4150 1514 4206 lib.
1553 4165 1648 4205 vni
1670 4188 1686 4214 ,
1715 4163 1837 4217 cap.
1874 4147 1965 4213 l2,
1994 4147 2061 4201 l5
2090 4155 2145 4201 et

575 4242 682 4311 ης
735 4242 877 4313 apud
925 4241 1284 4300 Strabonem.
1325 4242 1421 4297 lib.
1461 4257 1550 4297 xv.
1594 4240 1935 4295 Onesicritus
1976 4239 2142 4293 refert

574 4336 716 4407 apud
742 4336 1030 4391 Abisarum
1062 4335 1228 4390 India:
1258 4350 1436 4405 regem
1470 4334 1608 4388 duos
1654 4333 1821 4387 fuisse
1850 4332 2139 4392 dracones,

574 4428 803 4484 alterum
852 4426 1048 4497 pedum
1091 4427 1190 4486 140
1214 4467 1228 4490 ,
1264 4428 1492 4481 alterum
1527 4426 1613 4481 80.
1645 4423 1924 4479 Nearchus
1960 4432 2137 4477 autem

2238 535 2361 588 dam
2396 532 2645 588 attollens
2676 530 2812 584 ictus
2859 529 3040 583 irritos
3090 525 3337 580 adversus
3383 523 3606 592 excipit,
3645 521 3812 580 donec

2238 626 2446 698 obliquo
2476 625 2645 696 capite
2666 624 2965 692 speculatus
2998 619 3212 675 inuadat
3250 619 3303 672 in
3329 617 3529 686 fauces.
3571 615 3685 672 Nec
3711 616 3812 673 hoc

2237 728 2531 781 contentus,
2553 715 2706 770 aliud
2734 715 2876 769 haud
2903 715 3086 768 mitius
3111 711 3339 766 debellat
3358 711 3582 766 animal.
3610 709 3672 765 Et
3697 709 3812 781 Op-

2238 810 2432 878 pianus
2454 848 2469 871 ,
2501 807 2596 863 lib.
2629 823 2691 860 ιιι
2719 811 2967 877 Κυνηγ.,
3005 805 3120 860 haec
3174 812 3360 859 nostra
3402 803 3811 870 elegantissime

2237 896 2528 966 expressit.
2585 894 2857 951 Nicander
2929 894 3056 949 item
3129 880 3209 948 in.
3249 891 3564 958 Theriacis;
3622 890 3811 947 Elia-

2239 1003 2344 1043 nus
2366 987 2444 1042 De
2472 987 2661 1042 histor.
2701 988 2865 1041 anim.
2887 1028 2902 1053 ,
2942 986 3038 1041 lib.
3087 1000 3187 1047 ιιι,
3237 1000 3360 1055 cap.
3395 984 3501 1046 22,
3543 993 3598 1040 et
3626 985 3718 1040 lib.
3749 1001 3808 1049 x,

2239 1093 2359 1148 cap.
2402 1079 2507 1142 47),
2553 1091 2608 1134 et
2649 1079 2744 1135 lib.
2798 1096 2886 1142 vi,
2935 1093 3057 1148 cap.
3104 1077 3208 1141 58,
3259 1077 3448 1133 scribit
3496 1077 3812 1132 ichneumo-

2240 1180 2362 1219 nem
2394 1164 2600 1235 aspidis
2624 1178 2725 1218 ova
2746 1163 3079 1233 disperdere,
3104 1169 3160 1218 et
3187 1171 3445 1233 tanquam
3471 1162 3669 1217 catulis
3690 1161 3813 1219 suis

2241 1257 2479 1311 futuram
2533 1256 2784 1311 hostilem
2835 1255 3131 1325 perniciem
3195 1255 3540 1310 submovere.
3603 1251 3809 1317 Horas,

2241 1347 2335 1402 lib.
2366 1362 2439 1412 ιι,
2476 1362 2597 1417 cap.
2635 1347 2726 1411 55,
2764 1362 2871 1401 non
2918 1345 3094 1401 solum
3141 1345 3197 1400 in
3241 1355 3546 1416 serpentem
3576 1344 3811 1410 irruere,

2241 1436 2336 1492 sed
2368 1438 2575 1493 vocatis
2605 1437 2758 1507 prius
2800 1437 3039 1491 clamore
3072 1435 3194 1491 aliis
3214 1475 3228 1501 ,
3255 1450 3377 1505 quae
3415 1434 3599 1489 omnia
3645 1434 3811 1490 simul

2239 1526 2447 1583 addidit
2468 1526 2812 1591 Aristoteles,
2846 1526 2917 1582 De
2943 1528 3132 1581 histor.
3164 1527 3353 1592 anim.,
3387 1526 3483 1581 lib.
3514 1542 3579 1589 ιι.
3606 1541 3725 1596 cap.
3748 1526 3809 1587 ϐ,

2242 1618 2525 1675 Ichneumo
2546 1618 2788 1692 Egypti,
2802 1618 2893 1673 ubi
2913 1618 3147 1687 aspidem
3168 1635 3389 1690 anguem
3416 1635 3575 1673 suum
3600 1617 3805 1674 hostem

2240 1721 2518 1780 aspexerit,
2557 1727 2660 1765 non
2688 1712 2833 1779 prius
2894 1708 3193 1782 aggreditur
3239 1726 3398 1781 quam
3429 1711 3602 1765 socios
3645 1721 3811 1776 vocet,

2001 1839 2143 1886 Mem
2178 1834 2217 1889 Β
2243 1812 2293 1857 et
2317 1802 2442 1856 limo
2469 1800 2715 1867 obducto,
2742 1810 2927 1855 contra
2951 1802 3087 1855 ictus
3114 1816 3422 1871 morsusque
3448 1817 3563 1856 sese
3602 1800 3808 1864 lorieet,

2243 1894 2430 1950 modus
2458 1892 2704 1949 armandi
2740 1904 2797 1947 ut
2833 1894 3062 1964 primum
3086 1892 3405 1963 madefaciat
3442 1907 3655 1961 corpus,
3679 1901 3729 1947 et
3754 1894 3812 1946 in

2244 1994 2388 2042 terra
2421 2003 2477 2041 se
2503 1985 2716 2040 volutet.

2318 2074 2434 2130 Col.
2470 2075 2571 2130 748
2593 2116 2608 2141 ,
2640 2076 2735 2130 lin.
2770 2076 2823 2130 l.
2860 2074 3059 2145 Σαῦρα
3089 2074 3158 2129 δὲ
3192 2076 3230 2144 ἠ
3259 2074 3572 2145 λεγομένη.
3615 2073 3812 2132 Petrus

2244 2166 2559 2236 Damianus,
2588 2167 2686 2224 lib.
2717 2182 2774 2229 ιι,
2803 2183 2894 2238 ep.
2926 2166 3024 2222 18:
3048 2166 3431 2231 Salamandra,
3456 2183 3649 2238 quoque
3686 2168 3810 2222 licet

2242 2260 2454 2331 uigua,
2484 2259 2779 2314 mirabilem
2809 2260 2979 2331 fertur
3009 2258 3196 2314 habere
3220 2268 3502 2322 naturam;
3531 2258 3653 2313 adeo
3676 2261 3805 2314 utsi

2243 2370 2372 2406 casu
2412 2352 2697 2424 aliquando
2741 2353 2794 2407 in
2845 2354 2961 2424 igne
3011 2352 3283 2424 mergitur.
3333 2353 3503 2407 omnis
3543 2353 3691 2422 ignea
3724 2353 3807 2406 uis

2246 2455 2493 2516 tanquam
2528 2444 2839 2501 inundantis
2888 2461 3040 2516 aqua
3067 2445 3324 2515 proﬂuuio
3353 2446 3593 2515 protinus
3614 2446 3813 2500 exstin-

2242 2546 2455 2607 guatur.
2490 2534 2785 2604 Nicander,
2810 2538 2865 2593 in
2894 2536 3159 2593 Theriacis
3185 2553 3204 2590 :

2243 2627 2350 2682 Kal
2376 2628 2857 2699 σαλαμάνδρειον
2887 2628 3094 2683 δόλιον
3122 2626 3306 2695 δάκος
3331 2627 3463 2699 αἰὲν
3484 2625 3742 2699 ἀπειθὲς

2245 2699 2386 2753 ’Ήτε
2417 2699 2514 2755 καὶ
2536 2694 2859 2754 ἆσϐἐὸντοιο
2884 2699 2959 2754 δι’
2996 2699 3064 2754 ἐκ
3098 2694 3289 2764 πυρός
3309 2694 3480 2766 οἷμον
3510 2694 3742 2761 ἕχὸὺσα

2246 2770 2541 2824 Ἕσσυται
2592 2770 2887 2840 ἄκμηνος,
2933 2769 3032 2825 καὶ
3080 2767 3422 2835 ἀνώδυνος,
3459 2767 3621 2840 οὐδέν
3646 2769 3705 2840 τί
3757 2770 3813 2821 οι

2242 2909 2474 2963 Σίνεται
2510 2909 2777 2977 ἀσϐέστη
2800 2908 3023 2977 ῥαγόεν
3056 2908 3230 2977 δέρος
3264 2907 3419 2982 ἆξρα
3445 2836 3742 2979 “ﬁliis.

2309 2999 2375 3057 Et
2403 3001 2457 3055 in
2487 3001 2944 3069 Alexipharmacis
2972 3014 2990 3052 :

2246 3092 2352 3148 Ἢν
2379 3091 2447 3145 δὲ
2467 3093 2833 3162 λιπορῤίνοιο
2872 3090 3058 3145 ποτὸν
3086 3087 3474 3162 δυσᾴῖωτιζον
3508 3090 3660 3161 idm?

2124 3172 2139 3198 ’
2168 3169 2210 3226 C
2244 3159 2618 3232 Φῳμακίδοςί
2643 3159 2890 3231 ’σαύρης
2928 3160 3303 3228 πολυκηδέος
3325 3201 3340 3225 ,
3371 3159 3452 3229 ἣν
3487 3159 3812 3232 σαλαμάγκ-

2241 3302 2580 3370 κλείουσιν,
2619 3301 2734 3370 τὴν
2771 3300 2912 3356 οὐδὲ
2942 3301 3131 3370 πυρός
3155 3294 3460 3368 λωϐήσὰτο
3486 3231 3717 3371 aliine;

2245 3410 2482 3467 Serenus
2512 3431 2525 3467 :

2243 3525 2347 3581 Seu
2373 3525 2731 3583 Salamandra
2761 3535 2966 3596 potens,
3003 3526 3257 3598 nullisque
3293 3525 3519 3580 obnoxia
3547 3526 3803 3594 ﬂammis.

2242 3615 2469 3682 Plinius,
2520 3617 2614 3673 lib.
2654 3633 2721 3682 ι,
2758 3633 2879 3691 cap.
2907 3618 2975 3673 67
3009 3638 3023 3674 :
3055 3617 3205 3674 Sicut
3235 3616 3593 3673 Salamandra
3618 3616 3806 3671 lacerti

2242 3708 2441 3780 ﬁgura,
2486 3709 2791 3776 stellatum,
2835 3726 3102 3781 nunquam
3153 3712 3257 3765 nisi
3291 3711 3491 3780 magnis
3532 3708 3809 3774 imbribus,

2239 3805 2565 3872 prov‘eniens,
2587 3812 2636 3858 et
2655 3804 2934 3859 serenitate
2962 3802 3226 3874 deﬁciens.
3266 3802 3406 3857 Huic
3435 3811 3615 3857 tantus
3642 3804 3804 3873 rigor,

2242 3906 2298 3950 ut
2327 3896 2497 3967 ignem
2523 3907 2720 3951 tactum
2742 3898 3043 3967 exstinguat
3072 3913 3175 3950 non
3203 3896 3310 3950 alio
3342 3895 3495 3950 modo
3515 3912 3671 3967 quam
3690 3896 3806 3966 gla-

2240 3990 2366 4044 cies.
2394 3990 2662 4054 Aillianus,
2701 3989 2780 4045 De
2804 3989 2928 4043 hist.
2963 3989 3153 4053 anim.,
3200 3989 3297 4045 lib.
3326 4004 3387 4053 ιι,
3432 4004 3555 4060 cap.
3588 3988 3650 4043 5i
3676 4006 3691 4055 ;
3718 3987 3807 4045 Pi-

2242 4083 2408 4146 sides,
2447 4081 2523 4137 De
2550 4081 2734 4137 mundi
2766 4082 2978 4151 opiﬁcio
3005 4098 3024 4135 :

2347 4176 2550 4242 Ποῐαις
2583 4175 2650 4229 δὲ
2675 4176 2891 4244 πηγαῖς
2922 4173 2961 4241 ἢ
2988 4172 3201 4239 βυθοῖς
3243 4171 3669 4244 κεκρυμμένοις

2345 4244 2461 4317 Δρᾷ
2488 4242 2879 4314 σαλαμώοδριι
2908 4246 3014 4310 τὰς
3039 4244 3327 4313 καμίνους
3354 4242 3651 4309 αὶθάλην;

2240 4337 2659 4409 Olympiodorus
2703 4337 2845 4408 apud
2903 4335 3242 4405 Scaligerum
3289 4334 3358 4389 de
3406 4335 3709 4391 subtilitate
3735 4338 3800 4393 ad

2240 4428 2548 4484 Cardanum
2566 4443 2750 4483 exere.
2783 4428 2869 4491 74,
2894 4444 3045 4483 num.
3078 4429 3132 4490 5,
3159 4428 3285 4490 Τοῖς
3311 4426 3586 4496 ὑελέψαις,
3613 4425 3801 4493 inquit.

572 4523 744 4578 visam
782 4523 1017 4591 viperam
1079 4519 1332 4575 feminam
1373 4520 1680 4575 cubitorum
1713 4517 1966 4573 sedecim.
2005 4514 2137 4570 Vide

2243 4517 2409 4592 πολλὴ
2440 4519 2658 4593 φροντὶς
2689 4517 2781 4571 τοῦ
2817 4518 3091 4573 τινάσσειν
3123 4516 3224 4589 τὴν
3265 4516 3552 4588 πάττυρον,
3597 4514 3684 4568 ἵνα
3731 4516 3803 4586 μὴ

572 4615 871 4674 ίΕΙίιιιιιιιιι,
910 4613 1006 4667 lib.
1040 4629 1071 4667 χ
1114 4612 1185 4666 De
1216 4612 1341 4667 hist.
1369 4612 1557 4675 anim.,
1592 4625 1712 4679 cap.
1747 4607 1837 4664 59.

641 4706 778 4761 Ibid.
819 4704 1005 4760 Ἐπὰν
1032 4701 1146 4761 οὖν
1175 4704 1284 4759 τὸν
1322 4707 1516 4774 ὀρισμ.
1556 4703 1764 4763 Herus,
1798 4701 1892 4755 lib.
1934 4715 1981 4762 1,
2013 4712 2134 4767 cap.

574 4799 598 4853 1
633 4817 646 4854 :
679 4796 927 4869 Ἐπειδὴ.
954 4795 1120 4867 τριῶν
1152 4795 1322 4866 γενῶν
1386 4794 1560 4865 ὄφεων
1626 4789 1979 4847 καθεστώτων
2004 4826 2020 4847 .
2070 4786 2138 4839 τὰ

574 4891 672 4963 μὲν
702 4889 862 4945 λοιπὰ
898 4887 1068 4959 θνητὰ
1093 4888 1359 4959 ὑπάρχει,
1394 4885 1552 4939 τοῦτο
1576 4884 1633 4938 δὲ
1665 4883 1822 4955 μόνον
1850 4880 2133 4941 ἀθάνατον,

570 4984 600 5039 ὃ
623 4983 716 5037 καὶ
756 4981 1144 5053 προσφυσῆσαν
1173 4981 1342 5052 ἑτέρῳ
1391 4978 1554 5031 παντὶ
1582 4975 1706 5048 ζὼῳ
1749 4976 1873 5046 δίχα
1920 4972 2013 5026 καὶ
2040 4969 2135 5023 τοῦ

568 5077 751 5130 δακεῖν
786 5075 1012 5146 ἀναιρεῖ.

642 5166 802 5231 lbid.,
830 5167 927 5220 lin.
954 5166 1044 5220 42.
1080 5165 1269 5230 Τούτῳ
1291 5166 1323 5218 ό
1363 5162 1675 5233 ἰχνεύμων.
1707 5160 1989 5230 Quomodo
2016 5179 2135 5219 ser-

568 5270 760 5333 pentes
781 5269 834 5315 et
856 5257 1164 5313 crocodilos
1195 5264 1371 5321 necat,
1396 5258 1676 5327 eleganter
1721 5254 2004 5330 Oppianus
2025 5260 2134 5311 Κυ-

568 5371 702 5425 rma
738 5352 832 5408 lib.
861 5369 943 5407 ιιι.

635 5446 770 5502 lbid.
800 5488 815 5514 ,
864 5448 960 5501 lin.
994 5443 1082 5500 Ην.
1124 5442 1309 5499 Ἀλλὰ
1358 5441 1487 5513 μὴν
1530 5442 1629 5497 καὶ
1681 5442 1849 5510 πρός.
1901 5439 2130 5504 Plinius,

568 5539 664 5593 lib.
695 5555 814 5604 vm,
856 5554 977 5609 cap.
1006 5538 1113 5592 ‘24:
1154 5536 1304 5599 Aspis
1339 5535 1493 5590 habet
1519 5533 1708 5589 deinde
1754 5534 2134 5589 internecinum

569 5630 761 5684 bellum
790 5647 908 5685 cum
952 5631 1305 5686 ichneumone.
1336 5626 1388 5682 Ν
1393 5638 1537 5682 otum
1562 5636 1641 5682 est
1673 5628 1874 5681 animal
1900 5627 1997 5680 hac
2018 5626 2134 5697 glo-

569 5722 653 5774 ria
675 5723 900 5776 maxime
926 5723 979 5776 in
1014 5722 1195 5778 eadem
1226 5732 1411 5777 natum
1435 5720 1685 5791 ﬂigypto.
1711 5717 1902 5788 Mergit
1926 5735 1980 5773 se
2009 5719 2134 5771 limo

567 5810 783 5898 “spius,
809 5811 1069 5881 siccatque
1105 5811 1231 5869 solo.
1259 5810 1387 5867 Mox
1413 5809 1501 5866 ubi
1521 5811 1757 5880 pluribus
1783 5808 1959 5861 eodem
1982 5807 2133 5863 modo

2241 4611 2391 4674 ἐντὸς
2423 4611 2739 4683 περιέχηται
2779 4613 2812 4683 ἡ
2850 4609 3236 4681 σαλαμάνδραο
3272 4608 3542 4680 ζημιῶδες
3570 4608 3680 4680 γὰρ
3706 4609 3803 4662 αὖ·

2240 4706 2352 4768 τοῖς
2377 4703 2453 4776 τῷ
2487 4703 2674 4758 σϐέσαι
2708 4704 2807 4775 τὴν
2835 4704 3082 4775 κάμινον.
3142 4702 3501 4764 Aristoteles,
3532 4702 3627 4756 lib.
3663 4717 3694 4755 ν
3731 4700 3806 4754 De

2240 4795 2367 4849 hist.
2395 4796 2585 4861 anim.,
2620 4808 2744 4865 cap.
2776 4795 2881 4861 19;
2922 4794 3302 4849 Nazianzenus
3334 4795 3389 4846 in
3424 4792 3708 4853 Basiliam.
3753 4802 3805 4846 ct

2243 4886 2515 4941 Partenesi
2542 4886 2610 4939 ad
2649 4886 2907 4954 Virgines.
2949 4884 3088 4939 lluic
3126 4893 3307 4938 tamen
3339 4884 3621 4940 sententia
3652 4882 3806 4937 Dios-

2240 4979 2454 5033 corides
2495 4977 2830 5050 refragatur,
2873 4987 2927 5032 et
2976 4974 3218 5031 Galenus
3247 4976 3301 5029 in
3336 4974 3578 5043 Simplic.
3601 5015 3617 5040 ,
3646 4974 3806 5031 σαλα-

2244 5069 2483 5141 μάνδρας
2514 5069 2808 5141 καυθείσης
2832 5069 3117 5134 meminit;
3164 5075 3218 5124 et
3248 5084 3301 5122 tv
3334 5068 3493 5121 Κατὰ
3522 5068 3672 5134 τόπ.,
3706 5070 3806 5122 Ea-

2239 5161 2549 5234 λαμάνδρας
2577 5163 2919 5235 κεκαυμένης
2956 5162 3156 5217 σποδόν
3184 5161 3434 5231 requirit.

2312 5252 2446 5309 ibid.
2475 5294 2489 5318 ,
2538 5254 2634 5308 lin.
2666 5254 2718 5308 5.
2773 5253 2925 5307 Φασὶ
2968 5251 3036 5306 δὲ
3085 5251 3201 5320 τὴν·
3247 5251 3518 5320 ἔχιδναν.
3551 5250 3803 5311 Basilius,

2240 5348 2388 5403 hom.
2427 5347 2461 5400 9
2494 5366 2507 5401 :
2543 5345 2653 5402 Kal.
2694 5344 2896 5416 ἔχιδναι
2924 5344 3024 5409 τὰς
3059 5345 3269 5416 μήτρας
3295 5342 3652 5413 ἐκφαγοῦσαι,
3673 5358 3806 5413 προ-

2239 5440 2506 5513 έρχονται,
2554 5437 2860 5511 πρέποντας
2895 5440 2960 5511 τῇ
2994 5437 3373 5509 γεννησαμένῃ
3418 5437 3545 5499 τοὺς
3587 5433 3807 5505 μισθοὺς

2239 5531 2632 5587 ὲκτιννύουσαι.
2681 5529 2989 5584 Notandum
3049 5541 3135 5584 est
3186 5528 3331 5599 quod
3358 5535 3547 5581 narrat
3610 5524 3805 5581 Petrus

2243 5624 2569 5689 Damianus,
2619 5623 2714 5677 lib.
2753 5638 2835 5685 ιι,
2883 5623 3101 5692 epistol.
3139 5621 3237 5683 l8,
3270 5620 3337 5675 dc
3373 5620 3475 5673 hac
3504 5617 3690 5674 eadem
3725 5631 3804 5670 re.

2251 5716 2472 5785 Viperte,
2506 5714 2712 5785 inquit,
2742 5714 2839 5769 hac
2872 5714 3093 5769 coeundi
3140 5714 3219 5767 uel
3253 5710 3498 5782 pariendi
3526 5719 3809 5763 consuetu-

2240 5808 2362 5863 dine
2406 5807 2643 5863 naturali
2674 5807 2947 5876 potiuntur
2978 5806 3199 5875 imperio
3234 5814 3288 5857 ut
3340 5802 3604 5856 masculus
3645 5802 3700 5855 in
3749 5813 3809 5856 os
