4064 6290
262 369 362 450 est

1257 392 1320 447 IN
1365 392 1727 448 EUSTATHII
1767 393 2234 448 llEXAEMERON
2273 390 2505 451 NOTAE.

3378 401 3483 456 951

261 515 470 581 [entinte
503 519 657 580 caput
687 511 978 582 impingat,
1005 510 1149 582 quod
1181 511 1277 565 illa
1306 529 1416 581 pra:
1444 513 1599 564 nimii
1627 514 1826 566 amoris
1853 521 1899 574 Α
1929 526 2068 577 ram,
2103 511 2246 580 quod
2279 520 2332 568 et
2361 513 2584 568 tradidit
2631 513 2950 585 Apollonius
3000 515 3143 585 apud
3177 512 3482 572 Philostra-

259 605 592 671 impatie'ntia
623 604 904 658 mordenda
929 605 1204 672 pracidat,
1251 621 1310 658 ac
1330 613 1522 671 praesto
1547 603 1822 674 deglutiat,

257 712 325 750 ex
349 696 497 765 cujus
542 696 731 763 capitis
774 695 939 748 oculis
983 694 1087 748 duo
1124 695 1287 748 catuli
1334 706 1710 762 procreantur,
1735 695 1825 764 qui

259 797 444 857 partus
481 797 708 854 tempore
744 796 984 840 materna
1031 786 1200 839 latera
1241 787 1481 856 utrinque
1515 787 1822 855 corrodunt,

259 888 310 931 et
334 879 410 932 sic
437 878 750 930 altrinsecus
775 877 933 929 simul
953 878 1264 939 occidentes,
1281 885 1329 930 et
1360 886 1628 930 nascentes
1649 893 1822 930 erum-

257 978 408 1035 punt.
443 968 547 1034 Qui
571 969 818 1046 nimirum
841 979 960 1022 ante
989 978 1109 1022 sunt
1134 969 1412 1036 parricida:
1445 985 1600 1038 quam
1626 971 1746 1038 ﬁlii,
1774 979 1822 1021 et

261 1060 378 1112 ideo
412 1076 676 1128 nunquam
703 1070 892 1128 praeter
921 1060 1051 1113 duas
1077 1061 1208 1114 valet
1251 1061 1407 1129 hujus
1437 1066 1637 1131 generis
1673 1078 1821 1115 exce-

259 1151 387 1205 dens
416 1151 614 1220 aliquid
647 1152 888 1207 inveniri.
923 1152 1036 1206 Duo
1070 1161 1250 1207 tamen
1286 1153 1374 1206 hic
1399 1153 1466 1207 de
1498 1164 1691 1207 natura
1724 1154 1821 1208 hu-

253 1237 348 1305 jus
375 1240 642 1307 serpentis
666 1281 680 1301 ,
714 1256 834 1308 qua:
883 1240 1046 1295 refert
1077 1242 1163 1294 hie
1195 1250 1388 1295 auctor
1408 1282 1422 1306 ,
1455 1251 1507 1297 et
1539 1243 1691 1296 multi
1728 1244 1820 1297 alii

259 1344 370 1383 uno
401 1344 515 1392 ore,
567 1332 961 1386 consideranda
990 1340 1139 1396 sunt,
1171 1341 1225 1387 et
1269 1334 1502 1402 primum
1540 1333 1607 1388 de
1639 1337 1815 1402 coitu;

257 1423 334 1475 ait
371 1424 550 1485 enim,
593 1423 830 1493 viperam
873 1441 967 1494 per
994 1439 1058 1478 os
1111 1440 1296 1479 semen
1341 1426 1612 1496 excipere,
1648 1444 1818 1482 mem-

259 1513 529 1582 brmnque
559 1517 724 1568 maris
754 1530 848 1569 ore
875 1515 1145 1577 excidere,
1180 1517 1280 1572 bac
1311 1518 1522 1573 ratione
1552 1525 1685 1572 mari
1720 1537 1816 1574 nec

255 1621 374 1659 cem
403 1607 656 1674 parando.
682 1606 794 1661 Hoc
827 1608 966 1662 idem
996 1609 1155 1662 aliter
1183 1610 1274 1662 alii
1307 1618 1550 1672 narrant,
1573 1611 1814 1679 viperam

254 1696 519 1751 duntaxat
551 1699 631 1750 ori
661 1712 761 1752 suo
793 1699 958 1751 maris
991 1706 1155 1768 caput
1207 1699 1408 1754 habere
1454 1700 1716 1754 insertum
1759 1701 1812 1755 in

254 1786 423 1849 coitu,
456 1793 508 1839 et
539 1785 668 1839 illud
699 1786 892 1840 ardore
925 1786 1164 1841 libidinis
1202 1803 1558 1855 praemorsum
1588 1787 1811 1841 abscin-

1927 611 2040 656 tum
2061 642 2076 666 ,
2106 612 2160 656 et
2209 603 2474 659 Maximus
2524 603 2742 676 Tyrius.
2791 604 2857 658 Et
2879 605 3064 661 Roma:
3099 609 3396 677 saepissime
3427 612 3482 664 in

1923 695 2115 764 ligneis
2144 697 2317 752 thecis
2359 705 2519 751 enata
2565 698 2783 753 soboles
2824 698 2892 753 ab
2921 699 3174 753 oninibus
3217 702 3481 767 cernitur,

1921 795 1974 842 et
2015 804 2213 858 parens
2262 790 2414 845 salva
2460 806 2524 844 ac
2561 798 2842 860 superstes
2877 808 2892 857 ;
2945 799 2999 844 et
3028 805 3126 860 ego
3160 793 3323 845 etiam
3351 792 3480 846 vidi.

1921 879 2158 936 Consule
2187 879 2535 950 Rodiginum,
2564 882 2660 939 lib.
2679 898 2888 952 vn,cap.
2919 883 3004 937 l5.
3039 883 3173 937 lllud
3198 883 3358 938 etiam
3388 884 3480 937 ad-

1919 973 2065 1037 dam,
2117 972 2426 1028 Cardanum
2467 989 2498 1028 a
2535 974 2810 1045 Scaligero
2857 991 3038 1030 exere.
3095 975 3198 1030 125
3248 985 3302 1030 et
3351 975 3479 1041 185,

1919 1081 2070 1118 num.
2106 1065 2192 1129 15,
2229 1067 2573 1136 reprehendi,
2613 1068 2756 1136 quod
2787 1069 2993 1122 scilicet
3023 1068 3263 1137 aspidem
3321 1075 3374 1122 et
3402 1069 3480 1120 vi-

1918 1171 2103 1226 peram
2155 1173 2318 1212 unam
2367 1165 2420 1212 et
2467 1158 2710 1212 eamdem
2756 1159 3074 1227 agnoverit;
3108 1159 3250 1212 sicut
3285 1157 3339 1212 in
3367 1158 3482 1228 epi-

1917 1246 2054 1298 stola
2077 1246 2309 1314 qnadam
2333 1261 2492 1298 manu
2518 1248 2734 1316 propria
2762 1246 2996 1300 Cardani
3022 1248 3224 1316 scripta
3257 1263 3314 1301 se
3345 1247 3481 1301 Sca-

1915 1335 2050 1405 liger
2098 1335 2300 1390 vidisse
2346 1345 2615 1400 testatur,
2663 1354 2788 1392 eum
2829 1340 3108 1408 dipsadem
3140 1356 3263 1394 cum
3297 1342 3480 1410 vipera

1915 1428 2058 1481 idem
2085 1429 2451 1482 existimasse.
2483 1429 2679 1484 Petrus
2716 1432 2842 1485 item
2875 1432 3172 1499 Bellonius,
3204 1433 3474 1488 Observat.

1917 1520 2009 1573 lib.
2049 1535 2123 1582 ιι,
2156 1535 2276 1589 cap.
2308 1519 2375 1573 54
2397 1559 2410 1583 ,
2441 1519 2639 1575 fatetur
2687 1538 2745 1577 se
2772 1523 2952 1577 verbis
2990 1523 3350 1579 Aristotelicis
3379 1526 3479 1579 im-

1913 1612 2130 1681 pulsum
2154 1651 2168 1673 ,
2203 1613 2419 1681 viperas
2459 1624 2799 1683 praegnantes
2827 1616 3187 1670 observasse:
3220 1632 3340 1686 qua:
3361 1618 3480 1672 sine

1913 1704 2116 1759 tunicis
2151 1704 2392 1759 sobolem
2423 1707 2698 1776 peperisse
2726 1709 2857 1761 visae
2888 1716 3033 1761 sunt.
3063 1706 3162 1773 Qui
3191 1717 3372 1763 tamen
3399 1710 3480 1762 vi-

1915 1810 2101 1866 peram
2136 1810 2252 1848 eam
2291 1795 2564 1866 intelligit,
2594 1813 2756 1865 quam
2807 1796 3158 1853 Turonenses
3213 1807 3266 1853 et
3295 1798 3476 1853 Ceno-

255 1877 403 1932 dere.
425 1877 619 1940 Horus,
652 1880 744 1934 lib.
779 1895 839 1933 ιι.
871 1895 988 1948 cap.
1009 1879 1107 1934 59:
1132 1878 1278 1950 Αὕτη
1309 1879 1436 1951 γὰρ,
1468 1880 1592 1933 ὅταν
1619 1880 1806 1948 συγγέ-

1913 1887 2100 1940 manui
2125 1886 2283 1952 Aspic
2312 1889 2592 1942 nominant
2615 1905 2732 1959 quae
2760 1905 2921 1960 quam
2951 1906 3078 1945 vera
3108 1891 3216 1944 sint
3250 1891 3475 1946 alterius

253 1986 410 2040 νηται
428 1968 508 2039 τῷ
525 1969 728 2040 ἇρρενι,
754 1969 929 2040 στόμα
961 1970 1184 2040 στόματι
1207 1969 1534 2040 ἐμϐαλοῦσα,
1554 1969 1646 2022 καὶ
1675 1969 1812 2038 μετὰ

252 2061 314 2113 τὸ
341 2061 758 2132 ἀποζευχθῆναι,
781 2060 1121 2113 ἀποδακοῦσα
1144 2059 1240 2130 τὴν
1272 2060 1508 2130 κεφαλὴν
1535 2059 1625 2112 τοῦ
1653 2059 1812 2129 aspe-

253 2171 360 2215 νος,
391 2155 619 2224 ἀναιρεῖ.
649 2153 902 2216 Basilius,
923 2151 1122 2207 Contra
1153 2151 1469 2218 feneratores
1491 2191 1504 2212 ,
1547 2161 1600 2205 et
1631 2150 1705 2204 De
1733 2153 1812 2202 in-

253 2247 415 2308 vidia;
446 2245 715 2307 AElianus,
749 2244 824 2297 De
847 2245 970 2297 hist.
1005 2244 1194 2307 anim.,
1229 2244 1319 2296 lib.
1354 2259 1392 2305 ι,
1424 2257 1544 2311 cap.
1579 2241 1666 2305 M,
1703 2242 1810 2296 etsi

253 2337 531 2404 paululum
561 2335 628 2388 ab
657 2335 776 2387 aliis
805 2334 989 2388 varius
1017 2331 1186 2396 Phile,
1225 2333 1276 2385 in
1297 2330 1496 2384 lambis
1516 2347 1534 2384 :

361 2449 530 2516 Ἐχις
559 2448 624 2501 δὲ
653 2449 862 2517 θερμὸς
895 2447 1305 2516 προσ-πλακεὶς
1331 2446 1407 2515 τῇ
1434 2445 1684 2516 συζύτῳ,

358 2521 469 2572 Καὶ
499 2518 604 2571 τὸν
626 2519 768 2584 τέως
803 2518 1050 2584 ἣδιστον
1078 2519 1167 2586 ἄρ’
1199 2519 1432 2582 ἀνύσας
1459 2517 1667 2586 γάμον,

355 2589 553 2644 Κεῖται
584 2587 894 2656 φονευθεὶς
922 2589 1067 2642 ὑπαὶ
1095 2587 1200 2654 τῆς
1231 2589 1546 2656 ἐραστριάς

364 2660 580 2712 Τοτύτου
605 2658 725 2712 σὺν
755 2656 898 2725 ὀργῇ
927 2659 1340 2722 λανθανόντως
1364 2657 1650 2725 ἐχομένης

365 2728 627 2796 Σοδαρὸν
652 2729 698 2781 τ’
725 2729 958 2782 ἐκεῖνον
985 2729 1353 2796 ἐκτεμούσης
1376 2727 1619 2795 αὐχένα.

251 2839 613 2906 Prudentius,
672 2839 1118 2912 Ilamartigenia;
1157 2839 1398 2905 Plinius,
1448 2841 1546 2896 lib.
1584 2858 1611 2894 x
1637 2882 1650 2906 ,
1685 2856 1804 2911 cap.

252 2931 340 2995 4‘2,
389 2931 584 3000 Vipera:
611 2948 723 2984 mas
755 2940 908 2999 caput
939 2931 1122 2984 inserit
1154 2931 1207 2984 in
1239 2948 1318 2997 os,
1349 2929 1484 3000 quod
1525 2931 1617 2984 illa
1652 2932 1807 2985 abro-

252 3027 330 3077 dit
362 3025 642 3092 uoluptatis
669 3022 956 3076 dulcedine.
998 3021 1062 3076 Et
1088 3038 1154 3077 ex
1182 3023 1578 3078 recentioribus
1609 3023 1805 3078 Adria-

251 3128 355 3167 nus
383 3111 599 3176 Junius,
628 3113 880 3167 emblem.
908 3112 994 3167 58.

322 3208 482 3274 lbid.,
516 3208 609 3260 lin.
645 3207 696 3262 5.
728 3207 888 3274 Αὕτη
917 3205 984 3259 δὲ
1013 3206 1244 3276 ἔγγυος.
1280 3204 1589 3262 Secundum
1622 3215 1704 3263 est
1738 3207 1804 3263 de
1834 3225 1875 3280 ρ

249 3309 406 3368 partu
451 3316 670 3367 eorum;
710 3300 861 3352 aiunt
905 3315 1137 3370 namque
1187 3301 1333 3371 quod
1381 3300 1506 3364 ﬁlii,
1552 3299 1805 3370 disrupto

247 3402 434 3446 ventre
457 3433 470 3454 ,
508 3408 774 3462 exesaque
807 3393 963 3448 vulva
1010 3401 1340 3462 erumpunt,
1375 3401 1668 3463 pensantes
1694 3432 1708 3456 ,
1742 3407 1805 3446 ac

247 3485 572 3538 ulciscentes
624 3485 853 3554 primam
926 3483 1100 3554 pejori
1163 3485 1458 3556 impietate.
1514 3483 1692 3550 Phile,
1749 3486 1805 3540 in

251 3575 449 3628 lambis
466 3589 485 3626 :

353 3665 526 3733 Πλὴν
551 3666 686 3719 ἀλλ’
717 3669 749 3719 ό
776 3665 892 3734 μὲν
920 3667 1222 3734 τέθνηκεν.
1248 3666 1286 3735 ἡ
1316 3665 1383 3720 δὲ
1409 3667 1526 3719 νῦν
1557 3667 1713 3722 κύει·

353 3737 514 3789 Μετὰ
537 3735 605 3787 δὲ
636 3739 849 3803 μικρόν
879 3754 1009 3806 τινα
1033 3737 1282 3806 αὐτὰτὰ
1303 3737 1499 3806 βρέφη
1531 3741 1750 3806 χρόνον

358 3807 474 3869 Τὴν
496 3807 789 3874 μητρικὶιν
809 3805 1079 3872 ῥήξαντα
1105 3805 1296 3872 νηδὺν
1325 3805 1522 3869 ἐξέδυ.

349 3875 445 3944 Μὴ
479 3875 626 3944 γοῦν
663 3875 1010 3943 τετιμώρηκε
1039 3875 1116 3940 τῷ
1144 3877 1523 3944 φυτοσπόρφ.

252 3991 458 4054 Herus,
487 3991 582 4044 lib.
617 4006 689 4052 ιι,
724 4004 845 4060 cap.
890 3989 996 4054 60;
1036 3988 1340 4058 Antigonus
1375 3989 1690 4060 Carystius,
1726 3989 1804 4044 De

253 4083 518 4148 ntirabil.,
564 4083 700 4137 Οὐδὲ
755 4083 931 4154 ἔχιδνα
980 4083 1080 4147 δίς.
1116 4083 1314 4135 Ἐσθίει
1365 4082 1473 4152 γὰρ
1515 4083 1680 4154 αὐτῆς
1706 4083 1803 4154 τὴν

249 4174 450 4228 κοιλίαν
477 4175 544 4227 τὰ
570 4174 796 4246 ἔμϐρυα.
829 4174 1096 4240 Αέιίδιιιιε,
1121 4175 1212 4229 lib.
1237 4190 1254 4228 ι
1289 4174 1365 4228 De
1391 4175 1577 4228 histor.
1614 4179 1799 4241 anim.,

246 4282 364 4334 cap.
397 4265 466 4318 24
489 4305 503 4327 ,
532 4274 584 4320 et
635 4267 727 4318 lib.
768 4282 832 4318 xv
861 4309 876 4332 ,
911 4282 1031 4336 cap.
1066 4265 1132 4320 16
1156 4305 1170 4329 ,
1213 4283 1280 4321 ex
1321 4269 1589 4322 sententia
1621 4266 1800 4321 Theo-

247 4356 450 4425 phrasti
477 4357 569 4419 ait,
603 4367 844 4410 ventrem
879 4371 985 4409 non
1039 4358 1253 4410 corrmli
1279 4397 1294 4421 ,
1326 4373 1502 4426 neque
1534 4358 1799 4428 disrumpi

244 4462 272 4498 a
309 4445 452 4511 liliis,
485 4445 580 4500 sed
628 4447 754 4515 quia
791 4455 1056 4516 angustus
1100 4455 1185 4501 est
1233 4450 1372 4502 mole
1406 4448 1608 4503 sobolis
1643 4449 1800 4515 pelli-

1911 1979 2011 2032 erit
2037 1977 2241 2045 negotii
2273 1978 2567 2034 discutere.

1981 2067 2114 2123 lbid.
2137 2107 2152 2132 ,
2200 2070 2296 2122 lin.
2328 2070 2381 2124 9.
2424 2071 2708 2140 Γηράσας
2744 2074 2811 2128 δὲ
2839 2079 2872 2129 ό
2910 2075 3062 2146 ὄφις.
3097 2075 3172 2132 De
3201 2087 3474 2148 serpente,

1911 2161 2031 2229 ejus
2072 2170 2300 2226 natura,
2346 2171 2399 2218 et
2441 2163 2713 2234 quomodo
2756 2178 3029 2223 senectam
3057 2180 3251 2233 exuat,
3279 2170 3474 2225 Petrus

1913 2252 2238 2322 Damianus,
2283 2257 2378 2310 lib.
2414 2274 2486 2325 ιι,
2529 2260 2691 2329 epist.
2741 2261 2851 2328 l8;
2895 2260 3179 2325 Elianus,
3225 2262 3299 2317 De
3344 2265 3469 2318 hist.

1911 2348 2072 2403 anim.
2109 2349 2203 2403 lib.
2237 2365 2449 2420 tx,cap.
2483 2352 2681 2416 16,ait,
2716 2364 3022 2424 serpentem
3055 2356 3314 2412 [anniculo
3343 2372 3474 2411 ocu-

1910 2437 1979 2493 lis
2005 2440 2263 2497 allricatis
2284 2445 2565 2498 oculorum
2597 2446 2976 2501 hebetudinem
3012 2448 3281 2517 abjicere;
3315 2465 3474 2505 sene-

1909 2543 2068 2586 scunt
2094 2534 2236 2587 enim
2272 2537 2416 2589 oculi
2451 2544 2504 2590 et
2543 2539 2698 2591 sicuti
2738 2539 3002 2608 reliquum
3041 2555 3272 2609 corpus,
3317 2541 3389 2593 ita
3417 2550 3471 2594 et

1907 2625 2048 2679 oculi
2080 2643 2190 2680 sua:
2218 2627 2570 2696 perfectionis
2601 2629 2801 2683 habent
2839 2630 3128 2684 terminum
3197 2648 3354 2700 quem
3384 2643 3467 2684 at-

1908 2717 2146 2786 tingant,
2177 2735 2334 2788 quem
2361 2721 2406 2774 si
2435 2723 2771 2776 excesserint
2803 2723 2981 2776 lumen
3013 2724 3343 2788 absumunt,
3386 2725 3470 2778 in-

1907 2806 2154 2880 ﬁrmique
2185 2810 2516 2876 redduntur,
2561 2814 2722 2867 Ὅταν
2769 2813 3100 2885 ἀποδύσηται
3136 2817 3196 2869 τὸ
3233 2817 3409 2887 γῆρας
3445 2818 3474 2868 ὁ

1905 2898 2026 2968 ὄφις
2045 2940 2060 2963 ,
2101 2903 2476 2974 ὑπαρχομένου
2512 2905 2568 2958 δὲ
2597 2906 2688 2959 τοῦ
2725 2903 2858 2978 ἦρος
2897 2907 2997 2978 δρᾷ
3027 2907 3215 2971 τοῦτο,
3245 2907 3476 2962 ἐνταῦθά

1904 3006 1985 3043 τοι
2017 2993 2110 3045 καὶ
2139 2994 2247 3047 τῶν
2284 2996 2576 3068 ὀφθαλμῶν
2600 2999 2696 3070 τὴν
2731 3000 2916 3070 ἀχλὺνθ
2950 3001 3044 3053 καὶ
3070 3000 3132 3052 τὸ
3163 3001 3342 3071 ἀμϐλὺ
3371 3001 3472 3070 τῆς

1905 3081 2078 3152 ὄψεως
2110 3085 2352 3155 ρίπτεται
2372 3129 2385 3150 ,
2409 3093 2504 3142 καὶ
2529 3093 2701 3143 ἐκεῖνο
2730 3092 2804 3154 ὡς
2839 3093 3013 3163 γῆρας
3042 3092 3354 3164 ὀφθαλμῶν.
3383 3093 3472 3161 Τῷ

1905 3174 1961 3228 δὲ
1994 3177 2257 3250 μαράθρῳ
2290 3182 2720 3252 προῦποθήγων,
2763 3184 2852 3236 καὶ
2883 3184 3194 3255 περιψήχων
3222 3183 3283 3235 τὸ
3317 3184 3471 3254 ὄμμα

1909 3271 2201 3343 ἑκάτερον,
2243 3271 2359 3328 εἶτα
2401 3275 2627 3346 ὲξὰνθης
2667 3276 2818 3330 τοῦδε
2848 3278 2937 3330 τοῦ
2981 3278 3183 3341 πάθους
3240 3279 3465 3346 γίνεται·

1907 3361 2271 3429 ’Δμϐλυώττει
2304 3363 2360 3416 δὲ
2403 3364 2509 3434 ἄρα
2555 3364 2642 3417 διὰ
2669 3363 2761 3417 τοῦ
2804 3365 3066 3435 χειμῶνος
3095 3365 3373 3435 φωλεύσας
3413 3368 3469 3418 ὲν

1909 3450 2061 3520 μυχῷ
2083 3453 2175 3504 καὶ
2203 3453 2395 3524 σκότῳ.
2419 3454 2624 3506 Οὐκοῦν
2655 3454 2984 3508 παλαιοῦσαν
3013 3457 3076 3508 ὲκ
3100 3455 3207 3509 τῶν
3238 3455 3468 3527 κρυμῶν

1903 3539 2010 3592 τῶν
2053 3539 2206 3603 ζώων
2241 3543 2339 3614 τὴν
2376 3542 2496 3612 ὄψιν
2527 3543 2921 3615 ὑποθερμαῖνον
2946 3544 3006 3596 τὸ
3037 3545 3308 3616 μάραθρον
3338 3545 3467 3598 καθ-

1901 3631 2064 3702 αίρει,
2095 3634 2186 3685 καὶ
2214 3633 2614 3705 ὀξυωπέστερον
2671 3635 2978 3704 ἀποφαίνει.
3015 3635 3081 3690 Et
3107 3637 3334 3702 Plinius,
3371 3637 3464 3690 lib.

1904 3740 2020 3786 vm,
2039 3739 2158 3792 Cap.
2193 3725 2260 3778 27
2289 3743 2300 3777 :
2326 3727 2522 3797 Anguis
2540 3729 2769 3796 hyberna
2790 3729 2989 3782 latebra
3023 3730 3134 3783 uisu
3164 3729 3463 3794 obscurato,

1904 3817 2173 3870 marathro
2218 3817 2388 3872 herba:
2421 3834 2530 3872 sese
2571 3819 2858 3887 a/fricans,
2895 3822 3071 3875 oculos
3114 3822 3356 3890 inungit,
3405 3837 3466 3873 ac

1906 3910 2098 3978 refovet
2124 3925 2142 3972 ;
2165 3912 2210 3964 si
2239 3927 2355 3964 vero
2393 3927 2626 3979 squama:
2661 3912 2999 3980 obtorpuere,
3032 3914 3197 3982 spinis
3230 3908 3464 3982 junipbri

1902 4016 1956 4054 se
1983 4001 2167 4055 scabit.
2198 4001 2263 4055 Et
2292 4002 2384 4056 lib.
2416 4018 2470 4067 ι,
2489 4019 2608 4072 cap.
2640 4003 2710 4058 25
2735 4020 2746 4055 :
2775 4003 3102 4059 Feniculum
3131 4007 3466 4060 nobilitarene

1902 4105 2156 4162 serpentes
2193 4105 2425 4164 gustatu,
2458 4106 2514 4148 ut
2543 4095 2678 4161 dixi,
2709 4109 2967 4151 senectam
3000 4100 3252 4162 exuendo,
3281 4099 3461 4152 oculo-

1903 4204 2116 4257 rumque
2145 4191 2308 4242 aciem
2337 4205 2490 4242 succo
2523 4189 2633 4259 ejus
2683 4190 2975 4259 refovendo.
3016 4192 3334 4246 Aristoteles
3379 4199 3464 4244 ta-

1904 4293 2059 4339 men,
2096 4277 2190 4331 lib.
2220 4293 2312 4331 vm
2347 4277 2418 4332 De
2455 4279 2578 4333 hist.
2627 4281 2826 4345 anim.,
2871 4296 2991 4350 cap.
3029 4282 3126 4346 l7,
3155 4283 3368 4336 videtur
3405 4283 3459 4336 in

1901 4381 1961 4420 ea
1999 4383 2119 4421 esse
2150 4371 2417 4424 sententia
2440 4409 2454 4432 ,
2497 4371 2542 4426 si
2578 4382 2723 4425 recte
2755 4371 2876 4440 ejus
2915 4372 3076 4426 verba
3105 4373 3462 4427 consideren-

1902 4467 2022 4522 tur,
2052 4460 2303 4515 videlicet
2341 4473 2618 4531 serpentes
2647 4478 2755 4516 non
2788 4479 2910 4518 esse
2938 4479 3111 4520 caecos
3145 4483 3158 4518 :
3199 4464 3295 4520 sed
3333 4465 3462 4534 quia

244 4547 349 4599 tur.
375 4537 464 4605 qui
497 4552 618 4591 cum
649 4537 809 4590 reniti
833 4553 940 4591 non
974 4539 1146 4607 possit
1171 4538 1560 4608 ιιθηυηιρῑιυν»
1585 4547 1638 4593 ει
1665 4554 1798 4594 acus
1832 4557 1875 4609 ι)
1903 4557 2060 4625 pellis
2081 4557 2170 4610 illa
2194 4558 2306 4611 sive
2331 4565 2548 4612 senecta
2572 4558 2803 4626 primum
2833 4557 3138 4612 detrahitur
3167 4559 3235 4612 ab
3260 4559 3459 4621 oculis,

242 4631 464 4684 marinae
497 4629 744 4698 exemplo
774 4629 1101 4698 persuadere
1133 4640 1378 4692 conatur,
1401 4647 1522 4699 quae
1552 4631 1678 4700 quia
1704 4646 1795 4685 ea-

241 4738 426 4792 pacem
449 4723 627 4775 alvum
660 4738 765 4774 non
789 4723 987 4776 habent
1013 4723 1263 4778 similiter
1284 4724 1590 4778 alliciuntur
1618 4741 1648 4777 a
1681 4725 1796 4780 suis

243 4816 463 4870 fetibus.
487 4812 717 4878 Plinius,
752 4814 787 4867 l.
817 4813 905 4868 d.:
943 4814 1122 4868 Tertia
1142 4815 1225 4868 die
1255 4818 1396 4869 intra
1418 4827 1624 4869 uterum
1647 4827 1796 4868 catu-

243 4907 318 4958 los
347 4904 609 4968 excludit,
644 4904 827 4958 deinde
868 4905 1102 4974 singulos
1143 4904 1321 4959 diebus
1362 4907 1582 4974 singulis
1631 4908 1792 4974 parit,

240 4999 419 5066 viginti
461 4997 566 5065 fere
594 5013 830 5052 numero.
860 4995 1046 5066 Itaque
1075 4997 1252 5050 caPteri
1312 4996 1581 5050 tarditatis
1611 4998 1796 5066 impa—

241 5095 418 5145 tientes
449 5099 790 5160 perrumpunt
823 5090 990 5143 latera
1023 5089 1196 5141 occisa
1221 5099 1454 5156 parente.
1479 5090 1794 5144 Aristoteles

239 5195 437 5247 tamen,
475 5183 548 5238 De
581 5185 705 5238 hist.
737 5184 924 5243 anim.,
961 5183 1052 5236 lib.
1082 5197 1142 5243 ν,
1173 5196 1294 5250 cap.
1327 5181 1448 5246 ult.,
1481 5181 1638 5234 aliter
1669 5198 1794 5234 sen-

236 5279 298 5330 tit
340 5285 395 5334 et
434 5286 642 5331 narrat.
701 5276 930 5346 Ideoque
977 5277 1043 5329 ab
1081 5275 1356 5345 aliquibus
1397 5275 1497 5329 hoc
1545 5275 1703 5329 sicuti
1739 5284 1793 5328 et

237 5370 466 5437 primtnn
495 5368 562 5422 de
585 5370 888 5439 viperarum
914 5369 1061 5422 coitu
1094 5369 1172 5422 uti
1197 5368 1502 5422 fabulosum
1527 5367 1788 5435 rejicitur.

237 5459 387 5513 Parit
416 5460 622 5513 catulos
671 5459 940 5514 obuolutas
989 5462 1307 5513 membranis
1330 5500 1344 5524 ,
1375 5475 1491 5528 quae
1518 5461 1675 5513 tertia
1707 5460 1790 5514 die

234 5562 565 5622 rumpuntur.
597 5550 863 5622 Contingit
891 5568 1004 5606 vero
1055 5568 1427 5622 nonnunquam
1453 5557 1560 5620 ,‘ut
1601 5553 1688 5622 qui
1737 5553 1790 5606 in

233 5655 375 5698 utero
421 5645 590 5698 adhuc
630 5654 752 5699 sunt
803 5644 1005 5698 abrosis
1060 5645 1378 5698 membranis
1424 5653 1784 5712 prorumpunt.

234 5736 476 5806 Singulos
499 5737 681 5792 diebus
717 5737 938 5807 singulis
981 5738 1156 5806 parit,
1184 5738 1361 5805 plures
1387 5755 1542 5808 quam
1584 5739 1783 5808 uiginti.

237 5827 584 5883 Vcrissimum
620 5829 800 5899 itaque
830 5838 912 5883 est
954 5843 1239 5899 superesse
1283 5830 1459 5899 partui
1506 5843 1606 5883 suo
1640 5827 1785 5897 vipe-

1897 4647 2024 4703 dum
2047 4657 2341 4714 exuuntur,
2361 4651 2481 4704 ideo
2503 4650 2570 4704 iis
2586 4652 2676 4719 qui
2696 4665 2808 4703 rem
2833 4654 2938 4702 no'n
2967 4650 3269 4719 intelligunt
3293 4652 3461 4706 videri

1896 4755 2068 4794 etecos
2098 4740 2234 4803 fieri,
2254 4741 2419 4794 Ὅταν
2439 4741 2494 4794 δὲ
2527 4741 2799 4812 ᾶρχωνται
2828 4739 3066 4792 ἐκδύνειν
3091 4742 3137 4792 οἱ
3165 4740 3335 4808 ὄφεις,
3355 4743 3462 4795 ἀπὸ

1892 4832 1998 4885 τῶν
2037 4832 2325 4903 ὀφθαλμῶν
2357 4832 2681 4901 ἀφίστασθαι
2712 4831 2924 4904 πρῶτόν
2961 4849 3156 4900 φασιν,
3197 4831 3335 4885 ὥστε
3373 4834 3461 4886 δο-

1894 4926 2007 4976 κεῖν
2047 4924 2290 4991 γίνεσθαι
2329 4925 2560 4991 τυφλοὺς
2602 4927 2713 4986 τοῖς
2757 4923 2829 4993 μὴ
2871 4923 3108 4976 συνιοῦσι
3157 4924 3218 4976 τὸ
3266 4925 3455 4989 πάθος.

1893 5012 2094 5069 Natura
2127 5016 2543 5085 perlectioribus
2570 5015 2895 5069 animalibus
2927 5014 3130 5075 invida.
3163 5020 3246 5070 sui
3278 5025 3455 5070 tamen

1894 5107 1947 5160 in
1981 5109 2322 5176 serpentibus
2364 5107 2588 5176 prodiga
2646 5108 3003 5176 conspicitur.
3055 5107 3108 5161 Si
3169 5109 3254 5162 cui
3313 5107 3454 5162 enim

1892 5200 1974 5252 vel
2011 5200 2343 5254 levissimum
2379 5199 2505 5268 quid
2535 5200 2587 5252 in
2618 5201 2806 5253 oculos
2838 5200 3112 5267 injeceris,
3138 5209 3334 5268 prarter
3359 5197 3451 5251 ἀο-

1893 5285 2034 5340 lores
2061 5288 2375 5350 immensos,
2393 5295 2444 5342 et
2465 5288 2750 5358 laerymas,
2771 5304 2891 5358 qua:
2905 5289 3168 5344 continuo
3191 5286 3450 5347 delluunt,

1889 5374 1974 5445 est
2019 5389 2072 5432 et
2115 5379 2413 5447 perieulum
2471 5379 2611 5441 illis,
2652 5395 2717 5434 ne
2743 5427 2746 5430 .
2777 5381 2966 5435 morbo
3008 5380 3224 5434 obnoxii
3270 5379 3455 5430 lumen

1889 5469 2162 5523 amittant.
2190 5469 2344 5536 Quod
2375 5471 2421 5524 si
2460 5471 2785 5540 contigerit,
2825 5487 3091 5542 nusquam
3120 5471 3185 5524 ad
3220 5469 3448 5539 primam

1890 5561 2034 5614 illam
2083 5563 2252 5616 aciem
2289 5564 2497 5634 regredi
2524 5565 2725 5622 valent.
2758 5565 3113 5633 Serpentibus
3143 5563 3195 5616 id
3225 5577 3448 5618 conces-

1889 5653 1992 5716 sit,
2022 5667 2253 5722 quorum
2284 5657 2475 5712 oculos
2505 5658 2548 5711 si
2583 5658 2930 5719 laccraveris,
2957 5656 3046 5708 alii
3072 5662 3445 5722 renascentur,

1886 5753 1940 5797 et
1983 5744 2123 5798 idem
2167 5763 2290 5800 cum
2332 5749 2607 5817 prioribus
2641 5764 2838 5802 munus
2869 5746 3219 5817 praestabunt.
3254 5747 3447 5802 Notavi

1888 5846 1952 5884 ex
1980 5830 2290 5895 Aristotele,
2322 5832 2394 5886 De
2423 5835 2546 5888 hist.
2586 5835 2772 5897 anim.,
2805 5831 2896 5886 lib.
2936 5846 3008 5894 ιι,
3034 5845 3151 5894 cap.
3185 5831 3248 5885 l'l
3269 5871 3282 5897 ,
3319 5829 3450 5888 Eut-
