4064 6290
615 386 720 444 905
1900 376 2145 435 LEONIS
2178 373 2448 432 ALLATII
3751 369 3878 423 961

614 507 728 560 nire
764 499 1088 572 senpentibus
1118 498 1263 554 idem
1286 497 1423 570 quod
1453 493 1614 567 pu‘llis
1656 494 2000 549 hirundinum
2033 509 2180 547 non-—

2286 506 2380 552 τας
2396 506 2410 520 ⁸
2444 486 2682 551 καὶτοὺς
2710 487 2914 551 ἰδόντας
2936 485 3097 542 αὐτόν
3119 501 3130 515 '
3152 488 3247 542 καὶ
3268 487 3350 541 ὃτι
3370 487 3479 540 τῶν
3506 485 3683 541 ἄλλων
3701 482 3878 549 ζώων

614 595 750 651 nulli
777 595 957 657 aiunt;
974 592 1140 648 oculis
1160 592 1300 647 enim
1320 597 1615 658 serpentum
1641 587 1910 651 laceratis,
1928 585 2179 640 subnasci

2286 579 2410 634 εἴτι
2443 580 2534 634 καὶ
2565 580 2760 650 ἅψαιτο
2804 578 2898 632 τοῦ
2947 578 3086 644 ζὼου
3118 578 3444 651 ἀνηρμὲνου,
3476 578 3572 632 καὶ
3600 577 3734 631 αὐτὸ
3762 594 3870 629 τε-

617 686 751 741 alios
774 683 1042 754 referunt;
1074 683 1263 737 cauda:
1295 683 1458 736 etiam
1486 679 1699 732 lacertis
1739 672 1894 749 atque
1920 676 2176 746 serpenti-

2286 672 2440 742 λιυτᾷ
2466 670 2686 735 εὐθέως,
2715 687 2811 724 και
2835 670 2923 724 διὰ
2947 669 3105 724 τοῦτο
3138 672 3249 724 πᾶν
3281 669 3445 725 αὐτοῦ
3476 668 3539 724 τὸ
3566 670 3725 740 γένος
3744 671 3868 725 τῶν

617 777 712 830 bus
741 785 1030 845 amputatae
1060 785 1430 828 renascuntur.
1458 770 1688 832 Plinius,
1706 768 1799 823 lib.
1832 782 1909 833 xl,
1933 782 2054 837 cap.
2087 764 2177 829 '57,

2286 763 2450 818 ιλλων
2494 762 2697 833 θηρίων
2745 762 2912 831 ἐγγὺς
2959 757 3097 815 εἶναι
3128 760 3474 831 φυλάττεται.
3524 760 3730 817 Eadem
3765 777 3868 816 re-

619 868 928 937 Serpentum
942 866 1134 921 catulis
1149 876 1199 920 et
1227 864 1570 919 hirundinum
1590 861 1771 933 pullis,
1789 861 1836 914 si
1865 858 1981 928 quis
2003 864 2178 920 eruat,

616 961 822 1015 renasci
852 960 1091 1013 tradunt.

687 1049 820 1105 Ibid.
837 1050 946 1104 Καὶ
961 1049 1309 1117 νηστεύσας
1323 1044 1565 1116 ἡμέρας.
1594 1043 1934 1101 Aristoteles.
1952 1041 2026 1096 De
2052 1040 2178 1095 hist.

615 1143 781 1196 anim.
812 1143 849 1197 l.
877 1156 997 1205 vin,
1039 1156 1088 1195 c.
1123 1139 1178 1205 4,
1210 1137 1302 1193 diu
1325 1147 1378 1193 et
1407 1144 1686 1206 serpentes
1717 1143 1773 1189 et
1793 1134 2083 1205 phalangis
2108 1130 2184 1185 vi-

613 1248 742 1289 vere
785 1247 944 1303 posse
981 1231 1099 1286 sine
1136 1230 1259 1285 cibo
1317 1228 1567 1289 allirmat,
1605 1225 1748 1296 quod
1788 1240 1854 1278 ex
1902 1223 1991 1287 iis,
2043 1237 2182 1292 quos

615 1325 1047 1397 pharmacopola:
1094 1323 1247 1376 alunt
1275 1323 1622 1391 perspicuum
1668 1326 1773 1374 est.
1827 1316 2180 1388 Epiphanius,

615 1419 671 1472 in
711 1417 950 1487 Physiol.
979 1431 1031 1470 c.
1056 1415 1123 1468 15
1149 1433 1161 1468 :
1196 1415 1366 1467 Ὅταν
1397 1412 1672 1484 γηράσκῃ,
1706 1410 2065 1480 ἀμϐλύνονται
2091 1408 2185 1461 αὑ-

614 1506 710 1563 τοῦ
741 1509 791 1561 οἱ
820 1506 1106 1577 ὀφθαλμοὶ,
1136 1505 1229 1558 καὶ
1260 1503 1354 1557 ἐὰν
1401 1502 1713 1566 ἀνανεάζειν
1758 1500 1943 1555 ἑαυτὸν
1989 1500 2183 1572 βούλη-

614 1616 726 1663 ται,
753 1597 998 1670 νηστεύει
1026 1597 1234 1668 ἡμέρας
1262 1596 1687 1667 τεσσαράκοντα,
1707 1595 1812 1657 ἕως
1838 1592 1903 1647 ἂν
1929 1593 1991 1647 τὸ
2015 1592 2185 1663 δέμας

618 1690 783 1746 αὐτοῦ
835 1689 1084 1762 χαυνωθῇ
1106 1732 1120 1754 ,
1161 1689 1254 1743 καὶ
1302 1689 1546 1760 εὑρίσκει
1603 1687 1826 1757 πέτραν,
1874 1688 1969 1741 καὶ
2017 1690 2186 1758 ραγαι

617 1783 864 1838 δαστεύει
883 1801 897 1814 ο
938 1781 1221 1855 προκύψας
1252 1778 1309 1833 δὲ
1346 1780 1432 1834 διὰ
1475 1780 1573 1851 τῆς
1599 1779 1737 1851 ὀπῆς
1767 1778 1984 1832 ὠθεῖται
2014 1777 2186 1850 περά-

2281 854 2387 908 fert
2419 851 2620 919 Herus,
2666 854 2759 908 lib.
2813 869 2852 917 ι,
2887 867 3009 923 cap.
3042 854 3097 917 1,
3146 859 3200 908 et
3238 853 3334 908 lib.
3376 868 3435 913 η,
3468 868 3591 922 cap.
3621 851 3683 906 61
3712 871 3728 919 ;
3760 854 3865 905 Al-

2279 945 2469 1000 bertus
2510 944 2757 1015 Magnus,
2787 945 2881 999 lib.
2911 960 3018 999 xxv
3048 943 3124 998 De
3150 946 3339 1009 anim.,
3359 947 3638 998 nominum
3670 944 3865 999 diver-

2281 1037 2438 1093 sitate
2484 1037 2764 1107 deceptus,
2796 1037 3108 1093 basiliscum
3133 1035 3567 1105 congeminando
3607 1038 3747 1092 duas
3782 1037 3858 1091 il-

2281 1128 2387 1183 lius
2441 1127 2652 1197 species
2728 1127 2973 1184 diversas
3022 1128 3336 1193 constituit;
3412 1127 3678 1197 siquidem
3737 1127 3857 1183 duo

2281 1220 2459 1286 capita
2502 1217 2660 1281 'l‘acit,
2698 1217 2929 1272 alterum
2960 1218 3028 1273 de
3080 1218 3355 1284 basilisco,
3390 1219 3619 1273 alterum
3648 1220 3718 1274 de
3765 1235 3862 1273 ar-

2281 1324 2458 1364 mene.
2482 1308 2760 1364 Avicenna
2783 1308 3016 1378 dubitat,
3043 1311 3185 1366 sitne
3207 1310 3348 1366 idem
3376 1327 3602 1381 serpens
3628 1326 3860 1368 arniene

2284 1416 2408 1454 cum
2442 1400 2718 1464 basilisco,
2770 1402 2855 1456 vel
2885 1402 3155 1458 diversus.
3207 1401 3466 1457 Nicolaus
3510 1402 3860 1460 Leonicenus

2284 1507 2561 1547 armenem
2591 1499 2647 1548 et
2675 1493 2989 1548 basiliscum
3019 1494 3233 1549 unicam
3254 1510 3377 1550 esse
3399 1497 3635 1565 speciem
3668 1506 3725 1551 et
3744 1513 3855 1551 non

2284 1585 2423 1641 duas
2454 1587 2639 1642 multis
2686 1588 3023 1658 argumentis
3073 1602 3136 1642 ac
3177 1588 3480 1644 rationibus
3511 1590 3727 1659 probat,
3767 1606 3857 1645 re-

2284 1674 2528 1747 fellitque
2578 1677 2880 1740 Albertum,
2912 1684 2966 1732 et
3009 1676 3362 1742 Avicennam,
3403 1687 3459 1732 et
3483 1679 3853 1748 quorumdam

2286 1769 2514 1823 aliorum
2547 1770 2879 1840 opinionem,
2906 1769 3001 1841 qui
3043 1784 3319 1826 armenem
3350 1786 3516 1825 unum
3549 1784 3675 1825 cum
3704 1782 3859 1827 cato-

621 1889 732 1937 σαι,
783 1874 876 1926 καὶ
921 1838 1169 1926 tx'smé.
1201 1838 1280 1924 ⁷τὸ
1327 1838 1568 1941 γῆρας
1590 1838 2018 1926 καί-ἀποϐαλὼν
2055 1838 2185 1923 αξιτό

2287 1861 2444 1931 blepa
2490 1838 3197 1932 coristituebantPDecepti,
3236 1872 3294 1917 ut
3320 1871 3477 1933 puto,
3527 1864 3857 1918 auctoritate

617 1965 898 2037 τερπωλὴν
936 1965 1162 2037 παρέχει
1197 1963 1513 2020 νεανίσκων.

692 2056 848 2124 Ibid.,
880 2058 980 2111 lin.
1011 2057 1099 2112 10.
1150 2055 1264 2109 Kal
1294 2054 1625 2124 εἰσέρχεται
1654 2057 1742 2122 εἰς
1764 2057 1901 2125 par.
1953 2052 2187 2125 Serpen-

618 2157 705 2206 tes
732 2159 1004 2207 senectam
1046 2166 1246 2205 exuere
1292 2140 1542 2204 scribunt
1567 2148 1908 2215 Aristoteles,
1942 2148 2020 2202 De
2059 2148 2182 2204 hist.

619 2242 781 2298 anim.
832 2241 924 2296 lib.
976 2255 1096 2303 vui,
1138 2256 1189 2296 c.
1228 2241 1324 2307 l7;
1361 2239 1633 2305 AZIianus,
1680 2240 1715 2294 Ι.
1746 2256 1822 2305 ix,
1854 2255 1905 2296 c.
1953 2241 2056 2309 l6;
2093 2240 2186 2294 Ni-

619 2334 844 2396 cander,
897 2334 954 2387 in
1007 2331 1310 2396 Theriacis;
1364 2332 1656 2404 Virgilius,
1716 2348 1757 2387 η
1805 2331 1992 2402 Georg.
2046 2341 2100 2388 et
2146 2349 2184 2387 ιι

619 2424 876 2491 Αἰηεὶάά
916 2422 1164 2487 Nonnus,
1196 2423 1550 2495 Dionysiacon
1598 2425 1634 2478 ι.
1668 2440 1786 2491 xu;
1823 2424 2098 2488 Simmias,
2130 2425 2184 2479 in

620 2514 784 2580 Ala.;
821 2513 1091 2569 Theodor.
1142 2515 1179 2569 l.
1212 2529 1228 2567 ι
1265 2513 1616 2583 Therapeut.;
1658 2512 1888 2576 Plinius,
1922 2514 1957 2569 l.
1984 2530 2102 2577 vm,
2133 2529 2183 2570 c.

617 2607 688 2661 27
716 2624 729 2661 :
761 2605 962 2676 Anguis
992 2604 1219 2676 hyberno
1250 2605 1356 2658 situ
1389 2604 1690 2659 membrana
1712 2592 1943 2676 corporis
1963 2605 2187 2659 obducta

620 2697 854 2769 faeniculi
883 2712 1036 2750 succo
1066 2695 1491 2763 impedimentum
1533 2695 1669 2749 illud
1700 2698 1863 2759 exuit,
1890 2695 2188 2765 nitidusque

620 2799 822 2845 uernat.
872 2786 1035 2844 Exuit
1062 2798 1237 2842 autem
1271 2803 1305 2840 a
1340 2786 1509 2856 capite
1549 2789 1800 2856 primum,
1835 2804 1927 2841 nec
1969 2788 2187 2843 celerius

621 2899 780 2955 quam
811 2898 913 2935 uno
939 2881 1044 2943 die,
1077 2898 1140 2935 ac
1172 2890 1319 2935 nocte
1348 2877 1628 2949 replicans,
1655 2890 1719 2933 ut‘
1738 2894 1888 2935 extra
1911 2883 2006 2950 ﬁat
2028 2897 2188 2935 mem-

624 2974 812 3033 brana,
864 2970 1001 3042 quod
1050 2971 1223 3039 fuerat
1270 2970 1447 3034 intus;
1498 2968 1699 3037 llorus,
1731 2970 1767 3025 l.
1819 2986 1857 3035 ι,
1907 2986 1956 3025 c.
1987 2970 2044 3024 2.
2079 2968 2190 3026 Nec

625 3063 799 3134 parcit
840 3062 941 3116 hac
971 3061 1026 3115 in
1061 3076 1121 3116 re
1163 3059 1415 3115 Cardano
1460 3057 1720 3130 Scaliger,
1755 3074 1933 3116 exere.
1970 3060 2089 3123 189.
2128 3077 2182 3117 n.

624 3155 681 3219 5,
721 3154 814 3211 sed
848 3168 1068 3208 causam
1108 3152 1396 3207 adductam
1428 3168 1595 3223 quare
1617 3161 1895 3222 serpentes
1934 3164 2186 3208 senectu-

624 3253 732 3301 tem
788 3251 993 3298 exuant
1048 3251 1270 3312 propter
1324 3242 1624 3296 siccitatem
1671 3242 1953 3309 duntaxat_
1991 3242 2187 3298 refellit

622 3337 870 3406 exemplo
899 3334 1189 3399 stellionis,
1221 3333 1313 3404 qui
1341 3348 1452 3388 non
1482 3340 1568 3388 est
1617 3333 1801 3389 siccus
1836 3341 1891 3389 et
1931 3335 2102 3399 exuit,
2135 3341 2190 3389 et

623 3431 888 3484 arborum
925 3428 1240 3490 siceioruni,
1271 3426 1365 3497 qui
1402 3426 1660 3482 corticem
1702 3427 1909 3481 nullum
1939 3434 2186 3495 mutant;

624 3523 1032 3586 cantharidum,
1062 3536 1185 3591 qua
1215 3520 1355 3574 inter
1381 3519 1589 3574 insecta
1613 3519 1933 3574 siccissimas
1956 3527 2105 3583 sunt,
2137 3525 2191 3573 et

623 3616 880 3672 cimicum
917 3613 1240 3677 volantium,
1271 3626 1411 3683 quos
1442 3612 1560 3682 ipse
1596 3627 1656 3667 se
1688 3613 1876 3683 igneos
1906 3618 2189 3683 expertum

623 3721 751 3763 esse
785 3707 1005 3762 fatetur.
2058 3780 2061 3787 ι

698 3798 859 3863 Ibid.,
895 3798 994 3852 lin.
1024 3798 1111 3852 15.
1133 3799 1318 3852 Ὅταν
1350 3797 1420 3852 δὲ
1450 3795 1708 3865 διψήσῃ.
1740 3793 1817 3851 De
1836 3794 2040 3864 vipera,
2070 3809 2190 3864 quae

622 3905 893 3946 Venenum
920 3891 1157 3959 exspuit
1189 3890 1317 3944 dum
1359 3904 1483 3945 cum
1525 3902 1765 3942 muraena
1816 3885 2184 3958 congreditur,

625 3983 765 4040 idem
783 3983 1030 4037 scribunt
1051 3982 1332 4053 Oppianus
1357 3982 1609 4038 Ἂλιευτ.
1629 3997 1647 4037 ι
1667 3999 1682 4049 ;
1705 3980 1858 4037 Phile
1873 3980 1931 4036 in
1944 3978 2148 4035 lambis
2165 3996 2187 4046 ;

625 4072 863 4127 Achilles
893 4071 1104 4132 Tatius.
1139 4082 1194 4127 et
1231 4073 1344 4127 alii.
2158 4139 2163 4145 ‘

697 4162 856 4227 Ibid.,
895 4164 990 4218 lin.
1026 4163 1116 4220 19.
1145 4164 1208 4218 Ὃ
1238 4164 1307 4219 δὲ
1326 4165 1699 4231 ,ϐασιλίσκος
1721 4165 1832 4220 ιόν.
1864 4164 2187 4219 Basiliscum

623 4262 678 4310 et
699 4255 899 4310 olfactu
930 4262 1234 4318 necantem,
1268 4262 1322 4309 et
1350 4256 1619 4309 hominem
1648 4257 1693 4312 si
1721 4255 1949 4326 aspiciat
1977 4263 2187 4310 tantum

625 4349 939 4404 interimere
969 4349 1105 4403 dicit
1148 4347 1379 4409 Plinius,
1416 4349 1509 4402 lib.
1546 4364 1693 4414 xxix,
1723 4364 1845 4419 cap.
1890 4348 1945 4412 4,
1991 4349 2047 4403 in
2079 4363 2188 4418 quo

625 4441 746 4495 loco
795 4455 894 4511 pro
943 4439 1165 4508 olfactu,
1219 4440 1397 4510 afflatu
1444 4440 1884 4496 restitueremex
1910 4441 2186 4495 communi

2287 1954 2470 2019 Plinii,
2516 1954 2608 2025 qui
2648 1954 2742 2010 lib.
2786 1971 2904 2018 vni,
2938 1955 3100 2027 capit.
3134 1955 3224 2020 21,
3259 1955 3355 2018 ait,
3390 1957 3852 2027 quemadmodum

2287 2045 2624 2110 basiliscum,
2650 2046 2731 2099 ita‘
2748 2053 2804 2101 et
2830 2046 3165 2115 catoblepam
3190 2046 3275 2100 vel
3295 2046 3410 2101 solo
3429 2056 3654 2116 aspectu
3681 2047 3856 2100 homi-

2287 2152 2386 2193 nes
2442 2146 2606 2208 atque
2636 2138 2743 2192 alia
2771 2138 3025 2192 animalia
3048 2138 3377 2194 interimere.
3417 2138 3573 2195 Mons
3601 2141 3728 2194 item
3757 2142 3847 2211 qui

2286 2225 2566 2298 Narsingae
2618 2241 2844 2298 regnum
2896 2226 3093 2282 dividit
3139 2242 3169 2281 a
3202 2226 3493 2284 Malabaris
3525 2229 3724 2284 multas
3751 2229 3842 2283 alit

2288 2320 2454 2387 feras,
2488 2320 2629 2374 inter
2658 2336 2795 2391 quas
2822 2321 2996 2376 alatos
3026 2336 3235 2393 angues
3271 2321 3571 2378 arboribus
3591 2323 3839 2379 insisten-

2288 2418 2395 2474 tes,
2427 2425 2566 2481 quos
2598 2413 2753 2467 aiunt
2792 2414 2912 2469 solo
2943 2413 3154 2479 alﬂatu,’
3181 2415 3267 2471 vel
3314 2416 3477 2470 etiam
3511 2417 3726 2481 obtutu,
3753 2433 3846 2473 eos

2286 2505 2380 2573 qui
2433 2506 2657 2574 propius
2708 2504 2976 2560 accedunt
3024 2507 3348 2563 interﬁcere.
3400 2506 3581 2564 Julius
3612 2508 3851 2579 Scaliger

2287 2594 2341 2647 in
2375 2592 2707 2661 Cardanum,
2742 2597 2967 2651 exercit.
2990 2596 3114 2653 249.
3147 2597 3332 2664 refert,
3360 2615 3419 2655 se
3469 2600 3668 2671 legisse
3711 2602 3849 2672 apud

2288 2688 2617 2743 recentiores
2641 2686 2823 2743 Romae
2842 2687 3022 2743 Leone
3045 2688 3300 2759 pontiﬁce
3329 2691 3566 2746 maximo
3590 2692 3660 2747 ad
3684 2695 3852 2748 aedem

2286 2777 2468 2835 Lucia:
2504 2780 2607 2835 sub
2636 2780 2842 2836 fornice
2868 2781 3201 2837 stabulatum
3231 2798 3355 2841 esse
3386 2783 3728 2850 basiliscum,
3758 2801 3853 2841 cu-

2283 2873 2376 2942 jus
2405 2873 2584 2928 aﬂlatu
2619 2889 2811 2942 magna
2846 2875 2932 2928 lue
2964 2874 3155 2930 allecta
3193 2873 3369 2931 Roma
3400 2877 3592 2941 'l'uerit,
3622 2894 3853 2949 eumque

2287 2962 2431 3017 illico
2488 2962 2762 3032 pontiﬁcis
2817 2964 3070 3034 precibus
3111 2965 3465 3023 exstinctum.
3530 2966 3852 3023 Basiliscum

2287 3072 2397 3111 non
2429 3057 2695 3110 incantati
2724 3064 2977 3112 testatum
3000 3066 3084 3112 est
3101 3058 3276 3113 sacris
3294 3056 3513 3115 Litteris
3539 3081 3551 3115 :
3576 3059 3709 3116 Ecce
3738 3078 3853 3132 ego,

2287 3149 2454 3219 inquit
2491 3146 2766 3213 Dominus,
2791 3150 2996 3203 mittam
3030 3150 3172 3205 vobis
3199 3163 3453 3222 serpentes
3479 3155 3705 3226 regulos,
3735 3160 3856 3229 qui-

2289 3239 2381 3293 bus
2408 3256 2509 3293 non
2529 3249 2604 3298 est
2632 3240 2941 3307 incantatio,
2960 3253 3009 3296 et
3032 3244 3332 3299 moidebunt
3358 3262 3441 3300 vos
3457 3248 3492 3299 ‘.
3525 3245 3664 3312 Quin
3680 3252 3851 3305 etiam

2288 3330 2505 3400 quidam
2537 3332 3213 3391 credideruntbasiliscum
3246 3336 3637 3393 incantamenta
3659 3339 3850 3397 discu-

2288 3437 2422 3486 tere.
2456 3436 2509 3483 et
2539 3428 2609 3482 ab
2637 3429 2725 3484 his
2760 3429 2873 3500 jam
2909 3439 3102 3502 captos
3134 3432 3262 3487 alios
3306 3441 3581 3507 serpentes
3614 3437 3751 3491 solvi
3783 3448 3840 3494 et

2288 3520 2529 3576 liberari.
2577 3520 2763 3576 Obiter
2806 3522 3045 3577 notanda
3076 3532 3161 3579 est
3204 3524 3289 3579 hic
3319 3524 3604 3596 Augustini
3655 3528 3844 3601 Euga-

2288 3612 2402 3666 bini
2447 3614 2739 3679 sententia,
2792 3615 2886 3685 qui
2931 3616 2987 3671 in
3033 3613 3359 3687 Cosmoptzitt
3406 3628 3714 3690 serpentem
3756 3625 3854 3694 qui

2288 3702 2453 3759 Evam
2504 3706 2714 3778 decepit
2770 3705 2943 3765 fuisse
2988 3709 3311 3765 basiliscum
3355 3722 3559 3777 censet,
3601 3726 3665 3770 ut
3708 3718 3854 3773 sicut

2288 3795 2558 3863 diabolus,
2588 3800 2679 3869 qui
2710 3802 2939 3857 tentavit
2968 3801 3157 3868 Evam,
3193 3805 3450 3876 princeps
3477 3805 3652 3864 fuisse
3678 3811 3856 3865 credi-

2288 3894 2379 3941 tur
2411 3890 2737 3956 daemonum,
2767 3891 2843 3945 ita
2882 3908 3017 3950 usus
3048 3895 3120 3950 sit
3160 3903 3219 3949 ut
3253 3911 3459 3966 organo
3488 3913 3556 3953 eo
3584 3910 3851 3970 serpente,

2289 3981 2383 4050 qui
2443 3981 2687 4036 omnium
2743 3993 3058 4055 serpentum
3126 3995 3386 4056 tanquam
3445 4004 3541 4045 rex
3604 3990 3849 4048 habetur.

2290 4069 2445 4125 Hunc
2473 4086 2601 4127 vero
2634 4089 2757 4130 esse
2798 4076 3138 4141 basiliscum,
3170 4086 3223 4133 et
3272 4095 3470 4134 nomen
3508 4081 3686 4151 ipsum
3718 4084 3849 4137 indi-

2288 4172 2396 4225 cat,
2427 4172 2481 4220 et
2525 4180 2646 4236 qua!
2691 4167 2759 4222 de
2814 4169 3120 4224 incredibili
3168 4171 3289 4241 ejus
3340 4173 3408 4227 ad
3459 4176 3764 4231 nocendum
3796 4179 3843 4233 vi

2286 4253 2495 4311 Plinius
2520 4264 2574 4312 et
2605 4256 2824 4314 Solinus
2859 4261 3100 4317 tradunt.

2361 4347 2522 4414 Ibid.,
2552 4349 2645 4404 lin.
2678 4349 2767 4404 22.
2814 4351 3148 4420 ’ἱστοροῦσι
3172 4353 3240 4408 δὲ
3272 4357 3474 4411 αὐτόν.
3510 4356 3771 4430 Origenes
3794 4359 3842 4413 in

2288 4446 2478 4495 catena
2525 4439 2708 4496 Graeca
2740 4443 2797 4497 in
2848 4441 3068 4509 Jerem.,
3101 4461 3222 4517 cap.
3254 4446 3321 4501 49
3352 4467 3365 4503 :
3393 4450 3503 4503 Καὶ
3548 4450 3701 4519 ὄφεις
3748 4452 3849 4523 γὰρ

625 4542 912 4587 auctorum
965 4532 1256 4595 sententia,
1304 4532 1395 4601 qui
1455 4531 1633 4586 amata
1679 4548 1837 4587 suum
1868 4533 2017 4588 virus
2071 4533 2184 4587 cir-

2291 4532 2555 4597 ῐοόόλὶους
2600 4536 2648 4587 εἰ
2671 4535 3063 4601 κατακλεισεις,
3114 4538 3235 4609 ὕψει
3269 4541 3395 4605 τοὺς
3451 4542 3701 4606 ἀσθενεῖς
3753 4545 3849 4597 ὑπὸ

625 4640 1009 4694 curnspargere
1034 4624 1247 4685 dicunt,
1276 4631 1330 4678 et
1362 4623 1537 4693 ipsius
1568 4623 1725 4677 Plinii
1757 4624 1960 4686 verbis,
1999 4624 2036 4677 l.
2067 4638 2186 4685 vui.

590 4749 595 4755 -
625 4730 675 4769 c.
709 4714 772 4768 21
799 4735 812 4769 :
835 4713 1029 4769 Eadem
1050 4725 1098 4769 et
1129 4714 1365 4770 basilisci
1388 4716 1639 4783 serpentis
1669 4724 1749 4768 est
1782 4715 1874 4769 vis.
1901 4714 2190 4785 Cyrenaica

624 4804 760 4858 hunc
784 4815 990 4875 generat
1030 4806 1322 4874 provincia,
1364 4821 1439 4859 xu
1488 4820 1591 4858 non
1628 4805 1855 4874 amplius
1903 4807 2188 4875 digitorum

625 4897 999 4965 magnitudine,
1035 4898 1267 4953 candida
1308 4899 1360 4952 in
1394 4899 1564 4967 capite
1596 4899 1826 4962 macula,
1875 4907 1934 4952 ut
1959 4900 2189 4971 quodam

623 4986 920 5041 diademate
959 4990 1231 5059 insignem.
1283 4989 1448 5043 Sibilo
1496 5005 1672 5043 omnes
1708 4990 1859 5059 fugat
1903 5002 2185 5059 serpentes,

624 5097 715 5135 nec
754 5081 896 5150 ﬂexu
928 5083 1205 5151 multiplici
1236 5092 1291 5135 ut
1336 5083 1550 5152 reliqua:
1591 5100 1778 5154 corpus
1822 5084 2066 5154 impellit,
2096 5084 2187 5138 sed

623 5173 791 5226 celsus
828 5182 877 5227 et
919 5184 1119 5228 erectus
1166 5173 1219 5227 in
1266 5175 1434 5228 medio
1464 5176 1721 5230 incedens.
1776 5174 1942 5230 Necat
1973 5177 2188 5245 frutices

624 5281 726 5319 non
760 5272 1026 5318 contactos
1058 5265 1230 5328 modo,
1278 5283 1451 5321 verum
1495 5280 1544 5322 et
1592 5268 1793 5338 amatos
1821 5283 1840 5321 :
1865 5269 2039 5321 exurit
2071 5268 2188 5321 her-

622 5353 759 5409 bas:
789 5358 988 5424 rumpit
1014 5371 1171 5418 saxa,
1218 5356 1340 5410 talis
1372 5358 1447 5411 vis
1476 5359 1615 5412 malo
1654 5369 1750 5413 est.
1797 5359 2055 5423 Galenus,
2089 5359 2185 5414 lib.

625 5445 702 5500 De
729 5446 984 5500 Theriaca
1011 5446 1078 5500 ad
1127 5445 1375 5501 Pisonem
1409 5466 1421 5501 :
1471 5446 1530 5501 Ὀ
1560 5449 1656 5518 μὲν
1703 5448 1811 5520 γὰρ
1855 5448 2184 5520 βασιλίσκος.

626 5538 781 5592 Ἐστι
814 5538 922 5610 γὰρ
963 5538 1024 5591 τὸ
1053 5538 1236 5611 θηρίον
1261 5539 1577 5605 ὑπόξανθον,
1613 5541 1705 5594 καὶ
1747 5542 1839 5594 ἐπὶ
1879 5544 1945 5613 τῇ
1978 5541 2183 5613 κεφαλῇ

622 5634 769 5700 τρεῖς
820 5630 1090 5701 ὑπεροχὰς
1140 5630 1299 5700 ἔχων,
1348 5631 1423 5695 ὥς
1481 5648 1665 5701 φασιν,
1713 5633 1794 5685 ὅτι
1832 5632 1924 5686 καὶ
1974 5631 2187 5703 ὀραθεὶς

626 5723 780 5793 μόνον
810 5726 903 5777 καὶ
931 5726 1192 5796 συρίττων
1223 5723 1505 5790 ἀκουσθεὶς
1527 5726 1738 5796 ἀναιρεῖ
1765 5727 1888 5788 τοὺς
1915 5725 2183 5780 ἀκούσανα

695 5819 736 5849 ¹⁸
765 5817 963 5874 Jerem.
1001 5837 1119 5889 vm,
1151 5819 1239 5875 17.

2290 4623 2399 4677 τῶν
2433 4623 2813 4697 δυνατωτέρων
2842 4628 2949 4681 ἀπὸ
2974 4628 3132 4700 λιμοῦ
3162 4632 3632 4703 κατεσθιομένους,
3666 4636 3771 4699 ἕως
3792 4629 3849 4689 οὗ

2288 4716 2317 4768 ὁ
2345 4715 2558 4769 πάντων
2589 4717 2935 4788 ἰσχυρότατος
2957 4719 3266 4791 πληρωθεὶς
3297 4721 3402 4775 ὑπὸ
3425 4725 3533 4776 τῶν
3558 4724 3736 4794 ὄφεων
3763 4724 3849 4787 οὓς

2289 4807 2644 4877 κατεδήδοκεν
2689 4809 2718 4861 ὁ
2764 4809 3092 4882 καλούμενος
3141 4813 3365 4884 γένηται
3411 4814 3743 4884 βασιλίσκος.
3779 4817 3849 4869 ἰὸν

2289 4896 2427 4968 ἔχων
2476 4900 2540 4952 ὲκ
2586 4899 2754 4972 μόνης
2810 4900 2938 4965 Θέας
2998 4906 3344 4977 καρποφόρον
3394 4906 3610 4979 δένδρον
3669 4908 3852 4980 ξηραῑο

2288 5005 2466 5044 νοντα.
2506 4988 2862 5061 Epiphanius,
2907 4993 3126 5047 Advers.
3166 4993 3352 5050 lateres.
3397 4996 3491 5051 lib.
3529 5012 3568 5064 ι,
3606 5005 3743 5052 tom.
3781 5000 3847 5061 ll,

2290 5081 2482 5136 haeres.
2513 5082 2603 5146 2‘2,
2638 5093 2825 5144 narrat
2856 5083 2996 5139 hanc
3030 5099 3061 5138 a
3107 5086 3387 5143 veteribus
3418 5088 3701 5145 historiam
3735 5104 3853 5159 pro-

2287 5175 2455 5229 ditam
2482 5190 2604 5230 esse
2636 5193 2649 5229 :
2688 5173 2820 5230 Cum
2849 5178 3022 5245 plures
3047 5178 3332 5249 aliquando
3359 5181 3569 5250 aspides
3608 5184 3665 5237 in
3694 5202 3853 5239 unum

2288 5265 2448 5333 ﬁctile
2506 5283 2597 5320 vas
2648 5267 2930 5337 conjecta,
2988 5279 3036 5324 et
3070 5272 3122 5324 in
3155 5272 3512 5340 fundamentis
3541 5277 3854 5346 angulorum

2286 5366 2512 5427 quatuor
2540 5358 2790 5429 cujusque
2819 5361 3086 5416 idolorum
3144 5366 3322 5433 templi
3350 5367 3405 5420 in
3446 5366 3678 5439 .Egypto
3707 5371 3858 5438 depo-

2287 5448 2405 5502 sita:
2432 5458 2623 5514 essent,
2655 5465 2719 5502 ea:
2745 5451 2817 5505 iis-
2838 5452 3110 5521 aspidibus
3130 5471 3246 5526 quae
3267 5457 3460 5525 fortior
3487 5469 3604 5513 erat
3627 5461 3678 5514 in
3716 5461 3856 5515 alius

2284 5548 2496 5611 invasit,
2534 5564 2723 5618 easque
2757 5551 3040 5611 devoravit.
3062 5567 3176 5623 qua:
3198 5571 3315 5607 cum
3345 5556 3460 5609 sola
3496 5559 3855 5621 remansisset,

2284 5645 2459 5706 etquo
2490 5654 2543 5691 se
2573 5638 2735 5692 aleret
2762 5640 2972 5695 haberet
3015 5642 3165 5708 nihil,
3200 5644 3254 5696 in
3292 5661 3349 5698 se
3378 5647 3550 5713 ipsam
3580 5657 3776 5701 retorta
3806 5658 3856 5703 et

2286 5741 2317 5780 a
2340 5725 2511 5780 cauda
2539 5727 2797 5794 paulatim
2825 5729 3077 5786 arrodens
3113 5743 3264 5802 parte
3287 5752 3341 5789 se
3360 5736 3695 5805 aliquatenus
3732 5754 3855 5793 cor-
