4064 6290
315 409 422 463 965

1305 408 1370 462 IN
1411 405 1782 463 EUSTATHII
1823 404 2296 463 HEXAEMERON
2339 407 2571 464 NOT/E.

3451 410 3557 466 9'66

315 527 460 596 poris
501 525 719 592 depasta
759 533 856 588 est,
905 523 1034 578 adeo
1076 535 1262 577 utnon
1306 523 1533 590 amplius
1561 523 1763 589 integra
1800 519 1890 573 sed
1917 523 1963 580 Α
1991 520 2214 591 signito,
2263 529 2416 592 tergo
2447 521 2700 584 ceruice,
2741 520 2914 574 cauda
2959 520 3234 576 turbinata
3271 530 3432 594 atque
3467 527 3552 580 in.

317 615 542 670 dimidia
606 615 690 668 sui
744 623 892 682 parte
938 615 1184 667 mutilata
1233 613 1579 682 permanserit
1622 629 1639 666 :
1685 610 1882 664 idcirco

316 706 794 777 Aspidogorgonem
823 721 940 761 eam
970 705 1323 774 appellarunt.
1377 705 1468 758 Sic
1513 703 1655 773 apud
1716 702 1883 772 Spar-

316 799 524 852 tianum
552 799 605 851 in
629 797 903 851 Antonino
932 796 1048 861 Pio,
1078 797 1230 850 Visus
1257 808 1333 850 est
1361 797 1414 849 in
1439 795 1638 849 Arabia
1659 795 1880 864 jubatus

316 890 504 958 anguis
524 888 697 956 major
721 887 912 952 solitis,
936 891 1023 958 qui
1048 905 1101 942 se
1125 905 1156 941 a
1179 889 1350 941 cauda
1375 887 1601 942 medium
1633 887 1875 940 comedit.

317 979 526 1052 Stepius
553 993 638 1034 me
669 981 885 1034 memini
915 983 1153 1044 audisse,
1192 990 1244 1036 et
1268 982 1462 1051 vulgus
1484 982 1600 1036 sine
1633 982 1742 1035 ulla
1769 981 1878 1036 haz-

313 1071 568 1128 sitatione
601 1070 849 1136 afﬁrmat,
881 1071 1193 1125 basiliscum
1238 1073 1390 1126 nasci
1418 1087 1480 1127 ex
1523 1087 1626 1126 ovo
1649 1072 1796 1141 galli,
1830 1073 1877 1126 si

312 1164 529 1234 quando
578 1177 608 1216 a
649 1163 861 1228 rubeta,
909 1179 1003 1218 seu
1052 1163 1252 1218 bufone
1299 1163 1465 1218 fotum
1517 1165 1606 1218 sit.
1645 1163 1788 1217 Sane
1823 1163 1877 1218 id

313 1255 430 1311 sine
465 1256 629 1310 dubio
659 1267 865 1310 certum
893 1264 996 1318 est,
1029 1263 1081 1308 et
1103 1256 1438 1326 experientia
1460 1255 1701 1326 quotidie
1727 1255 1878 1308 vide-

312 1362 434 1400 mus
465 1347 636 1417 gallos
662 1346 774 1416 jam
808 1353 963 1400 astate
996 1345 1245 1401 defessos
1272 1362 1395 1400 cum
1426 1346 1873 1407 veneris.virium

316 1437 706 1500 imbecillitate,
773 1453 948 1507 neque
994 1438 1230 1492 fructum
1282 1454 1459 1508 neque
1501 1455 1655 1493 usum
1704 1440 1874 1492 ullum

315 1529 569 1589 habeant.
600 1544 758 1582 ovum
787 1543 996 1598 parere,
1026 1530 1325 1583 orbiculata
1356 1531 1546 1600 figura,
1582 1532 1764 1586 colore
1796 1533 1876 1584 lu-

313 1628 422 1685 teo,
472 1621 801 1687 flavescenti,
851 1622 1049 1676 lurido.
1105 1621 1171 1675 Et
1219 1623 1372 1689 mihi,
1436 1622 1562 1676 dum
1621 1621 1876 1678 Lucania:

307 1730 482 1777 eram,
512 1723 788 1770 ostensum
823 1714 940 1778 fuit,
992 1716 1045 1769 in
1080 1732 1189 1786 quo
1220 1727 1416 1785 praeter
1461 1717 1626 1774 hosce
1661 1719 1872 1774 colores

308 1808 664 1862 circumcirca
714 1806 882 1878 ligura
905 1811 1149 1877 quaedam
1183 1825 1247 1863 ex
1283 1810 1487 1864 cortice
1510 1811 1626 1865 ovis
1670 1811 1870 1865 exube-

1991 627 2158 666 curva
2185 653 2200 675 ,
2255 614 2403 668 hiatu
2456 615 2709 683 rictuque
2754 614 2868 669 oris
2910 629 3011 684 pro
3043 615 3288 685 corporis
3321 633 3527 690 propor

1983 706 2131 759 tione
2164 705 2450 760 immenso.
2486 705 2644 771 Quod
2675 705 2815 760 inter
2839 714 3122 776 serpentes
3159 709 3360 778 potius,
3387 726 3551 782 quam

1981 795 2270 852 basiliscos
2300 797 2641 853 referendum
2693 807 2795 862 est,
2842 813 2967 852 cum
3008 815 3107 854 nec
3140 800 3311 854 halitu
3363 812 3540 856 conta-

1981 887 2141 958 gione
2171 889 2428 952 alliciant,
2462 905 2561 944 nec
2592 897 2815 960 aspectu
2848 893 3385 949 necent-adorientes
3409 899 3551 962 agri-

1980 981 2148 1047 colas,
2185 983 2239 1036 ni
2271 983 2508 1053 regionis
2552 984 2697 1038 illius
2732 983 2901 1054 frigus
2932 987 3186 1056 aerisque
3221 997 3383 1053 ,certa
3416 998 3546 1043 tem-

1979 1075 2156 1144 peries
2186 1090 2452 1129 venenum
2486 1075 2618 1130 illud
2663 1076 2736 1130 ita
2769 1091 3137 1148 compescere,
3181 1079 3551 1152 impedireque

1977 1183 2046 1222 ne
2086 1166 2397 1222 effundatur
2445 1168 2711 1222 allirmare
2740 1168 2990 1223 velimus.
3043 1167 3199 1234 Quod
3249 1171 3303 1224 in
3338 1173 3550 1230 adustis

1977 1260 2286 1328 regionibus
2337 1261 2776 1330 torrentibusque
2817 1276 2926 1314 non
2959 1262 3222 1315 eveniret.
3247 1261 3548 1334 Oppianus.

1977 1345 2072 1399 lib.
2123 1361 2136 1400 ι
2187 1347 2408 1400 Ἁλιευτ
2438 1389 2453 1414 ,
2487 1349 2654 1418 piscis
2697 1349 2982 1418 cujusdam
3034 1350 3276 1406 basilisci
3330 1369 3551 1412 nomine

1977 1438 2248 1493 meminit.

2046 1529 2206 1590 Ibid.,
2240 1529 2334 1584 lin.
2367 1529 2458 1584 28.
2503 1530 2612 1584 Ἰὸν
2639 1530 2795 1598 ἔχων
2831 1531 3124 1600 χαλεπώτ.
3153 1532 3226 1587 Ea
3257 1534 3420 1606 hujus
3451 1553 3546 1594 ve-

1977 1619 2103 1672 neni
2154 1620 2256 1683 vis,
2299 1627 2360 1672 ut
2413 1634 2523 1673 non
2575 1621 2750 1676 solum
2790 1629 2938 1676 tactu
2988 1623 3258 1690 absumat,
3299 1627 3394 1680 sed
3425 1643 3547 1682 eam

1976 1709 2138 1764 etiam
2166 1710 2331 1765 rebus
2364 1725 2394 1763 a
2425 1726 2486 1765 se
2517 1712 2858 1782 consumptis
2888 1713 3139 1782 pestifcre
3166 1731 3360 1786 repens
3397 1719 3548 1789 inge-

1980 1810 2080 1863 rat,
2116 1801 2185 1854 ita
2211 1811 2269 1855 ut
2305 1811 2356 1856 et
2390 1803 2494 1857 illae
2523 1804 2686 1857 etiam
2720 1820 2986 1858 venenum
3023 1819 3282 1878 spargant
3309 1819 3365 1864 et
3402 1809 3542 1865 inte-

307 1915 438 1955 rans
487 1873 852 1969 spectabatur,
905 1873 1158 1970 tactuque
1200 1901 1400 1971 optime
1446 1901 1871 1972 dignoscebatur
1904 1873 1944 1929 Β
1975 1894 2194 1948 l‘ilnanl-
2223 1893 2452 1958 Plinius.
2485 1895 2580 1949 lib.
2611 1911 2729 1961 VIII.
2762 1912 2884 1967 cap.
2925 1898 2988 1952 21
3033 1873 3354 1954 {Creditum
3377 1918 3548 1972 quon-

307 1992 473 2047 variis
513 1991 739 2047 ﬂexibus
779 1993 1152 2062 contortisque
1194 1993 1339 2062 gyris
1388 1993 1443 2046 in
1495 1993 1721 2047 formam
1756 2009 1869 2048 ser-

307 2083 484 2153 pentis
531 2082 824 2145 desinens,
871 2083 1209 2151 relatumque
1256 2081 1359 2136 fuit
1405 2098 1566 2136 ovum
1617 2082 1750 2136 illud
1803 2098 1869 2137 ex

304 2175 446 2245 gallo
474 2183 684 2230 natum.
725 2172 866 2242 Ἐγὼ
898 2173 953 2226 δέ
988 2190 1070 2226 τοι
1101 2173 1162 2224 οὐ
1184 2172 1535 2244 ταχυπειθής,
1567 2188 1654 2227 me
1679 2188 1868 2228 eorum

303 2267 572 2323 inscitiam
602 2267 782 2320 mirari
814 2266 1096 2331 dicebam;
1129 2264 1242 2318 fieri
1276 2265 1421 2319 enim
1457 2280 1637 2334 posse,
1673 2273 1729 2318 ut
1750 2265 1868 2336 gal-

304 2359 389 2412 lus
434 2365 681 2427 pareret:
715 2356 789 2410 illi
842 2355 1285 2426 reprehensionis
1313 2357 1656 2426 impatientes
1683 2357 1869 2427 plures

302 2449 582 2502 adducunt
611 2434 931 2502 testes‘aliis
956 2447 1114 2502 annis
1139 2447 1191 2502 id
1214 2450 1376 2504 etiam
1417 2448 1690 2514 evenisse,
1717 2457 1770 2503 et
1803 2449 1870 2504 ilo

302 2540 385 2595 los
415 2555 535 2594 esse
569 2547 734 2596 testes
758 2540 810 2592 in
848 2540 947 2592 hoc
977 2539 1242 2601 oculatos,
1267 2547 1320 2594 et
1353 2539 1454 2594 fide
1482 2540 1693 2610 dignos.
1728 2539 1867 2596 Dum

299 2632 481 2686 adhuc
512 2632 807 2697 obstarem,
842 2638 896 2684 et
942 2631 1097 2701 quasi
1143 2647 1330 2686 eorum
1371 2630 1493 2687 fidei
1526 2641 1868 2704 contemptor

299 2727 502 2780 abirem
537 2741 762 2779 aversus
783 2765 796 2788 ,
828 2725 1157 2779 contrahunt
1189 2735 1414 2791 vestem,
1445 2728 1606 2796 vique
1647 2735 1864 2798 raptum

300 2825 522 2882 cogunt,
557 2825 617 2872 ut
663 2833 769 2871 una
818 2818 1189 2888 procederem.
1242 2818 1380 2883 Quid
1425 2818 1698 2874 facerem?
1734 2835 1864 2890 pro-

298 2910 464 2973 cessi,
513 2914 730 2964 domum
784 2910 836 2962 in
887 2925 994 2980 quo
1025 2910 1198 2978 gallus
1248 2919 1385 2973 erat,
1466 2912 1773 2976 invisimus,
1812 2919 1866 2966 et

297 3015 457 3054 ovum
493 2999 636 3054 unde
667 2999 999 3053 abstulerant
1041 3000 1337 3070 deponunt.
1369 3000 1556 3056 Gallus
1586 3003 1676 3071 qui
1720 3003 1866 3058 vide-

298 3093 458 3146 batur
500 3094 685 3148 nescio
717 3092 990 3162 quomodo
1025 3097 1298 3150 turbatus.
1329 3095 1509 3149 statim
1547 3096 1730 3165 agnito
1753 3094 1862 3149 fetu

296 3183 583 3246 acclamat,
632 3186 887 3249 accurrit,
941 3191 1118 3238 rostro
1157 3184 1313 3253 quasi
1354 3185 1704 3246 deosculans,
1762 3186 1863 3239 alis

297 3276 552 3344 expansis
607 3276 988 3346 super-insedit.
1051 3275 1412 3332 Discedimns.
1457 3278 1590 3331 Post
1641 3277 1861 3330 tertium

295 3365 437 3422 diem
472 3367 669 3422 accedo
699 3378 922 3423 vocatus
945 3387 956 3421 :
977 3369 1152 3437 gallus
1180 3383 1341 3422 ovum
1374 3367 1608 3435 fovebat,
1637 3367 1742 3422 cibi
1766 3382 1863 3437 po-

297 3467 491 3529 tusque
524 3461 840 3526 immemor;
890 3476 1166 3531 nunquam
1209 3461 1301 3515 illo
1342 3459 1522 3514 triduo
1552 3460 1744 3516 cistam
1777 3477 1862 3515 re-

297 3551 550 3619 liquerat.
605 3551 677 3605 Eo
726 3553 916 3618 minis},
974 3551 1276 3621 baculoque
1320 3551 1546 3620 depulso
1595 3567 1755 3604 ovum
1805 3550 1860 3605 in

297 3641 570 3694 fornacem
609 3641 881 3707 abjicitur.
931 3640 1154 3695 Pariunt
1203 3642 1386 3710 itaque
1419 3642 1567 3711 galli,
1615 3648 1668 3695 et
1705 3641 1859 3693 incu-

297 3734 446 3786 bant.
479 3730 677 3785 Verum
719 3747 784 3785 an
818 3746 881 3785 ex
924 3732 1014 3784 illa
1053 3733 1401 3786 incubatione
1450 3731 1738 3786 basiliscus
1778 3731 1860 3799 gi-

293 3821 585 3894 gneretur?
632 3821 873 3876 Dicerem
914 3822 1134 3891 aliquod
1164 3823 1385 3886 animal,
1419 3823 1582 3892 idque
1624 3838 1860 3876 veneno-

294 3929 416 3969 sum
447 3915 682 3984 prodire,
731 3929 856 3966 cum
903 3914 1078 3983 putris
1108 3914 1196 3967 illa
1233 3915 1477 3977 materia,
1509 3931 1630 3984 qua:
1667 3915 1719 3967 in
1756 3929 1859 3970 ovo

295 4006 444 4071 latet,
492 4015 746 4060 concreta
777 4005 830 4059 id
874 4005 1070 4060 habeat
1119 4007 1264 4076 quod
1313 4006 1511 4060 similia
1569 4006 1855 4075 producat,

291 4114 414 4168 quae
441 4107 494 4152 et
527 4098 652 4168 galli
687 4098 880 4164 halitu,
929 4099 1008 4152 vel
1042 4099 1264 4152 alterius
1302 4099 1595 4154 animantis
1627 4099 1857 4152 animari

293 4207 453 4262 posse
491 4207 595 4244 non
627 4191 836 4256 dubito,
869 4198 926 4245 ut
955 4191 1200 4246 videmus
1234 4192 1286 4246 in
1321 4193 1407 4254 iis,
1440 4207 1560 4262 qua:
1586 4209 1652 4246 ex
1679 4193 1855 4261 putri-

291 4285 378 4340 dis
428 4285 748 4354 corporibus
801 4294 1154 4340 enascuntur.
1207 4285 1388 4351 Quare
1442 4293 1495 4340 et
1547 4301 1645 4339 sua
1698 4285 1856 4340 laude

291 4375 514 4446 dignum
545 4386 627 4432 est
643 4376 1018 4448 Egyptiorum
1051 4378 1352 4442 inventum,
1382 4379 1474 4448 qui
1507 4380 1627 4433 ovis
1656 4379 1854 4432 Ibidem

290 4466 638 4533 insidiantur,
672 4479 990 4538 repertaque
1022 4469 1298 4539 frangunt,
1330 4484 1397 4524 ne
1434 4470 1655 4524 noxium
1698 4470 1854 4539 quid-

292 4562 432 4633 piam
454 4562 573 4617 inde
595 4564 770 4617 trahat
785 4566 1068 4635 originem,
1102 4565 1236 4627 sive,
1256 4573 1312 4616 ut
1330 4564 1430 4633 ipsi
1445 4565 1850 4630 existimabant,

292 4655 600 4710 basiliscus.
662 4654 872 4710 Etenim
910 4673 1030 4710 cum
1061 4657 1232 4713 ibidcs
1263 4667 1577 4711 venatorum
1608 4657 1850 4712 venatio-

291 4748 452 4801 nibus
486 4747 775 4816 gaudeant,
825 4747 1276 4818 serpentibusque
1308 4747 1684 4815 inferciantur,
1718 4750 1849 4803 nulli

289 4840 513 4894 dubium
547 4840 833 4910 aliquando
881 4856 947 4895 ex
992 4857 1180 4894 eorum
1210 4842 1327 4894 ovis
1373 4841 1689 4911 pestiferum
1719 4842 1848 4913 quid

289 4933 648 4987 nasciturum.
699 4930 933 4987 Consule
982 4931 1442 5004 Theophylactum
1491 4934 1846 4997 Simocatum,

291 5021 358 5088 ρ.
410 5033 544 5087 nat.,
576 5030 770 5092 quaest.
816 5022 900 5086 l4,
947 5023 1091 5092 Ποίῳ
1133 5022 1274 5091 λόγῳ
1309 5021 1376 5074 τὰ
1431 5020 1538 5074 τῶν
1575 5021 1734 5074 ἴϐεων
1767 5023 1848 5076 ibi

288 5115 650 5186 εὐχερέστατα
683 5115 923 5168 τίκτουσι
961 5113 1306 5183 βασιλίσκους
1337 5112 1522 5182 δφεις;
1563 5114 1734 5169 Aliam
1767 5124 1850 5170 ta-

288 5225 410 5263 men
439 5208 678 5262 basilisci
707 5207 1103 5278 generationem
1147 5214 1336 5259 narrat
1378 5207 1464 5262 hic
1509 5207 1846 5263 Eustathius.

287 5301 559 5371 Quidquid
593 5308 769 5355 tamen
794 5301 884 5362 sit,
910 5300 1156 5355 historici
1191 5300 1409 5354 tradunt
1439 5301 1561 5355 illos
1593 5301 1647 5354 in
1669 5301 1847 5354 Africa

284 5394 555 5465 generari,
584 5401 638 5448 et
678 5392 900 5447 torridis
937 5392 1042 5447 illis
1079 5392 1392 5462 regionibus
1435 5393 1692 5448 nidulari.
1742 5391 1848 5448 Re-

286 5489 389 5542 fert
416 5486 650 5540 Levinus
669 5485 943 5545 Lemnius.
965 5485 1041 5538 De
1063 5489 1251 5540 occult.
1287 5495 1398 5540 nat.
1435 5487 1621 5539 mirae.
1645 5486 1742 5540 lib.
1772 5502 1845 5553 tv,

283 5597 403 5652 cap.
438 5581 526 5645 12,
563 5583 616 5635 in
663 5559 899 5634 Saxonia
946 5580 1184 5636 basilisci
1231 5580 1504 5651 quoddam
1548 5595 1718 5650 genus
1753 5581 1846 5635 sil-

282 5681 462 5726 vestre
492 5672 694 5742 passim
744 5670 1008 5741 conspici.
1060 5672 1235 5740 capite
1278 5672 1611 5738 acuminata,
1663 5673 1848 5726 colore

283 5763 440 5828 ﬂavo,
468 5766 802 5836 longitudine
831 5764 1156 5837 dodrantali,
1180 5765 1438 5820 inusitata
1459 5765 1842 5830 crassitudine,

283 5868 468 5916 vener
514 5862 808 5928 maculoso,
858 5861 1151 5932 multisque
1198 5859 1445 5917 candidis
1498 5861 1713 5931 punctis
1761 5862 1846 5916 in-

1972 1986 2099 2039 dam
2142 2001 2206 2040 ea:
2252 2003 2380 2056 equo
2412 1987 2582 2041 occiso
2629 1987 2805 2053 hasta,
2839 1998 2889 2043 et
2926 2007 3018 2058 per
3047 2008 3162 2045 eam
3207 1994 3456 2049 subeunte
3496 1997 3545 2049 vi

1975 2095 2076 2132 non
2117 2080 2338 2149 equitem
2381 2075 2673 2133 modo‘sed
2728 2097 2913 2150 equum
2943 2099 3142 2152 quoque
3187 2085 3542 2155 absumptum.

1974 2171 2247 2236 IEIianus,
2302 2174 2396 2228 lib.
2443 2190 2478 2228 ll
2524 2174 2601 2229 De
2643 2174 2769 2230 hist.
2804 2177 2992 2239 anim.,
3025 2193 3147 2243 cap.
3185 2178 3238 2239 5,
3275 2179 3338 2231 Ei
3371 2179 3426 2232 δὲ
3453 2181 3544 2234 ἄν-

1973 2263 2190 2331 θρωπος
2234 2263 2451 2332 κατέχει
2504 2262 2718 2332 ῥάϐδον,
2747 2259 2869 2316 ἐἶτα
2899 2265 3103 2336 ταύτην
3125 2267 3331 2330 ἐκεῖνος
3380 2267 3540 2342 δάκῃ,

1970 2353 2230 2424 τέθνηκεν
2254 2356 2281 2408 ὁ
2306 2353 2492 2426 κύριος
2521 2355 2622 2426 τῆς
2654 2354 2838 2424 λύγου.

2046 2439 2207 2503 Ibid.,
2260 2441 2356 2495 lin.
2407 2441 2497 2496 29.
2565 2443 2657 2510 Ὡς
2707 2445 2804 2498 καὶ
2861 2445 2978 2500 ἀπὸ
3023 2448 3237 2516 μόνον.
3281 2447 3542 2520 Superius

1970 2531 2230 2597 diximus,
2265 2534 2582 2590 basiliscum
2611 2537 2730 2592 solo
2768 2540 3052 2593 oculorum
3096 2549 3319 2610 aspectu
3365 2545 3541 2598 homi-

1968 2624 2132 2680 nibus
2181 2641 2363 2680 necem
2417 2627 2638 2689 inferre,
2689 2631 2855 2685 variis
2896 2630 3139 2686 historiis
3169 2633 3220 2686 id
3256 2635 3542 2692 referenti-

1969 2716 2090 2770 bus.
2122 2715 2449 2773 Franciscus
2479 2717 2770 2784 Vallesius,
2800 2721 2878 2775 De
2911 2740 3072 2778 sacra-
3099 2725 3390 2797 philosoph.
3416 2743 3536 2799 cap.

1968 2806 2058 2873 68,
2091 2809 2204 2862 haec
2234 2808 2480 2866 fabulosa
2512 2827 2636 2867 esse
2665 2815 2966 2880 contendit,
2994 2833 3094 2871 nec
3126 2834 3287 2887 posse
3341 2820 3538 2876 adduci

1970 2909 2029 2954 ut
2066 2903 2270 2957 credat.
2301 2901 2456 2968 Quod
2497 2905 2702 2959 dictum
2746 2922 2908 2976 quam
2939 2909 3011 2963 sit
3053 2909 3105 2964 in
3140 2911 3186 2964 vi
3204 2926 3257 2964 to
3299 2913 3541 2983 philoso-

1968 2994 2076 3062 pho
2114 2995 2378 3065 ineptum,
2411 3014 2520 3053 non
2564 3009 2650 3054 est
2682 3016 2819 3070 opus
2854 3003 3040 3058 multis
3083 3007 3375 3074 explicare,
3411 3021 3536 3061 cum

1967 3088 2269 3144 rationibus
2291 3098 2344 3144 et
2372 3094 2747 3160 expcrientiis,
2779 3110 2884 3148 non
2913 3097 3236 3166 pertinaela,
3260 3115 3365 3153 non
3394 3101 3538 3172 igna-

1967 3177 2051 3232 via
2083 3181 2140 3234 in
2182 3181 2342 3236 rebus
2373 3183 2613 3255 physicis
2641 3187 2909 3256 agendum
2941 3190 3027 3244 sit.
3061 3187 3172 3244 Nec
3208 3191 3420 3247 videtur
3448 3210 3536 3248 sa-

1967 3272 2164 3340 pientis
2201 3275 2253 3328 id
2283 3291 2424 3341 esse,
2485 3277 2612 3330 dum
2668 3294 2726 3334 se
2776 3283 3004 3350 opponit
3051 3283 3339 3338 dillicultas
3369 3302 3532 3355 quam

1965 3379 2076 3418 non
2107 3364 2376 3436 intelligit,
2409 3368 2557 3422 illico
2586 3378 2846 3440 tanquam
2879 3373 3148 3437 fabulosa,
3180 3391 3301 3444 qua:
3323 3377 3393 3430 ab
3412 3377 3533 3432 aliis

1963 3472 2073 3511 uno
2131 3472 2402 3514 consensu
2459 3461 2752 3528 dicuntur,
2811 3463 3056 3532 rejicere.
3131 3464 3236 3520 Sed
3292 3477 3350 3520 ut
3417 3467 3532 3522 ha-c

1963 3551 2190 3620 quaestio
2239 3551 2434 3607 habeat
2484 3554 2661 3608 lucem
2710 3556 2971 3625 aliquam,
3006 3561 3402 3615 consideranda
3449 3572 3534 3618 est

1961 3658 2128 3697 causa
2173 3660 2294 3714 quae
2343 3644 2636 3700 Vallesium
2687 3649 2934 3718 impulit,
2993 3660 3052 3704 ut
3101 3652 3216 3706 haec
3275 3661 3530 3724 tanquam

1962 3727 2095 3782 falsa
2125 3728 2428 3784 damnaret.
2462 3731 2597 3784 Cum
2623 3732 2769 3786 enim
2820 3744 3004 3804 ageret
3041 3736 3108 3791 de
3146 3736 3529 3804 fascinatione,

1960 3833 2062 3872 nec
2113 3834 2300 3873 eorum
2335 3821 2643 3890 Opinionem
2683 3823 2844 3878 vellet
2885 3825 3192 3890 admittere,
3235 3830 3328 3898 qui
3369 3828 3532 3884 fasci-

1959 3911 2233 3966 nationem
2254 3912 2368 3966 lieri
2397 3913 2654 3968 dicebant
2675 3917 2998 3972 exeuntibus
3021 3919 3238 3974 visoriis
3270 3922 3456 3985 radiis,
3477 3929 3530 3976 et

1959 4018 2080 4057 cum
2113 4003 2198 4058 his
2229 4004 2429 4058 delerri
2463 4021 2692 4076 vapores
2710 4023 3030 4075 venenosos,
3048 4027 3170 4080 quae
3197 4012 3386 4081 Opinio
3415 4029 3525 4068 non

1957 4095 2240 4150 videbatur
2268 4097 2343 4150 illi
2377 4098 2706 4164 communis,
2731 4101 2825 4155 sed
2857 4109 3065 4155 tantum
3090 4101 3524 4168 Platonicorum.

1960 4202 2028 4240 ne
2061 4196 2364 4257 cogeretur,
2398 4191 2647 4260 quamvis
2673 4192 2786 4262 ipse
2809 4191 2863 4246 id
2893 4208 3000 4246 non
3037 4195 3290 4266 attingat,
3325 4198 3378 4250 in
3405 4213 3526 4252 eam

1958 4280 2037 4334 ire
2085 4281 2430 4346 sententiam,
2471 4283 2517 4338 si
2565 4284 2808 4340 basilisci
2849 4301 3187 4341 venenosum
3244 4299 3524 4359 aspectum

1955 4374 2300 4438 concederet,
2361 4374 2605 4430 fabulosa
2655 4391 2778 4431 esse
2807 4393 2926 4447 qua:
2975 4377 3040 4434 de
3086 4379 3342 4435 basilisco
3387 4382 3524 4435 tanti

1954 4463 2058 4517 viri
2113 4464 2453 4520 tradiderunt
2500 4467 2799 4524 contendit.
2849 4467 3003 4535 Quod
3045 4473 3293 4540 quamvis
3337 4483 3525 4529 contra

1885 4576 1929 4631 ι)
1958 4557 2264 4614 Aristotelis
2292 4560 2618 4612 sententiam
2643 4560 2830 4614 nescio
2863 4564 3140 4630 quomodo
3176 4563 3354 4620 facere
3381 4567 3522 4621 vide-

1961 4656 2068 4712 tur,
2111 4657 2290 4702 tamen
2342 4664 2442 4702 nec
2488 4648 2889 4705 Platonicorum
2918 4654 3102 4721 opinio
3147 4655 3521 4718 confirmatur,

1958 4756 2059 4796 nec
2091 4740 2570 4812 Peripateticorum
2621 4741 2904 4797 refellitur.
2956 4744 3250 4801 Basiliscus
3290 4763 3524 4818 namque

1957 4849 2066 4889 non
2101 4835 2393 4890 emissione
2421 4835 2720 4896 radiorum,
2745 4837 2947 4904 quibus
2983 4845 3240 4905 tanquam
3263 4840 3524 4894 vehiculis

1956 4941 2224 4981 venenum
2273 4935 2327 4980 et
2366 4941 2509 4980 noxa
2541 4927 2656 4981 viso
2685 4926 2982 4990 deferatur,
3021 4929 3114 4983 sed
3149 4929 3372 4985 humido
3397 4947 3524 4984 ocu-

1958 5016 2152 5080 lorum,
2185 5017 2240 5070 in
2272 5032 2380 5086 quo
2409 5026 2666 5086 tanquam
2701 5017 2949 5086 subjecto
2993 5034 3258 5073 venenum
3299 5030 3400 5084 est,
3438 5023 3522 5076 in-

1958 5109 2068 5162 ﬁcit
2097 5125 2246 5173 aera,
2277 5117 2329 5163 ct
2358 5124 2453 5178 per
2489 5110 2637 5162 illum
2682 5109 2976 5173 hominem,
3006 5119 3060 5165 et
3101 5124 3352 5182 aspectus
3395 5122 3520 5166 tan-

1956 5208 2070 5254 tum
2105 5200 2398 5268 requiritur
2441 5209 2499 5252 ut
2533 5199 2732 5270 dirigat
2772 5201 2902 5255 illud
2944 5218 3208 5256 venenum
3254 5204 3308 5256 in
3339 5203 3516 5256 homi-

1955 5309 2079 5349 nem
2129 5309 2286 5362 quem
2329 5293 2492 5347 videt.
2547 5291 2689 5346 Nulli
2745 5294 2888 5348 enim
2923 5292 3147 5348 dubium
3180 5310 3303 5350 esse
3332 5294 3512 5356 debet,

1956 5391 2058 5444 hoc
2093 5390 2292 5443 animal
2323 5405 2479 5444 suum
2506 5392 2843 5461 pestilentem
2873 5391 3121 5458 halitum,
3165 5407 3271 5444 non
3301 5399 3512 5446 tantum

1955 5500 2114 5555 quem
2153 5499 2246 5540 ore
2292 5484 2482 5553 spirat,
2525 5485 2615 5540 sed
2647 5492 2700 5539 et
2735 5500 2892 5554 quem
2942 5492 3056 5538 toto
3087 5499 3311 5554 corpore
3347 5483 3513 5538 exha-

1954 5579 2049 5639 lat.
2104 5579 2379 5633 effundere
2429 5579 2784 5632 circumcirca
2835 5593 2929 5646 per
2975 5587 3144 5631 totum
3194 5592 3371 5630 aerem
3403 5591 3514 5630 am-

1953 5673 2210 5732 bientem,
2258 5687 2488 5740 eumque
2527 5672 2764 5727 inlicere.
2807 5669 3080 5739 Singulari
3123 5678 3302 5721 tamen
3348 5670 3510 5725 modo

1952 5766 2230 5820 oculorum
2261 5773 2432 5828 motu,
2466 5779 2643 5817 aerem
2677 5776 3039 5823 commovere,
3071 5769 3125 5815 et
3157 5760 3509 5830 perniciosio-

1951 5875 2064 5914 rem
2096 5857 2338 5914 reddcrc.
2379 5856 2484 5913 Sed
2515 5855 2680 5910 multa
2719 5853 2962 5910 fabulosa
3012 5860 3066 5910 et
3099 5853 3222 5910 [icta
3251 5853 3506 5920 Vallesio,
