  <div class='ocr_page' id='page_1' title='image "/cluster/home/n/w/nwhite01/storage/ocr_20150623/18/mdp.39015008168943/507.png"; bbox 0 0 4064 6290; ppageno 0'>
   <div class='ocr_carea' id='block_1_1' title="bbox 588 385 695 445">
    <p class='ocr_par' dir='ltr' id='par_1_1' title="bbox 588 385 695 445">
     <span class='ocr_line' id='line_1_1' title="bbox 588 385 695 445; baseline -0.056 0"><span class='ocrx_word' id='word_1_1' title='bbox 588 385 695 445; x_wconf 82' lang='lat'><strong>967</strong></span> 
     </span>
    </p>
   </div>
   <div class='ocr_carea' id='block_1_2' title="bbox 1922 371 2480 433">
    <p class='ocr_par' dir='ltr' id='par_1_2' title="bbox 1922 371 2480 433">
     <span class='ocr_line' id='line_1_2' title="bbox 1922 371 2480 433; baseline -0.007 -2"><span class='ocrx_word' id='word_1_2' title='bbox 1922 373 2167 433; x_wconf 73' lang='lat' dir='ltr'><strong>LEONIS</strong></span> <span class='ocrx_word' id='word_1_3' title='bbox 2203 371 2480 429; x_wconf 76' lang='lat' dir='ltr'><strong>ALLATIl</strong></span> 
     </span>
    </p>
   </div>
   <div class='ocr_carea' id='block_1_3' title="bbox 3721 367 3852 423">
    <p class='ocr_par' dir='ltr' id='par_1_3' title="bbox 3721 367 3852 423">
     <span class='ocr_line' id='line_1_3' title="bbox 3721 367 3852 423; baseline -0.015 0"><span class='ocrx_word' id='word_1_4' title='bbox 3721 367 3852 423; x_wconf 82' lang='lat'><strong>968</strong></span> 
     </span>
    </p>
   </div>
   <div class='ocr_carea' id='block_1_4' title="bbox 589 478 2163 572">
    <p class='ocr_par' dir='ltr' id='par_1_4' title="bbox 589 494 2154 572">
     <span class='ocr_line' id='line_1_4' title="bbox 589 494 2154 572; baseline -0.006 -15"><span class='ocrx_word' id='word_1_5' title='bbox 589 505 773 566; x_wconf 81' lang='lat' dir='ltr'><strong>etiam,</strong></span> <span class='ocrx_word' id='word_1_6' title='bbox 797 500 929 572; x_wconf 89' lang='lat' dir='ltr'><strong>proh</strong></span> <span class='ocrx_word' id='word_1_7' title='bbox 959 498 1143 553; x_wconf 84' lang='lat' dir='ltr'><strong>nefas!</strong></span> <span class='ocrx_word' id='word_1_8' title='bbox 1172 513 1239 553; x_wconf 78' lang='lat' dir='ltr'><strong>ex</strong></span> <span class='ocrx_word' id='word_1_9' title='bbox 1270 497 1442 553; x_wconf 79' lang='lat' dir='ltr'><strong>sacris</strong></span> <span class='ocrx_word' id='word_1_10' title='bbox 1470 495 1789 567; x_wconf 88' lang='lat' dir='ltr'><strong>Scripturis,</strong></span> <span class='ocrx_word' id='word_1_11' title='bbox 1822 494 1967 565; x_wconf 90' lang='lat' dir='ltr'><strong>quod</strong></span> <span class='ocrx_word' id='word_1_12' title='bbox 1990 509 2154 564; x_wconf 88' lang='lat' dir='ltr'><strong>quam</strong></span> 
     </span>
    </p>
   </div>
   <div class='ocr_carea' id='block_1_5' title="bbox 2262 478 3850 572">
    <p class='ocr_par' dir='ltr' id='par_1_5' title="bbox 2262 478 3850 564">
     <span class='ocr_line' id='line_1_5' title="bbox 2262 478 3850 564; baseline -0.006 -19"><span class='ocrx_word' id='word_1_13' title='bbox 2262 510 2350 564; x_wconf 91' lang='grc' dir='ltr'><strong>ρος</strong></span> <span class='ocrx_word' id='word_1_14' title='bbox 2366 492 2422 544; x_wconf 82' lang='grc' dir='ltr'>ὲν</span> <span class='ocrx_word' id='word_1_15' title='bbox 2437 489 2615 559; x_wconf 78' lang='grc' dir='ltr'>εύδινῇ</span> <span class='ocrx_word' id='word_1_16' title='bbox 2634 487 2960 542; x_wconf 81' lang='grc' dir='ltr'><strong>καταστάσει</strong></span> <span class='ocrx_word' id='word_1_17' title='bbox 2975 478 3393 558; x_wconf 69' lang='grc' dir='ltr'><strong>φυλαττομένου.</strong></span> <span class='ocrx_word' id='word_1_18' title='bbox 3419 482 3634 556; x_wconf 69' lang='grc' dir='ltr'>Ἀμέλει</span> <span class='ocrx_word' id='word_1_19' title='bbox 3646 484 3748 537; x_wconf 82' lang='grc' dir='ltr'><strong>ούκ</strong></span> <span class='ocrx_word' id='word_1_20' title='bbox 3765 484 3850 537; x_wconf 81' lang='grc' dir='ltr'>ἂν</span> 
     </span>
    </p>
   </div>
   <div class='ocr_carea' id='block_1_6' title="bbox 594 587 2154 664">
    <p class='ocr_par' dir='ltr' id='par_1_6' title="bbox 594 587 2154 664">
     <span class='ocr_line' id='line_1_6' title="bbox 594 587 2154 664; baseline -0.004 -16"><span class='ocrx_word' id='word_1_21' title='bbox 594 596 764 664; x_wconf 87' lang='lat' dir='ltr'><strong>pium,</strong></span> <span class='ocrx_word' id='word_1_22' title='bbox 787 607 947 663; x_wconf 89' lang='lat' dir='ltr'><strong>quam</strong></span> <span class='ocrx_word' id='word_1_23' title='bbox 970 599 1166 655; x_wconf 90' lang='lat' dir='ltr'><strong>tutum,</strong></span> <span class='ocrx_word' id='word_1_24' title='bbox 1188 607 1349 663; x_wconf 86' lang='lat' dir='ltr'><strong>quam</strong></span> <span class='ocrx_word' id='word_1_25' title='bbox 1372 589 1740 645; x_wconf 84' lang='lat' dir='ltr'><strong>Christianum</strong></span> <span class='ocrx_word' id='word_1_26' title='bbox 1768 587 1860 641; x_wconf 85' lang='lat' dir='ltr'><strong>alii</strong></span> <span class='ocrx_word' id='word_1_27' title='bbox 1885 587 2154 657; x_wconf 88' lang='lat' dir='ltr'><strong>judicent.</strong></span> 
     </span>
    </p>
   </div>
   <div class='ocr_carea' id='block_1_7' title="bbox 594 678 2159 749">
    <p class='ocr_par' dir='ltr' id='par_1_7' title="bbox 594 678 2159 749">
     <span class='ocr_line' id='line_1_7' title="bbox 594 678 2159 749; baseline -0.004 -13"><span class='ocrx_word' id='word_1_28' title='bbox 594 684 786 739; x_wconf 79' lang='lat' dir='ltr'><strong>Melius</strong></span> <span class='ocrx_word' id='word_1_29' title='bbox 827 691 914 737; x_wconf 88' lang='lat' dir='ltr'><strong>est</strong></span> <span class='ocrx_word' id='word_1_30' title='bbox 959 682 1232 737; x_wconf 71' lang='lat' dir='ltr'><strong>inscitiam</strong></span> <span class='ocrx_word' id='word_1_31' title='bbox 1281 681 1437 736; x_wconf 85' lang='lat' dir='ltr'><strong>fateri</strong></span> <span class='ocrx_word' id='word_1_32' title='bbox 1486 694 1665 742; x_wconf 83' lang='lat' dir='ltr'><strong>suam,</strong></span> <span class='ocrx_word' id='word_1_33' title='bbox 1715 693 1878 749; x_wconf 84' lang='lat' dir='ltr'><strong>quam</strong></span> <span class='ocrx_word' id='word_1_34' title='bbox 1930 678 2021 732; x_wconf 92' lang='lat' dir='ltr'><strong>ubi</strong></span> <span class='ocrx_word' id='word_1_35' title='bbox 2073 692 2159 730; x_wconf 86' lang='lat' dir='ltr'><strong>res</strong></span> 
     </span>
    </p>
   </div>
   <div class='ocr_carea' id='block_1_8' title="bbox 595 767 2157 842">
    <p class='ocr_par' dir='ltr' id='par_1_8' title="bbox 595 767 2157 842">
     <span class='ocr_line' id='line_1_8' title="bbox 595 767 2157 842; baseline -0.004 -16"><span class='ocrx_word' id='word_1_36' title='bbox 595 774 739 842; x_wconf 81' lang='lat' dir='ltr'><strong>ipsas</strong></span> <span class='ocrx_word' id='word_1_37' title='bbox 794 787 903 827; x_wconf 89' lang='lat' dir='ltr'><strong>non</strong></span> <span class='ocrx_word' id='word_1_38' title='bbox 948 772 1186 838; x_wconf 82' lang='lat' dir='ltr'><strong>noveris,</strong></span> <span class='ocrx_word' id='word_1_39' title='bbox 1238 771 1480 826; x_wconf 66' lang='lat' dir='ltr'><strong>scientiae</strong></span> <span class='ocrx_word' id='word_1_40' title='bbox 1519 769 1907 841; x_wconf 71' lang='lat' dir='ltr'><strong>sapientiaeque</strong></span> <span class='ocrx_word' id='word_1_41' title='bbox 1967 767 2157 821; x_wconf 92' lang='lat' dir='ltr'><strong>obtutu</strong></span> 
     </span>
    </p>
   </div>
   <div class='ocr_carea' id='block_1_9' title="bbox 594 857 2160 933">
    <p class='ocr_par' dir='ltr' id='par_1_9' title="bbox 594 857 2160 933">
     <span class='ocr_line' id='line_1_9' title="bbox 594 857 2160 933; baseline -0.005 -16"><span class='ocrx_word' id='word_1_42' title='bbox 594 863 808 918; x_wconf 86' lang='lat' dir='ltr'><strong>inficias</strong></span> <span class='ocrx_word' id='word_1_43' title='bbox 871 863 949 918; x_wconf 89' lang='lat' dir='ltr'><strong>ire</strong></span> <span class='ocrx_word' id='word_1_44' title='bbox 984 882 997 918; x_wconf 80' lang='grc' dir='ltr'>ε</span> <span class='ocrx_word' id='word_1_45' title='bbox 1031 873 1086 918; x_wconf 91' lang='lat' dir='ltr'><strong>et</strong></span> <span class='ocrx_word' id='word_1_46' title='bbox 1117 878 1238 933; x_wconf 75' lang='lat' dir='ltr'><strong>quae</strong></span> <span class='ocrx_word' id='word_1_47' title='bbox 1267 860 1501 932; x_wconf 85' lang='lat' dir='ltr'><strong>Spiritus</strong></span> <span class='ocrx_word' id='word_1_48' title='bbox 1531 868 1755 915; x_wconf 88' lang='lat' dir='ltr'><strong>sanctus</strong></span> <span class='ocrx_word' id='word_1_49' title='bbox 1795 860 1910 928; x_wconf 84' lang='lat' dir='ltr'><strong>ipse</strong></span> <span class='ocrx_word' id='word_1_50' title='bbox 1936 857 2160 912; x_wconf 78' lang='lat' dir='ltr'><strong>dictavit</strong></span> 
     </span>
    </p>
   </div>
   <div class='ocr_carea' id='block_1_10' title="bbox 592 950 1738 1024">
    <p class='ocr_par' dir='ltr' id='par_1_10' title="bbox 592 950 1738 1024">
     <span class='ocr_line' id='line_1_10' title="bbox 592 950 1738 1024; baseline -0.003 -16"><span class='ocrx_word' id='word_1_51' title='bbox 592 953 836 1024; x_wconf 83' lang='lat' dir='ltr'><strong>negando</strong></span> <span class='ocrx_word' id='word_1_52' title='bbox 861 955 917 1008; x_wconf 91' lang='lat' dir='ltr'><strong>in</strong></span> <span class='ocrx_word' id='word_1_53' title='bbox 951 969 1168 1009; x_wconf 81' lang='lat' dir='ltr'><strong>sensum</strong></span> <span class='ocrx_word' id='word_1_54' title='bbox 1202 953 1367 1005; x_wconf 90' lang='lat' dir='ltr'><strong>alium</strong></span> <span class='ocrx_word' id='word_1_55' title='bbox 1396 950 1738 1019; x_wconf 87' lang='lat' dir='ltr'><strong>detorquere.</strong></span> 
     </span>
    </p>
   </div>
   <div class='ocr_carea' id='block_1_11' title="bbox 521 1037 2158 1116">
    <p class='ocr_par' dir='ltr' id='par_1_11' title="bbox 521 1037 2158 1116">
     <span class='ocr_line' id='line_1_11' title="bbox 521 1037 2158 1116; baseline -0.004 -19"><span class='ocrx_word' id='word_1_56' title='bbox 521 1111 527 1116; x_wconf 29' lang='lat'><em>.</em></span> <span class='ocrx_word' id='word_1_57' title='bbox 662 1043 823 1110; x_wconf 91' lang='lat' dir='ltr'><strong>lbid.,</strong></span> <span class='ocrx_word' id='word_1_58' title='bbox 856 1045 951 1098; x_wconf 75' lang='lat' dir='ltr'><strong>lin.</strong></span> <span class='ocrx_word' id='word_1_59' title='bbox 983 1045 1070 1099; x_wconf 78' lang='lat'><strong>&#39;50.</strong></span> <span class='ocrx_word' id='word_1_60' title='bbox 1117 1045 1169 1097; x_wconf 91' lang='lat'><strong>&#39;0</strong></span> <span class='ocrx_word' id='word_1_61' title='bbox 1203 1043 1271 1097; x_wconf 86' lang='grc' dir='ltr'>δὲ</span> <span class='ocrx_word' id='word_1_62' title='bbox 1295 1042 1606 1110; x_wconf 80' lang='grc' dir='ltr'>κάνθαρος.</span> <span class='ocrx_word' id='word_1_63' title='bbox 1639 1040 1716 1094; x_wconf 88' lang='lat' dir='ltr'><strong>Ita</strong></span> <span class='ocrx_word' id='word_1_64' title='bbox 1757 1040 1918 1094; x_wconf 88' lang='lat' dir='ltr'><strong>etiam</strong></span> <span class='ocrx_word' id='word_1_65' title='bbox 1956 1037 2158 1102; x_wconf 80' lang='lat' dir='ltr'><strong>liorus,</strong></span> 
     </span>
    </p>
   </div>
   <div class='ocr_carea' id='block_1_12' title="bbox 593 1130 2158 1206">
    <p class='ocr_par' dir='ltr' id='par_1_12' title="bbox 593 1130 2158 1206">
     <span class='ocr_line' id='line_1_12' title="bbox 593 1130 2158 1206; baseline -0.001 -18"><span class='ocrx_word' id='word_1_66' title='bbox 593 1135 689 1191; x_wconf 91' lang='lat' dir='ltr'><strong>lib.</strong></span> <span class='ocrx_word' id='word_1_67' title='bbox 757 1153 796 1199; x_wconf 90' lang='grc' dir='ltr'><strong>ι,</strong></span> <span class='ocrx_word' id='word_1_68' title='bbox 850 1150 972 1206; x_wconf 86' lang='lat' dir='ltr'><strong>cap.</strong></span> <span class='ocrx_word' id='word_1_69' title='bbox 1024 1135 1123 1200; x_wconf 84' lang='grc'><strong>10,</strong></span> <span class='ocrx_word' id='word_1_70' title='bbox 1172 1135 1290 1204; x_wconf 80' lang='grc' dir='ltr'>βοὸς</span> <span class='ocrx_word' id='word_1_71' title='bbox 1350 1133 1649 1204; x_wconf 78' lang='grc' dir='ltr'>ἀφόδευμα.</span> <span class='ocrx_word' id='word_1_72' title='bbox 1721 1130 1919 1186; x_wconf 86' lang='lat' dir='ltr'><strong>Suidas</strong></span> <span class='ocrx_word' id='word_1_73' title='bbox 1980 1142 2158 1186; x_wconf 89' lang='lat' dir='ltr'><strong>tamen</strong></span> 
     </span>
    </p>
   </div>
   <div class='ocr_carea' id='block_1_13' title="bbox 593 1225 2164 1297">
    <p class='ocr_par' dir='ltr' id='par_1_13' title="bbox 593 1225 2164 1297">
     <span class='ocr_line' id='line_1_13' title="bbox 593 1225 2164 1297; baseline -0.003 -17"><span class='ocrx_word' id='word_1_74' title='bbox 593 1227 737 1283; x_wconf 76' lang='grc' dir='ltr'>ὄνου.</span> <span class='ocrx_word' id='word_1_75' title='bbox 765 1228 976 1282; x_wconf 85' lang='lat' dir='ltr'><strong>Plinius</strong></span> <span class='ocrx_word' id='word_1_76' title='bbox 1012 1242 1079 1282; x_wconf 79' lang='lat' dir='ltr'><strong>ex</strong></span> <span class='ocrx_word' id='word_1_77' title='bbox 1112 1225 1357 1297; x_wconf 78' lang='lat' dir='ltr'><strong>Virgilio,</strong></span> <span class='ocrx_word' id='word_1_78' title='bbox 1401 1225 1653 1295; x_wconf 78' lang='lat' dir='ltr'><strong>Virgilius</strong></span> <span class='ocrx_word' id='word_1_79' title='bbox 1674 1225 2017 1292; x_wconf 86' lang='lat' dir='ltr'><strong>juvencorum</strong></span> <span class='ocrx_word' id='word_1_80' title='bbox 2052 1240 2164 1277; x_wconf 77' lang='lat' dir='ltr'><strong>cor-</strong></span> 
     </span>
    </p>
   </div>
   <div class='ocr_carea' id='block_1_14' title="bbox 593 1315 2164 1387">
    <p class='ocr_par' dir='ltr' id='par_1_14' title="bbox 593 1315 2164 1387">
     <span class='ocr_line' id='line_1_14' title="bbox 593 1315 2164 1387; baseline -0.002 -14"><span class='ocrx_word' id='word_1_81' title='bbox 593 1335 718 1385; x_wconf 85' lang='lat' dir='ltr'><strong>pore</strong></span> <span class='ocrx_word' id='word_1_82' title='bbox 749 1318 1076 1381; x_wconf 68' lang='lat' dir='ltr'><strong>exanimato,</strong></span> <span class='ocrx_word' id='word_1_83' title='bbox 1114 1318 1248 1371; x_wconf 89' lang='lat' dir='ltr'><strong>sicut</strong></span> <span class='ocrx_word' id='word_1_84' title='bbox 1269 1333 1517 1387; x_wconf 83' lang='lat' dir='ltr'><strong>equorum</strong></span> <span class='ocrx_word' id='word_1_85' title='bbox 1541 1331 1741 1384; x_wconf 78' lang='lat' dir='ltr'><strong>vespas,</strong></span> <span class='ocrx_word' id='word_1_86' title='bbox 1773 1324 1926 1384; x_wconf 86' lang='lat' dir='ltr'><strong>atque</strong></span> <span class='ocrx_word' id='word_1_87' title='bbox 1954 1315 2164 1370; x_wconf 86' lang='lat' dir='ltr'><strong>crabro-</strong></span> 
     </span>
    </p>
   </div>
   <div class='ocr_carea' id='block_1_15' title="bbox 596 1408 2163 1475">
    <p class='ocr_par' dir='ltr' id='par_1_15' title="bbox 596 1408 2163 1475">
     <span class='ocr_line' id='line_1_15' title="bbox 596 1408 2163 1475; baseline -0.003 -11"><span class='ocrx_word' id='word_1_88' title='bbox 596 1429 706 1475; x_wconf 85' lang='lat' dir='ltr'><strong>nes,</strong></span> <span class='ocrx_word' id='word_1_89' title='bbox 735 1412 872 1465; x_wconf 89' lang='lat' dir='ltr'><strong>sicut</strong></span> <span class='ocrx_word' id='word_1_90' title='bbox 916 1412 1186 1465; x_wconf 75' lang='lat' dir='ltr'><strong>asinorum</strong></span> <span class='ocrx_word' id='word_1_91' title='bbox 1227 1408 1522 1462; x_wconf 72' lang='lat' dir='ltr'><strong>scarabwos</strong></span> <span class='ocrx_word' id='word_1_92' title='bbox 1560 1415 1795 1460; x_wconf 82' lang='lat' dir='ltr'><strong>mutante</strong></span> <span class='ocrx_word' id='word_1_93' title='bbox 1833 1418 2051 1467; x_wconf 87' lang='lat' dir='ltr'><strong>natura,</strong></span> <span class='ocrx_word' id='word_1_94' title='bbox 2098 1422 2163 1460; x_wconf 76' lang='lat' dir='ltr'><strong>ea:</strong></span> 
     </span>
    </p>
   </div>
   <div class='ocr_carea' id='block_1_16' title="bbox 595 1498 2159 1572">
    <p class='ocr_par' dir='ltr' id='par_1_16' title="bbox 595 1498 2159 1572">
     <span class='ocr_line' id='line_1_16' title="bbox 595 1498 2159 1572; baseline -0.003 -16"><span class='ocrx_word' id='word_1_95' title='bbox 595 1503 720 1556; x_wconf 85' lang='lat' dir='ltr'><strong>aliis</strong></span> <span class='ocrx_word' id='word_1_96' title='bbox 751 1502 993 1572; x_wconf 76' lang='lat' dir='ltr'><strong>quwdam</strong></span> <span class='ocrx_word' id='word_1_97' title='bbox 1028 1502 1083 1555; x_wconf 87' lang='lat' dir='ltr'><strong>in</strong></span> <span class='ocrx_word' id='word_1_98' title='bbox 1107 1502 1238 1556; x_wconf 86' lang='lat' dir='ltr'><strong>alia.</strong></span> <span class='ocrx_word' id='word_1_99' title='bbox 1283 1499 1414 1553; x_wconf 84' lang='lat' dir='ltr'><strong>Vide</strong></span> <span class='ocrx_word' id='word_1_100' title='bbox 1452 1498 1811 1569; x_wconf 88' lang='lat' dir='ltr'><strong>Epiphanium</strong></span> <span class='ocrx_word' id='word_1_101' title='bbox 1840 1498 1894 1551; x_wconf 91' lang='lat' dir='ltr'><strong>in</strong></span> <span class='ocrx_word' id='word_1_102' title='bbox 1925 1499 2159 1552; x_wconf 80' lang='lat' dir='ltr'><strong>Ancirot.</strong></span> 
     </span>
    </p>
   </div>
   <div class='ocr_carea' id='block_1_17' title="bbox 595 1590 2166 1663">
    <p class='ocr_par' dir='ltr' id='par_1_17' title="bbox 595 1590 2166 1663">
     <span class='ocr_line' id='line_1_17' title="bbox 595 1590 2166 1663; baseline -0.003 -13"><span class='ocrx_word' id='word_1_103' title='bbox 595 1595 845 1651; x_wconf 88' lang='lat' dir='ltr'><strong>Clemens</strong></span> <span class='ocrx_word' id='word_1_104' title='bbox 867 1595 992 1649; x_wconf 86' lang='lat' dir='ltr'><strong>item</strong></span> <span class='ocrx_word' id='word_1_105' title='bbox 1038 1592 1232 1663; x_wconf 84' lang='lat' dir='ltr'><strong>Hypot.</strong></span> <span class='ocrx_word' id='word_1_106' title='bbox 1263 1609 1340 1654; x_wconf 72' lang='lat' dir='ltr'><strong>vn,</strong></span> <span class='ocrx_word' id='word_1_107' title='bbox 1383 1592 1628 1646; x_wconf 85' lang='lat' dir='ltr'><strong>homines</strong></span> <span class='ocrx_word' id='word_1_108' title='bbox 1664 1591 2027 1660; x_wconf 84' lang='lat' dir='ltr'><strong>voluptatibus</strong></span> <span class='ocrx_word' id='word_1_109' title='bbox 2070 1590 2166 1645; x_wconf 84' lang='lat' dir='ltr'><strong>im-</strong></span> 
     </span>
    </p>
   </div>
   <div class='ocr_carea' id='block_1_18' title="bbox 599 1682 2161 1756">
    <p class='ocr_par' dir='ltr' id='par_1_18' title="bbox 599 1682 2161 1756">
     <span class='ocr_line' id='line_1_18' title="bbox 599 1682 2161 1756; baseline -0.003 -16"><span class='ocrx_word' id='word_1_110' title='bbox 599 1687 823 1756; x_wconf 76' lang='lat' dir='ltr'><strong>pensius</strong></span> <span class='ocrx_word' id='word_1_111' title='bbox 859 1685 1092 1750; x_wconf 87' lang='lat' dir='ltr'><strong>deditos,</strong></span> <span class='ocrx_word' id='word_1_112' title='bbox 1121 1685 1180 1739; x_wconf 87' lang='lat' dir='ltr'><strong>&#39;et</strong></span> <span class='ocrx_word' id='word_1_113' title='bbox 1228 1684 1532 1747; x_wconf 89' lang='lat' dir='ltr'><strong>immersos,</strong></span> <span class='ocrx_word' id='word_1_114' title='bbox 1571 1697 1633 1737; x_wconf 91' lang='lat' dir='ltr'><strong>ac</strong></span> <span class='ocrx_word' id='word_1_115' title='bbox 1675 1682 1858 1738; x_wconf 93' lang='lat' dir='ltr'><strong>ebrios</strong></span> <span class='ocrx_word' id='word_1_116' title='bbox 1905 1689 2161 1753; x_wconf 87' lang='lat' dir='ltr'><strong>tauquam</strong></span> 
     </span>
    </p>
   </div>
   <div class='ocr_carea' id='block_1_19' title="bbox 598 1772 1741 1828">
    <p class='ocr_par' dir='ltr' id='par_1_19' title="bbox 598 1772 1741 1828">
     <span class='ocr_line' id='line_1_19' title="bbox 598 1772 1741 1828; baseline -0.001 -1"><span class='ocrx_word' id='word_1_117' title='bbox 598 1774 890 1827; x_wconf 89' lang='lat' dir='ltr'><strong>cantharos</strong></span> <span class='ocrx_word' id='word_1_118' title='bbox 918 1774 972 1826; x_wconf 91' lang='lat' dir='ltr'><strong>in</strong></span> <span class='ocrx_word' id='word_1_119' title='bbox 1001 1782 1240 1828; x_wconf 86' lang='lat' dir='ltr'><strong>stercore</strong></span> <span class='ocrx_word' id='word_1_120' title='bbox 1269 1772 1502 1825; x_wconf 85' lang='lat' dir='ltr'><strong>volutari</strong></span> <span class='ocrx_word' id='word_1_121' title='bbox 1531 1772 1741 1827; x_wconf 84' lang='lat' dir='ltr'><strong>scribit.</strong></span> 
     </span>
    </p>
   </div>
   <div class='ocr_carea' id='block_1_20' title="bbox 2261 573 3848 653">
    <p class='ocr_par' dir='ltr' id='par_1_20' title="bbox 2261 573 3848 653">
     <span class='ocr_line' id='line_1_20' title="bbox 2261 573 3848 653; baseline -0.006 -16"><span class='ocrx_word' id='word_1_122' title='bbox 2261 585 2389 646; x_wconf 82' lang='grc' dir='ltr'>ἰδοις</span> <span class='ocrx_word' id='word_1_123' title='bbox 2404 581 2606 653; x_wconf 75' lang='grc' dir='ltr'>ὄμϐρον</span> <span class='ocrx_word' id='word_1_124' title='bbox 2635 581 2700 632; x_wconf 80' lang='grc' dir='ltr'>ὲκ</span> <span class='ocrx_word' id='word_1_125' title='bbox 2714 580 2888 650; x_wconf 83' lang='grc' dir='ltr'>νεφῶν</span> <span class='ocrx_word' id='word_1_126' title='bbox 2904 577 3243 649; x_wconf 76' lang='grc' dir='ltr'>ἀπορρυέντα</span> <span class='ocrx_word' id='word_1_127' title='bbox 3267 576 3397 647; x_wconf 78' lang='grc' dir='ltr'>παρ’</span> <span class='ocrx_word' id='word_1_128' title='bbox 3411 574 3535 628; x_wconf 82' lang='grc' dir='ltr'>ὅσον</span> <span class='ocrx_word' id='word_1_129' title='bbox 3554 573 3743 644; x_wconf 78' lang='grc' dir='ltr'>χρόνον</span> <span class='ocrx_word' id='word_1_130' title='bbox 3764 575 3848 627; x_wconf 80' lang='grc' dir='ltr'>ἐκ</span> 
     </span>
    </p>
   </div>
   <div class='ocr_carea' id='block_1_21' title="bbox 2257 666 3837 743">
    <p class='ocr_par' dir='ltr' id='par_1_21' title="bbox 2257 666 3837 743">
     <span class='ocr_line' id='line_1_21' title="bbox 2257 666 3837 743; baseline -0.004 -18"><span class='ocrx_word' id='word_1_131' title='bbox 2257 673 2365 725; x_wconf 85' lang='grc' dir='ltr'><strong>τῶν</strong></span> <span class='ocrx_word' id='word_1_132' title='bbox 2385 672 2688 743; x_wconf 73' lang='grc' dir='ltr'>μυρμήκων</span> <span class='ocrx_word' id='word_1_133' title='bbox 2708 672 2735 722; x_wconf 97' lang='lat'><strong>6</strong></span> <span class='ocrx_word' id='word_1_134' title='bbox 2750 672 2894 733; x_wconf 85' lang='grc' dir='ltr'>σῖτος</span> <span class='ocrx_word' id='word_1_135' title='bbox 2911 669 3289 742; x_wconf 85' lang='grc' dir='ltr'>προϐέϐληται.</span> <span class='ocrx_word' id='word_1_136' title='bbox 3310 666 3509 731; x_wconf 80' lang='lat' dir='ltr'><strong>Horus,</strong></span> <span class='ocrx_word' id='word_1_137' title='bbox 3530 666 3622 721; x_wconf 89' lang='lat' dir='ltr'><strong>lib.</strong></span> <span class='ocrx_word' id='word_1_138' title='bbox 3648 680 3837 736; x_wconf 83' lang='lat' dir='ltr'><strong>I,cap.</strong></span> 
     </span>
    </p>
   </div>
   <div class='ocr_carea' id='block_1_22' title="bbox 2259 762 3847 838">
    <p class='ocr_par' dir='ltr' id='par_1_22' title="bbox 2259 762 3847 838">
     <span class='ocr_line' id='line_1_22' title="bbox 2259 762 3847 838; baseline 0.002 -20"><span class='ocrx_word' id='word_1_139' title='bbox 2259 764 2347 823; x_wconf 69' lang='grc'><strong>52.</strong></span> <span class='ocrx_word' id='word_1_140' title='bbox 2368 764 2463 827; x_wconf 86' lang='lat' dir='ltr'><strong>ait,</strong></span> <span class='ocrx_word' id='word_1_141' title='bbox 2480 762 2736 818; x_wconf 81' lang='lat' dir='ltr'><strong>formicas</strong></span> <span class='ocrx_word' id='word_1_142' title='bbox 2750 766 2805 817; x_wconf 91' lang='lat' dir='ltr'><strong>in</strong></span> <span class='ocrx_word' id='word_1_143' title='bbox 2823 764 3049 820; x_wconf 85' lang='lat' dir='ltr'><strong>hiemem</strong></span> <span class='ocrx_word' id='word_1_144' title='bbox 3066 765 3170 818; x_wconf 89' lang='lat' dir='ltr'><strong>sibi</strong></span> <span class='ocrx_word' id='word_1_145' title='bbox 3187 766 3340 821; x_wconf 84' lang='lat' dir='ltr'><strong>eibos</strong></span> <span class='ocrx_word' id='word_1_146' title='bbox 3355 781 3649 838; x_wconf 76' lang='lat' dir='ltr'><strong>congerere</strong></span> <span class='ocrx_word' id='word_1_147' title='bbox 3661 780 3719 821; x_wconf 87' lang='lat' dir='ltr'><strong>et</strong></span> <span class='ocrx_word' id='word_1_148' title='bbox 3739 782 3847 821; x_wconf 88' lang='lat' dir='ltr'><strong>eo-</strong></span> 
     </span>
    </p>
   </div>
   <div class='ocr_carea' id='block_1_23' title="bbox 2260 856 3842 928">
    <p class='ocr_par' dir='ltr' id='par_1_23' title="bbox 2260 856 3842 928">
     <span class='ocr_line' id='line_1_23' title="bbox 2260 856 3842 928; baseline 0.003 -19"><span class='ocrx_word' id='word_1_149' title='bbox 2260 871 2379 909; x_wconf 87' lang='lat' dir='ltr'><strong>rum</strong></span> <span class='ocrx_word' id='word_1_150' title='bbox 2394 856 2631 923; x_wconf 83' lang='lat' dir='ltr'><strong>studium</strong></span> <span class='ocrx_word' id='word_1_151' title='bbox 2658 856 2712 911; x_wconf 93' lang='lat' dir='ltr'><strong>in</strong></span> <span class='ocrx_word' id='word_1_152' title='bbox 2733 856 2974 926; x_wconf 88' lang='lat' dir='ltr'><strong>parando</strong></span> <span class='ocrx_word' id='word_1_153' title='bbox 3008 857 3107 912; x_wconf 89' lang='lat' dir='ltr'><strong>sibi</strong></span> <span class='ocrx_word' id='word_1_154' title='bbox 3135 858 3350 919; x_wconf 85' lang='lat' dir='ltr'><strong>cibo.et</strong></span> <span class='ocrx_word' id='word_1_155' title='bbox 3377 859 3698 928; x_wconf 86' lang='lat' dir='ltr'><strong>colligendis</strong></span> <span class='ocrx_word' id='word_1_156' title='bbox 3719 859 3842 913; x_wconf 84' lang='lat' dir='ltr'><strong>fru-</strong></span> 
     </span>
    </p>
   </div>
   <div class='ocr_carea' id='block_1_24' title="bbox 2260 948 3837 1020">
    <p class='ocr_par' dir='ltr' id='par_1_24' title="bbox 2260 948 3837 1020">
     <span class='ocr_line' id='line_1_24' title="bbox 2260 948 3837 1020; baseline 0.002 -19"><span class='ocrx_word' id='word_1_157' title='bbox 2260 948 2438 1002; x_wconf 91' lang='lat' dir='ltr'><strong>ctibus</strong></span> <span class='ocrx_word' id='word_1_158' title='bbox 2462 948 3085 1017; x_wconf 82' lang='lat' dir='ltr'><strong>espressitAristoteles,</strong></span> <span class='ocrx_word' id='word_1_159' title='bbox 3116 949 3191 1004; x_wconf 87' lang='lat' dir='ltr'><strong>lib</strong></span> <span class='ocrx_word' id='word_1_160' title='bbox 3230 965 3306 1015; x_wconf 80' lang='lat' dir='ltr'><strong>Ix,</strong></span> <span class='ocrx_word' id='word_1_161' title='bbox 3339 965 3459 1020; x_wconf 90' lang='lat' dir='ltr'><strong>cap.</strong></span> <span class='ocrx_word' id='word_1_162' title='bbox 3486 950 3574 1004; x_wconf 76' lang='lat'><strong>58.</strong></span> <span class='ocrx_word' id='word_1_163' title='bbox 3593 948 3837 1014; x_wconf 81' lang='lat' dir='ltr'><strong>Plinius,</strong></span> 
     </span>
    </p>
   </div>
   <div class='ocr_carea' id='block_1_25' title="bbox 2260 1038 3840 1108">
    <p class='ocr_par' dir='ltr' id='par_1_25' title="bbox 2260 1038 3840 1108">
     <span class='ocr_line' id='line_1_25' title="bbox 2260 1038 3840 1108; baseline 0.002 -17"><span class='ocrx_word' id='word_1_164' title='bbox 2260 1038 2353 1091; x_wconf 92' lang='lat' dir='ltr'><strong>lib.</strong></span> <span class='ocrx_word' id='word_1_165' title='bbox 2390 1054 2467 1098; x_wconf 73' lang='grc' dir='ltr'>χι,</span> <span class='ocrx_word' id='word_1_166' title='bbox 2510 1053 2630 1108; x_wconf 82' lang='lat' dir='ltr'><strong>cap.</strong></span> <span class='ocrx_word' id='word_1_167' title='bbox 2673 1038 2760 1101; x_wconf 78' lang='lat'><strong>50,</strong></span> <span class='ocrx_word' id='word_1_168' title='bbox 2790 1055 2853 1093; x_wconf 67' lang='lat' dir='ltr'><strong>ex</strong></span> <span class='ocrx_word' id='word_1_169' title='bbox 2878 1038 3187 1101; x_wconf 78' lang='lat' dir='ltr'><strong>Aristotele,</strong></span> <span class='ocrx_word' id='word_1_170' title='bbox 3235 1039 3451 1094; x_wconf 82' lang='lat' dir='ltr'><strong>Semina</strong></span> <span class='ocrx_word' id='word_1_171' title='bbox 3483 1058 3670 1096; x_wconf 79' lang='lat' dir='ltr'><strong>arroso</strong></span> <span class='ocrx_word' id='word_1_172' title='bbox 3700 1057 3840 1095; x_wconf 78' lang='lat' dir='ltr'><strong>con-</strong></span> 
     </span>
    </p>
   </div>
   <div class='ocr_carea' id='block_1_26' title="bbox 2259 1128 3841 1202">
    <p class='ocr_par' dir='ltr' id='par_1_26' title="bbox 2259 1128 3841 1202">
     <span class='ocr_line' id='line_1_26' title="bbox 2259 1128 3841 1202; baseline 0.003 -21"><span class='ocrx_word' id='word_1_173' title='bbox 2259 1128 2414 1192; x_wconf 84' lang='lat' dir='ltr'><strong>dunt,</strong></span> <span class='ocrx_word' id='word_1_174' title='bbox 2469 1145 2532 1182; x_wconf 78' lang='lat' dir='ltr'><strong>ne</strong></span> <span class='ocrx_word' id='word_1_175' title='bbox 2577 1145 2761 1183; x_wconf 81' lang='lat' dir='ltr'><strong>rursus</strong></span> <span class='ocrx_word' id='word_1_176' title='bbox 2804 1130 2860 1183; x_wconf 90' lang='lat' dir='ltr'><strong>in</strong></span> <span class='ocrx_word' id='word_1_177' title='bbox 2896 1130 3072 1199; x_wconf 78' lang='lat' dir='ltr'><strong>fruges</strong></span> <span class='ocrx_word' id='word_1_178' title='bbox 3112 1139 3296 1184; x_wconf 68' lang='lat' dir='ltr'><strong>creant</strong></span> <span class='ocrx_word' id='word_1_179' title='bbox 3333 1147 3361 1185; x_wconf 91' lang='lat' dir='ltr'><strong>e</strong></span> <span class='ocrx_word' id='word_1_180' title='bbox 3398 1141 3559 1186; x_wconf 82' lang='lat' dir='ltr'><strong>terra.</strong></span> <span class='ocrx_word' id='word_1_181' title='bbox 3611 1132 3841 1202; x_wconf 74' lang='lat' dir='ltr'><strong>Majora</strong></span> 
     </span>
    </p>
   </div>
   <div class='ocr_carea' id='block_1_27' title="bbox 2261 1221 3836 1295">
    <p class='ocr_par' dir='ltr' id='par_1_27' title="bbox 2261 1221 3836 1295">
     <span class='ocr_line' id='line_1_27' title="bbox 2261 1221 3836 1295; baseline 0.001 -20"><span class='ocrx_word' id='word_1_182' title='bbox 2261 1222 2330 1275; x_wconf 88' lang='lat' dir='ltr'><strong>ad</strong></span> <span class='ocrx_word' id='word_1_183' title='bbox 2362 1223 2633 1276; x_wconf 77' lang='lat' dir='ltr'><strong>introitum</strong></span> <span class='ocrx_word' id='word_1_184' title='bbox 2672 1221 2931 1276; x_wconf 75' lang='lat' dir='ltr'><strong>dividunt.</strong></span> <span class='ocrx_word' id='word_1_185' title='bbox 2981 1221 3285 1292; x_wconf 74' lang='lat' dir='ltr'><strong>Hadefacta</strong></span> <span class='ocrx_word' id='word_1_186' title='bbox 3325 1224 3489 1278; x_wconf 84' lang='lat' dir='ltr'><strong>imbre</strong></span> <span class='ocrx_word' id='word_1_187' title='bbox 3527 1224 3836 1295; x_wconf 79' lang='lat' dir='ltr'><strong>proferunt,</strong></span> 
     </span>
    </p>
   </div>
   <div class='ocr_carea' id='block_1_28' title="bbox 2262 1313 3836 1384">
    <p class='ocr_par' dir='ltr' id='par_1_28' title="bbox 2262 1313 3836 1384">
     <span class='ocr_line' id='line_1_28' title="bbox 2262 1313 3836 1384; baseline 0.002 -17"><span class='ocrx_word' id='word_1_188' title='bbox 2262 1326 2416 1384; x_wconf 87' lang='lat' dir='ltr'><strong>atque</strong></span> <span class='ocrx_word' id='word_1_189' title='bbox 2443 1315 2663 1370; x_wconf 88' lang='lat' dir='ltr'><strong>siccant.</strong></span> <span class='ocrx_word' id='word_1_190' title='bbox 2690 1313 2987 1383; x_wconf 86' lang='lat' dir='ltr'><strong>Operantur</strong></span> <span class='ocrx_word' id='word_1_191' title='bbox 3010 1324 3058 1367; x_wconf 84' lang='lat' dir='ltr'><strong>et</strong></span> <span class='ocrx_word' id='word_1_192' title='bbox 3079 1328 3233 1368; x_wconf 87' lang='lat' dir='ltr'><strong>noctu</strong></span> <span class='ocrx_word' id='word_1_193' title='bbox 3251 1316 3403 1383; x_wconf 85' lang='lat' dir='ltr'><strong>plena</strong></span> <span class='ocrx_word' id='word_1_194' title='bbox 3429 1316 3573 1370; x_wconf 84' lang='lat' dir='ltr'><strong>luna.</strong></span> <span class='ocrx_word' id='word_1_195' title='bbox 3611 1315 3836 1371; x_wconf 72' lang='lat' dir='ltr'><strong>Ewdem</strong></span> 
     </span>
    </p>
   </div>
   <div class='ocr_carea' id='block_1_29' title="bbox 2262 1405 3829 1478">
    <p class='ocr_par' dir='ltr' id='par_1_29' title="bbox 2262 1405 3829 1478">
     <span class='ocr_line' id='line_1_29' title="bbox 2262 1405 3829 1478; baseline 0.003 -19"><span class='ocrx_word' id='word_1_196' title='bbox 2262 1405 2542 1461; x_wconf 88' lang='lat' dir='ltr'><strong>interlunio</strong></span> <span class='ocrx_word' id='word_1_197' title='bbox 2565 1416 2788 1461; x_wconf 88' lang='lat' dir='ltr'><strong>cessant.</strong></span> <span class='ocrx_word' id='word_1_198' title='bbox 2806 1406 2933 1460; x_wconf 86' lang='lat' dir='ltr'><strong>Jam</strong></span> <span class='ocrx_word' id='word_1_199' title='bbox 2959 1408 3014 1460; x_wconf 90' lang='lat' dir='ltr'><strong>in</strong></span> <span class='ocrx_word' id='word_1_200' title='bbox 3031 1424 3182 1471; x_wconf 86' lang='lat' dir='ltr'><strong>opere</strong></span> <span class='ocrx_word' id='word_1_201' title='bbox 3199 1408 3287 1478; x_wconf 85' lang='lat' dir='ltr'><strong>qui</strong></span> <span class='ocrx_word' id='word_1_202' title='bbox 3316 1407 3502 1461; x_wconf 85' lang='lat' dir='ltr'><strong>labor!</strong></span> <span class='ocrx_word' id='word_1_203' title='bbox 3527 1425 3643 1478; x_wconf 73' lang='lat' dir='ltr'><strong>quo:</strong></span> <span class='ocrx_word' id='word_1_204' title='bbox 3666 1410 3829 1463; x_wconf 55' lang='lat' dir='ltr'><strong>sedad-</strong></span> 
     </span>
    </p>
   </div>
   <div class='ocr_carea' id='block_1_30' title="bbox 2262 1493 3829 1567">
    <p class='ocr_par' dir='ltr' id='par_1_30' title="bbox 2262 1493 3829 1567">
     <span class='ocr_line' id='line_1_30' title="bbox 2262 1493 3829 1567; baseline 0.003 -20"><span class='ocrx_word' id='word_1_205' title='bbox 2262 1493 2426 1547; x_wconf 86' lang='lat' dir='ltr'><strong>litas!</strong></span> <span class='ocrx_word' id='word_1_206' title='bbox 2461 1493 2732 1558; x_wconf 65' lang='lat' dir='ltr'><strong>Elianus,</strong></span> <span class='ocrx_word' id='word_1_207' title='bbox 2769 1496 2862 1549; x_wconf 87' lang='lat' dir='ltr'><strong>lib.</strong></span> <span class='ocrx_word' id='word_1_208' title='bbox 2898 1509 2959 1559; x_wconf 89' lang='grc' dir='ltr'><strong>ιι,</strong></span> <span class='ocrx_word' id='word_1_209' title='bbox 2999 1511 3120 1565; x_wconf 84' lang='lat' dir='ltr'><strong>cap.</strong></span> <span class='ocrx_word' id='word_1_210' title='bbox 3149 1494 3253 1563; x_wconf 73' lang='lat'><strong>25;</strong></span> <span class='ocrx_word' id='word_1_211' title='bbox 3289 1494 3551 1567; x_wconf 86' lang='lat' dir='ltr'><strong>Georgius</strong></span> <span class='ocrx_word' id='word_1_212' title='bbox 3588 1496 3829 1563; x_wconf 84' lang='lat' dir='ltr'><strong>Pisides,</strong></span> 
     </span>
    </p>
   </div>
   <div class='ocr_carea' id='block_1_31' title="bbox 2263 1582 3828 1660">
    <p class='ocr_par' dir='ltr' id='par_1_31' title="bbox 2263 1582 3828 1660">
     <span class='ocr_line' id='line_1_31' title="bbox 2263 1582 3828 1660; baseline 0.004 -22"><span class='ocrx_word' id='word_1_213' title='bbox 2263 1582 2342 1639; x_wconf 87' lang='lat' dir='ltr'><strong>De</strong></span> <span class='ocrx_word' id='word_1_214' title='bbox 2373 1586 2554 1640; x_wconf 88' lang='lat' dir='ltr'><strong>mundi</strong></span> <span class='ocrx_word' id='word_1_215' title='bbox 2583 1587 2827 1656; x_wconf 83' lang='lat' dir='ltr'><strong>api/icio;</strong></span> <span class='ocrx_word' id='word_1_216' title='bbox 2857 1585 3209 1658; x_wconf 85' lang='lat' dir='ltr'><strong>Epiphanius,</strong></span> <span class='ocrx_word' id='word_1_217' title='bbox 3249 1588 3303 1641; x_wconf 93' lang='lat' dir='ltr'><strong>in</strong></span> <span class='ocrx_word' id='word_1_218' title='bbox 3333 1584 3675 1659; x_wconf 83' lang='lat' dir='ltr'><strong>Physiologo.</strong></span> <span class='ocrx_word' id='word_1_219' title='bbox 3699 1605 3828 1660; x_wconf 79' lang='lat' dir='ltr'><strong>cap.</strong></span> 
     </span>
    </p>
   </div>
   <div class='ocr_carea' id='block_1_32' title="bbox 2262 1677 3835 1753">
    <p class='ocr_par' dir='ltr' id='par_1_32' title="bbox 2262 1677 3835 1753">
     <span class='ocr_line' id='line_1_32' title="bbox 2262 1677 3835 1753; baseline 0.002 -21"><span class='ocrx_word' id='word_1_220' title='bbox 2262 1693 2432 1744; x_wconf 81' lang='lat' dir='ltr'><strong>xvm;</strong></span> <span class='ocrx_word' id='word_1_221' title='bbox 2485 1686 2677 1733; x_wconf 88' lang='lat' dir='ltr'><strong>auctor</strong></span> <span class='ocrx_word' id='word_1_222' title='bbox 2727 1678 2969 1749; x_wconf 69' lang='lat' dir='ltr'><strong>epistolae</strong></span> <span class='ocrx_word' id='word_1_223' title='bbox 3007 1678 3075 1731; x_wconf 89' lang='lat' dir='ltr'><strong>ad</strong></span> <span class='ocrx_word' id='word_1_224' title='bbox 3125 1677 3456 1748; x_wconf 66' lang='lat' dir='ltr'><strong>praesidium,</strong></span> <span class='ocrx_word' id='word_1_225' title='bbox 3512 1678 3612 1734; x_wconf 91' lang='lat' dir='ltr'><strong>Dio</strong></span> <span class='ocrx_word' id='word_1_226' title='bbox 3660 1680 3835 1753; x_wconf 81' lang='lat' dir='ltr'><strong>Chry-</strong></span> 
     </span>
    </p>
   </div>
   <div class='ocr_carea' id='block_1_33' title="bbox 2264 1770 3832 1843">
    <p class='ocr_par' dir='ltr' id='par_1_33' title="bbox 2264 1770 3832 1843">
     <span class='ocr_line' id='line_1_33' title="bbox 2264 1770 3832 1843; baseline 0 -16"><span class='ocrx_word' id='word_1_227' title='bbox 2264 1780 2557 1835; x_wconf 89' lang='lat' dir='ltr'><strong>sostomus,</strong></span> <span class='ocrx_word' id='word_1_228' title='bbox 2585 1770 2831 1825; x_wconf 90' lang='lat' dir='ltr'><strong>oratione</strong></span> <span class='ocrx_word' id='word_1_229' title='bbox 2855 1770 3075 1840; x_wconf 86' lang='lat' dir='ltr'><strong>politica</strong></span> <span class='ocrx_word' id='word_1_230' title='bbox 3105 1770 3158 1823; x_wconf 91' lang='lat' dir='ltr'><strong>in</strong></span> <span class='ocrx_word' id='word_1_231' title='bbox 3190 1771 3474 1832; x_wconf 91' lang='lat' dir='ltr'><strong>concione,</strong></span> <span class='ocrx_word' id='word_1_232' title='bbox 3502 1772 3613 1825; x_wconf 77' lang='grc' dir='ltr'><strong>Καὶ</strong></span> <span class='ocrx_word' id='word_1_233' title='bbox 3645 1773 3832 1843; x_wconf 82' lang='grc' dir='ltr'>μέντοι</span> 
     </span>
    </p>
   </div>
   <div class='ocr_carea' id='block_1_34' title="bbox 670 1841 2163 1935">
    <p class='ocr_par' dir='ltr' id='par_1_34' title="bbox 670 1862 2161 1935">
     <span class='ocr_line' id='line_1_34' title="bbox 670 1862 2161 1935; baseline 0 -16"><span class='ocrx_word' id='word_1_234' title='bbox 670 1867 801 1921; x_wconf 89' lang='lat' dir='ltr'><strong>Ibid.</strong></span> <span class='ocrx_word' id='word_1_235' title='bbox 830 1865 1197 1934; x_wconf 73' lang='grc' dir='ltr'>κυκλοτερὲς</span> <span class='ocrx_word' id='word_1_236' title='bbox 1210 1862 1433 1935; x_wconf 81' lang='grc' dir='ltr'>σχῆμα.</span> <span class='ocrx_word' id='word_1_237' title='bbox 1467 1862 1665 1925; x_wconf 83' lang='lat' dir='ltr'><strong>Horus,</strong></span> <span class='ocrx_word' id='word_1_238' title='bbox 1696 1864 1789 1917; x_wconf 91' lang='lat' dir='ltr'><strong>lib.</strong></span> <span class='ocrx_word' id='word_1_239' title='bbox 1825 1880 1862 1927; x_wconf 89' lang='grc' dir='ltr'><strong>ι,</strong></span> <span class='ocrx_word' id='word_1_240' title='bbox 1902 1879 2022 1935; x_wconf 89' lang='lat' dir='ltr'><strong>cap.</strong></span> <span class='ocrx_word' id='word_1_241' title='bbox 2054 1864 2119 1919; x_wconf 90' lang='lat' dir='ltr'><strong>l0</strong></span> <span class='ocrx_word' id='word_1_242' title='bbox 2146 1883 2161 1919; x_wconf 87' lang='lat'><strong>:</strong></span> 
     </span>
    </p>
   </div>
   <div class='ocr_carea' id='block_1_35' title="bbox 2262 1841 3835 1935">
    <p class='ocr_par' dir='ltr' id='par_1_35' title="bbox 2265 1841 3835 1935">
     <span class='ocr_line' id='line_1_35' title="bbox 2265 1841 3835 1935; baseline 0.003 -18"><span class='ocrx_word' id='word_1_243' title='bbox 2265 1864 2357 1917; x_wconf 67' lang='grc' dir='ltr'>καὶ</span> <span class='ocrx_word' id='word_1_244' title='bbox 2396 1862 2690 1935; x_wconf 86' lang='grc' dir='ltr'>μύρμηκας</span> <span class='ocrx_word' id='word_1_245' title='bbox 2717 1862 2857 1916; x_wconf 90' lang='grc' dir='ltr'>πάνυ</span> <span class='ocrx_word' id='word_1_246' title='bbox 2888 1862 3060 1934; x_wconf 80' lang='grc' dir='ltr'><strong>ἡδέως</strong></span> <span class='ocrx_word' id='word_1_247' title='bbox 3099 1862 3223 1916; x_wconf 85' lang='grc' dir='ltr'><strong>ἰδείν</strong></span> <span class='ocrx_word' id='word_1_248' title='bbox 3254 1863 3418 1929; x_wconf 74' lang='grc' dir='ltr'>ἐστιν,</span> <span class='ocrx_word' id='word_1_249' title='bbox 3441 1864 3588 1930; x_wconf 80' lang='grc' dir='ltr'>ὅπως</span> <span class='ocrx_word' id='word_1_250' title='bbox 3615 1841 3714 1935; x_wconf 83' lang='grc' dir='ltr'>μὲν</span> <span class='ocrx_word' id='word_1_251' title='bbox 3759 1870 3835 1921; x_wconf 68' lang='grc' dir='ltr'>ομ</span> 
     </span>
    </p>
   </div>
   <div class='ocr_carea' id='block_1_36' title="bbox 599 1953 2161 2027">
    <p class='ocr_par' dir='ltr' id='par_1_36' title="bbox 599 1953 2161 2027">
     <span class='ocr_line' id='line_1_36' title="bbox 599 1953 2161 2027; baseline -0.003 -15"><span class='ocrx_word' id='word_1_252' title='bbox 599 1957 830 2012; x_wconf 81' lang='grc' dir='ltr'>Πλάσσει</span> <span class='ocrx_word' id='word_1_253' title='bbox 864 1956 1198 2027; x_wconf 81' lang='grc' dir='ltr'>σφαιροειδὲς</span> <span class='ocrx_word' id='word_1_254' title='bbox 1232 1956 1610 2027; x_wconf 88' lang='grc' dir='ltr'>παραπλήσιον</span> <span class='ocrx_word' id='word_1_255' title='bbox 1630 1953 1704 2025; x_wconf 83' lang='grc' dir='ltr'><strong>τῷ</strong></span> <span class='ocrx_word' id='word_1_256' title='bbox 1734 1955 1922 2026; x_wconf 85' lang='grc' dir='ltr'>κόσμῳ</span> <span class='ocrx_word' id='word_1_257' title='bbox 1956 1954 2161 2025; x_wconf 81' lang='grc' dir='ltr'>σχῆμα,</span> 
     </span>
    </p>
   </div>
   <div class='ocr_carea' id='block_1_37' title="bbox 595 2046 2165 2119">
    <p class='ocr_par' dir='ltr' id='par_1_37' title="bbox 595 2046 2165 2119">
     <span class='ocr_line' id='line_1_37' title="bbox 595 2046 2165 2119; baseline 0 -18"><span class='ocrx_word' id='word_1_258' title='bbox 595 2049 624 2101; x_wconf 85' lang='grc' dir='ltr'><strong>ὃ</strong></span> <span class='ocrx_word' id='word_1_259' title='bbox 652 2052 716 2103; x_wconf 90' lang='grc' dir='ltr'>ὲκ</span> <span class='ocrx_word' id='word_1_260' title='bbox 744 2049 849 2103; x_wconf 85' lang='grc' dir='ltr'><strong>τῶν</strong></span> <span class='ocrx_word' id='word_1_261' title='bbox 881 2049 1142 2103; x_wconf 82' lang='grc' dir='ltr'><strong>ὀπισθίων</strong></span> <span class='ocrx_word' id='word_1_262' title='bbox 1187 2046 1367 2119; x_wconf 85' lang='grc' dir='ltr'><strong>μερῶν</strong></span> <span class='ocrx_word' id='word_1_263' title='bbox 1392 2046 1617 2110; x_wconf 84' lang='grc' dir='ltr'>κυλίσας</span> <span class='ocrx_word' id='word_1_264' title='bbox 1644 2047 1751 2101; x_wconf 82' lang='grc' dir='ltr'><strong>ἀπὸ</strong></span> <span class='ocrx_word' id='word_1_265' title='bbox 1795 2047 2058 2118; x_wconf 80' lang='grc' dir='ltr'>ἀνατολῆς</span> <span class='ocrx_word' id='word_1_266' title='bbox 2085 2050 2165 2110; x_wconf 85' lang='grc' dir='ltr'><strong>εἰς</strong></span> 
     </span>
    </p>
   </div>
   <div class='ocr_carea' id='block_1_38' title="bbox 595 2138 2164 2212">
    <p class='ocr_par' dir='ltr' id='par_1_38' title="bbox 595 2138 2164 2212">
     <span class='ocr_line' id='line_1_38' title="bbox 595 2138 2164 2212; baseline -0.001 -17"><span class='ocrx_word' id='word_1_267' title='bbox 595 2141 744 2195; x_wconf 80' lang='grc' dir='ltr'>δύσιν</span> <span class='ocrx_word' id='word_1_268' title='bbox 775 2141 935 2205; x_wconf 74' lang='grc' dir='ltr'>αὐτὸς</span> <span class='ocrx_word' id='word_1_269' title='bbox 961 2139 1095 2212; x_wconf 78' lang='grc' dir='ltr'>πρὸς</span> <span class='ocrx_word' id='word_1_270' title='bbox 1125 2139 1385 2210; x_wconf 80' lang='grc' dir='ltr'>ἀνατολὴν</span> <span class='ocrx_word' id='word_1_271' title='bbox 1416 2138 1621 2209; x_wconf 81' lang='grc' dir='ltr'><strong>βλέπει,</strong></span> <span class='ocrx_word' id='word_1_272' title='bbox 1648 2139 1735 2191; x_wconf 83' lang='grc' dir='ltr'>ἵνα</span> <span class='ocrx_word' id='word_1_273' title='bbox 1769 2138 1953 2210; x_wconf 84' lang='grc' dir='ltr'>άποδῷ</span> <span class='ocrx_word' id='word_1_274' title='bbox 1987 2139 2049 2192; x_wconf 83' lang='grc' dir='ltr'>τὸ</span> <span class='ocrx_word' id='word_1_275' title='bbox 2072 2141 2164 2194; x_wconf 80' lang='grc' dir='ltr'>τοῦ</span> 
     </span>
    </p>
   </div>
   <div class='ocr_carea' id='block_1_39' title="bbox 595 2229 2167 2304">
    <p class='ocr_par' dir='ltr' id='par_1_39' title="bbox 595 2229 2167 2304">
     <span class='ocr_line' id='line_1_39' title="bbox 595 2229 2167 2304; baseline -0.002 -18"><span class='ocrx_word' id='word_1_276' title='bbox 595 2233 799 2304; x_wconf 81' lang='grc' dir='ltr'>κόσμου</span> <span class='ocrx_word' id='word_1_277' title='bbox 847 2233 1052 2304; x_wconf 74' lang='grc' dir='ltr'>σχῆμα.</span> <span class='ocrx_word' id='word_1_278' title='bbox 1087 2230 1353 2303; x_wconf 77' lang='lat' dir='ltr'><strong>Georgius</strong></span> <span class='ocrx_word' id='word_1_279' title='bbox 1379 2229 1624 2294; x_wconf 77' lang='lat' dir='ltr'><strong>-Pisides,</strong></span> <span class='ocrx_word' id='word_1_280' title='bbox 1671 2229 1745 2285; x_wconf 88' lang='lat' dir='ltr'><strong>De</strong></span> <span class='ocrx_word' id='word_1_281' title='bbox 1786 2231 1975 2284; x_wconf 85' lang='lat' dir='ltr'><strong>mundi</strong></span> <span class='ocrx_word' id='word_1_282' title='bbox 2012 2233 2167 2300; x_wconf 83' lang='lat' dir='ltr'><strong>api/i-</strong></span> 
     </span>
    </p>
   </div>
   <div class='ocr_carea' id='block_1_40' title="bbox 596 2322 2165 2396">
    <p class='ocr_par' dir='ltr' id='par_1_40' title="bbox 596 2322 2165 2396">
     <span class='ocr_line' id='line_1_40' title="bbox 596 2322 2165 2396; baseline -0.001 -19"><span class='ocrx_word' id='word_1_283' title='bbox 596 2326 713 2388; x_wconf 87' lang='lat' dir='ltr'><strong>cio;</strong></span> <span class='ocrx_word' id='word_1_284' title='bbox 748 2322 1031 2388; x_wconf 68' lang='lat' dir='ltr'><strong>Elianus,</strong></span> <span class='ocrx_word' id='word_1_285' title='bbox 1061 2325 1155 2381; x_wconf 90' lang='lat' dir='ltr'><strong>lib.</strong></span> <span class='ocrx_word' id='word_1_286' title='bbox 1204 2341 1259 2387; x_wconf 76' lang='grc' dir='ltr'><strong>ιι,</strong></span> <span class='ocrx_word' id='word_1_287' title='bbox 1303 2339 1424 2394; x_wconf 90' lang='lat' dir='ltr'><strong>cap.</strong></span> <span class='ocrx_word' id='word_1_288' title='bbox 1460 2324 1569 2379; x_wconf 81' lang='lat' dir='ltr'><strong>l5:</strong></span> <span class='ocrx_word' id='word_1_289' title='bbox 1613 2323 1671 2377; x_wconf 85' lang='lat'><strong>&#39;0</strong></span> <span class='ocrx_word' id='word_1_290' title='bbox 1706 2322 1974 2396; x_wconf 86' lang='grc' dir='ltr'>κάνθαρος</span> <span class='ocrx_word' id='word_1_291' title='bbox 1996 2323 2165 2395; x_wconf 77' lang='grc' dir='ltr'>άθηλυ</span> 
     </span>
    </p>
   </div>
   <div class='ocr_carea' id='block_1_41' title="bbox 595 2416 2165 2489">
    <p class='ocr_par' dir='ltr' id='par_1_41' title="bbox 595 2416 2165 2489">
     <span class='ocr_line' id='line_1_41' title="bbox 595 2416 2165 2489; baseline -0.001 -19"><span class='ocrx_word' id='word_1_292' title='bbox 595 2416 732 2481; x_wconf 77' lang='grc' dir='ltr'>ζῶόν</span> <span class='ocrx_word' id='word_1_293' title='bbox 764 2420 897 2471; x_wconf 73' lang='grc' dir='ltr'>ἐστι.</span> <span class='ocrx_word' id='word_1_294' title='bbox 927 2418 1144 2489; x_wconf 85' lang='grc' dir='ltr'>Σπείρει</span> <span class='ocrx_word' id='word_1_295' title='bbox 1162 2417 1218 2470; x_wconf 70' lang='grc' dir='ltr'>δὲ</span> <span class='ocrx_word' id='word_1_296' title='bbox 1245 2418 1323 2481; x_wconf 90' lang='grc' dir='ltr'><strong>εἰς</strong></span> <span class='ocrx_word' id='word_1_297' title='bbox 1342 2416 1441 2486; x_wconf 82' lang='grc' dir='ltr'>τὴν</span> <span class='ocrx_word' id='word_1_298' title='bbox 1460 2418 1690 2488; x_wconf 78' lang='grc' dir='ltr'>σφαῖραν</span> <span class='ocrx_word' id='word_1_299' title='bbox 1712 2417 1777 2487; x_wconf 78' lang='grc' dir='ltr'>ἣν</span> <span class='ocrx_word' id='word_1_300' title='bbox 1794 2416 1963 2469; x_wconf 88' lang='grc' dir='ltr'>κυλίει</span> <span class='ocrx_word' id='word_1_301' title='bbox 1979 2433 1993 2446; x_wconf 75' lang='grc' dir='ltr'><strong>ο</strong></span> <span class='ocrx_word' id='word_1_302' title='bbox 2020 2416 2165 2470; x_wconf 81' lang='grc' dir='ltr'>ὀκτὼ</span> 
     </span>
    </p>
   </div>
   <div class='ocr_carea' id='block_1_42' title="bbox 596 2505 2165 2578">
    <p class='ocr_par' dir='ltr' id='par_1_42' title="bbox 596 2505 2165 2578">
     <span class='ocr_line' id='line_1_42' title="bbox 596 2505 2165 2578; baseline -0.001 -17"><span class='ocrx_word' id='word_1_303' title='bbox 596 2508 652 2561; x_wconf 79' lang='grc' dir='ltr'>δὲ</span> <span class='ocrx_word' id='word_1_304' title='bbox 716 2508 809 2560; x_wconf 87' lang='grc' dir='ltr'>καὶ</span> <span class='ocrx_word' id='word_1_305' title='bbox 857 2509 1028 2561; x_wconf 77' lang='grc' dir='ltr'>εἰκοσι</span> <span class='ocrx_word' id='word_1_306' title='bbox 1063 2505 1284 2578; x_wconf 77' lang='grc' dir='ltr'>ἡμερῶν</span> <span class='ocrx_word' id='word_1_307' title='bbox 1342 2505 1497 2559; x_wconf 82' lang='grc' dir='ltr'>τοῦτο</span> <span class='ocrx_word' id='word_1_308' title='bbox 1546 2505 1772 2577; x_wconf 88' lang='grc' dir='ltr'>δράσας,</span> <span class='ocrx_word' id='word_1_309' title='bbox 1829 2508 1923 2560; x_wconf 77' lang='grc' dir='ltr'>καὶ</span> <span class='ocrx_word' id='word_1_310' title='bbox 1959 2506 2165 2576; x_wconf 75' lang='grc' dir='ltr'>θάλψας</span> 
     </span>
    </p>
   </div>
   <div class='ocr_carea' id='block_1_43' title="bbox 594 2596 2161 2672">
    <p class='ocr_par' dir='ltr' id='par_1_43' title="bbox 594 2596 2161 2672">
     <span class='ocr_line' id='line_1_43' title="bbox 594 2596 2161 2672; baseline 0 -18"><span class='ocrx_word' id='word_1_311' title='bbox 594 2601 786 2672; x_wconf 76' lang='grc' dir='ltr'>αὐτὴν,</span> <span class='ocrx_word' id='word_1_312' title='bbox 803 2596 918 2653; x_wconf 76' lang='grc' dir='ltr'>εἶτα</span> <span class='ocrx_word' id='word_1_313' title='bbox 939 2601 1119 2671; x_wconf 77' lang='grc' dir='ltr'>μέντοι</span> <span class='ocrx_word' id='word_1_314' title='bbox 1136 2602 1202 2670; x_wconf 81' lang='grc' dir='ltr'>τῇ</span> <span class='ocrx_word' id='word_1_315' title='bbox 1228 2598 1319 2651; x_wconf 76' lang='grc' dir='ltr'><strong>ἐπὶ</strong></span> <span class='ocrx_word' id='word_1_316' title='bbox 1342 2597 1563 2662; x_wconf 83' lang='grc' dir='ltr'>ταύταις</span> <span class='ocrx_word' id='word_1_317' title='bbox 1579 2598 1806 2669; x_wconf 83' lang='grc' dir='ltr'>προάγει</span> <span class='ocrx_word' id='word_1_318' title='bbox 1821 2599 1909 2653; x_wconf 84' lang='grc' dir='ltr'>τὸν</span> <span class='ocrx_word' id='word_1_319' title='bbox 1931 2600 2161 2656; x_wconf 75' lang='grc' dir='ltr'>νεοττόν.</span> 
     </span>
    </p>
   </div>
   <div class='ocr_carea' id='block_1_44' title="bbox 664 2686 2164 2757">
    <p class='ocr_par' dir='ltr' id='par_1_44' title="bbox 664 2686 2164 2757">
     <span class='ocr_line' id='line_1_44' title="bbox 664 2686 2164 2757; baseline 0 -12"><span class='ocrx_word' id='word_1_320' title='bbox 664 2691 823 2757; x_wconf 90' lang='lat' dir='ltr'><strong>lbid.,</strong></span> <span class='ocrx_word' id='word_1_321' title='bbox 851 2692 948 2746; x_wconf 88' lang='lat' dir='ltr'><strong>lin.</strong></span> <span class='ocrx_word' id='word_1_322' title='bbox 981 2690 1070 2744; x_wconf 80' lang='lat' dir='ltr'><strong>5l.</strong></span> <span class='ocrx_word' id='word_1_323' title='bbox 1119 2689 1274 2742; x_wconf 77' lang='grc' dir='ltr'>Φασὶ</span> <span class='ocrx_word' id='word_1_324' title='bbox 1298 2687 1365 2743; x_wconf 86' lang='grc' dir='ltr'>δὲ</span> <span class='ocrx_word' id='word_1_325' title='bbox 1395 2690 1602 2744; x_wconf 82' lang='grc' dir='ltr'>αὐτόν.</span> <span class='ocrx_word' id='word_1_326' title='bbox 1637 2686 1798 2744; x_wconf 86' lang='lat' dir='ltr'><strong>Forte</strong></span> <span class='ocrx_word' id='word_1_327' title='bbox 1834 2688 1902 2744; x_wconf 85' lang='lat' dir='ltr'><strong>ad</strong></span> <span class='ocrx_word' id='word_1_328' title='bbox 1947 2689 2049 2745; x_wconf 88' lang='lat' dir='ltr'><strong>hoc</strong></span> <span class='ocrx_word' id='word_1_329' title='bbox 2080 2705 2164 2745; x_wconf 85' lang='lat' dir='ltr'><strong>re-</strong></span> 
     </span>
    </p>
   </div>
   <div class='ocr_carea' id='block_1_45' title="bbox 597 2780 2159 2852">
    <p class='ocr_par' dir='ltr' id='par_1_45' title="bbox 597 2780 2159 2852">
     <span class='ocr_line' id='line_1_45' title="bbox 597 2780 2159 2852; baseline 0 -16"><span class='ocrx_word' id='word_1_330' title='bbox 597 2783 774 2850; x_wconf 75' lang='lat' dir='ltr'><strong>spexit</strong></span> <span class='ocrx_word' id='word_1_331' title='bbox 814 2783 1158 2845; x_wconf 80' lang='lat' dir='ltr'><strong>Aristoteles,</strong></span> <span class='ocrx_word' id='word_1_332' title='bbox 1209 2780 1287 2835; x_wconf 82' lang='lat' dir='ltr'><strong>De</strong></span> <span class='ocrx_word' id='word_1_333' title='bbox 1331 2780 1457 2835; x_wconf 83' lang='lat' dir='ltr'><strong>hist.</strong></span> <span class='ocrx_word' id='word_1_334' title='bbox 1500 2781 1667 2835; x_wconf 73' lang='lat' dir='ltr'><strong>ani».</strong></span> <span class='ocrx_word' id='word_1_335' title='bbox 1702 2780 1798 2836; x_wconf 92' lang='lat' dir='ltr'><strong>lib.</strong></span> <span class='ocrx_word' id='word_1_336' title='bbox 1843 2799 1894 2846; x_wconf 88' lang='lat' dir='ltr'><strong>v,</strong></span> <span class='ocrx_word' id='word_1_337' title='bbox 1922 2797 2044 2852; x_wconf 85' lang='lat' dir='ltr'><strong>cap.</strong></span> <span class='ocrx_word' id='word_1_338' title='bbox 2072 2781 2159 2848; x_wconf 77' lang='lat'><strong>19,</strong></span> 
     </span>
    </p>
   </div>
   <div class='ocr_carea' id='block_1_46' title="bbox 599 2871 2164 2943">
    <p class='ocr_par' dir='ltr' id='par_1_46' title="bbox 599 2871 2164 2943">
     <span class='ocr_line' id='line_1_46' title="bbox 599 2871 2164 2943; baseline 0 -16"><span class='ocrx_word' id='word_1_339' title='bbox 599 2871 866 2928; x_wconf 58' lang='lat' dir='ltr'><strong>Scaraba’i</strong></span> <span class='ocrx_word' id='word_1_340' title='bbox 897 2873 1137 2943; x_wconf 86' lang='lat' dir='ltr'><strong>pilularii</strong></span> <span class='ocrx_word' id='word_1_341' title='bbox 1170 2873 1225 2926; x_wconf 88' lang='lat' dir='ltr'><strong>in</strong></span> <span class='ocrx_word' id='word_1_342' title='bbox 1254 2873 1379 2941; x_wconf 78' lang='lat' dir='ltr'><strong>ﬁmo</strong></span> <span class='ocrx_word' id='word_1_343' title='bbox 1417 2887 1568 2943; x_wconf 88' lang='lat' dir='ltr'><strong>quem</strong></span> <span class='ocrx_word' id='word_1_344' title='bbox 1616 2872 1821 2926; x_wconf 86' lang='lat' dir='ltr'><strong>volvunt</strong></span> <span class='ocrx_word' id='word_1_345' title='bbox 1865 2872 2164 2927; x_wconf 84' lang='lat' dir='ltr'><strong>conduntur</strong></span> 
     </span>
    </p>
   </div>
   <div class='ocr_carea' id='block_1_47' title="bbox 594 2964 2164 3036">
    <p class='ocr_par' dir='ltr' id='par_1_47' title="bbox 594 2964 2164 3036">
     <span class='ocr_line' id='line_1_47' title="bbox 594 2964 2164 3036; baseline 0 -17"><span class='ocrx_word' id='word_1_346' title='bbox 594 2984 688 3036; x_wconf 80' lang='lat' dir='ltr'><strong>per</strong></span> <span class='ocrx_word' id='word_1_347' title='bbox 724 2967 940 3021; x_wconf 79' lang='lat' dir='ltr'><strong>hiemem</strong></span> <span class='ocrx_word' id='word_1_348' title='bbox 987 2981 1271 3036; x_wconf 82' lang='lat' dir='ltr'><strong>parvosque</strong></span> <span class='ocrx_word' id='word_1_349' title='bbox 1316 2964 1624 3019; x_wconf 83' lang='lat' dir='ltr'><strong>vermiculos</strong></span> <span class='ocrx_word' id='word_1_350' title='bbox 1666 2965 1905 3034; x_wconf 88' lang='lat' dir='ltr'><strong>pariunt,</strong></span> <span class='ocrx_word' id='word_1_351' title='bbox 1954 2981 2018 3020; x_wconf 78' lang='lat' dir='ltr'><strong>ea:</strong></span> <span class='ocrx_word' id='word_1_352' title='bbox 2045 2967 2164 3036; x_wconf 79' lang='lat' dir='ltr'><strong>qui-</strong></span> 
     </span>
    </p>
   </div>
   <div class='ocr_carea' id='block_1_48' title="bbox 596 3059 1205 3129">
    <p class='ocr_par' dir='ltr' id='par_1_48' title="bbox 596 3059 1205 3129">
     <span class='ocr_line' id='line_1_48' title="bbox 596 3059 1205 3129; baseline -0.005 -16"><span class='ocrx_word' id='word_1_353' title='bbox 596 3061 692 3113; x_wconf 80' lang='lat' dir='ltr'><strong>bus</strong></span> <span class='ocrx_word' id='word_1_354' title='bbox 722 3059 823 3126; x_wconf 84' lang='lat' dir='ltr'><strong>ipsi</strong></span> <span class='ocrx_word' id='word_1_355' title='bbox 843 3069 1205 3129; x_wconf 81' lang='lat' dir='ltr'><strong>procreantur.</strong></span> 
     </span>
    </p>
   </div>
   <div class='ocr_carea' id='block_1_49' title="bbox 662 3164 2228 3244">
    <p class='ocr_par' dir='ltr' id='par_1_49' title="bbox 662 3164 2228 3244">
     <span class='ocr_line' id='line_1_49' title="bbox 662 3164 2228 3244; baseline -0.004 -18"><span class='ocrx_word' id='word_1_356' title='bbox 662 3170 823 3235; x_wconf 80' lang='lat' dir='ltr'><strong>lbid.,</strong></span> <span class='ocrx_word' id='word_1_357' title='bbox 857 3171 955 3225; x_wconf 89' lang='lat' dir='ltr'><strong>lin.</strong></span> <span class='ocrx_word' id='word_1_358' title='bbox 983 3168 1071 3224; x_wconf 70' lang='grc'><strong>52.</strong></span> <span class='ocrx_word' id='word_1_359' title='bbox 1107 3170 1187 3221; x_wconf 84' lang='grc' dir='ltr'>οὐ</span> <span class='ocrx_word' id='word_1_360' title='bbox 1231 3167 1340 3237; x_wconf 76' lang='grc' dir='ltr'><strong>γὰρ</strong></span> <span class='ocrx_word' id='word_1_361' title='bbox 1364 3164 1554 3235; x_wconf 73' lang='grc' dir='ltr'>θῆλυς</span> <span class='ocrx_word' id='word_1_362' title='bbox 1582 3164 1760 3234; x_wconf 83' lang='grc' dir='ltr'>ὑπάρ.</span> <span class='ocrx_word' id='word_1_363' title='bbox 1797 3164 1995 3230; x_wconf 81' lang='lat' dir='ltr'><strong>liorus,</strong></span> <span class='ocrx_word' id='word_1_364' title='bbox 2040 3166 2160 3221; x_wconf 93' lang='lat' dir='ltr'><strong>loco</strong></span> <span class='ocrx_word' id='word_1_365' title='bbox 2187 3187 2228 3244; x_wconf 69' lang='grc' dir='ltr'><strong>ρ</strong></span> 
     </span>
    </p>
   </div>
   <div class='ocr_carea' id='block_1_50' title="bbox 596 3256 2157 3328">
    <p class='ocr_par' dir='ltr' id='par_1_50' title="bbox 596 3256 2157 3328">
     <span class='ocr_line' id='line_1_50' title="bbox 596 3256 2157 3328; baseline -0.006 -9"><span class='ocrx_word' id='word_1_366' title='bbox 596 3266 761 3319; x_wconf 91' lang='lat' dir='ltr'><strong>citato</strong></span> <span class='ocrx_word' id='word_1_367' title='bbox 793 3262 864 3317; x_wconf 82' lang='lat' dir='ltr'><strong>De</strong></span> <span class='ocrx_word' id='word_1_368' title='bbox 909 3261 1031 3316; x_wconf 79' lang='lat' dir='ltr'><strong>hist.</strong></span> <span class='ocrx_word' id='word_1_369' title='bbox 1065 3259 1225 3313; x_wconf 83' lang='lat' dir='ltr'><strong>anim.</strong></span> <span class='ocrx_word' id='word_1_370' title='bbox 1262 3258 1356 3313; x_wconf 82' lang='lat' dir='ltr'><strong>lib.</strong></span> <span class='ocrx_word' id='word_1_371' title='bbox 1392 3274 1449 3323; x_wconf 71' lang='grc' dir='ltr'>χ,</span> <span class='ocrx_word' id='word_1_372' title='bbox 1493 3272 1614 3328; x_wconf 92' lang='lat' dir='ltr'><strong>cap.</strong></span> <span class='ocrx_word' id='word_1_373' title='bbox 1649 3258 1735 3321; x_wconf 82' lang='grc'><strong>15,</strong></span> <span class='ocrx_word' id='word_1_374' title='bbox 1778 3258 1967 3313; x_wconf 89' lang='lat' dir='ltr'><strong>scribit</strong></span> <span class='ocrx_word' id='word_1_375' title='bbox 1990 3256 2157 3328; x_wconf 70' lang='lat' dir='ltr'><strong>Egy-</strong></span> 
     </span>
    </p>
   </div>
   <div class='ocr_carea' id='block_1_51' title="bbox 596 3348 2155 3427">
    <p class='ocr_par' dir='ltr' id='par_1_51' title="bbox 596 3348 2155 3427">
     <span class='ocr_line' id='line_1_51' title="bbox 596 3348 2155 3427; baseline -0.004 -18"><span class='ocrx_word' id='word_1_376' title='bbox 596 3357 832 3427; x_wconf 89' lang='lat' dir='ltr'><strong>ptiorum</strong></span> <span class='ocrx_word' id='word_1_377' title='bbox 848 3352 1136 3408; x_wconf 83' lang='lat' dir='ltr'><strong>bellatores</strong></span> <span class='ocrx_word' id='word_1_378' title='bbox 1153 3351 1208 3405; x_wconf 92' lang='lat' dir='ltr'><strong>in</strong></span> <span class='ocrx_word' id='word_1_379' title='bbox 1237 3349 1454 3404; x_wconf 87' lang='lat' dir='ltr'><strong>aunulis</strong></span> <span class='ocrx_word' id='word_1_380' title='bbox 1475 3348 1805 3418; x_wconf 88' lang='lat' dir='ltr'><strong>insculptum</strong></span> <span class='ocrx_word' id='word_1_381' title='bbox 1824 3350 2155 3404; x_wconf 62' lang='lat' dir='ltr'><strong>scarabaaum</strong></span> 
     </span>
    </p>
   </div>
   <div class='ocr_carea' id='block_1_52' title="bbox 594 3441 2156 3520">
    <p class='ocr_par' dir='ltr' id='par_1_52' title="bbox 594 3441 2156 3520">
     <span class='ocr_line' id='line_1_52' title="bbox 594 3441 2156 3520; baseline -0.004 -17"><span class='ocrx_word' id='word_1_382' title='bbox 594 3454 840 3520; x_wconf 69' lang='lat' dir='ltr'><strong>gestasse</strong></span> <span class='ocrx_word' id='word_1_383' title='bbox 869 3445 936 3500; x_wconf 90' lang='lat' dir='ltr'><strong>ad</strong></span> <span class='ocrx_word' id='word_1_384' title='bbox 971 3442 1388 3516; x_wconf 71' lang='lat' dir='ltr'><strong>signiﬁcandum</strong></span> <span class='ocrx_word' id='word_1_385' title='bbox 1415 3441 1548 3497; x_wconf 87' lang='lat' dir='ltr'><strong>solis</strong></span> <span class='ocrx_word' id='word_1_386' title='bbox 1582 3441 1828 3497; x_wconf 90' lang='lat' dir='ltr'><strong>maribus</strong></span> <span class='ocrx_word' id='word_1_387' title='bbox 1856 3457 1953 3511; x_wconf 90' lang='lat' dir='ltr'><strong>pro</strong></span> <span class='ocrx_word' id='word_1_388' title='bbox 1983 3442 2156 3512; x_wconf 90' lang='lat' dir='ltr'><strong>patria</strong></span> 
     </span>
    </p>
   </div>
   <div class='ocr_carea' id='block_1_53' title="bbox 594 3533 2160 3607">
    <p class='ocr_par' dir='ltr' id='par_1_53' title="bbox 594 3533 2160 3607">
     <span class='ocr_line' id='line_1_53' title="bbox 594 3533 2160 3607; baseline -0.006 -10"><span class='ocrx_word' id='word_1_389' title='bbox 594 3556 717 3597; x_wconf 86' lang='lat' dir='ltr'><strong>esse</strong></span> <span class='ocrx_word' id='word_1_390' title='bbox 747 3537 1077 3600; x_wconf 82' lang='lat' dir='ltr'><strong>bellandum,</strong></span> <span class='ocrx_word' id='word_1_391' title='bbox 1100 3534 1248 3607; x_wconf 92' lang='lat' dir='ltr'><strong>quod</strong></span> <span class='ocrx_word' id='word_1_392' title='bbox 1291 3534 1600 3591; x_wconf 65' lang='lat' dir='ltr'><strong>scarabaeus</strong></span> <span class='ocrx_word' id='word_1_393' title='bbox 1643 3542 1796 3589; x_wconf 89' lang='lat' dir='ltr'><strong>caret</strong></span> <span class='ocrx_word' id='word_1_394' title='bbox 1828 3533 2044 3590; x_wconf 82' lang='lat' dir='ltr'><strong>femina.</strong></span> <span class='ocrx_word' id='word_1_395' title='bbox 2066 3537 2160 3588; x_wconf 81' lang='grc' dir='ltr'><strong>Αἰ-</strong></span> 
     </span>
    </p>
   </div>
   <div class='ocr_carea' id='block_1_54' title="bbox 594 3621 2158 3700">
    <p class='ocr_par' dir='ltr' id='par_1_54' title="bbox 594 3621 2158 3700">
     <span class='ocr_line' id='line_1_54' title="bbox 594 3621 2158 3700; baseline -0.004 -15"><span class='ocrx_word' id='word_1_396' title='bbox 594 3631 836 3700; x_wconf 76' lang='grc' dir='ltr'>γυπτίων</span> <span class='ocrx_word' id='word_1_397' title='bbox 890 3629 947 3683; x_wconf 81' lang='grc' dir='ltr'>δὲ</span> <span class='ocrx_word' id='word_1_398' title='bbox 992 3628 1042 3683; x_wconf 88' lang='grc' dir='ltr'><strong>οἰ</strong></span> <span class='ocrx_word' id='word_1_399' title='bbox 1080 3626 1306 3699; x_wconf 84' lang='grc' dir='ltr'>μάχιμοι</span> <span class='ocrx_word' id='word_1_400' title='bbox 1355 3625 1448 3679; x_wconf 75' lang='grc' dir='ltr'><strong>ἐπὶ</strong></span> <span class='ocrx_word' id='word_1_401' title='bbox 1504 3624 1613 3680; x_wconf 84' lang='grc' dir='ltr'><strong>τῶν</strong></span> <span class='ocrx_word' id='word_1_402' title='bbox 1674 3624 1971 3678; x_wconf 80' lang='grc' dir='ltr'>δακτυλίων</span> <span class='ocrx_word' id='word_1_403' title='bbox 2014 3621 2158 3696; x_wconf 77' lang='grc' dir='ltr'>εἰχον</span> 
     </span>
    </p>
   </div>
   <div class='ocr_carea' id='block_1_55' title="bbox 595 3716 2158 3796">
    <p class='ocr_par' dir='ltr' id='par_1_55' title="bbox 595 3716 2158 3796">
     <span class='ocr_line' id='line_1_55' title="bbox 595 3716 2158 3796; baseline -0.007 -15"><span class='ocrx_word' id='word_1_404' title='bbox 595 3720 1031 3796; x_wconf 78' lang='grc' dir='ltr'>ὲγγεγλυμμένον</span> <span class='ocrx_word' id='word_1_405' title='bbox 1075 3718 1366 3788; x_wconf 82' lang='grc' dir='ltr'>κάνθαρον,</span> <span class='ocrx_word' id='word_1_406' title='bbox 1405 3717 1772 3787; x_wconf 76' lang='grc' dir='ltr'>αἰνιττομένου</span> <span class='ocrx_word' id='word_1_407' title='bbox 1800 3716 1894 3771; x_wconf 80' lang='grc' dir='ltr'>τοῦ</span> <span class='ocrx_word' id='word_1_408' title='bbox 1931 3718 2158 3788; x_wconf 81' lang='grc' dir='ltr'>νομοθέ-</span> 
     </span>
    </p>
   </div>
   <div class='ocr_carea' id='block_1_56' title="bbox 595 3803 2160 3884">
    <p class='ocr_par' dir='ltr' id='par_1_56' title="bbox 595 3803 2160 3884">
     <span class='ocr_line' id='line_1_56' title="bbox 595 3803 2160 3884; baseline -0.013 -13"><span class='ocrx_word' id='word_1_409' title='bbox 595 3835 689 3872; x_wconf 83' lang='grc' dir='ltr'><strong>του</strong></span> <span class='ocrx_word' id='word_1_410' title='bbox 719 3815 829 3868; x_wconf 85' lang='grc' dir='ltr'>δεῖν</span> <span class='ocrx_word' id='word_1_411' title='bbox 860 3812 1093 3884; x_wconf 79' lang='grc' dir='ltr'>άρρενας</span> <span class='ocrx_word' id='word_1_412' title='bbox 1136 3804 1275 3861; x_wconf 78' lang='grc' dir='ltr'>εἶναι</span> <span class='ocrx_word' id='word_1_413' title='bbox 1306 3806 1514 3869; x_wconf 82' lang='grc' dir='ltr'>πάντας</span> <span class='ocrx_word' id='word_1_414' title='bbox 1551 3804 1727 3875; x_wconf 85' lang='grc' dir='ltr'>πάντη</span> <span class='ocrx_word' id='word_1_415' title='bbox 1756 3803 1883 3867; x_wconf 77' lang='grc' dir='ltr'>τοὺς</span> <span class='ocrx_word' id='word_1_416' title='bbox 1922 3805 2160 3876; x_wconf 81' lang='grc' dir='ltr'>μαχομέ..</span> 
     </span>
    </p>
   </div>
   <div class='ocr_carea' id='block_1_57' title="bbox 596 3895 2159 3976">
    <p class='ocr_par' dir='ltr' id='par_1_57' title="bbox 596 3895 2159 3976">
     <span class='ocr_line' id='line_1_57' title="bbox 596 3895 2159 3976; baseline -0.009 -14"><span class='ocrx_word' id='word_1_417' title='bbox 596 3925 718 3972; x_wconf 90' lang='grc' dir='ltr'>νους</span> <span class='ocrx_word' id='word_1_418' title='bbox 749 3907 889 3976; x_wconf 76' lang='grc' dir='ltr'>ὑπὲρ</span> <span class='ocrx_word' id='word_1_419' title='bbox 922 3903 1020 3974; x_wconf 80' lang='grc' dir='ltr'>τῆς</span> <span class='ocrx_word' id='word_1_420' title='bbox 1046 3899 1249 3972; x_wconf 84' lang='grc' dir='ltr'>χώρας.</span> <span class='ocrx_word' id='word_1_421' title='bbox 1294 3897 1444 3952; x_wconf 79' lang='grc' dir='ltr'>Ἐπεὶ</span> <span class='ocrx_word' id='word_1_422' title='bbox 1471 3899 1566 3951; x_wconf 76' lang='grc' dir='ltr'>καὶ</span> <span class='ocrx_word' id='word_1_423' title='bbox 1592 3899 1620 3950; x_wconf 92' lang='lat'><strong>6</strong></span> <span class='ocrx_word' id='word_1_424' title='bbox 1644 3895 1911 3970; x_wconf 85' lang='grc' dir='ltr'>κάνθαρος</span> <span class='ocrx_word' id='word_1_425' title='bbox 1942 3895 2159 3968; x_wconf 87' lang='grc' dir='ltr'>θηλείας</span> 
     </span>
    </p>
   </div>
   <div class='ocr_carea' id='block_1_58' title="bbox 596 3990 1260 4070">
    <p class='ocr_par' dir='ltr' id='par_1_58' title="bbox 596 3990 1260 4070">
     <span class='ocr_line' id='line_1_58' title="bbox 596 3990 1260 4070; baseline -0.015 -18"><span class='ocrx_word' id='word_1_426' title='bbox 596 3998 809 4070; x_wconf 84' lang='grc' dir='ltr'>φύσεως</span> <span class='ocrx_word' id='word_1_427' title='bbox 834 3995 893 4047; x_wconf 81' lang='grc' dir='ltr'><strong>ού</strong></span> <span class='ocrx_word' id='word_1_428' title='bbox 926 3990 1260 4063; x_wconf 84' lang='grc' dir='ltr'>μετείληχεν.</span> 
     </span>
    </p>
   </div>
   <div class='ocr_carea' id='block_1_59' title="bbox 665 4076 2201 4149">
    <p class='ocr_par' dir='ltr' id='par_1_59' title="bbox 665 4076 2201 4149">
     <span class='ocr_line' id='line_1_59' title="bbox 665 4076 2201 4149; baseline -0.006 -7"><span class='ocrx_word' id='word_1_429' title='bbox 665 4085 798 4143; x_wconf 91' lang='lat' dir='ltr'><strong>Ibid.</strong></span> <span class='ocrx_word' id='word_1_430' title='bbox 834 4084 939 4138; x_wconf 82' lang='lat' dir='ltr'><strong>Kal</strong></span> <span class='ocrx_word' id='word_1_431' title='bbox 971 4083 1025 4136; x_wconf 83' lang='grc' dir='ltr'>οι</span> <span class='ocrx_word' id='word_1_432' title='bbox 1058 4082 1361 4149; x_wconf 71' lang='grc' dir='ltr'>Αἰγύπτιοι</span> <span class='ocrx_word' id='word_1_433' title='bbox 1393 4077 1491 4131; x_wconf 86' lang='grc' dir='ltr'>διὰ</span> <span class='ocrx_word' id='word_1_434' title='bbox 1532 4076 1664 4145; x_wconf 77' lang='grc' dir='ltr'>τήν.</span> <span class='ocrx_word' id='word_1_435' title='bbox 1717 4077 1917 4132; x_wconf 57' lang='lat' dir='ltr'><strong>Praeter</strong></span> <span class='ocrx_word' id='word_1_436' title='bbox 1948 4077 2160 4133; x_wconf 82' lang='lat' dir='ltr'><strong>Plutar—</strong></span> <span class='ocrx_word' id='word_1_437' title='bbox 2196 4128 2201 4133; x_wconf 89' lang='lat'><strong>.</strong></span> 
     </span>
    </p>
   </div>
   <div class='ocr_carea' id='block_1_60' title="bbox 594 4166 2155 4237">
    <p class='ocr_par' dir='ltr' id='par_1_60' title="bbox 594 4166 2155 4237">
     <span class='ocr_line' id='line_1_60' title="bbox 594 4166 2155 4237; baseline -0.008 -3"><span class='ocrx_word' id='word_1_438' title='bbox 594 4181 761 4236; x_wconf 88' lang='lat' dir='ltr'><strong>chum</strong></span> <span class='ocrx_word' id='word_1_439' title='bbox 788 4185 844 4230; x_wconf 91' lang='lat' dir='ltr'><strong>et</strong></span> <span class='ocrx_word' id='word_1_440' title='bbox 876 4172 1173 4234; x_wconf 66' lang='lat' dir='ltr'><strong>Elianum,</strong></span> <span class='ocrx_word' id='word_1_441' title='bbox 1214 4168 1482 4224; x_wconf 78' lang='lat' dir='ltr'><strong>Eusebius</strong></span> <span class='ocrx_word' id='word_1_442' title='bbox 1516 4168 1608 4221; x_wconf 92' lang='lat' dir='ltr'><strong>lib.</strong></span> <span class='ocrx_word' id='word_1_443' title='bbox 1641 4184 1700 4221; x_wconf 87' lang='grc' dir='ltr'><strong>ιιι</strong></span> <span class='ocrx_word' id='word_1_444' title='bbox 1751 4166 1828 4221; x_wconf 82' lang='lat' dir='ltr'><strong>De</strong></span> <span class='ocrx_word' id='word_1_445' title='bbox 1869 4177 2155 4237; x_wconf 73' lang='lat' dir='ltr'><strong>prwparat.</strong></span> 
     </span>
    </p>
   </div>
   <div class='ocr_carea' id='block_1_61' title="bbox 596 4262 2161 4341">
    <p class='ocr_par' dir='ltr' id='par_1_61' title="bbox 596 4262 2161 4341">
     <span class='ocr_line' id='line_1_61' title="bbox 596 4262 2161 4341; baseline -0.007 -14"><span class='ocrx_word' id='word_1_446' title='bbox 596 4271 827 4341; x_wconf 82' lang='lat' dir='ltr'><strong>evangel.</strong></span> <span class='ocrx_word' id='word_1_447' title='bbox 861 4270 1000 4323; x_wconf 89' lang='lat' dir='ltr'><strong>idem</strong></span> <span class='ocrx_word' id='word_1_448' title='bbox 1051 4268 1207 4322; x_wconf 73' lang='lat' dir='ltr'><strong>allert</strong></span> <span class='ocrx_word' id='word_1_449' title='bbox 1231 4281 1297 4320; x_wconf 77' lang='lat' dir='ltr'><strong>ex</strong></span> <span class='ocrx_word' id='word_1_450' title='bbox 1329 4266 1422 4319; x_wconf 91' lang='lat' dir='ltr'><strong>lib.</strong></span> <span class='ocrx_word' id='word_1_451' title='bbox 1456 4264 1718 4335; x_wconf 83' lang='lat' dir='ltr'><strong>Porphyr.</strong></span> <span class='ocrx_word' id='word_1_452' title='bbox 1751 4264 1889 4331; x_wconf 81' lang='grc' dir='ltr'>Περὶ</span> <span class='ocrx_word' id='word_1_453' title='bbox 1913 4262 2019 4330; x_wconf 81' lang='grc' dir='ltr'>τῆς</span> <span class='ocrx_word' id='word_1_454' title='bbox 2042 4263 2161 4317; x_wconf 79' lang='grc' dir='ltr'><strong>τῶν</strong></span> 
     </span>
    </p>
   </div>
   <div class='ocr_carea' id='block_1_62' title="bbox 596 4356 2161 4434">
    <p class='ocr_par' dir='ltr' id='par_1_62' title="bbox 596 4356 2161 4434">
     <span class='ocr_line' id='line_1_62' title="bbox 596 4356 2161 4434; baseline -0.006 -15"><span class='ocrx_word' id='word_1_455' title='bbox 596 4366 880 4434; x_wconf 72' lang='grc' dir='ltr'>ἐμψύχων</span> <span class='ocrx_word' id='word_1_456' title='bbox 894 4359 1144 4429; x_wconf 82' lang='grc' dir='ltr'><strong>ἀποχῆς.</strong></span> <span class='ocrx_word' id='word_1_457' title='bbox 1168 4357 1450 4426; x_wconf 78' lang='grc' dir='ltr'>Αἰγύπτιοι</span> <span class='ocrx_word' id='word_1_458' title='bbox 1478 4356 1535 4409; x_wconf 81' lang='grc' dir='ltr'>δὲ</span> <span class='ocrx_word' id='word_1_459' title='bbox 1559 4356 1861 4425; x_wconf 58' lang='grc' dir='ltr'>ὲσέςςθησαν</span> <span class='ocrx_word' id='word_1_460' title='bbox 1881 4356 1955 4419; x_wconf 82' lang='grc' dir='ltr'>ὡς</span> <span class='ocrx_word' id='word_1_461' title='bbox 1978 4357 2161 4410; x_wconf 88' lang='grc' dir='ltr'>εἰκόνα</span> 
     </span>
    </p>
   </div>
   <div class='ocr_carea' id='block_1_63' title="bbox 598 4446 2159 4529">
    <p class='ocr_par' dir='ltr' id='par_1_63' title="bbox 598 4446 2159 4529">
     <span class='ocr_line' id='line_1_63' title="bbox 598 4446 2159 4529; baseline -0.008 -18"><span class='ocrx_word' id='word_1_462' title='bbox 598 4458 748 4529; x_wconf 75' lang='grc' dir='ltr'>ὴλιίου</span> <span class='ocrx_word' id='word_1_463' title='bbox 796 4454 1066 4525; x_wconf 69' lang='grc' dir='ltr'>ἔμψυχον,</span> <span class='ocrx_word' id='word_1_464' title='bbox 1106 4451 1162 4504; x_wconf 92' lang='lat' dir='ltr'><strong>iu</strong></span> <span class='ocrx_word' id='word_1_465' title='bbox 1195 4466 1355 4519; x_wconf 90' lang='lat' dir='ltr'><strong>quem</strong></span> <span class='ocrx_word' id='word_1_466' title='bbox 1399 4449 1661 4503; x_wconf 89' lang='lat' dir='ltr'><strong>acerrime</strong></span> <span class='ocrx_word' id='word_1_467' title='bbox 1705 4448 1978 4502; x_wconf 76' lang='lat' dir='ltr'><strong>invehitur</strong></span> <span class='ocrx_word' id='word_1_468' title='bbox 2019 4446 2159 4500; x_wconf 87' lang='lat' dir='ltr'><strong>Pisi-</strong></span> 
     </span>
    </p>
   </div>
   <div class='ocr_carea' id='block_1_64' title="bbox 2264 1954 3831 2028">
    <p class='ocr_par' dir='ltr' id='par_1_64' title="bbox 2264 1954 3831 2028">
     <span class='ocr_line' id='line_1_64' title="bbox 2264 1954 3831 2028; baseline 0.002 -19"><span class='ocrx_word' id='word_1_469' title='bbox 2264 1955 2418 2010; x_wconf 84' lang='grc' dir='ltr'>κοῦσι</span> <span class='ocrx_word' id='word_1_470' title='bbox 2447 1959 2564 2028; x_wconf 79' lang='grc' dir='ltr'>μετ’</span> <span class='ocrx_word' id='word_1_471' title='bbox 2590 1954 2834 2026; x_wconf 77' lang='grc' dir='ltr'>ἀλλήλων</span> <span class='ocrx_word' id='word_1_472' title='bbox 2870 1954 3125 2018; x_wconf 86' lang='grc' dir='ltr'>εὐκόλως,</span> <span class='ocrx_word' id='word_1_473' title='bbox 3157 1956 3304 2019; x_wconf 80' lang='grc' dir='ltr'>ὅπως</span> <span class='ocrx_word' id='word_1_474' title='bbox 3332 1954 3387 2008; x_wconf 79' lang='grc' dir='ltr'>δὲ</span> <span class='ocrx_word' id='word_1_475' title='bbox 3425 1956 3651 2022; x_wconf 80' lang='grc' dir='ltr'>ἐξίασιν,</span> <span class='ocrx_word' id='word_1_476' title='bbox 3679 1959 3831 2025; x_wconf 77' lang='grc' dir='ltr'>ὅπως</span> 
     </span>
    </p>
   </div>
   <div class='ocr_carea' id='block_1_65' title="bbox 2261 2046 3883 2123">
    <p class='ocr_par' dir='ltr' id='par_1_65' title="bbox 2261 2046 3883 2123">
     <span class='ocr_line' id='line_1_65' title="bbox 2261 2046 3883 2123; baseline 0.002 -21"><span class='ocrx_word' id='word_1_477' title='bbox 2261 2048 2316 2102; x_wconf 79' lang='grc' dir='ltr'>δὲ</span> <span class='ocrx_word' id='word_1_478' title='bbox 2338 2048 2407 2102; x_wconf 76' lang='grc' dir='ltr'>τὰ</span> <span class='ocrx_word' id='word_1_479' title='bbox 2435 2048 2574 2120; x_wconf 88' lang='grc' dir='ltr'>βάρη</span> <span class='ocrx_word' id='word_1_480' title='bbox 2603 2046 3123 2119; x_wconf 87' lang='grc' dir='ltr'>μεταλαμϐάνουσιν,</span> <span class='ocrx_word' id='word_1_481' title='bbox 3152 2048 3299 2111; x_wconf 83' lang='grc' dir='ltr'>ὅπως</span> <span class='ocrx_word' id='word_1_482' title='bbox 3326 2047 3382 2100; x_wconf 86' lang='grc' dir='ltr'>δὲ</span> <span class='ocrx_word' id='word_1_483' title='bbox 3410 2050 3826 2123; x_wconf 76' lang='grc' dir='ltr'>παραχωροῦσιν</span> <span class='ocrx_word' id='word_1_484' title='bbox 3872 2070 3883 2075; x_wconf 93' lang='grc'>·</span> 
     </span>
    </p>
   </div>
   <div class='ocr_carea' id='block_1_66' title="bbox 2263 2136 3824 2211">
    <p class='ocr_par' dir='ltr' id='par_1_66' title="bbox 2263 2136 3824 2211">
     <span class='ocr_line' id='line_1_66' title="bbox 2263 2136 3824 2211; baseline 0.001 -17"><span class='ocrx_word' id='word_1_485' title='bbox 2263 2139 2511 2211; x_wconf 81' lang='grc' dir='ltr'>ἀλλήλοις</span> <span class='ocrx_word' id='word_1_486' title='bbox 2546 2139 2655 2193; x_wconf 84' lang='grc' dir='ltr'><strong>τῶν</strong></span> <span class='ocrx_word' id='word_1_487' title='bbox 2689 2138 2841 2192; x_wconf 80' lang='grc' dir='ltr'>ὁδῶν.</span> <span class='ocrx_word' id='word_1_488' title='bbox 2879 2136 2953 2193; x_wconf 85' lang='lat' dir='ltr'><strong>De</strong></span> <span class='ocrx_word' id='word_1_489' title='bbox 2993 2138 3341 2193; x_wconf 77' lang='lat' dir='ltr'><strong>formicarum</strong></span> <span class='ocrx_word' id='word_1_490' title='bbox 3372 2140 3425 2193; x_wconf 91' lang='lat' dir='ltr'><strong>in</strong></span> <span class='ocrx_word' id='word_1_491' title='bbox 3467 2141 3654 2196; x_wconf 89' lang='lat' dir='ltr'><strong>labore</strong></span> <span class='ocrx_word' id='word_1_492' title='bbox 3692 2144 3824 2197; x_wconf 55' lang='lat' dir='ltr'><strong>assis</strong></span> 
     </span>
    </p>
   </div>
   <div class='ocr_carea' id='block_1_67' title="bbox 2262 2228 3813 2302">
    <p class='ocr_par' dir='ltr' id='par_1_67' title="bbox 2262 2228 3813 2302">
     <span class='ocr_line' id='line_1_67' title="bbox 2262 2228 3813 2302; baseline 0.001 -16"><span class='ocrx_word' id='word_1_493' title='bbox 2262 2233 2470 2288; x_wconf 88' lang='lat' dir='ltr'><strong>duitate</strong></span> <span class='ocrx_word' id='word_1_494' title='bbox 2488 2248 2593 2285; x_wconf 83' lang='lat' dir='ltr'><strong>nou</strong></span> <span class='ocrx_word' id='word_1_495' title='bbox 2612 2228 2904 2301; x_wconf 85' lang='lat' dir='ltr'><strong>injucunda</strong></span> <span class='ocrx_word' id='word_1_496' title='bbox 2922 2239 3005 2284; x_wconf 87' lang='lat' dir='ltr'><strong>est</strong></span> <span class='ocrx_word' id='word_1_497' title='bbox 3021 2230 3311 2300; x_wconf 76' lang='lat' dir='ltr'><strong>Aphthonii</strong></span> <span class='ocrx_word' id='word_1_498' title='bbox 3329 2231 3589 2302; x_wconf 69' lang='lat' dir='ltr'><strong>sapbistae</strong></span> <span class='ocrx_word' id='word_1_499' title='bbox 3612 2232 3813 2289; x_wconf 79' lang='lat' dir='ltr'><strong>fabella.</strong></span> 
     </span>
    </p>
   </div>
   <div class='ocr_carea' id='block_1_68' title="bbox 2334 2322 3812 2390">
    <p class='ocr_par' dir='ltr' id='par_1_68' title="bbox 2334 2322 3812 2390">
     <span class='ocr_line' id='line_1_68' title="bbox 2334 2322 3812 2390; baseline 0.003 -14"><span class='ocrx_word' id='word_1_500' title='bbox 2334 2324 2493 2390; x_wconf 91' lang='lat' dir='ltr'><strong>lbid.,</strong></span> <span class='ocrx_word' id='word_1_501' title='bbox 2538 2324 2634 2378; x_wconf 92' lang='lat' dir='ltr'><strong>lin.</strong></span> <span class='ocrx_word' id='word_1_502' title='bbox 2673 2324 2763 2379; x_wconf 69' lang='lat'><strong>43.</strong></span> <span class='ocrx_word' id='word_1_503' title='bbox 2802 2322 3039 2378; x_wconf 77' lang='grc' dir='ltr'>Βδέλλα</span> <span class='ocrx_word' id='word_1_504' title='bbox 3074 2322 3524 2390; x_wconf 50' lang='lat' dir='ltr'><strong>mamonae.</strong></span> <span class='ocrx_word' id='word_1_505' title='bbox 3570 2324 3647 2381; x_wconf 90' lang='lat' dir='ltr'><strong>De</strong></span> <span class='ocrx_word' id='word_1_506' title='bbox 3677 2325 3812 2380; x_wconf 80' lang='lat' dir='ltr'><strong>hiru-</strong></span> 
     </span>
    </p>
   </div>
   <div class='ocr_carea' id='block_1_69' title="bbox 2262 2415 3820 2489">
    <p class='ocr_par' dir='ltr' id='par_1_69' title="bbox 2262 2415 3820 2489">
     <span class='ocr_line' id='line_1_69' title="bbox 2262 2415 3820 2489; baseline 0 -17"><span class='ocrx_word' id='word_1_507' title='bbox 2262 2418 2484 2472; x_wconf 89' lang='lat' dir='ltr'><strong>dinibus</strong></span> <span class='ocrx_word' id='word_1_508' title='bbox 2526 2415 2895 2481; x_wconf 88' lang='lat' dir='ltr'><strong>Dioscorides,</strong></span> <span class='ocrx_word' id='word_1_509' title='bbox 2937 2416 3029 2470; x_wconf 91' lang='lat' dir='ltr'><strong>lib.</strong></span> <span class='ocrx_word' id='word_1_510' title='bbox 3075 2431 3153 2478; x_wconf 79' lang='lat' dir='ltr'><strong>vi,</strong></span> <span class='ocrx_word' id='word_1_511' title='bbox 3185 2431 3305 2486; x_wconf 87' lang='lat' dir='ltr'><strong>cap.</strong></span> <span class='ocrx_word' id='word_1_512' title='bbox 3335 2416 3437 2479; x_wconf 69' lang='lat'><strong>&#39;32,</strong></span> <span class='ocrx_word' id='word_1_513' title='bbox 3468 2425 3523 2471; x_wconf 88' lang='lat' dir='ltr'><strong>et</strong></span> <span class='ocrx_word' id='word_1_514' title='bbox 3558 2418 3820 2489; x_wconf 80' lang='lat' dir='ltr'><strong>Apsyrtus</strong></span> 
     </span>
    </p>
   </div>
   <div class='ocr_carea' id='block_1_70' title="bbox 2263 2507 3222 2580">
    <p class='ocr_par' dir='ltr' id='par_1_70' title="bbox 2263 2507 3222 2580">
     <span class='ocr_line' id='line_1_70' title="bbox 2263 2507 3222 2580; baseline -0.001 -15"><span class='ocrx_word' id='word_1_515' title='bbox 2263 2510 2402 2580; x_wconf 88' lang='lat' dir='ltr'><strong>apud</strong></span> <span class='ocrx_word' id='word_1_516' title='bbox 2434 2509 2646 2564; x_wconf 89' lang='lat' dir='ltr'><strong>collect.</strong></span> <span class='ocrx_word' id='word_1_517' title='bbox 2678 2507 2959 2578; x_wconf 83' lang='lat' dir='ltr'><strong>Ceoponic.</strong></span> <span class='ocrx_word' id='word_1_518' title='bbox 2984 2508 3076 2562; x_wconf 90' lang='lat' dir='ltr'><strong>lib.</strong></span> <span class='ocrx_word' id='word_1_519' title='bbox 3112 2524 3222 2564; x_wconf 80' lang='lat' dir='ltr'><strong>xvi.</strong></span> 
     </span>
    </p>
   </div>
   <div class='ocr_carea' id='block_1_71' title="bbox 2331 2593 3825 2673">
    <p class='ocr_par' dir='ltr' id='par_1_71' title="bbox 2331 2593 3825 2673">
     <span class='ocr_line' id='line_1_71' title="bbox 2331 2593 3825 2673; baseline 0.001 -20"><span class='ocrx_word' id='word_1_520' title='bbox 2331 2599 2489 2664; x_wconf 91' lang='lat' dir='ltr'><strong>lbid.,</strong></span> <span class='ocrx_word' id='word_1_521' title='bbox 2521 2600 2616 2654; x_wconf 91' lang='lat' dir='ltr'><strong>lin.</strong></span> <span class='ocrx_word' id='word_1_522' title='bbox 2647 2599 2737 2654; x_wconf 68' lang='grc'><strong>54.</strong></span> <span class='ocrx_word' id='word_1_523' title='bbox 2781 2598 2902 2654; x_wconf 84' lang='grc' dir='ltr'><strong>Τῶν</strong></span> <span class='ocrx_word' id='word_1_524' title='bbox 2930 2598 2999 2653; x_wconf 85' lang='grc' dir='ltr'>δὲ</span> <span class='ocrx_word' id='word_1_525' title='bbox 3025 2600 3215 2669; x_wconf 65' lang='grc' dir='ltr'>ὄφεων</span> <span class='ocrx_word' id='word_1_526' title='bbox 3245 2600 3340 2654; x_wconf 77' lang='grc' dir='ltr'><strong>καί</strong></span> <span class='ocrx_word' id='word_1_527' title='bbox 3374 2593 3510 2657; x_wconf 79' lang='grc' dir='ltr'>τῶν.</span> <span class='ocrx_word' id='word_1_528' title='bbox 3544 2601 3825 2673; x_wconf 74' lang='lat' dir='ltr'><strong>Theophy-</strong></span> 
     </span>
    </p>
   </div>
   <div class='ocr_carea' id='block_1_72' title="bbox 2262 2689 3824 2761">
    <p class='ocr_par' dir='ltr' id='par_1_72' title="bbox 2262 2689 3824 2761">
     <span class='ocr_line' id='line_1_72' title="bbox 2262 2689 3824 2761; baseline 0.002 -15"><span class='ocrx_word' id='word_1_529' title='bbox 2262 2692 2437 2747; x_wconf 83' lang='lat' dir='ltr'><strong>lactus</strong></span> <span class='ocrx_word' id='word_1_530' title='bbox 2469 2689 2780 2745; x_wconf 89' lang='lat' dir='ltr'><strong>Simocatus</strong></span> <span class='ocrx_word' id='word_1_531' title='bbox 2805 2691 2859 2744; x_wconf 91' lang='lat' dir='ltr'><strong>in</strong></span> <span class='ocrx_word' id='word_1_532' title='bbox 2895 2690 3098 2756; x_wconf 68' lang='lat' dir='ltr'><strong>Quaest.</strong></span> <span class='ocrx_word' id='word_1_533' title='bbox 3131 2693 3487 2759; x_wconf 76' lang='lat' dir='ltr'><strong>naturalibus,</strong></span> <span class='ocrx_word' id='word_1_534' title='bbox 3517 2705 3712 2757; x_wconf 67' lang='lat' dir='ltr'><strong>quiest.</strong></span> <span class='ocrx_word' id='word_1_535' title='bbox 3736 2695 3824 2761; x_wconf 72' lang='grc'><strong>14,</strong></span> 
     </span>
    </p>
   </div>
   <div class='ocr_carea' id='block_1_73' title="bbox 2260 2782 3825 2855">
    <p class='ocr_par' dir='ltr' id='par_1_73' title="bbox 2260 2782 3825 2855">
     <span class='ocr_line' id='line_1_73' title="bbox 2260 2782 3825 2855; baseline 0 -16"><span class='ocrx_word' id='word_1_536' title='bbox 2260 2784 2327 2839; x_wconf 87' lang='lat' dir='ltr'><strong>de</strong></span> <span class='ocrx_word' id='word_1_537' title='bbox 2360 2783 2521 2847; x_wconf 88' lang='lat' dir='ltr'><strong>ibide,</strong></span> <span class='ocrx_word' id='word_1_538' title='bbox 2554 2783 2775 2837; x_wconf 85' lang='grc' dir='ltr'>’Ἡδεται</span> <span class='ocrx_word' id='word_1_539' title='bbox 2799 2782 2949 2836; x_wconf 83' lang='grc' dir='ltr'>τουτί</span> <span class='ocrx_word' id='word_1_540' title='bbox 2968 2782 3029 2836; x_wconf 85' lang='grc' dir='ltr'>τὸ</span> <span class='ocrx_word' id='word_1_541' title='bbox 3054 2782 3239 2853; x_wconf 81' lang='grc' dir='ltr'>δρνεον</span> <span class='ocrx_word' id='word_1_542' title='bbox 3264 2784 3385 2838; x_wconf 84' lang='grc' dir='ltr'>τινὰ</span> <span class='ocrx_word' id='word_1_543' title='bbox 3409 2783 3614 2855; x_wconf 80' lang='grc' dir='ltr'>δυσώδη</span> <span class='ocrx_word' id='word_1_544' title='bbox 3649 2787 3825 2840; x_wconf 80' lang='grc' dir='ltr'>σιτούο</span> 
     </span>
    </p>
   </div>
   <div class='ocr_carea' id='block_1_74' title="bbox 2265 2874 3823 2948">
    <p class='ocr_par' dir='ltr' id='par_1_74' title="bbox 2265 2874 3823 2948">
     <span class='ocr_line' id='line_1_74' title="bbox 2265 2874 3823 2948; baseline 0.004 -23"><span class='ocrx_word' id='word_1_545' title='bbox 2265 2892 2420 2947; x_wconf 85' lang='grc' dir='ltr'>μενον</span> <span class='ocrx_word' id='word_1_546' title='bbox 2442 2891 2454 2903; x_wconf 71' lang='grc'><strong>⁸</strong></span> <span class='ocrx_word' id='word_1_547' title='bbox 2472 2874 2648 2945; x_wconf 84' lang='grc' dir='ltr'>χαίρει</span> <span class='ocrx_word' id='word_1_548' title='bbox 2673 2874 2729 2927; x_wconf 87' lang='grc' dir='ltr'>δὲ</span> <span class='ocrx_word' id='word_1_549' title='bbox 2754 2874 2985 2946; x_wconf 86' lang='grc' dir='ltr'>μάλιστα</span> <span class='ocrx_word' id='word_1_550' title='bbox 3002 2876 3093 2929; x_wconf 83' lang='grc' dir='ltr'>κα¹ι</span> <span class='ocrx_word' id='word_1_551' title='bbox 3106 2878 3227 2938; x_wconf 84' lang='grc' dir='ltr'>ταῖς</span> <span class='ocrx_word' id='word_1_552' title='bbox 3249 2875 3357 2928; x_wconf 89' lang='grc' dir='ltr'>τῶν</span> <span class='ocrx_word' id='word_1_553' title='bbox 3376 2876 3594 2931; x_wconf 79' lang='grc' dir='ltr'>ἰοϐόλων</span> <span class='ocrx_word' id='word_1_554' title='bbox 3608 2878 3823 2948; x_wconf 76' lang='grc' dir='ltr'>ἄγραις,</span> 
     </span>
    </p>
   </div>
   <div class='ocr_carea' id='block_1_75' title="bbox 2261 2965 3827 3038">
    <p class='ocr_par' dir='ltr' id='par_1_75' title="bbox 2261 2965 3827 3038">
     <span class='ocr_line' id='line_1_75' title="bbox 2261 2965 3827 3038; baseline 0.002 -18"><span class='ocrx_word' id='word_1_555' title='bbox 2261 2965 2700 3038; x_wconf 85' lang='grc' dir='ltr'>πολυϐορώτατον</span> <span class='ocrx_word' id='word_1_556' title='bbox 2725 2966 2804 3021; x_wconf 78' lang='grc' dir='ltr'>δν.</span> <span class='ocrx_word' id='word_1_557' title='bbox 2850 2966 3007 3020; x_wconf 74' lang='grc' dir='ltr'>Ἀλλά</span> <span class='ocrx_word' id='word_1_558' title='bbox 3036 2968 3126 3021; x_wconf 76' lang='grc' dir='ltr'><strong>καί</strong></span> <span class='ocrx_word' id='word_1_559' title='bbox 3163 2970 3273 3031; x_wconf 86' lang='grc' dir='ltr'>τοῖς</span> <span class='ocrx_word' id='word_1_560' title='bbox 3294 2967 3481 3038; x_wconf 76' lang='grc' dir='ltr'>ὄφεσιν</span> <span class='ocrx_word' id='word_1_561' title='bbox 3513 2969 3638 3032; x_wconf 81' lang='grc' dir='ltr'>ἴϐις,</span> <span class='ocrx_word' id='word_1_562' title='bbox 3668 2968 3827 3023; x_wconf 66' lang='grc' dir='ltr'>καθάυ</span> 
     </span>
    </p>
   </div>
   <div class='ocr_carea' id='block_1_76' title="bbox 2261 3050 3824 3129">
    <p class='ocr_par' dir='ltr' id='par_1_76' title="bbox 2261 3050 3824 3129">
     <span class='ocr_line' id='line_1_76' title="bbox 2261 3050 3824 3129; baseline 0.003 -20"><span class='ocrx_word' id='word_1_563' title='bbox 2261 3068 2366 3127; x_wconf 82' lang='grc' dir='ltr'><strong>περ</strong></span> <span class='ocrx_word' id='word_1_564' title='bbox 2404 3057 2432 3109; x_wconf 95' lang='lat'><strong>6</strong></span> <span class='ocrx_word' id='word_1_565' title='bbox 2475 3050 2802 3126; x_wconf 77' lang='grc' dir='ltr'>βασιλίσκος,</span> <span class='ocrx_word' id='word_1_566' title='bbox 2848 3052 3122 3126; x_wconf 81' lang='grc' dir='ltr'>πολέμιον.</span> <span class='ocrx_word' id='word_1_567' title='bbox 3173 3055 3265 3109; x_wconf 86' lang='grc' dir='ltr'><strong>Διὸ</strong></span> <span class='ocrx_word' id='word_1_568' title='bbox 3316 3059 3410 3111; x_wconf 79' lang='grc' dir='ltr'>καὶ</span> <span class='ocrx_word' id='word_1_569' title='bbox 3461 3059 3630 3129; x_wconf 78' lang='grc' dir='ltr'>πτερὰ</span> <span class='ocrx_word' id='word_1_570' title='bbox 3667 3058 3824 3113; x_wconf 77' lang='grc' dir='ltr'>ἴϐεων</span> 
     </span>
    </p>
   </div>
   <div class='ocr_carea' id='block_1_77' title="bbox 2262 3144 3824 3219">
    <p class='ocr_par' dir='ltr' id='par_1_77' title="bbox 2262 3144 3824 3219">
     <span class='ocr_line' id='line_1_77' title="bbox 2262 3144 3824 3219; baseline 0.001 -17"><span class='ocrx_word' id='word_1_571' title='bbox 2262 3147 2497 3219; x_wconf 83' lang='grc' dir='ltr'>πολέμια</span> <span class='ocrx_word' id='word_1_572' title='bbox 2538 3147 2743 3216; x_wconf 80' lang='grc' dir='ltr'>ὄφεσιν.</span> <span class='ocrx_word' id='word_1_573' title='bbox 2793 3144 3137 3218; x_wconf 77' lang='grc' dir='ltr'>Ἐμφορεϊται</span> <span class='ocrx_word' id='word_1_574' title='bbox 3162 3146 3220 3200; x_wconf 78' lang='grc' dir='ltr'>δὲ</span> <span class='ocrx_word' id='word_1_575' title='bbox 3266 3147 3483 3219; x_wconf 78' lang='grc' dir='ltr'>σαρκῶν</span> <span class='ocrx_word' id='word_1_576' title='bbox 3511 3148 3683 3217; x_wconf 67' lang='grc' dir='ltr'>δρεων</span> <span class='ocrx_word' id='word_1_577' title='bbox 3728 3152 3824 3206; x_wconf 73' lang='grc' dir='ltr'>καὶ</span> 
     </span>
    </p>
   </div>
   <div class='ocr_carea' id='block_1_78' title="bbox 2264 3232 3822 3313">
    <p class='ocr_par' dir='ltr' id='par_1_78' title="bbox 2264 3232 3822 3313">
     <span class='ocr_line' id='line_1_78' title="bbox 2264 3232 3822 3313; baseline -0.001 -18"><span class='ocrx_word' id='word_1_578' title='bbox 2264 3241 2556 3313; x_wconf 84' lang='grc' dir='ltr'>σκορπίων,</span> <span class='ocrx_word' id='word_1_579' title='bbox 2588 3239 2681 3295; x_wconf 75' lang='grc' dir='ltr'>καὶ</span> <span class='ocrx_word' id='word_1_580' title='bbox 2713 3240 2944 3311; x_wconf 76' lang='grc' dir='ltr'>γέγηθεν</span> <span class='ocrx_word' id='word_1_581' title='bbox 2971 3241 3063 3293; x_wconf 73' lang='grc' dir='ltr'><strong>ἐπὶ</strong></span> <span class='ocrx_word' id='word_1_582' title='bbox 3089 3239 3255 3313; x_wconf 83' lang='grc' dir='ltr'>ταύτῃ</span> <span class='ocrx_word' id='word_1_583' title='bbox 3283 3235 3345 3311; x_wconf 78' lang='grc' dir='ltr'><strong>τῇ</strong></span> <span class='ocrx_word' id='word_1_584' title='bbox 3370 3242 3522 3312; x_wconf 71' lang='grc' dir='ltr'>θήρᾳ.</span> <span class='ocrx_word' id='word_1_585' title='bbox 3552 3232 3691 3297; x_wconf 77' lang='lat' dir='ltr'><strong>Vide</strong></span> <span class='ocrx_word' id='word_1_586' title='bbox 3719 3241 3822 3299; x_wconf 58' lang='lat' dir='ltr'><strong>Pe.</strong></span> 
     </span>
    </p>
   </div>
   <div class='ocr_carea' id='block_1_79' title="bbox 2263 3322 3808 3400">
    <p class='ocr_par' dir='ltr' id='par_1_79' title="bbox 2263 3322 3808 3400">
     <span class='ocr_line' id='line_1_79' title="bbox 2263 3322 3808 3400; baseline 0.003 -15"><span class='ocrx_word' id='word_1_587' title='bbox 2263 3340 2404 3386; x_wconf 91' lang='lat' dir='ltr'><strong>trum</strong></span> <span class='ocrx_word' id='word_1_588' title='bbox 2419 3330 2760 3393; x_wconf 89' lang='lat' dir='ltr'><strong>Damianum,</strong></span> <span class='ocrx_word' id='word_1_589' title='bbox 2786 3332 2877 3385; x_wconf 90' lang='lat' dir='ltr'><strong>lib.</strong></span> <span class='ocrx_word' id='word_1_590' title='bbox 2895 3346 2955 3393; x_wconf 90' lang='grc' dir='ltr'><strong>ιι,</strong></span> <span class='ocrx_word' id='word_1_591' title='bbox 2973 3345 3091 3400; x_wconf 83' lang='lat' dir='ltr'><strong>cap.</strong></span> <span class='ocrx_word' id='word_1_592' title='bbox 3112 3331 3193 3386; x_wconf 87' lang='lat' dir='ltr'><strong>l8.</strong></span> <span class='ocrx_word' id='word_1_593' title='bbox 3214 3330 3312 3384; x_wconf 84' lang='lat' dir='ltr'><strong>Sed</strong></span> <span class='ocrx_word' id='word_1_594' title='bbox 3328 3322 3544 3386; x_wconf 83' lang='lat' dir='ltr'><strong>deibide</strong></span> <span class='ocrx_word' id='word_1_595' title='bbox 3559 3331 3808 3389; x_wconf 84' lang='lat' dir='ltr'><strong>inferius.</strong></span> 
     </span>
    </p>
   </div>
   <div class='ocr_carea' id='block_1_80' title="bbox 2330 3420 3799 3492">
    <p class='ocr_par' dir='ltr' id='par_1_80' title="bbox 2330 3420 3799 3492">
     <span class='ocr_line' id='line_1_80' title="bbox 2330 3420 3799 3492; baseline 0.001 -16"><span class='ocrx_word' id='word_1_596' title='bbox 2330 3420 2466 3479; x_wconf 84' lang='lat' dir='ltr'><strong>Ibid.</strong></span> <span class='ocrx_word' id='word_1_597' title='bbox 2512 3423 2638 3490; x_wconf 81' lang='grc' dir='ltr'>Τοῖς</span> <span class='ocrx_word' id='word_1_598' title='bbox 2679 3423 2749 3477; x_wconf 84' lang='grc' dir='ltr'>δὲ</span> <span class='ocrx_word' id='word_1_599' title='bbox 2796 3422 3135 3492; x_wconf 80' lang='grc' dir='ltr'>κεράσταις.</span> <span class='ocrx_word' id='word_1_600' title='bbox 3183 3422 3447 3484; x_wconf 72' lang='grc' dir='ltr'>ιείἰιιιιιιε.</span> <span class='ocrx_word' id='word_1_601' title='bbox 3489 3422 3564 3477; x_wconf 83' lang='lat' dir='ltr'><strong>De</strong></span> <span class='ocrx_word' id='word_1_602' title='bbox 3613 3425 3799 3478; x_wconf 78' lang='lat' dir='ltr'><strong>histor.</strong></span> 
     </span>
    </p>
   </div>
   <div class='ocr_carea' id='block_1_81' title="bbox 2263 3513 3808 3586">
    <p class='ocr_par' dir='ltr' id='par_1_81' title="bbox 2263 3513 3808 3586">
     <span class='ocr_line' id='line_1_81' title="bbox 2263 3513 3808 3586; baseline -0.003 -16"><span class='ocrx_word' id='word_1_603' title='bbox 2263 3514 2487 3570; x_wconf 85' lang='lat' dir='ltr'><strong>animal.</strong></span> <span class='ocrx_word' id='word_1_604' title='bbox 2521 3515 2615 3569; x_wconf 76' lang='lat' dir='ltr'><strong>lib.</strong></span> <span class='ocrx_word' id='word_1_605' title='bbox 2649 3530 2703 3578; x_wconf 72' lang='grc' dir='ltr'><strong>κ,</strong></span> <span class='ocrx_word' id='word_1_606' title='bbox 2742 3529 2863 3585; x_wconf 82' lang='lat' dir='ltr'><strong>cap.</strong></span> <span class='ocrx_word' id='word_1_607' title='bbox 2905 3514 2992 3577; x_wconf 77' lang='lat' dir='ltr'><strong>M,</strong></span> <span class='ocrx_word' id='word_1_608' title='bbox 3020 3514 3228 3584; x_wconf 71' lang='grc' dir='ltr'>ὐφεών</span> <span class='ocrx_word' id='word_1_609' title='bbox 3254 3529 3310 3565; x_wconf 86' lang='grc' dir='ltr'><strong>τε</strong></span> <span class='ocrx_word' id='word_1_610' title='bbox 3335 3513 3428 3567; x_wconf 76' lang='grc' dir='ltr'>καὶ</span> <span class='ocrx_word' id='word_1_611' title='bbox 3456 3514 3686 3567; x_wconf 65' lang='grc' dir='ltr'>δακετιῖη</span> <span class='ocrx_word' id='word_1_612' title='bbox 3709 3515 3808 3586; x_wconf 72' lang='grc' dir='ltr'>θη-</span> 
     </span>
    </p>
   </div>
   <div class='ocr_carea' id='block_1_82' title="bbox 2264 3604 3814 3680">
    <p class='ocr_par' dir='ltr' id='par_1_82' title="bbox 2264 3604 3814 3680">
     <span class='ocr_line' id='line_1_82' title="bbox 2264 3604 3814 3680; baseline -0.001 -19"><span class='ocrx_word' id='word_1_613' title='bbox 2264 3604 2395 3680; x_wconf 85' lang='grc' dir='ltr'>ρίων</span> <span class='ocrx_word' id='word_1_614' title='bbox 2425 3607 2583 3672; x_wconf 78' lang='grc' dir='ltr'>αὐτός</span> <span class='ocrx_word' id='word_1_615' title='bbox 2622 3609 2768 3661; x_wconf 75' lang='grc' dir='ltr'>ἐστιν</span> <span class='ocrx_word' id='word_1_616' title='bbox 2801 3606 3062 3678; x_wconf 75' lang='grc' dir='ltr'>ἔχθιστος.</span> <span class='ocrx_word' id='word_1_617' title='bbox 3093 3608 3208 3661; x_wconf 81' lang='grc' dir='ltr'>υύκ</span> <span class='ocrx_word' id='word_1_618' title='bbox 3245 3605 3307 3661; x_wconf 77' lang='grc' dir='ltr'>ἂν</span> <span class='ocrx_word' id='word_1_619' title='bbox 3334 3605 3463 3675; x_wconf 74' lang='grc' dir='ltr'>γοῦν</span> <span class='ocrx_word' id='word_1_620' title='bbox 3501 3607 3657 3660; x_wconf 71' lang='grc' dir='ltr'>αὑτὸν</span> <span class='ocrx_word' id='word_1_621' title='bbox 3696 3606 3814 3660; x_wconf 84' lang='grc' dir='ltr'>δια-</span> 
     </span>
    </p>
   </div>
   <div class='ocr_carea' id='block_1_83' title="bbox 2263 3696 3818 3771">
    <p class='ocr_par' dir='ltr' id='par_1_83' title="bbox 2263 3696 3818 3771">
     <span class='ocr_line' id='line_1_83' title="bbox 2263 3696 3818 3771; baseline -0.001 -18"><span class='ocrx_word' id='word_1_622' title='bbox 2263 3698 2420 3770; x_wconf 81' lang='grc' dir='ltr'>λάθῃ,</span> <span class='ocrx_word' id='word_1_623' title='bbox 2456 3697 2579 3752; x_wconf 76' lang='grc' dir='ltr'>οὔτε</span> <span class='ocrx_word' id='word_1_624' title='bbox 2624 3699 2763 3768; x_wconf 74' lang='grc' dir='ltr'>δφις,</span> <span class='ocrx_word' id='word_1_625' title='bbox 2794 3697 2915 3752; x_wconf 80' lang='grc' dir='ltr'>οὔτε</span> <span class='ocrx_word' id='word_1_626' title='bbox 2960 3700 3238 3771; x_wconf 82' lang='grc' dir='ltr'>σκορπίος,</span> <span class='ocrx_word' id='word_1_627' title='bbox 3280 3696 3402 3752; x_wconf 73' lang='grc' dir='ltr'>οὔτε</span> <span class='ocrx_word' id='word_1_628' title='bbox 3433 3699 3538 3770; x_wconf 75' lang='grc' dir='ltr'>μὴν</span> <span class='ocrx_word' id='word_1_629' title='bbox 3580 3698 3818 3770; x_wconf 79' lang='grc' dir='ltr'>πονηρᾶς</span> 
     </span>
    </p>
   </div>
   <div class='ocr_carea' id='block_1_84' title="bbox 2264 3789 2886 3861">
    <p class='ocr_par' dir='ltr' id='par_1_84' title="bbox 2264 3789 2886 3861">
     <span class='ocr_line' id='line_1_84' title="bbox 2264 3789 2886 3861; baseline 0.005 -18"><span class='ocrx_word' id='word_1_630' title='bbox 2264 3789 2395 3861; x_wconf 77' lang='grc' dir='ltr'>ὕλης</span> <span class='ocrx_word' id='word_1_631' title='bbox 2421 3789 2546 3845; x_wconf 75' lang='grc' dir='ltr'>ἄλλο</span> <span class='ocrx_word' id='word_1_632' title='bbox 2565 3807 2618 3844; x_wconf 87' lang='grc' dir='ltr'><strong>τι</strong></span> <span class='ocrx_word' id='word_1_633' title='bbox 2648 3789 2886 3846; x_wconf 79' lang='grc' dir='ltr'>ῐκτοκον.</span> 
     </span>
    </p>
   </div>
   <div class='ocr_carea' id='block_1_85' title="bbox 2336 3878 3817 3950">
    <p class='ocr_par' dir='ltr' id='par_1_85' title="bbox 2336 3878 3817 3950">
     <span class='ocr_line' id='line_1_85' title="bbox 2336 3878 3817 3950; baseline -0.002 -13"><span class='ocrx_word' id='word_1_634' title='bbox 2336 3884 2495 3947; x_wconf 91' lang='lat' dir='ltr'><strong>lbid.,</strong></span> <span class='ocrx_word' id='word_1_635' title='bbox 2536 3883 2631 3937; x_wconf 90' lang='lat' dir='ltr'><strong>lin.</strong></span> <span class='ocrx_word' id='word_1_636' title='bbox 2664 3883 2752 3937; x_wconf 82' lang='lat'><strong>57.</strong></span> <span class='ocrx_word' id='word_1_637' title='bbox 2788 3884 2961 3937; x_wconf 85' lang='grc' dir='ltr'>Ἔστι</span> <span class='ocrx_word' id='word_1_638' title='bbox 2991 3880 3058 3935; x_wconf 79' lang='grc' dir='ltr'>δὲ</span> <span class='ocrx_word' id='word_1_639' title='bbox 3099 3882 3274 3936; x_wconf 78' lang='grc' dir='ltr'>τοῦτο</span> <span class='ocrx_word' id='word_1_640' title='bbox 3320 3894 3509 3950; x_wconf 76' lang='grc' dir='ltr'>συμπ.</span> <span class='ocrx_word' id='word_1_641' title='bbox 3550 3878 3817 3944; x_wconf 68' lang='lat' dir='ltr'><strong>Elianus,</strong></span> 
     </span>
    </p>
   </div>
   <div class='ocr_carea' id='block_1_86' title="bbox 2265 3973 3818 4047">
    <p class='ocr_par' dir='ltr' id='par_1_86' title="bbox 2265 3973 3818 4047">
     <span class='ocr_line' id='line_1_86' title="bbox 2265 3973 3818 4047; baseline -0.002 -17"><span class='ocrx_word' id='word_1_642' title='bbox 2265 3977 2358 4030; x_wconf 92' lang='lat' dir='ltr'><strong>lib.</strong></span> <span class='ocrx_word' id='word_1_643' title='bbox 2391 3994 2426 4031; x_wconf 89' lang='grc' dir='ltr'><strong>ιι</strong></span> <span class='ocrx_word' id='word_1_644' title='bbox 2461 3977 2533 4030; x_wconf 87' lang='lat' dir='ltr'><strong>De</strong></span> <span class='ocrx_word' id='word_1_645' title='bbox 2560 3976 2683 4030; x_wconf 82' lang='lat' dir='ltr'><strong>hist.</strong></span> <span class='ocrx_word' id='word_1_646' title='bbox 2720 3976 3044 4047; x_wconf 88' lang='lat' dir='ltr'><strong>anim.,cap.</strong></span> <span class='ocrx_word' id='word_1_647' title='bbox 3078 3974 3149 4030; x_wconf 72' lang='grc'><strong>42</strong></span> <span class='ocrx_word' id='word_1_648' title='bbox 3181 3994 3193 4029; x_wconf 95' lang='lat'>:</span> <span class='ocrx_word' id='word_1_649' title='bbox 3225 3974 3436 4045; x_wconf 84' lang='grc' dir='ltr'>Νεκρὸν</span> <span class='ocrx_word' id='word_1_650' title='bbox 3464 3973 3518 4026; x_wconf 79' lang='grc' dir='ltr'>δὲ</span> <span class='ocrx_word' id='word_1_651' title='bbox 3544 3973 3818 4045; x_wconf 76' lang='grc' dir='ltr'>ἄνθρωπον</span> 
     </span>
    </p>
   </div>
   <div class='ocr_carea' id='block_1_87' title="bbox 2267 4063 3814 4139">
    <p class='ocr_par' dir='ltr' id='par_1_87' title="bbox 2267 4063 3814 4139">
     <span class='ocr_line' id='line_1_87' title="bbox 2267 4063 3814 4139; baseline -0.004 -18"><span class='ocrx_word' id='word_1_652' title='bbox 2267 4068 2419 4139; x_wconf 71' lang='grc' dir='ltr'>ἱέραξ</span> <span class='ocrx_word' id='word_1_653' title='bbox 2451 4065 2592 4131; x_wconf 87' lang='grc' dir='ltr'>ἰδὼν,</span> <span class='ocrx_word' id='word_1_654' title='bbox 2617 4066 2891 4121; x_wconf 75' lang='grc' dir='ltr'>ἐπιϐάλλει</span> <span class='ocrx_word' id='word_1_655' title='bbox 2927 4068 3031 4136; x_wconf 84' lang='grc' dir='ltr'><strong>γῆς</strong></span> <span class='ocrx_word' id='word_1_656' title='bbox 3057 4066 3135 4137; x_wconf 83' lang='grc' dir='ltr'>τῷ</span> <span class='ocrx_word' id='word_1_657' title='bbox 3162 4064 3374 4136; x_wconf 78' lang='grc' dir='ltr'>άτάτρῳ.</span> <span class='ocrx_word' id='word_1_658' title='bbox 3402 4066 3511 4119; x_wconf 76' lang='grc' dir='ltr'><strong>Καὶ</strong></span> <span class='ocrx_word' id='word_1_659' title='bbox 3537 4063 3691 4116; x_wconf 81' lang='grc' dir='ltr'>τοῦτο</span> <span class='ocrx_word' id='word_1_660' title='bbox 3721 4063 3814 4133; x_wconf 84' lang='grc' dir='ltr'>μὲν</span> 
     </span>
    </p>
   </div>
   <div class='ocr_carea' id='block_1_88' title="bbox 2263 4150 3813 4227">
    <p class='ocr_par' dir='ltr' id='par_1_88' title="bbox 2263 4150 3813 4227">
     <span class='ocr_line' id='line_1_88' title="bbox 2263 4150 3813 4227; baseline -0.004 -16"><span class='ocrx_word' id='word_1_661' title='bbox 2263 4158 2323 4211; x_wconf 82' lang='grc' dir='ltr'><strong>ού</strong></span> <span class='ocrx_word' id='word_1_662' title='bbox 2362 4157 2571 4211; x_wconf 85' lang='grc' dir='ltr'>κελεύει</span> <span class='ocrx_word' id='word_1_663' title='bbox 2621 4156 2767 4227; x_wconf 78' lang='grc' dir='ltr'>αὐτῷ</span> <span class='ocrx_word' id='word_1_664' title='bbox 2804 4158 2832 4210; x_wconf 88' lang='lat'><strong>6</strong></span> <span class='ocrx_word' id='word_1_665' title='bbox 2876 4156 3072 4220; x_wconf 85' lang='grc' dir='ltr'>Σόλων,</span> <span class='ocrx_word' id='word_1_666' title='bbox 3101 4150 3175 4219; x_wconf 84' lang='grc' dir='ltr'>ὡς</span> <span class='ocrx_word' id='word_1_667' title='bbox 3216 4154 3530 4226; x_wconf 79' lang='grc' dir='ltr'>Ἀθηναίους</span> <span class='ocrx_word' id='word_1_668' title='bbox 3571 4152 3813 4207; x_wconf 74' lang='grc' dir='ltr'>ἐκέλευσε</span> 
     </span>
    </p>
   </div>
   <div class='ocr_carea' id='block_1_89' title="bbox 2263 4242 3813 4320">
    <p class='ocr_par' dir='ltr' id='par_1_89' title="bbox 2263 4242 3813 4320">
     <span class='ocr_line' id='line_1_89' title="bbox 2263 4242 3813 4320; baseline -0.004 -19"><span class='ocrx_word' id='word_1_669' title='bbox 2263 4249 2393 4320; x_wconf 77' lang='grc' dir='ltr'>δρᾷν</span> <span class='ocrx_word' id='word_1_670' title='bbox 2413 4265 2425 4277; x_wconf 89' lang='grc'><strong>·</strong></span> <span class='ocrx_word' id='word_1_671' title='bbox 2453 4249 2573 4303; x_wconf 76' lang='grc' dir='ltr'>οὐδὲ</span> <span class='ocrx_word' id='word_1_672' title='bbox 2603 4246 2851 4317; x_wconf 83' lang='grc' dir='ltr'>σώματος</span> <span class='ocrx_word' id='word_1_673' title='bbox 2886 4246 2980 4317; x_wconf 83' lang='lat' dir='ltr'><strong>(ita</strong></span> <span class='ocrx_word' id='word_1_674' title='bbox 3017 4246 3162 4301; x_wconf 91' lang='lat' dir='ltr'><strong>enim</strong></span> <span class='ocrx_word' id='word_1_675' title='bbox 3193 4244 3430 4315; x_wconf 84' lang='lat' dir='ltr'><strong>corrigo)</strong></span> <span class='ocrx_word' id='word_1_676' title='bbox 3461 4243 3677 4314; x_wconf 68' lang='grc' dir='ltr'>ἅψεται.</span> <span class='ocrx_word' id='word_1_677' title='bbox 3706 4242 3813 4295; x_wconf 74' lang='grc' dir='ltr'><strong>Μέ-</strong></span> 
     </span>
    </p>
   </div>
   <div class='ocr_carea' id='block_1_90' title="bbox 2264 4333 3817 4407">
    <p class='ocr_par' dir='ltr' id='par_1_90' title="bbox 2264 4333 3817 4407">
     <span class='ocr_line' id='line_1_90' title="bbox 2264 4333 3817 4407; baseline -0.003 -18"><span class='ocrx_word' id='word_1_678' title='bbox 2264 4355 2343 4391; x_wconf 86' lang='grc' dir='ltr'><strong>νει</strong></span> <span class='ocrx_word' id='word_1_679' title='bbox 2374 4338 2430 4391; x_wconf 81' lang='grc' dir='ltr'>δὲ</span> <span class='ocrx_word' id='word_1_680' title='bbox 2470 4337 2728 4407; x_wconf 78' lang='grc' dir='ltr'>ἄγευστος</span> <span class='ocrx_word' id='word_1_681' title='bbox 2772 4337 2867 4389; x_wconf 75' lang='grc' dir='ltr'>καὶ</span> <span class='ocrx_word' id='word_1_682' title='bbox 2906 4334 3067 4390; x_wconf 83' lang='grc' dir='ltr'>ποτοῦ</span> <span class='ocrx_word' id='word_1_683' title='bbox 3116 4334 3208 4389; x_wconf 76' lang='grc' dir='ltr'><strong>ἐὰν</strong></span> <span class='ocrx_word' id='word_1_684' title='bbox 3235 4337 3315 4398; x_wconf 86' lang='grc' dir='ltr'><strong>εἰς</strong></span> <span class='ocrx_word' id='word_1_685' title='bbox 3354 4333 3560 4389; x_wconf 68' lang='grc' dir='ltr'>αὔλακα</span> <span class='ocrx_word' id='word_1_686' title='bbox 3599 4334 3817 4403; x_wconf 79' lang='grc' dir='ltr'>ἐποχευ-</span> 
     </span>
    </p>
   </div>
   <div class='ocr_carea' id='block_1_91' title="bbox 2264 4420 3819 4500">
    <p class='ocr_par' dir='ltr' id='par_1_91' title="bbox 2264 4420 3819 4500">
     <span class='ocr_line' id='line_1_91' title="bbox 2264 4420 3819 4500; baseline -0.003 -18"><span class='ocrx_word' id='word_1_687' title='bbox 2264 4427 2394 4500; x_wconf 78' lang='grc' dir='ltr'>τεύῃ</span> <span class='ocrx_word' id='word_1_688' title='bbox 2424 4423 2502 4492; x_wconf 75' lang='grc' dir='ltr'>εἷς</span> <span class='ocrx_word' id='word_1_689' title='bbox 2530 4428 2810 4499; x_wconf 84' lang='grc' dir='ltr'>ἄνθρωπος</span> <span class='ocrx_word' id='word_1_690' title='bbox 2830 4444 2842 4457; x_wconf 74' lang='grc' dir='ltr'><strong>ο</strong></span> <span class='ocrx_word' id='word_1_691' title='bbox 2883 4428 3209 4481; x_wconf 80' lang='grc' dir='ltr'>πεπίστευκε</span> <span class='ocrx_word' id='word_1_692' title='bbox 3234 4426 3342 4497; x_wconf 73' lang='grc' dir='ltr'>γὰρ</span> <span class='ocrx_word' id='word_1_693' title='bbox 3367 4420 3527 4479; x_wconf 72' lang='grc' dir='ltr'>αὑτὸν</span> <span class='ocrx_word' id='word_1_694' title='bbox 3560 4422 3819 4495; x_wconf 81' lang='grc' dir='ltr'>πονούμε-</span> 
     </span>
    </p>
   </div>
   <div class='ocr_carea' id='block_1_92' title="bbox 598 4509 2163 4614">
    <p class='ocr_par' dir='ltr' id='par_1_92' title="bbox 598 4509 2163 4614">
     <span class='ocr_line' id='line_1_92' title="bbox 598 4509 2163 4614; baseline -0.009 -7"><span class='ocrx_word' id='word_1_695' title='bbox 598 4509 1022 4614; x_wconf 12' lang='grc' dir='ltr'>ιίεε,ῗυείιίιιιῖιί.</span> <span class='ocrx_word' id='word_1_696' title='bbox 1047 4509 1243 4611; x_wconf 51' lang='lat' dir='ltr'><strong>opific.-;</strong></span> <span class='ocrx_word' id='word_1_697' title='bbox 1267 4539 1495 4605; x_wconf 90' lang='lat' dir='ltr'><strong>Plinius,</strong></span> <span class='ocrx_word' id='word_1_698' title='bbox 1521 4539 1612 4594; x_wconf 90' lang='lat' dir='ltr'><strong>lib.</strong></span> <span class='ocrx_word' id='word_1_699' title='bbox 1643 4555 1769 4602; x_wconf 66' lang='grc' dir='ltr'>χιιι,</span> <span class='ocrx_word' id='word_1_700' title='bbox 1793 4555 1912 4609; x_wconf 90' lang='lat' dir='ltr'><strong>cap.</strong></span> <span class='ocrx_word' id='word_1_701' title='bbox 1938 4541 2023 4603; x_wconf 84' lang='lat' dir='ltr'><strong>ll,</strong></span> <span class='ocrx_word' id='word_1_702' title='bbox 2052 4555 2163 4595; x_wconf 86' lang='lat' dir='ltr'><strong>sca-</strong></span> 
     </span>
    </p>
   </div>
   <div class='ocr_carea' id='block_1_93' title="bbox 2262 4509 3814 4614">
    <p class='ocr_par' dir='ltr' id='par_1_93' title="bbox 2267 4509 3814 4591">
     <span class='ocr_line' id='line_1_93' title="bbox 2267 4509 3814 4591; baseline -0.003 -19"><span class='ocrx_word' id='word_1_703' title='bbox 2267 4538 2353 4574; x_wconf 91' lang='grc' dir='ltr'><strong>νον</strong></span> <span class='ocrx_word' id='word_1_704' title='bbox 2373 4518 2600 4591; x_wconf 77' lang='grc' dir='ltr'>ζημιοῦν</span> <span class='ocrx_word' id='word_1_705' title='bbox 2616 4518 2844 4591; x_wconf 79' lang='grc' dir='ltr'>ύφαιρού</span> <span class='ocrx_word' id='word_1_706' title='bbox 2853 4535 3008 4588; x_wconf 89' lang='grc' dir='ltr'>μενος</span> <span class='ocrx_word' id='word_1_707' title='bbox 3023 4521 3086 4571; x_wconf 81' lang='grc' dir='ltr'>ἐκ</span> <span class='ocrx_word' id='word_1_708' title='bbox 3103 4518 3203 4589; x_wconf 78' lang='grc' dir='ltr'>τῆς</span> <span class='ocrx_word' id='word_1_709' title='bbox 3227 4519 3433 4570; x_wconf 79' lang='grc' dir='ltr'>ἐκείνου</span> <span class='ocrx_word' id='word_1_710' title='bbox 3451 4516 3637 4588; x_wconf 85' lang='grc' dir='ltr'>χρείας</span> <span class='ocrx_word' id='word_1_711' title='bbox 3660 4509 3814 4584; x_wconf 76' lang='grc' dir='ltr'>ὕδωρ.</span> 
     </span>
    </p>
   </div>
   <div class='ocr_carea' id='block_1_94' title="bbox 600 4629 2164 4708">
    <p class='ocr_par' dir='ltr' id='par_1_94' title="bbox 600 4629 2164 4708">
     <span class='ocr_line' id='line_1_94' title="bbox 600 4629 2164 4708; baseline -0.007 -12"><span class='ocrx_word' id='word_1_712' title='bbox 600 4642 836 4697; x_wconf 66' lang='lat' dir='ltr'><strong>rabaeum</strong></span> <span class='ocrx_word' id='word_1_713' title='bbox 883 4639 977 4708; x_wconf 90' lang='lat' dir='ltr'><strong>qui</strong></span> <span class='ocrx_word' id='word_1_714' title='bbox 1023 4635 1220 4707; x_wconf 88' lang='lat' dir='ltr'><strong>pilulas</strong></span> <span class='ocrx_word' id='word_1_715' title='bbox 1266 4632 1453 4693; x_wconf 90' lang='lat' dir='ltr'><strong>volvit,</strong></span> <span class='ocrx_word' id='word_1_716' title='bbox 1508 4629 1730 4700; x_wconf 83' lang='lat' dir='ltr'><strong>Propter</strong></span> <span class='ocrx_word' id='word_1_717' title='bbox 1766 4631 1901 4683; x_wconf 90' lang='lat' dir='ltr'><strong>hunc</strong></span> <span class='ocrx_word' id='word_1_718' title='bbox 1942 4631 2164 4701; x_wconf 57' lang='lat' dir='ltr'><strong>.ﬁgypti</strong></span> 
     </span>
    </p>
   </div>
   <div class='ocr_carea' id='block_1_95' title="bbox 601 4721 2162 4803">
    <p class='ocr_par' dir='ltr' id='par_1_95' title="bbox 601 4721 2162 4803">
     <span class='ocr_line' id='line_1_95' title="bbox 601 4721 2162 4803; baseline -0.008 -15"><span class='ocrx_word' id='word_1_719' title='bbox 601 4749 794 4803; x_wconf 88' lang='lat' dir='ltr'><strong>magna</strong></span> <span class='ocrx_word' id='word_1_720' title='bbox 828 4747 951 4801; x_wconf 88' lang='lat' dir='ltr'><strong>pars</strong></span> <span class='ocrx_word' id='word_1_721' title='bbox 1001 4728 1295 4784; x_wconf 74' lang='lat' dir='ltr'><strong>scarabazos</strong></span> <span class='ocrx_word' id='word_1_722' title='bbox 1342 4728 1479 4780; x_wconf 88' lang='lat' dir='ltr'><strong>inter</strong></span> <span class='ocrx_word' id='word_1_723' title='bbox 1511 4725 1728 4777; x_wconf 80' lang='lat' dir='ltr'><strong>numina</strong></span> <span class='ocrx_word' id='word_1_724' title='bbox 1770 4721 1917 4782; x_wconf 91' lang='lat' dir='ltr'><strong>colit,</strong></span> <span class='ocrx_word' id='word_1_725' title='bbox 1955 4724 2162 4775; x_wconf 85' lang='lat' dir='ltr'><strong>curiosa</strong></span> 
     </span>
    </p>
   </div>
   <div class='ocr_carea' id='block_1_96' title="bbox 603 4812 2159 4888">
    <p class='ocr_par' dir='ltr' id='par_1_96' title="bbox 603 4812 2159 4888">
     <span class='ocr_line' id='line_1_96' title="bbox 603 4812 2159 4888; baseline -0.008 -12"><span class='ocrx_word' id='word_1_726' title='bbox 603 4821 845 4888; x_wconf 66' lang='lat' dir='ltr'><strong>Apionis</strong></span> <span class='ocrx_word' id='word_1_727' title='bbox 871 4818 1316 4887; x_wconf 81' lang='lat' dir='ltr'><strong>interpretatione,</strong></span> <span class='ocrx_word' id='word_1_728' title='bbox 1364 4832 1469 4885; x_wconf 78' lang='lat' dir='ltr'><strong>qua</strong></span> <span class='ocrx_word' id='word_1_729' title='bbox 1514 4813 1732 4882; x_wconf 87' lang='lat' dir='ltr'><strong>colligat</strong></span> <span class='ocrx_word' id='word_1_730' title='bbox 1770 4812 1897 4866; x_wconf 81' lang='lat' dir='ltr'><strong>solis</strong></span> <span class='ocrx_word' id='word_1_731' title='bbox 1948 4827 2159 4881; x_wconf 87' lang='lat' dir='ltr'><strong>operum</strong></span> 
     </span>
    </p>
   </div>
   <div class='ocr_carea' id='block_1_97' title="bbox 601 4901 2163 4972">
    <p class='ocr_par' dir='ltr' id='par_1_97' title="bbox 601 4901 2163 4972">
     <span class='ocr_line' id='line_1_97' title="bbox 601 4901 2163 4972; baseline -0.004 -8"><span class='ocrx_word' id='word_1_732' title='bbox 601 4908 998 4964; x_wconf 86' lang='lat' dir='ltr'><strong>similitudinem</strong></span> <span class='ocrx_word' id='word_1_733' title='bbox 1025 4908 1144 4961; x_wconf 89' lang='lat' dir='ltr'><strong>huic</strong></span> <span class='ocrx_word' id='word_1_734' title='bbox 1168 4905 1390 4960; x_wconf 87' lang='lat' dir='ltr'><strong>animali</strong></span> <span class='ocrx_word' id='word_1_735' title='bbox 1413 4919 1525 4959; x_wconf 82' lang='lat' dir='ltr'><strong>esse</strong></span> <span class='ocrx_word' id='word_1_736' title='bbox 1550 4902 1618 4955; x_wconf 86' lang='lat' dir='ltr'><strong>ad</strong></span> <span class='ocrx_word' id='word_1_737' title='bbox 1649 4901 1973 4956; x_wconf 73' lang='lat' dir='ltr'><strong>excusandas</strong></span> <span class='ocrx_word' id='word_1_738' title='bbox 1997 4904 2163 4972; x_wconf 83' lang='lat' dir='ltr'><strong>gentis</strong></span> 
     </span>
    </p>
   </div>
   <div class='ocr_carea' id='block_1_98' title="bbox 602 4994 2165 5069">
    <p class='ocr_par' dir='ltr' id='par_1_98' title="bbox 602 4994 2165 5069">
     <span class='ocr_line' id='line_1_98' title="bbox 602 4994 2165 5069; baseline -0.006 -13"><span class='ocrx_word' id='word_1_739' title='bbox 602 5018 714 5056; x_wconf 67' lang='lat' dir='ltr'><strong>sua:</strong></span> <span class='ocrx_word' id='word_1_740' title='bbox 758 5001 912 5055; x_wconf 86' lang='lat' dir='ltr'><strong>ritus.</strong></span> <span class='ocrx_word' id='word_1_741' title='bbox 956 4998 1132 5054; x_wconf 84' lang='lat' dir='ltr'><strong>Horus</strong></span> <span class='ocrx_word' id='word_1_742' title='bbox 1170 5007 1425 5069; x_wconf 65' lang='lat' dir='ltr'><strong>praeterea</strong></span> <span class='ocrx_word' id='word_1_743' title='bbox 1462 4996 1619 5049; x_wconf 88' lang='lat' dir='ltr'><strong>aliam</strong></span> <span class='ocrx_word' id='word_1_744' title='bbox 1662 4994 1826 5063; x_wconf 75' lang='lat' dir='ltr'><strong>hujus</strong></span> <span class='ocrx_word' id='word_1_745' title='bbox 1862 5001 2165 5048; x_wconf 77' lang='lat' dir='ltr'><strong>veneratio-</strong></span> 
     </span>
    </p>
   </div>
   <div class='ocr_carea' id='block_1_99' title="bbox 604 5083 2165 5157">
    <p class='ocr_par' dir='ltr' id='par_1_99' title="bbox 604 5083 2165 5157">
     <span class='ocr_line' id='line_1_99' title="bbox 604 5083 2165 5157; baseline -0.008 -10"><span class='ocrx_word' id='word_1_746' title='bbox 604 5091 692 5148; x_wconf 86' lang='lat' dir='ltr'><strong>nis</strong></span> <span class='ocrx_word' id='word_1_747' title='bbox 725 5106 947 5146; x_wconf 88' lang='lat' dir='ltr'><strong>causam</strong></span> <span class='ocrx_word' id='word_1_748' title='bbox 997 5088 1192 5152; x_wconf 91' lang='lat' dir='ltr'><strong>reddit,</strong></span> <span class='ocrx_word' id='word_1_749' title='bbox 1231 5086 1373 5157; x_wconf 90' lang='lat' dir='ltr'><strong>quod</strong></span> <span class='ocrx_word' id='word_1_750' title='bbox 1412 5083 1621 5140; x_wconf 79' lang='lat' dir='ltr'><strong>scilicet</strong></span> <span class='ocrx_word' id='word_1_751' title='bbox 1672 5099 1849 5138; x_wconf 88' lang='lat' dir='ltr'><strong>mares</strong></span> <span class='ocrx_word' id='word_1_752' title='bbox 1887 5083 1999 5138; x_wconf 88' lang='lat' dir='ltr'><strong>sint</strong></span> <span class='ocrx_word' id='word_1_753' title='bbox 2049 5098 2165 5137; x_wconf 92' lang='lat' dir='ltr'><strong>om-</strong></span> 
     </span>
    </p>
   </div>
   <div class='ocr_carea' id='block_1_100' title="bbox 603 5173 2159 5246">
    <p class='ocr_par' dir='ltr' id='par_1_100' title="bbox 603 5173 2159 5246">
     <span class='ocr_line' id='line_1_100' title="bbox 603 5173 2159 5246; baseline -0.005 -8"><span class='ocrx_word' id='word_1_754' title='bbox 603 5199 702 5239; x_wconf 89' lang='lat' dir='ltr'><strong>nes</strong></span> <span class='ocrx_word' id='word_1_755' title='bbox 756 5181 1038 5245; x_wconf 71' lang='lat' dir='ltr'><strong>scarabzei,</strong></span> <span class='ocrx_word' id='word_1_756' title='bbox 1075 5180 1220 5234; x_wconf 82' lang='lat' dir='ltr'><strong>nulla</strong></span> <span class='ocrx_word' id='word_1_757' title='bbox 1260 5178 1478 5233; x_wconf 83' lang='lat' dir='ltr'><strong>femina.</strong></span> <span class='ocrx_word' id='word_1_758' title='bbox 1510 5175 1643 5232; x_wconf 82' lang='lat' dir='ltr'><strong>Vide</strong></span> <span class='ocrx_word' id='word_1_759' title='bbox 1678 5173 2024 5246; x_wconf 77' lang='lat' dir='ltr'><strong>Rodiginum,</strong></span> <span class='ocrx_word' id='word_1_760' title='bbox 2065 5175 2159 5230; x_wconf 90' lang='lat' dir='ltr'><strong>lib.</strong></span> 
     </span>
    </p>
   </div>
   <div class='ocr_carea' id='block_1_101' title="bbox 604 5274 973 5346">
    <p class='ocr_par' dir='ltr' id='par_1_101' title="bbox 604 5274 973 5346">
     <span class='ocr_line' id='line_1_101' title="bbox 604 5274 973 5346; baseline -0.008 -14"><span class='ocrx_word' id='word_1_761' title='bbox 604 5292 725 5340; x_wconf 84' lang='lat' dir='ltr'><strong>vui,</strong></span> <span class='ocrx_word' id='word_1_762' title='bbox 765 5291 887 5346; x_wconf 92' lang='lat' dir='ltr'><strong>cap.</strong></span> <span class='ocrx_word' id='word_1_763' title='bbox 920 5274 973 5329; x_wconf 85' lang='lat'><strong>5.</strong></span> 
     </span>
    </p>
   </div>
   <div class='ocr_carea' id='block_1_102' title="bbox 673 5357 2160 5433">
    <p class='ocr_par' dir='ltr' id='par_1_102' title="bbox 673 5357 2160 5433">
     <span class='ocr_line' id='line_1_102' title="bbox 673 5357 2160 5433; baseline -0.005 -11"><span class='ocrx_word' id='word_1_764' title='bbox 673 5367 833 5433; x_wconf 89' lang='lat' dir='ltr'><strong>lhid.,</strong></span> <span class='ocrx_word' id='word_1_765' title='bbox 869 5370 961 5422; x_wconf 89' lang='lat' dir='ltr'><strong>lin.</strong></span> <span class='ocrx_word' id='word_1_766' title='bbox 978 5365 1067 5420; x_wconf 73' lang='lat'><strong>59.</strong></span> <span class='ocrx_word' id='word_1_767' title='bbox 1092 5366 1157 5417; x_wconf 84' lang='lat' dir='ltr'><strong>Ol</strong></span> <span class='ocrx_word' id='word_1_768' title='bbox 1176 5363 1242 5416; x_wconf 75' lang='grc' dir='ltr'>δὲ</span> <span class='ocrx_word' id='word_1_769' title='bbox 1264 5364 1567 5431; x_wconf 77' lang='grc' dir='ltr'>μύρμηκες</span> <span class='ocrx_word' id='word_1_770' title='bbox 1586 5362 1709 5414; x_wconf 85' lang='grc' dir='ltr'>τόν.</span> <span class='ocrx_word' id='word_1_771' title='bbox 1730 5357 1983 5422; x_wconf 86' lang='lat' dir='ltr'><strong>Basilius,</strong></span> <span class='ocrx_word' id='word_1_772' title='bbox 2013 5358 2160 5414; x_wconf 90' lang='lat' dir='ltr'><strong>hom.</strong></span> 
     </span>
    </p>
   </div>
   <div class='ocr_carea' id='block_1_103' title="bbox 603 5448 2164 5527">
    <p class='ocr_par' dir='ltr' id='par_1_103' title="bbox 603 5448 2164 5527">
     <span class='ocr_line' id='line_1_103' title="bbox 603 5448 2164 5527; baseline -0.013 -10"><span class='ocrx_word' id='word_1_773' title='bbox 603 5462 654 5522; x_wconf 91' lang='lat'><strong>9.</strong></span> <span class='ocrx_word' id='word_1_774' title='bbox 690 5462 832 5516; x_wconf 85' lang='lat' dir='ltr'><strong>inter</strong></span> <span class='ocrx_word' id='word_1_775' title='bbox 856 5459 1063 5527; x_wconf 88' lang='lat' dir='ltr'><strong>reliqua</strong></span> <span class='ocrx_word' id='word_1_776' title='bbox 1090 5474 1105 5510; x_wconf 85' lang='lat'><strong>:</strong></span> <span class='ocrx_word' id='word_1_777' title='bbox 1132 5454 1418 5508; x_wconf 80' lang='grc' dir='ltr'>Διακόπτει</span> <span class='ocrx_word' id='word_1_778' title='bbox 1455 5452 1562 5522; x_wconf 83' lang='grc' dir='ltr'><strong>γὰρ</strong></span> <span class='ocrx_word' id='word_1_779' title='bbox 1597 5452 1717 5514; x_wconf 87' lang='grc' dir='ltr'>ταῖς</span> <span class='ocrx_word' id='word_1_780' title='bbox 1754 5448 1944 5504; x_wconf 79' lang='grc' dir='ltr'>ἑαυτοῦ</span> <span class='ocrx_word' id='word_1_781' title='bbox 1972 5449 2164 5520; x_wconf 84' lang='grc' dir='ltr'>χηλαῖς</span> 
     </span>
    </p>
   </div>
   <div class='ocr_carea' id='block_1_104' title="bbox 602 5542 2165 5623">
    <p class='ocr_par' dir='ltr' id='par_1_104' title="bbox 602 5542 2165 5623">
     <span class='ocr_line' id='line_1_104' title="bbox 602 5542 2165 5623; baseline -0.009 -16"><span class='ocrx_word' id='word_1_782' title='bbox 602 5555 711 5606; x_wconf 86' lang='grc' dir='ltr'>τῶν</span> <span class='ocrx_word' id='word_1_783' title='bbox 760 5549 988 5623; x_wconf 83' lang='grc' dir='ltr'>καρπῶν</span> <span class='ocrx_word' id='word_1_784' title='bbox 1023 5548 1083 5601; x_wconf 88' lang='grc' dir='ltr'><strong>τδ</strong></span> <span class='ocrx_word' id='word_1_785' title='bbox 1144 5545 1483 5620; x_wconf 84' lang='grc' dir='ltr'>μεσαίτατον,</span> <span class='ocrx_word' id='word_1_786' title='bbox 1532 5544 1608 5606; x_wconf 81' lang='grc' dir='ltr'><strong>ὡς</strong></span> <span class='ocrx_word' id='word_1_787' title='bbox 1649 5542 1714 5596; x_wconf 84' lang='grc' dir='ltr'>ἂν</span> <span class='ocrx_word' id='word_1_788' title='bbox 1760 5542 1835 5614; x_wconf 84' lang='grc' dir='ltr'>μὴ</span> <span class='ocrx_word' id='word_1_789' title='bbox 1876 5542 2165 5610; x_wconf 75' lang='grc' dir='ltr'>ἐκφυέντες</span> 
     </span>
    </p>
   </div>
   <div class='ocr_carea' id='block_1_105' title="bbox 605 5631 2167 5714">
    <p class='ocr_par' dir='ltr' id='par_1_105' title="bbox 605 5631 2167 5714">
     <span class='ocr_line' id='line_1_105' title="bbox 605 5631 2167 5714; baseline -0.008 -17"><span class='ocrx_word' id='word_1_790' title='bbox 605 5643 863 5714; x_wconf 73' lang='grc' dir='ltr'>ἄχρηστοι</span> <span class='ocrx_word' id='word_1_791' title='bbox 900 5640 1036 5712; x_wconf 82' lang='grc' dir='ltr'>πρὸς</span> <span class='ocrx_word' id='word_1_792' title='bbox 1068 5637 1272 5710; x_wconf 84' lang='grc' dir='ltr'>τροφὴν</span> <span class='ocrx_word' id='word_1_793' title='bbox 1309 5634 1457 5705; x_wconf 83' lang='grc' dir='ltr'>αύτῷ</span> <span class='ocrx_word' id='word_1_794' title='bbox 1491 5634 1761 5702; x_wconf 69' lang='grc' dir='ltr'>γένοιντοο</span> <span class='ocrx_word' id='word_1_795' title='bbox 1788 5632 1882 5688; x_wconf 79' lang='grc' dir='ltr'>καὶ</span> <span class='ocrx_word' id='word_1_796' title='bbox 1920 5631 2167 5701; x_wconf 68' lang='grc' dir='ltr'>διαψύχει</span> 
     </span>
    </p>
   </div>
   <div class='ocr_carea' id='block_1_106' title="bbox 606 5725 2167 5803">
    <p class='ocr_par' dir='ltr' id='par_1_106' title="bbox 606 5725 2167 5803">
     <span class='ocr_line' id='line_1_106' title="bbox 606 5725 2167 5803; baseline -0.007 -15"><span class='ocrx_word' id='word_1_797' title='bbox 606 5735 841 5797; x_wconf 81' lang='grc' dir='ltr'>τούτους,</span> <span class='ocrx_word' id='word_1_798' title='bbox 881 5734 1006 5787; x_wconf 78' lang='grc' dir='ltr'>ὅταν</span> <span class='ocrx_word' id='word_1_799' title='bbox 1030 5731 1280 5803; x_wconf 70' lang='grc' dir='ltr'>αἴσθηται</span> <span class='ocrx_word' id='word_1_800' title='bbox 1317 5727 1492 5783; x_wconf 82' lang='grc' dir='ltr'>αὐτῶν</span> <span class='ocrx_word' id='word_1_801' title='bbox 1520 5725 1839 5798; x_wconf 82' lang='grc' dir='ltr'>διαϐρόχων,</span> <span class='ocrx_word' id='word_1_802' title='bbox 1870 5725 1962 5779; x_wconf 80' lang='grc' dir='ltr'>καὶ</span> <span class='ocrx_word' id='word_1_803' title='bbox 1991 5725 2089 5777; x_wconf 81' lang='grc' dir='ltr'>οὐκ</span> <span class='ocrx_word' id='word_1_804' title='bbox 2110 5727 2167 5777; x_wconf 87' lang='grc' dir='ltr'>ὲν</span> 
     </span>
    </p>
   </div>
   <div class='ocr_carea' id='block_1_107' title="bbox 612 5815 2167 5895">
    <p class='ocr_par' dir='ltr' id='par_1_107' title="bbox 612 5815 2167 5895">
     <span class='ocr_line' id='line_1_107' title="bbox 612 5815 2167 5895; baseline -0.006 -16"><span class='ocrx_word' id='word_1_805' title='bbox 612 5825 772 5879; x_wconf 76' lang='grc' dir='ltr'>παντὶ</span> <span class='ocrx_word' id='word_1_806' title='bbox 796 5823 1083 5894; x_wconf 77' lang='grc' dir='ltr'>προϐάλλει</span> <span class='ocrx_word' id='word_1_807' title='bbox 1098 5822 1290 5895; x_wconf 78' lang='grc' dir='ltr'>καιρῷ,</span> <span class='ocrx_word' id='word_1_808' title='bbox 1312 5819 1424 5876; x_wconf 72' lang='grc' dir='ltr'>ἀλλ’</span> <span class='ocrx_word' id='word_1_809' title='bbox 1442 5821 1566 5875; x_wconf 80' lang='grc' dir='ltr'>ὅταν</span> <span class='ocrx_word' id='word_1_810' title='bbox 1594 5815 1951 5889; x_wconf 75' lang='grc' dir='ltr'>προαίσθηται</span> <span class='ocrx_word' id='word_1_811' title='bbox 1976 5815 2068 5869; x_wconf 77' lang='grc' dir='ltr'><strong>τοῦ</strong></span> <span class='ocrx_word' id='word_1_812' title='bbox 2086 5815 2167 5871; x_wconf 70' lang='grc' dir='ltr'><strong>ἀέ-</strong></span> 
     </span>
    </p>
   </div>
   <div class='ocr_carea' id='block_1_108' title="bbox 2266 4603 3819 4684">
    <p class='ocr_par' dir='ltr' id='par_1_108' title="bbox 2266 4603 3819 4684">
     <span class='ocr_line' id='line_1_108' title="bbox 2266 4603 3819 4684; baseline -0.003 -18"><span class='ocrx_word' id='word_1_813' title='bbox 2266 4609 2327 4666; x_wconf 79' lang='lat' dir='ltr'><strong>Ei</strong></span> <span class='ocrx_word' id='word_1_814' title='bbox 2377 4614 2432 4667; x_wconf 84' lang='grc' dir='ltr'>δὲ</span> <span class='ocrx_word' id='word_1_815' title='bbox 2487 4614 2702 4677; x_wconf 82' lang='grc' dir='ltr'>πλείους</span> <span class='ocrx_word' id='word_1_816' title='bbox 2751 4613 3064 4684; x_wconf 81' lang='grc' dir='ltr'>ὲπάρδοιεν,</span> <span class='ocrx_word' id='word_1_817' title='bbox 3112 4603 3369 4681; x_wconf 73' lang='grc' dir='ltr'>ἀφθονίαν</span> <span class='ocrx_word' id='word_1_818' title='bbox 3415 4603 3509 4664; x_wconf 72' lang='grc' dir='ltr'><strong>τοῦ</strong></span> <span class='ocrx_word' id='word_1_819' title='bbox 3557 4610 3819 4682; x_wconf 74' lang='grc' dir='ltr'>ῥεύματος</span> 
     </span>
    </p>
   </div>
   <div class='ocr_carea' id='block_1_109' title="bbox 2262 4695 3817 4777">
    <p class='ocr_par' dir='ltr' id='par_1_109' title="bbox 2262 4695 3817 4777">
     <span class='ocr_line' id='line_1_109' title="bbox 2262 4695 3817 4777; baseline -0.003 -20"><span class='ocrx_word' id='word_1_820' title='bbox 2262 4704 2402 4777; x_wconf 82' lang='grc' dir='ltr'>ὁρῶν</span> <span class='ocrx_word' id='word_1_821' title='bbox 2443 4703 2517 4768; x_wconf 84' lang='grc' dir='ltr'>ὡς</span> <span class='ocrx_word' id='word_1_822' title='bbox 2562 4703 2875 4775; x_wconf 76' lang='grc' dir='ltr'>φιλοτησίας</span> <span class='ocrx_word' id='word_1_823' title='bbox 2912 4704 3054 4767; x_wconf 82' lang='grc' dir='ltr'>τινὸς</span> <span class='ocrx_word' id='word_1_824' title='bbox 3087 4703 3144 4770; x_wconf 79' lang='grc' dir='ltr'><strong>ἐξ</strong></span> <span class='ocrx_word' id='word_1_825' title='bbox 3192 4695 3366 4756; x_wconf 78' lang='grc' dir='ltr'>αὐτῶν</span> <span class='ocrx_word' id='word_1_826' title='bbox 3398 4700 3817 4773; x_wconf 78' lang='grc' dir='ltr'>μεταλαμϐάνει,</span> 
     </span>
    </p>
   </div>
   <div class='ocr_carea' id='block_1_110' title="bbox 2263 4795 2742 4867">
    <p class='ocr_par' dir='ltr' id='par_1_110' title="bbox 2263 4795 2742 4867">
     <span class='ocr_line' id='line_1_110' title="bbox 2263 4795 2742 4867; baseline -0.002 -16"><span class='ocrx_word' id='word_1_827' title='bbox 2263 4798 2357 4851; x_wconf 65' lang='grc' dir='ltr'>καὶ</span> <span class='ocrx_word' id='word_1_828' title='bbox 2386 4795 2526 4850; x_wconf 86' lang='grc' dir='ltr'>πίνει</span> <span class='ocrx_word' id='word_1_829' title='bbox 2554 4797 2742 4867; x_wconf 77' lang='grc' dir='ltr'>ἡδέως.</span> 
     </span>
    </p>
   </div>
   <div class='ocr_carea' id='block_1_111' title="bbox 2330 4882 3821 4954">
    <p class='ocr_par' dir='ltr' id='par_1_111' title="bbox 2330 4882 3821 4954">
     <span class='ocr_line' id='line_1_111' title="bbox 2330 4882 3821 4954; baseline -0.005 -10"><span class='ocrx_word' id='word_1_830' title='bbox 2330 4890 2450 4944; x_wconf 87' lang='lat' dir='ltr'><strong>Col.</strong></span> <span class='ocrx_word' id='word_1_831' title='bbox 2485 4888 2610 4948; x_wconf 71' lang='lat'><strong>749.</strong></span> <span class='ocrx_word' id='word_1_832' title='bbox 2635 4888 2729 4943; x_wconf 90' lang='lat' dir='ltr'><strong>lin.</strong></span> <span class='ocrx_word' id='word_1_833' title='bbox 2754 4888 2807 4942; x_wconf 69' lang='grc' dir='ltr'>ι.</span> <span class='ocrx_word' id='word_1_834' title='bbox 2837 4886 2997 4941; x_wconf 83' lang='grc' dir='ltr'>Μετὰ</span> <span class='ocrx_word' id='word_1_835' title='bbox 3017 4885 3084 4941; x_wconf 85' lang='grc' dir='ltr'>δὲ</span> <span class='ocrx_word' id='word_1_836' title='bbox 3113 4887 3227 4954; x_wconf 79' lang='grc' dir='ltr'>τὴν</span> <span class='ocrx_word' id='word_1_837' title='bbox 3254 4884 3359 4939; x_wconf 77' lang='grc' dir='ltr'>τοῦ</span> <span class='ocrx_word' id='word_1_838' title='bbox 3382 4887 3632 4953; x_wconf 79' lang='grc' dir='ltr'>κόσμου.</span> <span class='ocrx_word' id='word_1_839' title='bbox 3669 4882 3821 4939; x_wconf 82' lang='lat' dir='ltr'><strong>Sicut</strong></span> 
     </span>
    </p>
   </div>
   <div class='ocr_carea' id='block_1_112' title="bbox 2262 4972 3820 5052">
    <p class='ocr_par' dir='ltr' id='par_1_112' title="bbox 2262 4972 3820 5052">
     <span class='ocr_line' id='line_1_112' title="bbox 2262 4972 3820 5052; baseline -0.004 -16"><span class='ocrx_word' id='word_1_840' title='bbox 2262 4981 2329 5037; x_wconf 88' lang='lat' dir='ltr'><strong>de</strong></span> <span class='ocrx_word' id='word_1_841' title='bbox 2366 4982 2636 5052; x_wconf 79' lang='lat' dir='ltr'><strong>principio</strong></span> <span class='ocrx_word' id='word_1_842' title='bbox 2671 4986 2725 5034; x_wconf 84' lang='lat' dir='ltr'><strong>et</strong></span> <span class='ocrx_word' id='word_1_843' title='bbox 2762 4980 3037 5035; x_wconf 87' lang='lat' dir='ltr'><strong>creatione</strong></span> <span class='ocrx_word' id='word_1_844' title='bbox 3065 4979 3226 5047; x_wconf 87' lang='lat' dir='ltr'><strong>hujus</strong></span> <span class='ocrx_word' id='word_1_845' title='bbox 3254 4977 3440 5031; x_wconf 84' lang='lat' dir='ltr'><strong>mundi</strong></span> <span class='ocrx_word' id='word_1_846' title='bbox 3488 4977 3652 5031; x_wconf 66' lang='lat' dir='ltr'><strong>variae</strong></span> <span class='ocrx_word' id='word_1_847' title='bbox 3681 4972 3820 5047; x_wconf 83' lang='lat' dir='ltr'><strong>apud</strong></span> 
     </span>
    </p>
   </div>
   <div class='ocr_carea' id='block_1_113' title="bbox 2264 5069 3824 5147">
    <p class='ocr_par' dir='ltr' id='par_1_113' title="bbox 2264 5069 3824 5147">
     <span class='ocr_line' id='line_1_113' title="bbox 2264 5069 3824 5147; baseline -0.004 -18"><span class='ocrx_word' id='word_1_848' title='bbox 2264 5077 2405 5139; x_wconf 86' lang='lat' dir='ltr'><strong>illos,</strong></span> <span class='ocrx_word' id='word_1_849' title='bbox 2438 5075 2638 5147; x_wconf 90' lang='lat' dir='ltr'><strong>quibus</strong></span> <span class='ocrx_word' id='word_1_850' title='bbox 2679 5074 2862 5128; x_wconf 86' lang='lat' dir='ltr'><strong>lumen</strong></span> <span class='ocrx_word' id='word_1_851' title='bbox 2888 5072 3163 5145; x_wconf 85' lang='lat' dir='ltr'><strong>Evangelii</strong></span> <span class='ocrx_word' id='word_1_852' title='bbox 3201 5087 3309 5126; x_wconf 90' lang='lat' dir='ltr'><strong>non</strong></span> <span class='ocrx_word' id='word_1_853' title='bbox 3349 5069 3574 5131; x_wconf 78' lang='lat' dir='ltr'><strong>affulsit,</strong></span> <span class='ocrx_word' id='word_1_854' title='bbox 3605 5079 3824 5123; x_wconf 69' lang='lat' dir='ltr'><strong>contro-</strong></span> 
     </span>
    </p>
   </div>
   <div class='ocr_carea' id='block_1_114' title="bbox 2264 5161 3826 5235">
    <p class='ocr_par' dir='ltr' id='par_1_114' title="bbox 2264 5161 3826 5235">
     <span class='ocr_line' id='line_1_114' title="bbox 2264 5161 3826 5235; baseline -0.006 -13"><span class='ocrx_word' id='word_1_855' title='bbox 2264 5185 2435 5224; x_wconf 71' lang='lat' dir='ltr'><strong>versa:</strong></span> <span class='ocrx_word' id='word_1_856' title='bbox 2467 5166 2745 5223; x_wconf 57' lang='lat' dir='ltr'><strong>sententia</strong></span> <span class='ocrx_word' id='word_1_857' title='bbox 2772 5164 2944 5229; x_wconf 85' lang='lat' dir='ltr'><strong>fuere,</strong></span> <span class='ocrx_word' id='word_1_858' title='bbox 2980 5180 3102 5235; x_wconf 72' lang='lat' dir='ltr'><strong>quae</strong></span> <span class='ocrx_word' id='word_1_859' title='bbox 3141 5178 3330 5218; x_wconf 78' lang='lat' dir='ltr'><strong>omnes</strong></span> <span class='ocrx_word' id='word_1_860' title='bbox 3356 5178 3386 5215; x_wconf 90' lang='lat' dir='ltr'><strong>a</strong></span> <span class='ocrx_word' id='word_1_861' title='bbox 3426 5161 3651 5215; x_wconf 73' lang='lat' dir='ltr'><strong>veritate</strong></span> <span class='ocrx_word' id='word_1_862' title='bbox 3674 5162 3826 5230; x_wconf 80' lang='lat' dir='ltr'><strong>aber-</strong></span> 
     </span>
    </p>
   </div>
   <div class='ocr_carea' id='block_1_115' title="bbox 2263 5250 3824 5327">
    <p class='ocr_par' dir='ltr' id='par_1_115' title="bbox 2263 5250 3824 5327">
     <span class='ocr_line' id='line_1_115' title="bbox 2263 5250 3824 5327; baseline -0.006 -10"><span class='ocrx_word' id='word_1_863' title='bbox 2263 5269 2491 5327; x_wconf 85' lang='lat' dir='ltr'><strong>rarunt;</strong></span> <span class='ocrx_word' id='word_1_864' title='bbox 2529 5261 2601 5314; x_wconf 87' lang='lat' dir='ltr'><strong>ita</strong></span> <span class='ocrx_word' id='word_1_865' title='bbox 2631 5270 2684 5315; x_wconf 89' lang='lat' dir='ltr'><strong>et</strong></span> <span class='ocrx_word' id='word_1_866' title='bbox 2723 5260 2777 5313; x_wconf 90' lang='lat' dir='ltr'><strong>in</strong></span> <span class='ocrx_word' id='word_1_867' title='bbox 2808 5260 3083 5313; x_wconf 89' lang='lat' dir='ltr'><strong>creatione</strong></span> <span class='ocrx_word' id='word_1_868' title='bbox 3129 5250 3365 5312; x_wconf 90' lang='lat' dir='ltr'><strong>hominis</strong></span> <span class='ocrx_word' id='word_1_869' title='bbox 3407 5254 3543 5308; x_wconf 77' lang='lat' dir='ltr'><strong>varii</strong></span> <span class='ocrx_word' id='word_1_870' title='bbox 3578 5253 3824 5308; x_wconf 88' lang='lat' dir='ltr'><strong>dissidiis</strong></span> 
     </span>
    </p>
   </div>
   <div class='ocr_carea' id='block_1_116' title="bbox 2265 5341 3824 5424">
    <p class='ocr_par' dir='ltr' id='par_1_116' title="bbox 2265 5341 3824 5424">
     <span class='ocr_line' id='line_1_116' title="bbox 2265 5341 3824 5424; baseline -0.006 -15"><span class='ocrx_word' id='word_1_871' title='bbox 2265 5357 2587 5424; x_wconf 83' lang='lat' dir='ltr'><strong>semetipsos</strong></span> <span class='ocrx_word' id='word_1_872' title='bbox 2631 5360 2914 5407; x_wconf 80' lang='lat' dir='ltr'><strong>vexarunt.</strong></span> <span class='ocrx_word' id='word_1_873' title='bbox 2963 5350 3191 5417; x_wconf 84' lang='lat' dir='ltr'><strong>Quidam</strong></span> <span class='ocrx_word' id='word_1_874' title='bbox 3230 5341 3377 5403; x_wconf 87' lang='lat' dir='ltr'><strong>enim</strong></span> <span class='ocrx_word' id='word_1_875' title='bbox 3421 5356 3671 5401; x_wconf 83' lang='lat' dir='ltr'><strong>naturam</strong></span> <span class='ocrx_word' id='word_1_876' title='bbox 3727 5347 3824 5399; x_wconf 85' lang='lat' dir='ltr'><strong>hu-</strong></span> 
     </span>
    </p>
   </div>
   <div class='ocr_carea' id='block_1_117' title="bbox 2265 5430 3814 5509">
    <p class='ocr_par' dir='ltr' id='par_1_117' title="bbox 2265 5430 3814 5509">
     <span class='ocr_line' id='line_1_117' title="bbox 2265 5430 3814 5509; baseline -0.008 -10"><span class='ocrx_word' id='word_1_877' title='bbox 2265 5461 2480 5499; x_wconf 87' lang='lat' dir='ltr'><strong>manam</strong></span> <span class='ocrx_word' id='word_1_878' title='bbox 2509 5452 2764 5498; x_wconf 82' lang='lat' dir='ltr'><strong>aeternam</strong></span> <span class='ocrx_word' id='word_1_879' title='bbox 2801 5450 3217 5497; x_wconf 79' lang='lat' dir='ltr'><strong>asseverarunt:</strong></span> <span class='ocrx_word' id='word_1_880' title='bbox 3251 5435 3339 5493; x_wconf 85' lang='lat' dir='ltr'><strong>alii</strong></span> <span class='ocrx_word' id='word_1_881' title='bbox 3368 5440 3603 5509; x_wconf 90' lang='lat' dir='ltr'><strong>primum</strong></span> <span class='ocrx_word' id='word_1_882' title='bbox 3646 5430 3701 5490; x_wconf 91' lang='lat' dir='ltr'><strong>in</strong></span> <span class='ocrx_word' id='word_1_883' title='bbox 3731 5433 3814 5487; x_wconf 79' lang='lat' dir='ltr'><strong>At-</strong></span> 
     </span>
    </p>
   </div>
   <div class='ocr_carea' id='block_1_118' title="bbox 2265 5525 3822 5599">
    <p class='ocr_par' dir='ltr' id='par_1_118' title="bbox 2265 5525 3822 5599">
     <span class='ocr_line' id='line_1_118' title="bbox 2265 5525 3822 5599; baseline -0.011 -6"><span class='ocrx_word' id='word_1_884' title='bbox 2265 5540 2374 5593; x_wconf 88' lang='lat' dir='ltr'><strong>tica</strong></span> <span class='ocrx_word' id='word_1_885' title='bbox 2410 5547 2568 5592; x_wconf 87' lang='lat' dir='ltr'><strong>natos</strong></span> <span class='ocrx_word' id='word_1_886' title='bbox 2599 5537 2767 5592; x_wconf 79' lang='lat' dir='ltr'><strong>fuisse</strong></span> <span class='ocrx_word' id='word_1_887' title='bbox 2809 5537 3091 5599; x_wconf 87' lang='lat' dir='ltr'><strong>homines;</strong></span> <span class='ocrx_word' id='word_1_888' title='bbox 3124 5534 3212 5587; x_wconf 91' lang='lat' dir='ltr'><strong>alii</strong></span> <span class='ocrx_word' id='word_1_889' title='bbox 3256 5535 3310 5587; x_wconf 82' lang='lat' dir='ltr'><strong>in</strong></span> <span class='ocrx_word' id='word_1_890' title='bbox 3342 5530 3612 5593; x_wconf 80' lang='lat' dir='ltr'><strong>Arcadia;</strong></span> <span class='ocrx_word' id='word_1_891' title='bbox 3642 5526 3733 5581; x_wconf 87' lang='lat' dir='ltr'><strong>alii</strong></span> <span class='ocrx_word' id='word_1_892' title='bbox 3774 5525 3822 5577; x_wconf 87' lang='lat' dir='ltr'><strong>in</strong></span> 
     </span>
    </p>
   </div>
   <div class='ocr_carea' id='block_1_119' title="bbox 2265 5615 3821 5699">
    <p class='ocr_par' dir='ltr' id='par_1_119' title="bbox 2265 5615 3821 5699">
     <span class='ocr_line' id='line_1_119' title="bbox 2265 5615 3821 5699; baseline -0.012 -15"><span class='ocrx_word' id='word_1_893' title='bbox 2265 5628 2519 5699; x_wconf 71' lang='lat' dir='ltr'><strong>.Egypto.</strong></span> <span class='ocrx_word' id='word_1_894' title='bbox 2544 5617 2939 5687; x_wconf 84' lang='lat' dir='ltr'><strong>Theodoretus.</strong></span> <span class='ocrx_word' id='word_1_895' title='bbox 2966 5615 3134 5679; x_wconf 69' lang='grc' dir='ltr'>(ἔναιε.</span> <span class='ocrx_word' id='word_1_896' title='bbox 3158 5617 3331 5692; x_wconf 72' lang='lat' dir='ltr'><strong>a/fec&#39;t.</strong></span> <span class='ocrx_word' id='word_1_897' title='bbox 3355 5621 3447 5675; x_wconf 91' lang='lat' dir='ltr'><strong>lib.</strong></span> <span class='ocrx_word' id='word_1_898' title='bbox 3472 5637 3503 5671; x_wconf 85' lang='lat' dir='ltr'><strong>v</strong></span> <span class='ocrx_word' id='word_1_899' title='bbox 3523 5636 3538 5685; x_wconf 85' lang='lat'><strong>;</strong></span> <span class='ocrx_word' id='word_1_900' title='bbox 3557 5616 3821 5678; x_wconf 80' lang='lat' dir='ltr'><strong>Justinus.</strong></span> 
     </span>
    </p>
   </div>
   <div class='ocr_carea' id='block_1_120' title="bbox 2270 5703 3822 5780">
    <p class='ocr_par' dir='ltr' id='par_1_120' title="bbox 2270 5703 3822 5780">
     <span class='ocr_line' id='line_1_120' title="bbox 2270 5703 3822 5780; baseline -0.01 -7"><span class='ocrx_word' id='word_1_901' title='bbox 2270 5718 2476 5775; x_wconf 84' lang='lat' dir='ltr'><strong>Histor.</strong></span> <span class='ocrx_word' id='word_1_902' title='bbox 2510 5718 2604 5774; x_wconf 87' lang='lat' dir='ltr'><strong>lib.</strong></span> <span class='ocrx_word' id='word_1_903' title='bbox 2638 5727 2699 5780; x_wconf 84' lang='lat' dir='ltr'><strong>ll,</strong></span> <span class='ocrx_word' id='word_1_904' title='bbox 2729 5716 3000 5770; x_wconf 52' lang='lat' dir='ltr'><strong>diuturna</strong></span> <span class='ocrx_word' id='word_1_905' title='bbox 3019 5714 3381 5769; x_wconf 83' lang='lat' dir='ltr'><strong>contentionis</strong></span> <span class='ocrx_word' id='word_1_906' title='bbox 3424 5710 3567 5763; x_wconf 78' lang='lat' dir='ltr'><strong>inter</strong></span> <span class='ocrx_word' id='word_1_907' title='bbox 3594 5703 3822 5777; x_wconf 84' lang='lat' dir='ltr'><strong>Scythas</strong></span> 
     </span>
    </p>
   </div>
   <div class='ocr_carea' id='block_1_121' title="bbox 2268 5800 3821 5882">
    <p class='ocr_par' dir='ltr' id='par_1_121' title="bbox 2268 5800 3821 5882">
     <span class='ocr_line' id='line_1_121' title="bbox 2268 5800 3821 5882; baseline -0.013 -12"><span class='ocrx_word' id='word_1_908' title='bbox 2268 5822 2319 5871; x_wconf 80' lang='lat' dir='ltr'><strong>et</strong></span> <span class='ocrx_word' id='word_1_909' title='bbox 2364 5810 2647 5882; x_wconf 69' lang='lat' dir='ltr'><strong>IEgyptios</strong></span> <span class='ocrx_word' id='word_1_910' title='bbox 2684 5808 2750 5862; x_wconf 88' lang='lat' dir='ltr'><strong>de</strong></span> <span class='ocrx_word' id='word_1_911' title='bbox 2787 5808 3003 5880; x_wconf 80' lang='lat' dir='ltr'><strong>generis</strong></span> <span class='ocrx_word' id='word_1_912' title='bbox 3031 5807 3297 5863; x_wconf 79' lang='lat' dir='ltr'><strong>vetustate</strong></span> <span class='ocrx_word' id='word_1_913' title='bbox 3334 5800 3617 5868; x_wconf 76' lang='lat' dir='ltr'><strong>meminit;</strong></span> <span class='ocrx_word' id='word_1_914' title='bbox 3643 5805 3697 5854; x_wconf 87' lang='lat' dir='ltr'><strong>et</strong></span> <span class='ocrx_word' id='word_1_915' title='bbox 3731 5808 3821 5850; x_wconf 78' lang='lat' dir='ltr'><strong>eo-</strong></span> 
     </span>
    </p>
   </div>
  </div>
