4064 6290
344 389 452 447 969

1330 377 1392 429 ΙΝ
1435 372 1803 428 EUS'I‘ATllll
1842 344 2316 424 liEXABMERUN
2356 366 2584 419 ΝυΊΑεῖ.

3478 362 3582 419 970

348 522 469 563 rum
500 500 1118 577 argumentis‘expositis
1154 498 1424 570 Egyptiis
1469 495 1742 567 superatis
1768 492 1908 548 anti-
1938 498 1978 552 A
2009 506 2131 546 nem
2180 494 2554 560 comparatum
2610 486 3013 557 exprimerent?
3063 484 3303 542 futurum
3348 503 3584 560 namque

348 598 569 669 quiores
608 593 840 665 Scythas
866 606 1078 661 semper
1099 590 1249 646 visos
1273 596 1480 643 narrat.

420 687 543 743 Col.
576 684 703 751 749,
735 684 847 741 lin.‘
866 684 919 738 5.
964 680 1048 747 Τῷ
1075 680 1191 750 μὲν
1236 677 1444 748 θερμῷ.
1492 675 1728 733 Necesse
1764 675 1908 732 enim

2013 595 2097 643 est
2129 594 2188 641 ut
2219 586 2420 657 pariter
2445 584 2638 640 caelum
2667 583 2772 638 hoc
2804 581 3058 647 volubile,
3086 589 3232 637 terra
3270 583 3585 640 mutationi-

2015 681 2116 736 bus
2139 678 2394 741 obnoxia,
2424 683 2622 732 cuncta
2649 675 2882 745 denique
2907 675 2992 730 his
3015 676 3429 745 comprehensa,
3456 691 3583 731 cum

348 785 489 841 erat,
531 784 588 830 ut
605 774 772 829 homo
788 779 932 843 apte,
961 786 1026 826 ac
1055 776 1351 840 temperate
1379 766 1824 831 constitueretur,
1845 781 1912 820 ne
2016 788 2081 827 eo
2109 772 2227 840 ipso
2286 770 2428 842 quod
2488 769 2692 832 ambit,
2755 767 3007 822 universa
3052 769 3340 823 inteream.
3378 766 3583 824 verum

352 869 673 940 urgentibus
699 865 990 920 humerum
1024 863 1155 916 hinc
1193 860 1318 915 inde
1343 858 1683 926 diﬂ'erentiis,
1709 865 1764 914 et
1783 873 1915 912 con-

354 958 725 1014 trarietatibus
754 944 1051 1012 distractus
1069 954 1386 1026 gravissime
1410 950 1806 1016 offenderetur;
1833 950 1915 1005 sic

350 1055 497 1109 enim
527 1059 809 1124 promptus
838 1058 891 1105 et
923 1049 1140 1113 alacris,
1171 1047 1271 1113 illi,
1328 1045 1394 1100 ad
1423 1045 1565 1116 quod
1600 1052 1716 1100 erat
1733 1051 1913 1108 natus,

354 1146 659 1200 instructus
675 1143 1032 1207 incumberet,
1047 1141 1322 1209 mentique
1336 1138 1631 1195 deserviret
1646 1143 1918 1206 spectator

352 1251 674 1308 superarum
696 1249 896 1298 rerum,
916 1240 1076 1304 atque
1104 1232 1428 1288 caelestium.
1445 1230 1575 1296 Quae
1592 1229 1774 1284 omnia
1798 1229 1918 1284 aliis

355 1329 723 1384 animantibus
752 1328 1012 1398 denegata
1028 1334 1189 1382 sunt:
1213 1334 1266 1381 et
1283 1325 1386 1380 hoc
1412 1325 1627 1395 quidem
1653 1323 1882 1379 calidius
1900 1361 1914 1387 ,

356 1412 586 1490 ideoque
599 1418 938 1483 iracundum,
958 1433 1146 1488 rapax,
1159 1416 1452 1486 superbum
1470 1432 1485 1483 ;
1505 1414 1635 1470 illud
1647 1413 1918 1485 frigidius,

356 1512 587 1582 ideoque
613 1525 798 1581 segne,
827 1508 1173 1580 pestiferum,
1199 1507 1637 1571 somnolentum;
1664 1512 1719 1560 et
1750 1505 1830 1560 sic
1852 1505 1921 1560 de

356 1603 482 1660 aliis
525 1617 815 1673 possumus
855 1601 1246 1672 philosophari.
1279 1599 1495 1671 Optime
1536 1600 1719 1669 itaque
1748 1612 1779 1651 a
1811 1596 1922 1652 Deo

356 1701 598 1751 extrema
629 1709 941 1764 compressa
963 1701 1125 1762 sunt;
1152 1700 1207 1749 et
1229 1693 1390 1748 homo
1416 1693 1485 1747 ab
1509 1691 1657 1747 omni
1689 1698 1842 1762 parte
1866 1690 1920 1743 in

358 1782 534 1844 media
562 1785 794 1858 quadam
831 1784 1008 1855 frigidi
1031 1792 1086 1839 et
1112 1783 1295 1850 calidi,
1320 1782 1449 1839 sicci
1478 1790 1532 1837 et
1558 1781 1765 1836 humidi
1791 1795 1923 1835 con-

357 1876 645 1933 stitutione
656 1874 941 1939 formatus,
960 1873 1183 1929 mirifice
1197 1879 1478 1944 promptus
1492 1870 1559 1926 ad
1578 1878 1733 1927 actus
1755 1882 1935 1927 neces‘

357 1967 534 2023 sarias
563 1966 915 2037 comperitur.
949 1964 1064 2019 lloc
1100 1973 1287 2035 postea
1327 1964 1618 2019 humerum
1664 1971 1926 2034 tempera-

357 2064 597 2111 mentum
628 2055 771 2111 sicut
795 2062 849 2110 et
882 2054 1052 2108 multa
1075 2054 1179 2107 alia
1196 2054 1334 2107 dona
1358 2068 1387 2105 a
1418 2052 1530 2108 Deo
1570 2052 1674 2107 sibi
1705 2051 1922 2116 collata,

358 2157 608 2218 peccato,
642 2157 697 2202 et
725 2146 984 2218 praecepti
1011 2144 1306 2201 violatione
1334 2144 1644 2198 infirmavit.

428 2235 587 2303 lbid.,
618 2236 720 2293 lin.”
755 2236 805 2290 7.
840 2237 1096 2306 Ἕχοντα
1134 2234 1331 2288 πάντα
1372 2231 1443 2287 τὰ
1470 2233 1645 2303 μέρη.
1693 2230 1927 2305 ldeoque'

360 2342 470 2383 non
498 2327 707 2383 insulse
735 2342 836 2382 nec
859 2327 1160 2382 oscitanter
1203 2324 1401 2388 homo,
1440 2341 1633 2393 parvus
1677 2325 1923 2389 mundus,

361 2434 394 2472 a
444 2418 718 2489 plerisque
769 2426 1141 2489 nuncupatur.
1194 2414 1489 2486 Gregorius
1549 2415 1804 2471 Nazianz.
1870 2418 1925 2472 in

360 2509 568 2566 Christi
606 2511 942 2566 natlvitatem
977 2529 992 2566 :
1022 2510 1191 2565 Τοῦτο
1234 2511 1299 2582 δὴ
1339 2508 1614 2581 βουληθεὶς
1635 2509 1927 2580 ὁτεχνιτης

363 2599 728 2666 ἐπιδείξασθαι
748 2600 935 2668 Λόγος,
958 2599 1051 2653 ml.
1075 2599 1210 2663 ζῶον
1233 2600 1290 2653 ἓν
1317 2598 1374 2666 ἐξ
1398 2600 1740 2671 ἀμφοτέρων,
1773 2600 1929 2671 ἀορά-

362 2707 458 2744 του
489 2708 549 2744 τε
579 2691 740 2759 λέγω,
767 2691 861 2745 καὶ
885 2691 1083 2763 ὁρατῆς
1108 2691 1339 2761 φύσεως,
1358 2690 1675 2763 δημιουργεῖ
1708 2690 1799 2745 τὸν
1833 2692 1927 2747 ἄν·

364 2781 612 2856 θρωπονο
663 2782 759 2837 καὶ
802 2781 951 2853 παρὰ
985 2782 1084 2853 μὲν
1116 2783 1216 2854 τῆς
1249 2782 1381 2854 ὕλης
1428 2781 1607 2836 λαϐὼν
1648 2782 1709 2838 τὸ
1750 2782 1925 2854 σῶμα,

365 2874 467 2946 ἤδη
496 2874 929 2945 προῦποστάσης,
963 2874 1092 2945 παρ’
1125 2873 1316 2929 ἑαυτοῦ
1345 2872 1405 2927 δὲ
1426 2872 1570 2945 ζωὴν
1598 2872 1789 2939 ἐνθεὶς,
1811 2873 1839 2926 ὃ
1864 2873 1928 2943 δὴ

366 2971 559 3033 νοεραν
601 2963 777 3035 ψυχὴν
824 2966 916 3018 καὶ
946 2964 1131 3019 εἰκόνα
1165 2963 1297 3018 Θεοῦ
1352 2959 1489 3019 εἶδεν
1525 2967 1553 3017 ὁ
1577 2964 1769 3033 Λόγος,
1817 2957 1929 3018 οἷόν

367 3071 490 3109 τινα
529 3054 729 3125 κόσμον
759 3056 1004 3127 δεύτερον
1045 3058 1103 3110 ὲν
1141 3054 1321 3128 μικρῷ
1359 3055 1527 3126 μέγαν
1572 3056 1665 3109 ἐπὶ
1700 3056 1796 3127 τῆς
1828 3055 1929 3127 γῆς

369 3148 599 3220 ιστησιν,
621 3149 855 3218 ἄγγελον
870 3149 1026 3204 ἄλλον
1049 3148 1423 3222 προσκυνητὴν
1451 3149 1660 3221 μικτὸν,
1689 3147 1928 3219 ὲπόπτην

367 3242 467 3313 τῆς
495 3241 693 3312 ὁρατῆς
724 3243 972 3306 κτίσεως,
1008 3240 1214 3312 μύστην
1242 3239 1341 3310 τῆς
1365 3239 1679 3311 νοουμένης,
1711 3238 1932 3308 βασιλέα

368 3334 477 3389 τῶν
515 3337 607 3390 ἐπὶ
644 3336 767 3405 γῆς,
808 3335 1221 3406 βασιλευόμενον
1266 3332 1505 3397 ἄνωθεν,
1549 3332 1788 3401 ἐπίγειον
1841 3332 1935 3384 καὶ

369 3428 638 3498 οὐράνιον,
665 3428 996 3499 πρόσκαιρον
1021 3428 1116 3481 καὶ
1147 3426 1432 3489 ἀθάνατον,
1460 3425 1651 3496 ὁρατὸν
1682 3423 1775 3478 καὶ
1796 3423 1939 3476 νοού-

375 3532 552 3585 μενον,
586 3514 744 3586 μέσον
782 3515 1043 3585 μεγέθους
1088 3515 1179 3568 καὶ
1216 3514 1617 3584 ταπεινότητος,
1650 3513 1740 3568 τὸν
1776 3513 1936 3568 αὐτὸν

373 3603 589 3673 πνεῦμα
622 3605 715 3657 κού⁵
746 3606 942 3674 σάρκα,
983 3606 1194 3675 πνεῦμα
1218 3605 1304 3657 διὰ
1319 3605 1418 3677 τὴν
1446 3603 1627 3674 χάριν,
1649 3604 1824 3674 σάρκα
1851 3602 1939 3656 διὰ

372 3693 471 3763 τὴν
502 3692 748 3764 ἔπαρσιν,
782 3694 842 3747 τὸ
877 3695 974 3763 μὲν
1005 3695 1091 3747 ἵνα
1129 3694 1283 3765 μένῃ,
1316 3694 1407 3747 καὶ
1432 3690 1625 3763 δοξάζῃ
1666 3692 1756 3745 τὸν
1787 3693 1939 3763 εὐερ-

373 3784 561 3856 γέτην,
580 3784 641 3836 τὺ
668 3783 725 3835 δὲ
749 3784 835 3837 ἵνα
859 3785 1062 3856 πάσχῃ,
1089 3786 1180 3837 καὶ
1210 3785 1413 3853 πάσχον
1437 3784 1936 3855 ὑπομιμνήσκηται,

376 3876 471 3930 καὶ
527 3875 863 3945 παιδεύηται,
903 3876 980 3946 τῷ
1030 3875 1244 3946 μεγέθει
1301 3874 1763 3946 φιλοτιμούμενος,
1804 3873 1939 3938 ζῶον

378 3964 609 4018 ἐνταῦθα
640 3964 1105 4035 οἰκονομούμενον,
1135 3965 1230 4019 καὶ
1257 3963 1488 4035 ἀλλαχοῦ
1533 3963 1936 4036 μεθιστάμενον,

379 4055 473 4107 καὶ
503 4055 673 4126 πέρας
706 4053 796 4108 τοῦ
833 4055 1129 4126 μυστηρίου
1163 4058 1226 4127 τῇ
1261 4055 1394 4127 πρὸς
1423 4055 1553 4108 Θεὸν
1582 4053 1757 4108 νεύσει
1791 4055 1941 4108 θεού-

383 4159 561 4217 μενον.
586 4143 821 4207 Nicetas,
848 4142 1151 4199 Comment.
1174 4147 1227 4199 in
1243 4146 1526 4221 eumdem;
1546 4145 1656 4198 Καὶ
1680 4144 1837 4216 ἔθηκε
1850 4145 1940 4199 τὸν

379 4234 660 4306 ἄνθρωπον
683 4235 775 4287 ἐπὶ
799 4235 896 4305 τῆς
916 4236 1019 4307 γῆς
1049 4235 1221 4305 μέγαν
1244 4235 1443 4307 κόσμον
1465 4240 1522 4289 ὲν
1545 4236 1724 4308 μικρῷ
1753 4236 1941 4306 κόσμῳ

376 4323 456 4397 τῷ
491 4324 747 4398 αἰσθητῷ.
783 4325 991 4399 Μικρὸς
1019 4326 1125 4398 γὰρ
1165 4328 1193 4380 ὁ
1230 4324 1417 4398 παρὼν
1447 4327 1646 4398 κόσμος
1681 4327 1815 4398 πρὸς
1850 4326 1940 4379 τὸν

377 4416 681 4488 ἄνθρωπον,
708 4410 768 4470 οὗ
795 4417 955 4471 ἓνεκα
980 4418 1156 4471 πάντα
1183 4417 1425 4486 ἐγένοντο
1442 4435 1454 4446 ·
1478 4417 1539 4470 τὸ
1560 4417 1667 4489 γὰρ
1691 4410 1751 4470 οὗ
1780 4417 1941 4470 ἕνεκα

2019 869 2202 933 posset
2242 860 2559 915 Eustathius
2608 859 2976 929 respondere:
3030 873 3204 928 neque
3252 858 3423 912 solam
3467 860 3584 913 ani-

2020 970 2181 1020 mam,
2219 968 2392 1024 neque
2468 953 2643 1008 solum
2695 967 2892 1021 corpus
2954 951 3224 1007 hominem
3279 966 3436 1017 esse,
3491 954 3584 1008 sed

2021 1054 2312 1116 utrumque
2363 1059 2531 1098 unum
2581 1042 2792 1099 efficere
2849 1043 3143 1107 hominem,
3194 1043 3288 1114 qui
3337 1045 3585 1114 quamvis

2020 1153 2249 1208 corpore
2297 1137 2457 1191 morti
2507 1136 2772 1193 obnoxius
2821 1136 2984 1199 vivat,
3027 1137 3210 1192 animo
3260 1143 3441 1193 tamen
3483 1133 3615 1192 ἰπὶ-⁸

2024 1229 2290 1293 mortalis,
2339 1227 2652 1298 praestantia
2697 1233 2751 1282 et
2804 1227 3142 1292 excellentia,
3173 1233 3226 1281 et
3269 1228 3490 1294 coelum,
3529 1236 3584 1286 et

2023 1329 2245 1385 terram,
2271 1328 2573 1390 caeteraque
2604 1334 2724 1389 qum
2756 1318 3028 1374 intereunt
3057 1328 3298 1388 superat,
3325 1320 3589 1374 maxima-

2023 1426 2129 1481 que
2155 1411 2208 1464 in
2234 1411 2452 1465 homine
2494 1409 2585 1462 illa
2622 1409 2741 1463 laus
2768 1418 2871 1473 est,
2898 1423 3060 1478 quam
3104 1416 3253 1464 certe
3291 1410 3425 1464 nulli
3457 1426 3588 1465 eon-

2024 1517 2235 1558 cessam
2279 1499 2655 1571 cognovimus,
2688 1498 2746 1553 si
2786 1515 2978 1568 parvus
3010 1500 3232 1554 mundus
3265 1502 3584 1571 appellatur.

2024 1596 2143 1662 Quo
2179 1596 2398 1649 nomine
2423 1607 2534 1647 non
2564 1606 2670 1645 una
2705 1592 2869 1646 totius
2903 1591 3144 1646 universi
3174 1606 3301 1661 pars
3345 1608 3466 1648 esse
3502 1593 3587 1647 vi-

2027 1688 2203 1753 detur,
2244 1686 2337 1743 sed
2366 1692 2559 1749 totum,
2599 1691 2654 1737 et
2694 1699 2882 1739 omnes
2930 1684 3171 1738 omnium
3203 1684 3436 1755 partium
3466 1700 3590 1754 per-

2029 1779 2290 1834 fectiones
2322 1779 2377 1833 in
2407 1792 2464 1832 se
2494 1777 2610 1832 solo
2645 1777 2951 1848 complecti,
2985 1777 3128 1847 quod
3161 1777 3230 1832 de
3280 1777 3401 1831 aliis
3448 1775 3588 1831 aﬂir-

1968 1856 2007 1908 η
2033 1885 2182 1925 mare
2224 1884 2332 1924 non
2362 1883 2671 1939 possumus.
2721 1866 2894 1922 Homo
2932 1867 3077 1922 enim
3133 1868 3306 1933 solus,
3336 1874 3389 1923 et
3425 1867 3586 1931 ecelo,

2025 1969 2077 2016 et
2108 1969 2284 2025 terrae,
2321 1968 2374 2015 et
2409 1959 2662 2015 omnibus
2692 1960 3057 2014 animantibus
3083 1974 3183 2029 par
3224 1975 3345 2016 esse
3377 1960 3594 2031 conspi-

2024 2054 2186 2118 citur,
2215 2060 2270 2108 et
2315 2052 2555 2106 omnium
2595 2052 2824 2105 aliorum
2874 2051 3321 2122 perfectionibus,
3352 2066 3459 2105 una
3504 2050 3589 2105 sui

2026 2143 2198 2199 solius
2242 2141 2526 2212 perfectio,
2570 2156 2681 2195 non
2720 2140 2946 2196 inferior
2980 2140 3291 2212 respondet.
3320 2141 3592 2207 Quemad-

2024 2233 2245 2289 modum
2296 2233 2440 2288 enim
2489 2233 2722 2299 caelum,
2775 2239 2830 2287 et
2882 2233 3142 2287 caelorum
3193 2234 3487 2298 varietate,
3536 2239 3592 2287 et

2025 2334 2270 2380 motuum
2318 2325 2544 2395 perenni
2582 2332 2637 2378 et
2666 2323 2914 2379 ordinata
2955 2339 3231 2389 mensura,
3273 2325 3591 2395 suoque'iu-

2025 2416 2173 2472 ﬂuxu
2200 2425 2420 2474 terrena
2450 2418 2562 2472 haec
2588 2425 2642 2472 et
2685 2415 2830 2472 fovet
2882 2426 2935 2471 et
2962 2416 3077 2482 alit,
3117 2417 3251 2471 nulli
3297 2417 3589 2487 ingratum,

2025 2508 2279 2565 omnibus
2307 2510 2539 2563 amicum
2578 2511 2859 2587 complexu
2896 2523 2996 2563 suo
3029 2508 3299 2575 ambiens;
3334 2509 3415 2563 sic
3452 2515 3505 2563 et
3538 2508 3591 2561 iu

2026 2600 2246 2656 homine
2268 2602 2486 2656 animus
2523 2615 2588 2655 ac
2611 2616 2766 2656 mens
2797 2599 2912 2656 suis
2951 2599 3303 2655 facultatibus
3346 2599 3595 2669 corporis

2028 2700 2211 2765 partes
2238 2682 2611 2760 illuminanda,
2641 2690 2709 2745 ad
2738 2690 2910 2746 cilicia
2953 2706 3223 2761 quamque
3267 2707 3367 2747 sua
3400 2691 3589 2760 impel-

2027 2784 2212 2851 lendo,
2240 2784 2423 2855 dirigit
2449 2792 2504 2839 et
2533 2784 2837 2854 compellat,
2868 2783 3058 2849 vitam,
3107 2785 3354 2854 spiritus,
3391 2792 3592 2847 motus,

2028 2884 2085 2934 et
2130 2886 2384 2933 sexcenta
2425 2876 2529 2930 alia
2553 2876 2879 2947 elargiendo.
2933 2875 3000 2930 Et
3022 2876 3168 2946 quod
3202 2875 3594 2949 admirabilius,

2030 2984 2139 3025 non
2172 2979 2429 3039 tanquam
2452 2968 2580 3039 quid
2610 2978 2780 3034 motu,
2827 2984 2993 3024 sensu
3042 2983 3106 3023 ac
3156 2969 3369 3024 ratione
3403 2984 3596 3024 carens

2031 3060 2101 3116 ad
2147 3061 2489 3131 operationes
2537 3062 2589 3117 vi
2620 3062 2853 3131 quadam
2900 3060 3139 3116 naturali
3191 3061 3444 3126 ducitur,
3501 3061 3596 3116 sed

1956 3184 1999 3241 ρ
2032 3152 2186 3224 prius
2215 3168 2276 3207 re
2316 3153 2609 3216 intellecta,
2636 3152 2853 3208 tandem
2884 3153 2989 3208 sibi
3035 3152 3193 3207 ﬁnem
3224 3152 3496 3222 preponit,
3531 3153 3597 3206 ad

2034 3259 2193 3315 quem
2226 3260 2326 3301 sua
2358 3244 2564 3314 dirigit,
2595 3258 2703 3297 non
2726 3243 3099 3307 coactus,'sed
3135 3242 3294 3308 liber,
3338 3258 3402 3297 ac
3433 3243 3598 3297 veluti

2036 3335 2288 3391 dominus
2315 3334 2581 3390 ministris
2610 3341 2670 3388 ut
2696 3334 2802 3389 sibi
2823 3332 3089 3402 placuerit
3119 3334 3411 3403 imperans.
3438 3331 3596 3399 Quod

2036 3428 2172 3484 nulli
2211 3427 2300 3482 alii
2324 3440 2643 3483 concessum
2678 3432 2780 3490 est,
2814 3432 3024 3481 tantum
3057 3424 3211 3480 abest
3250 3434 3309 3477 ut
3357 3425 3517 3494 pulici
3543 3412 3597 3478 et

2037 3520 2200 3574 muri.
2253 3517 2373 3584 Quo
2413 3518 2680 3586 praeconio
2733 3532 2798 3572 ac
2844 3516 3003 3571 laude
3044 3515 3173 3586 quid
3218 3519 3601 3586 praestantius?

2038 3612 2168 3683 quid
2194 3612 2496 3667 excelsius?

2110 3701 2268 3767 lbid.,
2297 3702 2392 3755 lin.
2432 3701 2484 3755 8.
2521 3700 2746 3769 ’Ὠσπερ
2780 3700 2888 3769 γὰρ
2913 3700 2952 3767 ἡ
2977 3698 3076 3768 γῆ.
3096 3698 3246 3753 Haud
3277 3699 3476 3762 dubiis,
3503 3698 3599 3754 sed

2048 3793 2374 3849 certissimis
2430 3790 2733 3846 rationibus
2782 3796 2998 3844 constat
3040 3797 3236 3844 terram
3274 3789 3462 3844 mundi
3509 3797 3600 3842 to-

2043 3887 2156 3941 tius
2193 3884 2445 3949 mediam,
2493 3892 2546 3938 et
2586 3883 2741 3952 quasi
2789 3891 3052 3937 centrum.
3106 3880 3335 3948 Plinius,
3372 3882 3409 3936 Ι.
3444 3873 3515 3947 ιι,
3548 3898 3599 3941 c.

2041 3976 2130 4042 69,
2163 3976 2410 4047 plurimis
2443 3975 2496 4029 id
2525 3974 2856 4045 argumentis
2884 3973 3150 4043 probavit.
3185 3972 3367 4028 Primo
3393 3989 3460 4028 ex
3489 3990 3604 4029 cer-

2041 4067 2111 4123 tis
2144 4067 2295 4122 horis
2345 4064 2675 4136 aequinoctii,
2729 4065 2970 4119 secundo
3003 4080 3069 4119 ex
3102 4064 3348 4135 dioptris,
3384 4080 3480 4119 seu
3514 4066 3600 4119 in—

2043 4165 2464 4213 strumentorum
2508 4156 2749 4227 regulis;
2800 4156 2959 4211 tertio
3003 4171 3035 4209 a
3077 4156 3348 4212 solstitiali
3387 4164 3598 4212 exortu.

2043 4248 2375 4315 Cleomedcs,
2425 4249 2518 4303 lib.
2555 4264 2574 4302 1
2609 4247 2852 4312 Meteon,
2884 4248 3154 4304 uberrime
3198 4247 3254 4303 id
3293 4247 3435 4303 idem
3476 4264 3605 4320 pro-

2044 4340 2136 4395 bat
2176 4341 2244 4395 ab
2290 4341 2602 4395 umbrarum
2648 4338 2983 4396 differentiis.
3024 4339 3365 4407 Aristoteles,
3416 4340 3510 4396 lib.
3562 4357 3603 4395 ιι

2043 4431 2121 4485 De
2148 4432 2297 4497 caelo,
2325 4447 2445 4501 cap.
2489 4433 2576 4497 14,
2609 4432 2854 4502 pluribus
2903 4433 3223 4500 confirmat;
3274 4440 3328 4488 et
3375 4433 3470 4489 lib.
3526 4433 3604 4488 De

383 4505 564 4578 μεῖζον
584 4508 678 4560 καὶ
711 4506 1030 4579 τιμιώτερον
1048 4524 1062 4538 °
1094 4509 1187 4560 καὶ
1214 4499 1510 4579 κατέστησε
1537 4508 1626 4560 τὸν
1658 4508 1931 4579 ἄνθρωποι

2045 4525 2227 4578 mundi
2256 4499 2463 4594 fabrica
2507 4524 2575 4578 ad
2609 4499 2878 4580 _Alesand.
2912 4522 3065 4580 Unde
3110 4499 3397 4582 Lucretius
3421 4534 3603 4596 poeta,

383 4596 601 4668 βασιλέα
635 4596 742 4649 τῶν
779 4597 882 4650 ὑπὸ
908 4596 1004 4669 τὴν
1029 4597 1253 4669 σελήνην
1288 4597 1559 4663 ἁπάντων,
1593 4598 1679 4652 ἵνα
1705 4598 1934 4670 δεσπόζῃ

379 4686 490 4743 τῶν
520 4688 611 4741 ὑπ’
658 4687 819 4742 αὐτοῦ
859 4689 1159 4759 γενομένων
1194 4689 1527 4759 κτισμάτων.
1582 4687 1719 4745 Vide
1765 4689 1939 4760 Chry-

379 4786 680 4834 sostomum
710 4794 960 4835 sermone
1012 4780 1069 4834 in
1101 4796 1349 4851 magnam
1381 4778 1736 4837 Parasceven.
1769 4778 1939 4836 Geor-

383 4868 506 4941 gius
536 4869 764 4937 Pisides,
801 4870 875 4923 De
904 4870 1133 4924 vanitate
1153 4872 1270 4926 vita,
1288 4910 1304 4934 ,

481 4961 741 5037 Σμικρὸς
765 4962 875 5032 γάρ
893 4964 1021 5017 ἐστι
1040 4964 1265 5033 κόσμος
1288 4961 1599 5030 ἀνθρώπου
1631 4964 1832 5033 φύσις.

455 5052 747 5124 Gregorius
789 5061 971 5108 tamen
1011 5052 1309 5125 Nyssenus,
1342 5053 1417 5108 De
1457 5055 1661 5123 api/icio
1698 5055 1939 5121 hominis,

387 5159 509 5216 cap.
556 5145 644 5209 16,
672 5145 887 5200 videtur
916 5147 1222 5216 improbare
1256 5163 1442 5202 eorum
1486 5149 1815 5219 opinionem,
1849 5151 1942 5220 qui

388 5250 513 5290 eum
538 5237 808 5292 hominem
830 5236 1319 5302 vellentextollere,
1337 5241 1456 5309 ejus
1479 5256 1601 5295 cum
1621 5241 1721 5295 hoc
1743 5242 1943 5296 mundo

390 5326 539 5382 facta
556 5327 867 5393 collatione,
892 5344 1109 5398 parvum
1125 5329 1375 5383 mundum
1393 5321 1656 5385 vocavere
1676 5348 1691 5396 ;
1721 5329 1943 5400 indigna

387 5419 534 5474 enim
603 5418 854 5473 humanae
914 5419 1250 5475 excellentiae
1322 5420 1753 5491 imaginabatur,
1821 5436 1942 5475 cum

390 5509 506 5564 hate
563 5509 674 5565 sint
721 5510 1050 5576 communia,
1099 5517 1152 5566 et
1201 5512 1361 5566 culici
1410 5520 1464 5568 et
1504 5515 1666 5576 muri,
1714 5528 1837 5567 cum
1892 5520 1946 5567 et

390 5600 507 5656 haec
533 5616 599 5657 ex
629 5608 863 5671 quatuor
900 5611 1152 5656 constent
1190 5601 1491 5666 elementis,
1523 5610 1577 5658 et
1617 5618 1779 5658 sensu
1810 5619 1947 5674 prve-

390 5691 504 5748 dita
553 5692 682 5748 sint.
721 5692 861 5759 Quid
903 5693 1027 5749 inde
1063 5693 1283 5763 dignum
1310 5694 1527 5750 homine
1568 5695 1944 5766 loquebantur,

390 5783 520 5841 dum
556 5785 823 5841 hominem
861 5785 928 5840 ad
972 5785 1156 5840 mundi
1206 5786 1491 5854 imaginem
1539 5794 1594 5843 et
1638 5787 1949 5845 similitudin

665 5881 932 5942 Ρλτιιοι..
979 5880 1094 5943 Gn.
1141 5880 1373 5945 XVlll.

1954 5966 1959 5971 .
1978 5960 2039 5975 ο..-

2040 4617 2133 4671 lib.
2166 4632 2200 4671 v
2233 4636 2247 4672 :

2113 4731 2373 4805 Terraque
2403 4741 2460 4786 ut
2488 4733 2545 4805 iit
2568 4733 2741 4805 medie
2754 4733 2941 4805 mundi
2970 4735 3174 4803 regione
3197 4736 3451 4805 quiescat,

2109 4802 2361 4874 Partibus
2386 4804 2551 4857 aereis
2581 4802 2783 4866 mundi,
2814 4804 2998 4874 quibus
3025 4802 3218 4867 insita,
3232 4807 3375 4860 vivit.

2113 4872 2395 4945 (fropterea
2418 4889 2519 4927 non
2543 4882 2622 4945 est
2650 4872 2998 4945 oneri,‘neque
3017 4874 3263 4945 deprimit
3292 4893 3471 4937 auras.

2116 4940 2183 4995 Ut
2211 4940 2311 4997 sua
2336 4945 2519 5012 cuique
2549 4944 2745 4997 homini
2782 4940 2927 4997 nullo
2957 4947 3062 4998 sint
3081 4940 3320 5015 'pondere
3352 4946 3605 5002 membra.

2043 5051 2298 5107 Plurimis
2345 5052 2412 5108 de
2458 5053 2562 5107 hac
2609 5068 2671 5108 re
2723 5052 3052 5123 philosophi.
3108 5055 3244 5112 Illud
3292 5066 3472 5114 tamen
3513 5057 3603 5121 hic

2042 5143 2342 5198 notandum
2387 5160 2454 5200 ex
2490 5145 2591 5199 hoc
2639 5152 3133 5217 auctore,,terram
3178 5165 3209 5204 a
3254 5150 3465 5205 duobus
3494 5150 3605 5205 ele-

2045 5236 2263 5301 mentis,
2296 5250 2421 5291 aere
2464 5237 2669 5293 scilicet
2699 5245 2752 5292 et
2788 5254 2960 5310 aqua,
2999 5240 3312 5323 circumagi.
3345 5240 3604 5308 Quamvis

2046 5325 2189 5379 enim
2237 5340 2400 5395 supra
2435 5332 2635 5379 terram
2683 5341 2852 5397 aquas
2897 5328 3124 5385 diffundi
3168 5345 3391 5387 necesse
3434 5338 3600 5395 esset,

2048 5424 2227 5471 tamen
2274 5416 2326 5470 id
2371 5416 2552 5471 divina
2597 5420 2891 5490 contigisse
2925 5422 3304 5492 providentia:
3344 5438 3415 5478 ne
3447 5424 3606 5494 aquis

2049 5522 2149 5563 nos
2176 5508 2422 5563 homines
2464 5510 2703 5564 obvoluti
2749 5512 3135 5569 suffocaremur
3171 5514 3467 5574 intercluso
3496 5518 3609 5588 spi-

2051 5600 2182 5662 ritu,
2216 5598 2309 5655 sed
2339 5615 2462 5656 aere
2491 5601 2822 5659 circumfuso
2856 5606 3206 5674 spiraremus.

2120 5690 2278 5757 lbid.,
2332 5692 2428 5747 lin.
2493 5693 2580 5748 il.
2636 5695 2798 5748 Οὕτω
2841 5694 2917 5763 δὴ
2955 5696 3053 5750 καὶ
3094 5701 3127 5751 ὀ
3180 5697 3276 5755 ἄν.
3325 5698 3402 5756 De
3443 5701 3612 5769 admi,

2053 5785 2223 5841 raeda
2267 5786 2501 5843 hominis
2536 5796 2808 5844 structura
2847 5789 3001 5859 plura
3047 5793 3253 5863 antiqui
3286 5794 3614 5868 philosoplis

3185 5888 3251 5947 3i
