4064 6290
535 334 639 395 971

1801 333 2052 392 LEONIS
2091 330 2368 387 ALLATll

3661 330 3781 387 971

532 455 587 501 et
611 444 801 500 Patres
848 444 1079 502 Basilius
1136 443 1393 518 Magnus,
1440 445 1732 518 Gregorius
1775 443 2057 516 Nyssenus
2077 484 2092 508 ,
2125 458 2165 514 Α
2197 428 2555 497 abhorruisse
2585 442 2872 512 aliquando
2900 440 3134 507 videtur,
3155 441 3460 497 Comment.
3491 457 3647 511 super
3666 441 3781 498 Ec-

532 537 766 595 Basilius
819 536 1131 602 Seleucius,
1174 536 1491 602 Nemesius,
1537 537 1880 599 Ambrosius.
1923 535 2095 593 Geor—

529 630 652 701 gius
674 628 904 692 Pisides,
934 629 1005 682 ita
1037 638 1093 682 ut
1121 628 1344 683 minime
1373 643 1550 700 operae
1580 630 1811 699 pretium
1838 629 1909 683 sit
1934 629 2095 698 plura

533 720 592 776 in
619 720 810 775 horum
839 716 1107 773 dictorum
1165 720 1575 790 explicationem
1614 733 1926 789 congerere.
1962 716 2097 775 Vide

530 820 788 885 prteterea
833 810 1097 867 Galenum
1153 812 1229 867 De
1269 830 1367 866 usu
1413 814 1666 882 partium,
1715 812 2092 884 Theophilum,

529 906 824 969 Melctium,
850 906 1120 961 Andream
1145 903 1447 960 Vessaliuni
1477 916 1531 960 et
1560 907 1716 961 alios.
2099 967 2105 973 ,

596 997 713 1054 Col.
732 997 853 1061 749,
889 997 983 1052 lin.
1015 997 1103 1051 ~25.
1133 995 1242 1051 Τὸν
1264 996 1574 1065 ἄνθρωπον
1600 998 1667 1051 ἐκ
1692 997 1802 1067 τῆς
1832 996 1963 1068 γῆς.
1985 996 2095 1050 Nn-

527 1090 815 1161 gacissime
846 1089 903 1144 in
936 1089 1036 1143 hac
1072 1105 1131 1143 re
1175 1088 1407 1143 delirant
1448 1086 1839 1154 Mahumetani,
1880 1089 1971 1159 qui
2014 1089 2096 1143 di—

529 1189 660 1235 cunt
696 1178 864 1235 Deum
903 1194 1118 1234 creasse
1170 1178 1431 1232 mundum
1473 1194 1541 1233 ex
1592 1178 1811 1248 pulvere
1854 1179 2093 1234 omnium

528 1273 788 1338 colorum,
822 1281 877 1326 et
910 1271 1173 1325 Adamum
1208 1286 1274 1325 ex
1305 1271 1432 1324 limo
1460 1270 1638 1325 omnis
1668 1270 1883 1341 generis
1916 1277 2092 1325 terra-

525 1380 666 1422 rum.
698 1363 833 1420 Nam
885 1363 930 1417 si
983 1362 1212 1417 fuissent
1263 1362 1424 1416 unius
1476 1360 1829 1431 ejusdemque
1873 1361 2093 1424 coloris,

526 1470 716 1512 omnes
744 1470 833 1510 res
868 1454 1097 1510 invicem
1145 1453 1349 1510 similes
1399 1453 1609 1509 futuras
1649 1453 1836 1516 fuisse,
1870 1468 1970 1508 nec
1997 1453 2095 1505 ho-

523 1551 726 1603 minem
762 1563 927 1602 unum
958 1547 1026 1601 ab
1055 1547 1264 1601 alterno
1297 1546 1504 1601 secerni
1543 1546 1805 1614 potuisse.
1847 1542 2093 1598 Ridicula

523 1646 652 1702 item
697 1652 778 1700 est
828 1642 1144 1698 Mohametis
1172 1642 1415 1698 doctrina
1469 1643 1535 1697 de
1578 1640 1786 1696 factura
1834 1641 2092 1699 hominis.

521 1753 629 1809 qua
660 1738 792 1793 dicit
835 1738 1110 1792 hominem
1158 1752 1224 1792 ex
1254 1736 1441 1805 humo,
1477 1736 1621 1792 stilla
1656 1735 1958 1790 hirundinis
1982 1735 2096 1790 sive

2202 531 2465 594 clesiast.;
2496 530 2809 600 Cajctanus,
2845 533 2899 584 in
2924 531 3115 600 psalm.
3152 545 3362 598 cxxxv;
3400 532 3771 602 Augustinus,

2202 621 2295 675 lib.
2338 636 2375 673 ιι
2408 620 2485 674 De
2523 621 2707 675 Cenes.
2741 621 2809 674 ad
2860 621 2988 685 litt.,
3028 637 3148 692 cap.
3210 622 3299 688 18,
3341 631 3395 676 et
3439 618 3659 676 Enchir.
3697 625 3771 677 ad

2201 711 2562 776 Laurentium,
2596 727 2715 781 cap.
2747 712 2835 767 58.
2889 711 3161 768 Refellunt
3206 728 3327 768 eam
3376 712 3611 769 Basilius
3653 714 3767 769 Ma-

2200 817 2361 873 gnus,
2395 799 2593 857 hom.3
2622 804 2676 856 in
2703 802 2981 870 llexaem.,
3001 813 3054 858 ct
3084 804 3473 867 Damascenus,
3493 804 3587 858 lib.
3621 819 3660 857 ιι
3693 803 3773 857 De

2201 893 2305 959 ﬁde
2326 894 2694 965 orthod.,cap.
2732 896 2785 949 6.
2819 895 2959 962 Quid
2999 894 3070 950 sit
3101 896 3156 950 in
3193 896 3296 949 hac
3330 911 3389 949 re
3425 895 3768 951 sentiendum

2198 986 2401 1052 optime
2431 985 2663 1055 explicat
2698 984 2755 1039 S.
2792 984 3050 1051 Thomas,
3085 1002 3102 1040 ι
3145 994 3312 1055 part.,
3367 996 3557 1056 qurcst.
3590 988 3678 1055 70,
3712 1000 3768 1044 et

2200 1092 2372 1145 nuper
2392 1078 2459 1130 de
2493 1077 2595 1131 hac
2624 1077 2809 1132 eadem
2836 1093 2894 1132 re
2922 1078 3189 1148 singulari
3229 1080 3450 1147 pietate,
3489 1089 3545 1133 et
3581 1068 3770 1134 erudi-

2201 1168 2347 1222 tione
2366 1168 2469 1233 vir,
2497 1174 2551 1222 et
2579 1168 2681 1222 mei
2724 1169 3087 1225 amicissimus
3109 1168 3287 1224 Julius
3317 1170 3497 1225 Caesar
3519 1169 3762 1242 Lagalla,

2200 1258 2440 1312 libellum
2471 1259 2537 1313 de
2567 1258 2669 1313 hac
2690 1275 2749 1315 re
2773 1261 3095 1329 scripserat;
3126 1276 3288 1330 quem
3318 1276 3421 1331 ego
3450 1261 3520 1316 ob
3546 1264 3765 1333 elegan-

2201 1348 2351 1411 tiam,
2393 1355 2447 1402 et
2497 1347 2757 1402 doctrina:
2793 1348 3161 1419 peripatetica:
3198 1364 3466 1404 summam
3491 1353 3763 1420 peritiam,

2197 1439 2324 1493 dum
2350 1438 2720 1510 llaidelbergaz
2742 1428 3130 1504 commorarer,
3154 1442 3393 1496 maximo
3416 1442 3766 1515 philosopho-

2198 1545 2318 1584 rum
2339 1529 2608 1586 desiderio
2626 1531 2892 1586 edendum
2914 1533 3121 1588 curavi.
3142 1531 3315 1598 Quem
3339 1535 3541 1603 adesis,
3568 1536 3761 1601 lector,

2198 1624 2243 1677 si
2274 1639 2424 1694 purae
2457 1624 2815 1695 philosophia;
2844 1622 3084 1680 fontibus
3115 1625 3437 1693 delectaris;
3484 1628 3532 1684 si
3576 1637 3762 1685 nostra

2198 1713 2313 1767 haec
2336 1724 2578 1784 tempora
2600 1715 2998 1785 antiquioribus
3044 1715 3170 1782 illis,
3230 1731 3328 1773 nec
3374 1717 3635 1774 inferiora
3663 1720 3755 1773 lit-

522 1832 885 1902 sanguisugae,
912 1836 966 1883 et
995 1803 1622 1883 manducationelictum
1655 1843 1793 1883 esse.
1829 1826 1973 1882 Ordo
2000 1827 2090 1897 qui
2127 1803 2168 1862 Β
2200 1807 2502 1902 ίθτίειςηθίξ·
2522 1805 2946 1902 φεῖιεξιξρηίυιιε
2983 1807 3327 1874 οδδθυτίοηιν
3363 1825 3464 1902 Ῑίοίξ
3494 1810 3764 1867 πηδώθιιῖε

521 1923 842 1977 observatur
879 1934 1043 1989 super
1080 1919 1148 1975 iis
1198 1921 1348 1988 quia
1384 1917 1671 1974 Saracenis
1715 1918 1785 1973 ad
1828 1918 2093 1972 Christia-

519 2029 647 2069 nam
690 2012 846 2067 ﬁdem
898 2024 957 2066 se
1003 2016 1362 2065 convertunt:
1402 2008 1810 2080 Ἀναθεματίζω
1839 2009 1935 2080 τὴν
1964 2011 2093 2082 περὶ

516 2106 616 2176 τῆς
666 2102 912 2165 πλάσεως
945 2098 1037 2153 τοῦ
1098 2098 1382 2170 ἀνθρώπου
1420 2100 1764 2154 διδασκαλίαν
1797 2099 1888 2154 τοῦ
1929 2100 2094 2153 Μωά-

521 2196 637 2267 μεδ,
674 2197 730 2249 ὲν
828 2208 1013 2265 φησιν,
1058 2192 1139 2245 ὅτι
1189 2191 1430 2263 ἐπλάσθη
1466 2193 1494 2244 ὁ
1535 2191 1814 2264 ἄνθρωπος
1842 2189 1948 2245 ἀπὸ
1985 2192 2090 2263 χώ-

522 2303 686 2358 ματος
728 2285 820 2338 καὶ
853 2283 1134 2351 σταγόνος,
1176 2282 1269 2335 καὶ
1302 2282 1550 2354 βδελλῶν,
1588 2282 1681 2335 καὶ
1717 2283 2088 2352 μασσήματος.

517 2381 584 2435 Et
609 2378 933 2451 Euthymius
965 2375 1020 2430 in
1072 2374 1371 2444 l’onoplia:
1435 2373 1534 2428 Ἐκ
1561 2373 1780 2445 βδέλλης
1810 2373 2092 2445 ἄνθρωπον

517 2469 762 2541 γῖνεσθαι
806 2468 972 2534 λέγει.
1017 2465 1178 2520 Ἀλλὰ
1224 2464 1341 2530 πῶς
1389 2468 1453 2519 ὲκ
1526 2464 1618 2520 τοῦ
1669 2464 1989 2536 ἀτιμοτάτου
2031 2464 2093 2518 τὸ

515 2562 863 2635 τιμιώτατον,
889 2559 983 2612 καὶ
1010 2559 1073 2609 ἐκ
1101 2554 1192 2610 τοῦ
1216 2556 1408 2625 ἀλόγου
1434 2555 1496 2609 τὸ
1524 2554 1758 2624 λογικὸν,
1792 2555 1886 2608 καὶ
1911 2556 1974 2607 ὲκ
1999 2551 2090 2608 τοῦ

516 2656 751 2726 φευκτοῦ
787 2655 846 2708 τὸ
874 2654 1097 2719 εὐκτόν;
1128 2652 1238 2707 Nec
1264 2651 1445 2706 minus
1476 2649 1872 2704 Mahumetanis
1895 2649 2087 2704 absur-

515 2751 621 2807 dus
646 2747 976 2803 Franciscus
1005 2745 1289 2816 Georgius,
1321 2743 1414 2814 qui
1446 2743 1514 2799 de
1539 2742 1668 2797 limo
1698 2749 1854 2797 terra:
1899 2748 1972 2796 ita
1998 2758 2092 2796 ex-

515 2843 703 2913 plicet,
729 2847 789 2895 ut
814 2838 1126 2903 concludat,
1155 2835 1389 2890 animam
1414 2841 1623 2889 tantum
1639 2849 1759 2890 esse
1779 2833 2089 2900 hominem;

515 2938 591 2992 ita
622 2937 765 2991 enim
793 2934 868 2988 ait
895 2951 910 2987 :
954 2929 1225 2985 Formavit
1269 2926 1408 2982 Deus
1445 2926 1702 2981 hominem
1742 2942 2001 2995 putverem
2029 2923 2091 2979 de

519 3042 681 3093 terra,
713 3027 766 3081 id
792 3036 890 3090 est,
925 3024 1094 3079 induit
1118 3040 1236 3078 eum
1268 3030 1402 3077 veste
1427 3030 1617 3086 terrea,
1643 3034 1828 3088 corpus
1855 3008 2091 3072 uidelicet

517 3134 798 3179 terrenum.
849 3117 1031 3172 Primo
1072 3116 1211 3170 enim
1250 3113 1388 3168 Deus
1438 3110 1660 3167 decrevit
1703 3109 1961 3164 hominem
2005 3106 2093 3176 fa-

516 3233 664 3282 cere;
697 3223 876 3284 postea
917 3210 1107 3265 creavit
1129 3209 1316 3263 eumin
1340 3205 1502 3269 caelo;
1528 3205 1679 3259 tertio
1704 3203 1949 3273 formavit
1973 3218 2090 3255 cor-

514 3327 612 3382 pus
639 3309 751 3378 ejus
780 3305 939 3361 veluti
962 3312 1170 3359 vestem.
1207 3299 1339 3367 Quae
1378 3297 1641 3354 sententia
1673 3293 2091 3383 reprehensione

516 3381 626 3459 non
678 3406 870 3464 caret,
914 3396 970 3451 in
1009 3393 1243 3449 concilio
1288 3387 1580 3445 Viennensi
1638 3381 1911 3441 damnata.
1956 3381 2092 3439 Vide

517 3495 674 3564 plura
705 3490 868 3559 hujus
897 3485 1173 3540 Francisei
1201 3487 1526 3552 nugamenta
1566 3477 1709 3550 apud
1750 3475 1966 3531 Sixtum
1992 3472 2092 3529 Se-

517 3600 763 3650 nensem,
795 3579 1048 3636 Biblioth.
1083 3574 1368 3631 sanct.lib.
1400 3589 1439 3627 1.
1475 3571 1809 3641 Augustinus
1835 3577 2092 3640 praeterea

514 3678 612 3732 lib.
657 3691 695 3729 ιι
721 3674 792 3728 De
810 3669 995 3727 Genes.
1033 3668 1249 3737 allegor.
1274 3664 1456 3729 docet,
1491 3676 1690 3732 corpus
1720 3661 1954 3716 hominis
1980 3674 2089 3714 non

515 3768 687 3824 fuisse
732 3763 1009 3820 conditum
1053 3767 1177 3814 ante
1220 3757 1414 3811 anima:
1449 3752 1801 3817 creationem,
1846 3750 1939 3807 sed
1982 3765 2089 3804 una

515 3876 638 3916 cum
682 3858 798 3929 ipsa
852 3854 1032 3909 anima
1080 3851 1137 3905 in
1179 3848 1369 3906 eodem
1415 3845 1579 3903 simul
1619 3853 1878 3915 tempore.
1934 3841 2089 3909 Quod

516 3961 706 4025 postea
753 3946 1061 4019 reprobavit
1089 3944 1184 3998 lib.
1239 3959 1256 3997 ι
1304 3940 1559 4017 Retract.,
1607 3951 1727 4008 cap.
1789 3935 1875 3991 10.
1931 3934 2088 3990 lose-

514 4045 677 4116 phus,
722 4041 896 4109 Antiq.
928 4037 1056 4091 Jud.
1090 4035 1185 4090 lib.
1219 4049 1256 4095 ι,
1289 4049 1407 4104 cap.
1450 4032 1506 4099 2,
1536 4030 1800 4084 Adamum
1832 4028 1909 4082 ait
1937 4042 2090 4082 crea-

516 4145 635 4189 tum
664 4150 694 4189 e
727 4131 847 4186 rufa
879 4132 1042 4185 humo
1083 4127 1422 4191 fermentata,
1446 4124 1570 4180 talis
1600 4123 1743 4178 enim
1779 4129 1860 4177 est
1888 4120 2087 4175 intacta

519 4232 667 4278 terra
704 4228 758 4275 et
808 4233 970 4284 vera;
1026 4217 1251 4285 ideoque
1302 4223 1553 4269 vocatum
1600 4211 1868 4267 Adamum
1928 4210 2086 4281 quasi

518 4313 703 4369 rufum
733 4332 746 4367 :
783 4312 840 4365 '0
867 4309 923 4362 δὲ
952 4308 1234 4378 ἄνθρωπος
1258 4300 1406 4369 οὗτος
1441 4304 1680 4375 ’Ἄδαμος
1725 4300 1954 4374 ἐκλήθη·
1993 4317 2087 4371 ση-

521 4405 700 4479 μαίνει
733 4404 789 4458 δὲ
818 4400 975 4454 τοῦτο
1001 4397 1140 4453 κατά
1165 4396 1408 4465 γλῶτταν
1438 4395 1533 4466 τὴν
1564 4394 1827 4466 Ἐϐραίων
1860 4391 2084 4463 πυρῤὸν,

517 4498 811 4569 ἐπειδήπερ
839 4492 947 4549 ἀπὸ
970 4492 1068 4562 τῆς
1095 4490 1306 4559 πυρρᾶς
1335 4487 1436 4558 γῆς
1462 4485 1795 4557 φυραθείσης
1824 4482 2082 4554 ἐγεγόνει.

517 4589 750 4660 Τοιαύτη
772 4588 879 4657 γάρ
904 4586 1048 4637 ἐστιν
1073 4583 1106 4653 ἡ
1133 4577 1395 4651 παρθένος
1418 4578 1487 4649 γῆ
1509 4577 1602 4630 καὶ
1627 4576 1872 4647 ἀληθινή.

592 4679 725 4734 Ibid.
755 4677 867 4731 Kal
910 4673 1054 4739 δοὺς
1099 4667 1278 4734 αὐτῷ.
1335 4665 1413 4721 lta
1452 4675 1512 4720 ut
1551 4666 1654 4719 hoc
1705 4664 1825 4719 solo
1873 4663 2075 4725 animo,

516 4769 745 4825 rationis
774 4769 1036 4823 duntaxat
1069 4770 1317 4830 compote
1363 4773 1393 4812 a
1423 4756 1631 4813 caeteris
1665 4754 1808 4822 aliis,
1858 4754 1973 4810 sive
1998 4753 2082 4808 his

521 4861 875 4919 inferioribus
913 4860 1028 4914 sive
1074 4851 1471 4926 superioribus,
1504 4846 1771 4904 creaturis
1830 4844 2081 4912 differat;

521 4958 577 5012 in
607 4969 778 5024 eoque
833 4968 993 5008 suum
1027 4964 1189 5005 omne
1220 4947 1480 5007 decus,et
1505 4939 1883 4997 excellentiam
1913 4937 2076 4993 sitam

522 5055 803 5120 agnoscat.
825 5041 981 5110 Quod
1021 5042 1088 5095 ab
1126 5039 1345 5094 homine
1374 5036 1421 5092 si
1453 5033 1661 5097 demas,
1690 5043 1959 5100 nusquam
1996 5027 2082 5083 vel

520 5137 819 5205 brutis,vel
851 5134 1150 5198 vermibus,
1173 5132 1255 5187 vel
1286 5127 1509 5201 plantis,
1533 5126 1617 5181 vel
1646 5122 1914 5194 lapidibus
1949 5120 2082 5190 ipsis

520 5232 775 5303 superior
811 5228 937 5284 erit.
968 5225 1110 5292 Quin
1150 5222 1392 5278 omnium
1432 5217 1865 5280 infelicissimus,
1904 5223 1958 5270 et
1983 5215 2084 5269 mi-

520 5325 788 5381 serrimus
818 5323 986 5376 vitam
1021 5322 1226 5388 ageret.
1257 5311 1378 5367 Non
1423 5308 1642 5365 defuere
1696 5315 1899 5373 tamen,
1937 5304 2083 5374 iique

518 5412 960 5489 praestantissimi
992 5409 1120 5472 viri,
1158 5405 1252 5477 qui
1295 5403 1532 5458 animum
1564 5398 1986 5489 ratiocinantem
2015 5395 2086 5450 si-

519 5485 765 5574 deribus,
794 5506 1070 5573 rebusque
1109 5499 1236 5554 aliis
1292 5495 1664 5564 assignarunt,
1721 5487 1884 5543 veluti
1929 5485 2084 5542 Philo

519 5602 764 5668 ludaeus,
798 5600 894 5655 lib.
929 5596 1006 5652 De
1051 5591 1271 5650 somniis
1314 5597 1367 5644 et
1400 5587 1477 5639 De
1523 5582 1653 5652 opif.
1702 5597 1794 5636 sea:
1840 5580 2082 5642 dierum;

522 5696 806 5764 Origenes,
831 5701 967 5747 tom.
994 5707 1031 5755 ι,
1062 5687 1370 5743 Comment.
1402 5681 1455 5732 in
1490 5675 1654 5730 Joan.
1678 5681 1732 5729 et
1754 5674 1929 5744 primo
1946 5670 2086 5738 Περὶ

524 5784 745 5857 ἀρχῶν,
779 5799 898 5852 cap.
955 5783 1003 5834 7.
1042 5780 1401 5849 Hieronymus
1431 5771 1498 5826 ab
1538 5770 1638 5825 hac
1668 5765 1934 5824 sententia
1977 5779 2086 5819 non

2198 1910 2261 1950 ac
2293 1895 2536 1951 scientiis
2558 1896 2882 1966 ignobiliora
2918 1911 3249 1968 cognoscere
3288 1898 3520 1968 appetis.

2267 1986 2427 2053 lbid.,
2458 1988 2554 2043 lin.
2588 1988 2678 2055 24.
2718 1988 2829 2042 Τοῦ
2862 1989 3252 2057 παραδείσου.
3281 1989 3444 2045 Plura
3491 1992 3635 2062 apud
3668 1991 3762 2048 Pa-

2199 2089 2309 2137 tres
2347 2082 2413 2137 de
2458 2082 2714 2153 paradiso
2759 2083 3074 2151 voluptatis,
3138 2083 3408 2153 variaeque
3439 2083 3506 2138 de
3556 2100 3625 2139 eo
3654 2101 3761 2141 non

2199 2180 2406 2227 tantum
2445 2172 2585 2243 apud
2624 2156 3024 2243 antiquos,'sed
3057 2182 3111 2229 et
3153 2178 3484 2232 recentiores
3532 2178 3760 2247 scripto.

2197 2281 2309 2332 res,
2341 2264 2685 2320 difficultates
2710 2265 3058 2321 elucubratas.
3091 2265 3240 2320 Multi
3279 2268 3405 2322 item
3434 2266 3607 2324 libros
3626 2271 3758 2326 inte-

2197 2373 2322 2430 gros
2349 2359 2415 2414 de
2462 2358 2564 2414 hoc
2587 2358 2837 2429 paradiso
2887 2358 3225 2430 conscriptos
3251 2360 3306 2415 in
3333 2360 3528 2433 vulgus
3581 2362 3754 2420 edide-

2196 2458 2345 2514 runt,
2379 2450 2432 2504 in
2473 2450 2672 2518 quibus
2710 2459 2793 2505 sat
2823 2451 2999 2521 plura.

2274 2539 2410 2595 lbid.
2449 2540 2806 2608 Ἔπίμοχθον
2849 2538 3027 2605 αὐτῷ.
3087 2538 3302 2597 Delrius
3339 2559 3393 2596 tn
3430 2559 3548 2614 cap.
3581 2561 3639 2599 ιιι
3664 2545 3761 2601 Ge-

2198 2648 2308 2689 nes.
2342 2648 2361 2685 :
2406 2629 2473 2684 In
2529 2632 2780 2699 paradiso
2829 2631 3090 2685 innocenti
3150 2621 3572 2690 Adamo'tellus
3615 2655 3762 2709 tange

2198 2725 2373 2779 omnia
2411 2725 2812 2794 suppeditasset,
2866 2724 3025 2779 levem
3067 2742 3185 2780 cum
3233 2724 3496 2796 voluptate
3549 2747 3761 2801 operam
3797 2785 3802 2789 .

2196 2815 2513 2883 impendenti
2531 2832 2548 2868 :
2565 2816 2844 2883 peccatori,
2868 2827 2914 2869 et
2937 2827 3088 2870 eastra
3109 2818 3418 2887 paradisum
3446 2820 3623 2877 eadem
3646 2840 3761 2878 mr-

2200 2910 2342 2979 ligna
2371 2910 2551 2962 nutrias
2578 2909 2793 2963 inarata
2823 2908 2979 2975 nihil,
3027 2919 3183 2963 arata
3220 2926 3376 2979 parce
3411 2915 3674 2985 quwdam,
3708 2931 3760 2970 et
3800 2964 3805 2967 _

2197 3000 2507 3072 quibusdam
2558 3001 2684 3056 locis
2716 3000 2988 3055 redditura
3024 3001 3387 3058 denuntiatur.
3428 3004 3493 3059 Et
3525 3006 3757 3064 Basilius

2196 3090 2582 3158 Seleuciensis,
2624 3101 2763 3147 orat.
2802 3093 2836 3145 2
2865 3093 2942 3146 De
2980 3092 3154 3147 Adam
3183 3110 3204 3149 :
3246 3096 3675 3170 Ἐπικατάρατος
3717 3104 3752 3172 ἡ

2116 3160 2158 3217 C
2191 3184 2264 3255 γῆ
2297 3185 2354 3239 ἐν
2382 3187 2493 3248 τοῖς
2537 3184 2718 3257 ἔργοις
2750 3201 2862 3237 σου.
2897 3186 3118 3257 Τρυφῆς
3154 3186 3354 3260 ἐφάνης
3385 3160 3609 3253 ἀνάξιος,
3636 3160 3751 3256 θεοῖς

2192 3275 2322 3347 περὶ
2348 3275 2449 3347 γῆν
2482 3275 2700 3349 ἱδρῶσιν
2739 3275 2998 3345 ὑπάρξεις
3056 3277 3371 3348 κατάρατος,
3420 3280 3508 3332 καὶ
3561 3281 3743 3345 πόνοις

2196 3367 2472 3439 μετρήσας
2503 3366 2604 3437 τῆς
2636 3367 2780 3439 ζωῆς
2820 3383 2913 3419 σου
2948 3365 3038 3421 τὸν
3067 3367 3267 3439 χρόνον,
3300 3368 3460 3438 τάφον
3486 3370 3733 3441 εὑρήσεις

2191 3460 2285 3515 τοῦ
2341 3461 2453 3532 βίου
2488 3461 2747 3532 διάδοχον.

2266 3550 2428 3617 lbid.,
2450 3551 2546 3607 lin.
2571 3551 2660 3606 ‘29.
2701 3552 3013 3619 Γνωρισας
3045 3546 3159 3607 οὖν
3196 3551 3324 3619 τήν.
3374 3550 3737 3608 Rabbinorum

2194 3641 2413 3712 quidam
2436 3651 2658 3696 censent
2687 3640 2806 3696 Erae
2845 3657 3037 3696 zonam
3086 3643 3143 3697 in
3193 3642 3444 3714 paradiso
3487 3644 3740 3707 solutam,

2194 3733 2571 3804 Adamumque
2599 3749 2818 3803 operam
2845 3733 3029 3788 liberis
3055 3733 3272 3789 dedisse
3299 3735 3480 3790 statim
3503 3743 3560 3789 ut
3588 3734 3656 3790 ad
3681 3735 3750 3790 il-

2195 3827 2308 3881 lum
2344 3826 2573 3882 adducta
2604 3834 2688 3882 est
2719 3824 2849 3881 Eva.
2899 3827 3052 3892 Quod
3087 3826 3399 3882 insinuatur
3418 3828 3576 3883 etiam
3604 3828 3697 3883 lib.
3724 3842 3746 3884 ι

2194 3919 2583 3992 Sibyllinorum
2611 3921 2955 3975 oraculorum
2986 3921 3132 3975 circa
3181 3921 3531 3992 principium.
3571 3920 3745 3977 Caba-

2190 4013 2329 4068 listae
2362 4013 2724 4069 insulsissime
2752 4020 3004 4068 asserunt
3034 4011 3223 4082 genios
3249 4013 3443 4067 noxios
3473 4012 3610 4066 litith
3650 4028 3745 4083 ap-

2195 4105 2424 4175 pellatos
2454 4106 2661 4174 genitos
2693 4104 2861 4158 fuisse
2892 4120 2958 4158 ex
3000 4102 3264 4174 proﬂuvio
3290 4103 3515 4160 seminis
3534 4104 3745 4168 Adami,

2192 4206 2480 4267 antequam
2503 4210 2633 4250 cum
2655 4194 2764 4249 Eva
2795 4210 2961 4249 uxore
2991 4193 3432 4265 congrederetur,
3464 4202 3517 4249 et
3553 4192 3749 4250 habere

2193 4286 2410 4357 quidem
2437 4301 2531 4342 eos
2555 4301 2755 4355 corpus
2772 4286 3057 4356 palpabile,
3076 4294 3130 4341 et
3151 4286 3405 4341 sensibus
3426 4287 3747 4357 subjectum,

2192 4376 2287 4431 sed
2321 4391 2559 4441 aereum,
2588 4375 2787 4431 subtile
2818 4384 2872 4429 et
2907 4375 3215 4431 evanidum.
3242 4375 3440 4431 Eorum
3468 4377 3635 4431 vitam
3658 4393 3753 4433 au-

2194 4484 2386 4523 norum
2421 4468 2566 4523 mille
2610 4474 2857 4523 statuunt
2901 4468 3159 4536 vegetari,
3192 4475 3248 4523 et
3286 4482 3573 4524 senescere
3601 4485 3754 4526 more

2188 4563 2519 4631 reliquorum
2537 4560 2836 4623 hominum,
2851 4562 3134 4631 propagari
3160 4574 3348 4614 eorum
3378 4561 3611 4631 speciem
3629 4563 3756 4632 pol-

2190 4652 2489 4709 lutionibus
2508 4652 2810 4715 nocturnis,
2856 4660 2910 4706 et
2929 4649 3187 4707 Venereis
3215 4651 3455 4707 virorum
3485 4652 3755 4719 somniis;

2189 4761 2310 4801 cum
2347 4745 2454 4800 sint
2502 4743 2777 4798 libidinosi
2829 4744 3119 4813 plurimum
3152 4741 3409 4797 delectari
3438 4750 3753 4798 menstruo-

2189 4826 2331 4891 rum,
2371 4835 2629 4898 ﬂuxibus,
2689 4835 2888 4904 quibus
2936 4834 3104 4888 robur
3157 4843 3463 4899 assumunt,
3520 4835 3757 4906 ideoque

2188 4939 2352 4984 noctu
2383 4926 2649 4981 accubare
2675 4924 2989 4995 juvenibus,
3026 4923 3268 4991 titillare,
3305 4924 3531 4994 spiritus
3587 4924 3758 4979 semi-

2188 5021 2342 5076 nales
2371 5020 2631 5084 excitare,
2678 5018 2921 5073 relaxare
2957 5031 3087 5071 vasa
3147 5016 3452 5080 seminalia,
3514 5027 3573 5071 ut
3624 5032 3753 5072 sese

2188 5114 2274 5167 his
2306 5110 2697 5182 pollutionibus
2730 5108 2996 5164 reﬁciant.
3045 5106 3179 5172 Quis
3206 5121 3315 5187 non
3348 5105 3494 5161 videt
3532 5107 3759 5176 nugas?

2185 5206 2293 5261 Alii
2319 5206 2624 5274 item,quos
2653 5211 2707 5258 et
2738 5209 2936 5257 nostrae
2959 5199 3294 5270 tempestatis
3327 5197 3567 5252 haeretici
3590 5214 3756 5253 .non—

2188 5297 2325 5352 nulli
2357 5304 2685 5366 sequuntur,
2723 5293 2906 5349 statim
2939 5298 3063 5362 post
3089 5299 3394 5360 peccatum.
3430 5288 3534 5342 Alii
3564 5304 3632 5343 ex
3659 5304 3758 5344 ve-

2188 5388 2322 5443 riori
2349 5387 2625 5458 opinione,
2681 5390 2805 5455 post
2843 5380 3214 5451 expulsionem
3271 5394 3302 5434 e
3346 5377 3622 5448 paradiso.
3673 5378 3755 5431 Ita

2191 5481 2450 5541 Irenaeus,
2483 5476 2579 5531 lib.
2612 5490 2694 5539 ιιι,
2722 5488 2843 5543 cap.
2870 5468 3308 5539 35;Procopius,
3336 5483 3458 5538 cap.
3491 5483 3544 5522 tv
3573 5468 3627 5520 in
3651 5464 3757 5521 Ge-

2187 5586 2337 5636 nes.;
2382 5567 2737 5639 Epiphanius,
2768 5564 2860 5621 l-ib.
2899 5578 2958 5618 ιιι
3003 5561 3202 5617 Contra
3247 5560 3463 5621 ἡαπ-ει,
3504 5557 3757 5613 Justinus

2188 5664 2404 5733 dialogo
2434 5660 2633 5716 Contra
2666 5656 3008 5727 Tryphonem.
3047 5650 3298 5719 Quandiu
3329 5650 3474 5706 enim
3507 5650 3563 5703 in
3597 5661 3759 5719 para-

2187 5757 2307 5814 diso
2352 5754 2522 5817 fuere,
2576 5750 2814 5821 virgines
2849 5745 3215 5819 permansisse
3262 5741 3576 5798 existimant
3616 5736 3756 5794 Ter.
