4064 6290
390 380 498 440 975
1417 375 1485 430 IN
1527 373 1893 431 EUSTATHll
1930 368 2400 426 HEXAEMERON
2428 366 2653 423 NOTAE.
3529 361 3635 421 976

392 495 677 559 tullianus,
711 496 805 550 lib.
848 495 922 551 De
945 495 1150 551 veland.
1174 495 1388 565 virgin.,
1413 509 1535 563 cap.
1561 493 1632 558 5;
1684 489 1953 561 Hierony-
1983 496 2029 552 Α
2060 487 2299 557 probari.
2346 484 2630 540 Reclamat
2665 483 2917 540 Justinus
2955 481 3155 554 Martyr
3184 480 3249 536 ad
3282 479 3636 536 Orthodoxos

391 607 537 656 mus,
564 590 762 647 Contra
791 588 1529 654 Javinianum;Ambrosius,
1561 585 1657 640 lib.
1684 584 1760 638 De
1792 584 1962 638 instit.
2067 586 2259 649 quaest.
2321 576 2445 642 119,
2489 579 2542 631 in
2596 593 2705 647 qua
2752 578 3026 632 fructuum
3071 582 3127 631 et
3182 574 3428 629 carnium
3474 588 3634 628 usum

391 686 684 757 virginum;
717 678 972 751 Basilius,
1003 685 1163 754 epist.
1190 682 1256 737 ad
1281 680 1584 743 Letorium,
1606 678 1686 732 De
1714 694 1835 731 vera
1863 677 1967 730 vir-
2066 671 2219 725 Abeli
2247 679 2301 725 et
2324 670 2493 725 Caino
2536 670 2810 726 concedit.
3394 703 3427 757 γ.
3634 699 3642 716 ι

389 756 644 846 ginitate;
682 775 1082 848 Cbrysostom.,
1120 774 1268 829 hom.
1300 773 1369 828 18
1415 773 1470 825 in
1506 768 1718 833 (ἐθηριεά
1758 766 1946 822 Marius

2139 764 2297 828 lbid.,
2344 764 2442 818 lin.
2482 763 2570 818 52.
2606 763 2989 832 Προσήνεγκε
3043 760 3111 814 δὲ
3137 760 3337 815 Ἅϐελ.
3391 756 3633 813 Primum

392 867 601 936 Victor,
634 869 727 923 lib.
780 883 820 921 ιι
877 868 933 921 in
960 865 1171 931 Genes.;
1229 865 1588 935 Augustinus,
1641 862 1737 916 lib.
1790 865 1852 915 Iit
1888 859 1964 914 De
2066 855 2174 910 Deo
2218 856 2443 911 Abelem
2494 857 2685 913 litasse
2746 866 2829 913 est
2873 855 3182 911 communis
3231 852 3346 908 fere
3388 852 3629 907 omnium

391 960 575 1016 Cenes.
614 960 682 1014 ad
707 961 835 1022 litt.;
862 948 1096 1021 Delrius',
1128 960 1182 1011 in
1220 956 1404 1012 Genes.
1436 971 1559 1026 cap.
1598 970 1673 1009 tv.
1725 951 1836 1008 Nec
1862 953 1964 1006 ali-
2062 951 2263 1019 opinio.
2297 947 2467 1004 Judaei
2504 949 2714 1006 Adamo
2743 950 2797 1004 id
2831 949 3100 1011 tribuunt,
3138 956 3192 1001 et
3222 960 3345 1000 eum
3397 944 3630 1015 primum

389 1063 476 1110 ter
508 1054 674 1111 sentit
717 1053 1038 1125 Proc0pius.
1074 1052 1140 1106 Et
1167 1052 1223 1106 in
1250 1050 1439 1118 Cyrilli
1478 1047 1959 1119 Hierosolymitani
2063 1042 2253 1097 bovem
2311 1044 2674 1109 sacriﬁcasse,
2707 1053 2762 1098 et
2790 1044 2956 1098 ritum
3002 1042 3154 1095 illum
3189 1038 3330 1095 ﬁlios
3357 1037 3628 1094 docuisse.

390 1143 668 1201 catechesi
708 1142 794 1211 l2,
825 1144 895 1197 ita
920 1142 1289 1215 reponendum
1313 1140 1561 1196 nonnulli
1583 1139 1955 1194 contendunt:
2061 1134 2337 1191 Gilbertus
2366 1134 2772 1198 Genebrardus.
2812 1135 3059 1191 Chronol.
3100 1134 3194 1191 lib.
3225 1149 3266 1189 ι.

388 1235 620 1290 Accessit
649 1233 719 1288 ad
744 1236 1012 1290 mulierem
1040 1236 1212 1289 adhuc
1237 1236 1508 1306 virginem.
1551 1230 1695 1285 Nam
1716 1240 1833 1300 post
1868 1248 1958 1284 ca-
2132 1227 2290 1292 lbid.,
2318 1228 2415 1282 lin.
2448 1228 2536 1282 55.
2565 1230 2675 1283 Καὶ
2706 1231 2743 1297 ἡ
2764 1228 2946 1283 θυσία
2987 1225 3193 1282 αὑτοῦ.
3228 1223 3384 1290 Quod
3424 1222 3634 1279 scilicet

324 1378 331 1386 ,
385 1345 503 1381 sum
528 1330 585 1382 in
634 1328 906 1398 paradiso,
948 1335 1071 1381 tunc
1100 1328 1329 1398 primum
1359 1327 1601 1397 cognovit
1648 1324 1835 1379 Evam.
1893 1322 1958 1376 Et
2058 1318 2182 1388 igne
2205 1319 2272 1375 de
2302 1319 2455 1374 ccelis
2477 1320 2716 1375 demisso
2746 1320 3077 1375 oblationem
3100 1318 3219 1389 ejus
3242 1317 3629 1387 absumpserit,

386 1422 492 1476 hoc
528 1420 801 1477 Eustathii
841 1420 961 1474 loco
989 1419 1392 1489 cognoscimus.
1450 1420 1655 1490 primos
1684 1416 1952 1479 homines,
2057 1412 2210 1467 Caini
2265 1413 2523 1468 intactam
2553 1414 2856 1484 reliquerit.
2882 1415 2961 1468 lta
3007 1412 3328 1486 Procopius,
3362 1411 3631 1481 Hierony-

383 1511 564 1581 quoad
595 1511 812 1566 fuerunt
842 1510 897 1563 in
937 1510 1214 1579 paradiso,
1260 1509 1499 1581 virgines
1538 1509 1724 1564 fuisse.
1772 1507 1953 1561 Prima
2054 1520 2208 1571 mus;
2261 1505 2496 1576 Cyrillus
2548 1507 2602 1559 in
2674 1504 2856 1560 Genes.
2917 1520 3037 1575 cap.
3096 1523 3150 1561 Iv
3198 1513 3252 1562 et
3301 1505 3538 1577 Glaphyr
3576 1506 3632 1558 in

382 1603 530 1656 enim
563 1617 750 1657 eorum
804 1600 1120 1655 comm-istio
1150 1610 1275 1670 post
1306 1616 1586 1670 egressura
1629 1615 1662 1655 e
1699 1600 1953 1670 paradiso
2056 1592 2236 1649 Genes.
2268 1597 2389 1651 libr.
2454 1613 2501 1662 l;
2548 1596 2784 1653 Faustus
2825 1596 3168 1668 Rhegieusis,
3220 1597 3330 1653 libs
3352 1614 3390 1651 ιι
3421 1597 3500 1652 De
3535 1596 3627 1650 lib.

383 1703 863 1750 commemoratur.
905 1692 1180 1763 Recteque
1240 1692 1544 1747 Methodius
1599 1693 1653 1745 in
1708 1692 1847 1746 libro
1880 1690 1952 1744 De
2058 1688 2248 1752 arbit.,
2297 1703 2418 1758 cap.
2467 1690 2519 1755 6,
2556 1697 2608 1744 et
2639 1690 2731 1744 alii
2764 1709 2778 1745 :
2811 1691 2957 1760 quod
2994 1697 3050 1745 et
3078 1697 3505 1745 consentaneum
3544 1699 3630 1744 est

385 1788 489 1855 ﬁne
519 1786 700 1840 mundi
731 1803 748 1840 :
776 1786 990 1849 Ἰστέον,
1031 1787 1133 1849 ὅτι,
1174 1783 1478 1850 ἐξελθόντες
1508 1785 1597 1836 ὅτε
1652 1783 1823 1852 Ἀδὰμ
1857 1783 1946 1834 καὶ

2052 1781 2191 1833 mori
2220 1781 2424 1836 divino.
2460 1781 2633 1838 Levit.
2658 1783 2981 1852 Ix,24;Jud.
2999 1784 3152 1848 v1,2i
3172 1782 3494 1854 ;1Paralip.
3515 1799 3626 1839 xxi.

382 1877 496 1933 Εὕα
526 1880 589 1932 ὲκ
628 1877 722 1931 τοῦ
753 1878 1097 1953 παραδείσου,
1138 1876 1394 1948 παρθένοι
1433 1875 1746 1945 ἐτύγχανον.
1777 1875 1864 1927 Ἑν
1889 1874 1945 1927 δὲ

2050 1871 2109 1939 2;
2129 1872 2191 1927 II
2214 1874 2448 1944 Paralip.
2468 1891 2576 1943 vn;
2603 1875 2702 1930 ΙΙΙ
2715 1876 2841 1948 Reg.
2857 1893 2987 1932 ιιι-ιιι
3004 1884 3058 1933 et
3072 1893 3275 1934 xxxvm
3295 1894 3310 1945 ;
3329 1876 3395 1931 ΙΙ
3410 1876 3637 1931 Marha-

381 1970 458 2042 τῷ
481 1970 786 2044 τριακοστῷ
813 1970 919 2023 ἔτει
945 1970 1043 2040 τῆς
1072 1969 1250 2035 ἐξόδου
1281 1968 1462 2023 αὐτῶν
1495 1967 1588 2021 τοῦ
1618 1966 1942 2039 παραδείσου

380 2064 602 2119 τέτοκαν
653 2065 795 2119 Κάῖν
821 2064 910 2117 τὸν
942 2063 1282 2135 πρωτότοκον
1321 2063 1413 2115 καὶ
1448 2061 1549 2133 τὴν
1582 2059 1816 2129 ἀδελφὴν
1850 2059 1947 2111 αὺ-

378 2155 470 2211 τοῦ
506 2157 824 2229 Καλμόωαν.
845 2155 983 2211 Nota
1007 2163 1091 2211 est
1120 2155 1248 2209 item
1272 2169 1436 2223 super
1477 2155 1580 2207 bac
1611 2168 1673 2207 re
1700 2151 1947 2221 Gregorii

378 2247 609 2321 Nysseni
643 2249 1047 2319 sententia,qui
1080 2247 1158 2302 De
1191 2248 1365 2316 opiﬁc.
1399 2246 1649 2309 hominis,
1695 2261 1817 2315 cap.
1853 2244 1943 2308 24,

382 2341 459 2395 ait
490 2359 503 2395 :
533 2340 689 2407 Quod
734 2341 1014 2413 generatio
1044 2340 1233 2410 prolis,
1278 2348 1331 2394 et
1364 2337 1681 2410 propagatio
1722 2337 1947 2392 humani

377 2432 617 2501 generis,
670 2434 716 2488 si
760 2433 923 2504 primi
981 2439 1234 2504 parentes
1280 2447 1388 2486 non
1446 2437 1780 2501 peccassent,
1838 2445 1947 2483 non

380 2522 575 2579 fuisset
607 2540 702 2594 per
728 2525 955 2590 coitum,
989 2525 1085 2580 sed
1114 2523 1349 2580 fuissent
1387 2523 1728 2594 multiplicati
1759 2523 1943 2576 multi-

382 2612 693 2684 plicationis
727 2613 890 2668 modo
935 2612 1173 2683 quodam
1212 2613 1634 2684 perfectissimo,
1686 2612 1946 2683 quemad-

380 2705 602 2761 modum
624 2706 801 2777 angeli
834 2724 848 2761 :
880 2707 1157 2776 generatio
1190 2720 1424 2776 namque
1447 2706 1583 2771 haec,
1618 2719 1739 2776 quae
1770 2705 1828 2758 ﬁt
1850 2719 1946 2774 per

380 2796 754 2860 concubitum,
779 2811 877 2867 per
895 2803 1177 2867 peccatum
1203 2804 1286 2853 est
1304 2796 1633 2851 introducta.
1654 2797 1798 2852 ldem
1819 2811 1945 2852 sen-

380 2889 449 2942 tit
475 2886 632 2943 Joan.
670 2887 1071 2960 Chrysostom.,
1102 2889 1252 2943 hom.
1280 2888 1346 2944 18
1379 2889 1432 2942 in
1463 2886 1688 2951 Genes.;
1743 2888 1946 2944 Proco-

380 2981 506 3051 pius
532 2981 588 3035 in
620 2978 801 3035 Cenes.
829 2996 949 3051 cap.
981 2996 1034 3034 tv
1050 2964 1075 3045 ς.
1109 2979 1496 3044 Damascenus,
1537 2980 1630 3034 lib.
1656 2997 1710 3035 tv
1738 2980 1815 3035 De
1844 2980 1946 3050 ﬁde

379 3071 614 3139 orthod.,
652 3088 770 3144 cap.
822 3072 932 3139 25;
982 3071 1307 3143 Euthymius
1361 3073 1416 3126 in
1465 3071 1659 3141 psalm.
1716 3088 1781 3135 1.;
1835 3073 1946 3127 Au-

378 3164 634 3234 gustinus
662 3165 717 3218 in
752 3162 935 3218 Genes.
994 3162 1136 3229 Quid
1166 3170 1345 3218 autem
1382 3164 1436 3217 in
1478 3164 1581 3218 hac
1613 3178 1671 3218 re
1701 3170 1946 3218 statuen-
1973 3199 2019 3262 ο

374 3256 509 3311 dum
540 3257 633 3323 sit,
662 3255 965 3312 S.Tbomas
989 3257 1223 3327 explicat
1248 3256 1419 3328 prima
1453 3263 1615 3327 part.,
1638 3264 1829 3327 quaest.
1853 3255 1942 3323 98,

376 3359 482 3405 art.
512 3349 569 3417 2,
599 3357 654 3406 et
683 3364 808 3405 cum
848 3365 915 3406 eo
944 3352 1128 3422 plures
1151 3351 1241 3405 alii
1268 3349 1542 3406 doctores.

447 3439 568 3499 Col.
584 3443 710 3507 749,
732 3443 805 3496 lin
816 3482 832 3498 .
843 3443 936 3498 29.
951 3442 1121 3510 Υιοὺς
1136 3442 1244 3498 δύο
1260 3441 1604 3513 ἐγέννησεν.
1618 3439 1738 3496 Non
1755 3438 1949 3512 gemel-

378 3532 483 3596 los,
500 3541 561 3587 ut
584 3549 707 3589 cum
730 3535 979 3590 rabbinis
1000 3535 1205 3607 colligit
1227 3550 1361 3591 ausu
1382 3534 1673 3590 temerario
1687 3531 1947 3588 Calvinus

379 3621 633 3691 ambigua
680 3622 937 3678 Methodii
985 3624 1217 3679 lectione
1275 3622 1555 3694 deceptus,
1586 3623 1683 3680 sed
1731 3623 1948 3678 diverso

379 3721 562 3782 partu,
594 3729 704 3768 uno
737 3715 946 3769 scilicet
997 3713 1153 3779 Cain,
1180 3715 1314 3770 Abel
1372 3718 1543 3771 altero
1576 3734 1588 3769 :
1624 3716 1783 3771 verba
1841 3714 1948 3770 Me-

379 3805 552 3861 thodii
583 3814 711 3861 sunt
740 3808 859 3860 :‘Ev
893 3806 949 3860 δὲ
986 3806 1062 3878 τῷ
1101 3807 1401 3879 τριακοστῷ
1432 3807 1607 3879 χρόνῳ
1637 3808 1735 3878 τῆς
1767 3806 1946 3873 ἐξόδου

377 3897 559 3952 αὐτῶν
590 3898 682 3952 τοῦ
710 3899 1034 3970 παραδείσου
1058 3899 1282 3953 τέτοκαν
1304 3900 1443 3953 Κάῖν
1470 3900 1559 3954 τὸν
1584 3899 1943 3972 πρωτότοκον,

378 3991 474 4046 καὶ
502 3991 602 4063 τὴν
636 3990 866 4064 ἀδελφὴν
903 3992 1065 4049 αὐτοῦ
1114 3991 1432 4061 Καλμὰναν.
1469 3993 1579 4044 Καὶ
1610 3992 1746 4062 μετὰ
1790 4010 1945 4063 τρια-

378 4068 570 4137 κοστὸν
594 4083 780 4155 ἕτερον
816 4084 936 4147 ἔτος
966 4084 1222 4156 ἐγέννησε
1247 4084 1339 4138 τὸν
1371 4082 1532 4136 Ἀὅελ
1567 4083 1663 4136 σὺν
1695 4086 1760 4155 τῇ
1804 4085 1948 4155 Λεμ-

379 4176 515 4249 ϐόρςι
543 4180 608 4249 τῇ
630 4176 828 4249 ἀδελφῇ
851 4176 1035 4231 αὑτοῦ.
1063 4175 1194 4243 Qua:
1220 4176 1345 4246 quis
1373 4191 1484 4231 non
1511 4174 1659 4231 videt
1678 4176 1947 4232 diversam

378 4283 410 4324 a
441 4269 668 4325 Calvino
699 4270 1025 4326 sententiam
1086 4269 1409 4325 continere?

453 4361 611 4427 lbid.,
651 4363 747 4419 lin.
789 4363 878 4418 30.
916 4360 1025 4415 Τὸν
1050 4359 1219 4415 Κάϊν.
1257 4360 1431 4431 Hujus
1465 4362 1702 4418 nominis
1727 4369 1946 4434 etymon

375 4460 432 4509 et
452 4454 747 4510 declaratio
768 4455 997 4511 habetur
1024 4456 1078 4510 in
1109 4455 1242 4526 ipsis
1271 4454 1443 4510 sacris
1472 4453 1690 4510 Litteris
1724 4470 1737 4507 :
1772 4453 1842 4508 Et
1856 4471 1946 4525 pe-

2049 1962 2279 2017 bacarum
2301 1980 2336 2018 ι.
2370 1965 2640 2023 Lutherus
2661 1976 2713 2022 et
2733 1967 2992 2024 Calvinus
3012 1970 3256 2025 veritatis
3273 1968 3629 2025 infensissimi

2048 2054 2255 2120 hostes,
2277 2065 2327 2109 et
2352 2072 2632 2112 sacrarum
2672 2057 3075 2131 Scripturarum
3124 2062 3538 2127 obtrectatores,
3573 2060 3631 2128 id

2051 2154 2322 2201 tantorum
2348 2146 2568 2203 Patrum
2589 2151 2910 2206 auctoritate
2939 2151 3208 2206 ﬁrmatum
3257 2161 3454 2224 negant
3481 2152 3627 2223 inju-

2050 2240 2138 2304 rii,
2163 2240 2485 2313 fabulasQue
2511 2241 2764 2303 Judaicas
2787 2262 2909 2303 esse
2935 2249 3297 2318 nugacissime
3325 2256 3626 2305 autumant.

2120 2331 2254 2386 l-bid.
2298 2333 2350 2385 ’0
2383 2334 2452 2388 δὲ
2474 2334 2640 2389 ἱΚάΐν
2679 2335 2930 2405 πρῶτος.
2959 2337 3249 2395 Verissima
3279 2356 3410 2397 sane
3437 2356 3625 2404 causa.

2048 2430 2105 2474 et
2131 2421 2512 2479 efﬁcacissima
2543 2425 2609 2480 ad
2646 2428 3027 2497 explicandum
3081 2446 3250 2501 quare
3278 2431 3423 2490 Deus
3454 2437 3622 2491 sacri-

2051 2513 2232 2568 ﬁcium
2286 2517 2468 2586 potius
2501 2517 2688 2575 Abelis
2731 2537 2894 2591 quam
2927 2521 3083 2578 Caini
3121 2527 3433 2595 aspexerit;
3465 2528 3625 2583 aliam

2051 2602 2206 2659 affert
2233 2603 2523 2677 Iosephus,
2557 2609 2671 2676 sed,
2700 2619 2760 2665 ut
2787 2621 3032 2684 apparet,
3066 2631 3175 2669 non
3203 2617 3359 2672 multi
3389 2619 3624 2683 roboris.

2049 2695 2297 2765 maleque
2342 2698 2411 2752 ab
2446 2698 2567 2770 ipso
2605 2702 2912 2773 conﬁctam,
2939 2706 3190 2764 videlicet
3219 2711 3363 2780 quod
3411 2712 3626 2769 sacriﬁ-

2050 2786 2195 2843 cium
2243 2789 2428 2847 Abelis
2476 2800 2669 2862 sponte
2713 2805 2920 2852 naturae
2949 2800 3147 2870 genitis
3184 2812 3482 2871 constaret,
3524 2818 3625 2861 sua

2051 2895 2180 2935 vero
2237 2881 2375 2938 Cain
2457 2882 2618 2941 homo
2668 2902 2867 2945 avarus
2916 2898 2973 2946 et
3024 2892 3328 2950 industrius
3376 2909 3474 2964 per
3516 2897 3623 2951 vim

2050 2973 2341 3042 quamdam
2364 2991 2393 3029 a
2419 2984 2613 3032 natura
2634 2987 2956 3037 extorserat.
2992 2982 3165 3038 Θῦσαι
3201 2986 3280 3058 τῷ
3311 2986 3428 3058 Θεῷ
3465 2986 3623 3053 δόξαν

2050 3064 2252 3130 αὐτοῖς,
2277 3067 2305 3119 6
2339 3066 2438 3136 μὲν
2470 3068 2609 3122 Κάϊν
2637 3070 2745 3124 ἀπὸ
2776 3071 2876 3143 τῆς
2897 3077 3170 3146 γεωργίας
3192 3080 3286 3133 καὶ
3316 3080 3423 3135 τῶν
3443 3082 3622 3151 φυτῶν

2051 3157 2295 3228 καρποὺς
2332 3159 2658 3231 ἀπήνεγκεν,
2705 3164 2929 3230 Ἄϐελος
2955 3167 3013 3222 δὲ
3046 3169 3206 3238 γάλα,
3243 3172 3430 3227 καὶτὰ
3471 3192 3623 3247 πρω-

2049 3250 2243 3304 τότοκα
2292 3251 2398 3305 τῶν
2455 3253 2832 3325 βοσκημάτων.
2848 3257 2906 3312 '0
2951 3260 3084 3326 Θεὸς
3128 3263 3187 3318 δὲ
3224 3264 3391 3339 ταύτῃ
3423 3268 3622 3337 μᾶλλον

2048 3342 2232 3428 ἥδεται
2284 3345 2351 3414 τῇ
2400 3343 2576 3417 θυσίᾳ,
2629 3350 2740 3413 τοῖς
2785 3350 3129 3423 αὐτομάτοις,
3163 3358 3256 3411 καὶ
3287 3359 3426 3413 κατὰ
3459 3361 3620 3431 φύσιν

2048 3432 2294 3502 γεγονόσι
2328 3434 2667 3507 τιμώμενος,
2711 3438 2826 3494 ἀλλ’
2879 3443 2999 3515 οὐχ).
3056 3450 3167 3510 τοῖς
3216 3452 3337 3502 κατ’
3381 3451 3620 3508 ἐπίνοιαν

2050 3525 2335 3595 ἀνθρώπου
2367 3527 2687 3584 πλεονέκτου
2717 3532 2856 3587 κατὰ
2890 3534 3007 3604 βίαν
3034 3539 3351 3608 πεφυκόσιν.
3387 3539 3620 3599 Basilius

2052 3619 2333 3676 Seleucius
2364 3624 2612 3679 oratione
2662 3625 2730 3680 de
2751 3626 2884 3681 Cain
2929 3638 2981 3684 et
3011 3631 3177 3687 Abele
3204 3634 3269 3688 ad
3295 3650 3405 3689 rem
3435 3654 3449 3690 :
3480 3638 3619 3692 Κάῖν

2053 3712 2149 3782 μὲν
2175 3712 2284 3784 γὰρ
2313 3713 2410 3784 τὴν
2440 3713 2629 3769 θυσίαν
2662 3715 2863 3788 ζημίαν
2891 3721 3188 3794 ἡγούμενος
3215 3727 3278 3780 ἐκ
3309 3726 3414 3781 τῶν
3441 3729 3614 3785 ἀδοκί-

2053 3821 2168 3875 μων
2202 3804 2299 3876 τὴν
2331 3802 2492 3877 τιμὴν
2521 3805 2597 3877 τῷ
2645 3808 2937 3881 τιμωμένῳ
2983 3814 3343 3887 προσεκόμιζε
3378 3820 3619 3874 νενοθευ-

2052 3892 2186 3985 μένῃ
2228 3893 2420 3967 γνώμῃ
2461 3896 2559 3965 τὴν
2591 3897 2754 3968 τιμὴν
2787 3900 3141 3970 καπηλεύων·
3182 3906 3211 3958 6
3239 3906 3293 3960 δὲ
3330 3908 3493 3963 Ἀὁελ
3521 3913 3620 3985 οὐχ

2049 3984 2218 4050 οὕτως
2238 4003 2250 4017 ·
2286 3986 2407 4051 ὅλος
2436 3988 2492 4041 δὲ
2535 3988 2627 4043 τοῦ
2680 3991 2852 4064 δώρου
2883 3996 3169 4066 γενόμενος
3205 3999 3486 4072 εἰλικρινεῖ
3507 3984 3619 4058 διαιέ

2050 4078 2169 4152 νοίᾳ
2202 4080 2491 4153 θεραπεύει
2517 4084 2607 4139 τὸν
2637 4086 2953 4158 Κρείττονα.
2990 4091 3100 4143 Καὶ
3131 4091 3221 4144 τὸν
3257 4093 3357 4163 τῆς
3387 4096 3618 4170 ποίμνης

2049 4173 2246 4245 δοτῆρα
2286 4179 2399 4240 τοῖς
2427 4178 2526 4248 τῆς
2559 4178 2793 4252 ποίμνης
2825 4181 3126 4255 ἐξαιρέτοις
3153 4185 3334 4257 ἐτίμα,
3360 4188 3458 4259 τῆς
3480 4188 3620 4259 γνὼ-

2053 4282 2160 4336 μης
2184 4265 2282 4337 τὴν
2309 4268 2509 4340 ἀρετὴν
2531 4272 2815 4325 συνάπτων
2840 4277 2953 4337 τοῖς
2981 4274 3192 4348 δώροις,
3215 4278 3305 4334 καὶ
3331 4280 3499 4353 αὐτὴν
3520 4281 3620 4355 τὴν

2049 4356 2226 4429 ψυχὴν
2305 4362 2741 4435 συμπροσφέρων
2803 4365 2882 4437 τῷ
2927 4366 3219 4441 δεχομένῳ.
3268 4371 3333 4425 Ει
3378 4371 3618 4445 Cyrillus

2049 4451 2448 4511 Alexandrinus
2502 4456 2760 4529 Glaphyr.
2799 4461 2856 4513 in
2902 4459 3085 4516 Cenes.
3136 4463 3231 4519 lib.
3283 4482 3302 4520 1
3340 4469 3617 4541 εἈγειδὴ

377 4545 512 4614 perit
563 4543 718 4611 Cain,
744 4545 963 4611 dicens,
1000 4546 1221 4601 Possedi
1271 4545 1530 4600 hominem
1559 4562 1653 4616 per
1693 4545 1938 4601 Deum“.

2050 4541 2140 4598 οὖν
2168 4548 2196 4599 6
2228 4547 2326 4617 μὲν
2357 4550 2500 4620 ἱερός
2535 4568 2595 4603 τε
2628 4553 2722 4605 καὶ
2752 4553 3025 4626 πάνσοφος
3058 4557 3221 4612 ’Ἅϐελ
3253 4559 3322 4613 τὰ
3354 4560 3453 4632 τῆς
3485 4563 3616 4633 ἀγέ-

377 4640 559 4707 Quare
602 4656 713 4696 non
756 4652 902 4696 recte
950 4641 1239 4708 Eusebius,
1280 4643 1373 4698 lib.
1421 4658 1461 4697 ll
1514 4640 1592 4695 De
1654 4650 1939 4711 prwparat.

374 4750 584 4805 evang.,
631 4749 752 4806 cap.
788 4735 843 4800 4,
886 4733 1021 4790 Cain
1068 4737 1458 4806 interpretatur
1493 4735 1767 4799 invidiam,
1797 4734 1941 4805 quod

378 4826 590 4881 scilicet
641 4826 797 4891 Cain,
842 4825 1027 4882 fratris
1085 4829 1167 4884 sui
1213 4826 1466 4884 sacriﬁcii
1511 4842 1641 4897 ergo
1668 4826 1939 4891 invidens,

372 4932 500 4972 eum
539 4917 822 4972 occiderit.

446 5009 583 5065 lbid.
617 5009 725 5064 Καὶ
753 5012 786 5064 ό
808 5007 926 5079 μὲν
949 5006 1101 5062 Κὰτν
1122 5004 1223 5079 ἦν.
1263 5006 1500 5064 Joannes
1547 5008 1789 5064 Zonaras
1835 5010 1942 5063 An-

374 5101 581 5156 nalium
616 5110 750 5155 tom.
780 5098 803 5154 1
827 5120 841 5155 :
875 5100 985 5154 Καὶ
1007 5102 1035 5154 6
1062 5101 1158 5172 μὲν
1174 5099 1338 5153 Ἀσελ
1360 5102 1554 5172 νομεὺς
1574 5095 1640 5172 ἦν
1671 5101 1940 5171 ποιμνίου,

374 5196 468 5250 καὶ
514 5196 714 5268 ἀρετῆς
766 5195 1125 5267 ἐπεμέλετο,ό
1149 5195 1205 5250 δὲ
1237 5194 1376 5249 Κάῖν
1407 5193 1668 5267 ἐγεώργει
1708 5193 1804 5266 τὴν
1841 5195 1942 5266 γῆν

375 5290 738 5360 πονηρότατος
760 5287 855 5344 ὢν.
888 5287 989 5344 Hic
1016 5288 1319 5343 notandum
1351 5287 1598 5343 carnium
1629 5302 1785 5343 esum
1818 5294 1945 5343 ante

376 5381 643 5436 diluvium
676 5396 782 5436 non
826 5380 997 5436 fuisse
1037 5388 1339 5452 receptum,
1374 5378 1570 5436 Gcnes.
1612 5395 1731 5450 cap.
1766 5395 1839 5436 ix.
1878 5377 1945 5432 Et

376 5472 641 5540 oleribus,
677 5473 969 5542 herbisque
1004 5488 1174 5542 genus
1206 5473 1500 5528 humanum
1535 5478 1659 5527 ante
1677 5471 1942 5527 diluvium

375 5551 623 5638 potuisse
664 5567 963 5622 sustentari
993 5566 1253 5622 facillimo
1282 5566 1498 5637 negotio
1522 5572 1706 5637 posset
1727 5581 1795 5621 ex
1819 5580 1941 5620 ver-

370 5659 460 5718 bis
475 5657 679 5714 Juliani
699 5657 993 5730 Apostatae,
1016 5676 1136 5733 qua:
1163 5659 1329 5717 refert
1349 5658 1546 5753 Suidas
1570 5660 1625 5715 iu
1640 5657 1938 5725 Herodoto,

447 5814 494 5870 ’ἓ
529 5812 662 5870 Gen.
700 5829 772 5882 tv,
815 5814 866 5871 l.

2048 4637 2421 4708 ληςάπόλεκτα
2452 4642 2543 4696 καὶ
2573 4643 2881 4718 ἀριστίνδην
2907 4648 3350 4723 ἐγκεκρυμμένα·
3381 4655 3617 4725 Ἤνεγκε

2044 4732 2175 4808 γὰρ,
2198 4735 2380 4806 φησὶν,
2402 4736 2509 4790 ἀπὸ
2529 4737 2637 4791 τῶν
2666 4741 3022 4813 πρωτοτόκων
3047 4744 3154 4797 τῶν
3184 4744 3369 4816 ἀμνῶν
3395 4749 3486 4802 καὶ
3510 4749 3619 4805 ἀπὸ

2044 4821 2152 4878 τῶν
2174 4826 2411 4879 στεάτων
2434 4827 2633 4894 αὐτῶν,
2657 4831 2900 4884 τουτέστι
2923 4832 2990 4888 τὰ
3016 4834 3337 4907 προῦχοντα,
3356 4841 3448 4895 καὶ
3475 4842 3634 4909 ἐξαί-Δ

2050 4933 2199 4992 ρετα*
2235 4921 2442 4974 καὶτὸν
2473 4922 2572 4993 τῆς
2607 4924 2914 4996 ἱερουργίας
2937 4927 3038 4982 οὐκ
3072 4928 3344 5001 ἀγνοήσας
3391 4934 3615 5005 τρόπον.

2046 5009 2324 5082 παρετίθει
2368 5012 2435 5066 τὰ
2472 5013 2704 5067 στέαταο
2761 5015 2900 5071 Κὰῖν
2954 5017 3011 5072 δὲ
3057 5020 3155 5092 οὐχ
3205 5021 3365 5090 οὕτω,
3401 5026 3531 5081 πολὺ
3560 5026 3619 5082 δὲ

2045 5101 2175 5155 λίαν
2216 5104 2501 5176 ἀτημελῶς
2526 5124 2539 5137 ·
2582 5109 2651 5163 τὰ
2695 5110 2793 5181 μὲν
2824 5111 2933 5184 γὰρ
2961 5113 3043 5166 ὃτι
3077 5114 3307 5186 μάλιστα
3344 5119 3448 5173 τῶν
3482 5119 3616 5188 ὠρί-

2050 5210 2164 5264 μων
2194 5196 2444 5267 ἐκπρεπῆ
2473 5200 2594 5262 ταῖς
2633 5198 2789 5266 ἰδίαις
2830 5203 3111 5276 ἐχαρίζετο
3134 5212 3393 5281 τρυφαῖς*
3430 5210 3618 5266 ἐλύπει

2044 5284 2103 5338 δέ
2136 5288 2245 5350 τοῖς
2277 5286 2546 5361 δευτέροις
2572 5291 2661 5345 τὸν
2687 5293 2779 5346 ἐπὶ
2804 5297 3017 5351 πάντων
3047 5299 3199 5355 Θεόν.

2118 5377 2276 5441 lbid.,
2307 5378 2402 5433 lin.
2439 5380 2525 5435 56.
2563 5383 2884 5454 Ὀργισθεὶς
2915 5389 3014 5443 ἐπὶ
3056 5393 3264 5457 τούτῳ.
3310 5391 3616 5451 Mcthodius
3680 5402 3683 5407 ’

2045 5469 2362 5527 Patarensis
2415 5475 2600 5533 Abelis
2646 5479 2847 5536 caedem
2899 5498 3043 5538 anno
3085 5487 3461 5543 ducentesimo
3491 5489 3616 5545 vitae

2044 5563 2239 5618 Adami
2270 5566 2587 5638 contigisse,
2619 5576 2673 5625 et
2720 5572 2997 5643 planctum
3030 5576 3222 5630 Adami
3270 5585 3325 5633 et
3353 5577 3476 5634 Evaa
3519 5596 3617 5652 per

2046 5664 2264 5712 centum
2297 5657 2467 5717 luisse
2500 5669 2853 5733 protractum,
2882 5666 3091 5722 scribit.
3149 5667 3239 5741 Τῷ
3267 5672 3322 5726 δὲ
3351 5672 3619 5730 διακοσιο-
