4064 6290
601 468 709 543 ιπῷ
735 469 844 522 ἔτει
874 470 982 540 τῆς
1019 467 1162 539 ζῶης
1192 467 1284 520 τοῦ
1323 467 1492 539 Ἀδὰμ
1513 469 1793 524 ἀπέκτεινε
1824 471 1962 525 Κάῖν
1993 472 2156 526 Ἀὁελ
2184 477 2229 534 Α

599 563 689 618 τὸν
736 561 958 631 ἀδελφὸν
1010 558 1193 614 αὑτοῦ.
1237 560 1346 613 Καὶ
1384 561 1642 633 ἐποίησαν
1682 563 1770 616 τὸν
1793 565 2016 617 κοπετὸν
2041 566 2069 618 ὃ
2097 584 2155 619 τε

613 653 783 724 Ἀδὰμ
827 653 919 705 καὶ
970 649 1080 703 Εύα
1131 650 1214 703 ἐπ’
1245 650 1403 704 αὐτοῦ
1445 654 1537 705 ἐπὶ
1567 654 1790 724 χρόνους
1825 653 1889 725 ρ’.
1919 652 2154 725 Ideoque

601 745 989 801 Constantinus
1010 743 1284 800 Manasses
1323 745 1377 798 in
1399 743 1590 798 Annal.
1621 745 1825 799 luctum
1852 747 2156 802 inconsola-

602 841 759 894 bilem
792 836 1146 905 nuncupavit,
1178 836 1367 899 πένθος
1397 836 1791 909 ἀπαράκλητον.

667 928 782 981 Col.
812 927 941 990 7A9,
982 927 1075 979 lin.
1102 925 1190 980 58.
1227 927 1287 978 '0
1314 926 1382 978 δὲ
1410 926 1650 994 πολλὴν
1695 928 2152 996 περινοστήσας.

601 1020 861 1086 Zonaras,
886 1019 1080 1073 Annal.
1105 1027 1234 1073 tom.
1265 1017 1287 1071 Ι
1318 1038 1333 1073 :
1364 1019 1421 1071 '0
1451 1018 1507 1071 δὲ
1524 1019 1792 1091 φθονήσας
1821 1021 1912 1075 ἐπὶ
1934 1025 1998 1094 τῇ
2034 1040 2159 1094 προ-

600 1113 818 1184 τιμήσει
854 1110 1054 1165 κτείνει
1077 1110 1235 1163 αὐτὸν
1266 1108 1358 1161 καὶ
1386 1109 1659 1179 ἐπάρατος
1679 1110 1884 1178 γίνεται
1911 1111 1986 1181 τῷ
2019 1111 2155 1182 Θεῷ,

601 1203 694 1256 καὶ
728 1202 952 1264 στένειν,
977 1202 1070 1254 καὶ
1092 1200 1310 1271 τρέμειν
1334 1200 1795 1255 καταδεδίκασται.
1848 1203 2159 1274 Ἐκὸληθεὶς

598 1292 656 1347 δὲ
694 1291 803 1346 ἀπὸ
828 1289 920 1344 τοῦ
954 1289 1242 1361 προσώπου
1270 1288 1359 1342 τοῦ
1397 1289 1551 1354 Θεοῦ,
1576 1292 1632 1344 ἐν
1659 1294 1729 1363 γῇ
1758 1290 1893 1345 Ναῒδ
1925 1290 2157 1364 ᾤκησεν,

598 1383 743 1438 ἔνθα·
766 1385 862 1437 καὶ
908 1383 1098 1445 παῖδας
1137 1382 1398 1450 ἐγείνατο.
1431 1381 1822 1438 Constantinus
1854 1382 2156 1445 Manasses,

601 1477 658 1530 in
690 1474 1025 1529 Annalibus:
1054 1473 1327 1527 Ἐντεῦθεν
1349 1474 1486 1527 Κὰἲν
1533 1473 1772 1539 ἐλασθεὶς
1806 1473 1905 1545 τῆς
1939 1473 2160 1547 πρώτης

602 1569 891 1641 παροικίας
902 1607 917 1633 ,

600 1662 709 1717 Καὶ
752 1659 870 1730 γῆν
912 1657 1148 1730 πολλὴν
1182 1656 1513 1730 ἐπιδραμὼξέ
1541 1656 1727 1730 ἔπηξε
1748 1658 1854 1723 τὰς
1885 1658 2158 1730 αὐλαίας,

605 1727 786 1784 Ἕνθά
814 1727 1002 1783 καλὸν
1045 1728 1168 1793 τοῖς
1211 1727 1533 1796 ὀφθαλμοῖς
1566 1728 1797 1781 ἐκείνου
1839 1727 2157 1796 κατεφάνη.

598 1813 669 1877 Et
698 1822 985 1891 Iosephus,
1016 1819 1193 1889 Antiq.
1230 1818 1444 1873 Judaic.
1484 1819 1577 1873 lib.
1617 1834 1656 1883 ι,
1698 1833 1819 1889 cap.
1849 1820 1882 1873 5
1910 1838 1922 1872 :
1958 1819 2162 1890 Πολλὴν
2194 1820 2236 1875 Β

601 1914 660 1968 δὲ
689 1912 926 1966 ἐπελθὼν
956 1912 1078 1982 γῆν,
1114 1909 1349 1982 ἱδρύεται
1396 1910 1531 1980 μετά
1575 1910 1671 1980 τῆς
1714 1911 1967 1978 γυναικὸς
2019 1911 2157 1964 Κάῖν

603 2005 776 2059 Ναΐδα
824 2005 984 2057 τόπον
1022 2001 1161 2055 οὓτω
1192 2000 1538 2072 καλούμενον,
1567 2003 1660 2054 καὶ
1711 2001 1894 2054 αὐτόθι
1934 2005 2161 2055 ποιεῖται

603 2097 703 2165 τὴν
748 2092 1077 2163 κατοίκησιν,
1133 2090 1258 2144 ἔνθα
1320 2091 1412 2144 καὶ
1455 2090 1639 2154 παῖδες
1685 2090 1946 2159 ἐγένοντο.
1980 2089 2163 2145 Prima

605 2188 769 2259 igitur
812 2186 963 2241 orbis
1010 2195 1276 2239 terrarum
1309 2184 1499 2239 civitas
1535 2180 1807 2237 Henochia
1836 2183 1938 2237 fuit
1975 2184 2162 2238 aCain

605 2285 902 2336 exstructa.
917 2277 1150 2332 Berosus
1168 2275 1384 2330 lictitius
1402 2274 1494 2329 lib.
1510 2273 1587 2328 De
1619 2273 1955 2357 temporibus,
1985 2273 2163 2329 lieno-

607 2373 782 2427 (-hiam
828 2371 1099 2426 civitatem
1133 2365 1320 2423 scribit
1352 2382 1472 2422 esse
1512 2366 1785 2439 conditam
1828 2367 1974 2421 circa
1999 2366 2161 2422 Liba-

606 2481 735 2521 num
793 2470 1053 2525 montem,
1089 2461 1181 2530 qui
1213 2467 1298 2515 est
1336 2460 1402 2514 ad
1433 2460 1699 2515 orientem
1757 2460 2163 2529 comparatione

607 2553 843 2628 regionis
889 2551 1254 2617 Damascenae,
1286 2550 1564 2620 fuisseque
1624 2550 2015 2619 amplissimam
2067 2567 2161 2605 ur-

607 2649 750 2710 bem,
801 2651 854 2700 et
895 2644 1280 2698 habitationem
1332 2642 1627 2713 gigantum.
1701 2639 1797 2695 His
1847 2640 1996 2695 addit
2043 2642 2160 2695 An-

608 2738 754 2797 nius,
810 2752 908 2790 suo
961 2737 1122 2790 etiam
1174 2741 1416 2801 tempore
1472 2732 1618 2787 illius
1673 2731 1914 2788 civitatis
1965 2731 2161 2786 dirutae

609 2827 759 2881 cerni
789 2827 842 2879 in
872 2836 1051 2879 monte
1080 2822 1286 2878 Libano
1308 2823 1542 2877 maxima
1581 2831 1635 2877 et
1679 2823 1918 2894 ingentia
1968 2822 2161 2877 funda-

610 2925 812 2980 menta,
835 2924 887 2973 et
915 2917 1074 2986 vulgo
1106 2915 1175 2968 ab
1206 2914 1400 2970 incolis
1433 2915 1579 2971 illius
1614 2915 1851 2985 regionis
1890 2917 2162 2970 nominari

610 3008 882 3062 civitatem
942 3007 1097 3072 Cain,
1148 3015 1313 3075 atque
1368 3005 1424 3059 id
1466 3021 1524 3060 se
1557 3020 1624 3059 ex
1665 3005 2056 3061 mercatoribus
2111 3016 2164 3062 et

611 3098 1034 3169 peregrinis,qui
1070 3097 1124 3151 in
1156 3097 1359 3151 Libano
1399 3106 1453 3152 et
1475 3096 1738 3151 Damasco
1761 3099 1959 3153 versati
1987 3106 2159 3162 erant,

612 3167 906 3259 accepisse.
962 3187 1324 3258 Hieronymus
1379 3196 1562 3243 tamen
1592 3196 1646 3243 et
1688 3188 1780 3243 alii
1811 3190 1967 3244 aliter
1994 3190 2166 3260 expli~
2192 3167 2233 3224 (ἶ

610 3289 755 3345 cant,
797 3278 911 3334 Nod
953 3295 1060 3334 non
1088 3294 1207 3334 esse
1245 3294 1441 3334 nomen
1472 3281 1749 3350 proprium
1788 3280 1913 3345 loci,
1950 3282 2044 3336 sed
2072 3297 2168 3352 ap-

611 3373 918 3443 pellativum
947 3371 1138 3427 Latine
1167 3372 1732 3443 signiticans,vagum,
1757 3372 2050 3439 ﬂuctuans,
2080 3375 2166 3429 in-

611 3462 825 3529 stabile,
859 3477 922 3517 ae
950 3463 1096 3517 sedis
1134 3463 1373 3517 incertae.

679 3553 836 3621 lbid.,
878 3554 971 3608 lin.
1020 3554 1109 3610 40.
1162 3555 1270 3609 Καὶ
1322 3553 1526 3609 πᾶσαν
1571 3555 1858 3623 ἁῤῥητοπ.
1898 3554 2167 3626 Iosephus

609 3646 703 3701 lib.
738 3664 754 3700 ι
798 3646 1055 3715 Antiquil.
1086 3645 1326 3709 Judaic.,
1365 3662 1483 3717 cap.
1513 3648 1546 3701 5
1579 3665 1590 3701 :
1623 3648 1734 3700 Ούκ
1785 3648 1877 3699 επὶ
1921 3647 2170 3720 νουθεσίᾳ

608 3739 668 3793 δὲ
688 3739 785 3810 τὴν
814 3739 1030 3792 κόλασιν
1059 3738 1264 3805 ἐλαϐεν,
1291 3740 1402 3793 ἀλλ’
1449 3740 1532 3791 ἐπ’
1562 3739 1784 3810 αὐξήσει
1826 3740 1926 3810 τῆς
1952 3741 2166 3807 κακίας,

607 3830 799 3901 ἡδονὴν
832 3832 927 3900 μὲν
955 3832 1132 3884 πᾶσαν
1162 3831 1466 3903 ἐκπορίζων
1498 3830 1660 3884 αὑτοῦ
1699 3832 1776 3902 τῷ
1805 3832 2034 3903 σώματι,
2065 3835 2168 3888 κᾶν

612 3917 728 3988 μεθ’
760 3917 965 3989 ὕϐρεως
995 3918 1098 3971 τῶν
1128 3921 1388 3974 συνόντων
1419 3920 1513 3993 δέῃ
1559 3919 1758 3990 ταύτην
1788 3920 1957 3992 ἔχειν·
1990 3921 2167 3986 αὔξων

607 4009 664 4061 δὲ
696 4010 783 4061 τὸν
810 4006 952 4063 οἷκον
982 4010 1171 4082 πλήθει
1217 4013 1510 4082 χρημάτων
1549 4012 1605 4077 ἐξ
1642 4015 1892 4085 ἁρπαγῆς
1928 4016 2018 4068 καὶ
2050 4016 2169 4085 βίας

607 4100 745 4170 πρὸς
767 4101 959 4172 ἡδονὴν
988 4104 1079 4156 καὶ
1104 4102 1353 4175 λῃστείαν
1386 4105 1510 4166 τοὺς
1539 4106 1959 4173 ἐντυγχάνοντας
1990 4124 2167 4177 παρα-

581 4204 586 4209 ”
608 4191 1130 4256 καλῶν,διδὰσκαλος
1154 4193 1330 4256 αὐτοῖς
1360 4194 1607 4265 πονηρῶν
1634 4195 1873 4266 ὑπῆρχεν
1894 4196 2169 4267 ἐπιτηδευ-

612 4281 815 4353 μάτων.
844 4280 1119 4337 Manasses
1153 4284 1203 4336 in
1239 4282 1430 4335 Annal.
1452 4299 1471 4335 :

607 4371 718 4426 Καὶ
745 4371 972 4440 πρῶτος
1005 4373 1295 4444 ἐπενόησε
1326 4375 1531 4444 πόλεις
1561 4376 2028 4444 ὀχυροπύργους.

604 4444 879 4511 Νηχύτου
899 4441 1218 4511 γενομένου
1234 4443 1300 4495 δὲ
1324 4443 1428 4495 τοῦ
1458 4441 1677 4511 πιένούξ
1696 4446 1812 4497 τῶν
1822 4441 2164 4513 ἀνθρώπων,

617 4513 869 4584 ξοδίταις
898 4513 1566 4584 ἐπετίθετο,η.λῃοξτείαις
1592 4515 1897 4584 ἐπεχείρει,

617 4582 963 4646 Ἐσκύλευε,
996 4581 1330 4650 διήρπαζεν,
1362 4581 1600 4651 ἔκραινε
1630 4581 1828 4652 χεῖρας
1862 4586 2091 4654 φόνοις.

603 4670 721 4725 Non
753 4672 941 4737 Caino,
1002 4673 1097 4728 sed
1135 4675 1255 4741 ejus
1295 4673 1422 4727 ﬁliis
1461 4684 1512 4727 ct
1556 4673 1768 4739 filiabus
1815 4674 2161 4745 ﬂagitiosam,

605 4777 668 4814 ac
703 4763 988 4817 nefandam
1026 4764 1299 4820 libidinem
1338 4767 1475 4818 hanc
1512 4764 1817 4821 Methodius
1851 4764 2162 4820 Patarensis

2199 4510 2241 4563 D

603 4852 810 4906 tribuit.
845 4853 934 4924 Τῷ
972 4856 1028 4908 δὲ
1059 4855 1490 4927 πεντακοσιοστῷ
1516 4857 1689 4928 χρόνῳ
1722 4858 1818 4929 τῆς
1850 4864 1898 4910 α’
1931 4857 2162 4928 χιλιάδος

602 4944 649 4994 οἱ
705 4944 808 4995 υἱοὶ
848 4944 939 4997 τοῦ
993 4947 1128 4999 Κάῖν
1170 4946 1610 5018 κατεστρώννυον
1642 4947 1739 5010 τὰς
1772 4950 2030 5012 γυναῖκας
2056 4948 2162 5001 τῶν

601 5035 841 5104 ἀδελφῶν
862 5037 1054 5091 αὐτῶν.
1083 5039 1245 5102 Γνοὺς
1259 5039 1314 5091 δὲ
1337 5038 1505 5092 ταῦτα
1528 5042 1555 5091 ὁ
1580 5039 1749 5109 Ἀδὰμ
1768 5039 2009 5111 ἐλυπήθη
2035 5040 2162 5108 σφό-

597 5127 717 5200 δρα.
761 5129 846 5181 Ἐν
889 5129 944 5181 δὲ
982 5129 1059 5198 τῷ
1097 5131 1454 5200 έξακοσιοστῷ
1482 5133 1588 5185 ἔτει
1621 5134 1717 5203 τῆς
1744 5134 1964 5205 πρώτης
1990 5134 2162 5205 χιλιά-

597 5218 685 5283 δος
707 5221 905 5292 οἴστρῳ
936 5221 1133 5292 ἔρωτος
1155 5224 1404 5292 πορνείας
1430 5227 1483 5276 αἰ
1509 5224 1711 5277 τούτων
1733 5221 1985 5293 γυναῖκες
2036 5244 2161 5280 κατ-

597 5312 894 5383 εσχέθησαν
931 5315 1024 5366 καὶ
1053 5316 1132 5375 εις
1164 5312 1355 5382 μανίαν
1384 5316 1716 5384 ἐτράπησαν,
1748 5319 1839 5369 καὶ
1871 5321 1981 5380 τοῖς
2014 5317 2160 5382 ἰδίοις

595 5404 848 5477 ἀνδράσιν
873 5405 966 5458 ἅτε
992 5403 1234 5473 γυναιξὶν
1263 5405 1576 5475 ἐκέχρηντο,
1601 5408 1691 5458 καὶ
1712 5408 1932 5475 γέγονεν
1946 5407 2158 5479 ἀληθῶς

596 5497 870 5569 προῦπτος
926 5497 1153 5567 αἰσχύνη
1204 5499 1316 5558 τοῖς
1359 5496 1543 5566 ὁρῶσι.
1577 5497 1665 5567 Τῷ
1727 5498 1780 5550 δὲ
1841 5501 2156 5553 ὁκτακοσιο-

596 5590 706 5660 uti?)
747 5593 920 5662 χρόνῳ
963 5592 1062 5661 τῆς
1108 5591 1251 5663 ζωῆς
1307 5591 1399 5643 τοῦ
1464 5591 1632 5660 Ἀδὰμ
1685 5593 2053 5647 κατεπλὰτυνε
2096 5595 2156 5647 τὸ

598 5683 752 5750 μῖσος
780 5683 879 5751 τῆς
910 5683 1161 5753 πορνείας
1190 5684 1246 5737 ὲν
1276 5685 1341 5754 τῇ
1376 5683 1443 5753 γῇ
1468 5682 1571 5736 ὑπὸ
1597 5681 1701 5736 τῶν
1728 5683 1855 5736 υἱῶν
1879 5682 1968 5737 τοῦ
2005 5683 2161 5736 ἁδελςέ

597 5771 852 5834 φοκτὸνου
884 5775 1041 5826 Κάϊν.

1906 351 2150 408 LEONIS
2188 353 2461 409 ALLATII

3715 355 3811 412 976

2323 474 2484 539 lbid.,
2514 474 2612 529 lin.
2661 474 2751 527 45.
2782 472 3016 540 Πρῶτος
3044 472 3112 526 δὲ
3130 472 3296 528 Κάῖν.
3319 470 3559 529 Joannes
3580 468 3811 533 Zonaras

2257 567 2451 620 Annal.
2473 577 2601 621 tom.
2622 564 2674 635 1,:
2700 560 2868 629 Οὗτος
2895 567 3065 637 μέτρα
3086 583 3145 619 τε
3170 567 3264 619 καὶ
3288 565 3810 639 στάθμη-ἐπενόησε,

2257 660 2350 711 καὶ
2378 658 2588 728 πρῶτος
2621 658 2779 729 ὄρους
2821 657 3056 729 ἐπήξατο
3082 656 3186 727 γῆς
3219 657 3485 728 πονηρίας
3509 655 3811 730 καθηγητὴς

2256 749 2673 820 χρηματισθεὶς,
2703 750 2793 802 καὶ
2841 750 2991 803 πόλιν
3035 750 3115 812 είς
3155 748 3325 819 ὕνομα
3360 747 3457 801 τοῦ
3481 750 3809 820 πρωτοτόκου

2259 842 2372 895 υἱοῦ
2396 841 2558 895 αὑτοῦ
2598 841 2761 906 Ἐνὼς
2793 842 3156 913 ᾠκοδόμησεν.
3174 840 3449 911 Josephus
3483 841 3613 896 item
3639 841 3811 897 inven-

2258 933 2458 987 tionem
2518 933 2814 1002 pondcrum
2864 945 2918 988 et
2965 947 3340 992 mensurarum
3390 939 3673 1003 acceptam
3716 933 3809 989 fert

2258 1025 2352 1079 lib.
2382 1039 2398 1077 ι
2434 1025 2714 1095 Αιιιὶᾳιιίτη
2747 1040 2867 1096 cap.
2890 1026 2925 1079 5
2992 1025 3102 1078 Kal.
3140 1024 3236 1096 τὴν
3270 1024 3700 1095 ἀπραγμοσύνην
3723 1025 3810 1096 μὲν

2258 1110 2292 1190 ᾖ
2320 1116 2580 1188 πρότερον
2613 1116 2844 1180 συνέζων
2873 1118 2922 1169 οἱ
2944 1115 3217 1188 ἄνθρωποι
3248 1115 3463 1186 μέτρων
3499 1116 3706 1187 ἐπινοίᾳ
3727 1118 3810 1170 καὶ

2259 1205 2512 1275 σταθμῶν
2541 1208 2922 1277 μετεστήσατο,
2950 1206 3207 1276 ἀκέραιον
3234 1205 3420 1268 αὐτοῖς
3454 1204 3584 1258 ὄντα
3601 1205 3687 1258 τὸν
3712 1206 3808 1277 βίον

2258 1300 2324 1352 ὲκ
2374 1299 2473 1369 τῆς
2503 1298 2704 1351 τούτων
2750 1297 3003 1368 ἀμαθίας,
3037 1298 3129 1352 καὶ
3172 1297 3550 1368 μεγαλόψυχον
3583 1298 3659 1360 είς
3688 1315 3805 1351 παν-

2257 1390 2479 1463 ουργίας
2525 1389 2764 1460 ἀγαγών.
2815 1389 3130 1458 Eutropius,
3191 1389 3289 1444 lib.
3325 1405 3366 1453 ι,
3404 1387 3569 1443 initio
3594 1388 3807 1460 (haasitat

2259 1489 2439 1535 tamen
2490 1478 2914 1548 Christophorus
2967 1478 3278 1535 Roﬁniacus
3329 1480 3386 1533 in
3440 1474 3656 1531 Comm.
3692 1478 3802 1533 hist.

2259 1586 2390 1624 num
2433 1584 2558 1624 vera
2601 1576 2876 1638 suntquae
2910 1568 2977 1623 de
3004 1569 3208 1624 exteris
3241 1569 3410 1623 rebus
3443 1567 3675 1622 admista
3697 1576 3802 1623 sunt

2260 1658 2563 1728 Eutropio:
2605 1673 2731 1713 nam
2786 1659 2833 1714 is
2886 1659 3031 1714 solas
3089 1657 3380 1718 Romanas.
3429 1666 3492 1713 ut
3523 1658 3800 1714 doctissimi

2264 1753 2558 1821 scriptores
2588 1758 2879 1817 testantur,
2895 1749 3218 1820 contexuit),
3242 1766 3307 1806 eo
3338 1758 3587 1819 tempore
3605 1764 3800 1804 mensu-

2266 1859 2358 1899 ras
2403 1849 2456 1898 et
2487 1842 2724 1912 pondera
2776 1842 2994 1896 inventa
3028 1842 3214 1905 tradit,
3244 1857 3352 1910 quo
3407 1840 3554 1910 apud
3593 1839 3801 1894 Albanos

2267 1935 2488 1998 Procas,
2524 1934 2663 2004 apud
2697 1932 2910 1988 Iudaeos
2932 1933 3043 1986 Aza
3075 1937 3396 2003 regnarunt.
3424 1931 3533 1985 Alii
3558 1930 3797 1986 Palamedi

2267 2025 2630 2081 inventionem
2686 2024 2828 2078 hanc
2871 2023 3263 2092 ascripserunt,
3295 2038 3324 2076 a
3355 2022 3562 2091 quibus
3584 2036 3685 2076 non
3709 2021 3795 2088 dis.

2267 2117 2431 2172 sentit
2479 2114 2706 2186 Gorgias
2760 2113 3057 2170 Leontinus
3104 2115 3351 2170 oratione
3417 2115 3676 2184 apologet.
3716 2128 3797 2183 pro

2265 2204 2552 2261 Palamede
2583 2222 2596 2256 :
2636 2205 2730 2269 Τίς
2759 2205 2866 2276 γὰρ
2890 2205 2955 2259 ἂν
2985 2204 3206 2274 ἐποίησε
3222 2205 3311 2257 τὸν
3350 2202 3679 2275 ἀνθρώπινον
3707 2203 3793 2274 βίον

2267 2295 2496 2365 πόριμον
2527 2294 2584 2360 ἐξ
2617 2295 2841 2366 ἀπόρου,
2882 2296 2976 2349 καὶ
3030 2294 3442 2364 κεκοσμημένον
3481 2293 3539 2359 se
3567 2293 3789 2362 ἀκόσμου,

2266 2384 2445 2449 τάξεις
2486 2401 2548 2437 τε
2582 2384 2880 2456 πολεμικὰς
2912 2384 3083 2456 εὑρὼν
3119 2385 3370 2454 μέγιστον
3409 2385 3488 2446 εἰς
3514 2382 3790 2451 πλεονεκτή-

2271 2494 2438 2549 ματα,
2473 2477 2671 2548 νόμους
2701 2495 2759 2530 τε
2788 2479 3086 2548 γραπτοὺς,
3111 2477 3355 2547 φύλακάς
3390 2493 3453 2529 τε
3487 2476 3577 2530 τοῦ
3597 2476 3787 2538 δικαίου,

2267 2570 2570 2643 γράμματά
2592 2587 2650 2623 τε
2680 2571 2896 2641 μνήμης
2926 2568 3174 2641 ὄργανον,
3197 2568 3368 2640 μέτρα
3394 2586 3453 2622 τε
3477 2568 3567 2623 καὶ
3594 2567 3785 2637 σταθμὰ,

2270 2662 2611 2732 συναλλαγῶν
2649 2662 2910 2735 εὐπόρους
2937 2660 3244 2730 διαλλαγὰς,
3270 2661 3499 2733 ἀριθμόν
3526 2679 3579 2714 τε
3608 2660 3787 2732 χρημά-

2267 2770 2373 2806 των
2409 2752 2647 2821 φύλακα,
2683 2750 2921 2822 πυρσούς
2963 2767 3021 2803 τε
3047 2743 3391 2821 κρατίστους,
3425 2751 3515 2804 καὶ
3543 2751 3786 2821 ταχίστους

2268 2843 2548 2912 ἀγγέλους,
2580 2842 2809 2906 πεσσούς
2841 2858 2901 2894 τε
2943 2840 3134 2913 σχολῆς
3167 2840 3369 2896 ἄλυπον
3425 2842 3707 2914 διατριϐήν;
3731 2840 3785 2893 lit

2266 2934 2576 2990 Alcidamas
2628 2935 2927 2990 acerrimus
2975 2932 3284 2989 Palamedis
3333 2942 3603 2989 accusator
3642 2934 3690 2988 in
3729 2948 3782 2986 ea

2268 3040 2430 3097 quam
2465 3033 2656 3080 contra
2695 3024 3035 3080 Palamedem
3078 3024 3410 3094 conscripsit
3437 3026 3659 3079 oratione
3694 3022 3781 3077 etsi

2269 3131 2450 3171 rerum
2484 3116 2733 3177 aliarum,
2762 3115 2819 3169 in
2848 3114 3046 3185 quibus
3077 3113 3447 3171 inventoribus
3475 3115 3581 3169 laus
3622 3114 3777 3181 aliqua

2267 3217 2369 3274 est,
2417 3209 2519 3279 ipsi
2562 3209 2809 3277 deneget,
2855 3215 2909 3262 et
2960 3207 3096 3261 alios
3151 3204 3430 3261 Palamede
3475 3206 3774 3273 antiquiores

2266 3306 2676 3365 commemorat,
2734 3300 2932 3369 quibus
2977 3298 3214 3352 humana
3244 3308 3425 3351 natura
3456 3297 3643 3349 inventa
3682 3294 3765 3347 illa

2266 3392 2444 3456 debet,
2479 3399 2659 3447 tamen
2691 3392 2832 3445 hanc
2866 3404 3244 3445 mensurarum
3291 3401 3341 3444 et
3381 3386 3642 3457 ponderum
3687 3384 3761 3437 in-

2267 3484 2573 3539 ventionem
2623 3482 2897 3538 Palamedi
2948 3498 3058 3538 non
3097 3479 3548 3553 denegatzMézpa
3589 3476 3637 3529 δὲ
3677 3475 3761 3528 καὶ

2270 3578 2482 3649 σταθμὰ
2512 3578 2718 3650 ἐξεῦρε,
2753 3579 3037 3650 καπήλοις,
3067 3578 3161 3631 καὶ
3211 3577 3465 3649 ἀγοραίοις
3499 3572 3767 3644 ἀνθρώποις

2268 3669 2478 3733 ἀπάτας
2537 3669 2631 3722 καὶ
2676 3671 2977 3741 ἐπιορκίας,
3005 3670 3229 3734 πεττούς
3259 3687 3321 3738 γε
3355 3669 3449 3740 μὴν
3473 3670 3573 3729 τοῖς
3609 3664 3774 3734 ἀργοῖς

2268 3761 2374 3815 τῶν
2423 3761 2627 3833 ἀνδρῶν
2690 3761 2865 3832 ἔριδας
2918 3761 3010 3816 καὶ
3063 3761 3346 3833 λοιδορίας.
3378 3760 3479 3813 Καὶ
3518 3756 3689 3816 κύϐους
3718 3749 3775 3806 αὖ

2271 3851 2519 3922 μέγιστον
2566 3851 2728 3905 κακὸν
2778 3851 3031 3918 ἐδίδαξεν,
3062 3854 3173 3915 τοῖς
3212 3852 3309 3920 μὲν
3342 3846 3595 3921 ἡττηθεῖσι
3627 3842 3778 3905 λύπας

2269 3947 2362 3999 καὶ
2404 3943 2622 4018 ζημίας,
2650 3947 2760 4008 τοῖς
2784 3945 2839 3998 δὲ
2871 3944 3062 3998 νικῶσι
3108 3944 3453 4013 καταγέλωτα
3482 3940 3567 3995 καὶ
3589 3936 3774 3999 ὄνειδος.

2270 4037 2335 4090 Et
2381 4035 2585 4092 Gellius
2626 4036 2889 4091 referente
2940 4035 3113 4089 Plinio
3170 4037 3207 4089 l.
3244 4053 3339 4098 vn,
3388 4051 3437 4089 c.
3475 4033 3556 4093 56.
3586 4027 3778 4085 ididem

2269 4129 2498 4183 Phidoni
2537 4129 2738 4199 Argivo
2786 4129 2996 4189 tribuit,
3029 4128 3116 4182 cui
3150 4128 3434 4182 sententiae
3463 4134 3514 4180 et
3548 4121 3782 4177 Eusebius

2270 4223 2325 4276 in
2357 4220 2706 4291 Chronologia
2739 4219 3128 4289 subscripsisse
3176 4219 3407 4274 videtur.
3455 4215 3638 4271 Strabo
3677 4214 3779 4265 item

2270 4315 2362 4369 lib.
2389 4330 2481 4368 vui
2524 4314 2687 4382 hujus
2731 4313 2993 4376 meminit,
3018 4321 3071 4367 et
3105 4312 3247 4366 illius
3289 4310 3609 4367 inventionis
3643 4327 3655 4361 :
3695 4304 3784 4358 Kal

2274 4408 2444 4477 μέτρα
2474 4404 2660 4476 ἐξεῦρε
2692 4404 2759 4456 τὰ
2791 4403 3045 4473 φειδώνια
3088 4404 3181 4456 καὶ
3216 4404 3506 4474 σταθμοὺς,
3545 4402 3631 4454 καὶ
3657 4398 3784 4469 νόμι-

2272 4516 2381 4568 σμα
2414 4496 2839 4568 κεχαραγμένον,
2870 4496 2929 4547 τό
2959 4513 3016 4548 τε
3056 4495 3181 4548 ἄλλο
3225 4495 3319 4548 καὶ
3351 4496 3412 4547 τὸ
3448 4490 3717 4564 ἀργυροῦν·
3744 4496 3786 4542 et

2188 4594 2198 4601 '
2264 4588 2475 4649 Pollux,
2514 4588 2606 4640 lib.
2634 4603 2727 4651 ru,
2775 4600 2894 4655 cap.
2937 4584 3002 4638 56
3031 4602 3044 4637 :
3070 4584 3166 4654 Εἰή
3199 4582 3263 4635 ἂν
3297 4584 3391 4636 καὶ
3425 4581 3612 4651 φειδων
3639 4595 3685 4630 τι
3709 4577 3789 4642 ἀγο

2264 4684 2407 4748 γεῖον
2448 4678 2698 4748 ὲλαιηρὸν
2731 4677 2837 4730 ἀπὸ
2870 4676 2977 4729 τῶν
3008 4673 3326 4744 φειδωνείων
3364 4674 3569 4745 μέτρων
3604 4670 3785 4737 ὠνομα-

2266 4770 2495 4839 σμένων,
2533 4769 2671 4839 ὑπὲρ
2707 4762 2778 4819 ὧν
2812 4768 2868 4820 ἐν
2904 4766 3130 4837 Ἀργείῳ
3171 4764 3413 4835 πολιτείᾳ
3453 4758 3786 4835 Ἀριστοτέλης

2262 4864 2428 4932 λέγει,
2468 4870 2521 4916 et
2563 4863 2616 4916 in
2651 4861 2887 4916 Scholiis
2934 4860 3242 4915 Pindaricis
3286 4861 3402 4915 haec
3433 4857 3782 4929 reperiuntur:

2261 4956 2455 5008 Φείδων
2486 4971 2569 5017 τις
2600 4952 2880 5024 Κορίνθιος
2911 4948 3035 5024 εῦρε
3068 4953 3239 5024 μέτρα
3267 4953 3360 5005 καὶ
3383 4950 3596 5021 σταθμά
3615 4966 3627 4979 ·
3651 4957 3785 5000 voca-

2262 5054 2352 5100 tur
2385 5054 2563 5101 autem
2593 5045 2935 5108 Corinthius,
2967 5060 3076 5098 non
3108 5046 3233 5114 quia
3264 5045 3514 5100 Corinthi
3544 5051 3694 5098 natus
3715 5054 3786 5093 es-

2261 5146 2362 5200 set,
2395 5138 2490 5193 sed
2519 5138 2663 5207 quod
2699 5137 2771 5191 ibi
2815 5144 3080 5191 maneret.
3124 5136 3199 5190 Ex
3240 5137 3326 5192 his
3355 5144 3589 5207 quatuor
3617 5134 3665 5187 in
3694 5143 3784 5185 uno

2261 5229 2531 5284 versiculo
2560 5228 2745 5298 lapsus
2770 5225 3031 5281 Rofiniaci
3062 5227 3449 5297 deprehendes.
3479 5227 3704 5281 Primum
3729 5236 3783 5275 ex

2261 5320 2521 5382 Phidone,
2550 5319 2873 5375 thdonem
2905 5319 3036 5374 facit
3063 5319 3115 5373 in
3153 5317 3439 5375 Strabone.
3479 5316 3780 5373 Secundum.

2260 5414 2421 5466 alium
2456 5414 2601 5466 hunc
2635 5422 2795 5482 atque
2839 5412 3115 5467 diversum
3165 5412 3232 5465 ab
3282 5428 3348 5467 eo
3396 5412 3555 5480 cujus
3605 5403 3781 5464 mentio

2258 5503 2398 5573 apud
2438 5501 2673 5558 Plinium
2705 5512 2809 5568 est,
2842 5504 3146 5567 constituit,
3180 5519 3304 5558 cum
3348 5503 3418 5557 sit
3468 5502 3627 5556 idem.
3670 5495 3780 5551 Ter-

2257 5597 2391 5648 tium
2417 5594 2581 5664 hujus
2617 5595 2750 5674 artis
2781 5604 3059 5652 auctorem
3089 5595 3350 5666 appellari
3381 5609 3410 5647 a
3442 5593 3695 5647 Strabone
3715 5584 3781 5638 af-

2257 5688 2453 5752 firmat,
2489 5702 2611 5741 cum
2647 5703 2747 5742 nec
2782 5704 2971 5742 verum
3022 5688 3075 5741 id
3124 5687 3309 5751 fuerit,
3346 5701 3445 5740 nec
3476 5684 3664 5738 Strabo
3692 5695 3777 5732 un-

2254 5794 2415 5850 quam
2469 5778 2780 5834 somniavit.
2830 5778 3028 5833 Earum
3063 5779 3209 5836 enim
3241 5791 3639 5839 mensurarum,
3681 5782 3783 5842 qua
