4064 6290
345 367 450 424 977

1322 368 1391 422 IN
1431 365 1804 425 EUSTATHII
1839 364 2316 422 HEXAEMERON
2354 364 2585 422 NOTAE.

3481 366 3583 423 978

348 486 418 540 ab
446 482 569 554 ejus
616 483 837 540 nomine
882 482 1162 541 Pbidoniae
1211 496 1418 542 vocatae
1460 493 1610 551 sunt,
1666 486 1919 541 inventor
1946 493 1990 548 Α
2020 495 2141 544 sent
2173 485 2429 541 eumdem
2466 490 2703 557 superna
2748 491 2919 540 matre
2950 493 3157 549 natum,
3198 494 3360 555 quam
3403 487 3587 556 perhi-

347 576 594 645 exstitit;
620 576 675 632 id
705 584 759 632 et
790 577 1013 648 scripsit
1042 576 1261 642 Strabo,
1296 579 1589 648 caeterique
1620 578 1917 648 scriptores
2020 580 2151 634 bent
2171 578 2499 634 convenisse
2516 593 2639 633 cum
2666 592 2904 649 superno
2928 584 3083 648 patre
3104 585 3164 631 ut
3189 578 3314 633 inde
3339 578 3587 634 divinum

349 666 701 723 confirmant.
739 666 1007 733 Quartum
1039 683 1104 723 ex
1146 668 1367 739 Argivo,
1418 668 1722 724 Elidensem
1765 669 1915 723 facit.

2020 686 2204 725 semen
2230 670 2378 725 aliud
2406 679 2725 726 nasceretur
2771 676 3031 742 tanquam
3080 669 3313 725 ﬁliorum
3352 669 3467 726 Dei.
3510 668 3587 726 De

349 758 608 825 Quamvis
638 759 782 813 enim
814 765 868 813 et
891 759 1089 829 Argos,
1117 768 1169 815 et
1197 758 1311 815 Elis
1338 761 1395 815 in
1420 760 1829 832 Peloponneso:
1866 770 1920 815 at
2019 778 2250 834 quorum
2299 778 2437 817 vana
2483 763 2738 832 opinione
2781 763 2905 818 vide
2956 763 3020 818 D.
3076 762 3305 832 August.
3351 763 3445 820 lib.
3508 763 3588 819 De

349 861 615 924 quantum
649 851 890 907 distant?

2021 852 2332 915 Iawresibus,
2391 852 2457 906 ad
2502 853 2953 919 Quodvultdeum.
3008 852 3220 909 Delrius

3290 861 3493 917 tamen,
3529 855 3583 907 in

421 943 673 1010 Col.749,
697 944 1922 1020 lin.45.Kalopovcrﬁqérzerﬂainoquoque
2023 948 2128 1001 fine
2160 961 2283 1016 cap.
2320 962 2372 1001 ιν
2412 944 2622 1012 Genes.,
2656 946 2834 1015 rejicit
2874 946 3014 1001 hanc
3054 947 3361 1018 Opinionem
3410 956 3587 1002 tanto-

350 1035 609 1100 limitum,
642 1036 735 1106 qui
762 1036 909 1105 agris
935 1037 1095 1092 tinem
1122 1038 1502 1106 decernerent,
1522 1048 1574 1096 et
1605 1042 1819 1096 urbium
1849 1057 1921 1097 ae-

353 1126 753 1183 dificandarum
772 1131 1002 1198 primam
1021 1130 1285 1186 rationem
1305 1143 1582 1203 acceptam
1602 1134 1804 1190 ferunt.
1826 1133 1890 1189 Jo
1905 1162 1922 1175 -

2022 1054 2142 1094 rum
2193 1038 2413 1093 Patrum
2466 1038 2796 1094 testimoniis
2849 1039 3140 1094 firmatam.
3192 1039 3428 1105 Domini,
3485 1039 3588 1094 He-

2025 1131 2221 1195 braice,
2258 1131 2459 1202 inquit,
2498 1142 2577 1186 est
2610 1139 3106 1199 tetragrammaton,
3138 1131 3276 1202 quod
3308 1132 3408 1186 soli
3438 1148 3588 1185 sem—

355 1219 558 1289 sephus
585 1221 764 1289 Antiq.
794 1220 886 1275 lib.
923 1236 962 1284 l,
998 1235 1120 1293 cap.
1152 1224 1223 1278 ὃς
1267 1225 1463 1296 Ὅρους
1494 1243 1553 1279 τε
1585 1226 1689 1297 γῆς
1712 1225 1924 1297 πρῶτος

2035 1238 2113 1277 per
2161 1222 2264 1277 Deo
2305 1222 2713 1292 datum:quare
2751 1239 3020 1293 nunquam
3061 1222 3315 1275 tributum
3354 1221 3587 1286 Enoclto,

291 1387 293 1389 ι
355 1312 527 1378 ἔθετο,
564 1314 658 1367 καὶ
700 1313 851 1366 πόλιν
880 1313 1152 1385 ἐδείματο,
1199 1316 1294 1369 καὶ
1337 1317 1570 1386 τείχεσιν
1613 1319 1922 1391 ὠχύρωσεν,

2028 1322 2121 1369 aut
2147 1315 2276 1385 filiis
2304 1315 2457 1378 eius;
2486 1312 2602 1369 ideo
2627 1332 2730 1368 non
2759 1324 2881 1368 sunt
2909 1314 3156 1368 audiendi
3189 1313 3338 1384 (nota
3367 1313 3466 1368 viri
3503 1327 3589 1368 re—

356 1400 437 1463 εἰς
465 1399 629 1452 ταύτὸ
657 1399 922 1453 συνελθεῖν
958 1404 1083 1466 τοὺς
1109 1404 1339 1468 οἰκείους
1370 1409 1808 1476 καταναγκάσας,
1833 1408 1927 1462 καὶ

2035 1406 2209 1477 ligiosi
2242 1407 2297 1461 in
2331 1413 2552 1462 sanctos
2596 1406 2788 1460 Patres
2830 1404 3212 1476 reverentiam)
3244 1420 3425 1475 graves
3454 1403 3590 1457 alio-

357 1491 455 1561 τὴν
502 1490 655 1544 πόλιν
687 1490 743 1543 δὲ
778 1491 979 1564 ταύτην
1013 1493 1120 1546 ἀπὸ
1168 1493 1398 1550 Ἐνώσου
1434 1498 1526 1550 τοῦ
1556 1499 1926 1569 πρεσϐυτάτου

359 1581 547 1645 παιδὸς
593 1580 827 1636 Ἐνώσαν
860 1584 1134 1640 ἐκάλεσεν.
1172 1585 1506 1657 Theophilus
1529 1589 1926 1655 Antiochenus,

357 1673 457 1734 lib.
489 1690 525 1728 ιι
547 1675 615 1728 ad
659 1675 972 1746 Autolycum
999 1693 1018 1731 :
1062 1677 1120 1731 ὐ
1164 1674 1257 1732 οὖν
1287 1678 1427 1733 Κάϊν
1459 1682 1552 1736 καὶ
1581 1681 1743 1746 αὐτὸς
1773 1682 1930 1754 ἔσχεν

357 1764 470 1818 υἱὸν
499 1764 666 1835 ὄνομα
681 1765 868 1837 Ἑνὼχ,
890 1768 983 1822 καὶ
1000 1769 1312 1841 ᾠκοδόμησε
1341 1771 1513 1837 πόλιν,
1551 1774 1617 1845 ἣν
1641 1775 1931 1846 ἐπωνόμα-

2027 1500 2151 1569 quin
2179 1499 2485 1567 scriptores,
2518 1497 2772 1569 Cyrillus,
2792 1497 3183 1562 ’leeodorelus,
3215 1495 3516 1563 Emisenus,
3538 1504 3588 1550 et

2030 1588 2246 1656 Suidas,
2276 1594 2365 1660 qui
2391 1598 2653 1660 exponunt
2681 1598 2802 1644 tunc
2831 1589 3064 1655 Enocho,
3099 1597 3308 1658 propter
3336 1589 3589 1658 insignem

2028 1683 2291 1750 pietatem,
2311 1679 2425 1746 Dei,
2444 1690 2491 1734 et
2509 1681 2715 1746 liberis,
2748 1681 2980 1746 ﬁliorum
3009 1680 3105 1734 Dei
3142 1694 3327 1734 nomen
3359 1678 3544 1732 datum
3571 1693 3590 1731 :

2031 1771 2217 1842 quibus
2248 1772 2446 1826 resistit
2475 1771 2727 1828 Hebraeus
2757 1781 3049 1827 contextus.
3082 1770 3296 1841 Decepit
3321 1787 3428 1837 eos,
3456 1768 3591 1841 quod

359 1873 451 1909 σεν
477 1857 567 1910 ἐπὶ
585 1856 662 1927 τῷ
684 1857 906 1929 ὀνόματι
932 1859 1025 1914 τοῦ
1052 1859 1169 1915 υἱοῦ
1202 1863 1365 1917 αὐτοῦ
1405 1863 1590 1937 Ἐνώχ.
1640 1866 1772 1920 Ἀπὸ
1810 1867 1929 1921 τότε

2035 1838 2132 1916 non
2174 1861 2462 1918 distinxere
2497 1863 2637 1917 inter
2665 1862 2893 1928 Heloim,
2946 1862 3081 1934 quod
3133 1838 3362 1932 est-cap.
3421 1838 3496 1928 vi,
3535 1861 3589 1925 ί,

361 1944 502 2018 ἀρχὴ
544 1946 758 2014 ἐγένετο
786 1948 879 2003 τοῦ
932 1951 1323 2022 οἰκοδομεῖσθαι
1380 1956 1582 2021 πόλεις,
1637 1957 1732 2011 καὶ
1767 1957 1927 2012 τοῦτο

360 2039 467 2094 πρὸ
503 2041 904 2114 κατακλυσμοῦ,
954 2045 1051 2117 οὐχ
1086 2046 1422 2119 ὡς”Ομηρος
1456 2048 1707 2118 ψεύδεται
1738 2049 1927 2119 λέγων·

434 2134 516 2187 Οὐ
531 2132 640 2203 γάρ
656 2150 744 2188 πω
762 2138 1095 2192 πεπόλιστο
1113 2140 1291 2206 πόλις
1297 2143 1576 2210 μερόπων
1590 2141 1928 2212 ἀνθρώπων.

433 2218 571 2279 Ibid.
594 2265 610 2292 ,
660 2227 759 2282 lin.
796 2227 886 2282 48.
942 2227 995 2282 '0
1024 2229 1093 2282 δὲ
1146 2231 1316 2302 Ἀδὰμ
1341 2232 1560 2303 μένων.
1602 2233 1766 2292 Filias
1797 2235 1933 2291 duas

362 2315 633 2373 Adamum
676 2336 1016 2390 procreasse,
1060 2322 1298 2379 Azuram
1344 2334 1400 2383 et
1424 2328 1644 2397 Asvam,
1679 2331 1927 2396 tradunt,

364 2406 459 2459 alii
497 2409 809 2464 (Zalmanam
844 2419 897 2466 et
928 2411 1278 2473 Lemboram.
1330 2416 1690 2488 Epiphanius,
1736 2420 1930 2477 haeres.

365 2495 456 2562 59,
489 2513 554 2553 ex
580 2497 819 2557 Jobilaeis
862 2504 1028 2560 refert
1072 2507 1309 2563 Azuram
1345 2507 1496 2566 Sethi
1524 2510 1699 2568 fuisse
1733 2512 1928 2581 conju-

368 2603 509 2658 gem,
544 2589 744 2645 Asvam
775 2608 927 2660 vero,
963 2596 1075 2652 sive
1128 2597 1348 2669 Savam,
1396 2608 1458 2656 ut
1506 2601 1623 2673 ipse
1677 2604 1930 2674 appellat,

369 2680 544 2738 Caini.
596 2683 878 2742 Cedrenus
932 2689 1178 2744 eamdem
1221 2690 1388 2747 Sctho
1447 2694 1716 2766 assignat,
1771 2712 1932 2766 quam

370 2773 566 2826 Asvam
620 2783 799 2832 vocat.
855 2776 1165 2838 Methodius
1219 2781 1534 2841 Patarensis
1570 2787 1700 2839 :‘Ev
1750 2787 1808 2839 δὲ
1857 2787 1936 2858 τῷ

297 2936 303 2940 δ
370 2869 673 2940 τριακοστῷ
712 2872 887 2943 χρόνῳ
919 2873 1015 2945 τῆς
1059 2873 1237 2939 ἐξόδου
1276 2876 1453 2930 αὐτῶν
1485 2876 1580 2931 τοῦ
1609 2879 1933 2951 παραδείσου

370 2958 597 3014 τέτοκαν
626 2963 764 3018 Κάῑν
790 2965 880 3018 τὸν
901 2966 1242 3038 πρωτότοκον
1268 2970 1364 3022 καὶ
1388 2969 1486 3041 τὴν
1511 2970 1752 3042 ἀδελφὴν
1770 2971 1935 3026 αὐτοῦ

373 3051 689 3123 Καλμάναν.
724 3056 835 3111 Καὶ
879 3058 1016 3129 μετά
1056 3062 1371 3131 τριακοστὸν
1415 3061 1599 3133 ἕτερον
1634 3062 1752 3126 ἔτος
1787 3065 1941 3133 ἐγένο

373 3158 502 3214 νησε
530 3145 618 3199 τὸν
646 3147 809 3201 Ἀϐελ
839 3150 933 3203 σὺν
963 3152 1027 3222 τῇ
1060 3152 1318 3224 Λεμϐόρᾳ
1342 3154 1408 3224 τῇ
1434 3152 1635 3225 ἀδελφῇ
1662 3154 1849 3211 αὐτοῦ.

442 3234 600 3303 lbid.,
640 3239 736 3296 lin.
755 3239 844 3297 49.
887 3242 982 3296 Ἐν
1018 3238 1106 3309 οἷς
1140 3243 1457 3312 ἐξαίρετος.
1493 3244 1786 3316 Iosephus,
1827 3250 1937 3302 An-

375 3328 552 3399 tiquit.
581 3331 676 3387 lib.
712 3348 750 3398 ι,
784 3349 902 3405 cap.
936 3336 971 3391 5
1005 3353 1020 3392 :
1050 3336 1296 3392 Γίνονται
1327 3340 1423 3409 μὲν
1443 3334 1537 3393 οὖν
1562 3339 1744 3404 παῖδες
1772 3340 1936 3402 αὐτοῦ

372 3419 520 3473 ἄλλοι
551 3439 609 3475 τε
634 3425 727 3478 καὶ
753 3426 989 3492 πλείους,
1013 3428 1107 3482 καὶ
1127 3430 1318 3501 Σῆθος.
1361 3430 1520 3485 Ἀλλὰ
1553 3432 1680 3503 περὶ
1708 3432 1806 3503 μὲν
1830 3432 1937 3486 τῶν

373 3511 546 3567 ἄλλων
578 3518 784 3590 μακρὸν
810 3519 876 3574 ἂν
908 3520 992 3592 εἴη
1019 3521 1196 3591 λέγειν
1218 3541 1233 3554 ο
1261 3525 1593 3596 πειράσομαι
1625 3524 1679 3577 δὲ
1708 3524 1842 3596 μόνα
1871 3526 1939 3580 τὰ

371 3605 479 3659 τῶν
506 3608 613 3661 ἀπὸ
645 3610 813 3680 Σήθου
839 3612 1082 3668 διελθεῖν.
1100 3616 1339 3688 Τραφεὶς
1368 3616 1476 3689 γὰρ
1501 3612 1670 3680 οὗτος,
1688 3620 1780 3681 καὶ
1800 3636 1940 3690 παρ-

375 3697 541 3751 ελθὼν
578 3700 658 3764 εἰς
691 3701 927 3773 ἠλικίαν,
969 3706 1070 3777 ἤδη
1103 3706 1171 3760 τὰ
1210 3708 1349 3762 καλά
1393 3709 1596 3781 κρίνειν
1625 3709 1936 3782 δυνάμενος,

374 3789 576 3860 ἀρετὴν
628 3792 974 3863 ἐπετήδευσε,
1027 3798 1119 3850 καὶ
1164 3799 1452 3870 γενόμενος
1491 3801 1653 3866 αὐτὸς
1697 3802 1936 3873 ἄριστος,

379 3877 620 3947 μιμητὰς
665 3880 829 3934 αὐτοῦ
872 3884 999 3947 τοὺς
1045 3886 1345 3954 ἀπογόνους
1388 3889 1697 3946 κατέλιπεν.
1745 3893 1808 3944 0i
1856 3893 1935 3958 δὲ,

377 3967 574 4031 πάντες
604 3968 794 4037 ἀγαθοὶ
819 3971 1011 4041 φύντες
1035 3976 1137 4046 γῆν
1159 3993 1219 4029 τε
1234 3976 1397 4048 αὐτὴν
1427 3979 1776 4035 ἀστασίαστοι
1797 3999 1936 4037 κατ-

374 4056 707 4127 ῳκήσαντες,
753 4059 1144 4134 εὐδαιμόνησαν
1164 4105 1180 4127 ,
1214 4067 1439 4137 μηδενὸς
1469 4068 1650 4134 αὐτοῖς
1686 4070 1811 4142 ἄχρι
1853 4089 1941 4126 τε-

374 4147 567 4218 λευτῆς
602 4151 858 4208 δυσκόλου
894 4156 1312 4225 προσπεσόντος.
1342 4158 1543 4215 Eadem
1574 4160 1737 4218 habet
1763 4162 1939 4218 Zona-

376 4256 489 4310 ras,
524 4243 717 4300 Annal.
762 4252 897 4302 tom.
942 4246 982 4302 Ι.
1009 4246 1059 4304 ls
1113 4248 1297 4320 itaque
1328 4260 1381 4306 et
1416 4252 1541 4307 vita:
1574 4254 1937 4309 sanctimonia

376 4333 628 4405 insignis,
664 4344 719 4392 et
750 4339 1013 4393 virtutum
1056 4342 1297 4396 omnium
1342 4342 1641 4401 honoribus
1669 4346 1938 4402 condeco-

378 4433 555 4491 ratus,
576 4427 793 4497 pietatis
823 4429 995 4484 divini
1028 4431 1271 4488 nominis
1302 4434 1605 4501 studiosus,
1635 4433 1771 4490 Deus
1798 4436 1933 4506 ipse,

2030 1965 2079 2009 et
2108 1955 2370 2025 ineffabile
2404 1973 2590 2011 nomen
2617 1955 2755 2027 quod
2783 1956 2864 2009 hic
2889 1956 3137 2026 positum.

2100 2045 2261 2102 lbid..
2287 2045 2382 2100 lin.
2425 2046 2513 2102 52.
2545 2043 2732 2114 Οὗτος
2763 2047 2874 2117 γὰρ
2903 2046 3153 2115 πρῶτος.
3190 2043 3389 2099 Suidas
3416 2062 3430 2098 :
3461 2044 3591 2098 Θεὸν

2032 2137 2140 2210 γὰρ
2168 2136 2258 2190 τὸν
2289 2139 2396 2210 Σὴθ
2425 2140 2474 2191 οἱ
2506 2139 2625 2192 τότε
2657 2138 2930 2210 ἄνθρωποι
2964 2139 3384 2210 προσηγόρευον,
3415 2136 3502 2190 διὰ
3532 2137 3594 2189 τὸ

2034 2229 2383 2301 ἐξευρηκέναι
2411 2230 2480 2284 τά
2511 2247 2569 2284 τε
2607 2229 2867 2302 Ἑϐραϊκὰ
2904 2228 3348 2302 γράμματα,·τάς
3392 2243 3452 2281 τε
3485 2225 3594 2279 τῶν

2034 2320 2276 2393 ἀστέρων
2317 2322 2628 2393 ὀνομασίας,
2660 2323 2752 2376 καὶ
2787 2322 2923 2392 πρὸς
2961 2321 3165 2385 τούτοις
3194 2320 3393 2392 πολλὴν
3441 2318 3597 2381 εὐσέ⁴⁹

2035 2413 2186 2467 ϐειαν
2210 2410 2372 2467 αὑτοῦ
2408 2412 2801 2484 θαυμάσαντες,
2828 2411 2911 2476 ὦςα
2937 2428 3000 2480 γε
3034 2413 3125 2466 καὶ
3158 2411 3366 2483 πρῶτος
3399 2412 3594 2471 ἐπικα-

2034 2502 2239 2556 λεῖσθαι
2265 2502 2396 2567 Θεὸς
2430 2506 2524 2557 καὶ
2556 2501 2932 2574 ὀνομάζεσθαι.
2970 2503 3246 2558 Manasses
3277 2503 3333 2557 in
3364 2501 3594 2558 Ληναιίά

2034 2596 2138 2651 Τὸν
2167 2594 2273 2660 Σὴθ
2303 2597 2482 2660 αὐτοῖς
2510 2595 2601 2650 τὸν
2629 2596 2834 2650 δίκαιον
2862 2596 2994 2659 Θεὸς
3017 2595 3403 2668 ἀντιδωρεῖται.

2111 2680 2215 2756 ‘0;-
2228 2689 2447 2758 ἔθηκεν
2461 2689 2719 2758 ὀνόματα
2733 2688 2856 2755 τοῖς
2869 2691 3168 2758 οὐρανίοις
3184 2688 3444 2756 ἄστροις.

2035 2780 2336 2837 Alexander
2379 2780 2685 2853 Polyhistor
2719 2782 2856 2851 apud
2894 2780 3201 2844 Eusebium,
3239 2780 3316 2835 De
3337 2795 3597 2850 prmpara-

2038 2876 2176 2928 tione
2207 2873 2434 2944 evangel.
2468 2888 2588 2945 cap.
2621 2872 3118 2943 ult.,etJosephus,
3141 2871 3322 2944 Antiq.
3342 2873 3493 2940 lib.l,
3521 2875 3597 2929 di-

2036 2972 2167 3020 cunt
2187 2965 2555 3019 Abrahamum
2572 2966 2803 3035 primum
2819 2963 3089 3036 Egyptiis
3109 2965 3413 3035 astrologiae
3425 2972 3596 3019 artem

2038 3056 2337 3127 aperuisse,
2365 3056 2560 3111 deinde
2590 3070 2619 3109 a
2648 3055 2916 3111 Chaldaeis
2953 3056 3008 3110 in
3042 3054 3300 3111 Graeciam
3337 3056 3595 3123 ﬂuxisse;

2038 3147 2105 3201 de
2141 3147 2343 3216 quibus
2382 3146 2633 3201 inferius.
2661 3142 2933 3215 Josephus
2963 3154 3143 3201 tamen
3173 3146 3452 3201 inventum
3492 3146 3597 3201 hoc

2041 3239 2207 3296 Setbo
2240 3241 2451 3295 tribuit.
2487 3239 2657 3310 Cujus
2689 3255 2821 3295 sane
2843 3239 3041 3295 divina:
3061 3240 3204 3311 artis.
3228 3240 3595 3306 inventionem

2039 3347 2071 3387 a
2110 3331 2377 3404 profanis,
2423 3331 2670 3404 profanis
2711 3332 3024 3387 hominibus
3067 3333 3268 3388 ascribi
3329 3332 3459 3403 quid
3494 3332 3595 3386 mi-

2038 3424 2207 3478 rum?
2242 3422 2451 3479 Plinius
2498 3424 2595 3478 lib.
2634 3438 2732 3488 vn,
2765 3437 2888 3494 cap.
2929 3422 3021 3487 56,
3060 3423 3414 3495 Astrologiam
3442 3424 3595 3478 Atlas

2039 3514 2218 3588 Libya:
2246 3518 2413 3586 ﬁlius,
2444 3527 2501 3570 ut
2540 3517 2635 3572 alii
2665 3517 2929 3589 ﬂgyptii,
2958 3526 3015 3570 ut
3050 3516 3146 3570 alii
3174 3516 3406 3588 Assyrii.
3441 3515 3595 3571 Ideo-

2039 3624 2145 3678 que
2165 3608 2362 3663 cmlum
2389 3608 2633 3665 humeris
2662 3616 2906 3679 gestasse
2933 3607 3294 3663 tradiderunt.
3328 3606 3596 3664 Diodorus

2040 3700 2310 3773 Egyptiis
2364 3702 2667 3767 exordium,
2702 3701 2922 3756 Servius
2948 3698 2981 3754 6
3006 3697 3212 3770 Virgilii
3244 3698 3440 3769 Ecloga
3466 3698 3595 3754 Pro-

2039 3792 2251 3847 metheo
2307 3791 2556 3849 sideralis
2613 3791 2779 3859 hujus
2829 3788 3070 3844 scientiae
3126 3786 3336 3842 tribuit.
3393 3786 3595 3868 catena

2037 3884 2223 3939 Graeca
2248 3884 2302 3938 in
2329 3882 2566 3937 Exedunt
2595 3898 2612 3937 :
2640 3881 2809 3953 Ἐνὼχ
2839 3880 3051 3953 πρῶτος
3086 3879 3251 3951 ἐμαθε
3276 3880 3595 3951 γράμματα,

2038 3975 2132 4028 καὶ
2159 3973 2362 4046 ἔγραψε
2387 3975 2458 4029 τὰ
2491 3977 2689 4047 σημεῖα
2717 3973 2811 4028 τοῦ
2839 3971 3067 4043 οὐρανοῦ
3112 3972 3208 4026 καὶ
3245 3970 3343 4036 τὰς
3370 3971 3594 4044 τροπὰς,

2038 4065 2132 4118 καὶ
2163 4064 2285 4128 τοὺς
2320 4064 2512 4136 μῆνας.
2662 4124 2667 4128 ,

2110 4154 2268 4223 lbid.,
2305 4157 2401 4210 lin.
2436 4155 2527 4211 55.
2551 4154 2808 4210 Μέλλων
2831 4154 2941 4224 γὰρ
2964 4151 3271 4221 τελευτᾷν.
3306 4151 3594 4223 Iosephus,

2038 4248 2218 4321 Antia.
2252 4250 2346 4304 lib.
2379 4265 2416 4316 ι,
2435 4264 2555 4319 cap.
2583 4250 2650 4303 ὃς
2680 4248 2878 4318 Σοφίαν
2904 4265 2963 4300 τε
2995 4248 3093 4317 τὴν
3128 4247 3257 4319 περὶ
3281 4246 3350 4300 τὰ
3373 4245 3597 4318 οὐράνια

2037 4344 2128 4398 καὶ
2157 4343 2254 4415 τὴν
2273 4342 2460 4397 τούτου
2490 4342 2841 4413 διακόσμησιν
2872 4341 3188 4408 ἐπενόησαν.
3228 4339 3395 4412 ’Υπὲρ
3421 4339 3477 4391 δὲ
3500 4339 3595 4393 τοῦ

2042 4434 2115 4505 μὴ
2157 4435 2436 4502 διαφυγεῖν
2470 4433 2597 4495 τοὺς
2628 4430 2944 4502 ἀνθρώπους
2983 4430 3054 4484 τὰ
3090 4431 3386 4502 εὑρημένα,
3438 4429 3594 4501 μηδὲ,

378 4526 437 4571 ιιι
460 4516 644 4573 videre
671 4526 756 4575 est
784 4535 848 4575 ex
886 4519 1052 4576 Suida
1086 4529 1141 4578 et
1166 4523 1310 4587 aliis.
1344 4526 1541 4579 meruit
1570 4527 1850 4595 appellari,
1881 4534 1932 4581 et

2037 4527 2164 4594 πρὶν
2186 4527 2264 4588 εἰς
2283 4525 2480 4593 γνῶσιν
2498 4523 2690 4586 ἐλθεῖν,
2707 4523 2994 4595 φθαρῆναι,
3016 4522 3387 4593 προῃρηκότος
3408 4521 3598 4589 ἀφανι-

376 4610 473 4664 lilii
519 4611 672 4681 ejus,
717 4613 820 4683 filii
862 4613 979 4679 Dei,
1028 4631 1140 4670 non
1187 4623 1394 4671 tantum
1427 4621 1554 4688 quia
1591 4634 1818 4688 corpore
1850 4634 1938 4673 ro-

374 4701 558 4769 busto,
593 4718 840 4773 procero,
869 4711 923 4760 et
957 4705 1191 4776 eleganti
1220 4717 1396 4772 erant,
1428 4716 1499 4763 et'
1521 4708 1745 4779 reliquis
1769 4709 1933 4764 etiam

373 4811 555 4852 rerum
581 4797 939 4852 humanarum
968 4799 1308 4857 excellentiis
1333 4800 1492 4871 longe
1516 4802 1728 4857 caeteris
1749 4810 1936 4858 essent

374 4886 724 4959 insigniores.
764 4888 901 4944 Vide
941 4887 1228 4961 Cyrillum,
1272 4891 1369 4947 lib.
1424 4907 1476 4946 ιχ
1527 4902 1710 4946 contra
1756 4893 1936 4948 Julia-

374 4995 533 5045 num;
578 4988 633 5036 et
659 4980 726 5036 de
748 4980 857 5037 illis
884 4982 1065 5037 locum
1091 4983 1243 5037 illum
1275 4998 1446 5039 sacrae
1481 4982 1795 5055 Scripturae,
1832 4985 1937 5041 Vi-

374 5072 553 5126 dentes
584 5072 684 5142 ﬁlii
717 5072 817 5126 Dei
853 5072 998 5143 ﬁlias
1028 5073 1304 5128 hominum
1326 5074 1393 5139 ⁸ο,
1418 5081 1551 5139 etc.,
1585 5092 1707 5132 esse
1738 5078 1937 5132 intelli-

372 5165 606 5233 gendum
646 5165 923 5221 existimat
956 5166 1406 5238 Cbrysostomus,
1453 5167 1598 5224 hom.
1644 5168 1714 5222 22
1754 5169 1809 5223 in
1835 5168 1935 5226 Ge-

373 5272 523 5321 nes.;
551 5257 908 5328 Augustinus,
949 5259 1042 5313 lib.
1087 5275 1157 5312 xv
1184 5258 1262 5312 De
1288 5259 1495 5314 civitate
1535 5258 1649 5325 Dei,
1683 5275 1802 5330 cap.
1829 5260 1932 5329 25;

375 5346 773 5414 Theodoretus,
803 5358 993 5420 quaest.
1025 5349 1095 5404 47
1121 5351 1176 5403 in
1200 5350 1424 5413 Genes.;
1456 5349 1696 5407 Joannes
1725 5353 1938 5408 Cassia-

372 5456 498 5505 nus,
535 5441 719 5497 collat.
750 5441 805 5504 8,
830 5458 931 5513 cap
977 5442 1078 5509 2i;
1114 5441 1374 5513 Cyrillus,
1407 5442 1503 5499 lib.
1536 5461 1589 5498 ix
1620 5456 1804 5499 contra
1831 5445 1935 5499 Ju-

374 5534 606 5599 lianum;
636 5532 931 5605 Rupertus,
963 5536 1058 5591 lib.
1085 5553 1136 5591 Iv
1161 5537 1215 5591 in
1244 5535 1454 5603 (ἕωλοι,
1477 5553 1597 5608 cap.
1629 5538 1696 5591 12
1739 5547 1792 5594 et
1819 5541 1931 5594 alii.

372 5625 544 5692 Quem
573 5627 781 5683 utinam
812 5643 921 5683 non
951 5627 1221 5697 fabulosa,
1257 5639 1310 5685 et
1338 5629 1591 5685 hzeretica
1624 5632 1934 5698 dignatione

373 5720 618 5776 Sethiani
651 5722 891 5778 haeretici
929 5723 1310 5782 lionorasscnt.
1344 5723 1459 5780 Non
1496 5725 1637 5781 enim
1673 5725 1935 5783 affirmas-

432 5818 489 5863 -⁵⁰
511 5817 644 5874 Gen.
680 5835 755 5884 vi,
782 5818 835 5873 2.

2039 4616 2172 4688 σμὸν
2218 4614 2445 4686 ’Δδάμου
2495 4614 2602 4668 τῶν
2631 4613 2765 4667 ὅλων
2793 4612 3007 4666 ἔσεσθαι
3038 4613 3130 4666 τὸν
3167 4613 3262 4683 μὲν
3293 4611 3412 4667 κατ’
3444 4612 3597 4682 ἰσχὺν

2040 4706 2229 4778 πυρὸς,
2269 4706 2359 4759 τὸν
2392 4705 2578 4777 ἕτερον
2619 4705 2676 4758 δὲ
2721 4705 2862 4759 κατὰ
2893 4704 3013 4774 βίαν
3035 4704 3128 4757 καὶ
3154 4703 3355 4773 πλῆθος
3388 4702 3595 4767 ὓδατος,

2040 4801 2234 4870 στήλας
2262 4799 2355 4853 δύο
2386 4798 2763 4870 ποιησάμενοι,
2807 4799 2904 4868 τὴν
2946 4796 3043 4867 μὲν
3075 4798 3139 4849 ὲκ
3172 4795 3410 4861 πλίνθου,
3438 4795 3535 4868 τὴν
3557 4796 3598 4848 δ’

2037 4890 2228 4961 ἑτέραν
2268 4891 2332 4943 ὲκ
2371 4889 2560 4952 λίθων,
2606 4886 2938 4959 ἀμφοτέραις
2983 4886 3285 4958 ἐνέγραψαν
3325 4886 3394 4939 τά
3432 4887 3596 4957 εὑρη-

2040 4983 2195 5054 μένα,
2224 4983 2465 5049 ἴνα,“καὶ
2494 4981 2895 5056 τῆςπλινθίνης
2936 4977 3597 5062 ἀφαπσὲεέεηςηὺπὸρτῆὶς

2038 5076 2359 5147 ἐπομϐρίας,
2396 5076 2630 5148 ήλιθίνη
2679 5076 2910 5147 μείνασα
2956 5076 3211 5146 παράσχῃ
3256 5074 3445 5145 μαθεῖν
3486 5074 3594 5136 τοῖς

2037 5166 2342 5238 ἀνθρώποις
2372 5167 2442 5222 τὰ
2462 5168 2905 5239 ἐγγεγραμμένα,
2937 5167 3169 5240 δηλοῦσα
3196 5168 3290 5221 καὶ
3320 5163 3595 5233 πλινθίνην

2035 5260 2078 5313 δ’
2108 5260 2198 5313 ὑπ’
2229 5260 2408 5314 αὐτῶν
2453 5260 2794 5331 ἀνατεθῆναι.
2842 5260 3009 5314 Μένει
3052 5260 3096 5313 δ’
3137 5260 3263 5330 ἄχρι
3301 5256 3396 5310 τοῦ
3437 5254 3595 5327 δεῦρο

2036 5353 2175 5406 κατὰ
2221 5353 2320 5425 τὴν
2370 5352 2622 5424 Συριάδα.
2672 5353 2870 5408 Eadem
2917 5351 3028 5408 fere
3076 5352 3338 5413 Zonaras,
3391 5349 3590 5403 Annal.

2038 5455 2167 5500 tom.
2199 5445 2242 5507 Ι,
2268 5444 2467 5514 quibus
2491 5445 2771 5500 columnas
2811 5445 2976 5500 hasce
3015 5458 3044 5496 a
3079 5444 3247 5497 Setho
3285 5443 3398 5497 sive
3429 5442 3591 5495 etiam

2036 5535 2156 5603 ejus
2193 5535 2487 5605 nepotibus
2524 5536 2817 5604 superstite
2844 5534 3051 5589 Adamo
3081 5532 3251 5587 fuisse
3286 5536 3592 5586 exstructas

2038 5627 2385 5683 manifestum
2436 5634 2539 5683 est.
2585 5626 2859 5682 Marianus
2891 5624 3088 5680 Scelus
3125 5640 3236 5678 non
3267 5624 3335 5678 ab
3364 5620 3592 5679 Adams.

2039 5720 2131 5778 sed
2164 5721 2230 5777 ab
2258 5721 2566 5778 Abrahamo
2599 5728 2944 5778 constructas
2983 5718 3167 5774 refert.
3213 5718 3594 5777 Geiiebrardis
