4064 6290
537 418 542 423 .
560 345 664 401 979

1906 350 2152 406 LEONIS
2185 352 2456 410 ALLATII

3703 368 3799 425 980

557 468 954 540 Chronograph.
988 468 1083 525 lib.
1115 483 1155 532 ι,
1187 483 1283 524 eas
1314 470 1476 525 modo
1503 470 1741 533 tabulas,
1776 471 1939 527 modo
1966 481 2126 526 vocat
2157 479 2201 533 Α
2228 476 2367 529 mine
2408 476 2498 529 ubi
2545 488 2869 548 regnaretur,
2916 480 3131 535 condita
3188 490 3266 535 est
3321 483 3531 539 civitas.
3595 484 3794 544 Tertius

555 560 875 624 columnas;
901 559 1114 614 tandem
1139 561 1330 615 scribit
1381 578 1476 618 eas
1500 563 1670 619 fuisse
1700 564 1933 630 tabulas,
1966 582 2128 620 unam

554 666 761 705 teneam
795 658 988 705 contra
1031 667 1188 721 aqua;
1232 655 1547 719 illuviones,
1583 657 1807 711 alteram
1840 658 2129 713 lateritiam

554 750 743 798 contra
774 742 916 812 ignis
933 743 1427 815 conflagrationes;
1462 749 1517 803 in
1548 763 1779 818 quarum
1804 750 1977 819 prima
2001 751 2129 805 Iibe-

554 833 699 886 rales
731 842 878 889 artes
910 837 1212 905 praesertim
1243 838 1548 893 doctrinam
1583 842 1651 896 de
1674 841 1803 907 Deo,
1829 850 1882 897 et
1916 845 2127 900 mathe-

552 924 769 988 matica,
819 926 876 980 in
925 927 1097 982 altera
1141 932 1562 999 promissionem
1591 935 1659 988 dc
1698 935 1929 998 semine,
1962 936 2014 989 id
2043 947 2129 992 est

549 1015 790 1081 Christo,
846 1018 977 1073 Adae
1026 1018 1249 1086 factam,
1307 1022 1574 1089 caelatam,
1623 1029 1994 1095 scripserunt;
2031 1026 2126 1085 sed

549 1113 806 1164 auctores
836 1110 981 1165 unde
1012 1110 1128 1167 haec
1156 1114 1352 1169 habeat
1378 1114 1764 1172 Genehrardus
1784 1133 1893 1172 non
1916 1119 2120 1185 laudat,

548 1214 686 1269 quos
715 1208 848 1271 puto
877 1218 987 1257 non
1020 1205 1224 1259 multos
1252 1214 1491 1271 exstare,
1532 1216 1585 1262 et
1620 1209 1665 1264 si
1696 1210 1821 1280 quis
1851 1210 1942 1264 ille
1975 1219 2124 1267 esset

549 1307 658 1345 non
682 1295 984 1363 probabilia
1015 1296 1282 1365 dicerent,
1312 1314 1414 1355 nec
1444 1300 1499 1353 in
1529 1300 1757 1356 historia
1793 1310 1906 1357 tuta
1932 1311 1986 1358 et
2011 1304 2122 1373 pri-

547 1401 695 1440 mum
724 1397 916 1442 contra
942 1387 1353 1445 Genebrardum
1389 1394 1707 1448 necessario
1741 1394 2118 1450 allirmandum

538 1487 650 1541 cst,
687 1478 743 1532 in
773 1479 882 1535 illis
914 1480 1117 1536 tabulis
1145 1482 1257 1537 sive
1286 1484 1563 1539 columnis
1594 1486 1781 1539 caelata
1812 1501 1921 1540 non
1951 1485 2120 1542 fuisse

543 1568 783 1635 diversa,
808 1578 863 1626 et
893 1570 1000 1624 alia
1037 1585 1102 1625 ac
1130 1573 1236 1627 alia
1261 1591 1276 1629 :
1308 1575 1403 1630 sed
1433 1592 1554 1644 quae
1588 1577 1644 1630 in
1677 1592 1807 1643 una,
1846 1578 2034 1633 eadem
2064 1588 2119 1634 et

543 1662 601 1717 in
630 1663 756 1717 alia.
797 1663 998 1722 Demus
1025 1667 1168 1721 enim
1200 1668 1346 1738 quod
1373 1676 1426 1723 et
1461 1668 1528 1725 de
1559 1669 1688 1737 Deo,
1727 1678 1780 1726 et
1818 1670 2118 1726 mathema-

541 1755 674 1819 tica,
711 1766 767 1812 et
805 1757 873 1812 de
902 1760 1269 1829 promissione
1306 1762 1554 1826 seminis,
1589 1762 1732 1832 quod
1756 1771 1903 1819 esset
1936 1762 2113 1817 adhuc

2233 566 2461 631 Gaidad,
2494 586 2645 636 quem
2669 572 2846 641 genuit
2880 570 3102 626 Enoch:
3140 583 3359 644 quartus
3391 573 3618 642 Maniel,
3654 586 3810 648 quem'

2229 659 2405 725 genuit
2453 657 2661 713 Gaidad
2696 679 2714 715 :
2769 664 2982 733 quintus
3033 662 3356 732 Mathusael,
3414 684 3570 737 quem
3627 673 3790 738 genuit

2230 749 2429 805 Maniel
2450 768 2469 806 :
2492 763 2670 807 sextus
2704 752 2949 820 Lamech,
2982 771 3131 826 quem
3160 756 3337 825 genuit
3365 756 3416 810 Μ
3424 757 3689 820 athusael,
3710 763 3792 829 qui

2226 844 2475 910 septimus
2502 854 2578 899 est
2610 844 2673 899 ab
2700 846 2873 900 Adam
2902 863 2994 917 per
3022 846 3177 903 Cain.
3203 848 3626 904 Generationem
3656 849 3788 906 hanc

2226 934 2444 1004 vulgata
2490 934 2656 988 editio
2702 938 2806 990 etsi
2845 945 3054 991 mutato
3098 939 3319 993 nomine
3370 940 3538 995 habet
3585 956 3705 1012 cap.
3739 959 3785 997 ιν

2228 1023 2411 1080 Cenes.
2432 1042 2452 1079 :
2478 1025 2646 1080 Porro
2677 1027 2779 1098 ipsi
2813 1028 3024 1083 Henoch
3054 1040 3212 1085 natus
3234 1040 3310 1086 est
3348 1030 3505 1095 Irad,
3538 1030 3667 1086 Irad
3696 1051 3784 1087 au-

2226 1124 2327 1169 tem
2348 1117 2525 1186 genuit
2548 1115 2823 1181 Mehviael,
2841 1117 3096 1173 Melwiaei
3124 1122 3300 1192 genuit
3323 1120 3649 1190 Mathusacl,
3672 1122 3781 1179 la-

2224 1209 2429 1264 tlmsael
2470 1226 2587 1263 vero
2626 1214 2803 1281 genuit
2849 1210 3105 1277 Lamech;
3131 1222 3184 1265 At
3213 1211 3441 1268 Lamech
3475 1214 3650 1281 duxit,
3680 1225 3773 1271 etc.

2224 1299 2575 1373 Septuaginta
2621 1304 2806 1373 legunt
2851 1305 3199 1360 Μαθουσαλά.
3242 1305 3606 1361 Levissimam
3650 1308 3776 1364 hanc

2220 1396 2573 1467 exscriptoris
2596 1396 2799 1467 πλάνην
2818 1395 3245 1466 agnovitCatena
3267 1396 3457 1452 Graeca
3483 1399 3539 1452 in
3567 1397 3737 1455 Cenes.
3755 1419 3773 1455 :

2220 1489 2378 1561 Παρὰ
2414 1492 2528 1553 τοῖς
2585 1488 2981 1560 Ἐὖδομήκοντα
3019 1488 3343 1544 Μαθουσάλα
3376 1493 3581 1546 κεῖται.
3621 1493 3772 1547 Τοῦτο

2217 1579 2275 1633 δὲ
2312 1579 2483 1651 πλάνη
2529 1579 2767 1651 γραφική
2806 1579 2971 1632 ἐστιν.
3015 1579 3074 1631 '0
3109 1579 3219 1650 γὰρ
3245 1580 3580 1633 Μαθουσάλα
3604 1583 3664 1634 ὲκ
3687 1583 3771 1646 τῆς

2220 1670 2557 1741 συνεστώσης
2600 1672 2792 1739 γενεᾶς
2831 1671 2947 1723 ἐστι
2992 1669 3086 1723 τοῦ
3135 1670 3263 1741 Σήθ.
3317 1672 3373 1725 '0
3410 1671 3528 1745 ’,ὰρ
3558 1673 3765 1727 ἀπὸτοῦ

2217 1764 2359 1816 Κάῖν
2396 1762 2723 1818 Μαθουσάλα
2766 1762 3031 1830 καλεῖται,
3076 1762 3153 1827 ὡς
3184 1762 3474 1834 ὲξὼρισται
3511 1764 3647 1837 μετὰ
3674 1765 3768 1819 τῶν

540 1846 758 1903 difﬁcile
804 1851 1059 1921 probatu,
1105 1853 1427 1924 scripserint
1474 1856 1530 1909 in
1579 1871 1729 1911 aenea
1763 1856 2118 1912 :necessario
2148 1824 2437 1910 Βλοιπῶν.

551 1948 732 1995 tamen
763 1941 1041 1998 fatendum
1073 1954 1176 2010 est,
1213 1945 1329 2000 haec
1358 1945 1548 2001 eadem
1588 1954 1644 2001 et
1673 1947 1728 2001 in
1762 1947 1998 2003 lateritia
2023 1947 2119 2003 de-

549 2032 860 2103 scripsisse,
891 2042 1083 2091 etnon
1121 2038 1359 2094 diversa.
1401 2036 1662 2094 Sciebant
1701 2040 1964 2096 mundum
2005 2042 2118 2096 col-

547 2127 850 2196 lapsurum,
895 2128 1047 2184 dubii
1090 2145 1159 2183 an
1207 2131 1366 2201 aquis
1409 2132 1751 2197 immersum,
1784 2135 1870 2190 vel
1899 2134 2115 2205 ignibus

537 2218 935 2292 conflagratum
970 2229 1070 2277 :ut
1116 2222 1424 2279 doctrinam
1474 2234 1779 2292 servarent,
1811 2234 1864 2283 et
1895 2228 2115 2297 utrique

542 2311 886 2367 incommodo
935 2314 1290 2372 subvenirent
1337 2325 1633 2373 exstruunt
1684 2318 1785 2373 has
1834 2319 1971 2374 duas
2020 2334 2113 2375 coo

536 2408 773 2470 lumnas,
816 2408 1043 2463 alteram
1087 2425 1153 2465 ex
1196 2425 1326 2475 tere,
1363 2411 1448 2467 vel
1488 2418 1547 2465 ut
1586 2412 1764 2481 placet
1797 2421 1987 2468 nostro
2014 2429 2114 2467 au-

533 2499 697 2561 ctori,
754 2496 1129 2570 digniorisque
1182 2508 1326 2556 notae
1376 2502 1761 2573 scriptoribus,
1811 2518 1879 2557 ex
1909 2503 2107 2572 lapide,

533 2590 760 2645 alteram
788 2606 858 2646 ex
887 2592 1178 2646 coctilibus
1210 2594 1510 2649 laterculis.
1563 2592 1655 2648 Sic
1699 2594 1844 2649 enim
1883 2610 1990 2650 aere
2027 2597 2109 2650 vel

532 2681 713 2752 lapide
744 2684 923 2754 aquis,
966 2683 1247 2741 laterculis
1278 2686 1389 2756 igni
1416 2685 1762 2753 resisterent,
1805 2696 1859 2742 et
1901 2687 1981 2741 sic
2010 2673 2110 2741 do-

531 2773 767 2828 ctrinam
806 2773 1132 2831 mandarent
1173 2776 1240 2831 ad
1286 2787 1559 2848 posteros.
1602 2778 1743 2846 Quid
1792 2778 1959 2849 igitur
1998 2779 2107 2836 illis

530 2864 830 2934 profuisset
881 2867 929 2922 si
975 2866 1191 2923 diversa
1230 2869 1624 2940 scripsissent?
1659 2871 1945 2938 Quomodo
1982 2875 2105 2945 igne

532 2954 683 3008 illato
714 2970 834 3024 quae
865 2964 1024 3011 erant
1078 2957 1135 3012 in
1177 2958 1391 3029 lapide,
1440 2961 1599 3032 aquis
1647 2961 1834 3019 effusis
1883 2980 2004 3034 quae
2048 2966 2105 3020 in

529 3045 808 3102 laterculis
847 3050 1308 3105 conservassem?
1347 3050 1496 3107 Dicet
1532 3052 1763 3110 fortasse
1796 3054 2103 3112 Genebrar-

528 3137 653 3204 dus,
686 3136 811 3193 illos
833 3153 944 3194 non
971 3140 1189 3205 dubios,
1219 3143 1313 3197 sed
1342 3150 1523 3200 certos
1546 3143 1614 3201 de
1635 3146 1797 3202 modo
1817 3154 1871 3202 et
1892 3148 2101 3206 ratione
2125 3167 2174 3232 ο

527 3232 1017 3288 consummationis
1052 3235 1241 3289 mundi
1270 3236 1555 3294 columnas
1579 3239 1842 3294 erexisse.
1872 3238 2100 3297 Frustra

528 3322 695 3390 igitur
726 3323 943 3380 diversa
988 3326 1083 3380 illa
1126 3328 1506 3383 columnarum
1551 3332 1837 3393 materies:
1883 3342 1939 3388 et
1971 3350 2099 3400 una,

526 3429 647 3481 qua:
668 3415 858 3470 mundi
878 3417 1094 3471 excidio
1127 3418 1416 3475 incolumis
1439 3430 1625 3491 posset
1641 3439 1950 3493 superesse,
1969 3428 2102 3482 satis

527 3502 756 3572 fuisset;
792 3505 907 3570 sed,
929 3508 1058 3577 quia
1097 3508 1289 3563 incerti
1329 3514 1611 3568 materiam
1642 3515 1784 3570 hanc
1812 3518 1898 3571 vel
1940 3518 2100 3571 aliam

525 3598 740 3653 incerto
767 3600 952 3665 modo,
994 3610 1047 3656 et
1073 3603 1275 3659 rationi
1309 3607 1508 3661 excidii
1544 3618 1942 3678 prapararunt.
1987 3608 2103 3664 Pli-

525 3689 675 3755 nius,
708 3690 805 3746 lib.
836 3707 933 3756 vn,
966 3707 1089 3764 cap.
1120 3693 1209 3758 56,
1246 3710 1310 3751 ex
1348 3696 1588 3769 Epigene
1617 3699 1685 3752 de
1712 3700 1798 3755 his
1830 3701 2101 3758 columnis

525 3784 642 3839 hac
697 3784 907 3840 habet:
941 3784 990 3838 E
1045 3787 1249 3843 diverso
1305 3789 1556 3860 Epigenes
1602 3792 1741 3861 apud
1777 3792 2100 3864 Babylonios

522 3889 696 3931 cccxx
762 3895 1025 3933 annorum
1089 3880 1477 3936 observationes
1536 3883 1771 3937 siderum
1824 3884 2098 3940 coctilibus

522 3969 796 4023 laterculis
833 3971 1117 4040 inscriptas
1160 3973 1329 4038 docet,
1360 3975 1538 4043 gravis
1569 3984 1757 4028 auctor
1781 3975 1837 4028 in
1868 3977 2098 4043 primis:

522 4061 613 4131 qui
651 4062 927 4115 minimum
957 4061 1208 4127 Berosus,
1240 4074 1289 4118 et
1329 4064 1658 4120 Critodemus
1698 4081 1972 4122 ccccuxx
2001 4084 2099 4122 an-

522 4169 733 4208 norum.
767 4152 855 4206 Ea:
880 4170 981 4224 quo
1005 4167 1221 4226 apparet
1247 4166 1474 4212 wternus
1500 4159 1800 4214 litterarum
1828 4178 1976 4215 usus.

590 4244 711 4299 Col.
744 4245 864 4308 752,
898 4248 998 4305 litt.
1042 4248 1127 4304 il.
1184 4249 1499 4318 Ἐγέννησε
1550 4251 1619 4304 δὲ
1668 4256 1702 4306 ὀ
1742 4251 1910 4306 Κάϊν.
1946 4251 2097 4307 Hanc

521 4336 679 4392 Caini
712 4339 959 4396 sobolem
993 4342 1149 4396 multi
1180 4342 1330 4411 parvi
1357 4343 1649 4407 duxerunt,
1686 4360 1809 4399 cum
1840 4346 1896 4399 in
1929 4360 2099 4415 aqua-

522 4445 644 4483 rum
676 4430 1034 4488 inundatione
1063 4434 1279 4504 penitus
1316 4434 1602 4504 absumpta
1634 4435 1725 4499 sit,
1776 4435 2005 4505 ideoque
2037 4437 2093 4490 in

2286 1944 2418 2000 lbid.
2442 1944 2552 2000 Kal
2571 1948 2603 1999 ὀ
2627 1945 2824 2015 Λάμεχ
2856 1943 3322 2016 δύο.ΤΙ)θορ11ἰΙυε
3350 1946 3419 2001 ad
3445 1946 3758 2017 Autolycum,

2215 2037 2308 2092 lib.
2339 2053 2382 2110 tl
2421 2056 2432 2091 :
2464 2038 2520 2091 Ὀ
2548 2038 2605 2091 δὲ
2635 2039 2827 2110 Λάμεχ
2848 2038 3036 2092 ἐλαόεν
3062 2038 3239 2109 ἑαυτῷ
3265 2039 3356 2093 δύο
3380 2042 3661 2109 γυναῖκας,
3685 2037 3758 2106 αἷς

2212 2109 2448 2200 ὸνὸρίατα
2491 2130 2616 2183 ’Δδᾶ
2651 2132 2744 2183 καὶ
2786 2109 2944 2185 Σελᾶ.
2975 2131 3199 2184 Ἕκτοτε
3250 2131 3391 2203 ἀρχὴ
3432 2132 3646 2201 ἐγένετο
3679 2134 3758 2205 τῆς

2212 2220 2555 2292 πολυμιξίας,
2581 2220 2718 2276 ἀλλὰ
2745 2223 2839 2275 καὶ
2866 2222 2968 2292 τῆς
2997 2223 3293 2297 μουσικῆς.
3327 2222 3612 2294 Nugantur
3650 2225 3753 2279 rab—

2209 2314 2346 2378 bini,
2371 2314 2464 2383 qui
2503 2314 2696 2368 volunt
2717 2314 2871 2385 prius
2892 2315 2959 2369 ab
2983 2329 3050 2369 eo
3082 2315 3232 2370 viros
3262 2322 3511 2378 necatos,
3541 2323 3656 2385 post
3678 2316 3757 2371 ad-

2208 2406 2404 2460 ductas
2448 2420 2664 2461 uxores.
2695 2405 2911 2461 Primus
2945 2405 3170 2460 Lameclt
3217 2414 3336 2460 ante
3379 2406 3631 2461 diluvium
3658 2409 3751 2481 [ars

2205 2507 2256 2551 et
2283 2497 2503 2551 ultimus
2540 2497 2895 2568 polygamiam
2956 2514 3140 2562 ausus,
3172 2507 3221 2551 ct
3266 2514 3429 2552 unam
3476 2516 3672 2553 carnem
3706 2501 3749 2553 in

2205 2587 2341 2641 duas
2371 2602 2560 2641 uxores
2588 2586 2788 2653 divisit,
2830 2588 2905 2642 ait
2942 2585 3164 2642 Hieron.
3217 2587 3313 2642 lib.
3346 2604 3363 2642 t
3397 2589 3590 2643 Contra
3618 2588 3745 2645 lovi-

2205 2680 2422 2734 nianum
2447 2696 2467 2745 ;
2527 2687 2581 2734 et
2613 2678 2865 2743 Tertull.,
2898 2679 2992 2734 lib.
3040 2678 3117 2732 De
3136 2679 3339 2734 exhort.
3367 2690 3523 2746 cast,
3551 2696 3661 2752 cap.
3683 2681 3741 2737 ετ

2205 2768 2420 2825 Primus
2456 2779 2557 2824 tres
2597 2771 2652 2823 in
2682 2786 2844 2824 unam
2873 2786 3081 2824 carnem
3102 2770 3290 2838 eﬂ'ecit.
3317 2768 3563 2826 Peccavit
3585 2773 3742 2841 itaque

2202 2861 2462 2929 Lamech,
2485 2876 2597 2916 non
2628 2861 2755 2932 quia
2776 2862 2959 2931 plures
2998 2876 3198 2918 uxores
3238 2862 3448 2928 habuit,
3496 2863 3585 2918 sed
3629 2863 3739 2933 quia

2202 2955 2385 3027 plures
2415 2971 2522 3011 uno
2547 2962 2805 3024 tempore.
2829 2952 2970 3024 Lege
3013 2952 3199 3020 Delrii,
3229 2968 3351 3025 cap.
3378 2971 3431 3009 iv
3455 2954 3593 3019 Gem,
3614 2955 3741 3025 opti-

2202 3062 2344 3102 mam
2376 3046 2909 3103 animadversionem
2957 3045 3015 3099 in
3065 3060 3308 3101 errorem
3348 3046 3641 3102 Tertulliani
3668 3045 3734 3100 De

2203 3139 2564 3211 manogamia.
2584 3138 2967 3196 Gencbrardus
2983 3138 3150 3194 refert
3173 3153 3238 3194 ex
3262 3137 3725 3203 rabbinis,Lamech

2206 3232 2509 3288 venationis
2532 3233 2838 3302 exemplum
2862 3233 3096 3303 posteris
3114 3232 3414 3302 reliquisse,
3434 3245 3566 3285 arma
3586 3231 3721 3284 inve-

2203 3327 2370 3392 nisse,
2399 3333 2453 3382 et
2484 3322 2805 3393 fabricasse,
2836 3326 3038 3397 quibus
3068 3327 3245 3382 caedes
3273 3326 3462 3381 ﬁerent.
3490 3321 3707 3390 Ioseph,

2201 3417 2298 3474 lib.
2335 3435 2352 3473 ι
2381 3417 2586 3489 Antiq.,
2635 3433 2754 3488 cap.
2780 3419 2835 3482 5,
2864 3418 3054 3473 scribit
3091 3418 3233 3472 hunc
3264 3429 3516 3472 sacrarum
3545 3427 3704 3466 rerum

2200 3511 2434 3581 peritum
2471 3527 2529 3567 se
2579 3512 2838 3567 luiturum
2890 3525 3082 3583 poenas
3144 3509 3438 3582 pradixisse
3486 3507 3709 3560 fraternae

2200 3603 2364 3659 caadis
2409 3617 2440 3670 a
2472 3602 2646 3659 Caino
2696 3603 2874 3671 factm,
2922 3603 3070 3657 haud
3117 3603 3282 3657 dubie
3321 3599 3526 3656 diluvio.
3563 3596 3713 3658 idem,

2201 3687 2605 3750 (tenebrat-dus.

2271 3785 2433 3851 Ibid.,
2452 3786 2548 3839 lin.
2572 3786 2656 3839 l5.
2684 3785 2785 3838 Ἐκ
2799 3783 2915 3853 μὲν
2942 3782 3051 3853 τῆς
3072 3781 3272 3837 ’Ᾱδάν.
3296 3778 3412 3835 Non
3437 3779 3542 3849 ipse
3562 3781 3726 3847 pasto-

2199 3879 2338 3933 ritiae
2370 3878 2503 3934 artis
2530 3877 2814 3932 institutor
2859 3876 2943 3933 vel
2990 3883 3180 3929 auctor
3213 3894 3227 3928 :
3265 3871 3362 3928 sed
3417 3884 3539 3925 nece
3567 3864 3729 3920 Abelis

2201 3973 2638 4035 intermortuam,
2660 3979 2714 4023 et
2740 3969 2897 4039 quasi
2928 3968 3158 4038 scpitam
3187 3982 3288 4022 suo
3322 3964 3496 4020 studio
3515 3956 3732 4028 ingenio-

2198 4080 2304 4136 que
2332 4064 2592 4126 restituit,
2619 4069 2673 4116 et
2702 4061 2818 4131 ipse
2840 4076 3056 4132 gregem
3085 4062 3247 4130 pavit.
3265 4053 3731 4112 Tabernaculorum

2199 4157 2326 4211 item
2352 4171 2509 4210 usum
2536 4153 2757 4223 adjecit.
2781 4151 3115 4224 TheOphilus
3133 4150 3200 4205 ad
3224 4147 3535 4213 Autol.,lib.
3558 4159 3592 4199 ιι
3610 4161 3623 4198 :
3640 4139 3736 4194 Καὶ

2199 4251 2227 4302 ὁ
2265 4249 2363 4319 μὲν
2379 4246 2542 4318 Ἀϐὴλ
2570 4248 2787 4314 ἐγένετο
2820 4244 2958 4315 ἀνὴρ
2991 4246 3048 4297 ὲν
3087 4245 3258 4314 σκηνῇ
3294 4239 3675 4313 κτηνπρόᾳων.

2268 4340 2428 4405 Ibid.,
2460 4340 2557 4394 lin.
2592 4339 2679 4393 16.
2710 4338 2820 4393 Kal
2849 4338 2954 4391 τὸν
2981 4336 3233 4392 ’10-υϐάλ.
3284 4334 3531 4391 Psalterii
3577 4338 3626 4385 et
3669 4327 3737 4380 ci-

2200 4434 2364 4487 thara:
2391 4448 2549 4487 usum
2582 4433 2853 4487 invenisse
2874 4429 3092 4484 tradunt
3113 4434 3305 4500 praeter
3321 4443 3504 4482 sacras
3532 4424 3737 4477 Litteras

520 4536 582 4575 ea
608 4538 717 4578 non
745 4525 1080 4580 conveniunt
1104 4536 1391 4591 auctores;
1416 4527 1552 4582 inea
1580 4535 1759 4582 tamen
1785 4527 2091 4581 enarranda

2207 4524 2484 4594 Iosephus,
2503 4522 2837 4593 Theophilus
2867 4522 3088 4575 d.loco:
3122 4518 3328 4574 Ἰουϐὰλ
3358 4519 3415 4570 δέ
3438 4515 3622 4570 ἐστινὸ
3655 4528 3739 4563 και·

521 4623 714 4670 uoster
748 4616 1069 4673 Eustathius
1087 4628 1308 4675 secutus
1342 4627 1427 4673 est
1455 4619 1672 4674 divinas
1702 4619 2094 4690 Litteras,qu2e

522 4724 631 4763 non
668 4708 777 4761 alia
805 4708 1040 4774 ratione,
1076 4710 1182 4764 nisi
1215 4725 1380 4780 parva
1412 4710 1691 4765 nominum
1725 4711 1967 4765 formulae
1991 4712 2094 4765 im-

520 4800 823 4855 mutatione
850 4809 1279 4872 prosequuntur.

594 4893 753 4957 lbid.,
790 4894 885 4948 lin.
916 4895 1005 4950 15.
1041 4897 1149 4951 Kal
1185 4893 1361 4962 οὗτος
1393 4897 1497 4949 τὸν
1526 4896 1747 4965 Λάμεχ.
1787 4894 2089 4950 Genebrar--

517 4983 623 5041 dus
653 4984 731 5038 ait
761 5000 857 5039 eos
900 5000 1107 5049 errare,
1165 4989 1256 5056 qui
1292 4987 1526 5041 Lamcch
1565 4989 1731 5040 ﬁlium
1777 4986 2092 5042 Mathusalae

517 5074 839 5145 accipiunt;
873 5075 1141 5130 rationem
1176 5084 1357 5131 tamen
1406 5094 1576 5145 quare
1624 5076 1677 5131 id
1712 5078 1858 5131 dicat
1886 5080 2090 5133 nullam

514 5167 762 5223 adducit.
806 5164 1005 5220 Errant
1044 5182 1175 5237 ergo
1220 5172 1439 5223 maximi
1482 5171 1684 5241 quique
1718 5170 1929 5233 Patres,
1966 5187 2088 5224 cum

505 5263 574 5317 iis
615 5257 958 5320 Eustathius,
979 5256 1311 5326 Theophilus
1344 5258 1410 5311 ad
1444 5261 1758 5329 Autolycum
1792 5261 1884 5316 lib.
1907 5278 1942 5314 ll
1965 5279 1976 5313 :
2003 5261 2092 5332 Τῷ

501 5353 558 5413 δὲ
607 5350 777 5422 Ἑνὼχ
813 5350 1077 5421 ἐγεννήθη
1114 5351 1228 5413 υἱὸς
1266 5352 1490 5421 ὀνόματι
1522 5353 1809 5418 Γαῖδᾶς,ες
1837 5355 2091 5427 ἐγέννησε

501 5441 596 5496 τὸν
635 5441 967 5512 καλούμενον
992 5440 1166 5511 Μεὴ).,
1202 5441 1294 5493 καὶ
1327 5442 1481 5513 Μεὴλ
1503 5444 1591 5497 τὸν
1622 5436 1971 5508 Μαθουσάλα,
2000 5448 2092 5499 καὶ

503 5535 839 5590 Μαθουσάλοι
881 5536 972 5589 τὸν
1017 5533 1226 5606 Λάμεχ.
1280 5536 1336 5588 '0
1384 5535 1439 5587 δὲ
1488 5536 1676 5607 Λάμεχ
1722 5538 1911 5591 ἔλαϐεν
1944 5540 2092 5611 αὑτῷ

503 5623 598 5680 δύο
630 5630 912 5694 γυναῖκας.
951 5628 1167 5682 Erravit
1201 5628 1564 5699 Augustinus,
1599 5631 1692 5685 lib.
1744 5649 1809 5685 xv
1850 5632 1925 5686 De
1964 5634 2092 5687 civi-

507 5725 613 5772 tate
650 5717 765 5782 Dei,
802 5735 923 5789 cap.
945 5722 1015 5775 9.0
1047 5738 1059 5774 :
1103 5721 1303 5776 Horum
1341 5739 1517 5790 regum
1547 5723 1749 5792 primus
1780 5742 1891 5779 esse
1921 5729 2091 5795 potuit

509 5822 623 5872 ipse
646 5807 785 5865 Cain
823 5826 839 5863 :
876 5813 1129 5869 secundus
1156 5815 1299 5879 ﬁlius
1330 5814 1677 5882 eius'Enoc/t,
1715 5817 1767 5872 in
1807 5819 1954 5881 cujus
1995 5835 2091 5873 no-

2196 4616 2446 4683 ταδείξας
2474 4614 2775 4685 ψαλτήριον
2806 4615 2901 4667 καὶ
2934 4614 3186 4684 κιθάραν.
3206 4611 3281 4666 De
3306 4611 3393 4665 his
3425 4604 3738 4664 Methodius:

2196 4711 2285 4783 Τῷ
2328 4709 2719 4783 τριακοσιοστῷ
2745 4706 3159 4779 τεσσαρακοστῷ
3177 4707 3279 4776 τῆς
3315 4706 3570 4776 δευτέρας
3598 4697 3742 4772 χιλιά-

2192 4806 2280 4866 οος
2313 4802 2422 4854 ἔτει
2450 4800 2820 4871 ἐπανέστησαν
2845 4800 3160 4869 κακότεχνοι
3193 4797 3406 4868 ἄνδρες,
3433 4793 3648 4865 πονηροὶ
3662 4789 3742 4842 καὶ

2193 4896 2518 4966 παράνομοι,
2557 4894 2781 4964 πλήρεις
2811 4892 3041 4962 ἀνομίας
3088 4894 3153 4944 ὲκ
3179 4889 3287 4942 τῶν
3314 4889 3450 4941 υἱῶν
3477 4886 3568 4939 τοῦ
3599 4883 3742 4942 Κάῖν,

2207 4989 2274 5039 ἰο
2294 4987 2410 5057 ›6ὴλ
2435 4987 2526 5039 καὶ
2558 4984 2840 5055 Θουκιδὴλ,
2870 4984 3035 5035 τέκνα
3063 4981 3155 5034 τοῦ
3195 4981 3385 5051 Λάμεχ
3429 4978 3522 5031 τοῦ
3542 4970 3743 5044 τυφλοῦ.

2194 5080 2286 5130 ’σου
2313 5076 2729 5139 ἀποκτείναντος
2760 5076 2850 5128 τὸν
2879 5073 3039 5137 Κάῖν,
3063 5067 3137 5127 ὧν
3168 5075 3260 5128 καὶ
3285 5073 3574 5145 κυριεύσας
3599 5068 3626 5118 ὁ
3647 5064 3745 5119 διά-

2194 5171 2347 5234 ϐολος
2376 5169 2721 5241 ἐτροπώσατο
2746 5170 2941 5232 αὐτοὺς
2973 5167 3116 5222 ἆπαν
3150 5163 3289 5229 εἶδος
3318 5166 3573 5237 μουσικὸν
3600 5173 3745 5215 κατα-

2196 5263 2487 5325 σκευάσας.
2530 5260 2736 5315 Horum
2771 5275 2931 5313 usum
2971 5259 3113 5314 sicut
3149 5266 3201 5313 et
3229 5258 3462 5311 aliorum
3520 5254 3744 5309 nationes

2194 5354 2526 5410 recentiores
2554 5353 2689 5416 suis,
2713 5353 2799 5406 vel
2827 5350 2951 5404 aliis
2975 5350 3075 5406 sibi
3100 5350 3347 5420 cognatis
3369 5348 3740 5416 ascripserunt.

2194 5446 2298 5499 Alii
2326 5446 2468 5500 enim
2498 5442 2811 5513 Amphioui,
2843 5442 2933 5495 alii
2975 5441 3210 5510 Orp'neo,
3244 5441 3465 5510 quidam
3504 5431 3742 5507 Apollini,

2194 5548 2249 5595 et
2273 5539 2363 5594 alii
2393 5538 2515 5592 aliis
2568 5535 2935 5592 inventionem
2966 5534 3110 5589 hanc
3156 5541 3445 5603 acceptam
3497 5529 3740 5584 referunt.

2193 5632 2528 5701 Theophilus
2585 5630 2822 5684 ibidem:
2856 5628 3015 5682 Ἀλλὰ
3069 5628 3174 5697 μὴν
3220 5627 3311 5679 καὶ
3358 5625 3428 5677 τὰ
3486 5621 3613 5693 περὶ
3662 5616 3743 5683 τῆς

2197 5725 2459 5797 μουσικῆς
2493 5723 2837 5793 ὲφλυάρησάν
2882 5739 3026 5784 τινες
3057 5719 3284 5792 εὑρετὴν
3332 5716 3635 5771 Ἀπόλλωνα
3670 5725 3743 5777 γεο

2194 5817 2449 5883 γενῆσοαι
2471 5832 2483 5847 ’
2519 5815 2664 5873 ἄλλοι
2690 5816 2745 5870 δὲ
2770 5815 2971 5882 Ὀρφέα
3001 5814 3105 5868 ἀπὸ
3126 5815 3225 5880 τῆς
3257 5812 3363 5867 τῶν
3381 5809 3609 5878 ὀρνίθων
3637 5804 3746 5871 ἠδυ-
