4064 6290
356 341 455 396 98l
1371 344 1438 400 IN
1475 344 1851 401 EUSTATlllI
1892 344 2367 403 IlEXAEMrERON
2400 345 2628 404 NOTE.
3472 347 3580 408 983

345 451 751 525 φωνίας’“φασὶν
783 453 1132 552 ἐξευρηκέναι
1164 460 1263 531 τὴν
1319 463 1601 533 μουσικήν.
1646 465 1815 528 Κενὸς
1853 464 1912 517 δὲ
1942 470 1986 526 Α
2012 463 2106 517 τοῦ
2135 463 2241 533 Σὴθ
2276 463 2470 518 δικαιοί.
2508 464 2811 532 γεγόνασιν,
2842 462 2962 517 ὅθεν
2989 465 3021 532 ἡ
3052 462 3241 535 Γραφὴ
3270 464 3435 536 ἑαυτῇ
3447 465 3579 519 ἀκορ-

342 547 746 640 μξὶταιοςὸ
780 548 933 617 λόγος
954 547 1131 605 αὐτῶν
1156 551 1448 640 δείκνυται.
1478 554 1631 608 Μετὰ
1654 555 1763 626 γὰρ
1792 556 1918 609 πολ·
2015 554 2276 609 λουθοῦσα
2304 555 2440 625 μετὰ
2460 554 2632 609 ταῦτά
2657 571 2836 626 φησιν·
2873 573 2892 606 ι
2921 551 3071 607 Εἶδον
3100 557 3148 607 οἱ
3185 555 3291 607 υἱοὶ
3311 555 3404 608 τοῦ
3442 554 3576 609 Θεοῦ

345 625 537 712 ἷέἶέτῆ
567 638 660 693 τοῦ
691 640 1079 712 κατακλυσμοῦ
1107 638 1251 697 οὗτοι
1281 646 1546 713 ἐγένοντο.
1567 625 1813 703 Ριυτιιίάε
1833 650 1915 705 his
2012 645 2111 710 τὰς
2141 646 2445 717 θυγατέρας
2470 645 2578 700 τῶν
2606 625 2925 716 ἀνθρώπων,
2946 666 2964 698 ι
3004 645 3275 700 τουτέστιν
3297 647 3574 709 οἰ,δίκαιοι.

350 729 655 802 Polydorus
675 728 939 802 Virgilius
964 731 1039 786 De
1076 733 1271 790 iuvent.
1312 752 1508 790 rerum.
1534 736 1797 792 Dicuntur
1818 754 1917 793 au»

348 829 538 878 tem-et
582 823 639 878 hi
672 839 832 879 suum
864 824 1104 881 musices
1138 827 1416 882 inventum
1458 829 1914 898 quemadmodum

346 924 402 969 et
434 915 529 970 ﬁlii
562 915 713 970 Sethi
734 932 820 982 ea,
849 932 970 987 qua:
1001 917 1069 973 de
1098 919 1336 975 siderum
1380 923 1620 978 motibus
1672 931 1726 977 et
1748 924 1916 979 disci-

347 1009 494 1079 plina
528 1016 865 1078 repererant,
896 1009 950 1063 in
987 1010 1258 1068 columnis
1290 1015 1539 1070 cmlasse.

413 1096 532 1153 Col.
548 1097 677 1163 752,
699 1098 796 1154 lin.
819 1099 905 1154 17.
924 1100 1028 1155 Ἐκ
1053 1099 1122 1153 δὲ
1132 1100 1243 1170 τῆς
1256 1102 1473 1173 Σελάμ.
1494 1104 1796 1175 Sculptura:
1813 1105 1913 1161 fuit

345 1199 557 1254 auctor,
589 1187 838 1245 fabrilem
868 1199 1039 1247 artem
1073 1193 1301 1259 invenit,
1327 1197 1542 1251 metalla
1566 1196 1772 1259 effodit,
1812 1213 1909 1253 eo-

344 1297 467 1336 rum
510 1298 669 1337 usum
714 1284 948 1352 aperuit.
987 1283 1323 1361 Tthphilus
1373 1287 1574 1344 ibidem
1608 1307 1623 1342 :
1652 1289 1821 1343 Θόόελ
1853 1289 1911 1343 δὲ

345 1373 560 1442 ἐγένετο
610 1375 967 1446 σφυροκόπος.
1010 1377 1241 1447 χαλκεὺς
1294 1370 1494 1449 ᾖαλκοῦ
1538 1381 1630 1434 καὶ
1668 1382 1907 1454 σιδήρου.

347 1463 521 1535 Hujus
564 1466 701 1521 artis
753 1467 898 1521 nacti
946 1470 1288 1525 occasionem
1336 1472 1604 1539 homines,
1641 1482 1700 1528 ut
1751 1474 1909 1543 Philo

344 1566 400 1613 ct
433 1557 700 1629 Iosephus
729 1558 1092 1625 tradiderunt,
1132 1563 1311 1632 primo
1342 1565 1673 1635 sculptilium
1699 1578 1752 1622 et
1792 1567 1909 1622 ido-

346 1654 521 1707 lorum
555 1652 880 1724 imaginibus
909 1654 1206 1710 adorandis
1236 1672 1295 1710 se
1333 1656 1620 1712 dederunt.
1658 1658 1907 1716 Secundo

348 1742 574 1808 ferrum,
605 1751 659 1797 et
676 1760 751 1799 ms
785 1744 918 1799 rude
948 1745 1003 1798 in
1028 1744 1154 1799 belli
1182 1745 1541 1803 instrumenta
1581 1751 1903 1816 exacuendi,

2015 738 2090 791 Οὐ
2126 738 2233 810 γὰρ
2259 733 2326 808 ἦν
2350 737 2599 809 ἐπιμιξία
2626 737 2732 792 τῶν
2766 737 2895 791 υἱῶν
2926 737 3032 809 Σὴθ
3063 737 3195 809 πρὸς
3228 737 3454 807 regem
3484 739 3577 794 τοῦ

2014 829 2175 885 Κάῖν.

2082 918 2242 986 lbid.,
2272 920 2367 974 lin.
2398 919 2489 974 27.
2522 920 2631 975 Τοῦ
2664 920 2731 973 δὲ
2756 919 2946 989 Ἰάρεδ
2988 921 3137 986 υἱός.
3168 919 3430 987 Zonaras,
3467 923 3578 976 An-

2013 1010 2123 1067 nal.
2160 1021 2290 1065 tom.
2323 1009 2341 1063 l
2373 1030 2388 1066 :
2415 1011 2759 1083 Εὑηρέστησε
2797 1012 2854 1066 δὲ
2895 1010 3065 1083 Ἑνὼχ
3106 1010 3182 1082 τῷ
3221 1012 3429 1084 Κυρίῳ,
3483 1014 3577 1066 καὶ

2016 1103 2297 1177 μετετέθη,
2333 1103 2426 1158 καὶ¹
2457 1096 2556 1174 οὐχ
2594 1104 2875 1176 εὑρίσκετο
2901 1104 3035 1157 ὲτῶν
3076 1102 3313 1172 γεγονὼς
3359 1120 3577 1175 τριακο-

2014 1194 2144 1248 σίων
2173 1194 2431 1265 έξήκοντα
2458 1192 2552 1247 καὶ
2581 1192 2773 1247 πέντε.
2791 1192 3032 1247 Primum
3079 1192 3168 1247 hic
3193 1192 3579 1248 advertendum

2013 1283 2400 1356 Hieronymum
2438 1284 2603 1338 veluti
2641 1285 2901 1340 memoria
2953 1284 3164 1354 lapsum
3208 1285 3388 1339 notari
3415 1300 3447 1338 a
3478 1282 3580 1340 Pe-

2010 1379 2156 1433 rerio
2194 1378 2248 1431 in
2273 1374 2481 1440 Genes.,
2518 1377 2614 1431 lib.
2648 1392 2724 1432 vtt
2750 1375 2827 1446 (id
2866 1375 3033 1446 quod,
3083 1383 3142 1429 ut
3186 1377 3302 1446 ipse
3342 1376 3436 1439 ait,
3464 1390 3581 1430 ma-

2009 1471 2133 1542 gnis
2156 1470 2311 1533 viris,
2341 1470 2429 1524 vel
2472 1468 2641 1523 nimia
2687 1468 2964 1523 memoriae
2993 1467 3212 1533 ﬁducia,
3245 1469 3328 1524 vel
3368 1470 3474 1522 alia
3523 1469 3578 1523 in

2009 1577 2069 1618 re
2127 1561 2309 1618 studio
2355 1554 2597 1631 curaque
2642 1560 2988 1616 vehementer
3025 1561 3248 1616 intentis
3299 1577 3411 1615 non
3451 1576 3577 1617 raro

2008 1652 2315 1726 contingit);
2334 1653 2381 1709 si
2408 1652 2624 1726 quidem
2652 1653 2797 1725 quod
2826 1653 2929 1708 hoc
2959 1654 3080 1708 loco
3108 1651 3386 1723 Scriptura
3415 1654 3579 1709 tradit

2011 1744 2077 1801 de
2106 1743 2315 1811 Enoch,
2344 1745 2437 1815 qui
2461 1744 2726 1814 septimus
2762 1744 2864 1799 fuit
2899 1744 2966 1799 ab
3000 1743 3228 1806 Adamo,
3263 1743 3378 1814 ipse
3418 1744 3575 1798 attri-

346 1841 401 1889 et
431 1834 808 1889 conformandi
854 1845 1105 1893 auctores
1144 1836 1333 1904 fuere;
1363 1851 1655 1911 utrumque
1701 1813 1910 1898 natura:
1942 1813 1982 1868 Β
2011 1836 2131 1892 buit
2156 1835 2304 1891 Enos
2352 1813 2464 1891 ﬁlio
2496 1813 2650 1902 Seth,
2681 1835 2870 1891 Adami
2900 1836 3103 1905 nepoti.
3145 1833 3234 1890 Sic
3264 1813 3408 1890 enim
3440 1835 3579 1890 scri-

343 1928 590 1981 humante
615 1925 1156 1996 perniciosissimum.

412 2016 525 2071 Ibid
555 2057 570 2080 ,
605 2019 701 2072 lin.
734 2018 822 2072 i9.
870 2018 932 2071 Ὀ
965 2018 1034 2070 δὲ
1072 2017 1256 2089 Ἀδὰμ
1285 2019 1493 2090 ζήσας.
1518 2021 1698 2078 Editio
1723 2023 1910 2081 Graeca

344 2103 701 2177 Septuaginta
740 2108 1104 2179 Interprctum
1146 2109 1205 2163 in
1252 2114 1642 2169 enumerandis
1688 2115 1912 2171 humani

340 2198 553 2266 generis
584 2205 872 2254 auctorum
920 2199 1080 2255 annis
1117 2215 1243 2255 cum
1289 2200 1559 2257 Hebraica
1597 2203 1908 2261 Iudaeorum

339 2303 448 2342 non
473 2286 756 2358 conv'enit;
779 2305 967 2346 eorum
983 2289 1341 2347 differentiam
1372 2294 1554 2364 plures
1578 2303 1907 2355 tractarunt.

344 2379 478 2435 Vide
529 2383 673 2452 apud
714 2381 928 2438 Sixtum
980 2382 1302 2450 Senensem,
1335 2384 1614 2442 Pererium
1664 2395 1719 2444 et
1751 2391 1907 2446 alios.

343 2469 516 2524 Graeci
548 2478 767 2526 centum
816 2487 991 2529 annos
1026 2475 1149 2545 plus
1179 2475 1428 2531 tribuunt
1458 2493 1620 2547 quam
1674 2477 1907 2545 Hebrmi,

344 2570 537 2630 praeter
565 2560 819 2619 Lamechi
851 2579 1045 2631 annos,
1083 2566 1177 2622 ubi
1225 2558 1316 2623 sex
1352 2568 1510 2623 annis
1564 2577 1774 2625 tantum
1827 2572 1911 2626 di-

342 2661 518 2721 stant,
548 2663 600 2710 et
631 2654 846 2725 Noethi,
872 2657 928 2711 in
967 2642 1167 2728 quibus
1200 2660 1638 2732 quingentesimo
1666 2673 1718 2719 et
1753 2680 1909 2720 sexa-

341 2747 556 2816 gesimo
609 2749 830 2804 omnino
870 2751 1225 2806 conveniunt.
1280 2752 1353 2808 De
1393 2755 1670 2824 sepultura
1715 2758 1906 2814 Adami

340 2849 601 2896 constans
648 2850 733 2897 est
766 2840 1110 2898 Hebraeorum
1159 2846 1407 2909 traditio,
1441 2848 1707 2904 Adamum
1758 2866 1905 2905 mor-

307 2941 495 2987 tuum
539 2940 593 2988 et
641 2934 910 3003 sepultum
954 2935 1013 2989 in
1070 2943 1216 2991 terra
1284 2937 1445 2994 Israel
1506 2955 1672 3010 prope
1717 2956 1904 3012 agrum

340 3024 756 3089 Damascenum,
786 3026 863 3081 ibi
914 3027 1060 3082 enim
1118 3027 1297 3083 fuerat
1355 3039 1692 3101 procreatus,
1727 3034 1802 3089 ibi
1853 3044 1905 3092 et

2010 1929 2109 1984 bit.
2136 1930 2232 1985 lib.
2264 1946 2280 1984 ι
2324 1928 2583 1984 Adversus
2629 1928 2973 1983 Jovinianum
3005 1947 3021 1984 :
3063 1927 3186 1982 Non
3229 1945 3347 1983 reor
3378 1927 3576 1983 idcirco

2012 2021 2333 2075 translatum
2358 2021 2558 2084 Enoch,
2591 2020 2729 2092 quod
2758 2036 2975 2075 uxorem
3001 2021 3266 2084 habuerit,
3303 2021 3392 2075 sed
3437 2018 3577 2091 quod

2011 2112 2213 2180 primus
2235 2112 2551 2166 invocaverit
2604 2110 2792 2177 Deum,
2833 2120 2884 2165 et
2914 2110 3192 2165 crediderit
3238 2112 3292 2164 in
3328 2110 3576 2166 Salvato-

2012 2218 2141 2256 rem.
2171 2201 2241 2255 At
2273 2202 2509 2272 primum
2531 2201 2794 2267 omnium,
2817 2203 2909 2272 qui
2937 2217 3134 2257 nomen
3166 2200 3380 2256 Domini
3408 2203 3576 2272 erepit

2013 2295 2266 2350 invocare
2287 2310 2396 2351 non
2425 2294 2630 2360 Enoch,
2659 2295 2754 2351 sed
2781 2293 2926 2351 Enos
2958 2294 3124 2350 fuisse
3143 2308 3265 2365 cap.
3294 2311 3367 2359 ιν,
3388 2293 3572 2349 Gener.

2019 2384 2184 2440 tradit
2219 2384 2456 2457 Moyses.
2510 2384 2818 2440 Secundum
2856 2398 2871 2436 :
2916 2383 3217 2454 Procopius
3268 2382 3478 2439 Gazeus
3507 2400 3576 2440 ex

2011 2477 2188 2533 verbis
2207 2475 2493 2545 Scriptura:
2518 2485 2668 2547 putat
2693 2475 2873 2531 Enoch
2897 2484 3023 2532 ante
3052 2474 3221 2530 fuisse
3246 2474 3579 2544 improbum,

2009 2579 2059 2624 ct
2084 2567 2429 2637 ﬂagitiosum,
2462 2567 2558 2624 sed
2597 2574 2780 2636 postea
2813 2564 2975 2636 digna
3007 2571 3060 2621 et
3086 2563 3323 2635 perfecta
3347 2579 3575 2620 suorum

2009 2659 2276 2714 scelerum
2306 2656 2628 2728 poenitentia
2652 2670 2762 2710 non
2794 2662 3003 2709 tantum
3030 2653 3353 2710 emendasse
3382 2653 3578 2715 vitam,

2009 2751 2101 2806 sed
2132 2749 2267 2804 adeo
2315 2747 2426 2803 Deo
2475 2746 2765 2818 placuisse,
2799 2755 2860 2801 ut
2910 2751 3212 2800 mereretur
3254 2744 3446 2798 mortis
3477 2758 3573 2798 ex-

2008 2857 2134 2912 pers
2185 2841 2240 2895 in
2288 2839 2496 2896 felicem
2542 2840 2664 2896 vitae
2717 2847 2921 2895 statum
2968 2836 3275 2893 transferri.
3327 2833 3578 2890 Tertium

2008 2933 2342 2987 Abenezram
2384 2945 2505 2985 cum
2584 2929 2705 2985 aliis
2735 2926 3410 2985 contendisse:Enochum
3428 2939 3574 2979 mor-

2012 3034 2164 3080 tuum
2197 3040 2339 3089 esse,
2367 3032 2421 3079 et
2455 3023 2529 3078 ita
2567 3022 2866 3093 Scriptura:
2908 3023 3086 3077 locum
3139 3018 3577 3090 intelligendum,

344 3120 514 3172 vitam
547 3118 806 3175 traduxit.
840 3118 948 3173 Alii
981 3135 1047 3175 ex
1079 3119 1258 3177 Josuae
1290 3138 1344 3176 ιν
1371 3124 1521 3179 aiunt
1556 3126 1704 3182 illum
1731 3130 1909 3201 sepul—
1938 3144 1980 3201 ο
2015 3117 2201 3173 multis
2229 3117 2556 3180 rationibus.
2583 3116 2678 3172 sed
2701 3124 2904 3171 temere
2921 3122 3150 3170 conatur
3170 3113 3570 3169 demonstrare-

339 3216 453 3260 tnm
488 3206 544 3261 in
575 3206 778 3263 Ebron.
824 3207 1147 3264 Nostrorum
1181 3221 1359 3267 tamen
1392 3216 1660 3271 sententia
1699 3229 1801 3286 est,
1850 3221 1906 3277 in

336 3306 524 3355 monte
566 3297 814 3370 Golgota,
872 3302 926 3355 in
977 3317 1086 3371 quo
1134 3302 1396 3361 Dominus
1452 3309 1750 3367 cruciﬁxus
1784 3313 1905 3369 fuit.

335 3388 596 3461 Origenes
642 3398 804 3446 tract.
831 3390 902 3445 55
933 3392 987 3445 in
1025 3390 1289 3458 Marcum,
1344 3393 1681 3466 Epiphanius
1716 3404 1768 3456 in
1805 3404 1910 3461 ﬁne

339 3480 586 3544 Pancrii,
613 3481 950 3539 Athanasius
981 3484 1058 3538 De
1085 3487 1332 3553 passione
1355 3487 1591 3557 Domini,
1622 3492 1907 3568 TheOphy-

341 3572 518 3628 lactus
561 3573 616 3627 in
648 3573 821 3628 Math.
858 3591 1030 3641 xxvn,
1059 3575 1383 3648 Euthymius
1413 3580 1566 3649 ibid.,
1599 3583 1906 3655 Cyprianus

337 3679 587 3720 sermone
619 3665 692 3720 De
718 3669 1118 3736 resurrectione,
1163 3670 1489 3728 Ambrosius
1522 3674 1617 3729 lib.
1655 3693 1708 3741 v,
1741 3678 1901 3748 epist.

337 3758 429 3820 19.
443 3765 498 3813 et
527 3758 675 3814 alibi.
1032 3815 1042 3827 ,

406 3845 566 3913 lbid.,
596 3849 690 3905 lin.
725 3850 817 3906 ‘21.
847 3851 1033 3919 Ἐνὼς
1057 3853 1125 3907 δὲ
1151 3854 1283 3921 υἱὸς
1302 3855 1429 3911 τοῦ.
1460 3856 1705 3914 Paterna:
1729 3861 1905 3931 pieta-

336 3940 408 3995 tis
455 3941 680 4011 vestigia
715 3943 1079 4013 amplexatus,
1124 3947 1368 4016 proniori
1422 3950 1603 4004 animo
1646 3950 1825 4021 Deum.
1846 3953 1905 4009 in

334 4046 496 4101 quem
515 4048 612 4089 sua
644 4034 828 4090 omnia
860 4036 1402 4109 referebat,publice,
1423 4056 1526 4096 nec
1554 4044 1902 4101 tenebrarum

336 4123 635 4180 involucris
682 4125 952 4192 adoravit,
1002 4129 1203 4185 avitam
1261 4131 1579 4203 religionem
1634 4135 1897 4190 retinens.

334 4212 521 4270 Latius
550 4215 665 4271 haec
694 4220 1045 4289 prosequitur
1070 4219 1334 4278 Vatablus
1359 4226 1726 4281 comment.in
1756 4227 1901 4283 hunc

333 4305 535 4361 lorum’.
557 4307 697 4363 Ante
732 4308 896 4373 Enos,
924 4311 1116 4377 Adam,
1141 4312 1297 4378 Abel,
1332 4313 1462 4371 Seth
1511 4322 1566 4369 et
1607 4314 1775 4370 Deum
1808 4331 1902 4372 co-

338 4397 514 4463 luere,
536 4408 582 4454 et
616 4400 906 4459 sacriﬁciis
935 4402 1132 4459 oblatis
1160 4405 1456 4475 propitium
1479 4406 1584 4461 sibi
1610 4407 1895 4465 reddidere

2014 3210 2158 3265 Mera
2191 3208 2439 3280 prodigia
2465 3217 2611 3275 sunt,
2643 3214 2697 3262 et
2725 3206 2898 3261 aniles
2932 3205 3148 3272 fabulae,
3181 3218 3301 3276 qua:
3330 3204 3575 3259 haeretici

2011 3304 2078 3358 de
2110 3309 2285 3357 morte
2316 3299 2525 3356 Enocbi
2561 3298 2925 3354 tradiderunt.
2969 3296 3250 3352 Enochum
3295 3311 3406 3350 non
3448 3310 3572 3351 esse

2009 3403 2284 3450 mortuum
2334 3392 2677 3462 separatione
2723 3391 2918 3445 animae
2958 3404 2987 3443 a
3031 3404 3259 3460 corpore
3295 3388 3573 3450 violenta,

2010 3489 2106 3544 sed
2130 3489 2239 3542 alio
2267 3503 2409 3542 novo
2443 3487 2625 3552 modo,
2653 3501 2846 3556 nempe
2877 3496 3038 3541 exuta
3064 3493 3272 3539 tantum
3300 3484 3572 3553 corrupti-

2006 3581 2103 3637 bili
2149 3586 2363 3645 natura,
2396 3587 2451 3635 et
2489 3579 2798 3634 absolutum
2844 3593 2874 3632 a
2919 3578 3156 3633 miseriis
3187 3576 3348 3644 hujus
3385 3576 3570 3632 saeculi

2007 3673 2221 3744 placida
2250 3672 2485 3742 quadam
2513 3686 2579 3726 ex
2611 3671 2713 3725 hoc
2757 3671 2961 3726 mundo
2991 3670 3336 3740 migratione.
3368 3669 3436 3722 Et
3482 3669 3571 3724 ad-

2006 3764 2162 3827 dunt,
2213 3779 2273 3819 se
2314 3763 2463 3832 loqui
2504 3763 2571 3817 de
2615 3761 2730 3826 tali,
2758 3761 2935 3831 qualis
2986 3760 3176 3815 fuisset
3215 3760 3479 3815 transitus
3512 3760 3570 3814 in

2005 3862 2148 3911 statu
2202 3855 2545 3919 innocentirc,
2579 3864 2634 3909 et
2679 3855 2857 3925 qualis
2907 3853 3124 3908 futurus
3168 3868 3381 3917 eorum,
3429 3866 3570 3922 quos

2004 3948 2121 4004 dies
2155 3948 2382 4003 ultimus
2412 3947 2740 4017 superstites
2777 3948 3044 4014 inveniet;
3080 3955 3243 4016 atque
3269 3947 3342 4001 ita
3374 3946 3427 3999 in
3462 3959 3570 4001 ca:-

2004 4041 2192 4096 lestem
2227 4040 2456 4110 patriam
2505 4038 2690 4093 Enoch
2727 4039 3050 4094 translatum
3087 4038 3275 4104 fuisse,
3302 4054 3409 4093 non
3441 4040 3565 4107 qui-

2002 4131 2124 4187 dem
2147 4131 2387 4185 futurum
2407 4129 2517 4184 illic
2534 4130 2854 4200 participem
2886 4130 3073 4200 gloriae
3101 4129 3362 4192 caelestis,
3398 4144 3456 4184 se
3472 4127 3567 4183 ab;

2002 4225 2239 4280 solutum
2273 4223 2537 4277 duntaxat
2568 4238 2597 4277 a
2632 4222 2866 4279 miseriis
2885 4223 3091 4286 saeculi,
3121 4223 3293 4277 donec
3315 4221 3567 4277 Christus

2001 4317 2058 4371 in
2075 4316 2271 4372 ccelnm
2289 4313 2627 4370 ascenderet.
2649 4313 2909 4369 Martinus
2925 4315 3051 4369 item
3085 4314 3400 4377 Borrhains,
3418 4313 3568 4382 ejus-

2000 4408 2120 4487 dem
2158 4406 2345 4461 farinae
2380 4406 2561 4467 homo,
2592 4405 2789 4461 fatetur
2828 4404 3108 4460 Enochum
3132 4419 3258 4460 vere
3290 4412 3561 4458 mortuum

334 4486 476 4555 Quin
505 4487 742 4560 Cyrillus
773 4493 867 4547 lib.
901 4509 918 4548 ι
951 4494 1150 4549 Contra
1175 4495 1474 4562 lulianum,
1535 4499 1745 4562 scribit,
1797 4501 1897 4566 ho-
1929 4506 1975 4563 l)
2001 4486 2177 4571 quoad
2236 4514 2435 4568 corpus
2489 4512 2641 4553 more
2691 4506 3031 4562 cmterorum,
3062 4499 3158 4553 sed
3203 4497 3419 4566 sepulto
3444 4510 3565 4550 cor‘

333 4579 510 4637 mines
544 4583 611 4635 ab
633 4582 829 4648 Adam,
867 4586 1041 4655 usque
1070 4586 1136 4640 ad
1179 4586 1302 4641 Sent
1344 4586 1516 4642 ﬁlium
1548 4587 1682 4656 Noe,
1724 4589 1895 4645 Deum

330 4672 669 4729 conditorem
717 4677 975 4741 coluisse,
1010 4693 1111 4733 nec
1162 4679 1329 4734 ullum
1383 4681 1706 4750 reprehendi
1749 4684 1896 4754 quod

332 4772 458 4818 ante
486 4763 750 4820 diluvium
781 4767 887 4823 diis
933 4770 1147 4836 alienis,
1194 4770 1277 4824 vel
1315 4771 1652 4828 daemonibus
1679 4773 1894 4830 deditus

329 4854 605 4912 obtulerit.
643 4855 720 4913 De
751 4860 1069 4915 solemniori
1118 4867 1300 4916 autem
1332 4864 1481 4917 cultu
1524 4864 1702 4918 locum
1746 4864 1895 4920 hunc

330 4948 705 5022 intelligimus.
724 4951 791 5006 Et
812 4968 934 5008 cum
958 4955 1139 5009 caeteri
1165 4955 1362 5010 artium
1389 4955 1717 5023 inventione,
1730 4959 1894 5014 rebus

328 5043 482 5101 hisce
515 5047 748 5102 terrenis
798 5048 1205 5114 incumbentes,
1246 5048 1459 5104 lucrum
1511 5057 1566 5105 et
1610 5051 1895 5106 commoda

329 5145 719 5208 prmpararent,
745 5136 891 5192 Enos
917 5137 1032 5208 ipse
1066 5138 1263 5208 spretis
1293 5138 1569 5205 omnibus,
1596 5139 1764 5195 Deum
1789 5141 1894 5197 sibi

330 5230 507 5285 solum
539 5246 649 5303 prae
677 5231 890 5286 caeteris
940 5233 1291 5302 praepositum
1334 5232 1601 5297 adoravit,
1632 5235 1748 5290 suis
1785 5234 1894 5290 for-

329 5322 478 5378 tunis
508 5322 563 5377 in
593 5337 659 5377 eo
699 5323 1001 5378 collocatis.
1046 5322 1124 5377 llli
1157 5339 1245 5380 res
1269 5323 1337 5378 ad
1370 5325 1512 5380 hanc
1538 5327 1705 5381 vitam
1740 5328 1897 5384 utiles

329 5414 739 5484 excogitabant,
783 5412 838 5467 hi
868 5414 936 5469 ad
973 5413 1230 5468 futuram.
1262 5416 1441 5481 Quare
1466 5416 1522 5470 hi
1545 5416 1643 5471 Dei
1663 5417 1785 5487 ﬁlii,
1818 5419 1891 5472 iili

326 5505 433 5578 ﬁlii
464 5505 755 5560 hominum.
788 5504 1393 5563 Eusebius‘Emissenus
1422 5508 1628 5565 Catena
1647 5510 1700 5564 in
1727 5509 1893 5566 Gen.:

338 5598 428 5651 Ἐν
465 5596 544 5670 τῷ
579 5597 849 5670 Ἐδραῖκῷ
884 5599 982 5669 οὐχ
1008 5596 1150 5652 οὕτω
1175 5598 1342 5667 λέγει,
1376 5599 1491 5653 ἀλλ’
1522 5598 1694 5664 οὕτως
1715 5618 1729 5633 α
1766 5602 1898 5657 Ἥλ-

330 5708 487 5746 πισεν
547 5690 923 5751 ἐπικαλεῖσθαι
965 5691 1044 5763 τῷ
1093 5691 1315 5763 ὀνόματι
1355 5693 1557 5765 Κυρίου
1601 5692 1696 5747 τοῦ
1738 5694 1891 5749 Θεοῦ·

324 5783 600 5842 τουτέστιν
631 5783 761 5850 Υἱὸς
795 5782 929 5842 Θεοῦ
957 5783 1210 5856 λέγεσθαι
1246 5785 1341 5842 καὶ
1374 5785 1524 5851 Θεὸς.
1556 5788 1617 5840 0t
1653 5786 1760 5861 γὰρ
1789 5787 1894 5841 ἀπὸ

1998 4606 2131 4662 pore
2179 4590 2358 4662 quoad
2425 4590 2660 4645 animam
2728 4598 2950 4660 propter
3012 4590 3132 4645 ﬁdei
3192 4588 3565 4660 praestantiam

1998 4684 2324 4739 translatum
2379 4683 2433 4736 in
2464 4682 2686 4745 cmlum,
2735 4689 2790 4735 et
2831 4681 2952 4735 ideo
2985 4682 3091 4736 dici
3134 4696 3240 4735 non
3269 4687 3559 4734 mortuum.
3619 4746 3624 4753 .

1997 4762 2393 4842 Antiquissima
2424 4778 2605 4826 tamen
2652 4770 2910 4826 Ecclesia:
2937 4771 3178 4834 traditio,
3213 4778 3268 4825 et
3298 4769 3564 4824 Christia-

1996 4880 2192 4920 norum
2215 4864 2458 4919 omnium
2482 4862 2790 4933 persuasio,
2815 4870 2869 4917 et
2898 4877 3132 4917 concors
3162 4861 3381 4916 Patrum
3408 4860 3565 4916 theo-

1999 4959 2242 5028 logorum
2289 4954 2595 5017 sententia,
2656 4955 2992 5009 contrarium
3039 4954 3222 5009 sentit.
3270 4952 3423 5007 lllam
3471 4968 3569 5007 cx-

1997 5065 2185 5121 presse
2239 5047 2463 5102 tradunt
2495 5048 2745 5102 Clemens
2793 5043 3068 5100 Romanus
3106 5046 3196 5101 lib.
3247 5062 3280 5102 v
3336 5044 3563 5101 Constit.

1996 5150 2166 5212 apost.
2190 5180 2205 5205 ,
2237 5155 2357 5210 cap.
2393 5140 2460 5207 6;
2515 5138 2770 5203 lrenaeus,
2800 5140 2896 5195 lib.
2926 5157 3002 5206 ιν,
3042 5155 3163 5210 cap.
3192 5140 3296 5207 '50;
3350 5137 3569 5193 Tertul-

1998 5233 2198 5297 lianus,
2228 5230 2322 5284 lib.
2357 5230 2433 5283 De
2484 5246 2679 5284 resurr.
2715 5247 2886 5297 carn.,
2917 5246 3039 5301 cap.
3085 5231 3189 5297 58;
3234 5229 3563 5300 Cyprianus,

1999 5326 2094 5381 lib.
2129 5324 2206 5378 De
2235 5322 2365 5379 Sion
2390 5331 2438 5377 et
2465 5321 2632 5385 Sina;
2684 5321 3018 5394 Epiphanius
3044 5322 3098 5377 in
3128 5321 3434 5383 Aneorato';
3460 5317 3569 5375 Ne-

1997 5415 2224 5479 mesius,
2258 5414 2356 5470 lib.
2387 5413 2462 5467 De
2495 5422 2604 5469 nat.
2655 5413 2879 5478 homirn,
2912 5429 3033 5484 cap.
3062 5415 3135 5479 4;
3180 5411 3564 5481 Hieronymus,

1998 5506 2093 5561 lib.
2120 5521 2180 5560 ιιι
2204 5504 2405 5559 Contra
2434 5503 2641 5576 Petag.;
2687 5505 3048 5576 Augustinus,
3075 5504 3168 5559 lib.
3195 5517 3265 5558 xv
3302 5500 3381 5555 De
3419 5500 3562 5556 civit.
3613 5535 3616 5537 λ

1997 5597 2117 5664 Dei,
2147 5612 2269 5668 cap.
2300 5596 2401 5659 29;
2439 5596 2888 5670 Chrysostomus,
2930 5597 3078 5652 hom.
3108 5597 3171 5651 51
3202 5597 3255 5650 in
3286 5593 3471 5651 Cenes.
3511 5605 3565 5651 et

1999 5691 2055 5745 in
2084 5707 2204 5762 cap.
2253 5707 2306 5745 xt
2344 5691 2414 5744 ad
2459 5689 2747 5756 Hebraeos;
2785 5688 3106 5760 Ephremius
3134 5687 3565 5759 Theopolitanns

2002 5785 2309 5857 patriarcha
2345 5786 2487 5856 apud
2519 5784 2771 5842 Photium
2799 5784 2851 5838 in
2873 5780 3117 5848 Bibliot.,
3142 5784 3264 5841 cod.
3296 5764 3421 5841 ἷξε.
3455 5781 3566 5838 Nec
