4064 6290
598 317 703 373 983

1948 321 2194 378 LEONIS
2232 323 2506 379 ALLATII

3717 329 3816 385 982

594 460 754 515 aliter
778 459 941 514 sentit
959 458 1222 526 Iosephus
1254 458 1457 529 Antiq.,
1482 458 1576 513 lib.
1595 474 1634 523 ι,
1655 438 1783 529 cap.
1805 459 1840 513 4
1868 476 1881 510 :
1926 461 2136 529 Ἀνεχώι

2254 460 2344 513 τοῦ
2374 460 2467 530 ἔτη
2497 466 2600 527 κγ’,
2635 458 2757 528 ξιξβ¹
2786 457 2954 530 ζήσας
2986 459 3098 529 ἔτη,
3143 458 3277 530 ὅπερ
3300 458 3474 511 οὐδενὶ
3522 463 3809 531 συμπεφώ-

598 568 729 623 ρησε
764 552 898 623 πρὸς
920 550 982 603 τὸ
1007 551 1178 616 Θείον,
1204 550 1323 604 ὅθεν
1361 553 1481 606 οὐδὲ
1506 551 1758 622 τελευτὴν
1779 552 1941 605 αὐτοῦ
1966 554 2151 621 ἀναγε·

594 643 851 711 γράψασι.
880 641 1040 696 Liber
1061 642 1353 711 inscriptus
1378 642 1635 696 Μεθοδίου
1660 643 1942 713 Πατάρων,
1965 643 2059 696 κοιλ⁸
2085 645 2148 695 ὲκ

591 734 683 787 τοῦ
723 732 1102 805 βιϐλιογράφου
1139 734 1361 798 Λέοντος
1406 734 1500 787 τοῦ
1548 734 1855 803 φιλοσόφου,
1904 735 1978 788 ait
2009 742 2147 789 tem-

591 841 721 895 pore
750 825 1073 880 Antichristi
1125 826 1269 880 hunc
1315 841 1419 879 una
1470 842 1593 881 cum
1641 826 1787 890 Elia,
1835 835 1887 881 et
1938 826 2147 881 Joanne

588 910 839 986 tbeologo
873 917 1213 982 mittendum,
1251 920 1318 972 ad
1350 933 1474 973 eum
1504 918 1971 989 redarguendum:
1999 921 2057 973 Ὀ
2087 920 2144 973 δὲ

589 1011 791 1078 ἀγαθὸς
830 1011 925 1065 καὶ
946 1012 1317 1083 φιλάνθρωπος
1342 1011 1474 1075 Θεὸς
1500 1012 1655 1083 ἡμῶν
1686 1013 1804 1065 οὐδὲ
1835 1014 1893 1065 ὲν
1925 1013 2003 1081 τῷ
2022 1013 2142 1066 τότε

587 1103 767 1175 καιρῷ
779 1104 1177 1174 καταλιμπανεῖ
1202 1104 1291 1159 τὸν
1320 1105 1523 1176 κόσμον
1550 1104 1673 1178 δίχα
1689 1106 1830 1169 τινὸς
1846 1123 1913 1175 κη
1922 1104 1982 1175 ρύ
1991 1121 2141 1157 σσον-

583 1211 692 1256 τος.
747 1194 1055 1247 Ἀποστελεῖ
1103 1195 1299 1265 ἄνδρας
1319 1197 1485 1267 τρεῖς,
1521 1195 1614 1247 δύο
1649 1197 1713 1248 ὲκ
1764 1195 1988 1265 νεφέλης
2048 1198 2141 1249 καὶ

583 1286 740 1340 ἄλλον
770 1289 835 1340 ὲκ
864 1288 964 1356 τῆς
988 1288 1091 1357 γῆς
1112 1303 1124 1316 ·
1179 1289 1285 1339 εἰσί
1310 1287 1366 1339 δὲ
1396 1282 1539 1340 οὗτοι
1575 1286 1767 1356 Ἑνὼχ,
1801 1287 2009 1351 Ἠλίας,
2048 1288 2140 1340 καὶ

597 1379 847 1451 Ἰωάννης
875 1382 903 1432 ὁ
934 1379 1199 1445 θεολόγος,
1236 1379 1482 1447 λέγοντες
1512 1396 1526 1410 ·
1558 1380 1761 1443 Πλάνος
1784 1380 1923 1432 ἐστί·
1956 1379 2141 1449 μηδεὶς

582 1473 731 1541 αὐτῷ
762 1471 1044 1544 πιστεύσῃ.
1091 1472 1198 1523 Καὶ
1226 1472 1438 1541 ἀναιρεί
1468 1474 1663 1534 αὐτοὺς
1688 1474 1744 1524 ὲν
1777 1472 1919 1540 φόνῳ
1947 1470 2141 1540 μαχαί-

586 1579 703 1633 ρας,
740 1563 835 1615 καλ⁵
885 1563 1173 1615 πεσοῦνται
1202 1561 1269 1614 τὰ
1304 1564 1529 1632 σώματα
1560 1560 1737 1614 αὐτῶν
1786 1561 1877 1614 ἐπὶ
1906 1561 2006 1630 τῆς
2037 1562 2140 1632 γῆς

582 1659 729 1725 τρεῖς
770 1657 981 1727 ἡμέρας
1012 1657 1104 1709 καὶ
1129 1657 1298 1726 ἥμισυ
1327 1674 1341 1686 ·
1385 1658 1479 1709 καὶ
1506 1655 1807 1726 εἰσέρχεται
1836 1656 1914 1717 εἰς
1943 1654 2139 1717 αὐτοὺς

582 1752 799 1821 πνεῦμα
823 1752 988 1821 ζωῆς,
1020 1754 1111 1805 καὶ
1139 1753 1451 1823 ἀνέρχονται
1502 1755 1581 1816 εἰς
1619 1754 1709 1806 τὸν
1748 1752 1970 1823 οὐρανὸν
2000 1752 2135 1805 πάν-

580 1859 688 1895 των
719 1841 988 1914 ὁρώντων,
1039 1844 1127 1896 καὶ
1160 1842 1454 1914 κράζοντες
1486 1846 1578 1898 τὸν
1629 1844 1779 1898 Θεόν.
1829 1845 1939 1898 Καὶ
1988 1844 2143 1897 κολο-
2177 1826 2219 1879 Β

580 1931 743 1985 ίώσει
776 1935 804 1985 ὁ
837 1932 1099 2002 "remo;
1139 1934 1236 1996 τὰς
1267 1934 1479 2005 ἡμέρας
1507 1933 1739 1997 ὲκείνας,
1776 1934 1861 1985 ἵνα
1894 1934 1967 2004 μὴ
1996 1935 2142 1987 πᾶσα

581 2024 611 2091 ἡ
641 2022 851 2090 φάλαγξ
872 2023 1051 2093 ἐκείνη
1083 2022 1189 2075 τῶν
1220 2022 1389 2092 ἁγίων
1418 2023 1659 2094 ὲκλείψῃ,
1693 2022 1787 2076 καὶ
1814 2022 2141 2092 σωθήσονται

580 2117 628 2167 οἱ
664 2114 986 2183 ἀγαπῶντες
1010 2115 1102 2167 τὸν
1129 2114 1281 2169 Θεόν.
1324 2114 1525 2171 Eadem
1573 2116 1736 2169 habet
1782 2113 2015 2184 Prosper
2044 2115 2139 2168 lib.

578 2207 657 2261 De
691 2207 894 2276 provid.
932 2206 1051 2273 Dei,
1081 2222 1201 2277 cap.
1226 2207 1278 2261 6.
1309 2207 1528 2273 lneptus
1556 2207 1738 2276 itaque
1765 2213 1849 2262 est
1878 2205 2142 2278 Hierony-

580 2314 701 2354 mus
717 2298 983 2365 Oleaster,
1002 2315 1125 2355 cum
1151 2300 1283 2354 dicit
1314 2319 1327 2353 :
1358 2300 1483 2355 licet
1506 2299 1713 2354 Hebraei
1736 2299 1939 2362 dicant,
1954 2297 2138 2352 Enoch

576 2407 699 2448 esse
739 2400 1034 2458 mortuum,
1077 2393 1179 2447 sibi
1230 2400 1412 2447 tamen
1449 2392 1621 2447 videri
1662 2392 2003 2463 probabilius
2029 2408 2139 2447 non

576 2499 698 2539 esse
731 2492 1027 2538 mortuum.
1072 2483 1311 2539 Tandem
1351 2485 1521 2539 multa
1556 2485 1868 2539 fabulantur
1898 2484 2137 2539 haeretici

491 2639 501 2649 ι
576 2576 643 2629 de
670 2576 795 2629 loco
824 2591 889 2631 ex
920 2591 1028 2646 quo
1090 2585 1276 2645 raptus
1310 2585 1413 2631 est.
1466 2575 1735 2632 Lutherus
1766 2578 1883 2631 vult
1922 2586 2135 2646 raptum

577 2666 820 2721 suaviter
850 2667 911 2750 ii}
930 2667 1174 2737 gramine
1205 2668 1559 2725 dormientem
1580 2669 1732 2722 nullo
1760 2668 1998 2722 conscio.
2020 2667 2137 2723 Sel-

576 2772 808 2811 necerus
864 2758 1075 2821 scribit,
1116 2759 1427 2827 vigilantem
1484 2774 1668 2813 coram
1720 2765 1833 2812 tota
1870 2757 2133 2823 Ecclesia,

575 2849 660 2902 vel
685 2850 969 2917 praecipuis
998 2851 1322 2918 patriarchis
1356 2867 1368 2901 :
1404 2851 1648 2921 Alioquin
1679 2850 1813 2903 unde
1841 2851 2133 2917 scivissem,

578 2940 677 3004 ait,
699 2950 905 3009 raptum
927 2958 959 2993 a
988 2940 1094 2994 Deo
1119 2944 1143 2995 ?
1177 2940 1516 2996 Probabilior
1543 2950 1626 2997 est
1653 2942 1920 2996 sententia
1947 2940 2132 3009 Delrii,

576 3030 693 3100 qui,
732 3031 1043 3097 Fateamur,
1090 3031 1285 3100 inquit,
1341 3048 1434 3085 nos
1486 3034 1679 3086 nescire
1728 3049 1828 3103 quo
1886 3041 2131 3101 tempore,

577 3121 714 3185 loco,
754 3120 908 3174 modo
962 3130 1012 3173 et
1060 3137 1237 3174 coram
1265 3120 1449 3191 quibus
1506 3132 1687 3190 raptus
1717 3122 1894 3190 fuerit.
1926 3119 2131 3176 Scimus

576 3221 788 3281 raptum
831 3214 1099 3276 virentem,
1148 3222 1196 3267 et
1228 3213 1414 3267 aDeo.
1456 3213 1535 3267 An
1580 3228 1710 3267 vero
1748 3213 1888 3268 idem
1946 3213 2094 3269 Enoc

575 3304 876 3359 translatus
906 3303 977 3359 sit
1016 3304 1333 3367 moriturus,
1367 3312 1420 3359 et
1449 3321 1608 3375 quem
1644 3305 1697 3359 in
1741 3306 1919 3360 locum
1951 3316 2131 3363 trans-

574 3397 719 3450 latus
767 3397 858 3459 sit,
898 3390 1079 3450 utrum
1131 3398 1188 3451 in
1241 3397 1554 3467 paradisum
1614 3406 1948 3459 terrestrem,
1993 3400 2135 3455 unde

574 3487 784 3555 cjcctus
820 3493 906 3541 est
936 3486 1132 3554 Adam,
1182 3497 1236 3543 et
1266 3503 1433 3559 quare
1488 3489 1805 3556 translatus,
1851 3497 1906 3545 et
1938 3505 2003 3544 an
2055 3491 2134 3547 sic

573 3580 872 3635 translatus
903 3580 1081 3635 videat
1106 3582 1399 3636 essentiam
1450 3580 1566 3645 Dei,
1592 3590 1645 3637 et
1696 3596 1762 3636 an
1796 3582 1994 3636 librum
2033 3583 2135 3635 ali-

573 3687 736 3740 quem
768 3672 1050 3743 scripserit
1085 3674 1272 3729 multis
1314 3683 1609 3744 pertractat
1657 3673 1911 3730 Pererius
1957 3676 2012 3728 in
2034 3673 2136 3729 Ce-

574 3782 707 3832 nes,
737 3766 831 3819 lib.
864 3781 964 3831 vn,
988 3774 1041 3821 et
1066 3765 1277 3821 Dclrius
1303 3767 1357 3821 in
1385 3768 1588 3821 dictum
1625 3768 1802 3823 locum
1839 3767 2022 3823 Cenes.
2049 3767 2134 3821 di-

574 3860 878 3915 sertissime
928 3859 1177 3924 discutit,
1230 3870 1283 3915 et
1328 3861 1442 3914 alii.
1493 3858 1714 3915 Librum
1770 3861 1890 3928 ejus
1948 3861 2133 3915 laudat

572 3946 835 4022 Origenes
865 3952 1012 4007 hom.
1043 3952 1112 4007 29
1155 3953 1211 4006 in
1243 3951 1445 4017 Num;
1491 3951 1875 4016 Tertullianus,
1927 3952 2022 4008 lib.
2056 3952 2132 4007 De

572 4042 905 4108 idololatria,
936 4042 1009 4097 De
1031 4043 1290 4112 pudicitia
1321 4050 1376 4099 et
1406 4043 1483 4098 De
1516 4044 1661 4097 cultu
1696 4044 1973 4114 virginum.
2010 4042 2131 4099 Ori-

572 4149 738 4206 genes
789 4135 1118 4204 Anacephal.
1148 4135 1244 4190 lib.
1289 4151 1342 4188 iv
1376 4133 1448 4189 De
1494 4136 1787 4205 principiis.
1831 4136 2131 4191 Damnatur

574 4234 636 4282 ut
689 4227 1049 4297 apocryphus.
1101 4227 1463 4297 Hieronymus
1509 4226 1684 4281 Catal.
1744 4232 1923 4299 script.
1971 4230 2131 4283 eccle-

574 4320 751 4383 siast.,
788 4319 867 4373 vel
900 4319 1004 4373 hoc
1054 4334 1162 4374 uno
1188 4316 1340 4373 Judm
1378 4321 1606 4388 apostoli
1646 4321 1926 4389 epistolam
1959 4337 1988 4375 a
2021 4322 2131 4391 ple-

572 4409 759 4474 risque
790 4406 941 4477 rejici
969 4407 1154 4469 tradit,
1200 4408 1326 4477 quia
1362 4409 1427 4462 de
1459 4409 1596 4463 libro
1637 4409 1844 4477 Enoch,
1876 4412 1969 4480 qui
2000 4427 2130 4481 apo-

2254 571 2430 623 νηται.
2458 553 2654 624 Διόπερ
2677 554 2738 605 οὐ
2775 552 2880 623 χρὴ
2905 551 2993 604 διὰ
3017 552 3080 604 τὸ
3109 551 3269 620 φάναι
3303 549 3699 605 συναπολέσθαι
3725 556 3810 607 αῦ-

2249 643 2339 696 τὸν
2363 646 2471 707 τοῖς
2516 645 2572 696 ὲν
2612 642 2689 713 τῷ
2729 642 3115 713 κατακλυσμῷ,
3146 643 3232 696 διὰ
3252 640 3406 696 τοῦτο
3433 641 3579 712 ἓμθ¹
3606 643 3697 714 ἐτη
3726 645 3807 715 βε-

2251 733 2525 786 ϐιωκέναι.
2555 732 2714 786 Ἀλλὰ
2738 733 2858 786 οὐδὲ
2880 733 2958 803 τῷ
2993 734 3298 805 ’Δφρικανῷ
3327 733 3632 804 πειθόμεθα
3655 752 3808 806 προσ-

2247 825 2444 878 τιθέντι
2468 827 2535 877 τὰ
2555 826 2691 879 αὐτὰ
2715 833 2762 878 κ’
2788 826 2901 897 ἔτη,
2934 827 3026 879 καὶ
3065 826 3197 893 ξδπθ¹
3229 826 3438 894 λέγοντι
3467 825 3566 879 τοῦ
3606 828 3807 883 Μαθου-

2250 916 2405 980 σάλα,
2425 917 2702 984 ἀντὶξξξθη
2733 918 2930 973 Λοιπὸν
2953 915 3045 971 οὖν
3077 920 3327 988 κρεῖσσον
3355 914 3501 971 εἶναι
3531 919 3679 973 δοκεῖ
3698 926 3802 987 ταῖς

2248 1006 2368 1059 καθ’
2407 1007 2533 1077 ὃλην
2569 1008 2665 1078 τὴν
2707 1010 3027 1081 οἰκουμένην
3063 1009 3358 1081 ἑπομένους
3404 1011 3580 1081 ἱεραῖς
3620 1012 3804 1081 βίϐλοις

2247 1096 2368 1163 @50'
2388 1098 2484 1168 τῆς
2503 1098 2645 1169 ζωῆς
2669 1099 2848 1168 λέγειν
2865 1099 3212 1155 Μαθουσάλαο
3268 1104 3315 1154 εἱ
3344 1102 3403 1155 δὲ
3432 1102 3527 1155 τὸν
3558 1106 3802 1159 κατακλυ-

2248 1187 2381 1256 σμὸν
2418 1188 2789 1261 ὑπερϐέϐηκεν
2816 1191 2958 1243 ἔτεσι
2993 1196 3073 1253 ιε’,
3096 1189 3190 1243 τοῦ
3214 1190 3347 1244 Θεοῦ
3373 1192 3629 1245 κάκεῖνον
3664 1194 3796 1259 ἴσως,

2243 1276 2319 1341 ὡς
2359 1277 2451 1331 τὸν
2494 1279 2681 1350 Ἑνὼχ,
2726 1280 3126 1351 περισώσαντος
3167 1281 3509 1353 παραδόξως,
3559 1282 3677 1337 καθ’
3718 1285 3797 1350 οιῖις

2243 1369 2353 1427 οἶδε
2390 1375 2638 1447 τρόπους,
2664 1378 2757 1431 καὶ
2794 1378 3010 1441 τόπους.

2314 1467 2474 1535 lbid.,
2505 1468 2597 1521 lin.
2634 1469 2721 1523 52.
2758 1471 2950 1534 Τούτῳ
2970 1469 3047 1536 τῷ
3074 1469 3292 1541 Λάμεχ.
3329 1469 3462 1526 Haec
3494 1471 3564 1527 ad
3593 1471 3791 1528 verbum

2244 1556 2493 1611 versibus
2532 1559 2802 1628 expressit
2835 1558 3232 1616 Constantinus
3263 1559 3553 1617 Manasses
3596 1560 3650 1615 in
3694 1562 3789 1614 An-

2243 1648 2351 1701 nal.
2385 1664 2402 1701 .'

2241 1755 2352 1813 Ἦν
2394 1758 2460 1812 δέ
2503 1777 2591 1826 τίς
2637 1760 2763 1816 Νῶε
2816 1762 3043 1830 δίκαιος
3079 1764 3149 1817 ἐν
3177 1780 3301 1829 τοις
3338 1781 3449 1817 του
3480 1761 3608 1834 Σὴᾷ
3645 1764 3788 1834 ἐγγό-

3614 1850 3696 1886 νοι

2251 1901 2494 1966 Ἔνατος
2524 1901 2589 1953 ἐκ
2624 1902 2726 1956 τοῦ
2755 1902 3094 1972 σπέρματος
3121 1902 3295 1973 Ἀδὰμ
3317 1901 3429 1955 τοῦ
3463 1832 3787 2041 πρῖε)ἓέιέἓὰ-

2543 2039 2551 2041 ᾗ
2697 2038 2720 2041 ῳ
3567 1987 3724 2041 στου,

3567 1987 3724 2041 στου,

2248 2042 2365 2103 Ὃς,
2397 2039 2615 2107 μετιὼν
2650 2038 2757 2106 τῆς
2785 2041 3001 2109 ἀρετῆς
3029 2042 3143 2110 τὴν
3174 2038 3667 2110 ὲννομοπραγῖίαν,

2242 2112 2351 2163 Καὶ
2379 2111 2491 2176 τὴν
2533 2110 2748 2163 κακίαν
2778 2112 2845 2163 ἐκ
2876 2110 3082 2181 ψυχῆς
3122 2110 3508 2181 ἀποστυγῶν,
3545 2112 3639 2181 καὶ
3666 2112 3781 2179 φεύ·-

2247 2249 2395 2314 Τοὺς
2430 2249 2850 2318 φαυλουργοὺς
2893 2251 2989 2305 καὶ
3038 2250 3352 2316 δυσσεϐεῖς
3391 2180 3670 2305 50'1ng
3672 2199 3778 2304 τέω-

3394 2320 3717 2390 ὶφρονίζὲιν.

2252 2388 2404 2441 Ἐπεὶ
2430 2387 2482 2441 δ’
2502 2392 2612 2443 οὐκ
2638 2391 2871 2445 ἔπειθεν
2896 2390 3115 2457 αὐτοὺς
3132 2391 3248 2444 τῶν
3272 2391 3522 2459 φαύλων
3542 2390 3772 2458 ἀποσχέ-

2238 2526 2504 2600 Μετέστη
2524 2527 2640 2600 μὲν
2668 2530 2786 2584 ἀπὸ
2824 2528 2929 2598 τῆς
2955 2528 3086 2600 γῆς,
3120 2529 3265 2600 ἔνθα
3295 2528 3364 2600 τὸ
3398 2459 3768 2598 πρῶτὲὶῗθθὲἓυ⁶

2236 2596 2609 2669 Μέτοικοξδὲ
2631 2596 3346 2669 γενόμενος’ἀλλοδαποῒς
3378 2596 3451 2653 ἐνί
3483 2600 3651 2669 ὅροις,

2244 2666 2361 2732 Τὴν
2389 2666 2776 2736 ὑμνουμένην
2807 2670 3054 2722 κιϐωτὸν
3077 2670 3301 2736 ὡρίσθη
3325 2666 3678 2735 τεκτονῆσαι,

2235 2736 2347 2809 Καὶ
2375 2735 2519 2809 ζῶον
2542 2735 2706 2792 ἁπαν
2730 2741 2800 2792 ἐν
2826 2738 2979 2807 αὐτῇ
3004 2735 3376 2809 χερσόῢγρᾳν
3398 2739 3678 2809 ἐγκλεῖσαι

2250 2807 2343 2872 Ὡς
2374 2806 2613 2877 σπέρμα
2657 2806 3104 2879 χρηματίσαιεγ,
3151 2806 3250 2861 καὶ
3279 2806 3550 2950 ζώπυρον[
3566 2809 3659 2863 τοῦ
3685 2807 3765 2877 γέ-

3554 2896 3701 2944 νους.

2235 2987 2292 3043 ln
2329 2989 2526 3060 quibus
2560 2990 2697 3045 mira
2735 2989 3001 3046 Manassis
3043 2988 3399 3045 hallucinatio
3436 2988 3756 3059 deprehendi-

2235 3088 2341 3135 tur.
2375 3080 2486 3137 Noe
2513 3083 2657 3137 enim
2698 3097 2904 3137 nonum
2951 3082 3019 3137 ab
3061 3080 3270 3135 Adamo
3313 3082 3594 3145 constituit,
3628 3078 3756 3135 Scri-

2098 3169 2201 3269 QC
2234 3172 2410 3242 pluris
2440 3173 2714 3238 omnibus,
2758 3174 3258 3244 cbronicorumque
3303 3173 3627 3243 scriptoribus
3668 3186 3744 3225 re-

2234 3264 2622 3320 clamantibus.
2661 3264 2840 3330 Quare
2868 3264 3239 3334 reponendum
3275 3264 3447 3334 judico
3466 3263 3660 3323 δέκατος
3682 3261 3742 3313 ἐκ

2233 3353 2325 3407 τοῦ
2352 3356 2680 3427 σπέρματος.
2710 3354 2823 3411 Nec
2866 3356 2921 3409 in
2949 3355 3043 3410 illo
3072 3356 3361 3411 audiendus
3396 3362 3487 3417 est,
3522 3366 3630 3406 cum
3659 3348 3732 3403 di-

2234 3444 2313 3498 cit
2363 3445 2475 3501 Noe
2504 3447 2557 3500 in
2600 3461 2780 3502 arcam
2817 3447 3019 3501 animal
3050 3462 3208 3503 omne
3229 3455 3474 3501 terrenum
3499 3450 3547 3497 et
3580 3454 3728 3511 aqua-

2233 3536 2345 3599 tile,
2390 3538 2737 3609 χερσόῠγρον,
2772 3537 3085 3601 inclusisse,
3118 3546 3178 3592 ut
3204 3551 3375 3593 semen
3393 3535 3504 3589 inde
3523 3533 3737 3586 animan-

2235 3629 2371 3681 tium
2407 3635 2669 3684 servaret.
2709 3627 2853 3684 Usus
2879 3629 3023 3683 enim
3060 3643 3202 3683 arcae
3224 3627 3462 3690 terrenis,
3484 3638 3581 3677 non
3598 3634 3746 3690 aqua-

2233 3718 2424 3773 tilibus
2452 3727 2569 3773 erat
2611 3721 2975 3775 necessarius.
3020 3718 3293 3774 Eximium
3326 3717 3434 3772 Noe
3459 3714 3749 3785 praeconium

2232 3806 2402 3863 babes
2436 3807 2580 3878 apud
2603 3808 3076 3879 Chrysostomum,
3112 3809 3262 3864 hom.
3293 3808 3363 3861 23
3410 3807 3462 3859 in
3489 3802 3651 3858 Cenes.
3681 3798 3755 3855 Si—

2231 3897 2429 3968 byllam
2459 3896 2677 3953 Oracul.
2712 3898 2835 3952 libr.
2868 3915 2908 3960 1,
2938 3898 3195 3954 Basilium
3226 3896 3609 3953 Seleuciensem
3634 3898 3756 3947 orat.

2232 3988 2258 4041 1
2298 3995 2351 4042 et
2376 3987 2411 4040 2
2446 3987 2515 4042 de
2540 3986 2673 4052 Noe,
2709 3998 2763 4042 et
2792 3989 2949 4044 alios.

2295 4073 2455 4137 lbid.,
2488 4074 2583 4128 lin.
2613 4075 2702 4130 55.
2736 4076 2897 4144 Ἄχρι
2921 4076 3028 4146 γὰρ
3059 4075 3312 4145 ἑϐδόμης
3337 4072 3558 4143 γενεᾶς.
3589 4069 3763 4125 Eadem

2229 4163 2391 4221 habet
2422 4163 2690 4237 Iosephus
2722 4171 2758 4220 Ι.
2794 4182 2811 4221 ι
2840 4168 3041 4239 Antiq.,
3073 4183 3194 4238 cap.
3230 4169 3287 4231 4;
3326 4166 3565 4220 Zonaras
3593 4161 3764 4217 Annal.

2228 4253 2327 4310 lib.
2362 4272 2402 4309 1.
2448 4253 2559 4311 Nec
2586 4258 2840 4313 dissentit
2876 4257 3253 4327 Theodoretus
3279 4260 3332 4311 in
3375 4257 3560 4312 Cenes.
3591 4260 3765 4325 quiest.

2227 4345 2327 4412 47;
2368 4346 2673 4404 Methodius
2717 4368 2731 4405 :
2777 4350 2868 4421 Τῷ
2910 4351 2965 4403 δὲ
3020 4350 3423 4421 ἐπτακοσιοστῷ
3464 4343 3768 4419 ἐνενηκοστῷ

2231 4435 2340 4489 ἔτει
2380 4438 2482 4507 τῆς
2519 4440 2692 4511 Ἰάρεο
2728 4440 2894 4512 ζωῆς,
2939 4443 3057 4512 ἢτοι
3094 4442 3193 4512 τῆς
3242 4441 3498 4512 δευτέρας
3542 4436 3767 4509 χιλιάδος,

572 4500 809 4569 crypbus
841 4507 947 4563 est,
988 4500 1042 4554 in
1075 4516 1138 4553 ea
1177 4501 1406 4555 assumit
1436 4502 1825 4557 testimonium.
1872 4503 2026 4559 Alius
2048 4512 2131 4560 est

2233 4500 2526 4599 προσέθετο
2557 4500 2997 4604 δ’πονηρὸςηκοιὶ
3030 4500 3268 4604 ὀλέθριος
3298 4500 3771 4598 διάδολοςηπολέμῳ

570 4589 658 4645 hic
687 4591 755 4645 ab
784 4591 1007 4647 Enocbo
1035 4592 1187 4647 Caini
1214 4591 1343 4657 lilio,
1376 4592 1535 4661 cujus
1567 4608 1732 4663 supra
1763 4595 2127 4652 meminimus.

549 4722 576 4745 ,,
640 4679 890 4747 (3013152,
924 4683 1017 4737 lin.
1050 4684 1138 4737 28.
1184 4684 1237 4735 '0
1268 4682 1336 4736 δὲ
1364 4683 1710 4748 υἰὸςαύτοῦ.
1734 4684 1965 4749 Quidam
1986 4684 2130 4738 hunc

572 4772 715 4826 sicut
740 4782 793 4826 et
824 4785 1030 4843 patrem
1055 4774 1238 4829 animo
1280 4784 1334 4830 et
1359 4791 1586 4844 corpore
1613 4777 1935 4831 translatum
1962 4775 2131 4831 fuisse

569 4860 928 4926 tradiderunt,
958 4864 1069 4927 alii,
1089 4874 1141 4918 et
1163 4864 1365 4930 verius,
1386 4866 1505 4935 ipso
1530 4880 1673 4919 anno
1694 4865 1881 4919 diluvii
1906 4866 2125 4921 obiisse.

574 4947 881 5003 Secundum
911 4952 1203 5007 editionem
1232 4953 1586 5025 Septuaginta
1618 4956 1776 5011 annis
1807 4958 2131 5026 quatuorde—

571 5040 677 5095 cim
709 5047 831 5109 post
851 5040 1110 5095 diluvium
1140 5044 1295 5109 vixit,
1321 5047 1464 5115 quod
1488 5055 1570 5103 est
1599 5049 1919 5113 absurdum,
1951 5057 2005 5105 et
2029 5052 2129 5104 mi-

568 5149 713 5188 rum.
743 5132 852 5186 Ποῦ
881 5133 1110 5204 διεσώθη
1157 5138 1214 5188 ὲν
1240 5135 1318 5206 τῷ
1348 5139 1749 5212 κατακλυσμῷῖ
1782 5140 1858 5196 De
1890 5145 2131 5198 celeber-

568 5229 708 5281 rima
738 5227 839 5281 hac
869 5228 1170 5297 quaestione
1196 5231 1424 5285 consule
1453 5231 1839 5303 Hieronymum
1884 5234 1937 5287 in
1968 5235 2127 5299 Qua:-

565 5320 727 5373 stion.
765 5317 1066 5383 Hebraicis,
1096 5322 1461 5397 Augustinum
1494 5323 1572 5377 De
1598 5325 1742 5380 civit.
1774 5324 1893 5391 Dei,
1928 5327 2022 5381 lib.
2061 5344 2130 5381 xv

563 5422 616 5465 et
644 5429 763 5468 xm.
798 5412 1063 5484 Georgius
1095 5411 1380 5483 Syncellus
1413 5415 1468 5469 in
1501 5414 1799 5471 Chronico:
1832 5420 2000 5473 Τοῦτο
2030 5423 2130 5476 οὒκ

566 5500 623 5556 εὖ
650 5504 795 5575 ἔχειν
833 5505 997 5558 δοκεῖ.
1030 5505 1276 5558 Ἔσονται
1315 5505 1424 5577 γὰρ
1453 5508 1593 5560 κατὰ
1631 5509 1815 5563 τοῦτον
1848 5511 1937 5565 τὸν
1975 5512 2130 5583 λόγον

567 5596 620 5645 αἱ
662 5595 766 5647 ἀνὰ
795 5595 976 5660 πάσας
992 5597 1316 5667 Ἐκκλησίας
1336 5597 1428 5650 τοῦ
1452 5599 1602 5652 ’Θεοῦ
1653 5602 1794 5672 ἱεραὶ
1829 5604 1998 5674 βίϐλοι
2030 5608 2129 5677 τῆς

568 5684 1285 5759 Γενέσεωεδιεφθαρμέναι,
1330 5690 1386 5742 αἳ
1420 5689 1540 5755 εδξθ¹
1586 5691 1677 5764 ἔτη
1733 5695 1997 5767 ἱστοροῦσι
2038 5700 2127 5752 τοῦ

568 5773 913 5831 Μαθουσαλά.
950 5781 1135 5833 Ἔσται
1166 5782 1220 5834 δὲ
1247 5783 1339 5836 καὶ
1375 5782 1541 5853 Ἰάρεδ
1577 5789 2013 5862 μακροϐιώτερος
2038 5794 2101 5844 αὖ

2230 4623 2485 4692 πορνείας
2528 4623 2872 4694 προσψαῦσαι
2902 4629 3011 4690 τοῖς
3048 4627 3183 4688 υἱοῖς
3216 4625 3344 4696 Σὴθ,
3377 4628 3460 4689 εἰς
3507 4624 3601 4701 τὰς
3624 4622 3771 4689 θυῖα“

2229 4712 2391 4782 τέρας
2418 4714 2576 4779 Κάῖν,
2614 4716 2708 4768 καὶ
2737 4716 3027 4781 ὲξωθείσας
3051 4717 3239 4789 ἔρριψε
3272 4718 3401 4780 τοὺς
3429 4716 3680 4785 γίγαντας
3707 4713 3771 4774 εις

2229 4805 2445 4877 ὀλεθρον
2474 4807 2570 4877 τῆς
2604 4808 2894 4880 ἁμαρτιας.
2935 4811 3043 4864 Καὶ
3077 4810 3320 4882 ὠργίσθη
3355 4808 3515 4880 θυμῷ
3542 4806 3775 4878 Κύριοςὸ

2229 4897 2377 4961 Θεός.
2406 4898 2514 4953 Καὶ
2540 4901 2596 4952 ἐν
2622 4899 2699 4969 τῷ
2736 4900 2877 4952 τέλει
2906 4901 3005 4972 τῆς
3037 4901 3296 4973 δευτέρας
3320 4900 3556 4971 χιλιάδος
3588 4897 3777 4966 ἐγένετο

2231 4987 2616 5060 κατακλυσμὸς
2643 4988 2749 5043 τῶν
2780 4991 3005 5056 ὑδάτων,
3038 4993 3132 5045 καὶ
3163 4992 3434 5064 ἠφανίσθη
3470 4994 3618 5046 πᾶσα
3645 4993 3675 5061 ή
3705 4989 3777 5058 61‘,-

2233 5075 2487 5145 μιουργία
2516 5093 2575 5129 τε
2628 5077 2724 5130 καὶ
2749 5077 3051 5143 διάπλασις.
3084 5078 3189 5134 Sed
3211 5095 3275 5135 ea
3305 5096 3428 5150 qua:
3455 5082 3545 5136 hic
3574 5080 3777 5135 tradun—

2231 5174 2317 5218 tur
2350 5181 2381 5219 a
2422 5165 2696 5222 Illethodio
2747 5168 2885 5224 falsa
2924 5187 3066 5233 esse,
3101 5179 3156 5227 et
3190 5173 3265 5226 illi
3313 5172 3514 5237 allicta,
3577 5179 3778 5228 censent

2231 5257 2497 5319 nonnulli,
2531 5273 2719 5314 errore
2773 5261 2909 5316 satis
2945 5263 3227 5332 explorato
3282 5272 3541 5334 certoque
3569 5264 3778 5319 chrono-

2231 5348 2403 5417 logim.
2437 5346 2670 5412 Incesta,
2718 5351 3007 5418 adulteria,
3047 5354 3274 5419 scelera,
3308 5355 3635 5425 impietates,
3663 5353 3779 5407 alia-

2230 5454 2335 5507 que
2365 5439 2645 5493 bominum
2680 5440 2897 5495 illorum
2929 5441 3051 5498 fuse
3092 5444 3445 5515 prosequitur
3473 5442 3656 5499 Enoch
3695 5440 3774 5497 lib.

2238 5544 2275 5591 ι,
2298 5528 2429 5600 Περὶ
2466 5528 2573 5580 τῶν
2604 5530 2937 5602 ἐγρηγόρων.
2972 5531 3052 5586 Ad
3087 5536 3371 5603 septimam
3404 5535 3607 5589 etenim
3636 5545 3777 5603 gene-

2231 5618 2493 5673 rationem
2551 5620 2658 5673 vita
2710 5621 2881 5674 Adam
2931 5633 3205 5691 protracta
3255 5640 3447 5679 omnes
3490 5625 3557 5678 ad
3591 5624 3774 5678 cultum

2234 5710 2349 5776 Dei,
2377 5721 2429 5766 et
2453 5712 2637 5775 verbo,
2662 5720 2714 5765 et
2744 5728 2907 5783 Opere
2925 5715 3245 5770 instruendo
3272 5719 3658 5787 compellebat.
3685 5712 3776 5768 Par

2233 5803 2375 5857 enim
2425 5810 2508 5857 es:
2561 5802 2809 5872 credere,
2857 5820 2978 5860 cum
3024 5824 3133 5863 non
3184 5816 3391 5863 tantum
3449 5807 3779 5874 propriorum
