4064 6290
309 339 413 400 985

1326 346 1394 401 ιΝ
1430 342 1800 402 EUSTATHII
1840 341 2308 398 HEXAEMERON
2339 341 2567 398 NOTIE.

3419 338 3526 401 98G

311 463 560 532 lapsuum
593 461 906 531 paenitentia
934 462 1166 527 tristem,
1207 478 1395 518 verum
1427 473 1481 515 et
1514 461 1742 516 aliorum
1775 459 1869 513 de-
1898 467 1938 520 Α
1969 459 2111 514 (linis
2158 459 2306 515 mille
2349 459 2782 528 octingentorum
2839 456 3166 523 cubitorum,
3219 456 3529 514 latitudini!

311 555 456 609 lictis
487 554 640 624 quasi
683 553 919 609 stimulis
961 554 1286 624 quibusdam
1319 563 1497 608 actum
1537 553 1726 608 intime
1759 551 1866 609 fre-

310 645 536 708 muisse,
560 654 612 698 et
641 644 894 714 lacrymis
917 645 1211 715 supplicem
1249 644 1315 698 ad
1349 643 1518 698 Deum
1547 643 1868 713 delinquen-

296 739 459 798 tibus
489 737 706 805 Optimis
738 739 957 793 monitis
989 740 1359 802 succurrisse,
1387 739 1575 807 sicque
1614 745 1865 790 naturam

311 831 601 884 humanam
641 829 894 891 debilem,
925 837 978 884 et
1009 831 1352 900 languentem
1393 845 1494 898 ope
1529 827 1620 883 Dei
1655 829 1866 882 instau-

310 925 480 976 rasse.
509 920 639 987 Quae
681 921 930 985 felicitas,
963 920 1091 975 dum
1131 932 1182 976 et
1206 921 1336 985 vita,
1366 930 1419 975 et
1450 919 1692 990 spiritus,
1728 919 1867 973 inte-

311 1029 406 1082 gra
429 1013 664 1068 duravit.
697 1014 986 1085 Postquam
1022 1014 1275 1079 decessit,
1304 1014 1548 1068 homines
1581 1011 1866 1066 amandata

310 1105 656 1160 verecundia
685 1106 925 1175 quotidie
972 1104 1037 1158 ad
1079 1106 1306 1174 majora,
1339 1114 1393 1159 ct
1430 1102 1745 1158 scelestiora
1789 1101 1869 1153 fa-

311 1197 496 1250 cinora
527 1198 812 1268 prolapsos
841 1212 948 1250 non
998 1205 1080 1250 cst
1115 1198 1332 1252 mirum.
1376 1194 1603 1262 Quando
1640 1204 1692 1249 et
1739 1203 1866 1247 tunc

312 1287 406 1341 ﬁlii
440 1287 530 1341 Dei
566 1287 779 1342 ﬁliabus
808 1285 1086 1340 hominum
1136 1303 1194 1340 se
1221 1286 1540 1356 junxerunt.
1574 1283 1866 1339 Posteritas

313 1380 520 1434 scilicet
549 1378 678 1434 Seth
731 1379 925 1450 pietate
957 1379 1186 1433 celebris
1222 1386 1276 1431 et
1320 1377 1429 1431 Deo
1459 1391 1667 1431 summe
1704 1375 1867 1428 chara

312 1473 665 1541 conjunxcrat
697 1486 754 1525 se
809 1486 932 1524 cum
976 1470 1293 1538 posteritate
1317 1468 1469 1522 Caini
1505 1468 1667 1537 impia
1697 1477 1748 1520 et
1775 1481 1869 1520 ne-

311 1583 494 1636 quam.
528 1565 694 1636 Quasi
732 1563 937 1618 diceret
967 1562 1158 1619 iisdem
1188 1561 1480 1616 sceleribus
1529 1575 1590 1614 ae
1616 1548 1867 1614 facinori-

310 1657 414 1712 bus
443 1635 713 1725 complexa
742 1671 928 1710 eorum
963 1657 1147 1718 vitam,
1175 1670 1234 1710 se
1266 1653 1578 1716 immiscuit,
1611 1660 1663 1707 et
1695 1653 1747 1706 in
1773 1667 1865 1706 ea-

312 1751 434 1802 dem
485 1749 608 1803 vitia
640 1749 889 1818 prolapsa
921 1745 1177 1802 est.Vide
1217 1746 1509 1801 Chronicon
1551 1743 1866 1799 Alexandri-

314 1860 457 1896 num.

385 1936 495 1989 Col.
522 1935 640 1999 752,
664 1934 757 1988 lin.
780 1934 867 1989 59.
886 1933 975 2000 Ὡς
990 1930 1103 1988 οὖν
1117 1937 1148 1986 ὀ
1162 1932 1304 1986 Νῶε.
1323 1931 1589 2000 Iosephus
1607 1929 1861 2000 Antiquit.

311 2028 403 2080 lib.
440 2043 476 2090 ι,
508 2042 625 2096 cap.
652 2028 684 2080 4
717 2047 729 2081 :
779 2028 836 2080 'O
869 2027 1057 2096 Νῶχος
1088 2027 1144 2078 δὲ
1165 2029 1275 2087 τοῖς
1309 2025 1397 2077 ὑπ’
1431 2023 1606 2076 αὐτῶν
1632 2039 1864 2092 πραττο-

312 2118 489 2188 μένοις
527 2119 906 2187 δυηεραίνων,
935 2119 1028 2172 καὶ
1066 2116 1316 2186 empta;
1346 2115 1502 2185 έχων,
1542 2115 1752 2167 ἔπειθεν
1776 2115 1866 2167 ἐπὶ

305 2211 366 2263 τὸ
397 2213 635 2280 κρεῖττον
658 2210 753 2280 τὴν
776 2210 1006 2263 διάνοιαν
1032 2208 1125 2260 καὶ
1152 2207 1248 2269 τὰς
1270 2207 1491 2277 πράξεις
1523 2205 1864 2275 μεταφέρειν.

319 2303 488 2374 Ὁρῶν
530 2304 572 2356 δ’
605 2304 704 2355 οὐκ
739 2302 1050 2362 ἐνδιδόντας,
1086 2299 1196 2352 ἀλλ’
1235 2297 1475 2368 ἰσχυρῶς
1498 2298 1600 2350 ὑπὸ
1625 2299 1721 2368 τῆς
1748 2297 1868 2368 ἡδο-

307 2396 404 2464 vi;
434 2395 538 2447 τῶν
571 2394 755 2447 κακῶν
789 2391 1244 2464 κεκρατημένους,
1290 2391 1383 2442 καὶ
1425 2389 1606 2452 δείσας
1654 2388 1726 2459 μὴ
1773 2407 1867 2458 φο-

309 2486 566 2539 νεύσωσιν
593 2485 750 2536 αὑτὸν
777 2484 910 2554 μετὰ
941 2481 1230 2550 γυναικῶν,
1262 2483 1356 2535 καὶ
1386 2481 1606 2542 τέκνων,
1634 2480 1728 2534 καὶ
1757 2479 1866 2534 τῶν

310 2577 518 2640 τούτοις
563 2577 838 2640 συνοίκων,
887 2573 1188 2644 ἐξεχώρησε
1233 2573 1332 2642 τῆς
1377 2573 1497 2642 γῆς.
1538 2573 1593 2624 ’θ
1635 2572 1690 2624 δὲ
1737 2571 1866 2634 Θεὸς

309 2668 496 2721 τοῦτον
553 2667 650 2737 μὲν
695 2667 796 2736 τῆς
832 2665 1177 2735 δικαιοσύνης
1220 2664 1505 2733 ἠγάπησεο
1548 2663 1865 2726 κατεδίκαζε

310 2761 367 2812 δὲ
400 2760 497 2812 οὐκ
527 2761 698 2812 έκεῖνο
734 2759 889 2828 μόνον
932 2757 1028 2826 τῆς
1059 2756 1275 2819 κακίας.
1316 2755 1450 2809 ἀλλὰ
1482 2754 1575 2807 καὶ
1607 2754 1714 2806 πᾶν
1745 2754 1866 2806 ὅσον

310 2845 376 2919 ἦν
410 2849 738 2919 ἀνθρώπινον
766 2847 884 2900 τότε
913 2846 1068 2911 δόξαν
1097 2844 1243 2914 αὐτῷ
1270 2844 1572 2912 διαφθεῖραι
1599 2841 1692 2894 καὶ
1715 2841 1867 2911 ποιῆ-

315 2959 404 2994 σαι
454 2941 608 3009 γένος
656 2940 840 3010 ἓτερον
879 2937 1138 3008 πονηρίας
1176 2934 1433 3004 καθαρὸν,
1482 2933 1866 3002 ἐπιτεμόμενος

311 3035 490 3088 αὐτῶν
520 3035 611 3086 τὸν
642 3033 772 3103 βίον,
805 3033 897 3086 καὶ
926 3033 1152 3101 ποιήσας
1181 3028 1313 3082 ἐτῶν
1345 3029 1442 3098 οὐχ
1473 3027 1571 3080 ὅσα
1605 3026 1866 3098 πρότερον

311 3126 466 3190 ἔζων,
503 3126 614 3179 ἀλλ’
649 3124 838 3178 ἑκατὸν
870 3123 1092 3184 εἴκοσιν,
1138 3123 1216 3184 είς
1255 3120 1524 3173 Θάλασσαν
1570 3117 1666 3189 τὴν
1710 3119 1867 3189 ἤπει-

313 3232 402 3286 ρον
437 3214 690 3284 μετέϐαλε
708 3254 722 3268 .
749 3214 858 3267 Καὶ
878 3214 926 3265 οἱ
960 3213 1056 3283 μὲν
1083 3210 1254 3273 οὕτως
1276 3208 1620 3279 ἀφανίζονται
1648 3208 1867 3271 πάντες.

311 3303 495 3374 Νῶχος
518 3305 574 3356 δὲ
601 3303 828 3367 σώζεται
859 3301 1036 3372 μόνον,
1067 3299 1401 3370 ὑποθεμένου
1428 3297 1672 3370 μηχανὴν
1701 3297 1867 3370 αὐτῷ,

311 3396 402 3448 καὶ
446 3395 608 3466 πόρον
647 3396 780 3467 πρὸς
815 3395 1088 3466 σωτηρίαν
1119 3392 1211 3446 τοῦ
1247 3392 1382 3445 Θεοῦ
1420 3393 1694 3462 τοιαύτην.

382 3489 544 3550 lbid.,
595 3489 693 3543 lin.
743 3488 834 3541 41.
875 3489 983 3542 Kal
1036 3485 1388 3555 προστάττει
1442 3483 1620 3550 αὐτῷ.
1668 3482 1871 3538 Mouilu

312 3582 788 3652 itaqucjussuque
834 3580 930 3636 Dei
983 3596 1109 3636 arca
1159 3586 1438 3636 exstructa
1489 3586 1591 3634 est.
1627 3576 1872 3648 Nugatur

312 3689 441 3742 ergo
475 3673 677 3742 pseudo
714 3674 946 3728 Berosus
982 3673 1290 3737 Annianus,
1315 3674 1404 3743 qui
1431 3672 1527 3738 ait,
1560 3670 1673 3725 Noe
1696 3677 1874 3726 astro-

317 3765 467 3834 logiae
515 3764 941 3818 scientissimum
991 3780 1058 3818 ex
1108 3771 1378 3818 astrorum
1424 3762 1763 3833 inspectione
1819 3768 1873 3816 et

313 3855 689 3910 observatione
736 3855 1052 3924 prasvidisse
1089 3854 1373 3917 diluvium,
1411 3868 1513 3908 nec
1557 3852 1724 3906 tutior
1766 3850 1874 3906 An-

316 3946 438 4000 nius
471 3964 484 3998 :
520 3944 661 3999 Alibi
682 3945 991 4013 scripsimus
1023 3955 1178 4015 atque
1223 3932 1580 4014 probavimus,
1620 3943 1729 3998 lucc
1769 3943 1872 3998 duo

315 4036 472 4088 simul
513 4035 641 4088 dare
675 4035 1071 4090 inundationem
1103 4045 1360 4090 terrarum
1385 4052 1417 4088 a
1447 4035 1624 4088 causis
1655 4043 1873 4088 natura-

316 4129 452 4182 libus
478 4129 810 4196 processisse,
839 4145 968 4197 quas
997 4128 1218 4182 studiosi
1247 4129 1300 4181 in
1327 4136 1713 4181 monumentum
1738 4128 1872 4182 exci-

314 4219 521 4284 derunt,
552 4230 602 4274 et
624 4238 656 4274 a
680 4221 857 4274 divina
877 4219 1203 4288 providentia
1234 4219 1393 4273 simul
1420 4218 1484 4271 ab
1507 4228 1700 4272 (eterna
1731 4218 1871 4272 ordi-

316 4322 517 4374 natam,
543 4317 600 4363 ut
628 4328 728 4380 quo
762 4311 1091 4378 potissimum
1133 4322 1357 4378 tempore
1385 4309 1616 4362 homines
1645 4307 1874 4364 demere-

317 4412 495 4454 rentur
528 4403 770 4470 perirent.
802 4401 1060 4468 Quamvis
1094 4401 1238 4456 enim
1277 4399 1574 4463 Aricenna,
1602 4401 1876 4455 nonnulli-

1967 559 2359 615 treccutorum,
2393 551 2696 606 altitudinis
2730 556 2946 605 centum
2987 551 3282 621 octoginta,
3328 553 3532 608 vastis-

1967 645 2158 699 simam
2208 659 2340 698 sane
2385 644 2598 707 molem,
2649 643 2692 699 si
2743 645 2809 698 ad
2855 644 3067 699 cubitos
3104 645 3392 709 solemnes,
3429 660 3529 702 seu

1967 751 2282 790 communes
2335 735 2565 790 reducas
2609 757 2623 790 :
2679 736 2784 792 hoc
2824 745 2930 800 est,
2971 738 3136 792 duum
3191 738 3418 792 millium
3461 741 3530 794 'et

1969 827 2431 897 septingentorum
2475 827 2672 898 pedum
2732 829 2784 882 in
2833 829 3078 899 longum,
3109 829 3530 898 quadringento-

1968 937 2088 988 rum
2131 927 2186 972 et
2238 920 2632 990 quinquaginta
2676 922 2730 976 in
2769 921 2968 984 latum;
3003 921 3227 975 altitudo
3268 921 3529 976 ducento-

1968 1030 2086 1067 rum
2137 1013 2499 1082 scptuaginta.
2550 1013 2702 1066 llauc
2753 1013 3077 1068 sententiam
3139 1028 3261 1067 cum
3318 1013 3529 1067 Isidoro

1966 1105 2147 1159 Clario
2187 1106 2433 1174 sequitur
2469 1103 2702 1170 Delrius,
2750 1106 2875 1175 quia
2922 1105 3203 1174 proﬁtetur
3243 1103 3526 1174 Origenes,

1967 1215 2087 1268 qua:
2135 1200 2438 1254 traditurus
2487 1199 2553 1255 de
2590 1215 2714 1254 arca
2765 1201 3030 1267 majorum
3081 1200 3371 1255 traditione
3425 1202 3520 1254 ha-

1968 1291 2172 1354 buisse,
2196 1301 2246 1347 el
2273 1292 2522 1361 quianon
2546 1293 2819 1362 displicuit
2848 1292 3136 1359 Augustin.
3159 1292 3194 1345 l.
3217 1309 3230 1344 ι
3251 1292 3453 1355 Quaest.
3474 1291 3531 1346 in

1969 1379 2094 1434 Gen.
2131 1389 2185 1436 ct
2223 1383 2370 1446 alibi,
2403 1383 2492 1451 qui
2525 1383 2888 1451 objectionem
2940 1384 3086 1435 illam
3114 1383 3181 1436 de
3230 1399 3370 1437 arcae
3409 1397 3528 1436 ma-

1966 1474 2247 1544 gnitudine
2277 1485 2433 1528 vocat
2466 1476 2861 1544 ineptissimam
2888 1476 3240 1541 calumniam,
3277 1485 3331 1529 et
3366 1477 3528 1532 solvit

1969 1567 2324 1621 similitudine
2354 1569 2568 1620 urbium
2595 1567 2883 1636 majorum.
2920 1567 3036 1620 Non
3063 1568 3340 1638 displicuit
3363 1569 3527 1623 etiam

1967 1659 2270 1732 Cajetanq;
2315 1666 2366 1714 et
2408 1659 2587 1714 Delrio
2618 1660 2907 1715 ridiculmn
2947 1660 3182 1724 videtur,
3218 1663 3378 1716 malle
3410 1662 3529 1715 ani-

1969 1752 2170 1805 mantia
2207 1753 2261 1806 in
2307 1760 2514 1806 arctnm
2572 1752 2680 1806 illic
2725 1759 3005 1823 compacta
3051 1753 3242 1817 fuisse,
3287 1761 3347 1808 ut
3377 1769 3530 1808 com-

1972 1843 2128 1898 mode
2171 1859 2230 1898 se
2268 1858 2484 1898 movere
2523 1852 2578 1897 et
2609 1844 2810 1899 cubare
2851 1843 3164 1913 nequirent,
3197 1859 3359 1913 quam
3410 1845 3532 1900 laxe

1971 1945 2025 1994 et
2059 1937 2346 1992 salubriter
2373 1936 2588 2006 degere.

2040 2029 2198 2091 lbid.,
2239 2029 2333 2083 lin.
2373 2028 2462 2083 48.
2515 2029 2965 2098 Ἐπενεχθέντος
3003 2028 3071 2082 δὲ
3115 2029 3240 2084 τοῦ.
3285 2028 3532 2083 Maxima!

1971 2121 2118 2175 illius
2156 2135 2418 2189 aquarum
2452 2119 2844 2182 inundationis,
2881 2127 2935 2174 et
2967 2118 3283 2190 cataclysmi
3313 2119 3532 2174 univer-

1971 2213 2102 2267 salis
2145 2227 2211 2266 ex
2245 2211 2631 2266 vetustissimis
2674 2211 3040 2280 scriptoribus
3075 2211 3370 2264 meminere
3398 2209 3533 2262 Alii-

1971 2304 2168 2367 denus,
2200 2302 2436 2359 Berosus
2487 2311 2541 2359 et
2569 2303 2682 2369 alii,
2719 2319 2857 2373 quos
2887 2314 3132 2358 recenset
3160 2301 3424 2358 Eusebius
3455 2301 3533 2356 De

1970 2393 2353 2461 prwparatione
2397 2392 2693 2462 evangelica
2735 2392 2830 2447 lib.
2859 2409 2936 2454 Ix,
2970 2400 3023 2446 et
3061 2392 3310 2447 Chronici
3359 2393 3530 2462 prima

1972 2495 2144 2555 parte.
2177 2484 2309 2553 Ejus
2354 2484 2656 2554 elegantem
2703 2483 3124 2554 descriptionem
3179 2485 3348 2540 habes
3387 2484 3530 2555 apud

1972 2576 2277 2632 Nanassem
2313 2577 2366 2630 in
2395 2576 2712 2639 Annalibus,
2743 2583 2796 2630 et
2823 2576 3077 2630 Basilium
3104 2574 3530 2632 Seleuciensem.

1971 2668 2295 2722 Albumasar
2338 2682 2367 2720 a
2417 2667 2605 2719 mundi
2649 2667 2804 2720 initio
2853 2667 2918 2721 ad
2966 2667 3227 2722 diluvium
3282 2672 3534 2721 numerat

1975 2771 2146 2811 annos
2188 2755 2428 2825 integros
2478 2755 2587 2810 duo
2629 2754 2796 2808 millia
2847 2754 3114 2811 ducentos
3159 2756 3348 2825 viginti
3382 2763 3530 2810 octo.

1972 2849 2317 2913 Alliacensis,
2367 2849 2462 2904 lib.
2513 2847 2589 2901 De
2624 2847 2902 2901 concordia
2953 2849 3255 2918 astrologia'
3289 2858 3337 2902 et
3365 2848 3532 2902 histo-

1972 2942 2088 3006 rice,
2118 2940 2186 2994 ab
2223 2939 2393 2994 Adam
2433 2939 2500 2994 ad
2531 2938 2795 2994 diluvium
2823 2955 2999 2994 annos
3029 2941 3112 2994 bis
3145 2940 3292 2994 mille
3327 2941 3534 2996 ducen-

1973 3031 2468 3103 tos,quadraginta
2517 3038 2641 3086 octo
2690 3030 2934 3094 ﬂuxisse,
2979 3031 3142 3101 idque
3191 3031 3534 3102 astrologicis

1973 3123 2286 3178 rationibus
2319 3123 2490 3193 ipsius
2533 3122 2721 3177 mundi
2757 3125 3018 3193 geniturae
3062 3123 3300 3178 themate
3328 3139 3531 3194 prapoo

1974 3216 2081 3271 sito
2110 3216 2304 3269 nititur
2334 3215 2582 3284 probare.
2616 3213 2752 3267 Eum
2782 3212 2979 3267 refellit
3009 3211 3248 3268 Joannes
3280 3212 3441 3269 Picus
3474 3214 3532 3268 in

1970 3305 2174 3361 Astrol.
2205 3305 2302 3360 lib.
2331 3322 2384 3359 v.
2429 3305 2502 3358 De
2529 3305 2614 3360 his
2660 3305 2782 3360 vide
2811 3306 2967 3375 plura
3009 3305 3150 3375 apud
3193 3306 3533 3376 chronogra-

1971 3397 2128 3468 phos.
2164 3396 2522 3466 Augustinus,
2560 3396 2653 3449 lib.
2707 3412 2841 3451 xvm
2886 3395 2962 3450 De
3001 3399 3211 3451 civitate
3237 3395 3352 3459 Dei,
3396 3413 3446 3451 c.
3473 3397 3528 3462 8,

1970 3488 2174 3543 nullam
2231 3487 2399 3542 fuisse
2431 3502 2531 3542 nec
2589 3488 2731 3557 apud
2769 3485 3009 3551 Graecos,
3070 3502 3172 3542 nec
3199 3489 3340 3556 apud
3379 3486 3532 3542 Lati-

1972 3595 2073 3636 nos
2104 3580 2266 3649 hujus
2296 3578 2484 3633 diluvii
2505 3593 2681 3646 neque
2704 3578 2973 3642 notitiam,
2999 3593 3177 3647 neque
3205 3592 3533 3632 commemo-

1969 3672 2237 3727 rationem
2295 3669 2544 3725 scribitJ
2571 3668 2983 3743 Varronemque
3038 3676 3231 3724 testem
3289 3668 3530 3732 adducit,

1971 3764 2066 3834 qui
2097 3763 2320 3833 scripsit
2361 3761 2417 3815 in
2448 3761 2820 3816 monumentis
2852 3761 3157 3815 litterarum
3185 3759 3386 3814 veteris
3420 3774 3532 3814 meo

1971 3853 2180 3916 moriaa,
2209 3851 2346 3906 nihil
2394 3850 2592 3921 Ogygis
2620 3849 2846 3915 diluvio,
2897 3849 3041 3918 quod
3092 3849 3278 3904 multis
3315 3849 3532 3904 saeculis

1971 3950 2093 4013 post
2126 3941 2407 3997 Noeticum
2443 3940 2662 4004 accidit,
2689 3941 2913 4010 reperiri
2940 3943 3229 3995 vetustius.
3260 3939 3318 3993 ld
3350 3949 3532 3995 tamen

1971 4034 2156 4103 negari
2189 4028 2306 4089 sine
2328 4033 2660 4088 contumacia
2686 4032 2957 4095 Pererius,
2984 4032 3078 4087 lib.
3104 4047 3179 4085 xu
3225 4033 3281 4084 in
3321 4029 3529 4094 Genes.,

1973 4128 2048 4181 ait
2075 4142 2183 4181 non
2215 4141 2375 4196 posse
2403 4141 2470 4180 ex
2495 4124 2714 4196 Iosephi
2749 4125 3060 4180 testimonio
3099 4123 3196 4178 lib.
3225 4139 3241 4177 ι
3267 4123 3529 4194 Antiquit.

1972 4236 2093 4291 cap.
2127 4221 2161 4275 4
2193 4239 2204 4274 :
2232 4219 2408 4290 Hujus
2458 4227 2634 4272 autem
2694 4218 2879 4271 diluvii
2922 4227 2970 4272 et
3014 4233 3152 4272 arcte
3193 4217 3532 4271 meminerunt

1971 4329 2147 4367 omnes
2179 4312 2466 4366 barbarica:
2490 4311 2723 4363 historia:
2753 4311 3054 4379 scriptores,
3089 4318 3137 4363 et
3167 4310 3221 4362 in
3254 4308 3334 4362 his
3367 4307 3532 4362 Bero-

1972 4423 2062 4459 sus
2097 4404 2398 4469 Chalda’us,
2425 4419 2650 4457 narrans
2676 4403 2814 4456 enim
2839 4401 2904 4455 de
2928 4402 3024 4455 hoc
3051 4401 3243 4454 diluvio
3273 4400 3348 4453 sic
3369 4399 3533 4468 ferme

315 4510 420 4553 nne
459 4495 547 4548 alii
588 4494 890 4550 astronomi
943 4492 1261 4558 defendant,
1312 4493 1547 4548 ellicacia
1587 4507 1874 4546 causarum
1905 4498 1952 4556 D
1978 4497 2193 4551 scribit:
2215 4515 2232 4546 ι
2258 4494 2450 4549 Fertur
2470 4504 2664 4557 autem,
2689 4504 2737 4547 et
2760 4493 2955 4563 navigii
2968 4492 3122 4560 hujus
3139 4509 3262 4561 pars
3279 4493 3331 4544 in
3351 4493 3534 4545 Arme-

317 4587 662 4650 naturalium,
695 4601 990 4654 carumque
1023 4585 1073 4640 vi
1119 4583 1233 4639 ﬁeri
1274 4599 1433 4655 posse
1475 4591 1680 4637 lautam
1704 4597 1872 4652 aqua-

315 4696 434 4733 rum
465 4679 897 4746 cﬂ‘usionemmt
945 4677 1148 4732 Seneca
1189 4678 1282 4730 lib.
1347 4693 1405 4730 ιιι
1457 4676 1650 4730 Natur.
1683 4684 1867 4746 quiest.

313 4771 408 4830 ait,
447 4771 686 4824 futurum
720 4770 1014 4840 aliquando
1049 4770 1153 4824 tale
1184 4770 1468 4836 diluvium,
1497 4777 1553 4824 et
1583 4785 1689 4823 non
1714 4784 1871 4824 secus

313 4879 473 4931 quam
499 4864 750 4926 hiemem,
775 4878 936 4933 quam
963 4869 1224 4921 aestatem.
1253 4863 1366 4930 lege
1386 4862 1571 4915 mundi
1597 4877 1660 4916 ac
1681 4868 1872 4932 sponte

315 4963 624 5007 venturum.
677 4952 863 5008 Verior
901 4963 1079 5008 tamen
1125 4953 1562 5022 probabiliorque
1605 4952 1870 5007 sententia

313 5045 586 5097 coiitraria
614 5052 718 5100 est.
752 5044 882 5098 Eam
911 5045 1197 5100 constituit
1233 5045 1552 5099 Aristoteles
1591 5043 1683 5098 lib.
1718 5061 1734 5097 ι
1767 5043 1871 5099 Me—

317 5142 470 5196 tcor.,
502 5149 621 5202 cap.
655 5135 742 5198 l4,
783 5144 834 5190 el
861 5136 974 5188 alii.
1021 5135 1270 5206 Consule,
1293 5134 1686 5190 Damascenum
1727 5135 1822 5190 lib.
1853 5149 1869 5188 ι

315 5224 468 5280 Fidei
500 5227 731 5291 orthod.,
768 5242 888 5296 cap.
921 5228 955 5282 5
999 5253 1006 5260 -

389 5315 544 5380 lbid.,
574 5317 667 5370 litt.
699 5316 788 5371 42.
815 5316 1272 5371 Κατιισκευάσαι
1296 5317 1558 5370 κιϐωτόν.
1591 5315 1744 5371 Philo
1770 5316 1872 5373 sub

317 5409 474 5462 ﬁnem
511 5409 603 5464 lib.
655 5426 694 5464 ιι
747 5409 877 5465 Vita:
909 5410 1146 5481 Moysis;
1179 5410 1448 5480 Josephus
1480 5411 1658 5482 Antiq.
1691 5413 1783 5468 lib.
1831 5429 1869 5477 ι,

315 5514 365 5552 e.
399 5497 454 5552 4.
495 5497 554 5552 lu
594 5498 714 5568 ejus
743 5501 988 5568 partibus
1017 5501 1364 5570 assignandis
1407 5503 1873 5559 constituendisve

315 5589 529 5642 variant
552 5589 827 5646 doctores.
859 5589 1108 5662 Origenis
1144 5593 1196 5645 in
1229 5592 1376 5646 hom.
1409 5592 1463 5656 2,
1484 5594 1668 5663 opinio
1690 5595 1872 5664 exagio

317 5688 462 5734 tatur
506 5682 665 5738 hodie
702 5683 986 5740 sentientis
1029 5683 1200 5740 fuisse
1231 5685 1444 5740 cubitus
1489 5688 1868 5755 geometricas,

316 5788 548 5844 quorum
575 5777 772 5847 singuli
801 5793 1118 5835 communes
1153 5794 1245 5835 sex
1277 5781 1591 5846 continent;
1633 5779 1870 5849 longitu—

1971 4590 2060 4642 nia
2091 4587 2228 4657 apud
2255 4596 2478 4641 montem
2513 4584 2871 4640 Cordiaeorum
2895 4599 3176 4652 superesse,
3202 4591 3249 4636 et
3277 4581 3530 4652 quosdam

1972 4684 2198 4736 bitumen
2245 4681 2364 4736 inde
2407 4683 2654 4735 abrasum
2712 4695 2888 4732 secum
2939 4687 3227 4745 reportare,
3280 4693 3382 4746 quo
3429 4676 3535 4730 vice

1974 4776 2191 4830 amuleti
2220 4775 2448 4844 lociejus
2473 4773 2704 4826 homines
2733 4770 3015 4824 utisolent.
3042 4791 3060 4821 ι
3080 4768 3320 4823 Meminit
3349 4770 3534 4824 horum

1969 4877 2018 4923 et
2049 4867 2400 4937 Hieronymus
2425 4863 2726 4934 Egi/ptius,
2757 4862 2845 4932 qui
2869 4862 3207 4931 antiquitates
3232 4860 3535 4916 Phoenicum

1970 4960 2200 5028 scripsit,
2239 4969 2288 5012 et
2319 4956 2588 5018 Mnaseas,
2617 4963 2665 5008 et
2713 4953 2810 5007 alii
2847 4953 3041 5021 plures.
3090 4952 3232 5017 Quin
3273 4962 3321 5006 et
3363 4950 3536 5006 Nico-

1972 5054 2088 5107 laus
2125 5051 2505 5111 Damascenus,
2534 5047 2629 5101 lib.
2678 5062 2822 5109 xcvr,
2856 5045 2918 5099 de
2947 5045 3026 5098 his
3066 5045 3219 5106 rebus
3265 5053 3449 5098 narrat
3478 5043 3534 5096 in

1967 5146 2076 5198 htec
2111 5143 2266 5198 verba
2298 5158 2314 5196 :
2345 5161 2363 5192 ι
2397 5139 2490 5193 Est
2515 5155 2670 5208 super
2697 5141 2954 5208 regionem
2987 5135 3291 5207 Minyarum
3311 5149 3530 5204 magnus

1971 5251 2121 5289 mons
2154 5235 2209 5288 in
2231 5232 2502 5294 Armenia,
2533 5231 2737 5284 nomine
2766 5229 2944 5296 Baris,
2979 5229 3035 5283 in
3061 5246 3162 5300 quo
3187 5228 3379 5282 multos
3408 5240 3532 5293 pro-

1974 5328 2124 5398 fugos
2169 5325 2354 5379 diluvii
2396 5333 2620 5390 tempore
2659 5330 2886 5376 servatos
2933 5321 3128 5390 ferunt.
3161 5319 3228 5373 Et
3255 5316 3530 5388 quemdam

1975 5436 2101 5474 arca
2129 5429 2326 5473 vectum
2369 5417 2423 5469 in
2451 5415 2604 5484 hujus
2628 5415 2814 5469 vertice
2849 5414 3083 5478 hazsisse,
3107 5421 3154 5466 et
3186 5409 3434 5479 reliquias
3465 5409 3531 5462 li-

1971 5523 2192 5579 gnorum
2237 5505 2348 5574 ejus
2391 5505 2543 5574 longo
2585 5515 2808 5572 tempore
2849 5502 3137 5564 duravisse,
3195 5501 3282 5569 qui
3334 5498 3533 5567 [ortas-

1971 5600 2044 5653 sis
2087 5599 2130 5652 is
2167 5597 2288 5664 fuit,
2328 5593 2392 5650 de
2429 5611 2529 5664 quo
2567 5595 2724 5648 etiam
2757 5591 2962 5661 Moyses
3005 5589 3185 5644 scribit
3219 5588 3530 5644 Judworum

1973 5690 2259 5760 legislalor.
2299 5706 2316 5738 ι
2365 5687 2428 5740 ΕΙ.
2472 5685 2688 5741 Eusebii
2751 5685 2844 5740 lib.
2909 5700 2961 5736 Ix
3008 5682 3080 5735 De
3143 5683 3530 5750 pra’paraticne

1974 5781 2298 5850 evange.’ica,
2351 5779 2443 5852 qui
2502 5778 2680 5832 verbis
2738 5773 2957 5842 Joscphi
3013 5789 3077 5830 ex
3133 5775 3389 5847 Abydeno
3443 5775 3528 5831 hi-
