4064 6290
608 324 717 401 9‘87

607 462 819 520 storico
850 462 1032 521 subdit
1080 462 1338 516 nonnulla
1386 470 1440 518 et
1466 462 1649 536 Cyrilli
1682 461 2054 527 Alexandrini,
2084 461 2178 533 qui
2209 467 2254 523 Α

611 552 681 607 ad
710 552 814 608 hoc
851 550 1192 624 probandum
1244 552 1415 608 refert
1473 553 1844 609 testimonium
1886 554 2183 610 Alexandri

611 644 989 717 Polyhistoris.
1031 643 1141 699 Nec
1182 643 1338 700 Plato
1371 644 1425 699 id
1454 645 1730 716 ignorasse
1785 645 1998 700 videtur
2019 646 2183 701 exiis

612 751 734 805 qua:
763 736 924 791 habet
951 736 1005 790 in
1032 735 1252 802 Timaeo,
1281 743 1407 790 ante
1433 734 1785 805 particularia
1807 734 2013 790 diluvia
2039 735 2181 806 apud

610 827 829 884 Graecos
907 827 1241 896 celebratam
1309 826 1481 881 fuisse
1529 826 1832 895 antiquitus
1885 827 2178 879 maximam

611 919 900 989 quamdam
923 931 1189 989 aquarum
1210 918 1621 973 inundationem
1639 926 1902 988 terrasque
1923 918 2183 973 vastatio-

612 1025 758 1065 nem.
790 1011 871 1065 Ad
900 1011 1005 1065 hoc
1052 1012 1178 1066 item
1213 1011 1449 1082 pertinet
1489 1009 1635 1081 quod
1663 1009 1994 1079 Pomponius
2022 1009 2179 1076 Mela,

608 1100 702 1156 lib.
737 1115 778 1167 ι,
807 1115 860 1156 c.
881 1101 981 1169 21;
1009 1110 1064 1157 et
1100 1102 1307 1158 Plinius
1341 1104 1377 1156 1.
1413 1119 1465 1167 v,
1497 1117 1551 1157 c.
1585 1102 1670 1168 15,
1704 1110 1757 1157 et
1790 1101 2031 1167 Solinus,
2057 1118 2179 1173 cap.

608 1192 713 1257 37,
767 1191 990 1263 Joppem
1050 1194 1237 1249 urbem
1293 1192 1492 1249 Iudaeae
1544 1193 1870 1247 maritimam
1901 1194 2182 1264 prardicari

609 1281 853 1336 omnium
937 1289 1096 1337 terrae
1168 1284 1383 1338 urbium
1434 1284 1862 1339 vetustissimam
1925 1270 2182 1353 credique

611 1371 784 1428 fuisse
835 1380 963 1427 ante
1014 1373 1302 1429 diluvium.
1358 1373 1489 1440 Quae
1552 1381 1814 1444 praeterea
1865 1373 1934 1429 de
1978 1374 2181 1429 diluvio

609 1463 955 1519 Deucalionis
990 1463 1336 1528 Plutarchus,
1365 1466 1461 1520 lib.
1488 1465 1566 1521 De
1588 1466 1806 1521 solertia
1837 1466 2001 1521 anim.
2026 1475 2179 1522 retu-

608 1556 675 1611 lit
721 1556 790 1612 de
839 1555 1110 1618 columba,
1137 1556 1206 1610 ad
1243 1555 1525 1613 Noeticum
1576 1557 1841 1613 diluvium
1879 1539 2177 1628 pertinent:

611 1646 733 1701 Huc
762 1648 889 1702 item
920 1654 1187 1717 spectant,
1230 1663 1350 1717 quae
1371 1648 1438 1704 de
1472 1649 1676 1704 diluvio
1713 1649 1750 1704 l.
1781 1665 1795 1703 ι
1827 1647 2175 1716 Hetamorph.

613 1737 840 1794 Ovidius
895 1739 1104 1794 scribit.
1134 1737 1334 1793 Verum
1386 1739 1660 1806 Pererius,
1694 1742 1786 1811 qui
1830 1750 1951 1810 post
1990 1743 2176 1812 Augu—

609 1829 740 1885 stini
781 1829 849 1884 de
883 1830 1077 1884 notitia
1108 1830 1300 1886 diluvii
1320 1864 1323 1865 ν
1344 1831 1668 1886 sententiam
1701 1832 2004 1901 expositam
2028 1811 2178 1885 aflir-
2209 1811 2251 1864 Β

608 1922 776 1974 mavit
810 1919 861 1974 id
902 1936 1009 1975 non
1033 1936 1195 1991 posse
1216 1922 1403 1994 negari
1432 1922 1551 1977 sine
1571 1923 1935 1985 contumacia,
1968 1938 2091 1976 cum
2121 1921 2177 1975 id

608 2016 789 2064 tamen
820 2018 1075 2080 negasset
1099 2011 1455 2083 Augustinus,
1487 2028 1553 2068 ne
1580 2012 1855 2067 videretur
1882 2022 2031 2068 tanto
2058 2014 2176 2068 viro

602 2108 789 2157 notam
847 2102 1207 2157 contumaciae
1259 2104 1343 2157 vel
1390 2103 1731 2173 ignorantiae,
1759 2113 1854 2158 aut
1883 2105 2176 2162 oblivionis

606 2190 848 2246 historia:
893 2192 1134 2258 inurere,
1161 2194 1313 2249 illum
1365 2210 1635 2252 excusans
1672 2196 1766 2263 ait,
1811 2197 2174 2267 Augustinum

604 2296 716 2336 non
768 2284 994 2352 pratcise
1036 2283 1240 2343 dixisse
1275 2287 1444 2342 nullis
1472 2287 1751 2343 historicis
1784 2296 1974 2343 notum
2004 2288 2176 2345 fuisse

602 2371 863 2427 diluvium
895 2373 1030 2443 Noe,
1067 2377 1162 2431 sed
1183 2386 1393 2431 tantum
1433 2377 1604 2435 fuisse
1629 2379 1935 2450 ignoratum
1966 2395 1997 2434 a
2028 2380 2178 2437 Gre:-

600 2463 686 2520 cis
714 2471 773 2520 et
810 2463 1073 2522 Romanis
1128 2469 1428 2535 historicis,
1455 2470 1591 2524 nihil
1619 2469 1687 2525 de
1728 2470 1979 2529 barbaris
2005 2473 2175 2528 histo-

603 2554 701 2610 riis
744 2556 1012 2623 locutum;
1056 2564 1110 2611 et
1146 2557 1199 2611 id
1255 2574 1444 2613 verum
1491 2574 1634 2624 esse,
1682 2575 1807 2615 cum
1863 2561 1986 2618 illos
2031 2578 2171 2633 quos

604 2645 720 2714 ipse
749 2643 999 2701 Pererius
1027 2647 1212 2700 citavit
1240 2649 1504 2706 barbaros
1544 2649 1716 2706 fuisse
1748 2659 1803 2706 et
1834 2667 2016 2707 rerum
2046 2654 2174 2708 bar-

605 2736 915 2791 baricarum
942 2738 1238 2808 scriptores
1289 2747 1494 2795 certum
1542 2740 1633 2796 sit.
1685 2740 1809 2797 Haec
1870 2754 2048 2799 tamen
2078 2760 2174 2800 ex-

603 2828 823 2896 plicatio
853 2830 938 2899 pia
971 2837 1076 2894 est,
1136 2832 1261 2901 quis
1294 2832 1349 2886 id
1377 2833 1778 2903 negabit?dum
1806 2833 2172 2906 Augustinum

607 2918 678 2973 ab
716 2919 1021 2990 ignorantia
1052 2921 1312 2987 defendit,
1334 2932 1388 2977 et
1416 2925 1757 2980 contumacia
1787 2942 1992 2997 suaque
2018 2928 2173 2983 laude

604 3025 715 3066 non
763 3022 935 3067 caret.
981 3012 1117 3068 Mihi
1164 3022 1344 3070 tamen
1380 3015 1449 3070 ab
1489 3017 1637 3069 omni
1678 3016 2010 3074 humanitate
2043 3020 2172 3075 alie-

608 3118 737 3156 num
770 3106 905 3160 'esse
949 3105 1163 3159 videtur
1212 3107 1357 3162 serio
1413 3121 1704 3174 accusare,
1760 3125 1920 3179 quem
1960 3110 2169 3183 frigidis

601 3193 864 3264 falsisque
918 3196 1222 3252 rationibus
1278 3197 1477 3270 [postea
1515 3215 1630 3265 non
1668 3159 1808 3256 valet
1853 3159 2161 3262 delendaere.
2197 3159 2246 3222 ο

603 3283 671 3338 Ut
694 3286 839 3340 enim
868 3303 1054 3343 verum
1098 3289 1290 3354 fatear,
1317 3292 1438 3361 quis
1470 3308 1705 3363 unquam
1754 3295 1891 3349 dixit
1956 3305 2010 3353 et
2041 3298 2164 3354 Ale-

597 3378 868 3433 xandrum
916 3379 1335 3452 Polyhistorem,
1384 3393 1439 3439 et
1483 3383 1857 3456 Plutarchum,
1887 3399 1942 3444 et
1983 3389 2164 3447 Plato-

599 3483 744 3528 nem.
767 3478 821 3524 et
844 3469 1116 3537 Ovidium,
1135 3479 1187 3528 et
1209 3473 1467 3539 Plinium,
1491 3484 1546 3530 et
1576 3474 1843 3544 Solinum,
1878 3488 1932 3535 et
1970 3481 2161 3537 Melam

599 3558 863 3616 barbaros
888 3561 1075 3628 fuisse,
1105 3565 1513 3637 eosque'fuisse
1538 3583 1718 3623 rerum
1750 3572 2160 3630 barbaricarum

597 3642 938 3722 scriptores?
965 3670 1244 3726 nunquam
1279 3659 1501 3713 memini
1535 3675 1620 3715 me
1640 3661 1868 3732 legisse;
1905 3680 2007 3720 nec
2037 3675 2165 3736 puto

602 3744 658 3799 id
693 3749 857 3803 etiam
889 3748 1090 3806 litteris
1120 3751 1389 3821 proditum
1413 3751 1583 3811 [uisse
1605 3754 1843 3824 Graecos,
1862 3756 2167 3815 Romanos-

596 3852 707 3906 que
764 3838 1029 3896 barbaros
1069 3840 1258 3909 fuisse.
1283 3841 1385 3908 Qui
1430 3844 1477 3899 si
1525 3844 1764 3914 barbari,
1798 3848 1921 3918 quis
1963 3848 2019 3903 in
2052 3857 2166 3905 toto

596 3940 871 3987 terrarum
906 3935 1037 3990 orbe
1062 3936 1129 3989 ab
1166 3937 1271 3991 hac
1313 3951 1371 3992 se
1399 3945 1526 3991 nota
1561 3938 1854 3994 immunem
1878 3939 2167 3998 defendet?

602 4021 674 4077 Ut
704 4038 835 4093 ergo
884 4024 1020 4080 falso
1084 4037 1373 4084 accusatus
1436 4029 1772 4099 Augustinus
1822 4033 2164 4102 defendatur,

596 4114 814 4169 barbari
858 4132 1047 4175 omnes
1067 4158 1081 4182 ,
1127 4131 1181 4175 et
1218 4119 1467 4185 Romani,
1494 4131 1548 4176 et
1570 4121 1742 4179 Graeci
1771 4126 1995 4201 erimus.
2027 4128 2168 4183 Con-

594 4215 679 4260 tra
732 4206 824 4276 jus
886 4208 1077 4278 fasque
1144 4212 1481 4280 Augustinus
1545 4221 1801 4283 tanquam
1873 4229 2167 4277 contumax

594 4306 917 4365 accusatur,
939 4309 994 4355 et
1023 4307 1211 4355 contra
1236 4302 1327 4370 jus
1346 4302 1534 4373 fasque
1555 4313 1606 4358 et
1637 4305 1897 4374 Romani,
1916 4319 1969 4365 et
1994 4311 2167 4368 Graeci

591 4389 809 4445 barbari
843 4390 1176 4461 judicantur.
1221 4392 1489 4459 Profecto,
1526 4397 1667 4451 dicet
1702 4401 1825 4468 quis
1855 4403 1956 4467 vel,
1984 4406 2168 4461 nos-in

1975 338 2218 399 LEONIS
2257 338 2531 394 ALLATII

3800 326 3905 382 988

2282 474 2343 514 ca
2366 460 2448 514 vel
2476 458 2691 513 Latina.
2732 457 2827 513 Sin
2880 457 3043 513 etiam
3081 455 3436 520 scientias,et
3468 460 3645 509 artes
3691 463 3902 505 omnes

2281 558 2335 606 et
2364 550 2601 618 Graecas,
2630 561 2682 606 et
2719 548 2942 606 Latinas
2986 563 3211 604 necesse
3253 548 3358 603 erit
3395 533 3897 605 afﬁrmat-eremi

2282 642 2350 697 de
2395 642 2503 697 illis
2554 648 2717 712 agant
2762 639 2948 695 Graece
2981 648 3036 695 et
3067 638 3259 694 Latine
3294 641 3555 694 auctores
3611 632 3820 688 (εἶτωεί
3846 637 3898 686 et

2281 732 2494 801 Latini;
2525 748 2701 805 neque
2737 733 2864 789 talis
2898 731 3093 786 modus
3120 729 3445 785 elocutionis
3481 729 3679 782 talem
3715 723 3894 780 eﬂicit

2283 823 2564 879 scientiam
2618 824 2700 878 vel
2738 831 2929 879 artem:
2962 821 3193 888 Quando
3237 828 3292 874 et
3320 818 3577 891 Dionysii
3617 815 3894 871 Halicar-

2280 914 2485 978 nassei,
2520 922 2575 969 et
2604 913 2790 971 Dionis
2833 913 3029 977 Cassii,
3064 921 3119 968 et
3151 912 3382 966 aliorum
3416 911 3748 966 historiam
3781 907 3893 962 Ro-

2281 1022 2498 1061 manam
2516 1005 2756 1062 Graecam
2776 1022 2899 1062 esse
2921 1006 3333 1068 contendemus,
3347 1012 3661 1074 postquam
3692 1001 3890 1071 lingua

2282 1096 2466 1152 Graeca
2488 1097 2766 1151 enuntiata
2795 1103 2899 1153 est.
2928 1095 3036 1151 Res
3060 1110 3212 1165 ergo,
3238 1110 3349 1149 non
3382 1094 3666 1157 elocutio,
3704 1107 3891 1162 neque

2282 1196 2472 1243 auctor
2524 1190 2639 1259 ipse
2687 1188 2815 1242 facit
2846 1188 3135 1243 historiam
3166 1186 3328 1255 hujus
3355 1186 3537 1257 potius
3592 1182 3886 1249 nationis,

2280 1296 2442 1351 quam
2468 1281 2714 1335 alterius.
2742 1279 2907 1333 Multa
2935 1277 3001 1335 de
3031 1278 3161 1343 Deo,
3202 1279 3270 1334 de
3306 1277 3496 1332 mundi
3546 1277 3882 1339 creatione,

2280 1372 2348 1426 de
2383 1372 2717 1442 providentia
2765 1371 2968 1434 divina,
3000 1370 3066 1425 de
3097 1368 3406 1426 Christiana
3453 1369 3771 1441 religione,
3814 1367 3881 1421 de

2281 1464 2548 1519 sexcentis
2568 1463 2689 1518 aliis
2719 1462 3029 1533 phi1030phi
3057 1461 3351 1527 Platonici,
3376 1472 3430 1517 et
3453 1462 3727 1517 historici
3752 1475 3876 1533 pro-

2280 1555 2390 1609 fani
2437 1554 2495 1608 in
2536 1556 2651 1610 suis
2693 1555 3101 1610 commentariis
3130 1553 3435 1624 prodidere,
3462 1553 3614 1623 quod
3640 1554 3724 1606 ita
3753 1566 3872 1606 ma-

2279 1645 2536 1700 nifestum
2561 1653 2645 1700 est
2676 1645 2756 1700 uti
2781 1645 3109 1714 probatione
3137 1659 3243 1698 non
3261 1652 3416 1714 egeat
3452 1662 3466 1697 :
3502 1643 3627 1698 ideo
3651 1656 3727 1696 ne
3750 1640 3864 1706 illa,

2279 1746 2333 1791 et
2379 1736 2619 1792 Graecam
2677 1736 3103 1808 philosophiam,
3168 1741 3222 1791 et
3268 1733 3514 1789 Graecam
3558 1734 3863 1790 historiam

2283 1827 2512 1895 illosque
2539 1824 2737 1880 Graecae
2759 1825 3132 1896 phiIOSOphiaa,
3165 1824 3252 1879 vel
3284 1824 3525 1879 historia:
3547 1824 3858 1895 scriptores

2275 1918 2454 1974 fuisse
2503 1917 2917 1981 afﬁrmabimus,
2950 1917 3099 1972 aliud
3140 1917 3366 1972 omnino
3398 1925 3475 1973 est
3506 1918 3685 1972 alieno
3719 1933 3854 1985 ore,

2282 2011 2426 2065 aliud
2476 2010 2695 2081 proprio
2745 2010 2913 2079 loqui.
2940 2010 3153 2080 Optime
3185 2010 3366 2079 itaque
3390 2010 3719 2079 Augustinus
3753 2010 3847 2065 di-

2282 2101 2485 2155 luvium
2520 2114 2620 2155 nec
2651 2099 2857 2165 Graeca,
2892 2115 2993 2154 nec
3019 2101 3210 2153 Latina
3236 2097 3453 2152 historia
3493 2107 3839 2168 compertum

2284 2191 2456 2246 fuisse
2503 2188 2814 2251 afﬁrmavit,
2845 2189 2972 2260 quia
3005 2189 3107 2245 etsi
3147 2189 3214 2244 de
3251 2189 3347 2244 illo
3390 2188 3690 2253 meminere,
3723 2204 3831 2245 non

2280 2297 2347 2338 ex
2377 2281 2685 2337 Graecorum
2744 2278 3173 2349 Latinorumque
3231 2277 3498 2334 historicis
3531 2278 3815 2341 thesauris,

2281 2373 2377 2430 sed
2404 2380 2752 2429 externorum
2785 2371 2938 2427 libris
2964 2371 3019 2425 id
3049 2371 3313 2438 hausere;
3346 2379 3560 2434 cum,ut
3579 2371 3714 2425 idem
3740 2370 3809 2422 ait

2279 2465 2613 2536 Augustinus
2640 2479 2702 2519 ex
2727 2462 2990 2529 Varrone,
3016 2462 3208 2516 Latina
3236 2462 3469 2517 historia
3500 2461 3618 2514 nihil
3632 2460 3821 2515 habuit

2279 2557 2555 2627 antiquius
2582 2556 2781 2627 Ogygis
2831 2556 3054 2610 diluvio.
3084 2553 3379 2609 Possemus
3413 2553 3540 2607 item
3571 2551 3826 2616 dubitare,

2279 2664 2346 2703 an
2376 2649 2565 2703 Latina
2598 2647 2824 2703 historia
2863 2656 2917 2703 et
2937 2646 3179 2701 Romana
3200 2645 3342 2700 idem
3375 2646 3466 2717 sit.
3504 2644 3829 2714 Augustinus

2278 2741 2422 2796 enim
2462 2740 2559 2805 ait,
2592 2739 2743 2806 Quod
2770 2739 3000 2810 gentium
3029 2755 3189 2809 neque
3218 2738 3422 2802 Crwca,
3454 2752 3617 2806 neque
3646 2734 3828 2789 Latina

2279 2830 2419 2884 nouit
2446 2828 2691 2883 historia.
2723 2828 2791 2881 At
2816 2829 3066 2884 Pererius
3093 2828 3221 2883 dum
3248 2828 3441 2898 repetit
3471 2827 3619 2882 illius
3649 2824 3826 2891 verba,

2277 2921 2360 2974 vel
2391 2919 2566 2974 saltim
2594 2919 2937 2982 sententiam,
2988 2917 3090 2973 Sed
3118 2927 3319 2995 tantum
3343 2917 3480 2971 dixit
3511 2917 3674 2986 fuisse
3694 2917 3828 2986 igno-

2278 3019 2454 3064 ratum
2490 3010 2544 3063 in
2573 3006 2791 3074 Graecis,
2821 3018 2869 3063 et
2912 3008 3164 3064 Romanis
3189 3009 3447 3072 historiis,
3482 3006 3616 3061 nihil
3634 3007 3700 3061 de
3719 3006 3829 3059 bar-

2280 3102 2470 3155 baricis
2515 3101 2750 3156 historiis
2803 3103 3028 3156 locutus.
3092 3100 3171 3155 En
3224 3100 3499 3171 quomodo
3545 3115 3614 3155 ex
3647 3098 3827 3153 Latina

2276 3192 2525 3255 historia,
2560 3190 2807 3246 Romana
2864 3192 3007 3246 facta
3030 3198 3134 3248 est.
3170 3189 3276 3247 Sed
3305 3198 3504 3246 caetera
3535 3204 3825 3261 prosequa-

2269 3300 2393 3340 mur
2427 3298 2459 3337 a
2493 3291 2680 3339 nostro
2722 3282 2973 3338 instituto
3003 3282 3227 3338 minime
3261 3282 3459 3338 aliena.

2336 3398 2453 3454 Col.
2472 3397 2594 3463 759,
2612 3398 2709 3452 lin.
2729 3397 2816 3452 48,
2836 3398 3174 3465 Ἐκαλύφθη
3188 3395 3826 3467 τὰύψηλάπιιεοριιὶιιις

2270 3492 2340 3545 ad
2372 3490 2702 3560 Autolycum,
2742 3489 2837 3544 lib.
2873 3505 2957 3555 In,
2991 3489 3067 3543 ait
3090 3490 3150 3543 τὸ
3166 3489 3307 3559 ὕδωρ
3339 3488 3622 3559 ὑψωθῆναι
3656 3480 3827 3542 ὲπάνὼ

2270 3582 2469 3645 παντὸς
2494 3581 2652 3652 ὅρους
2673 3579 2875 3651 ὑψηλοῦ
2909 3579 3300 3634 πεντεκαίδεκα
3333 3581 3546 3651 πήχεις,
3589 3589 3647 3636 et
3684 3581 3826 3635 Albi-

2268 3690 2393 3739 nus,
2433 3672 2633 3738 Quwst.
2672 3673 2728 3727 in
2762 3670 2972 3739 (ἕρπει,
3004 3672 3109 3727 hoc
3155 3672 3273 3728 ﬁeri
3303 3672 3548 3743 potuisse
3575 3672 3823 3736 afﬁrmat,

2246 3752 2515 3838 'quamvis
2562 3765 2629 3822 ad
2654 3765 2800 3820 illam
2834 3773 3039 3836 partem
3070 3764 3212 3820 aeris
3234 3765 3558 3836 pervenerit,
3586 3765 3643 3819 in
3672 3780 3827 3835 quam

2269 3875 2370 3916 nec
2392 3868 2581 3915 ventus
2606 3859 2883 3923 invadere,
2904 3858 3194 3915 nec'nubes
3221 3858 3545 3914 condensari
3568 3871 3824 3931 possunt:

2272 3952 2333 4007 Si
2369 3960 2509 4005 terra
2553 3952 2780 4020 spatium
2825 3950 2972 4004 illius
3023 3949 3297 4019 tranquilli
3333 3949 3541 4004 aetheris
3592 3949 3829 4004 invaders

2269 4049 2454 4109 potest,
2486 4057 2582 4093 cur
2611 4056 2714 4093 non
2746 4049 2796 4093 et
2827 4056 2965 4109 aqua
2997 4037 3313 4095 crescendo?
3347 4037 3480 4093 Sunt
3515 4049 3681 4094 tamen
3716 4042 3829 4110 qui-

2270 4132 2414 4197 dam,
2450 4133 2537 4201 qui
2558 4140 2743 4200 putant
2786 4147 2876 4185 nec
2906 4140 3056 4185 terra:
3096 4131 3509 4200 ianualitatem
3539 4131 3721 4197 talem,
3747 4149 3829 4187 nec

2272 4224 2525 4277 montium
2580 4222 2915 4276 altitudinem
2967 4233 3171 4275 tantam
3215 4232 3337 4276 ante
3376 4223 3631 4278 diluvium
3672 4225 3829 4294 fuisse

2271 4313 2405 4365 sicut
2446 4328 2582 4365 nunc
2627 4322 2725 4366 est.
2759 4311 2954 4366 Verum
2994 4312 3513 4382 philosophicarum,
3545 4329 3610 4369 ac
3651 4332 3829 4371 rerum

2272 4404 2772 4458 mathematicarum
2798 4405 2972 4474 perito
3004 4404 3226 4459 minime
3257 4406 3369 4460 haec
3396 4410 3667 4463 sententia
3699 4412 3831 4465 arri-

591 4484 822 4577 lcctione
844 4492 1129 4539 auctorum
1161 4485 1250 4555 qui
1289 4487 1355 4541 de
1392 4488 1595 4543 diluvio
1630 4493 1792 4546 verba
1830 4494 2028 4562 fecere,
2065 4516 2167 4556 ca‘-
2206 4519 2249 4577 ι)
2276 4494 2441 4549 debit.
2472 4493 2733 4560 Quamvis
2756 4497 2900 4550 enim
2934 4496 3018 4550 his
3045 4498 3383 4568 temporibus
3429 4510 3645 4557 montes
3673 4504 3831 4558 altio-

590 4576 867 4643 cutimus;
910 4578 995 4632 vel
1032 4578 1371 4648 Augustinus
1424 4581 1582 4635 aliter
1621 4597 1685 4637 ac
1739 4599 1826 4639 res
1862 4596 1978 4641 erat
2008 4607 2174 4664 expo-

590 4668 720 4730 suit,
754 4672 847 4739 qui
901 4677 1092 4725 contra
1143 4671 1306 4726 sentit
1354 4679 1408 4726 et
1451 4673 1635 4742 lapsus
1672 4683 1775 4739 est,
1825 4677 2065 4740 historia:
2113 4701 2169 4743 et

589 4759 937 4846 antiquitatis
957 4769 1051 4816 aut
1081 4763 1317 4828 inscitia,
1349 4772 1442 4818 aut
1465 4764 1758 4824 oblivione.
1791 4768 2162 4846 Nequaquam.

587 4845 835 4919 Namque
888 4851 1228 4922 Augustinus
1285 4853 1389 4918 ait;
1422 4853 1477 4908 id
1533 4870 1642 4908 non
1704 4858 1926 4914 novisse
1988 4845 2166 4935 neque

588 4939 857 5006 Gmcam,
889 4959 1064 5013 neque
1081 4943 1327 4999 Latinam
1353 4946 1660 5012 historiam,
1679 4951 1823 5018 quod
1848 4968 2036 5009 verum
2059 4967 2164 5023 est,

587 5045 636 5087 et
668 5034 872 5089 rationi
906 5037 1228 5106 veritatique
1257 5037 1499 5094 historiae
1525 5051 1987 5112 consentaneum;
2022 5065 2166 5105 nun-

591 5140 757 5195 quam
793 5127 939 5181 enim
975 5128 1205 5184 historia
1245 5132 1358 5187 sive
1380 5133 1585 5195 Grazca,
1613 5136 1728 5192 sive
1758 5136 1952 5195 Latina
1986 5157 2016 5196 a
2050 5144 2165 5207 suis

596 5219 960 5289 scriptoribus
1004 5225 1374 5280 monumentis
1413 5227 1680 5296 publicis,
1723 5232 1838 5288 sive
1882 5234 2162 5289 hominum

596 5312 892 5369 traditione
950 5312 1003 5367 id
1054 5313 1269 5379 habuit,
1321 5314 1602 5372 Noeticum
1662 5320 1926 5377 diluvium
1974 5323 2159 5380 fuisse.

601 5406 817 5463 Recens
878 5413 964 5462 est
1010 5413 1063 5460 et
1105 5404 1322 5475 juvenis
1373 5408 1603 5465 historia
1628 5410 1935 5468 Grazcorum
1975 5423 2030 5470 et
2064 5414 2164 5469 La—

586 5496 864 5563 tinorum;
905 5496 1348 5566 antiquissimum
1378 5497 1662 5555 Noeticum
1687 5501 1974 5567 diluvium,
2004 5506 2079 5558 ita
2104 5512 2163 5558 ut

591 5589 715 5656 ejus
758 5589 1023 5643 memoria
1066 5587 1409 5644 traditionem
1446 5604 1660 5646 omnem
1689 5594 1930 5664 effugiat.
1965 5593 2164 5650 Habuit

593 5678 739 5733 illius
783 5678 1034 5734 notitiam
1073 5678 1423 5736 Hebraeorum
1471 5682 1700 5737 historia
1739 5683 2036 5754 Scriptura:
2071 5704 2163 5743 sa-

592 5783 698 5825 crae
727 5772 1095 5829 monumentis
1126 5790 1393 5847 nusquam
1422 5764 1601 5833 tamen
1635 5786 1717 5832 cst
1744 5778 1971 5834 historia
2010 5780 2163 5835 Grac-

2279 4598 2362 4636 res
2395 4583 2776 4646 concedamus,
2808 4599 2915 4639 non
2958 4591 3138 4639 tamen
3179 4597 3498 4656 sequeretur
3544 4597 3676 4645 tunc
3713 4590 3830 4645 alti-

2272 4675 2515 4729 tudinem
2569 4678 2833 4729 montium
2873 4692 2979 4731 non
3037 4676 3208 4733 fuisse
3255 4683 3650 4746 tantam,sicut
3687 4699 3831 4739 nunc

2269 4767 2531 4821 cernitur.
2573 4766 2860 4837 Nunquam
2919 4769 3063 4823 enim
3111 4781 3403 4827 creverunt
3445 4783 3696 4839 montes,
3735 4794 3831 4833 nec

2269 4860 2324 4913 in
2375 4860 2633 4929 majorem
2665 4862 3003 4917 altitudinem
3030 4879 3090 4918 se
3120 4879 3429 4935 erexerunt,
3458 4870 3621 4922 etiam
3652 4871 3697 4925 si
3740 4887 3831 4926 su-

2267 4952 2550 5008 blimiores
2583 4954 2863 5019 videntur;
2888 4954 3119 5009 vallibus
3145 4956 3290 5010 enim
3320 4957 3381 5012 in
3405 4959 3571 5013 imum
3594 4960 3830 5026 eﬂ‘ossis,

2270 5050 2416 5098 terra
2448 5045 2756 5100 labentibus
2797 5044 2953 5114 aquis
2989 5045 3313 5102 decurrente
3342 5057 3435 5102 aut
3461 5051 3621 5104 etiam
3642 5052 3831 5106 ﬂuvia-

2269 5133 2431 5196 libus,
2460 5142 2669 5188 montes
2701 5133 2921 5189 altiores
2948 5144 3264 5205 assurgunt,
3297 5151 3407 5190 non
3437 5138 3583 5207 quod
3626 5140 3828 5211 aliquid

2267 5222 2374 5279 illis
2412 5224 2478 5279 de
2525 5240 2667 5279 novo
2705 5224 2777 5280 sit
2817 5226 3156 5294 adjunctum,
3187 5232 3282 5282 sed
3307 5229 3435 5297 quia
3467 5230 3522 5284 in
3548 5230 3827 5294 lateribus.

2268 5319 2354 5372 vel
2384 5318 2493 5371 ima
2521 5324 2674 5386 parte
2703 5317 2920 5388 aliquod
2951 5325 3034 5373 est
3062 5319 3388 5386 detractum,
3426 5328 3481 5375 et
3513 5336 3646 5377 sane
3672 5337 3825 5377 mon-

2266 5420 2349 5466 tes
2386 5412 2494 5482 ipsi
2531 5411 2774 5481 quotidie
2814 5419 3120 5482 temporum
3169 5411 3429 5467 edacitati
3484 5415 3704 5470 obnoxii
3735 5415 3823 5472 de-

2264 5512 2541 5560 crescunt.
2571 5501 2907 5556 Fabulantur
2926 5502 3120 5567 Judmi,
3145 5504 3224 5575 Og
3258 5519 3434 5575 regem
3457 5505 3636 5561 Basan
3664 5506 3823 5564 fuisse

2224 5576 2228 5593 ’
2266 5612 2329 5651 ex
2378 5596 2688 5666 gigantibus
2731 5595 2868 5660 illis,
2896 5595 2963 5650 de
2988 5598 3190 5666 quibus
3220 5597 3417 5651 dicitur
3457 5596 3587 5655 Gen.
3620 5615 3742 5665 vm,
3770 5600 3822 5655 in

2266 5687 2536 5743 altissimo
2571 5693 2753 5741 monte
2795 5687 3209 5752 consistentem,
3261 5688 3503 5744 evasisse
3542 5690 3822 5756 diluvium,

2264 5779 2507 5849 illudque
2535 5777 2849 5848 probantes:
2864 5792 2928 5834 eo
2943 5779 3088 5850 quod
3111 5778 3341 5834 habetur
3359 5777 3508 5837 Deut.
3537 5796 3594 5836 Ill
3624 5801 3639 5837 :
3676 5782 3823 5838 Solus
