4064 6290
197 367 324 426 98‘)

1257 354 1329 411 1N
1367 352 1741 411 EUSTATHII
1779 347 2253 405 HEXAEMERON
2287 347 2495 405 ΝΟΤᾸΕ

3356 346 3462 407 990

203 487 301 557 09
330 483 596 539 restiterat
625 479 689 534 de
714 479 876 548 stirpe
904 478 1192 547 gigantum.
1221 473 1288 528 Et
1322 474 1444 530 falsi
1474 480 1782 545 arguuntur
1818 476 1854 528 Α
1889 470 2074 525 feriret
2110 470 2162 523 in
2194 470 2372 524 fronte
2429 466 2659 538 accepit.
2716 464 3075 520 Percussione
3118 462 3221 517 bac
3277 461 3479 519 furore

201 573 630 637 Thalmudista,
661 569 754 641 qui
806 569 1017 634 dicunt,
1068 567 1334 622 diluvium
1377 580 1490 619 non
1541 564 1791 635 attigisse

200 674 461 724 montem
513 662 667 727 Sion,
711 663 816 718 hoc
874 661 993 717 solo
1041 671 1361 731 argumento
1407 656 1555 727 quod
1604 670 1805 710 semen

203 762 503 832 gigantum
549 758 828 812 inventum
872 756 942 811 sit
968 760 1092 825 post
1124 752 1388 806 diluvium
1420 750 1476 804 in
1507 750 1626 803 loco
1651 761 1793 818 pra-

206 855 390 910 dicto.
412 852 567 906 Plato
589 850 644 905 in
677 849 895 912 Timcea,
913 857 965 902 et
986 846 1256 900 Diodorus
1273 842 1493 898 Siculus
1510 839 1789 904 Biblioth.,

207 949 317 1003 lib.
350 963 426 1011 vi,
468 947 538 1002 ab
580 945 684 999 hac
727 942 996 999 sententia
1037 939 1289 995 videntur
1327 937 1646 998 abhorrere,
1697 933 1792 988 sed

134 1098 142 1116 Δ
212 1039 386 1094 iidem
418 1037 475 1092 in
514 1052 573 1091 re
596 1050 660 1089 ac
693 1034 917 1088 materia
945 1031 1184 1093 diversa,
1214 1028 1469 1098 quamvis
1499 1026 1554 1079 in
1579 1022 1791 1080 cateris

211 1129 350 1187 falsi
397 1128 767 1184 consentiunt.
802 1122 1049 1178 Tradunt
1106 1120 1251 1176 enim
1298 1129 1541 1189 tempore
1583 1115 1792 1181 diluvii,

212 1237 412 1294 magos
448 1219 783 1290 confugisse,
815 1216 1217 1284 nonnullosque
1248 1211 1384 1267 alios
1427 1209 1648 1280 Egypti
1696 1222 1791 1278 po-

217 1315 382 1386 pulos
408 1313 462 1368 in
492 1313 623 1383 juga
655 1310 919 1365 montium
957 1307 1141 1377 ibique
1167 1312 1516 1358 monumenta
1542 1299 1794 1356 recondi-

217 1406 449 1462 tissima
494 1400 983 1469 vetnstissimaque
1025 1397 1352 1452 eruditionis
1387 1407 1615 1466 quaque
1645 1406 1794 1445 com-

218 1508 493 1570 portasse,
533 1507 954 1561 asservasseqne
989 1492 1043 1544 in
1078 1490 1309 1559 gratiam
1338 1494 1393 1542 et
1424 1501 1581 1541 usum
1609 1481 1797 1536 mundi

219 1588 560 1660 superstitis.
614 1586 741 1641 Inde
794 1593 981 1656 postea
1031 1582 1276 1639 inferunt
1317 1595 1348 1632 a
1413 1577 1586 1647 magis
1631 1574 1799 1645 Egy-

221 1681 465 1752 ptiisque
503 1678 723 1733 Gracia
756 1677 972 1747 populis
1006 1672 1432 1730 communicata.
1458 1667 1591 1733 Qua
1616 1665 1799 1720 omnia

219 1771 474 1844 quamvis
520 1777 722 1823 temere
768 1766 1129 1827 aflirmentnr,
1200 1763 1301 1816 hos
1367 1758 1566 1827 tamen}
1598 1762 1797 1809 aucto-

221 1877 317 1920 res
359 1861 551 1932 lepidis
591 1859 742 1914 hisce
787 1856 1006 1912 fabellis
1067 1852 1202 1908 illud
1263 1850 1512 1905 immisse
1584 1854 1796 1902 certum

224 1961 316 2007 est
357 1970 370 2006 :
408 1965 438 2004 a
468 1948 792 2019 quibusdam
839 1954 893 2000 et
942 1944 1140 2014 pietate
1200 1950 1255 1995 et
1302 1937 1609 1994 eruditione
1667 1950 1800 1988 con-

222 2042 434 2115 spicuis
477 2040 612 2094 viris
662 2045 781 2092 arte
829 2035 1066 2106 quadam
1107 2032 1399 2086 multarum
1444 2026 1799 2083 scientiarum

220 2133 527 2200 methodos,
567 2132 826 2195 rationes,
858 2129 1120 2197 variaque
1169 2125 1540 2195 experimenta
1589 2119 1796 2175 futuris

218 2224 555 2289 hominibus,
585 2222 654 2276 ab
694 2219 944 2275 eluvione
976 2216 1070 2270 illa
1114 2229 1380 2284 aquarum
1417 2224 1797 2267 conservasse.

218 2316 360 2372 Illud
387 2317 442 2369 in
474 2315 562 2370 bis
593 2312 848 2369 omnibus
887 2323 1073 2365 verum
1104 2314 1208 2368 est,
1239 2320 1428 2359 omnes
1454 2303 1798 2358 Summitates

220 2407 512 2469 montium,
543 2411 605 2459 ut
643 2404 838 2459 divina
881 2400 1106 2455 tradunt
1134 2398 1373 2459 Littera,
1394 2402 1542 2449 certa
1563 2393 1797 2464 quadam

221 2505 490 2562 aquarum
529 2503 784 2542 mensura
834 2493 1120 2555 coopertas
1147 2525 1161 2547 ,
1207 2498 1304 2553 per
1339 2481 1392 2536 id
1427 2479 1660 2550 spatium
1689 2489 1798 2546 quo

222 2582 445 2636 duravit
479 2581 740 2635 diluvium
776 2577 879 2632 sub
906 2576 1063 2647 aquis
1094 2574 1340 2637 latuisse,
1364 2588 1464 2627 nec
1495 2568 1797 2625 audiendus

220 2675 539 2746 Cajetanus,
572 2674 663 2744 qui
685 2679 839 2743 putat
884 2670 1116 2725 vertices
1147 2668 1361 2737 aliquos
1386 2664 1654 2719 montium
1688 2676 1799 2716 non

226 2770 400 2824 fuisse
437 2775 657 2838 opertos
691 2764 847 2834 aquis
890 2760 1099 2820 diluvii,
1136 2776 1237 2815 nec
1273 2760 1374 2812 hoc
1412 2755 1689 2812 adversari
1717 2753 1800 2807 di-

228 2862 369 2915 vina
400 2857 730 2928 Scriptura;
754 2853 1028 2925 quomodo
1054 2851 1107 2906 id
1128 2850 1365 2921 potuerit
1392 2865 1515 2904 esse
1542 2848 1794 2918 explicat,

226 2959 283 3005 tt
342 2959 466 3004 ante
514 2947 831 3018 Cajetanum
883 2943 1129 2998 nonnulli
1185 2941 1239 2995 id
1299 2939 1645 2994 afﬁrmarunt
1697 2951 1795 2993 eos

226 3050 464 3104 montes,
512 3053 743 3108 quorum
796 3035 1028 3089 altitudo
1062 3030 1292 3089 'excedit
1342 3033 1523 3085 locum
1569 3043 1798 3101 genera-

226 3132 395 3188 tionis
445 3130 701 3185 imbrium
738 3128 853 3184 sive
887 3126 1118 3180 mediam
1156 3126 1431 3195 regionem
1487 3122 1653 3187 aeris,
1686 3137 1795 3177 non
1825 3157 1868 3214 Ο

227 3223 402 3281 fuisse
432 3225 671 3294 opertos,
698 3233 823 3273 cum
875 3216 1136 3272 diluvium
1191 3205 1509 3285 generatum
1539 3229 1571 3267 a
1600 3212 1800 3284 pluviis

226 3328 340 3369 non
384 3311 619 3382 potucsit
648 3311 952 3363 increscere
985 3322 1154 3376 supra
1185 3307 1366 3361 locum
1413 3305 1506 3359 ubi
1537 3318 1804 3375 generan-

226 3416 322 3460 tur
345 3402 561 3474 pluvia.
594 3400 744 3454 lianc
768 3398 1079 3469 opinionem
1104 3395 1444 3465 Augustinus
1474 3408 1803 3448 commemo-

224 3501 337 3562 rat,
360 3501 414 3548 et
451 3490 672 3555 refellit,
709 3489 746 3544 l.
778 3504 847 3543 xv
876 3486 951 3540 De
980 3487 1190 3539 civitate
1223 3484 1344 3547 Dei,
1367 3499 1487 3553 cap.
1519 3483 1586 3535 27
1615 3501 1628 3537 :
1669 3482 1801 3551 Opi-

227 3594 430 3641 nantur
460 3583 674 3654 quidam
696 3619 711 3645 ,
741 3590 852 3635 tam
887 3596 1133 3648 magnum
1163 3579 1277 3646 ﬁeri
1310 3594 1415 3631 non
1467 3578 1698 3646 potuisse
1723 3575 1806 3630 di-

229 3677 451 3739 luvium,
480 3684 539 3728 ut
573 3674 862 3727 altissimos
898 3681 1095 3726 montes
1120 3670 1413 3741 quindecim
1441 3669 1630 3723 cubitis
1668 3686 1807 3739 aqua

231 3766 509 3826 crescendo
565 3766 969 3826 transcenderet,
1019 3773 1229 3833 propter
1296 3762 1507 3832 Olympi
1562 3763 1806 3815 verticem

230 3860 454 3924 montis,
483 3874 644 3927 supra
697 3872 848 3926 quem
910 3855 1242 3924 perhibentur
1294 3854 1453 3908 nubes
1504 3872 1608 3909 non
1650 3870 1805 3923 posse

234 3951 610 4015 conscendere;
638 3960 695 4004 ut
718 3967 819 4004 non
844 3948 917 4002 ibi
943 3949 1012 4002 sit
1042 3965 1133 4002 aer
1158 3947 1255 4000 iste
1275 3948 1508 4000 crassior
1540 3947 1629 4000 ubi
1650 3948 1805 4013 venti,

237 4045 765 4116 nebulw,imbresque
791 4045 1101 4115 gignuntur,
1136 4057 1226 4096 nec
1260 4042 1557 4107 attendunt,
1579 4042 1809 4095 omnium

236 4142 609 4196 elementorum
636 4137 1026 4191 crassissimam
1072 4145 1268 4189 terram
1305 4135 1379 4187 ibi
1418 4150 1530 4188 esse
1556 4135 1806 4204 potuisse.

240 4239 318 4290 An
353 4236 487 4306 forte
532 4243 713 4305 negent
739 4248 850 4287 esse
879 4232 1015 4284 hunc
1045 4239 1241 4286 terram
1288 4230 1529 4284 verticem
1580 4229 1809 4285 montis?

239 4330 346 4385 Cur
398 4329 560 4399 igitur
614 4342 775 4391 usque
817 4324 884 4379 ad
913 4324 1009 4377 illa
1041 4324 1156 4377 cali
1187 4324 1358 4392 spatia
1383 4325 1541 4377 terris
1579 4322 1810 4376 exaltari

238 4424 467 4484 licuisse,
516 4431 566 4476 et
617 4421 767 4484 aquis
797 4418 1029 4473 exaltari
1061 4434 1165 4470 non
1205 4417 1418 4470 licuisse
1455 4416 1803 4480 contendunt,

1893 567 2057 632 atque
2092 561 2173 615 ira
2199 561 2285 615 leo
2305 559 2532 625 exarsit,
2562 566 2616 612 et
2644 555 2869 627 spiravit
2902 554 3264 620 vehementer,
3301 561 3364 607 ut
3395 566 3466 608 ex

1889 654 2009 724 ejns
2045 670 2182 709 naso
2214 661 2370 708 catus
2402 651 2665 723 prodierit
2691 650 2923 705 soricem
2950 647 3246 712 devorans!
3277 646 3320 700 Ο
3352 644 3466 700 Ma-

1892 746 2240 810 humetanam
2273 743 2630 815 elegantiam!
2659 756 2692 795 ο
2717 742 2931 794 arcam!
2956 754 2990 794 ο
3043 752 3244 792 numen
3280 736 3466 790 Maba-

1893 837 2053 892 metis
2108 837 2472 891 stercoreum!
2505 850 2538 889 o
2567 834 2978 904 percussionem
3010 830 3185 887 leonis
3224 837 3334 882 tam
3358 828 3468 881 uti-

1892 929 2035 982 lem!
2068 942 2101 982 o
2131 934 2313 983 catum
2345 927 2413 981 de
2456 927 2694 980 humano
2716 938 2914 995 genere
2946 923 3084 978 bene
3116 919 3404 974 meritum!
3433 933 3480 973 ο.

1891 1034 2128 1089 nequam
2184 1018 2441 1082 soricem,
2489 1015 2807 1099 nequiorem
2848 1008 3471 1082 elephantum,nequis-

1894 1114 2091 1169 simum
2126 1112 2218 1184 qui
2256 1113 2372 1167 hac
2427 1111 2602 1179 audit,
2630 1118 2685 1166 et
2735 1109 2932 1175 credit,
2986 1123 3089 1163 nec
3132 1113 3472 1185 aspernatur

1894 1207 2008 1271 liri,
2048 1206 2137 1259 liri

1964 1348 2081 1403 Col.
2135 1347 2256 1409 7'55,
2310 1345 2408 1400 lin.
2458 1344 2504 1398 Ι.
2554 1345 2659 1409 Εἰς
2687 1341 2878 1410 ἄκραν
2909 1341 3041 1396 τινὰ
3077 1342 3272 1411 ὅρους.
3315 1339 3472 1395 Mons

1897 1456 2061 1511 super
2089 1455 2249 1510 quem
2286 1438 2489 1494 resedit
2519 1450 2667 1499 arca,
2710 1437 2861 1490 varie
2892 1435 2961 1489 ab
2991 1436 3310 1490 auctoribus
3355 1442 3469 1488 tra-

1896 1531 2344 1589 diturzBerosns
2391 1528 2676 1583 Chaldaus
2709 1528 2852 1596 apud
2894 1524 3214 1594 Josephnm,
3289 1525 3466 1595 Antiq.

1898 1625 1994 1679 lib.
2042 1640 2081 1688 ι,
2158 1621 2394 1692 appellat
2445 1627 2683 1673 montem
2749 1616 3167 1687 Cordyaorum;
3216 1612 3493 1681 Nicolaus,

1898 1694 2270 1772 Damascenus
2324 1713 2571 1767 nominat
2618 1707 3021 1764 Barim.Verba
3049 1707 3268 1777 Josephi
3311 1721 3473 1778 supe—

1830 1819 1869 1873 B
1897 1809 2012 1864 rius
2036 1807 2449 1876 exscripsimus,
2480 1812 2535 1859 et
2557 1818 2630 1858 «ex
2660 1818 2724 1857 eo
2764 1801 3005 1857 Zonaras
3034 1799 3228 1854 Annal.
3262 1805 3392 1853 tom.
3426 1798 3472 1853 Ι.

1899 1903 2008 1957 Cur
2056 1908 2238 1954 autem
2274 1897 2600 1951 Ambrosius
2651 1909 2775 1949 eum
2832 1892 3181 1963 appellaverit
3236 1900 3470 1944 montem

1900 1992 2181 2060 Quadrati,
2215 1989 2467 2045 Pererius
2503 1986 2650 2041 nulla
2678 1986 2993 2054 conjectura
3051 1984 3136 2039 vel
3161 1984 3474 2054 suspicione

1900 2102 1959 2142 se
1997 2100 2154 2155 posse
2185 2083 2450 2152 attingere
2483 2080 2679 2135 scribit
2708 2078 2802 2132 lib.
2836 2093 2934 2131 xm
2981 2077 3036 2129 in
3062 2075 3245 2131 Cenes.
3269 2076 3473 2131 Textus

1899 2187 2080 2233 tamen
2123 2175 2425 2245 Scriptura
2482 2171 2725 2237 Gracus,
2779 2177 2833 2225 et
2888 2169 3147 2225 llebraus
3204 2167 3475 2238 expressit

1897 2271 2113 2333 Ararat,
2148 2270 2293 2339 quod
2327 2265 2389 2319 D.
2422 2264 2788 2336 Hieronymus
2826 2262 2902 2315 ait
2957 2259 3270 2315 Armeniam
3304 2274 3424 2314 esse
3454 2275 3471 2312 :

1901 2369 2033 2417 sunt
2068 2367 2286 2414 montes
2309 2356 2601 2421 Armenia,
2622 2361 2673 2409 et
2695 2369 2821 2424 pars
2842 2351 3029 2416 Tauri,
3051 2353 3143 2422 qui
3165 2349 3314 2405 varia
3338 2348 3472 2403 locis

1899 2450 2131 2506 diversis
2158 2447 2381 2502 nomina
2409 2445 2642 2514 accepit.
2671 2442 3008 2513 Epiphanius
3038 2441 3092 2494 in
3116 2439 3352 2493 Panario
3374 2438 3472 2492 has

1899 2558 2090 2598 omnes
2121 2540 2405 2596 nominum
2440 2537 2787 2592 diversitates
2823 2533 3322 2598 conciliat,dicens,
3349 2538 3474 2606 post

1899 2636 2157 2693 diluvium
2185 2631 2717 2702 requievissejarcam
2750 2627 2863 2683 Noe
2895 2627 2949 2681 in
2971 2626 3247 2681 montibus
3273 2627 3471 2680 Ararat

1900 2728 2043 2801 (esse
2091 2723 2490 2797 Septuaginta),
2543 2721 2739 2776 mediis
2786 2723 2931 2774 inter
2976 2718 3362 2774 Armeniorum
3417 2724 3475 2770 et

1898 2822 2279 2892 Cardyaorum
2329 2815 2463 2871 lines
2509 2813 2653 2885 (esse
2695 2811 2980 2883 Vulgatam
3026 2810 3370 2878 versionem,
3419 2815 3474 2865 et

1897 2912 2132 2970 Chaldaei
2153 2905 2529 2981 paraphrasin)
2541 2946 2555 2972 ,
2572 2907 2625 2960 in
2644 2911 2827 2959 monte
2841 2903 3021 2958 Lubar
3038 2903 3324 2974 appellato,
3345 2914 3477 2957 ecce

1897 3006 2043 3078 quod
2082 3005 2453 3059 Damascenus
2485 2999 2744 3070 prodidit,
2778 2999 2836 3051 ὲν
2861 2999 2969 3061 τοῖς
3000 2996 3151 3067 ὄρεσι
3183 2997 3296 3059 τοῖς
3321 2996 3477 3065 Ἀρα-

1902 3097 2000 3171 ρᾶιτ
2053 3094 2323 3167 ἀναμέσον
2364 3091 2666 3163 Ἀρμενίων
2725 3089 2821 3143 καὶ
2862 3088 3218 3160 Καρδυαίων,
3280 3088 3337 3139 ἐν
3395 3084 3476 3153 τῷ

1902 3189 2119 3261 Λουϐὰρ
2148 3189 2262 3261 ὄρει
2289 3185 2624 3255 καλουμένῳ.
2652 3181 2951 3250 Procopius
2985 3200 3000 3235 :
3033 3180 3233 3252 Ararat
3270 3177 3474 3231 medius

1902 3283 2038 3335 inter
2071 3277 2395 3339 Armeniam,
2418 3284 2468 3328 et
2498 3271 2777 3325 Parthiam
2805 3268 3038 3322 excurrit
3079 3282 3256 3321 versus
3286 3266 3477 3318 Adra-

1904 3372 2150 3426 benorum
2182 3368 2461 3439 regionem.
2495 3362 2759 3434 Sibyllina
2784 3359 3003 3415 oracula
3039 3359 3133 3413 lib.
3171 3373 3223 3421 l,
3251 3371 3349 3426 pro
3373 3355 3477 3408 Ar-

1904 3464 2083 3520 menia
2112 3460 2402 3532 Phrygiam
2451 3455 2752 3512 obtrudunt
2785 3470 2800 3520 ;
2831 3453 3027 3507 falsum
3080 3450 3242 3520 plane
3268 3488 3282 3513 ,
3315 3453 3376 3501 ut
3421 3453 3479 3501 et

1904 3556 2036 3610 illud
2075 3553 2219 3625 quod
2265 3552 2447 3606 subdit
2492 3548 2687 3605 eadem
2727 3546 2965 3618 Sibylla,
3021 3559 3081 3600 se
3127 3557 3249 3597 cum
3280 3540 3494 3611 marito.

1907 3661 2007 3703 suo
2040 3645 2097 3700 in
2127 3658 2255 3698 arca
2288 3642 2554 3697 inclusam
2584 3637 2772 3693 fuisse.

1972 3779 2146 3843 Ibid.,
2192 3778 2289 3832 lin.
2329 3774 2379 3829 5.
2419 3772 2526 3828 Kal
2565 3771 2638 3826 τὰ
2679 3770 2961 3839 λείψανα.
3015 3766 3349 3837 Theophilus
3409 3762 3478 3818 ad

1906 3870 2242 3940 Autolycum,
2284 3867 2378 3922 lib.
2413 3881 2472 3918 tu
2507 3883 2520 3918 :
2553 3859 2660 3926 ’Ἦς
2693 3860 2922 3916 κιϐωτοῦ
2955 3859 3024 3913 τὰ
3057 3858 3283 3928 λείψανα
3316 3856 3478 3927 μέχρι

1906 3965 2007 4034 τῆς
2032 3964 2189 4032 δεῦρο
2211 3959 2481 4012 δείκνυται
2507 3951 2644 4009 εἶναι
2667 3957 2724 4007 ὲν
2751 3950 3151 4023 τοῖςἈραδίοις
3171 3949 3340 4021 ὄρεσι.
3370 3946 3478 4001 Ζο-

1907 4069 2091 4116 naras,
2113 4051 2230 4105 loco
2261 4050 2354 4105 d.:
2388 4046 2783 4116 Ἀποϐατήριον
2807 4043 2862 4096 δὲ
2892 4041 2982 4096 τὸν
3010 4041 3172 4093 τόπον
3201 4037 3480 4092 καλεῖσθαι

1906 4148 2017 4208 τοῖς
2048 4143 2352 4212 Ἀρμενίοις
2395 4141 2558 4210 φησὶν
2590 4136 2848 4207 Ἰώσηπος
2885 4134 2978 4186 καὶ
3015 4131 3241 4201 λείψανα
3265 4127 3480 4183 δείκνυ-

1911 4238 2033 4291 σθαι
2072 4239 2170 4307 τῆς
2217 4235 2484 4306 λάρνακος
2536 4232 2670 4283 ἐκεῖ.
2717 4228 2783 4281 Et
2827 4225 3099 4295 Iosephus
3142 4239 3209 4278 ex
3257 4221 3480 4276 Nicolao

1912 4317 2247 4384 Danissceno
2280 4344 2294 4380 :
2327 4327 2438 4379 Καὶ
2480 4323 2745 4385 Νικόλαος
2772 4321 2829 4374 δὲ
2877 4321 2906 4372 ὁ
2945 4315 3298 4389 Δαμασκηνὸς
3326 4316 3384 4368 ὲν
3410 4316 3478 4385 τῇ

1911 4419 2234 4488 ἐνενηκοστῇ
2265 4417 2359 4469 καὶ
2393 4413 2527 4486 ἕκτῃ
2568 4412 2732 4483 βίϐλῳ
2777 4410 2978 4481 ἱστορεῖ
3024 4407 3152 4480 περὶ
3185 4404 3362 4460 αὐτῶν
3394 4403 3481 4457 λέ-

237 4534 353 4572 cum
397 4516 489 4570 isti
548 4530 814 4569 mensores
868 4519 918 4566 et
965 4526 1209 4579 pensores
1246 4510 1611 4563 et'ementorum
1650 4525 1802 4579 aquai

1917 4526 2028 4580 γων
2073 4507 2276 4571 οὕτως’
2324 4508 2508 4559 Ἔστιν
2554 4503 2695 4575 ὑπὲρ
2732 4503 2830 4573 τὴν
2872 4500 3119 4554 Μινυάδα
3173 4498 3313 4569 μέγα
3357 4496 3495 4568 δροςί

241 4610 389 4665 terris
434 4607 737 4677 perhibeant
784 4608 1097 4673 superiores,
1144 4611 1297 4673 atque
1359 4602 1614 4657 leviores?
1668 4602 1809 4667 Quid

241 4704 409 4772 itaque
458 4701 683 4754 rationis
735 4700 983 4767 a/fcrunt,
1016 4712 1177 4766 quare
1218 4706 1358 4748 terra
1382 4696 1616 4764 gravior,
1654 4702 1702 4747 et
1730 4693 1814 4747 in-

240 4795 588 4865 feriorlocum
633 4792 747 4847 coeli
817 4789 1198 4860 tranquillioris
1256 4789 1506 4841 invaserit
1535 4803 1627 4855 per
1667 4786 1813 4839 volu-

244 4891 381 4943 mina
426 4896 499 4941 tot
534 4902 815 4948 annorum,
857 4893 907 4938 et
954 4899 1094 4952 aqua
1145 4882 1305 4934 levior
1334 4898 1396 4934 ac
1423 4882 1659 4948 superior
1707 4896 1812 4933 non

239 4981 492 5049 permissa
527 4981 595 5033 sit
634 4978 728 5031 hoc
764 4977 937 5047 [acere
966 4975 1157 5029 saltem
1198 4974 1266 5027 ad
1299 4987 1498 5043 tempus
1527 4974 1812 5043 exiguum?

242 5070 477 5124 Tandem
525 5068 761 5122 ridenda
816 5076 945 5122 sunt
986 5081 1142 5135 nuga
1188 5063 1611 5125 Mallumetana,
1691 5079 1811 5133 qua

244 5178 345 5216 non
381 5162 593 5224 dicunt,
620 5160 714 5215 scd
746 5160 1026 5213 insaniunt
1047 5199 1061 5220 ,
1094 5172 1276 5212 arcam
1301 5158 1657 5211 excrementis
1687 5171 1811 5224 gra-

241 5261 414 5309 vatam
448 5253 690 5322 periculo
720 5251 1019 5320 proximam
1060 5248 1260 5311 fuisse;
1298 5256 1625 5317 qliaproptcr
1673 5246 1806 5314 Noe,

240 5360 362 5401 cum
404 5344 473 5398 ad
516 5342 684 5397 Deum
731 5340 1089 5410 confugisset,
1133 5354 1459 5409 responsum
1492 5339 1719 5407 accepit,
1751 5346 1809 5391 ut

242 5445 457 5490 curaret
486 5434 837 5504 elephantum
862 5431 916 5484 in
940 5430 1143 5484 cloacis
1168 5430 1447 5483 hominum
1470 5445 1688 5499 egerere
1709 5443 1808 5481 sua

242 5542 503 5585 stercora.
559 5525 638 5580 Ex
706 5524 907 5596 quibus
973 5538 1068 5577 sus
1125 5519 1448 5591 pergrandis
1519 5528 1806 5590 generatus

242 5619 518 5678 immunda
561 5618 652 5672 illa
698 5614 996 5677 devoravit,
1031 5630 1095 5669 ex
1125 5614 1240 5669 suis
1267 5613 1438 5667 fetore
1486 5621 1805 5682 procreatus

252 5728 406 5768 sorex
438 5726 620 5766 arcam
652 5711 873 5773 arrosit,
909 5726 972 5765 ac
1003 5706 1317 5781 perforavit,
1347 5707 1421 5759 ita
1453 5713 1512 5760 ut
1541 5722 1679 5777 aqua
1708 5707 1806 5760 in—

251 5796 575 5876 grederetur.
622 5801 735 5859 Noe
785 5803 976 5876 majori
1013 5800 1252 5875 periculo
1283 5815 1313 5853 a
1350 5796 1460 5855 Deo
1496 5792 1561 5873 ut
1588 5802 1801 5858 leonem

1916 4602 2055 4656 κατὰ
2087 4602 2184 4672 τὴν
2216 4599 2506 4671 Ἀρμενίαν
2539 4597 2706 4667 Βάρις
2737 4594 3044 4664 λεγόμενον,
3080 4593 3160 4654 εἰς
3196 4591 3224 4642 ὃ
3257 4588 3482 4653 πολλοὺς

1917 4693 2298 4765 συμφυγόντας
2330 4693 2422 4744 ἐπὶ
2461 4688 2554 4742 τοῦ
2591 4686 2973 4757 κατακλυσμοῦ
3002 4685 3156 4753 λόγος
3187 4682 3298 4752 ἔχει
3327 4697 3483 4752 περι-

1916 4785 2170 4855 σωθῆναι,
2201 4784 2294 4837 καί
2322 4799 2444 4835 τινα
2490 4780 2583 4835 ἐπὶ
2620 4765 2888 4850 λάρνακος
2922 4775 3214 4847 ὀχούμενον
3256 4773 3348 4825 ἐπὶ
3382 4771 3484 4842 τὴν

1912 4881 2222 4954 ἀκρώρειαν
2272 4879 2513 4939 ὀκεῖλαι,
2546 4877 2640 4930 καὶ
2683 4876 2752 4930 τὰ
2792 4874 3019 4944 λείψανα
3042 4872 3149 4925 τῶν
3191 4869 3361 4937 ξύλων
3389 4870 3483 4924 ἐπὶ

1912 4976 2045 5029 πολὺ
2079 4973 2335 5043 σωθῆναι.
2373 4970 2587 5024 Γένοιτο
2614 4970 2659 5022 δ’
2693 4968 2757 5022 ἂν
2785 4962 2937 5030 οὗτος
2972 4967 3152 5019 ὅντινα
3195 4965 3291 5019 καὶ
3316 4964 3483 5029 Matii-

1913 5066 2010 5136 σῆς
2039 5064 2343 5135 ἀνέγραψεν
2373 5064 2400 5114 ὁ
2430 5061 2539 5115 τῶν
2567 5059 2835 5114 Ἰουδαίων
2864 5056 3180 5128 νομοθέτης.
3222 5053 3484 5108 Nicolaus

1913 5158 2199 5219 Salconus,
2226 5157 2323 5210 lib.
2345 5154 2552 5209 Hister.
2576 5161 2715 5221 part.
2744 5151 2976 5206 Orientis
3005 5166 3069 5205 ex
3097 5164 3192 5203 ore
3207 5144 3481 5217 llaytboni

1909 5252 2120 5307 ordinis
2172 5247 2710 5304 Pramonstratensis
2747 5243 2854 5300 ειη
2894 5242 3144 5298 Armenia
3197 5248 3277 5294 est
3319 5236 3481 5290 altior

1909 5361 2092 5406 mons,
2123 5343 2213 5412 qui
2260 5342 2330 5395 sit
2374 5341 2429 5394 in
2478 5349 2586 5393 toto
2634 5337 2756 5392 orbe
2804 5346 3088 5397 terrarum,
3118 5330 3207 5402 qui
3240 5325 3477 5381 Ararath

1908 5435 2058 5505 vulgo
2091 5442 2422 5501 nuncupatur
2440 5471 2455 5494 ,
2482 5440 2531 5485 et
2576 5431 2629 5483 in
2654 5429 2923 5483 cacumine
2954 5425 3101 5479 illius
3128 5418 3319 5475 montis
3347 5432 3476 5469 arca

1911 5525 2026 5580 Noe
2072 5533 2189 5594 post
2226 5524 2481 5578 diluvium
2504 5524 2674 5592 primo
2689 5522 2843 5583 sedit,
2863 5530 2912 5574 et
2941 5520 3057 5572 licet
3073 5522 3283 5583 propter
3304 5509 3482 5564 abun-'

1905 5616 2148 5670 dentiam
2179 5616 2396 5677 nivium,
2427 5632 2543 5685 qua:
2574 5630 2773 5683 semper
2795 5615 2855 5671 in
2888 5609 2981 5663 illo
3011 5613 3184 5661 monte
3204 5602 3474 5672 reperiun-

1907 5714 2023 5765 tur,
2058 5714 2165 5756 tam
2196 5703 2360 5758 [neme
2399 5722 2559 5775 quam
2609 5713 2822 5766 testate,
2858 5714 3005 5753 nemo
3028 5696 3162 5751 valet
3194 5694 3472 5749 ascendere

1906 5806 2129 5854 montem
2164 5797 2349 5868 illum,
2391 5815 2589 5871 semper
2639 5807 2808 5852 tamen
2848 5802 3064 5862 apparet
3105 5791 3157 5844 in
3210 5788 3349 5860 ejus'
3375 5804 3468 5842 ca—
