4064 6290
633 308 735 364 991

2007 315 2250 374 LEONIS
2299 315 2574 378 ALLATH

3808 323 3905 379 993

633 425 847 481 cumine
871 426 1134 499 quoddam
1166 428 1402 498 nigrum,
1430 432 1567 501 quod
1595 432 1659 486 ab
1685 434 1981 490 hominibus
2012 434 2206 489 dicitur
2233 436 2282 493 Α
2309 434 2566 492 tilicatum
2611 436 2811 504 Salem,
2851 453 2970 509 qua:
3007 437 3396 494 Melchisedech
3448 437 3901 498 administravit.

649 532 765 571 €888
784 532 932 570 arca.

697 606 817 662 Col.
841 607 962 670 755,
982 606 1080 662 lin.
1108 608 1162 665 6.
1184 608 1294 663 Καὶ
1319 608 1393 679 τῇ
1408 609 1713 679 ἀσφάλτῳ.
1733 611 1981 677 Albinus,
2005 611 2209 679 Quwst.

638 702 694 755 in
726 699 911 756 Cenes.
939 701 1006 755 de
1022 709 1216 756 natura
1236 690 1514 758 bituminis
1534 721 1547 756 :
1568 703 1809 758 Bitumen
1823 714 1900 760 est
1928 705 2214 774 ferventis-

640 794 834 846 simum
857 800 906 846 et
938 793 1371 849 uiolentissimum
1393 794 1592 864 gluten,
1612 796 1762 866 cujus
1781 807 1859 851 est
1885 798 1995 851 hinc
2024 800 2208 862 virtus,

640 891 699 937 ut
728 882 874 953 ligna
899 899 958 937 eo
990 884 1181 949 oblita,
1214 903 1306 940 nec
1337 887 1596 941 vermibus
1629 888 1812 953 exedi,
1841 906 1930 944 nec
1957 891 2083 944 solis
2107 907 2214 944 ar—

635 973 795 1038 dore,
847 991 938 1028 nec
978 976 1196 1045 flatibus
1247 987 1551 1045 ventorum,
1589 997 1680 1034 nec
1712 998 1969 1052 aquarum
2011 984 2212 1052 possint

635 1069 980 1125 inundatione
1012 1072 1251 1126 dissolvi.
1285 1072 1555 1143 Josephus
1588 1073 1769 1145 Antiq.
1804 1076 1900 1132 lib.
1938 1092 1976 1139 ι,
2012 1090 2130 1146 cap.
2155 1076 2208 1140 4,

634 1160 702 1214 de
730 1174 872 1214 arere
899 1161 1165 1215 bitumine
1197 1178 1262 1216 ex
1297 1162 1498 1218 Beroso
1528 1163 1777 1219 Chaldaeo
1798 1180 1811 1216 :
1836 1164 1941 1217 Τοῦ
1962 1165 2020 1218 δὲ
2052 1182 2216 1219 κατα-

635 1249 876 1321 κλυσμοῦ
911 1251 1098 1304 τούτου
1125 1254 1216 1306 καὶ
1258 1254 1356 1324 τῆς
1385 1254 1652 1325 λάρνακος
1680 1258 1980 1328 μέμνηνται
2007 1259 2209 1323 πάντες

631 1343 680 1394 oi
715 1341 813 1406 τὰς
843 1342 1183 1415 βαρϐαρικὰς
1224 1346 1460 1416 ἱστορίας
1503 1348 1941 1419 ἀναγράφοντες,
1980 1344 2054 1404 ὧν
2093 1352 2211 1403 ἐστι

550 1468 557 1475 -
631 1434 729 1488 καὶ
759 1437 1050 1507 Βηρωσσὸς
1084 1440 1112 1492 ὁ
1142 1438 1426 1503 Χαλδαῖος.
1460 1440 1824 1511 Διηγούμενος
1854 1442 1962 1515 γάρ
1990 1445 2057 1498 τὰ
2085 1446 2213 1517 περὶ

630 1526 722 1580 τὸν
749 1528 1132 1600 κατακλυσμὸν
1162 1531 1303 1585 οὕτω
1336 1549 1452 1594 πως
1499 1532 1734 1598 διέξεισι·
1768 1534 2000 1604 Λέγεται
2029 1537 2084 1590 δὲ
2118 1539 2212 1590 καὶ

630 1617 727 1670 τοῦ
762 1619 945 1673 πλοίου
978 1622 1035 1674 ἐν
1064 1625 1127 1694 τῇ
1156 1624 1421 1696 Ἀρμενίᾳ
1453 1625 1587 1697 πρὸς
1612 1627 1687 1698 τῷ
1714 1627 1829 1698 ὄρει
1857 1628 1965 1682 τῶν
1996 1631 2210 1702 Καρδυ-

630 1710 767 1765 αίων
811 1712 890 1765 ἔτι
935 1714 1101 1787 μέρος
1171 1733 1223 1768 τι
1261 1711 1439 1781 εἶναι,
1488 1719 1581 1771 καὶ
1634 1721 1879 1790 κομίζειν
1926 1721 2076 1786 τινὰς
2112 1724 2210 1794 τῆς

632 1800 906 1870 ἀσφάλτου
949 1804 1332 1876 ἀφαιροῦντας.
1368 1807 1623 1879 Χρῶνται
1672 1788 1731 1863 δὲ
1771 1812 2004 1881 μάλιστα
2040 1815 2091 1866 oi
2127 1788 2212 1868 ἄν·
2243 1788 2287 1847 Β

632 1895 840 1967 θρωποι
916 1897 995 1969 τῷ
1060 1899 1404 1972 κομιζομένῳ
1471 1902 1610 1974 πρὸς
1667 1904 1795 1967 τοὺς
1860 1906 2210 1976 ἀποτροπια-

633 1988 823 2058 σμούς.
838 1986 934 2043 His
946 2002 1008 2044 ex
1027 1988 1262 2061 Iosepho
1279 1993 1464 2048 subdit
1484 1995 1743 2049 nonnulla
1765 2011 1829 2050 ex
1847 1995 2093 2053 Abideno
2112 1998 2212 2052 Eu-

636 2079 753 2134 seb.
777 2078 855 2134 De
881 2095 1107 2150 prcepar.
1143 2101 1326 2154 evang.
1349 2125 1363 2147 .
1390 2085 1486 2142 lib.
1517 2103 1593 2151 ix,
1630 2086 1773 2142 inter
1800 2097 1995 2143 caetera
2017 2108 2029 2143 :
2052 2090 2125 2143 Τὸ
2151 2092 2208 2145 δὲ

628 2169 809 2226 πλοῖον
844 2174 903 2226 ὲν
944 2173 1206 2247 Ἀρμενίῃ
1255 2177 1532 2248 περίαπτα
1575 2178 1746 2245 ξύλων
1791 2179 2209 2253 ἀλεξιφάρμακα

627 2263 796 2315 τοῖσιν
829 2264 1168 2336 ὲπιχωρίοισι
1205 2266 1518 2338 παρείχετο.
1549 2268 1615 2323 Et
1649 2268 2034 2326 Chronicorum
2066 2283 2205 2344 part.

629 2367 669 2412 ι,
700 2368 767 2407 ex
802 2352 1113 2410 Alexandro
1147 2355 1493 2428 Polyhistore
1528 2378 1543 2414 :
1574 2358 1680 2413 Τοῦ
1719 2362 1775 2415 δὲ
1803 2362 1989 2416 πλοίου
2020 2363 2207 2418 τούτου

628 2448 1046 2514 κατακλιθέντος
1076 2452 1133 2503 ἐν
1158 2453 1225 2522 τῇ
1252 2451 1519 2523 Ἀρμενίᾳ.
1553 2453 1717 2525 μέρος
1746 2472 1796 2508 τι
1835 2452 1972 2511 εἶναι
2005 2458 2062 2510 ἐν
2096 2461 2209 2522 τοῖς

627 2539 988 2612 Κορκοραίοις
1030 2540 1170 2611 (lego
1222 2544 1565 2614 Κορδυαίοις)
1605 2545 1759 2617 ὄρεσι
1786 2547 1886 2619 τῆς
1918 2548 2208 2620 Ἀρμενίας

626 2624 916 2696 διαμένον,
954 2628 1048 2682 καί
1088 2646 1241 2694 τινας
1283 2632 1392 2685 ἀπὸ
1426 2631 1518 2686 τοῦ
1560 2633 1743 2688 πλοίου
1779 2638 2027 2709 κομίζειν
2072 2640 2207 2694 ἀπο-

630 2704 850 2783 ξύοντας
879 2720 1151 2790 ἄσφαλτον
1171 2737 1185 2750 ⁸
1217 2722 1451 2793 χρᾶσθαι
1477 2724 1534 2777 δὲ
1564 2726 1732 2797 αὐτὴν
1759 2704 1895 2799 πρδς
1922 2731 2049 2795 τοὺς
2078 2731 2210 2786 ἀπο-

631 2815 1025 2887 τροπιασμούς.
1073 2815 1168 2872 Ha:
1213 2827 1393 2874 autem
1428 2835 1569 2875 arcae
1603 2822 1849 2894 reliquiae
1870 2866 1886 2892 ,
1919 2835 1980 2881 ut
2026 2828 2209 2887 videre

631 2915 719 2960 est
750 2922 815 2961 ex
844 2905 1083 2978 Josepho
1106 2949 1123 2974 ,
1173 2926 1293 2981 quae
1327 2910 1395 2966 ad
1437 2928 1535 2969 sua
1568 2920 1811 2988 tempora
1841 2919 2209 2990 perdurarunt

633 3013 732 3068 per
762 3015 936 3056 annos
966 3003 1200 3072 amplius
1226 3003 1311 3060 bis
1345 3006 1524 3076 mille,
1556 3023 1624 3063 an
1661 3010 1859 3067 virtute
1901 3013 2205 3082 bituminis,

631 3088 702 3144 de
731 3105 840 3160 quo
884 3092 1038 3160 plura
1068 3090 1300 3158 Plinius,
1335 3095 1428 3152 lib.
1474 3113 1640 3162 xxxv,
1672 3114 1791 3169 cap.
1827 3100 1916 3170 15,
1942 3111 1996 3159 et
2021 3121 2088 3160 ex
2114 3105 2209 3161 Al—

630 3180 763 3235 bino
790 3179 1050 3240 Rabanus
1084 3184 1363 3242 :Bitumen
1391 3198 1470 3244 est
1498 3190 1963 3262 feruentissimum,
2002 3206 2052 3251 et
2087 3199 2212 3252 oio-

632 3273 984 3330 lentissimum
1021 3277 1201 3348 gluten
1226 3319 1241 3344 ,
1273 3281 1423 3352 cujus
1456 3283 1567 3338 Iuec
1616 3294 1695 3340 est
1738 3287 1939 3353 virtus,
1973 3299 2033 3344 ut
2067 3291 2213 3363 ligna

629 3383 750 3438 qua:
779 3386 839 3424 eo
872 3370 1037 3424 oblita
1070 3372 1291 3443 fuerint,
1333 3392 1425 3429 nec
1472 3377 1733 3433 vermibus
1761 3379 1931 3447 exedi,
1969 3400 2058 3438 nec
2083 3387 2211 3441 solis

629 3457 840 3523 ardore,
877 3477 968 3514 nec
1012 3471 1282 3517 ventorum
1317 3465 1557 3534 ﬂatibus,
1586 3484 1679 3522 nec
1710 3486 1974 3540 aquarum
2003 3477 2209 3544 possint

628 3549 878 3604 violentia
905 3550 1163 3619 dissolvi;
1194 3569 1264 3610 an
1315 3556 1390 3612 ita
1431 3556 1543 3613 Deo
1590 3559 1919 3631 disponente
1941 3602 1958 3629 ,
1988 3565 2131 3635 quod
2157 3576 2212 3623 et

631 3642 835 3708 verius,
862 3651 922 3698 ut
947 3647 1207 3704 mortales
1240 3657 1525 3717 aeternum,
1558 3658 1618 3707 ut
1647 3654 1721 3708 ita
1757 3655 1961 3724 dicam,
1983 3657 2211 3729 jus‘titia:

628 3730 848 3800 divinae,
880 3749 981 3790 nec
1028 3751 1137 3792 non
1183 3745 1237 3793 et
1279 3739 1669 3798 misericordiae
1698 3759 1811 3815 prae
1838 3746 2013 3804 oculis
2039 3748 2210 3806 habe-

629 3830 753 3878 rent
782 3826 1222 3883 monimentum?

696 3913 834 3969 lbid.
859 3954 876 3979 ,
920 3915 1018 3970 lin.
1055 3915 1109 3971 8.
1153 3917 1206 3971 '0
1247 3918 1317 3973 δὲ
1360 3920 1489 3977 Νῶε
1531 3920 2212 3994 ἐτελεύτησεν-,Ρεειιὰο-

628 4003 866 4061 Berosus
887 4006 1173 4066 Annianus
1219 4010 1314 4069 lib.
1344 4028 1432 4093 ιιι,
1457 4016 1628 4071 multa
1644 4015 1712 4073 de
1745 4017 1858 4076 Noe
1876 4022 1909 4088 ,'
1927 4029 1984 4077 et
2002 4022 2071 4079 iis
2095 4039 2216 4093 quae

629 4097 748 4166 ipse
763 4105 888 4168 post
921 4100 1185 4158 diluvium
1214 4106 1405 4175 gessit,
1441 4106 1576 4164 ﬁdes
1608 4110 1680 4165 sit
1711 4127 1877 4182 penes
1910 4122 2210 4173 auctorem.

698 4185 860 4280 lbid.,
893 4191 988 4247 lin.
1027 4194 1081 4249 9.
1113 4196 1224 4250 Kal
1255 4196 1370 4251 υἱοί
1423 4199 1632 4254 αὐτοῦ.
1673 4200 2024 4263 Hebraeorum
2049 4209 2216 4280 pleri-

630 4293 738 4348 que
770 4279 1003 4348 docent,
1034 4283 1230 4354 Japhet
1273 4288 1450 4357 primo
1498 4290 1619 4346 loco
1649 4308 1680 4347 a
1712 4293 1827 4352 Noe
1864 4296 2038 4356 fuisse
2051 4279 2215 4373 geni-

633 4379 749 4426 tum
769 4413 785 4438 ,
810 4372 981 4429 Cham
1014 4378 1257 4433 secundo
1277 4418 1291 4443 ,
1325 4377 1452 4435 Sem
1491 4384 1736 4440 omnium
1764 4372 2215 4458 postremo.iAu-

2380 525 2538 593 lbid.,
2567 528 2664 583 lin.
2695 529 2782 583 €22.
2818 528 3051 596 Νεόρὼθ
3082 529 3315 584 ἔπειθεν
3341 533 3397 584 ό.
3430 528 3730 601 Iosephus
3756 571 3775 593 ,
3811 532 3899 602 lib.

2310 634 2328 672 ι
2365 619 2648 689 Antiquit.,
2675 635 2796 690 cap.
2828 620 2862 674 5
2894 640 2908 675 :
2939 620 3133 693 Ἐξῆρε
3157 621 3215 675 δὲ
3243 621 3439 685 αὐτοὺς
3463 621 3612 694 πρός
3637 638 3709 675 τε
3749 621 3898 697 ὓϐριν

2309 710 2402 764 τοῦ
2435 711 2590 775 Θεοῦ,
2630 713 2724 765 καί
2761 714 3159 785 καταφρόνησιν
3196 713 3521 785 Νεϐρώδης,
3569 713 3663 779 ὡς
3705 717 3894 783 υἱωνὸς

2313 802 2411 873 μὲν
2452 801 2526 855 ὢν
2571 804 2760 875 Χάμου
2805 803 2896 858 τοῦ
2937 804 3126 877 Νώχου
3145 824 3158 836 ·
3201 805 3472 878 τολμηρὸς
3507 808 3568 861 δὲ
3610 809 3722 862 καὶ
3765 812 3892 865 κατὰ

2310 897 2468 966 χεῖρα
2495 899 2757 963 γενναῖος,
2783 896 2994 952 ἔπειθεν
3018 899 3214 962 αὐτοὺς
3240 898 3315 970 μὴ
3338 899 3415 970 τῷ
3436 900 3553 972 Θεῷ
3594 900 3808 956 διδόναι
3837 880 3892 959 τί

2310 986 2375 1039 δι’
2395 987 2604 1064 ἐκεῖνον
2626 987 2976 1059 εὐδαιμονεῖν,
3010 989 3144 1044 ἀλλά
3169 991 3267 1061 τὴν
3302 990 3438 1044 ίδίαν
3468 993 3687 1064 ἀρετὴν
3728 995 3893 1049 ταῦτα

2312 1058 2570 1149 παρέχειν
2597 1058 3058 1149 αὐτοῖςήγεῖσθαι.
3080 1058 3344 1151 Περίιστα
3368 1082 3425 1136 δὲ
3448 1058 3571 1137 κατ’
3602 1058 3791 1153 ὀλίγον
3814 1090 3878 1152 εί,

2310 1168 2596 1240 τυραννίδα
2622 1169 2691 1223 τὰ
2719 1170 3037 1241 πράγματα,
3073 1171 3249 1241 μόνως
3277 1171 3420 1226 οὕτω
3473 1175 3727 1245 νομίζων
3760 1178 3876 1231 ἀπο·

2313 1261 2528 1331 στήσειν
2555 1263 2682 1325 τοὺς
2707 1263 3023 1335 ἀνθρώπους
3053 1266 3203 1337 παρά
3230 1265 3324 1319 τοῦ
3347 1266 3505 1331 Θεοῦ,
3531 1269 3586 1321 εἰ
3614 1269 3874 1340 χρώμενοι

2309 1354 2374 1422 τῇ
2400 1351 2562 1405 αὐτοῦ
2591 1353 2814 1425 δυνάμει
2843 1354 3148 1410 διατελεῖεν.
3169 1357 3515 1428 Ἀμυνεῖσθαί
3544 1376 3610 1412 τε
3637 1360 3730 1413 τὸν
3756 1362 3872 1417 Θεὸν

2311 1440 2471 1494 πάλιν
2528 1443 2741 1513 ἠπείλει
2791 1442 2889 1515 τὴν
2949 1446 3050 1517 γῆν
3105 1447 3501 1503 ὲπικλύσασθαι
3554 1450 3863 1522 θελήσαντα·

2317 1531 2520 1617 πύργον
2561 1536 2667 1606 γὰρ
2708 1536 3077 1609 οἰκοδομήσειν
3121 1538 3484 1611 ὑψηλότερον,
3533 1541 3567 1612 ἦ
3623 1543 3687 1597 τὸ
3738 1544 3864 1618 ὕδωρ

2308 1615 2572 1697 ἀναϐῆναι
2617 1625 2904 1698 δυνηθείη·
2953 1629 3369 1698 μετελεύσεσθαι
3408 1632 3467 1686 δὲ
3528 1635 3621 1688 καὶ
3646 1636 3742 1707 τῆς
3763 1615 3859 1693 τῶν

2312 1716 2589 1786 προγόνων
2612 1716 2902 1782 ἀπωλείας.
2937 1718 3054 1774 Non
3095 1722 3378 1777 dissimilia
3411 1734 3596 1780 narrat
3625 1727 3774 1800 [iugo
3799 1731 3858 1787 de

2317 1804 2519 1861 Sancto
2565 1807 2782 1864 Victore
2829 1810 3025 1866 Annot.
3073 1813 3127 1867 in
3161 1811 3347 1870 Cenes.
3392 1825 3449 1871 et
3492 1816 3847 1892 Hieronymus,

2320 1895 2713 1953 Traditionibus
2750 1897 2908 1954 Hebr.
2939 1902 2995 1955 in
3011 1899 3252 1959 Genesin.
3276 1904 3524 1970 Nemrod,
3549 1909 3735 1979 inquit,
3763 1930 3850 1966 ar-

2315 1988 2477 2056 ripuit
2504 1989 2761 2044 insuetum
2788 1993 2990 2060 primus
3019 1995 3074 2048 in
3102 1996 3295 2065 populo
3327 1999 3626 2067 tyrannidem
3653 2019 3838 2073 regna-

2315 2083 2485 2152 vitque
2521 2082 2576 2136 in
2618 2082 2920 2155 Babylone,
2963 2103 3079 2157 quas
3112 2087 3177 2141 ab
3228 2106 3287 2143 eo
3310 2129 3326 2154 ,
3377 2091 3498 2160 quod
3521 2091 3584 2145 ibi
3610 2096 3830 2164 confusa:

2315 2183 2435 2228 sunt
2465 2174 2677 2244 linguae,
2701 2178 2862 2231 turris
2888 2177 3266 2237 adiﬁcantium
3295 2181 3461 2235 Babel
3485 2184 3703 2251 appellata
3724 2198 3814 2242 est.

2318 2262 2622 2320 Methodius
2644 2265 2721 2319 ait
2747 2266 2890 2322 hunc
2924 2268 3091 2325 fuisse
3124 2280 3373 2341 nepotem
3405 2272 3527 2329 Sem
3549 2277 3698 2348 ιιιρὸς
3713 2278 3815 2333 τοῦ·

2314 2370 2404 2407 τον
2431 2354 2665 2425 κατῆλθε
2708 2354 2959 2427 Νεϐρὼδ,
2988 2357 3082 2411 καὶ
3109 2359 3417 2425 παιδευθεὶς
3453 2364 3574 2433 παρ’
3599 2364 3733 2416 αὑτοῦ
3757 2366 3823 2419 εῖ-

2315 2445 2451 2518 ληφε
2480 2445 2672 2518 βουλὴν
2702 2448 2787 2518 ἐφ’
2811 2442 2855 2517 ᾧ
2890 2449 3202 2520 βασιλεῦσαι
3232 2453 3410 2508 αὐτόν.
3447 2450 3605 2518 Οὗτος
3630 2455 3681 2509 δὲ
3707 2457 3833 2512 6N3-

2315 2538 2461 2611 ϐρὼδ
2520 2539 2747 2610 ἀδελφὸς
2801 2542 2909 2597 τῶν
2972 2544 3166 2617 ἡρώων
3213 2545 3476 2618 ἐτύγχανε
3522 2547 3627 2602 τῶν
3663 2548 3835 2603 τέκνων

2314 2631 2409 2686 τοῦ
2449 2633 2588 2704 Σήμ.
2627 2634 2737 2688 Καὶ
2775 2635 2935 2702 αὐτὸς
2975 2638 3191 2710 πρῶτος
3238 2640 3582 2696 ἐϐασίλευσεν
3625 2644 3710 2696 ἐπὶ
3756 2643 3837 2712 τῆς

2314 2725 2436 2797 γῆς.
2467 2723 2622 2792 Quod
2673 2724 2871 2783 falsum
2916 2744 3040 2786 esse
3065 2732 3229 2787 verba
3270 2732 3472 2805 Moysis
3521 2735 3835 2801 convincunt,

2314 2832 2436 2888 quae
2455 2832 2579 2872 eum
2601 2816 2806 2874 faciunt
2829 2829 3076 2891 nepotem
3103 2822 3292 2879 Chami
3309 2844 3327 2880 :
3347 2824 3481 2880 Filii
3500 2826 3681 2893 Cham,
3706 2825 3836 2893 Class,

2315 2908 2600 2975 Mesraim,
2644 2909 2819 2979 Phut,
2858 2921 2910 2968 et
2951 2912 3241 2970 Chanaam.
3291 2916 3465 2973 Porro
3518 2916 3656 2975 Chiis
3697 2919 3839 2990 genuit

2317 3000 2574 3060 Nemrad.
2601 3003 3042 3078 EtAuguslinus,
3067 3009 3162 3064 lib.
3195 3025 3286 3065 xv:
3319 3010 3398 3066 De
3423 3013 3567 3068 civit.
3592 3012 3714 3077 Dei,
3741 3028 3835 3083 cap.

2314 3093 2349 3148 4
2380 3111 2396 3149 :
2439 3094 2587 3152 Unde
2613 3097 2899 3169 colligitur,
2944 3099 3205 3170 gigantem
3245 3102 3397 3157 illum
3428 3103 3687 3159 Nemroth
3710 3105 3838 3172 fuisse

2311 3185 2458 3242 illius
2486 3189 2829 3259 conditorem,
2852 3191 2990 3263 quod
3019 3195 3258 3262 superius
3293 3195 3507 3251 breviter
3532 3197 3725 3266 fuerat!
3742 3198 3831 3251 isti-

2313 3288 2514 3334 matum
2539 3321 2554 3345 ,
2590 3280 2681 3336 ubi
2726 3299 2844 3337 cum
2884 3282 2949 3338 de
2980 3284 3074 3338 illo
3116 3287 3389 3356 Scriptura
3414 3289 3738 3360 loquérhur,
3760 3291 3831 3353 ait,

2310 3371 2520 3426 initium
2547 3375 2693 3443 regni
2717 3374 2831 3445 ejus
2858 3375 2959 3445 fuit
2990 3376 3233 3448 Babylon
3257 3378 3300 3412 “
3320 3421 3336 3446 ,
3372 3380 3429 3434 id
3458 3390 3556 3445 est,
3582 3399 3696 3452 quc
3725 3382 3834 3436 cisi-

2314 3470 2483 3515 tatum
2510 3472 2820 3519 ceterarum
2852 3477 3048 3537 gereret
3074 3469 3446 3537 principatum,
3477 3470 3570 3526 ubi
3598 3482 3725 3527 esset
3747 3480 3834 3526 tas-

2311 3568 2469 3623 quam
2505 3554 2560 3608 in
2590 3556 2863 3626 metropoli
2899 3556 3257 3613 habitaculum
3289 3562 3463 3632 regni,
3486 3564 3718 3633 quamvis
3746 3578 3835 3631 per-

2313 3643 2453 3713 fecta
2482 3660 2587 3699 non
2615 3645 2774 3714 fuerit
2802 3663 2964 3720 usque
3011 3648 3068 3702 in
3102 3657 3303 3704 tantum
3332 3652 3572 3717 modum,
3621 3663 3834 3724 quantum

2312 3736 2535 3807 superba
2556 3739 2819 3810 cogitabat
2839 3740 3101 3805 impietas.
3124 3741 3187 3795 Et
3212 3741 3470 3800 inferius:
3497 3742 3835 3817 Erigebatergo

2312 3845 2431 3884 cum
2473 3831 2583 3887 suis
2617 3831 2822 3901 populis
2872 3841 3067 3887 turrem
3107 3845 3291 3889 contra
3320 3834 3638 3901 Dominum,
3670 3854 3760 3908 qua
3781 3847 3836 3892 est

2313 3920 2477 3991 impia
2504 3924 2805 3993 signiﬁcata
2835 3927 3100 3993 superbia.
3137 3925 3301 3983 Plura
3321 3928 3387 3984 de
3417 3929 3519 3986 hac
3550 3931 3713 3987 turris
3736 3928 3838 3985 mdi-

2314 4011 2564 4070 ﬁcatione
2610 4030 2709 4087 per
2756 4014 3104 4074 Nemrotbem
3151 4019 3320 4077 habes
3371 4022 3513 4092 apud
3557 4023 3834 4079 historicos.

2313 4104 2487 4159 Aliter
2509 4114 2689 4161 tamen
2713 4107 2887 4163 sensit
2908 4107 3225 4176 Caietanus,
3247 4125 3370 4166 cum
3400 4119 3563 4184 negat
3599 4121 3836 4168 auctorem

2315 4195 2479 4268 hujus
2509 4200 2678 4255 turris
2708 4200 2879 4258 fuisse
2909 4199 3169 4258 Nemroth
3191 4218 3215 4269 ,'
3236 4205 3486 4276 quamvis
3506 4206 3624 4276 jam
3657 4206 3838 4262 inchoa-

2313 4295 2383 4344 tae
2418 4298 2543 4360 post
2570 4290 2945 4349 confusionem
2993 4293 3298 4365 linguarum
3334 4306 3735 4369 occupatorem.
3759 4295 3838 4351 Ne-

2316 4397 2421 4451 que
2450 4381 2733 4449 Nemroth,
2764 4384 2970 4455 inquit,
3005 4401 3180 4457 neque
3201 4388 3435 4458 aliquem
3458 4398 3670 4445 certum
3702 4386 3840 4443 homi-

633 4464 920 4533 gustinus,
957 4466 1050 4522 lib.
1084 4483 1174 4522 im
1209 4467 1287 4524 De
1330 4471 1539 4525 civitate
1568 4472 1702 4543 Dei,
1746 4480 1959 4550 (δαμῇ,
2011 4481 2211 4555 Japhet
2240 4489 2286 4547 υ
2315 4490 2438 4529 nem
2468 4484 2746 4532 auctorem
2777 4476 2951 4535 fuisse
2999 4479 3145 4535 illius
3172 4479 3391 4536 fabricae
3415 4482 3662 4537 declarat
3682 4482 3840 4537 exhor-

636 4559 926 4615 minimum
957 4568 1135 4632 putat,
1170 4561 1295 4619 Sem
1331 4566 1652 4622 maximum.

705 4651 866 4718 lbid.,
896 4652 993 4707 lin.
1014 4652 1101 4707 12.
1131 4653 1276 4708 Ἀπὸ
1304 4654 1409 4709 τοῦ
1441 4655 1643 4735 ὄρους.
1672 4657 1786 4716 Noe
1817 4662 1985 4731 enim,
2009 4673 2063 4722 et
2094 4666 2210 4737 lilii,

634 4743 847 4800 relictis
899 4746 1182 4804 montibus
1218 4748 1491 4805 Armenia:
1536 4761 1660 4822 post
1701 4751 2000 4824 diluvium,
2054 4768 2249 4818 terrae

634 4836 920 4905 planitiem
962 4849 1366 4912 assequuntur,
1396 4842 1608 4915 fuitque
1650 4847 1825 4919 prima
1868 4849 2131 4909 habitatio
2157 4856 2211 4912 in

636 4933 782 4980 terra
812 4925 1095 4995 Sennaar,
1126 4946 1237 5002 quo
1263 4932 1319 4987 in
1365 4933 1485 4989 loco
1524 4943 1716 5005 postea
1762 4938 2005 5013 Babylon
2043 4945 2214 5001 aedili—

634 5027 756 5073 cata
805 5019 927 5076 fuit.
946 5022 1216 5079 Eusebius
1238 5063 1254 5090 ,
1286 5033 1430 5095 part.
1466 5041 1483 5080 1
1516 5025 1761 5084 Chronic.
1794 5046 1865 5088 ex
1902 5032 2213 5095 Alexandro

633 5112 976 5187 Polyhistore
1012 5119 1337 5188 ιἘλθόντας
1382 5120 1476 5180 οὖν
1525 5126 1761 5194 τούτους
1791 5132 1875 5196 είς
1918 5133 2212 5191 Βαϐυλῶνα

631 5206 705 5259 τά
729 5223 790 5260 τε
820 5209 885 5261 ὲκ
912 5210 1210 5283 Σιππάρων
1238 5214 1543 5286 γράμματα
1585 5220 1875 5293 ἀνορύξαι,
1909 5228 2002 5280 καὶ
2030 5228 2210 5294 πόλεις

634 5299 834 5364 πολλὰς
879 5303 1196 5369 κτίζοντας,
1237 5306 1332 5361 καὶ
1381 5308 1501 5380 ίερά
1542 5311 2005 5387 ἀνιδρυσαμένους
2045 5321 2211 5376 πάλαι

633 5391 910 5448 δπικτίσαι
953 5395 1054 5467 τὴν
1076 5396 1393 5453 Βαϐυλῶνα.
1425 5398 1634 5457 Hebraei
1669 5416 1959 5474 asserunt,
2001 5410 2115 5470 Noe
2144 5431 2210 5471 ex

634 5481 893 5572 Armenia
922 5487 1154 5544 rediisse
1180 5488 1237 5544 in
1265 5496 1507 5547 veterem
1539 5496 1768 5564 patriam
1790 5541 1803 5564 ,
1854 5499 1906 5555 id
1939 5510 2023 5558 est
2047 5544 2062 5571 ,
2091 5507 2209 5562 loca

637 5574 904 5636 Damasco
943 5581 1123 5639 vicina
1148 5624 1163 5652 ,
1191 5584 1285 5642 ubi
1326 5587 1620 5644 constituit
1673 5605 1897 5663 regnum
1926 5636 1940 5661 ,
1973 5605 2027 5655 et
2074 5617 2211 5672 pon»

711 5737 756 5769 ἰ
780 5737 917 5796 Gen.
945 5758 1000 5812 x,
1035 5745 1121 5803 lo.

2314 4567 2468 4632 tatio,
2498 4574 2553 4623 et
2582 4568 2830 4625 incitatio
2860 4570 3122 4626 attributa
3154 4588 3289 4644 vage
3313 4580 3368 4628 et
3398 4571 3682 4630 indeﬁnite
3707 4571 3841 4628 homi-

2313 4662 2497 4721 nibus,
2528 4669 2590 4715 ut
2620 4661 3001 4735 intelligamus
3020 4665 3182 4729 hinc,
3218 4666 3363 4736 quod
3392 4665 3656 4722 Nemroth
3684 4667 3839 4722 civita-

2313 4754 2419 4801 tem
2437 4747 2742 4820 Babyloniae
2760 4751 3093 4819 inchoatam,
3109 4756 3384 4810 communi
3412 4766 3556 4821 voto,
3575 4764 3634 4813 et
3657 4763 3837 4816 conatu.

2313 4838 2435 4909 past
2467 4839 2838 4899 confusionem
2881 4844 3190 4916 linguarum
3234 4848 3765 4920 ipsemecupaverit,
3802 4854 3840 4902 et

2314 4928 2510 4985 ibidem
2541 4947 2769 5004 regnare
2793 4935 3041 5006 cmperit.

2384 5061 2541 5129 lbid.,
2563 5066 2660 5121 lin.
2691 5067 2782 5123 25.
2810 5069 2918 5123 Kal
2945 5068 3022 5139 δὴ
3055 5070 3304 5142 πύργον.
3336 5071 3413 5129 De
3441 5072 3544 5129 hac
3572 5075 3707 5130 turri
3729 5070 3842 5141 Aby-

2311 5154 2484 5239 denus
2517 5160 2657 5228 apud
2688 5159 2980 5215 Eusebium
3000 5203 3016 5228 ,
3052 5163 3129 5217 De
3169 5176 3458 5234 prazparat.
3497 5156 3751 5239 evangel.,
3768 5164 3836 5220 lib.

2313 5230 2568 5303 κί’Ἐντὶ
2592 5248 2636 5301 δ’
2659 5249 2707 5302 οἳ
2739 5249 2954 5319 λέγουσι
2980 5254 3105 5317 τοὺς
3120 5230 3369 5326 πρώτους
3398 5258 3462 5311 ὲκ
3494 5259 3597 5329 γῆς
3629 5230 3839 5326 ἀνασχόν-

2310 5353 2429 5400 τας,
2463 5336 2622 5412 ῥώμῃ
2648 5357 2706 5392 τε
2737 5340 2830 5394 καὶ
2857 5342 3072 5412 μεγέθει
3102 5345 3499 5415 χαυνωθέντας,
3526 5350 3620 5406 καὶ
3644 5350 3704 5420 δὴ
3733 5344 3839 5400 θεῶν

2312 5433 2857 5501 καταφρονήσαντας,
2902 5435 3188 5506 ἀμείνονας
3237 5434 3374 5492 εἶναι
3429 5440 3651 5514 πύργων
3684 5439 3839 5510 τύρσιν

2310 5517 2562 5588 ἠλίϐατον
2598 5520 2833 5593 ἀείρειν,
2880 5523 2965 5578 ἵνα
3011 5524 3107 5581 νῦν
3150 5527 3404 5584 Βαϐυλῶν
3454 5530 3622 5597 ἔστιν,
3680 5531 3766 5603 ἤδη
3791 5544 3839 5579 τε

2311 5606 2478 5664 ἆσσον
2520 5606 2657 5667 εἶναι
2696 5612 2786 5667 τοῦ
2828 5615 3092 5687 ούρανοῦ,
3127 5620 3221 5674 καὶ
3268 5622 3392 5686 τοὺς
3431 5622 3662 5695 ἀνέμους
3701 5618 3840 5677 θεοῖσι
