4064 6290
217 379 324 433 993

218 585 362 657 δῆτα
415 587 644 657 ἐρείπια
676 587 926 655 λέγεσθαι
978 585 1287 639 Βαϐυλῶνα.
1323 580 1622 636 Alexander
1650 578 1808 650 Poly-

221 678 411 734 histor
438 695 510 734 ex
540 680 838 751 Eupolemo
857 698 870 733 :
892 676 1200 747 Εὐπόλεμος
1227 677 1283 729 δὲ
1316 678 1372 728 ὲν
1405 673 1482 744 τῷ
1511 673 1641 743 περὶ
1677 671 1806 724 Ἰου-

218 771 395 824 δαίων
435 772 542 842 τῆς
587 770 878 840 Ἀσσυρίας
917 769 1048 838 φησι
1093 767 1241 820 πόλιν
1271 764 1562 820 Βαϐυλῶνα
1595 762 1807 834 πρῶτον

226 863 331 933 μὲν
354 863 652 935 κτισθῆναι
679 864 782 916 ὑπὸ
795 863 900 916 τῶν
930 859 1296 914 διασωθέντων
1327 860 1391 910 ὲκ
1421 857 1514 910 τοῦ
1541 856 1809 910 κατακλυ-

226 953 396 1024 σμοῦ,
451 951 597 1008 εἶναι
643 954 699 1007 δὲ
733 954 926 1016 αὐτοὺς
961 953 1248 1020 γίγαντας,
1293 947 1592 1017 οἰκοδομεῖν
1625 946 1681 998 δὲ
1718 945 1808 998 τὸν

227 1046 628 1118 ἱστορούμενον
653 1046 875 1118 πύργον.
899 1045 1158 1106 Πεσόντος
1183 1042 1238 1095 δὲ
1262 1040 1447 1092 τούτου
1469 1039 1571 1091 ὑπὸ
1592 1038 1692 1108 τῆς
1712 1035 1807 1089 τοῦ

227 1137 370 1190 Θεοῦ
402 1139 710 1211 ἐνεργείας,
735 1139 861 1200 τοὺς
887 1136 1142 1204 γίγαντας
1157 1133 1510 1204 διασπαρῆναι
1541 1130 1660 1184 καθ’
1683 1130 1807 1200 ὃλην

227 1229 332 1301 τὴν
348 1231 480 1302 γῆν.
509 1230 666 1286 Dictu
692 1231 826 1284 mira
860 1227 1038 1298 prodit
1062 1226 1421 1297 Hieronymus
1446 1225 1501 1278 in
1533 1239 1624 1278 xw
1645 1229 1808 1294 caput

230 1321 420 1378 Esaia:
473 1324 545 1380 de
594 1321 882 1377 altitudine
926 1320 1090 1390 hujus
1138 1320 1306 1374 turris
1355 1317 1424 1372 ad
1487 1317 1804 1372 miraculum

233 1431 444 1485 usque,
473 1431 635 1486 quem
665 1415 803 1470 vide.

306 1508 433 1561 Col.
463 1509 590 1574 753,
627 1507 720 1562 lin.
747 1505 838 1560 26.
877 1505 1164 1559 Ἀπειλῶν
1185 1503 1290 1557 τὸν
1323 1503 1488 1557 Θεόν.
1529 1499 1674 1566 Ideo,
1707 1499 1802 1564 ait,

235 1601 366 1656 illus
397 1601 650 1654 homines
676 1597 867 1653 turrim
894 1596 1209 1660 aediﬁcasse,
1231 1604 1288 1649 ut
1310 1602 1498 1649 contra
1519 1593 1801 1654 diluvium,

235 1694 412 1745 etiam
447 1692 559 1747 Deo
582 1692 817 1753 nolente,
864 1689 967 1745 sibi
1021 1689 1389 1743 consulerent.
1421 1685 1618 1740 Eadem
1647 1685 1804 1740 Joseo

238 1783 410 1852 phus,
443 1784 538 1838 lib.
571 1799 586 1837 ι
632 1782 913 1851 Antiquit.,
937 1781 1092 1850 cujus
1121 1780 1284 1834 verba
1314 1794 1478 1850 supra
1502 1779 1800 1849 posuimus.

238 1875 614 1946 Augustinus,
675 1873 768 1928 lib.
812 1889 898 1928 xvr
943 1873 1018 1927 De
1055 1874 1263 1927 civitate
1305 1872 1422 1940 Dei,
1452 1887 1574 1944 cap.
1620 1873 1674 1938 4,
1713 1891 1808 1929 ve-

239 1983 378 2024 sana
437 1969 518 2023 ait
547 1968 777 2038 quadam
809 1967 972 2020 animi
1023 1965 1277 2029 elatione,
1309 1981 1372 2019 ac
1419 1965 1726 2029 insolentia,
1756 1973 1808 2021 et

240 2049 517 2114 adversus
554 2059 722 2112 Deum
766 2058 1039 2128 impietate
1063 2055 1322 2112 Nemroth
1359 2056 1491 2111 illud
1521 2056 1807 2111 aedilicium

237 2153 608 2218 exstruxisse,
633 2158 693 2206 ut
721 2158 911 2204 contra
941 2148 1109 2204 Deum
1141 2149 1245 2204 sibi
1273 2157 1488 2219 pararet
1512 2164 1812 2220 propugna-

237 2243 456 2306 culum,
485 2243 746 2312 illumque
775 2243 1203 2312 quotiescunque
1230 2239 1480 2295 libuisset
1509 2239 1808 2303 infestaret,

239 2345 413 2404 atque
440 2333 759 2399 oll‘enderet,
791 2333 1035 2388 aliialias
1062 2333 1336 2387 adducunt
1368 2346 1585 2388 causas.
1616 2330 1812 2386 Noster

241 2425 578 2481 Eustathius
612 2434 920 2496 utramque,
953 2436 1009 2481 et
1027 2424 1269 2497 Iosephi,
1300 2435 1352 2479 et
1375 2423 1660 2496 Augustini
1687 2441 1816 2480 con-

240 2517 456 2586 junxit,
489 2525 542 2572 et
585 2518 742 2588 quasi
790 2533 950 2571 unam
981 2519 1258 2588 exposuit;
1307 2533 1409 2573 nec
1448 2517 1696 2572 homines
1735 2517 1811 2572 illi

247 2608 402 2661 aliud
423 2609 476 2661 in
505 2618 682 2664 mente
700 2608 1026 2663 habuerunt.
1045 2607 1230 2664 Solent
1245 2611 1388 2664 enim
1413 2609 1694 2679 praeteritis
1707 2624 1815 2662 ma-

249 2699 325 2752 lis
351 2697 560 2762 al'llicti,
582 2698 765 2753 futura
803 2699 985 2753 studio
1011 2708 1234 2770 arteque
1258 2701 1581 2770 prapellere,
1610 2714 1679 2755 ne
1726 2699 1811 2756 bis

250 2789 452 2844 iisdem
501 2789 748 2846 infestari
801 2791 1118 2862 contingat;
1159 2801 1211 2847 et
1249 2793 1376 2846 dum
1413 2799 1622 2846 naturae
1656 2791 1813 2848 donis

249 2882 506 2946 allluunt,
536 2883 750 2948 robore,
779 2883 1002 2946 divitiis,
1029 2885 1458 2954 auctoritateque
1487 2885 1694 2954 stipati,
1730 2885 1812 2938 in-

251 2988 394 3027 sano
426 2988 562 3028 ausu
595 2973 804 3040 furere;
827 2981 883 3028 et
910 2989 1032 3028 cum
1053 2973 1166 3043 jam
1191 2973 1467 3027 hominum
1497 2988 1554 3029 se
1577 2988 1698 3028 esse
1719 2989 1814 3028 su-

252 3067 504 3135 periores
555 3066 944 3136 perscnserint,
991 3076 1180 3120 contra
1228 3064 1396 3120 Deum
1443 3065 1807 3132 insolescere;

251 3159 474 3228 sibique
503 3172 682 3228 posse,
702 3158 1137 3227 quandocunque
1160 3157 1212 3211 id
1238 3157 1399 3247 fuerit
1422 3171 1577 3227 opus,
1602 3158 1676 3247 ab
1692 3157 1810 3226 eius
1837 3191 1879 3247 α

251 3263 422 3301 manu
443 3262 634 3302 cavere
654 3247 863 3315 Opinari
884 3262 898 3312 ;
925 3246 1056 3316 quin
1080 3254 1134 3300 et
1161 3246 1406 3301 molestia
1430 3247 1580 3299 illum
1601 3244 1812 3300 allicere

251 3344 614 3407 praesumunt.
663 3338 706 3390 Ο
755 3337 1040 3391 ridiculam
1082 3337 1429 3392 industriam!
1461 3351 1493 3389 o
1522 3334 1811 3389 nefandmn

250 3429 534 3482 studium!
583 3444 616 3482 ο
665 3429 982 3483 sceleratam
1012 3429 1452 3499 praevidentiam!
1488 3425 1579 3482 Nae
1612 3427 1711 3492 illi,
1759 3435 1814 3482 et

250 3522 455 3586 oculis,
484 3529 538 3575 et
569 3521 813 3586 auribus,
843 3530 896 3576 et
927 3523 1107 3576 animo
1132 3521 1258 3576 caeci
1293 3531 1437 3576 sunt.

327 3609 491 3674 lbid.,
525 3611 618 3664 lin.
662 3611 747 3664 51.
795 3611 855 3663 '0
891 3611 1034 3676 Θεὸς
1079 3610 1192 3678 τὴν
1233 3609 1562 3664 διάλεκτον.
1611 3609 1812 3680 Sibylla

255 3702 402 3771 apud
431 3702 757 3757 Eusebium:
795 3701 1014 3754 Πάντων
1053 3701 1344 3772 ὁμοφώνων
1378 3702 1542 3755 ὄντων
1579 3702 1684 3755 τῶν
1721 3703 1814 3754 ἀν-

257 3791 518 3863 Θρώπων,
549 3791 753 3861 πύργον
800 3775 1152 3861 ᾠκοδόμησάν
1197 3808 1340 3852 τινες
1369 3791 1715 3860 ὑψηλότατον,
1743 3791 1817 3854 ὼς

259 3885 355 3936 ἐπὶ
383 3883 470 3934 τὸν
507 3881 730 3952 οὐρανὸν
773 3881 1159 3951 ἀναϐησόμενοι
1189 3881 1253 3933 δι’
1284 3881 1465 3934 αὑτοῦ.
1505 3883 1566 3933 Οἱ
1598 3881 1654 3934 δὲ
1687 3881 1815 3944 Οεοὶ,

261 3975 498 4044 ἀνέμους
535 3973 957 4043 ἐπιπέμψαντες,
994 3972 1287 4042 ἀνέτρεψαν
1329 3973 1420 4025 τὸν
1462 3971 1686 4043 πύργον,
1726 3974 1818 4026 καὶ

265 4067 404 4120 ἰδίαν
433 4067 643 4135 ἑκάστῳ
674 4064 852 4135 φωνὴν
875 4065 1096 4128 ἔδωκαν,
1119 4064 1211 4118 καὶ
1236 4064 1322 4116 διὰ
1345 4063 1500 4118 τοῦτο
1531 4064 1818 4117 Βαϐυλῶνα

265 4158 461 4230 συνέϐη
496 4157 755 4228 κληθῆναι
801 4155 897 4227 τὴν
937 4155 1106 4208 πόλιν.
1151 4154 1215 4207 Et
1265 4153 1536 4211 llestrtrus
1566 4173 1578 4208 :
1605 4153 1722 4206 Τῶν
1764 4155 1818 4206 δὲ

265 4257 454 4327 ἱερέων
481 4258 603 4320 τοὺς
638 4255 1015 4319 διασωθέντας,
1043 4255 1109 4308 τὰ
1140 4255 1232 4308 τοῦ
1272 4255 1542 4308 Ἐνυαλίου
1579 4252 1700 4316 Διὸς
1743 4253 1818 4304 i3-

266 4349 494 4420 ρώματα
523 4349 801 4411 λαϐόντας,
843 4351 921 4410 είς
957 4348 1194 4420 Σενναάρ
1233 4349 1329 4417 τῆς
1366 4344 1704 4407 Βαϐυλωνίας
1737 4343 1820 4395 ὲλ-

265 4441 398 4493 θεῖν.
421 4441 730 4494 Σκίδνανται
771 4440 833 4510 δὴ
863 4439 920 4492 τὸ
951 4439 1131 4492 λοιπὸν
1159 4437 1402 4491 ἐντεῦθεν
1438 4438 1541 4490 ὑπὸ
1563 4437 1660 4506 τῆς
1686 4437 1818 4505 ὁμο-

1312 373 1378 427 lN
1417 368 1786 427 EUSTA’THH
1829 365 2297 423 HEXAEMEBON
2330 365 2557 421 NOTAE}.

221 494 541 565 βωθέοντας
568 494 866 567 ἀνατρέψαι
901 493 1028 566 περὶ
1053 494 1260 546 αὑτοῖσι
1282 492 1343 544 τὸ
1367 491 1577 562 μηχάνη
1587 505 1683 559 μα.
1701 487 1808 540 Τοῦ

1912 484 2074 555 pedes
2120 483 2360 546 ducenti,
2404 481 2633 536 latitudo
2681 482 3091 554 quinquageni:
3128 484 3182 538 in
3233 485 3480 556 singulos
3577 506 3588 563 ς

3371 371 3478 427 994

1911 578 2078 646 pedes
2109 576 2278 630 ternis
2303 575 2488 645 digitis
2514 589 2768 630 mensura
2795 575 3059 646 ampliore
3079 591 3240 645 quam
3264 585 3473 634 nostra.

1909 666 2006 720 Via
2039 669 2093 720 in
2126 666 2400 721 moenibus
2439 666 2574 735 ipsis
2621 673 2730 720 tam
2774 666 2904 732 lata,
2957 675 3012 720 ut
3056 668 3335 738 quadrigae
3376 671 3482 725 sibi

1907 758 2138 812 invicem
2211 764 2565 810 occurrentes
2609 755 2768 810 facile
2815 757 3151 825 pertransire
3212 767 3480 827 possent;

1907 848 2054 920 quod
2101 848 2386 918 Antipater
2433 847 2709 917 expressit-
2749 863 2871 902 cum
2925 847 3217 919 ἐπίδρομον
3272 849 3482 920 ἅρμασι

1907 945 2083 1011 τεῖχος
2114 954 2329 993 murum
2358 940 2741 1010 appellavit,et
2763 937 3036 1008 Propert.,
3071 939 3164 993 lib.
3192 953 3250 992 ιιι
3289 957 3303 994 :

1979 1033 2048 1087 Et
2085 1033 2190 1085 duo
2221 1030 2584 1085 invadversum
2619 1033 2762 1084 misit
2801 1047 2891 1098 per
2921 1032 3114 1084 muenia
3149 1047 3341 1086 currus

2048 1101 2130 1156 Ne
2161 1113 2373 1171 possent
2415 1111 2555 1154 tacto
2586 1103 2841 1169 stringere
2882 1101 2945 1153 ab
2974 1116 3072 1153 axe
3107 1101 3272 1156 latus.

1909 1187 2041 1259 Ejus
2087 1191 2338 1243 conditor
2387 1189 2636 1243 laudatur
2699 1189 2982 1254 Nemroth,
3027 1177 3283 1260 Josepho,
3327 1189 3422 1244 lib.
3459 1205 3478 1246 ι

1906 1283 2109 1354 Antiq.,
2128 1281 2371 1345 Zonarae,
2394 1281 2660 1348 Cedreno,
2682 1282 2802 1337 aliis
2822 1301 2834 1337 :
2855 1281 3188 1348 Marcellino,
3211 1283 3302 1337 lib.
3319 1299 3479 1350 χχιιι,

1905 1371 2094 1440 Belus;
2120 1372 2393 1442 Stephano
2419 1372 2660 1444 Babylon
2692 1371 2830 1427 Medi
2859 1373 3002 1428 ﬁlius
3033 1391 3045 1426 :
3071 1371 3324 1426 Βαϐυλὼν
3341 1373 3481 1446 Περ-

1908 1463 2032 1534 σικὴ
2060 1463 2232 1525 πόλις,
2263 1462 2612 1534 μητρόπολις,
2647 1461 2903 1515 Σελευκία
2939 1461 3242 1532 καλουμένη
3267 1501 3282 1526 ,
3315 1461 3481 1516 Βαϐυ-

1904 1556 2071 1619 λῶνος
2100 1555 2289 1625 ἀνδρὸς
2328 1554 2531 1625 κτίσμα
2568 1553 2917 1616 παλαίτατον,
2953 1549 3261 1622 σοφωτάτου
3292 1557 3479 1620 παιδὸς

1904 1647 2109 1718 Μήδου,
2142 1647 2258 1716 οὐχ,
2289 1645 2365 1710 ὡς
2397 1646 2694 1717 Ἡρόδοτος,
2713 1647 2817 1698 ὑπὸ
2846 1646 3242 1717 Σεμιράμιδος·
3277 1649 3480 1719 ταύτης

1903 1733 2010 1804 γὰρ
2045 1729 2111 1805 ἦν
2153 1734 2480 1805 ἀρχαιοτέρα
2502 1733 2644 1788 ἔτεσι
2677 1735 2864 1804 χιλίοις
2897 1735 3018 1802 δύο,
3067 1737 3143 1799 ὡς
3182 1734 3476 1808 Ἐρῤἀνιος.

1842 1839 1880 1892 Β
1908 1825 2160 1895 Plerique
2184 1826 2275 1879 alii
2303 1824 2713 1882 Semiramidem
2740 1836 3020 1897 parentem
3051 1829 3278 1884 faciunt.
3312 1829 3479 1886 Clau-

1908 1918 2126 1981 dianus,
2157 1917 2212 1970 in
2249 1916 2395 1972 ιιυσ.
2425 1917 2520 1972 lib.
2560 1933 2577 1971 ι
2620 1933 2632 1968 :

1985 2007 2234 2080 greditur
2255 2019 2302 2063 et
2339 2019 2542 2063 centum
2569 2011 2736 2079 portis
2764 2009 3040 2080 Babylona
3064 2012 3340 2080 superbam

1983 2077 2266 2134 Femineas
2296 2077 2576 2150 struxisse
2593 2081 2763 2134 labor.

1908 2169 1973 2223 Et
1998 2167 2245 2240 Propert.
2284 2170 2380 2224 lib.
2412 2184 2472 2224 ιιι
2494 2187 2508 2224 :

1977 2259 2267 2332 Persarum
2297 2263 2485 2316 statuit
2518 2261 2792 2332 Babylona
2815 2261 3127 2318 Semiramis
3159 2263 3340 2317 urbem

2056 2330 2125 2385 Ut
2153 2332 2378 2386 solidum
2409 2341 2553 2387 cocto
2583 2330 2783 2387 tolleret
2809 2351 2993 2404 aggere
3028 2350 3177 2402 opus.

1910 2418 1986 2476 De
2011 2419 2284 2492 Babylone
2303 2421 2426 2476 vide
2453 2423 2606 2492 plura
2633 2423 2772 2491 apud
2793 2423 3160 2476 Abrahamum
3175 2420 3474 2477 Hortelium

1911 2509 1965 2563 in
1991 2503 2256 2564 Thesauro
2280 2512 2582 2581 geograplt.,
2622 2511 2932 2566 Matlba’um
2965 2511 3236 2566 Raderum
3259 2513 3313 2565 in
3341 2511 3483 2564 Mar-

1911 2601 2112 2668 tialem,
2146 2602 2241 2656 lib.
2275 2617 2313 2666 ι,
2343 2604 2501 2673 epist.
2540 2603 2592 2670 l;
2627 2601 2974 2668 Strabonem,
3007 2604 3098 2658 lib.
3131 2619 3254 2669 xw;
3291 2601 3485 2658 Diodo-

1911 2707 2029 2745 rum
2077 2691 2345 2758 Siculum,
2381 2694 2476 2747 lib.
2525 2709 2624 2761 Ill;
2663 2693 2960 2758 Justinum,
3017 2695 3111 2748 lib.
3147 2711 3184 2761 ι,
3215 2693 3480 2749 Joannem

1911 2782 2178 2837 Bodinum
2214 2784 2268 2838 in
2322 2785 2652 2855 Compendio
2694 2784 2978 2852 historico,
3031 2784 3379 2854 Rodiginum,
3427 2793 3484 2838 ιιι

1915 2875 2070 2929 alios.
2100 2873 2265 2930 Plura
2290 2890 2390 2930 nos
2417 2877 2543 2931 item
2571 2875 2894 2930 notabamus
2925 2875 3129 2930 nostris
3153 2876 3206 2929 in
3237 2874 3484 2929 Philonis

1912 2963 2156 3034 Byzantii
2179 2964 2246 3020 de
2263 2973 2465 3037 septem
2479 2964 2628 3019 orbis
2643 2964 2969 3034 spectaculis
2982 2965 3240 3029 libellum,
3269 2966 3452 3034 elegsn
3464 2995 3483 3004 -

1913 3055 2180 3111 tissimum
2217 3055 2364 3110 illum
2400 3056 2638 3127 quidem,
2661 3056 2729 3110 de
2753 3054 3026 3126 Babylone
3055 3064 3108 3110 et
3144 3056 3261 3126 ejus
3287 3057 3478 3111 IllUl‘lS.

1981 3171 2142 3234 lbid.,
2195 3171 2293 3227 litt.
2347 3170 2437 3226 36.
2471 3173 2766 3236 Ἕκαστος
2814 3170 2962 3240 γοῦν
3019 3168 3152 3235 τήν.
3215 3169 3476 3224 Βίειίιιι·ι.ι

1913 3263 2204 3318 admodum
2251 3271 2438 3318 noster
2467 3262 2787 3317 Eustathius
2826 3262 3203 3316 successiones
3247 3261 3479 3315 ﬁliorum

1911 3356 2023 3410 Noe
2069 3354 2436 3424 prosequitur,
2470 3362 2523 3408 et
2574 3363 2729 3408 terra:
2760 3352 3104 3407 divisionem.
3148 3351 3211 3405 lli
3246 3368 3482 3422 namque

1912 3444 2155 3500 omnium
2205 3442 2484 3496 hominum
2535 3453 2788 3512 parentes
2838 3443 3031 3496 merito
3077 3439 3182 3496 dici
3231 3450 3482 3510 possunt,

1913 3550 2035 3590 cum
2071 3533 2264 3603 reliqui
2295 3547 2559 3602 aquarum
2603 3532 2692 3585 illa
2721 3532 3078 3586 inundatione
3106 3532 3391 3599 obiissent,
3425 3540 3480 3586 ct

1914 3643 1978 3680 ex
2013 3626 2098 3681 his
2142 3631 2455 3679 nostrorum
2494 3624 2736 3676 omnium
2769 3633 2925 3677 ortus
2969 3623 3348 3695 agnoscendus
3375 3633 3479 3678 est.

1919 3716 2017 3770 Per
2041 3731 2231 3770 omnes
2253 3714 2398 3770 enim
2432 3713 2619 3768 mundi
2666 3724 2850 3783 partes
2878 3715 3057 3768 dilfusi
3093 3730 3263 3784 genus
3294 3715 3486 3768 huma-

1917 3823 2044 3862 num
2077 3816 2463 3877 propagarunt,
2493 3821 2700 3876 suaque
2729 3807 2964 3876 posteris
2993 3808 3212 3862 nomina
3264 3807 3486 3860 immor-

1918 3899 2161 3961 talitatis,
2187 3907 2240 3951 et
2270 3897 2543 3951 memoriae
2579 3912 2709 3965 ergo
2736 3897 3183 3950 transmiserunt.

1987 3989 2146 4053 lbid.,
2193 3989 2288 4041 lin.
2335 3989 2424 4042 41.
2474 3987 2594 4041 Τῶν
2631 3988 2934 4056 Ἑλλήνων
2979 3987 3146 4056 μετὰ.
3181 3986 3305 4042 llaec
3352 4001 3488 4043 sane

1919 4081 2020 4135 fuit
2059 4079 2365 4133 Graecorum
2414 4080 2752 4148 praestantia,
2789 4079 2900 4132 inec
2931 4080 3123 4141 virtus,
3174 4078 3306 4132 solis
3349 4079 3484 4147 ipsis

1918 4187 2200 4234 concessa,
2242 4172 2502 4240 denegata
2548 4171 2780 4237 caneris,
2813 4179 2871 4222 ut
2917 4178 3127 4239 reperta
3165 4169 3233 4222 ab
3275 4168 3396 4222 aliis
3428 4170 3482 4221 iu

1919 4261 2192 4315 meliorem
2247 4261 2455 4332 frugem
2506 4262 2848 4327 reducerent,
2895 4260 3084 4314 mutila
3123 4260 3480 4329 perlicerent,

1919 4350 2143 4407 confusa
2177 4353 2586 4418 distribuerent,
2627 4367 2818 4408 manca
2847 4352 3180 4422 supplerent,
3211 4349 3483 4420 superﬂua

1920 4445 2228 4511 demerent;
2255 4461 2364 4499 non
2388 4446 2638 4513 barbare,
2667 4461 2776 4500 non
2809 4445 3144 4508 indistincte,
3163 4442 3256 4498 sed
3279 4442 3484 4510 optima

265 4532 531 4598 γλωσσίας
557 4531 653 4594 τὰς
704 4531 970 4592 συνοικίας
1002 4528 1351 4597 ποιησάμενοι
1386 4525 1680 4597 πανταχοῦ,
1725 4524 1814 4578 καὶ

1921 4537 2193 4599 methodo,
2226 4537 2592 4606 pulcherrimo
2621 4536 2856 4606 eloquio,
2883 4544 2934 4590 et
2965 4535 3248 4604 aptissima
3277 4531 3484 4584 oratio-

265 4625 368 4693 τὴν
401 4625 616 4676 ἕκαστοι
644 4622 1042 4691 κατελάμϐανον
1074 4621 1169 4691 τὴν
1198 4620 1537 4690 ἐντυχοῦσαν.

341 4715 496 4778 lbid.,
529 4716 620 4767 lin.
654 4714 740 4767 55.
765 4713 889 4766 Κάκ
918 4714 1129 4765 τούτου
1157 4715 1189 4765 ὁ
1221 4713 1306 4766 τό.
1339 4711 1697 4780 Augustinus,
1741 4709 1820 4763 De

268 4809 473 4861 civitate
511 4805 624 4869 Dei,
657 4806 748 4858 lib.
779 4821 890 4866 3m,
923 4821 1042 4872 cap.
1071 4804 1130 4857 ιε
1156 4802 1266 4856 Ista
1293 4803 1474 4856 civitas
1496 4818 1610 4872 qua:
1640 4801 1818 4871 appel-

271 4900 378 4951 lata
403 4907 478 4951 est
508 4896 762 4964 confusio,
794 4897 906 4964 ipsa
933 4906 1008 4948 est
1042 4894 1298 4963 Babylon,
1337 4894 1486 4963 cujus
1526 4893 1818 4946 mirabilem

268 4987 703 5041 constructionem
749 4986 976 5054 gentiam
1019 4986 1173 5037 etiam
1218 4983 1538 5036 commendat
1575 4983 1814 5036 Itis-toria.

269 5079 505 5149 Babylon
519 5079 698 5148 quippe
725 5079 1097 5146 interpretatur
1113 5075 1380 5130 confusio.
1401 5075 1464 5128 Et
1489 5074 1778 5144 Abydenus
1801 5089 1814 5125 :

281 5172 338 5224 Ὀ
367 5171 422 5223 δὲ
447 5171 606 5234 τόπος
636 5173 692 5222 ὲν
715 5163 758 5238 ᾧ
790 5169 878 5222 τὸν
907 5169 1110 5240 πῦργον
1137 5159 1502 5236 ᾠκοδόμησᾶν,
1525 5167 1618 5219 νῦν
1650 5165 1821 5218 Βαϐυ-

268 5262 374 5314 λὼν
403 5263 644 5315 καλεῖται
676 5261 762 5313 διὰ
793 5262 889 5331 τὴν
931 5260 1184 5330 σύγχυσιν
1244 5258 1334 5311 τοῦ
1367 5258 1492 5330 περὶ
1523 5259 1620 5327 τὴν
1647 5257 1820 5310 διάλε-

271 5372 394 5407 κτον
433 5353 645 5425 πρῶτον
688 5352 966 5422 ἐναργοῦς.
999 5351 1232 5421 Ἑϐραῖοι
1277 5351 1384 5420 γὰρ
1425 5349 1522 5420 τὴν
1564 5349 1820 5418 σύγχυσιν

271 5446 435 5517 βαϐὲλ
467 5447 736 5498 καλοῦσιν.
767 5445 895 5498 Eam
939 5452 1189 5498 accurate
1220 5443 1535 5497 describunt
1577 5439 1821 5494 llerodo-

271 5547 380 5602 tus,
412 5539 506 5592 lib.
540 5538 856 5606 i;Curtius.
905 5537 996 5591 lib.
1041 5553 1108 5602 v;
1154 5535 1518 5589 Philostratus
1546 5519 1585 5587 ιζ
1615 5531 1821 5588 Pansa:

270 5631 390 5684 nias
425 5629 591 5682 tradit
630 5630 869 5683 omnium
900 5641 1060 5697 quam
1091 5640 1328 5694 unquam
1362 5625 1443 5679 sol
1488 5625 1696 5692 aspexit
1728 5640 1821 5677 ur-

271 5722 418 5775 bium
439 5723 725 5776 maximam
747 5740 761 5789 ;
788 5721 926 5775 muri
945 5721 1203 5774 ambitum
1224 5717 1408 5772 habuit
1430 5724 1818 5781 trecentorum,

272 5821 325 5868 et
353 5817 625 5888 octoginta
650 5817 889 5887 quinque
935 5813 1270 5880 stadiorum;
1320 5825 1550 5882 quorum
1592 5809 1821 5866 altitudo

1918 4630 2005 4683 nis
2038 4637 2345 4696 structura;
2378 4631 2547 4682 multa
2574 4629 2734 4683 etiam
2771 4629 2873 4698 ipsi
2894 4627 3218 4692 invenirent,
3252 4640 3372 4694 qua:
3406 4623 3483 4677 ita

1918 4719 2256 4789 perﬁcerent,
2297 4727 2356 4773 ut
2387 4735 2546 4774 nemo
2575 4721 2658 4774 vel
2693 4719 2760 4774 iis
2792 4719 2990 4788 aptius,
3024 4717 3106 4770 vel
3138 4713 3480 4769 commodius

1918 4810 2098 4866 dicere
2136 4811 2390 4880 poluerit.
2432 4811 2572 4877 Quid
2598 4811 2812 4880 gannis,
2861 4818 2913 4862 et
2943 4809 3177 4861 blateras
3210 4805 3486 4874 ineptissi-

1919 4915 2040 4952 mus
2066 4901 2226 4966 Anni,
2256 4901 2322 4953 iis
2347 4916 2441 4970 per
2471 4915 2609 4969 quos
2641 4899 2970 4967 profeceras,
3005 4898 3048 4949 si
3079 4896 3208 4965 quid
3244 4909 3481 4964 unquam

1920 4990 1975 5043 in
2007 4991 2203 5046 litteris
2259 4992 2560 5061 proiecisti,
2601 4992 2801 5045 ruslicc
2848 4991 3093 5059 ingratus
3117 4989 3140 5039 ?
3162 4987 3214 5041 Si
3246 4986 3418 5040 Graeci
3451 4988 3484 5037 ii

1920 5090 2066 5146 sunt,
2102 5098 2239 5152 quos
2282 5092 2338 5136 tu
2370 5083 2633 5146 somnias,
2666 5082 2792 5151 quid
2836 5091 2915 5133 tot
2945 5081 3250 5150 vigiliarum
3284 5078 3340 5131 in
3376 5077 3486 5129 illis

1919 5175 2304 5231 elucubraudis
2373 5174 2744 5244 nugamenta?
2773 5171 2910 5239 Quid
2951 5181 3028 5226 tot
3067 5177 3356 5240 congestas
3401 5168 3492 5220 ina

1920 5265 2094 5333 epti-as
2125 5265 2331 5317 insulse
2364 5263 2664 5332 impendis?
2697 5264 2836 5328 Quid
2866 5265 2919 5316 iu
2951 5263 3056 5316 illis
3079 5255 3486 5315 commentariis

1923 5355 2259 5409 illustrandis
2303 5368 2520 5423 Operam
2557 5353 2775 5423 perdis?
2805 5353 2898 5407 Na:
2949 5363 3002 5406 tu
3046 5368 3149 5404 una
3191 5365 3312 5402 cum
3355 5347 3482 5409 illis,

1921 5463 2058 5516 quos
2094 5445 2290 5500 studiis
2342 5446 2560 5508 adoras,
2599 5445 2779 5515 lingua
2827 5446 3007 5512 iniqua
3041 5442 3381 5510 impudenter
3406 5437 3487 5491 la-

1921 5553 2097 5598 ceras,
2137 5537 2220 5589 vel
2257 5538 2516 5599 insanire,
2549 5535 2630 5589 vel
2663 5536 2846 5596 lallax,
2876 5542 2927 5586 et
2961 5535 3224 5600 impostor
3247 5543 3370 5582 esse
3397 5525 3488 5582 de-

1921 5628 2306 5699 prehenderis!
2345 5627 2513 5681 Graeci
2539 5635 2684 5690 sunt,
2718 5641 2856 5695 quos
2880 5626 2993 5692 ipse
3021 5622 3188 5675 duces
3215 5619 3494 5688 sequeris,

1923 5727 1970 5775 el
2010 5735 2075 5775 eo
2104 5721 2212 5774 illis
2256 5720 2581 5789 perversior,
2623 5717 2765 5787 quod
2811 5731 2933 5768 cum
2966 5728 3062 5767 eos
3099 5719 3356 5783 tanquam
3382 5711 3496 5766 ἱιῖια

1923 5819 2172 5882 postores
2218 5827 2464 5877 accuses,
2500 5825 2689 5866 eorum
2736 5815 2915 5861 tamen
2964 5805 3210 5872 vestigiis
3250 5804 3494 5860 insistis.
