4064 6290
218 369 329 430 997

1320 364 1387 420 IN
1405 357 1793 435 ’EUSTAT-Hll
1828 354 2303 412 HEXAEMERON
2331 354 2560 425 ΝΟΤᾸΕ.

3371 351 3478 410 998

219 506 549 563 ronymum,
599 505 668 547 ex
706 487 949 545 Hebraeis
984 485 1277 557 Iosephum
1301 525 1316 551 ,
1356 491 1412 539 et
1449 498 1513 539 ex
1547 477 1814 536 Chaldaeis
1840 478 1889 535 Α
1917 473 2214 545 Scripturae
2250 476 2369 530 loca
2406 473 2560 544 bene;
2594 452 3028 537 considerentur,
3064 470 3224 526 aliam
3260 478 3481 542 gentem

217 582 519 639 Berosum.
579 582 876 639 Eusebium
923 580 1039 636 scio
1075 578 1322 636 Graecum
1366 577 1587 631 natione
1614 572 1806 636 fuisse,

218 675 483 731 Graecum
511 675 627 730 late
657 685 873 743 sumpto
896 672 1179 735 vocabulo,
1205 670 1499 738 Graeceque
1520 665 1808 736 scripsisse

217 768 673 838 Hieronymum;
710 764 806 821 sed
847 772 966 820 esto
1022 762 1281 827 Latinus;
1330 759 1627 830 Iosephum
1678 757 1809 812 reli-

219 857 391 928 gione
429 857 711 926 Iudaeum,
769 856 1070 927 scriptione
1118 854 1386 910 Graecum.
1442 851 1538 906 Sat
1565 852 1721 917 bene,
1753 858 1808 904 at

220 948 511 1008 Eusebius
541 948 818 1021 quomodo
847 946 1112 1002 Latinus?
1139 947 1219 1000 An
1252 946 1381 1016 quia
1403 945 1516 1014 ipse
1547 959 1671 999 eum
1705 941 1807 994 La-

221 1043 408 1098 tinum
435 1042 678 1113 legerit?
706 1040 802 1095 sed
836 1039 964 1110 legit
993 1045 1046 1094 et
1067 1038 1319 1092 Latinum
1347 1035 1641 1106 Iosephum
1673 1035 1805 1105 (non

222 1133 378 1189 enim
434 1133 578 1187 tanti
638 1130 741 1185 fuit
784 1130 872 1184 hic
918 1138 1111 1184 auctor
1157 1129 1472 1203 ut.Graacos
1531 1137 1803 1191 auctores,

224 1222 420 1279 Graece
460 1223 748 1293 loquentes
782 1220 1132 1289 percurrerit,
1161 1227 1222 1272 ut
1255 1219 1461 1289 passim
1506 1217 1691 1273 videre
1722 1225 1807 1272 est

225 1316 287 1370 in
312 1316 422 1371 hoc
453 1316 756 1384 libello),et
787 1310 1039 1366 Latinum
1070 1312 1356 1377 Berosum,
1387 1326 1489 1366 nec
1516 1320 1697 1369 tamen
1722 1310 1808 1364 in-

225 1415 315 1464 ter
345 1407 577 1464 Latinos
609 1411 949 1461 annumerat.
1000 1404 1059 1459 Si
1108 1406 1293 1475 itaque
1326 1420 1437 1460 non
1491 1405 1805 1476 scriptione,

225 1500 328 1556 sed
357 1509 559 1556 natura
586 1506 638 1557 et
668 1500 777 1554 ritu
801 1514 974 1570 genus
1000 1498 1200 1554 Taral‘a
1227 1498 1511 1570 dijudicat,
1538 1499 1805 1554 Eusebius

227 1594 340 1647 erit
374 1592 618 1649 Graccus.

303 1683 427 1739 Col.
460 1683 588 1747 753,
623 1684 715 1737 lin.
751 1684 840 1739 52.
865 1686 1083 1753 Γαμερ,
1109 1682 1277 1749 ὅστις
1292 1683 1603 1751 Γαμαρεῗς.
1637 1683 1806 1738 Chro-

228 1776 393 1830 nicon
435 1775 852 1830 Alexandrinum
893 1777 1173 1841 Κελκαῖοι,
1193 1775 1482 1840 Eusebius,
1507 1774 1803 1828 Καππάδο-

229 1885 350 1933 κες.
400 1869 538 1923 Cum
585 1867 870 1923 Eustathio
916 1877 1001 1924 est
1023 1868 1292 1938 Iosephus
1331 1869 1475 1922 lib.i
1517 1865 1801 1937 Antiquit.,

229 1977 354 2033 cap.
389 1962 421 2016 7
458 1981 472 2018 :
514 1963 650 2026 Τοὺς
702 1963 800 2034 μὲν
842 1962 952 2034 γὰρ
998 1962 1091 2017 νῦν
1141 1965 1230 2033 ὑφ’
1276 1962 1536 2034 Ἐλλήνων
1565 1961 1807 2025 Γαλάτας

228 2052 637 2123 καλουμένους,
702 2053 967 2124 Γομαρεῖς
1024 2053 1080 2106 δὲ
1138 2053 1481 2123 λεγομένους,
1563 2051 1808 2123 Γομαρδς

229 2139 439 2195 ἔκτισε.
477 2141 560 2195 Ab
594 2141 697 2195 hoc
728 2149 878 2196 ortos
924 2156 1046 2197 esse
1095 2140 1435 2207 Cimmerios,
1477 2142 1569 2211 qui
1617 2152 1807 2212 postea

227 2230 445 2287 Cimbri
476 2234 609 2287 dicti
639 2243 767 2288 sunt
795 2233 1015 2303 quidam
1036 2233 1372 2298 existimant,
1407 2241 1461 2289 et
1485 2234 1808 2289 Cimmerios

239 2323 419 2379 fuisse
478 2324 622 2378 ultra
677 2322 964 2378 Thraciam
1016 2324 1161 2379 circa
1216 2316 1523 2380 Maeotidem
1555 2325 1804 2393 paludem

227 2415 477 2484 probant
510 2431 578 2469 ex
610 2430 730 2485 cap.
777 2432 985 2471 xxxvni
1019 2415 1337 2481 Ezechielis,
1378 2416 1471 2487 qui
1503 2415 1702 2472 Gomer
1751 2426 1806 2471 ct

227 2503 500 2575 Iogorma
528 2506 697 2561 latera
723 2522 845 2563 esse
875 2506 1163 2577 Aquilonis
1193 2509 1416 2562 scribit;

304 2594 477 2660 Ibid.,
521 2595 617 2649 lin.
662 2595 750 2650 54.
793 2596 969 2668 Ἁγὼτ
1004 2598 1323 2669 Μαγώδεις.
1363 2598 1651 2670 Iosephus,
1681 2601 1806 2654 Ma~

228 2683 427 2756 γώγης
460 2686 515 2739 δὲ
561 2688 685 2751 τοὺς
739 2688 829 2742 ὑπ’
879 2688 1042 2743 αὐτοῦ
1087 2690 1366 2759 Μαγώγας
1414 2691 1806 2762 ὀνομασθέντας

230 2775 442 2846 ᾤκισε,
497 2776 706 2840 Σκύθας
757 2777 814 2830 δὲ
863 2778 953 2855 ὑπ’
986 2778 1165 2833 αὐτῶν
1215 2780 1800 2852 προσαγορευομένους.

230 2864 531 2931 Eusebius,
582 2867 642 2932 ἐξ
693 2862 754 2922 οὗ
803 2869 1017 2934 Κελτοὶ,
1063 2870 1156 2922 καὶ
1200 2870 1452 2926 Γαλάται.
1511 2868 1803 2926 Chronicon

230 2954 684 3024 Alexandrinum,
714 2955 773 3021 ἐξ
801 2950 862 3012 οὗ
906 2959 1243 3030 Ἀκυρτανοί.
1279 2959 1503 3016 Gentem
1529 2961 1669 3015 hanc
1691 2962 1804 3016 Ma-

229 3062 499 3118 gogorum
552 3047 798 3102 Ezechiel
855 3051 1328 3119 septentrionalem
1381 3068 1504 3108 esse
1561 3054 1694 3109 diett
1749 3062 1803 3109 et

228 3141 479 3194 externis
522 3141 853 3211 temporibus
895 3142 1003 3197 late
1050 3152 1383 3198 vastaturam
1425 3147 1611 3211 lsrael,
1656 3148 1801 3203 unde
1829 3174 1875 3235 ο

226 3244 344 3283 non
367 3229 638 3284 immerito
674 3228 950 3301 Scythiam
981 3247 1104 3289 esse
1146 3241 1332 3287 noster
1375 3232 1691 3290 Eustathius
1718 3237 1800 3289 af-

224 3322 436 3375 ﬁrmat.
485 3319 808 3393 Scytharum
844 3324 1029 3392 plures
1076 3325 1324 3386 nationes
1369 3333 1424 3380 et
1467 3341 1654 3381 eorum
1701 3344 1801 3382 no-

224 3415 381 3468 mina
413 3414 536 3469 vide
567 3415 709 3485 apud
725 3415 1094 3470 Ahrahamum
1114 3418 1500 3473 Hortelium-in
1534 3420 1799 3476 Thesauro

224 3499 599 3568 geographica.
650 3498 845 3554 Strabo
880 3500 1088 3564 scribit,
1117 3502 1212 3556 lib.
1248 3519 1286 3566 l,
1317 3517 1507 3556 omnes
1552 3505 1800 3574 cognitas

228 3592 491 3660 regiones
538 3606 732 3646 versus
754 3595 1196 3661 septentrionem
1228 3608 1340 3646 uno
1369 3595 1523 3662 prius
1553 3595 1796 3661 nomine,

225 3683 317 3737 vel
352 3680 604 3752 Scythas,
647 3684 731 3738 vel
761 3691 820 3737 ut
847 3685 915 3739 ab
943 3687 1182 3739 Homero
1206 3682 1476 3740 Nomades
1502 3687 1801 3755 appellatas

229 3773 377 3829 idem
409 3775 623 3828 videtur
651 3790 916 3839 asserere,
950 3786 1004 3832 et
1040 3779 1075 3831 l.
1117 3794 1174 3831 ll.

302 3865 465 3929 lbid.,
496 3866 593 3919 lin.
622 3866 710 3919 55.
755 3866 919 3921 Ἀδαῖ
940 3868 1261 3933 Μαδαίους.
1285 3867 1574 3938 Iosephus,
1604 3869 1723 3923 Τῶν
1745 3870 1802 3923 δὲ

245 3957 461 4026 Ἰάφθου
498 3957 701 4021 παίδων
737 3958 972 4012 Ἰαυάνου
1004 3960 1097 4012 καὶ
1146 3960 1350 4014 Μάδου.
1390 3961 1524 4017 Ἀπὸ
1567 3962 1664 4031 μὲν
1706 3979 1800 4014 του

231 4049 466 4103 Μαδαῖοι
498 4050 794 4118 γίγνονται,
843 4050 995 4113 ἔθνος
1041 4051 1070 4104 ὃ
1121 4053 1257 4123 πρὸς
1315 4053 1583 4124 Ἐλλήνων
1629 4056 1801 4123 Μῆδοι

233 4140 544 4213 κέκληνται.
569 4142 853 4208 Eusebius,
877 4142 937 4207 ἐξ
962 4138 1025 4196 οὗ
1048 4144 1239 4214 Μῆδοι.
1265 4144 1561 4201 Chronicon
1578 4146 1803 4201 Alexan-

231 4232 469 4296 drinum,
497 4232 678 4287 Μαδαῒ
703 4233 761 4299 ἐξ
786 4226 847 4287 οὗ
879 4235 1187 4305 Βρεττανοί.
1217 4234 1355 4291 Medi
1398 4250 1586 4291 versus
1626 4238 1803 4291 orien-

232 4337 346 4381 tem
392 4329 666 4398 progressi
693 4337 839 4396 sunt,
875 4343 1009 4398 gens
1042 4328 1245 4383 nobilis
1268 4337 1322 4384 et
1351 4328 1504 4385 dives
1550 4329 1597 4385 si
1627 4329 1802 4385 Hero-

234 4418 387 4485 doto,
440 4418 806 4490 Xenophonti,
858 4420 1089 4491 aliisque
1139 4421 1498 4491 scriptoribus
1528 4420 1664 4477 ﬁdcs
1700 4422 1802 4476 ha-

233 4512 413 4568 benda
440 4518 545 4569 est.

304 4606 442 4662 Ibid.
479 4607 668 4663 Ἰουὰν
707 4609 944 4664 Ἰωνίαν.
978 4608 1269 4680 Iosephus,
1314 4608 1446 4662 Ἀπὸ
1471 4608 1528 4661 δὲ
1563 4608 1799 4663 Ἰαυάνου

245 4701 422 4754 Ἰωνία
469 4701 564 4755 καὶ
607 4694 808 4764 πάντες
852 4700 1109 4771 ’Έλληνες
1152 4701 1457 4770 γεγόνασιν.
1508 4699 1799 4766 Eusebius,

246 4791 454 4855 Ἰωυὰν,
489 4789 550 4857 ἐξ
601 4784 663 4844 οὗ
710 4791 969 4861 Ἕλληνες
1019 4792 1113 4843 καὶ
1164 4791 1213 4842 οἱ
1246 4790 1449 4852 Ἴωνες.
1506 4786 1800 4844 Chronicon

238 4882 678 4945 Alexandrinum,
704 4877 879 4934 ’Ἰωυά
909 4879 1130 4943 Σπάνοι,
1156 4881 1202 4932 οἱ
1232 4880 1324 4933 καὶ
1351 4879 1655 4949 Τυράννιοι.
1692 4879 1802 4948 Ap-

238 4976 531 5046 pellatione
556 4973 753 5029 Ionum
775 4971 1163 5042 comprehendi
1194 4970 1413 5026 Graacos
1442 4968 1615 5025 ﬁrmis
1649 4970 1803 5025 testi-
1894 5010 1897 5015 μ

236 5070 438 5125 nioniis
467 5069 687 5139 probari
725 5075 903 5138 potest
931 5082 999 5122 ex
1030 5065 1270 5133 Daniele,
1305 5079 1430 5119 cum
1462 5062 1801 5119 eversionem

234 5162 394 5231 regni
440 5160 731 5217 Persarum
770 5159 952 5214 .Iavan
998 5158 1257 5224 nominet,
1300 5163 1354 5211 et
1403 5162 1584 5226 potest
1634 5154 1801 5210 etiam

234 5255 588 5326 profanorum
621 5254 948 5324 scriptorum
979 5252 1301 5307 auctoritate
1328 5248 1659 5306 conﬁrmari.

307 5345 470 5409 lbid.,
506 5344 604 5400 lin.
635 5343 721 5399 56.
770 5342 933 5396 Ὀὄὲλ
966 5344 1308 5408 Θεοόέλους.
1333 5339 1628 5411 Iosephus,
1654 5342 1802 5394 Κατ-

234 5436 428 5501 οικίζει
479 5437 538 5490 δὲ
597 5438 693 5489 καὶ
737 5434 1009 5506 Θοὸήλους
1053 5433 1311 5504 Θόὁηλος,
1359 5432 1556 5495 οἵτινες
1588 5434 1646 5485 ὲν
1690 5435 1804 5496 τοῖς

236 5530 334 5586 νῦν
365 5531 582 5603 Ἴϐηρες
604 5529 914 5584 καλοῦνται.
938 5527 1192 5583 Pluribus
1219 5526 1269 5581 id
1303 5526 1534 5597 probare
1557 5525 1804 5579 nituntur

238 5623 475 5685 Annius,
504 5631 559 5677 et
589 5620 807 5682 Taral'a.
837 5636 904 5675 ex
933 5617 1261 5689 quibusdam
1300 5616 1488 5671 lheriae
1521 5616 1802 5669 civitatum

243 5716 554 5770 nominibus
584 5713 816 5784 sumptis
845 5710 1204 5783 argumentis,
1246 5725 1408 5780 quem
1448 5717 1502 5763 et
1533 5708 1805 5778 Hispano—

246 5822 365 5868 rum
394 5813 626 5884 primum
676 5824 857 5879 regem
896 5805 1256 5863 constituunt.
1298 5801 1499 5858 Verum
1537 5800 1584 5858 si
1633 5815 1803 5857 sacrae

1911 572 1965 620 et
2002 566 2278 621 nationem
2305 567 2564 631 innuunt,
2595 580 2760 636 quam
2800 580 2922 620 eam
2966 564 3036 619 ad
3083 578 3248 633 quam
3293 563 3480 617 omnia

1911 657 2000 713 isti
2035 656 2145 712 duo
2186 665 2439 711 auctores
2480 656 2742 713 referunt.
2779 656 2970 727 Populi
3016 669 3252 725 namque
3292 655 3482 709 Ibero-

1910 763 2030 802 rum
2062 757 2218 804 erant
2248 748 2304 802 in
2333 748 2462 803 Asia
2498 747 2707 802 nationi
2734 746 3035 817 Chalybum
3063 744 3266 805 vicina,
3290 743 3481 813 ibique

1912 856 2079 896 venas
2105 841 2408 897 metallicas
2434 840 2939 910 perscrutabantur.
2975 837 3109 893 Nam
3142 845 3197 892 et
3230 835 3480 893 Ezechiel

1913 933 2145 987 collocat
2200 932 2411 986 Thubal
2471 931 3049 1001 in‘septentrionem.
3100 928 3352 985 Iustinus
3378 928 3475 983 lib.

1913 1032 2186 1094 postremo
2244 1023 2435 1078 scribit
2489 1022 2758 1095 Chalybes
2808 1024 2863 1076 in
2899 1022 3215 1091 Hispaniam
3242 1021 3476 1084 venisse,

1913 1126 1972 1170 ut
2024 1114 2286 1169 credibile
2316 1113 2388 1168 sit
2438 1113 2587 1170 illius
2632 1115 2881 1169 homines
2935 1114 3254 1184 quaesivisse
3308 1127 3479 1168 venas

1912 1207 2229 1272 metallicas,
2261 1211 2316 1261 et
2342 1206 2397 1260 in
2432 1206 2561 1261 aliis
2603 1207 2786 1260 terris.
2827 1205 3120 1268 Eusebius,
3168 1204 3373 1267 Θωϐὲλ,
3417 1203 3478 1270 ἐξ

1910 1294 1970 1353 οὗ
2000 1298 2276 1352 Θετταλοί.
2309 1297 2605 1353 Chronico»
2639 1297 3080 1361 Alexandrinum,
3110 1294 3296 1360 Θοϐὲλ,
3329 1293 3387 1361 ἐξ
3414 1283 3479 1349 οὗ

1911 1390 2244 1444 Μακουακοί.
2297 1391 2397 1447 His
2446 1405 2547 1445 nec
2593 1390 2806 1444 Annius
2839 1402 2943 1443 nec
2991 1385 3187 1442 Taral‘a
3234 1386 3479 1441 animum

1912 1481 2282 1535 adverterunt.

1980 1571 2140 1637 Ibid.,
2195 1573 2293 1625 lin.
2347 1570 2433 1623 57.
2496 1567 2674 1636 Ὀσὸχ
2702 1566 3143 1636 Μεσχηναίους.
3184 1563 3474 1634 Iosephus,

1910 1661 2020 1713 Καὶ
2046 1662 2304 1730 Μεσχινοὶ
2332 1660 2389 1713 δὲ
2422 1660 2526 1712 ὑπὸ
2553 1659 2771 1728 Μέσχου
2806 1656 3132 1718 κτισθέντες.
3179 1655 3476 1707 Καππάδο-

1910 1770 2004 1818 κες
2039 1754 2134 1825 μὲν
2165 1753 2272 1824 γὰρ
2293 1752 2417 1824 ἄρτι
2449 1751 2773 1822 κέκληνται,
2807 1752 2903 1821 τῆς
2938 1749 2995 1802 δὲ
3035 1747 3263 1818 ἀρχαίας
3295 1744 3477 1799 αὐτῶν

1836 1834 1879 1892 Β
1907 1843 2274 1915 προσηγορίας
2312 1845 2532 1913 σημεῖον
2566 1841 2855 1895 δείκνυται.
2890 1840 3052 1902 Πόλις
3073 1839 3182 1910 γάρ
3206 1841 3322 1891 ἐστι
3346 1836 3475 1909 παρ’

1911 1934 2092 1997 αὐτοῖς
2131 1932 2209 1986 ἔτι
2242 1933 2335 1987 καὶ
2367 1931 2461 1987 νῦν
2508 1932 2745 1996 Μάζακα
2794 1929 3027 2001 δηλοῦσα
3071 1932 3183 1991 τοῖς
3236 1927 3476 1982 συνιέναι

1907 2026 2218 2097 δυναμένοις
2250 2024 2390 2079 οὕτω
2415 2025 2545 2077 ποτὲ
2575 2024 3007 2096 προσαγορευθὲν
3042 2023 3102 2075 τὸ
3132 2021 3303 2086 ἔθνος.
3365 2021 3476 2076 Eu-

1908 2117 2113 2180 sebius,
2160 2115 2366 2185 Μεσὸχ,
2408 2114 2468 2177 ἐξ
2513 2106 2574 2165 οὗ
2621 2112 2883 2182 Ἰλλυριοί.
2917 2111 3213 2166 Clironicon
3240 2111 3476 2166 Alexan-

1907 2207 2137 2271 drinum,
2165 2205 2373 2275 Μεσὸχ,
2402 2203 2462 2268 ἐξ
2488 2197 2563 2255 οὗ
2598 2201 2866 2254 Γετουλοί.
2908 2198 3138 2265 Quidam
3166 2199 3477 2254 existimant

1907 2296 2008 2352 hos
2028 2311 2149 2352 esse
2174 2295 2500 2351 Moschoviae
2522 2295 2774 2365 populos,
2801 2292 2948 2362 quia
2971 2292 3247 2346 veteribus
3269 2289 3475 2360 Μοσχια

1907 2390 1993 2442 κοί
2039 2398 2093 2446 et
2141 2390 2501 2444 Μοσσύνοικοι
2554 2385 2808 2457 appellati
2866 2391 3016 2439 sunt.
3070 2381 3247 2451 Hujus
3294 2380 3475 2451 gentis

1906 2484 2079 2553 prima
2109 2481 2265 2537 sedes
2294 2479 2396 2533 fuit
2427 2478 2579 2532 littus
2607 2475 2769 2531 Ponti
2795 2473 3018 2538 Euxini,
3041 2478 3231 2541 postea
3263 2469 3478 2539 Cappa-

1905 2575 2070 2630 doces
2128 2572 2323 2636 l'uere;
2378 2569 2572 2624 deinde
2626 2581 2820 2622 versus
2869 2563 3291 2635 septentrionem
3342 2575 3473 2630 pro-

1907 2679 2092 2737 gressa
2126 2672 2228 2719 est.

1975 2759 2091 2815 Col.
2127 2757 2249 2821 756,
2291 2756 2387 2809 lin.
2424 2754 2472 2807 l.
2511 2752 2717 2819 Θείρας
2742 2749 2883 2816 τοὺς
2909 2749 3136 2817 Θείρας.
3181 2745 3471 2815 Iosephus,

1906 2852 2102 2921 Θείρης
2132 2849 2188 2902 δὲ
2216 2847 2411 2917 Θείρας
2439 2845 2535 2917 μὲν
2568 2843 2845 2906 ἐκάλεσεν,
2873 2836 2948 2895 ὧν
2979 2835 3143 2911 ἦρξεν
3163 2855 3178 2868 °
3214 2836 3473 2906 Ἕλλη-ἐς

1905 2945 1963 2997 δὲ
2006 2943 2225 3014 Θρᾷκας
2284 2939 2479 3000 αὐτοὺς
2542 2934 2952 3007 μετωνόμασαν.
2999 2930 3299 2994 Eusebius,
3358 2926 3471 2997 Θη-

1908 3038 2040 3110 ρὰς,
2074 3031 2133 3098 ἐξ
2171 3026 2230 3087 οὗ
2263 3031 2492 3101 Θρᾷκες.
2547 3026 2839 3083 Chronicon
2891 3022 3329 3085 Alexandrinum,
3363 3018 3474 3110 Θη-

1910 3109 2039 3201 ρὰς,
2074 3126 2133 3192 ὲξ
2154 3121 2215 3180 οὗ
2258 3122 2465 3195 Ἀφροί.
2510 3119 2608 3174 Est
2636 3128 2690 3173 et
2719 3118 2775 3171 in
2806 3115 3003 3169 Russia
3033 3113 3228 3166 fluvius
3254 3109 3474 3165 nomine

1906 3219 2123 3282 Thiras,
2155 3230 2322 3286 quare
2353 3210 2598 3267 nonnulli
2631 3207 2981 3277 suspicantur
3011 3204 3078 3257 ab
3111 3202 3211 3256 hac
3239 3203 3476 3272 appella--

1907 3312 2055 3364 tione
2078 3308 2175 3363 ﬁlii
2211 3305 2424 3376 Iaphet,
2450 3310 2502 3359 et
2527 3302 2750 3356 [luvium
2782 3305 2835 3353 et
2854 3305 3065 3368 gentem
3098 3300 3471 3364 nuncupatum

1905 3417 2046 3458 6538.

1981 3490 2138 3555 lbid.,
2174 3489 2271 3543 lin.
2297 3487 2352 3540 ‘2.
2386 3482 2627 3555 Σχανὰξ
2661 3481 2730 3546 ἐξ
2770 3474 2864 3534 οὗ.
2893 3476 3183 3545 Iosephus,
3211 3473 3469 3544 Γαμάρου

1907 3584 1964 3638 δὲ
1995 3580 2159 3653 τριῶν
2201 3577 2331 3630 υἱῶν
2385 3573 2707 3645 γενομένων,
2759 3566 3090 3639 Ἀσχανάξης
3125 3566 3223 3635 μὲν
3275 3564 3470 3634 Ἀσχα-

1906 3676 2070 3742 νάξας
2107 3673 2325 3745 ᾤκισεν,
2358 3670 2406 3724 οἳ
2451 3668 2544 3723 νῦν
2598 3666 2842 3735 Ῥηγῖνες
2890 3662 2995 3715 ὑπὸ
3034 3658 3143 3712 τῶν
3206 3656 3469 3728 Ἐλλήνων

1908 3767 2212 3822 καλοῦνται.
2267 3762 2555 3823 Eusebius,
2622 3755 2907 3827 Ἀσχανάξ,
2964 3753 3024 3818 ἐξ
3070 3746 3132 3807 οὗ
3201 3751 3463 3822 Ῥηγῖνες.

1907 3859 2201 3915 Chronicon
2243 3851 2679 3912 Alexandrinum,
2749 3844 3050 3918 Ἀσχανὰθ,
3107 3842 3167 3908 ἐξ
3229 3837 3289 3897 οὗ
3348 3841 3468 3896 Μά-

1908 3954 2075 4017 ζικες.

1979 4043 2137 4108 lbid.,
2174 4041 2270 4096 lin.
2307 4041 2360 4094 5.
2413 4034 2731 4106 Ῥιςρὰθ,ἐξ
2751 4028 2843 4089 οὗ.
2877 4029 3166 4116 Iosephus,
3209 4024 3468 4096 Ῥιφάθης

1905 4139 1962 4191 δὲ
2004 4134 2314 4204 Ῥιφαθέους
2356 4132 2480 4192 τοὺς
2524 4126 2878 4195 Παφλαγόνας
2922 4123 3264 4191 λεγομένους.
3301 4117 3470 4172 Eusc-

1907 4231 2050 4296 bius,
2093 4227 2296 4298 Ῥιχὰδ,
2325 4224 2384 4289 eg
2414 4217 2474 4278 οὗ
2509 4221 2875 4294 Σαυρομάται.
2905 4213 3200 4270 Chronicon
3233 4210 3469 4264 Alexan-

1909 4326 2142 4388 drinum,
2200 4317 2423 4388 Ῥυφὰθ,
2457 4315 2515 4384 ἐξ
2546 4309 2606 4369 οὗ
2635 4312 2991 4384 Ταράμαντες
3030 4304 3303 4374 ὲξώτεροι,
3348 4302 3469 4373 qni-

1908 4420 2031 4474 dam
2064 4420 2256 4486 putant
2287 4409 2571 4482 legendum
2598 4405 2970 4476 Γαράμαντες.

1833 4527 1879 4582 D
1976 4509 2135 4574 lbid.,
2166 4506 2260 4560 lin.
2288 4503 2342 4569 4.
2368 4496 2788 4571 Θυῳαμμάεις.
2809 4492 3097 4564 Iosephus.
3127 4487 3469 4582 QUYPdEMC

1902 4604 1958 4657 δὲ
2004 4597 2459 4672 Θυγραμμάνους,
2509 4591 2559 4645 οἳ
2611 4589 2766 4653 δόξαν
2797 4585 3023 4655 Ἕλλησι
3067 4581 3274 4672 (ξρύγες
3328 4579 3466 4672 ᾠνο-

1904 4669 2203 4769 μάσθησαν.
2261 4686 2548 4748 Eusebius,
2606 4677 2890 4753 Θοργαμά,
2944 4675 3004 4741 ἐξ
3046 4669 3107 4730 οὗ
3171 4671 3465 4769 ’ρρμένιρα

1901 4758 2198 4843 Chron-icon
2258 4777 2709 4841 Memmii-fnum,
2767 4769 3099 4841 Θοσμαγὰο.
3149 4765 3208 4829 ἐξ
3261 4758 3320 4818 οὗ
3368 4760 3468 4818 Bo-

1938 4876 2084 4931 άδες.

1903 4893 2131 5030 mihi?"
2167 4964 2264 5017 lin.
2305 4959 2357 5015 6.
2387 4956 2697 5020 Ἐλισασα,
2730 4950 2799 5016 ἐξ
2820 4945 2915 5007 οὗ.
2947 4946 3236 5018 Iosephus,
3291 4944 3468 4999 Ἰαυά-

1899 5076 1991 5113 νου
2022 5058 2079 5112 δὲ
2124 5054 2216 5110 τοῦ
2262 5050 2475 5121 Ἰάφθου
2506 5047 2670 5120 τριῶν
2701 5041 2863 5099 αὐτοῦ
2893 5041 3094 5095 παίδων
3138 5038 3468 5110 γενομένων,

1911 5128 2129 5211 ’Δλίσας
2155 5146 2251 5218 μὲν
2295 5143 2595 5206 ’Δλισαίους
2624 5138 2899 5201 ἐκάλεσεν,
2930 5129 3004 5189 ὧν
3034 5129 3224 5205 ἦρχεν,
3261 5130 3467 5192 Αἰολεῖς

1898 5242 1956 5295 δὲ
1984 5241 2079 5295 νῦν
2104 5242 2229 5293 εἰσι.
2271 5235 2562 5300 Eusebius,
2591 5230 2826 5296 Ἐλισσὰ,
2852 5228 2912 5295 ἐξ
2948 5219 3009 5282 οὗ
3038 5224 3268 5280 Σικελοί.
3299 5221 3467 5277 Chro-

1902 5335 2053 5388 nicon
2091 5328 2530 5393 Alexandrinum,
2574 5324 2810 5388 Ἐλισσά,
2846 5321 2904 5388 ἐξ
2931 5316 2993 5374 οὗ
3023 5318 3257 5389 Μαῦροι.

1972 5425 2133 5487 lbid.,
2170 5423 2266 5477 lin.
2302 5422 2356 5476 7.
2393 5417 2654 5488 Θῳσῆς,
2682 5418 2782 5487 ἀφ’
2811 5410 2905 5471 οὗ.
2941 5406 3233 5480 Iosephus,
3257 5405 3468 5477 Θάρσος

1901 5520 1958 5574 δὲ
1984 5519 2232 5589 Θαρσεῖς.
2281 5512 2436 5567 Οὕτω
2469 5511 2577 5584 γὰρ
2605 5509 2846 5564 ἐκαλεῖτο
2887 5507 2949 5559 τὸ
2980 5501 3207 5558 παλαιὸν
3245 5501 3279 5571 ἡ
3309 5494 3467 5553 Κιλι-

1903 5611 2016 5666 κία.
2052 5610 2283 5681 Σημεῖον
2332 5605 2422 5658 δέ’
2458 5603 2668 5675 Θαρσὺς
2715 5601 2843 5673 γὰρ
2873 5599 3001 5668 παρ’
3033 5595 3216 5657 αὐτοῖς
3238 5591 3347 5681 τῶν
3370 5590 3468 5681 πάξ

1906 5703 2043 5756 λεων
2091 5678 2552 5770 ήέάξιολογωτάτη
2586 5693 2830 5748 καλεῖται
2864 5683 3200 5757 μητρόπολις
3225 5678 3382 5739 οὖσα.
3404 5680 3468 5732 τὸ

1904 5793 2027 5867 ταῦῌ
2039 5792 2175 5866 πρὸς
2205 5789 2305 5863 τὴν
2331 5789 2521 5860 κλῆσιν
2551 5787 2671 5841 ἀντὶ
2700 5780 2791 5836 τοῦ
2825 5780 2964 5850 θῆτα
2986 5774 3465 5873 ξμεταδαλλόντων.
