4064 6290
2034 345 2278 403 LEONIS
2315 347 2586 406 ALLATll

3768 366 3892 424 {C00

665 455 955 547 @usebius,
1002 456 1249 527 Θαρσεῖς,
1288 456 1348 522 ἐξ
1390 452 1450 514 οῦ
1483 460 1717 533 Ἴϐηρες.
1752 461 2045 521 Chronicon
2095 467 2217 522 Ale-

2321 470 2511 537 liabus,
2539 473 2805 539 masculis,
2828 474 3014 540 brutis,
3043 486 3092 531 et
3125 478 3300 548 quovis
3320 479 3426 534 alio
3452 498 3673 553 genere,
3722 486 3788 540 ob
3808 488 3890 547 hoc

666 553 1004 617 mdrinum,
1035 550 1284 621 Θαρσεῖς,
1314 550 1373 618 ὲξ
1400 547 1461 607 οὗ
1487 553 1828 625 Ταράναντες
1853 555 2128 630 ὲσὼτεροι.

737 643 991 706 ϐοΙ.756,
1010 644 1105 696 lin.
1126 641 1212 697 10.
1231 644 1441 713 Χεθεὶμ
1462 643 1727 714 Χεθειμά.
1751 643 2040 716 losephus,
2056 648 2222 701 Χέθι-

671 755 767 810 μος
792 737 849 791 δὲ
896 733 1109 806 Χεθιμὰ
1156 736 1254 808 τὴν
1282 736 1444 806 νῆσον
1497 735 1641 807 ἔσχε.
1678 736 1901 809 Κύπρος
1948 738 2083 811 αῦτη
2128 740 2222 796 νῦν

666 830 931 892 καλεῖται,
956 829 1048 881 καὶ
1078 829 1170 882 ἀπ’
1192 829 1358 899 αὐτῆς
1378 828 1530 899 νῆσοί
1560 844 1620 880 τε
1647 829 1817 882 πᾶσαι
1841 832 1931 884 καὶ
1954 830 2024 884 τὰ
2055 831 2222 886 πλείω

664 919 772 973 τῶν
803 918 956 990 παρὰ
1005 918 1272 972 θάλασσαν
1308 915 1485 986 Χεθὶμ
1515 916 1621 969 ὑπὸ
1669 916 1931 989 Ἐϐραίων
1962 921 2219 991 ὀνομάζε-

662 1027 773 1064 ται.
805 1011 1030 1082 Μάρτυς
1073 1009 1130 1063 δέ
1165 1025 1267 1079 μου
1310 1006 1403 1060 τοῦ
1446 1007 1604 1075 λόγου
1637 1008 1731 1079 μία
1771 1011 1879 1063 τῶν
1908 1013 1966 1065 ἐν
2014 1013 2221 1084 Κύπρῳ

663 1101 869 1157 πόλεων
902 1101 1161 1172 ίοχύσασα
1196 1101 1296 1171 τὴν
1333 1101 1697 1173 προσηγορίαν
1731 1100 1992 1172 φυλάξαι.
2020 1103 2222 1175 Κήθιος

661 1194 772 1267 γὰρ
803 1193 908 1247 ὑπὸ
945 1192 1051 1245 τῶν
1093 1191 1545 1263 ἐξελληνισάντων
1591 1193 1756 1265 αὐτὴν
1804 1193 2067 1259 καλεῖται,
2098 1196 2221 1268 μηδ’

662 1286 802 1339 οὕτω
829 1284 1190 1353 διαφεύγουσα
1221 1282 1313 1335 τοῦ
1347 1283 1585 1355 Χεθίμου
1613 1284 1674 1337 τὸ
1694 1285 1882 1357 ὖνομα.
1930 1286 2217 1354 Eusebius,

664 1377 862 1437 Κίτιοι,
918 1375 977 1440 ἐξ
1007 1370 1067 1429 οὗ
1108 1377 1323 1428 Λατῖνοι
1368 1376 1419 1427 οἱ
1462 1374 1558 1428 καὶ
1597 1377 1874 1447 Ῥωμαῖοι.
1927 1377 2221 1436 Chronicon

663 1467 1101 1529 Alexandrinum,
1141 1465 1353 1532 Ῥόδιοι,
1384 1465 1444 1530 ἐξ
1482 1458 1544 1519 οὗ
1585 1468 1863 1539 Ῥωμαῖοι,
1908 1472 1958 1523 οἱ
1995 1473 2088 1525 καὶ
2107 1473 2219 1528 Λα.-

659 1560 815 1613 τῖνοι.
850 1558 985 1625 Quis
1014 1558 1128 1612 haec
1152 1558 1334 1627 legens
1357 1572 1465 1611 non
1493 1556 1795 1627 deplorabit
1823 1562 2218 1632 exscriptorum

663 1649 958 1713 inscitiam,
992 1646 1311 1702 dictantium
1339 1646 1706 1712 oscitantiam,
1738 1655 1792 1703 et
1822 1657 2107 1704 auctorum
2135 1651 2217 1706 la-

664 1746 779 1792 tum
818 1738 1089 1807 iniquum,
1118 1735 1210 1806 qui
1249 1749 1311 1790 ea
1345 1750 1464 1804 qua;
1506 1750 1680 1806 neque
1717 1738 2072 1808 scripserunt.
2120 1755 2219 1794 ne-

2326 562 2533 631 ejectus-
2553 581 2584 618 a
2612 563 2756 619 lano
2786 567 3040 635 piissimo,
3064 578 3113 623 et
3135 571 3444 626 castimonia
3484 586 3658 645 atque
3694 579 3886 647 pudici-

2328 655 2401 706 tia
2465 655 2825 724 refertissimo,
2857 660 3075 713 sortitus
3125 670 3206 714 est
3264 676 3678 734 cognomentum
3734 669 3878 728 Client

2328 744 2557 812 Esenua,
2585 747 2639 801 id
2664 757 2765 815 est,
2806 749 2965 804 Chem
3012 752 3228 821 infamis
3263 763 3313 807 et
3366 756 3701 825 impudicus,
3750 764 3881 818 inca.

2326 834 2420 889 bus
2447 849 2795 907 propagator;
2851 851 2929 895 est
2955 842 3093 896 enim
3131 841 3287 896 Esem
3320 846 3457 912 apud
3492 846 3739 918 Scythas
3759 854 3878 908 Ama

2326 939 2484 978 mteos
2530 927 2803 996 infamis,
2853 939 2904 984 et
2964 931 3291 1000 impudicus.
3354 934 3510 991 Enua
3592 955 3719 994 vero
3778 954 3871 1000 tum

2326 1015 2644 1084 impudicus,
2707 1028 2817 1072 tum
2866 1033 3208 1092 propagator,
3262 1031 3369 1082 etc.
3421 1028 3585 1100 Apud
3621 1031 3875 1095 Joannem

2325 1104 2646 1193 (iassianum
2681 1108 3139 1183 Serenugabbas,
3173 1116 3354 1172 collat.
3386 1119 3440 1184 8,
3466 1137 3595 1191 cap.
3635 1124 3729 1193 21,
3774 1138 3871 1184 tra-

2325 1191 2424 1256 dit,
2481 1197 2812 1266 magicorum
2873 1205 3341 1272 superstitionum,
3380 1217 3434 1265 ct
3478 1191 3867 1287 pmstigiarum

2324 1283 2529 1353 primos
2570 1297 2823 1347 auctores
2880 1299 2935 1348 et
2984 1296 3274 1365 magistros
3333 1298 3505 1358 fuisse
3550 1283 3727 1364 malos
3782 1328 3865 1368 an.

2324 1376 2472 1444 gelos
2537 1379 2812 1447 quondam
2866 1396 2990 1438 cum
3031 1386 3351 1444 mulieribus
3410 1393 3645 1462 mistos;
3692 1414 3859 1457 earum

2322 1482 2453 1522 vero
2479 1470 2676 1524 artium
2708 1472 3194 1542 studiosissimum,
3218 1488 3272 1534 et
3290 1482 3681 1550 peritissimum
3708 1490 3857 1550 fuisse

2322 1557 2489 1613 Cham
2513 1560 2681 1617 lilium
2703 1562 2837 1629 Noe,
2868 1566 2962 1635 qui
2989 1582 3081 1624 eas
3111 1577 3254 1626 artes
3283 1588 3351 1628 ne
3394 1574 3604 1633 diluvio
3642 1584 3854 1650 perirent

2323 1647 2658 1707 diversorum
2688 1656 3029 1712 metallorum
3080 1659 3295 1718 laminis
3334 1672 3389 1719 et
3440 1647 3742 1731 durissimis
3782 1677 3849 1730 la-

2321 1741 2536 1810 pidibus
2578 1744 2878 1817 insculptas
2926 1754 3289 1819 conservavit,
3328 1763 3384 1810 et
3437 1769 3559 1828 post
3609 1763 3844 1822 diluvium

663 1845 773 1901 que
805 1830 1147 1885 somniarunt
1200 1827 1440 1898 quidem,
1492 1838 1762 1900 coguntur
1824 1830 1946 1887 aliis
2001 1833 2223 1904 legenda
2253 1851 2296 1905 Β
2323 1848 2417 1890 eas
2450 1834 2635 1890 docuit
2660 1846 2907 1907 posteros
2922 1857 3070 1908 suos,
3092 1852 3141 1900 et
3159 1861 3256 1914 per
3271 1827 3455 1903 orbem
3484 1851 3837 1913 disseminavit.

664 1919 1008 1991 proponere?
1067 1918 1303 1973 Victoris
1347 1919 1647 1989 presbyteri
1696 1921 1984 1990 explicatio
2028 1923 2084 1976 in
2129 1921 2223 1978 Je—

666 2011 906 2077 remiam,
939 2025 1058 2080 cap.
1086 2009 1142 2073 2,
1172 2010 1430 2079 Χεττιεὶμ
1459 2010 1492 2079 ἡ
1524 2009 1745 2081 Κύπρος
1771 2010 1908 2064 ὲστί.
1952 2012 2142 2085 Κηδὰρ
2165 2014 2223 2067 δὲ

663 2097 734 2173 ἦν
767 2102 880 2165 υίὸς
918 2100 1136 2173 Ἰσμαὴλ
1179 2099 1293 2153 υἱοῦ
1338 2099 1607 2171 Ἀϐραὰμ,
1652 2101 1711 2166 ἐξ
1754 2096 1875 2173 ubi)
1922 2103 2074 2174 χώρα
2121 2105 2223 2158 Σα-

669 2195 917 2270 ρακηνῶν
973 2194 1376 2265 ἐπωνόμασται.
1430 2191 1872 2265 Olympiodorus,
1929 2197 2085 2262 Τινὲς
2125 2198 2222 2269 μὲν

663 2286 942 2360 Κυπρίους
967 2286 1119 2356 φασὶ,
1154 2286 1295 2349 τινὲς
1322 2285 1381 2339 δὲ
1408 2284 1584 2340 Ἰνδῶν
1603 2285 1750 2358 ἔθνη.
1777 2284 2219 2359 Chrysostomus,

662 2380 887 2445 ibidem,
920 2376 1181 2448 Χεττιείμ
1228 2393 1373 2441 τινες
1420 2375 1627 2446 ἔφασαν
1654 2376 1951 2449 Κυπρίους,
1982 2378 2126 2444 τινὲς
2165 2380 2222 2434 δὲ

661 2470 845 2534 Χίους.

733 2585 895 2648 Ibid.,
921 2583 1019 2639 lin.
1049 2584 1135 2639 l5.
1159 2582 1304 2637 owe
1335 2582 1451 2637 υίοὶ
1479 2584 1585 2639 τοῦ
1599 2585 1746 2655 Χάμ.
1765 2585 2056 2658 Josephus,
2088 2588 2220 2642 οἱδὶ

661 2676 850 2748 Χάμου
866 2674 1178 2747 παῖδες,τὴν
1203 2675 1309 2728 ἀπὸ
1323 2676 1542 2749 Συρίας,
1557 2677 1651 2729 καὶ
1678 2677 1935 2748 Ἀμάνου,
1954 2679 2049 2733 καὶ
2063 2680 2223 2734 Λιϐά-

662 2785 754 2823 νου
768 2766 875 2821 τῶν
889 2769 1027 2839 ὅρων
1049 2767 1153 2838 γῆν
1177 2766 1456 2838 κατέσχον,
1485 2769 1583 2821 ὃσα
1602 2768 1736 2840 πρὸς
1761 2768 2034 2824 θάλασσαν
2051 2771 2220 2842 αὐτῆς

662 2860 958 2932 ἐτέτραπτο
1002 2858 1417 2923 καταλαϐόντες,
1465 2859 1560 2913 καὶ
1586 2859 1653 2913 τὰ
1683 2860 1840 2934 μέχρι
1863 2861 1954 2916 τοῦ
1980 2862 2217 2916 ὠκεανοῦ

664 2950 1085 3021 ἐξιδιωσάμενοι.
1121 2951 1186 3002 Δί
1228 2949 1410 3021 μέντοι
1439 2953 1796 3023 προσηγορίαι
1842 2951 1949 3005 τῶν
1999 2954 2094 3023 μὲν
2128 2954 2221 3007 καὶ

663 3041 934 3105 παντελῶς
961 3041 1190 3112 ἐξίτηλοι
1217 3040 1520 3110 γεγόνασιν,
1571 3041 1725 3095 ἐνίων
1765 3042 1821 3095 δὲ
1857 3042 2219 3113 μεταϐάλλου-

662 3153 771 3199 σαι,
810 3132 904 3188 κα¹ι
939 3131 1485 3205 μεταρρυθμισθεῖσαι
1513 3133 1648 3205 πρὸς
1679 3133 1866 3204 ἐτέρας
1893 3132 2217 3203 δύσγνωστοι

659 3224 1031 3292 τυγχάνουσιν.
1070 3221 1356 3288 Eusebius,
1403 3223 1534 3295 Χάμ
1578 3223 1636 3277 δὲ
1673 3222 1750 3294 τῷ
1792 3223 2022 3296 δευτέρῳ
2056 3225 2217 3279 αὐτοῦ

661 3314 761 3385 υίῷ
808 3314 992 3384 ἄγοντι
1046 3314 1164 3378 ἔτος
1215 3313 1328 3378 υκζν
1375 3314 1541 3368 ἔδωκε
1586 3315 1685 3385 τὴν
1733 3315 1871 3387 πρὸς
1914 3317 2084 3384 νότον,
2128 3318 2221 3370 καί

659 3402 805 3469 λίϐα,
832 3405 926 3457 καὶ
961 3404 1124 3475 μέρος
1160 3403 1257 3474 τῆς
1286 3402 1487 3466 δύσεως
1521 3403 1627 3457 ἀπὸ
1678 3405 2092 3477 Ῥινοκορούρων
2122 3406 2221 3476 τῆς

657 3494 954 3563 Αἰγύπτου,
1017 3493 1318 3562 Αἰθιοπίαν,
1367 3495 1462 3548 καὶ
1514 3494 1802 3564 Αἴγυπτον,
1850 3497 1943 3550 καὶ
1991 3495 2216 3568 Λιϐύην,

673 3585 955 3657 Ἀφρικὴν,
1000 3586 1094 3638 καὶ
1140 3586 1513 3656 Μαυριτανίαν
1554 3585 1659 3649 ἓως
1715 3586 2047 3659 Ἡρακλείων
2089 3604 2219 3659 στη-

659 3675 788 3743 λιῖιν,
838 3676 955 3746 ἦτοι
988 3676 1108 3739 ’ἕως
1147 3676 1242 3730 τοῦ
1283 3677 1498 3731 δυτικοῦ
1545 3679 1637 3731 καὶ
1675 3677 1906 3731 Λιϐυκοῦ
1939 3679 2216 3733 ὠκεανοῦ’

659 3768 903 3838 ποταμὸν
939 3767 996 3819 δὲ
1027 3767 1324 3838 διορίζοντα
1353 3769 1443 3822 τὸν
1475 3769 1687 3835 Νεῖλον,
1715 3769 1773 3832 ὃς
1804 3771 1897 3823 καὶ
1934 3770 2079 3825 Γεὼν
2127 3772 2219 3830 καὶ

660 3858 1014 3931 Χρυσορῤόας
1075 3859 1322 3927 λέγεται.
1401 3857 1695 3913 Chronicon
1769 3861 2215 3927 Alexandrinum,

659 3950 793 4021 Χὰμ
825 3950 883 4002 δὲ
934 3949 1013 4020 τῷ
1042 3950 1276 4022 δευτέρῳ
1313 3949 1412 4021 υἱῷ
1452 3951 1544 4004 τοῦ
1582 3951 1704 4004 Νῶε
1751 3952 1855 4005 ὑπὸ
1890 3954 2219 4026 Ῥινοκορού-

663 4057 773 4112 ρων
817 4040 921 4105 ἕως
951 4040 1270 4113 Γαδαρηνῶν
1314 4043 1601 4111 Αἴγυπτον,
1634 4044 1728 4096 καὶ
1763 4045 1936 4098 πάντα
1976 4046 2042 4099 τὰ
2083 4047 2217 4116 πρὸς

660 4132 812 4188 νότον
855 4132 1130 4187 ὑπέπεσαν
1183 4133 1322 4186 πάνυ
1370 4134 1625 4188 δοκοῦντα
1675 4136 1989 4206 καυματικὰ
2042 4138 2217 4208 ὑπάρ-

661 4240 794 4294 χειν.
836 4221 1315 4279 Pseudo-Berosus
1365 4224 1460 4288 ait,
1504 4225 1649 4278 hunc
1687 4224 1950 4280 Cliamum
1996 4228 2216 4299 magicae

660 4323 716 4372 ct
763 4313 1016 4370 veneﬁca:
1060 4315 1162 4369 arti
1218 4314 1525 4380 studuisse,
1576 4316 1804 4387 ideoque
1867 4317 2215 4374 Zoroastrum

661 4410 1054 4473 nuncupatum.
1094 4403 1226 4455 Erat
1266 4402 1367 4468 illi,
1403 4412 1461 4455 ut
1489 4402 1737 4469 diximus,
1774 4406 1917 4475 [ilius
1945 4423 2010 4461 ea:
2044 4408 2214 4464 tribus

658 4496 844 4567 primis
877 4493 1254 4577 adolescentior
1305 4494 1490 4559 Citam,
1534 4497 1624 4565 qui
1672 4512 1869 4565 semper
1925 4501 2135 4571 magica'
2163 4510 2214 4555 et
2246 4530 2289 4583 ι)

656 4589 895 4657 ueneﬁca:
923 4586 1159 4651 studens,
1192 4584 1467 4640 Zoroastri
1492 4603 1676 4641 nomen
1719 4600 2021 4644 consecutus
2070 4602 2204 4647 erat.

658 4677 716 4734 Is
746 4688 948 4747 patrem
992 4676 1117 4732 Noa
1158 4677 1278 4732 odio
1311 4675 1552 4741 habebat,
1587 4679 1711 4748 quia
1744 4680 1877 4733 alios
1910 4682 2092 4737 ultimo
2126 4700 2211 4754 ge.-

655 4768 794 4822 nitos
823 4767 1092 4821 ardentius
1123 4766 1359 4830 amabat,
1393 4783 1447 4820 se
1473 4783 1590 4821 vero
1620 4766 1815 4836 despici
1834 4768 2063 4825 uidebat.
2100 4771 2209 4826 Po-

657 4859 855 4913 tissime
883 4876 1001 4914 vero
1029 4858 1165 4913 idem
1188 4858 1421 4925 infensus
1443 4869 1555 4913 erat
1584 4862 1724 4929 patri
1750 4860 1812 4914 ob
1836 4863 1981 4917 vitia.
2025 4863 2211 4935 Itaque

656 4960 841 5005 nactus
873 4956 1331 5020 opportunitatem,
1375 4969 1493 5006 cum
1538 4951 1658 5006 Νοα
1686 4963 1835 5022 pater
1858 4956 2099 5012 madidus
2117 4958 2211 5028 ja-

654 5054 811 5108 ceret,
835 5044 981 5100 illius
1009 5046 1183 5100 virilia
1208 5045 1660 5116 comprehenderis,
1691 5048 1940 5119 taciteque
1967 5053 2211 5105 submur-

653 5154 870 5192 murans
900 5139 1133 5192 carmine
1162 5139 1363 5209 magico
1389 5143 1529 5207 patri
1561 5140 1749 5202 illusit,
1777 5142 1952 5205 simul,
1982 5152 2029 5195 et
2058 5144 2210 5198 illum

652 5232 882 5286 sterilem
910 5231 1120 5301 perinde
1146 5241 1300 5299 atque
1323 5240 1613 5284 castratum
1634 5232 1822 5301 effecit.
1854 5232 2033 5300 Neque
2063 5235 2211 5289 dein-

652 5341 770 5395 ceps
824 5322 944 5377 Noa
993 5322 1257 5391 femellam
1296 5323 1527 5393 aliquam
1581 5324 1859 5392 fecundare
1899 5330 2083 5395 potuit.
2129 5330 2208 5386 0b

654 5417 959 5487 bene/icium
993 5417 1210 5469 inuenta:
1229 5415 1348 5468 vitis
1397 5423 1447 5468 et
1487 5416 1594 5469 uini
1625 5417 1869 5486 dignatus
1899 5429 1976 5473 est
2021 5437 2210 5489 cogno-

652 5520 823 5563 mento
851 5507 1012 5573 lano,
1055 5507 1190 5578 quod
1217 5505 1459 5561 Arameis
1497 5521 1650 5561 sonat
1685 5510 1880 5578 vitifer,
1917 5521 1967 5565 et
2000 5514 2205 5583 rinifer.

647 5602 720 5655 At
749 5618 867 5655 vero
902 5601 1072 5656 Cham
1106 5616 1225 5653 cum
1260 5598 1465 5669 publice
1494 5614 1843 5669 corrumperet
1873 5604 2091 5658 mortale
2116 5623 2206 5675 ge-

649 5706 770 5756 nus,
792 5709 1027 5746 asserens
1039 5701 1088 5747 et
1113 5693 1284 5761 reipsa
1305 5706 1586 5762 exsequens
1621 5693 2052 5762 congrediendum
2074 5714 2204 5763 esse,

648 5786 709 5832 ut
753 5788 871 5832 ante
902 5780 1315 5847 inundationent,
1350 5797 1467 5836 cum
1500 5782 1776 5850 matribus,
1809 5788 2094 5853 sororibus,
2140 5790 2207 5858 ﬁ-

2324 1923 2562 1983 Historia
2598 1929 2725 1985 item
2754 1934 3079 1992 scholastica
3124 1938 3181 1992 in
3224 1938 3409 1995 ches.
3452 1959 3559 2013 cap.
3596 1964 3731 2012 κων,
3757 1951 3836 2006 bis

2322 2015 2501 2072 aﬁinia
2522 2020 2731 2077 scribit.
2762 2022 2958 2093 Ninus,
2991 2027 3186 2098 inquit,
3218 2030 3345 2084 uidit
3377 2030 3539 2097 C/tam,
3561 2040 3647 2105 qui
3667 2040 3827 2094 adbuc

2322 2107 2518 2163 vivebat
2564 2119 2615 2165 et
2658 2114 2907 2184 regnabat
2955 2119 3094 2187 apud
3136 2120 3465 2186 Bactrianos,
3487 2129 3551 2180 rel
3573 2139 3622 2181 ut
3658 2132 3815 2199 placet

2321 2201 2466 2267 aliis,
2486 2203 2541 2258 in
2563 2204 2810 2272 Thracia,
2824 2217 2873 2262 et
2899 2211 3263 2280 appellabatur
3289 2211 3591 2282 Zoroastres,
3609 2222 3805 2277 inmittor

2321 2297 2537 2367 magica:
2573 2301 2728 2364 artis,
2757 2303 2845 2370 qui
2875 2306 2935 2357 et"
2961 2303 3097 2358 hanc
3127 2315 3177 2359 et
3230 2317 3420 2376 septem
3455 2309 3659 2368 liberales
3690 2327 3801 2370 artes

2320 2388 2376 2442 in
2414 2391 2807 2460 quatuordecim
2833 2395 3091 2451 columnis
3136 2402 3366 2469 scripsit,
3398 2414 3584 2473 septem
3610 2409 3752 2469 uncis,
3771 2419 3813 2462 et

2320 2488 2511 2548 septem
2544 2481 2788 2539 lateritiis
2815 2496 2999 2542 contra
3026 2491 3217 2559 duplex
3249 2494 3390 2548 orbis
3417 2496 3685 2563 excidium,
3712 2501 3821 2569 quod

2320 2571 2560 2638 futurum
2587 2574 2851 2644 audierat,
2882 2580 3106 2636 alterum
3126 2598 3218 2651 per
3253 2602 3466 2655 aquam,
3498 2589 3702 2643 alterum
3730 2607 3824 2645 rem

2318 2680 2410 2734 per
2439 2666 2627 2737 ignem.
2660 2666 2835 2724 Ninus
2877 2684 3050 2728 autem
3083 2676 3242 2731 libros
3269 2679 3384 2747 ejus
3416 2682 3705 2737 combussit.
3743 2682 3827 2738 llo-

2319 2758 2441 2811 rtim
2469 2758 2602 2815 ﬁdes
2625 2777 2790 2831 penes
2820 2764 2892 2818 sit
2928 2766 3078 2835 ipsos
3121 2777 3390 2828 auctores.
3413 2772 3550 2827 ‘Mibi
3595 2790 3827 2846 nunquam

2320 2847 2375 2902 id
2407 2851 2810 2919 persuadebunt
2865 2862 2919 2911 et
2972 2858 3142 2913 Cham
3197 2862 3424 2932 magicis
3469 2865 3672 2922 artibus
3707 2868 3831 2921 incu-

2319 2939 2523 3007 buisse,
2557 2953 2611 2998 et
2635 2946 2893 3001 veneﬁcia
2920 2949 3178 3007 adversus
3218 2959 3425 3021 patrem
3457 2957 3764 3020 exercuisse,
3788 2966 3829 3011 et

2319 3032 2586 3090 columnis
2624 3038 2808 3104 amcis,
2855 3048 2948 3092 aut
2985 3041 3256 3108 lateritiis,
3288 3046 3534 3115 magicen
3567 3062 3600 3101 a
3629 3050 3827 3117 parenti-

2319 3123 2422 3179 bus
2468 3136 2743 3198 acceptam
2794 3117 3056 3188 adversus
3105 3133 3250 3187 illam
3304 3150 3570 3206 aquarum
3634 3140 3830 3197 illuviem

2321 3233 2694 3288 conservasse,
2729 3229 2782 3276 et
2810 3222 3150 3280 Zoroastrcm
3197 3229 3535 3284 nominatum
3596 3248 3698 3286 una
3737 3249 3827 3286 cum

2321 3305 2461 3362 Nino
2498 3312 2836 3367 atrocissime
2862 3329 3154 3386 pugnasse,
3208 3332 3238 3371 a
3284 3334 3391 3388 quo
3426 3322 3655 3388 victum,
3682 3332 3729 3378 et
3764 3340 3831 3378 su-

2320 3408 2587 3469 peratum,
2618 3404 2870 3476 illiusque
2916 3407 3084 3464 libros
3127 3411 3441 3470 combustos
3489 3414 3693 3482 fuisse;
3738 3433 3830 3471 cum

2321 3507 2422 3547 nec
2466 3501 2766 3563 temporum
2819 3500 2980 3563 ratio,
3010 3516 3112 3555 nec
3153 3504 3450 3561 auctoritas
3491 3507 3731 3574 Patrum,
3758 3526 3830 3564 nec

2320 3585 2500 3639 divina
2529 3587 2741 3657 eloquia
2777 3589 2830 3644 id
2860 3602 3127 3647 asserant.
3158 3593 3448 3651 Maximum
3477 3598 3624 3654 inter
3653 3600 3829 3666 Ninum,

2318 3682 2373 3730 et
2430 3676 2808 3745 Zoroastrem,
2861 3688 2915 3736 et
2972 3682 3251 3739 Noeticum
3309 3688 3570 3743 diluvium
3620 3694 3830 3761 temporis

2321 3768 2554 3837 Spatium
2587 3770 2913 3829 intercessit.

2386 3857 2546 3927 lbid.,
2579 3862 2675 3917 lin.
2702 3862 2793 3918 20.
2820 3865 2975 3931 Χοῦς
3001 3866 3071 3932 ἐξ
3093 3863 3165 3924 οὗ
3199 3870 3339 3924 Χοῦ.
3392 3869 3667 3943 Josephus
3695 3894 3707 3927 :
3731 3872 3830 3926 τεσ-

2319 3950 2498 4021 σάρων
2528 3952 2642 4024 γὰρ
2667 3953 2850 4025 Χάμου
2879 3957 3081 4014 παίδων
3102 3961 3429 4030 γενομένων,
3451 4002 3457 4009 .
3480 3966 3737 4017 Χουσαῖον
3760 3965 3833 4033 μὲν

2316 4045 2463 4098 οὐδὲν
2487 4046 2714 4115 ἔϐλαψεν
2744 4049 2772 4099 ὁ
2795 4050 2981 4120 χρόνος
3004 4067 3018 4080 ·
3047 4051 3301 4115 Αἰθίοπες
3328 4055 3453 4124 γὰρ,
3476 4050 3550 4109 ὧν
3574 4052 3750 4129 ἦρξεν,
3773 4057 3831 4107 ἔτι

2316 4137 2411 4190 καὶ
2440 4138 2531 4191 νῦν
2563 4139 2667 4192 ὑπὸ
2709 4140 2912 4195 ἑαυτῶν
2940 4159 2998 4196 τε
3030 4144 3122 4196 καὶ
3165 4144 3272 4196 τῶν
3294 4148 3352 4199 ἐν
3386 4151 3451 4219 τῇ
3479 4149 3637 4220 Ἀσίᾳ
3662 4152 3831 4204 πάντων

2315 4229 2570 4283 Χουσαῖοι
2602 4231 2908 4286 καλοῦνται.
2930 4232 3282 4299 Eusebius,ct
3311 4238 3612 4295 Cltronicon
3642 4243 3831 4314 Alexan-

2316 4322 2550 4388 drinum,
2615 4324 2757 4388 Χοῦς
2786 4327 2844 4392 ἐξ
2872 4322 2932 4382 οὗ
2964 4327 3238 4396 Αἰθίοπες,
3274 4332 3434 4402 stirps
3456 4319 3761 4404 IEtbiopum
3790 4333 3831 4384 in

2315 4413 2504 4466 ultima
2549 4428 2645 4466 ora
2680 4414 2913 4484 Africus;
2947 4425 3001 4471 et
3031 4421 3170 4488 apud
3220 4419 3565 4477 Ptolemzeum
3628 4428 3683 4479 in
3724 4426 3833 4479 inte-

2317 4504 2458 4557 riore
2484 4513 2636 4572 parte
2675 4507 2854 4578 Libya:
2883 4527 3079 4567 numen
3108 4523 3191 4576 est
3224 4514 3479 4572 Chusitte.
3618 4505 3630 4516 ’

2388 4595 2519 4651 Ibid.
2548 4598 2821 4668 Μεστρὲμ
2840 4602 2909 4666 ἐξ
2930 4599 3023 4659 οὗ.
3043 4603 3310 4676 Joscpbus
3336 4628 3348 4663 :
3395 4611 3666 4686 Ἐτηρήθη
3695 4616 3744 4669 δὲ
3765 4616 3833 4669 καὶ

2309 4688 2601 4758 Μεσραίοις
2633 4693 2668 4762 ἡ
2700 4694 2837 4748 κατὰ
2867 4696 2963 4766 τὴν
2994 4701 3358 4773 προσηγορίαν
3390 4707 3598 4778 μνήμη.
3635 4711 3735 4781 Τὴν
3752 4710 3834 4779 γὰρ

2310 4779 2578 4846 Αἴγυπτον
2608 4782 2850 4856 Μέσρην,
2903 4788 2997 4841 καὶ
3040 4791 3345 4864 Μεσραίους
3375 4796 3498 4860 τοὺς
3537 4779 3836 4867 Αἰγυπτίοες

2311 4870 2548 4935 ἅπαντες
2578 4874 2626 4925 οί
2659 4875 2861 4948 ταύτην
2890 4880 3159 4947 οἰκοῦντες
3207 4885 3491 4957 καλοῦμεν.
3556 4889 3801 4947 Eusebius
3820 4930 3832 4951 ,

2309 4963 2623 5036 Μεστραῒμ,
2659 4966 2951 5025 Cltront'con
2976 4971 3391 5031 Alexandrinum
3419 5019 3434 5045 ,
3468 4982 3764 5054 Μεσραεὶμ,
3789 4982 3833 5046 ἐξ

2307 5047 2369 5107 οὗ
2400 5056 2701 5126 Αἰγύπτιοι,
2728 5069 2782 5115 et
2819 5061 3053 5121 Joannes
3083 5065 3449 5125 Antiucltenus
3480 5073 3534 5127 in
3561 5075 3833 5130 Are/ncola-

2306 5148 2416 5219 οἱα,
2451 5150 2509 5202 Ὀ
2542 5151 2649 5204 ἀπὸ
2707 5155 2838 5225 Χὰμ
2885 5157 2979 5210 τοῦ
3016 5159 3133 5211 υἱοῦ
3184 5162 3304 5215 Νῶε
3339 5166 3596 5239 Μεστρὲμ
3651 5173 3724 5233 είς
3756 5168 3832 5221 Δῖ-

2307 5256 2511 5308 γυπτον
2542 5245 2826 5318 ἀπῳκίσθη
2853 5264 2866 5278 ο
2903 5251 2996 5303 καὶ
3030 5251 3122 5304 ἀπ’
3159 5255 3321 5308 αὐτοῦ
3368 5258 3569 5331 ἐκλήθη
3601 5264 3634 5334 ἡ
3675 5262 3829 5334 χώρα·

2307 5330 2368 5382 τὸ
2392 5331 2500 5402 γὰρ
2528 5334 2786 5407 Μεστρὲμ
2813 5339 3083 5410 Ἐϐραϊστὶ
3122 5345 3388 5413 Αἴγυπτον
3415 5330 3583 5421 δηλοί.

2378 5421 2535 5484 lbib..
2560 5428 2654 5481 lin.
2680 5430 2770 5484 ‘21.
2819 5433 2972 5485 Φοὺτ
3008 5438 3238 5492 Φουτοί.
3291 5439 3559 5512 Iosephus
3589 5462 3604 5498 :
3642 5449 3830 5500 Ἐκτισε

2306 5513 2364 5568 δὲ
2387 5517 2479 5570 καὶ
2504 5519 2707 5592 Φούτης
2738 5524 2835 5596 τὴν
2862 5528 3083 5601 Λιϐύην,
3110 5533 3341 5600 Φούτους
3366 5536 3461 5590 ἀπ’
3489 5541 3650 5594 αὑτοῦ
3697 5539 3831 5594 καλέ·

2310 5623 2407 5670 σας
2428 5610 2551 5673 τοὺς
2593 5614 2932 5686 ἐπιχωρίους.
2971 5622 3125 5676 Ἔστι
3170 5625 3227 5679 δὲ
3274 5631 3366 5683 καί⁵
3416 5634 3653 5704 ποταμὸς
3693 5635 3743 5686 ἐν
3770 5632 3830 5703 τῇ

2307 5700 2545 5772 Μαύρων
2579 5704 2730 5777 χώρᾳ
2756 5708 2912 5763 τοῦτο
2951 5713 3089 5785 ἔχων
3119 5717 3178 5770 τὸ
3204 5719 3391 5792 ὄνομα.
3423 5700 3585 5781 Ὅθεν
3616 5700 3830 5788 καὶτοὺς

2312 5792 2590 5861 πλείστους
2619 5800 2725 5855 τῶν
2752 5803 3072 5870 Ἑλληνικῶν
3105 5811 3526 5878 ἱστοριογράφων
3557 5820 3696 5875 ἐστιν
3723 5822 3829 5875 ἰδεῖν
