4064 6290
539 387 679 449 1003

1890 377 2136 438 LEONIS
2182 360 2452 436 ΑιιΑτιι

3647 367 3674 417 1
3685 367 3803 418 004

536 509 589 566 οἱ
638 505 906 580 ’Δσσύριοι
925 521 938 536 ⁶
972 501 1260 576 Ἀρφαξάδ,
1287 501 1347 567 ἐξ
1365 494 1424 556 οὗ
1456 500 1504 554 ol
1534 498 1818 553 Χαλδαῖοιο
1853 497 2010 562 Δοὺδ,
2040 495 2093 591 ἐξ

2201 493 2416 591 Βθδὶιιε
2464 492 2520 546 in
2574 502 2694 560 cap.
2750 502 2806 542 ιι
2857 484 3042 540 Gener.
3090 491 3244 556 putat
3299 480 3538 583 Mpysem
3590 479 3794 578 dedita

538 591 602 655 οὗ
635 603 682 654 οἱ
710 597 987 662 Μάζωνες,
1006 594 1098 649 καὶ
1123 593 1314 665 Μῆδοι,
1340 594 1432 648 καὶ
1457 591 1692 664 Πέρσαι·
1729 588 1923 661 Ἀρὰμ,
1947 587 2005 653 EE
2036 580 2097 639 οὗ

538 693 592 747 οί
624 689 828 746 Ἐκταί.
869 687 966 748 .Ex
1022 686 1221 757 quibus
1258 683 1486 740 emendo
1533 689 1737 738 textum
1783 679 2095 735 Eustatbii:

539 782 707 838 Πέντε
737 777 831 832 καὶ
860 777 979 848 Σὴμ
1008 775 1192 838 παῖδες
1226 775 1490 844 ἐγένοντο.

609 871 725 927 Col.
750 867 873 934 757,
893 869 986 922 lin.
1005 867 1092 923 16.
1120 865 1237 921 Υἱοὶ
1253 865 1318 919 δὲ
1333 865 1437 919 τοῦ
1454 861 1638 933 Ἀράμ.
1659 859 1924 931 Josephus
1947 878 1959 913 :
1981 859 2100 912 Τῶν

540 964 597 1018 δὲ
625 963 862 1034 Ἀράμου
897 961 1120 1026 παίδων,
1150 959 1426 1028 τεσσάρων
1450 957 1637 1018 ὄντων,
1669 952 1850 1022 Οὖσης
1871 953 1965 1023 μὲν
1992 952 2102 1005 κτί-

539 1052 622 1118 ζει
641 1053 738 1123 τὴν
763 1053 1092 1123 Τραχωνῖτιν
1124 1049 1216 1104 καὶ
1243 1047 1549 1119 Δαμασκόν.
1585 1046 1739 1116 Μέση
1767 1044 1822 1097 δέ
1859 1046 1971 1097 ἐστι
2002 1042 2099 1113 τῆς
2124 1101 2126 1103 μ

537 1143 899 1216 Παλαιστίνης
941 1143 1034 1198 καὶ
1065 1141 1268 1212 Κοίλης
1319 1140 1542 1211 Συρίαςο
1590 1137 1875 1209 Ἀρμενίαν
1923 1136 1979 1189 δὲ
2009 1135 2101 1188 Ὅ-

536 1253 682 1309 τρος,
718 1237 810 1291 καὶ
857 1234 1076 1307 Γέθερις
1127 1231 1490 1305 Βακτριανούς
1515 1247 1526 1260 ⁸
1586 1231 1782 1300 Μήσας
1825 1227 1881 1280 δὲ
1906 1228 2099 1298 Μησα-

537 1330 751 1392 ναίους·
779 1327 1014 1382 Πασίνου
1041 1325 1216 1397 χάραξ
1245 1327 1300 1378 ὲν
1339 1327 1450 1387 τοῖς
1481 1323 1577 1378 νῦν
1607 1323 1875 1379 καλεῖται.
1929 1320 2098 1374 Euse-

538 1421 724 1476 sebius
751 1438 764 1474 :
795 1419 916 1472 Υἱοὶ
943 1417 1139 1490 Ἀράμ·
1161 1419 1274 1483 Ὣς,
1298 1417 1389 1485 ἀφ’
1413 1409 1472 1470 οὗ
1501 1414 1787 1485 Τράχωνες
1806 1430 1818 1442 ·
1852 1411 1978 1477 Οὓλ,
2006 1412 2098 1479 ἀφ’

537 1504 599 1565 οὗ
631 1509 940 1580 Μαγαρδοί’
981 1507 1173 1581 Γάθερ,
1208 1507 1298 1576 ἀφ’
1331 1499 1390 1559 οὗ
1432 1504 1736 1576 Ἀρμένιοι·
1770 1501 1970 1572 Μοσδχ,
2005 1502 2096 1570 ἀφ’

537 1599 598 1659 οὗ
623 1604 940 1673 Μεσσήνιοι.
992 1600 1283 1656 Cltronicon
1312 1598 1727 1652 Alexandrinum
1756 1613 1774 1651 :
1809 1597 1920 1661 Ὧς,
1951 1596 2009 1660 ἐξ
2036 1589 2095 1648 οὗ

536 1697 851 1752 Μαδιναῖοι·
890 1693 1018 1757 Οΰλ,
1049 1693 1110 1758 ἐξ
1133 1687 1191 1748 οὗ
1240 1692 1429 1746 Λυδοί·
1478 1691 1517 1743 Γ
1521 1689 1673 1762 άθερ,
1704 1689 1759 1755 ἐξ
1799 1681 1859 1741 οὗ
1889 1688 2099 1761 Γαριρη-

536 1787 618 1842 νοί
646 1804 660 1818 ·
693 1786 898 1858 Μοσὸχ,
955 1784 1015 1849 ἐξ
1046 1779 1106 1839 οἵ)
1165 1781 1497 1854 Ἀλασσηνοί.
1545 1780 2095 1835 Animadvertendum

540 1878 718 1934 obiter
745 1884 830 1933 est
864 1876 931 1932 de
953 1875 1069 1931 Uxe
1099 1875 1381 1931 conditore
1413 1872 1684 1930 Damasci.
1712 1872 2093 1943 llieronymus,

538 1970 596 2025 in
627 1969 826 2036 Quaest.
857 1968 1130 2023 Hebraicis
1159 1969 1214 2021 in
1244 1963 1394 2032 Gen.,
1435 1983 1554 2038 cap.
1589 1984 1622 2022 ι
1657 1971 1711 2022 et
1755 1981 1862 2031 xw,
1892 1965 2096 2034 colligit

537 2066 663 2114 ante
690 2057 964 2114 Abraham
1017 2055 1338 2112 Damascum
1403 2055 1574 2112 fuisse
1623 2055 1917 2118 conditam,
1972 2069 2095 2108 cum

534 2149 739 2206 Abram
800 2149 1081 2205 insecutus
1141 2147 1212 2203 sit
1281 2152 1512 2218 quatuor
1559 2147 1680 2203 illos
1719 2160 1871 2216 reges
1925 2159 2095 2214 usque

536 2240 710 2303 Heba,
730 2256 851 2311 quae
879 2246 964 2296 est
987 2239 1055 2296 ad
1083 2240 1268 2294 laevam
1300 2233 1570 2295 Damasci.
1608 2235 1711 2293 Sed
1736 2236 1875 2292 idem
1909 2233 2096 2290 Hiero-

534 2330 977 2402 nymus,cap.15
1012 2328 1251 2384 Historia
1285 2326 1890 2396 scholastica,_Tostatus
1907 2336 1959 2381 et
1980 2325 2093 2392 alii,

536 2434 793 2484 asserunt
823 2426 1146 2481 Damascum
1169 2424 1356 2480 urbem
1379 2439 1410 2478 a
1444 2422 1708 2478 Damasco
1729 2437 1885 2477 servo
1915 2419 2093 2474 Abra-

537 2518 619 2575 hzc
672 2517 843 2573 fuisse
904 2523 1257 2571 exstructam.
1293 2513 1524 2582 Sicque
1577 2520 1820 2583 tempore
1864 2513 2094 2568 Abrahae

536 2621 565 2658 a
612 2605 796 2677 Moyse
851 2620 946 2676 per
979 2603 1420 2673 anticipationem
1470 2601 1794 2674 appellatum
1836 2601 1986 2655 illttm
2016 2601 2094 2655 lo-

535 2707 682 2755 cmn,
707 2699 777 2746 .ut
825 2705 922 2746 sua
953 2700 1110 2746 aetate
1139 2690 1528 2761 appellabatur.

604 2779 762 2844 lbid.,
795 2780 994 2835 lin.21.
1021 2781 1138 2834 Υἱοὶ
1177 2779 1483 2849 Ἀρφαξάδ.
1518 2778 1818 2834 Eusebius:
1844 2772 2094 2850 ΥίοὶἋρ·

535 2871 727 2942 φαξὰδ,
762 2870 989 2934 Καϊνὰν,
1015 2871 1107 2941 ἀφ’
1135 2863 1195 2923 οὗ
1225 2870 1514 2941 Γασφηνοί.
1548 2869 1839 2924 Chronicon
1869 2869 2093 2925 Alexan-

533 2963 749 3018 drinum
776 2979 794 3017 :
827 2961 1053 3027 Καϊνὰν,
1091 2961 1150 3029 ἐξ
1185 2954 1244 3015 οὗ
1274 2963 1578 3033 Σαρμᾶται.
1609 2961 1684 3018 De
1706 2961 1908 3017 Cainan
1932 2978 2094 3033 genco

533 3056 746 3111 ratione
771 3055 865 3110 diu
902 3055 1044 3125 apud
1085 3063 1337 3110 auctores
1370 3056 1570 3125 agitata
1603 3055 1994 3125 contrqversia,
2039 3063 2093 3109 et

2199 571 2382 650 ope'ra,
2415 580 2509 636 sed
2539 579 2689 650 justa
2714 577 2925 632 ratione
2949 576 3090 629 hanc
3127 571 3529 645 generationem
3565 571 3790 624 transi-

2199 673 2368 737 liisse,
2418 669 2676 741 quoniam
2713 671 2977 724 statuerat
3008 661 3122 718 Noe
3161 661 3228 716 ad
3267 659 3541 714 Abraham
3579 657 3786 712 decem

2199 764 2402 834 gradus
2429 761 2692 816 duntaxat
2725 771 3033 820 recensere,
3066 753 3208 808 sicut
3241 751 3453 805 fuerant
3483 750 3682 804 decem
3711 749 3787 804 ab

2199 855 2407 910 Adamo
2452 869 2626 924 usque
2656 853 2722 907 ad
2768 850 2899 905 Noe.
2953 846 3143 902 Merito
3184 845 3347 900 etiam
3385 841 3780 913 Septuaginta,

2199 953 2252 1000 et
2289 960 2384 1000 eos
2413 952 2661 1000 secutum
2691 941 2754 995 D.
2779 939 2980 994 Lucam
3020 950 3138 991 eam
3169 948 3278 988 non
3313 932 3645 1003 praeteriisse
3669 945 3785 1000 ρυ-

2199 1044 2297 1102 tat,
2334 1049 2496 1104 quam
2536 1033 2748 1104 Moyses
2789 1027 3070 1101 praeteriit,
3105 1023 3231 1094 quia
3261 1038 3372 1076 non
3413 1020 3783 1076 attendebant

2199 1127 2266 1182 ad
2299 1127 2448 1181 illum
2493 1138 2777 1180 numerum
2811 1118 3116 1181 denarium,
3152 1114 3247 1170 sed
3290 1120 3596 1169 statuerant.
3635 1128 3781 1168 exa-

2199 1226 2346 1272 ctum
2375 1216 2693 1286 Catalogum
2715 1213 2956 1269 omnium
2985 1209 3207 1267 omnino
3235 1206 3642 1276 generationum
3667 1221 3777 1275 po-

2199 1325 2346 1365 nere.
2377 1308 2618 1379 Denique
2646 1307 2709 1362 D.
2742 1306 3124 1376 Hieronymus,
3153 1303 3246 1357 ﬁdi
3295 1301 3608 1368 interpretis
3649 1297 3774 1353 oili-

2198 1406 2282 1458 cio
2317 1401 2534 1458 functus
2566 1401 2686 1465 fuit,
2713 1415 2831 1456 eam
2872 1398 3154 1462 omittcns,
3181 1394 3381 1450 etenim
3410 1408 3534 1447 cum
3569 1408 3634 1446 ex
3657 1391 3766 1448 He-

2197 1495 2340 1550 braeo
2365 1494 2512 1549 fonte
2561 1500 2819 1556 verteret,
2867 1490 3054 1545 debuit
3096 1488 3368 1549 omittere,
3397 1486 3542 1555 quod
3573 1487 3631 1539 in
3661 1484 3768 1539 lle-

2197 1590 2358 1645 brazis
2387 1588 2669 1643 codicibus
2710 1601 2818 1641 non
2859 1595 3157 1654 repererat.
3199 1580 3401 1636 Contra
3447 1578 3510 1634 D.
3560 1578 3757 1642 Lucas,

2197 1682 2325 1753 quia
2356 1681 2681 1752 sequebatur
2716 1677 3069 1749 Septuaginta
3097 1675 3426 1738 versionem,
3460 1672 3650 1727 debuit
3675 1686 3760 1741 po-

2198 1791 2347 1839 nere,
2380 1774 2523 1844 quod
2553 1772 2696 1843 apud
2729 1787 2822 1827 eos
2855 1769 3157 1840 legebatur,
3193 1775 3247 1823 et
3276 1766 3497 1824 veritati
3523 1779 3758 1819 consen-

2198 1878 2417 1924 taneum
2448 1874 2585 1932 erat,
2616 1873 2669 1921 et
2714 1865 2781 1919 ad
2821 1863 3192 1918 diﬁicultatem
3224 1882 3238 1919 :
3273 1862 3385 1918 Cur
3416 1861 3583 1931 igitur
3625 1860 3758 1930 Sep-

2196 1961 2441 2031 tuaginta
2482 1966 2800 2030 posuerunt,
2835 1971 2958 2010 cum
3003 1962 3194 2011 essent
3225 1955 3565 2024 interpretes,
3605 1952 3748 2020 quod

2196 2052 2250 2106 in
2279 2051 2509 2106 Hebraeo
2529 2067 2638 2106 non
2661 2049 2984 2114 habebatur,
3007 2055 3059 2102 et
3083 2062 3206 2100 cum
3231 2058 3339 2100 non
3370 2045 3470 2114 ipsi
3492 2044 3550 2096 ad
3576 2043 3743 2096 dena-

2194 2144 2336 2199 rium
2386 2144 2536 2198 illum
2579 2141 2951 2207 attenderunt,
2994 2138 3282 2210 respondet
3316 2137 3442 2191 illos
3480 2151 3604 2205 saepe
3629 2149 3735 2189 non

2195 2238 2549 2307 interpretum
2596 2240 2828 2298 tantum,
2862 2233 2956 2288 sed
2997 2241 3050 2288 et
3096 2232 3582 2304 metaphrastarum
3620 2227 3733 2282 iuno

2193 2338 2309 2383 ctos
2335 2325 2527 2390 cilicio,
2550 2333 2603 2380 et
2627 2325 3012 2396 pr0phetarum
3037 2338 3273 2394 quoque,
3301 2329 3464 2393 atque
3496 2322 3572 2375 ita
3595 2320 3731 2374 nobis

2193 2417 2353 2474 etiam
2380 2413 2743 2470 immediatam
2773 2412 3172 2485 generationem
3205 2410 3492 2480 Arphaxad
3522 2408 3740 2462 voluisse

2193 2509 2537 2568 conservare,
2563 2518 2725 2575 quam
2753 2501 3017 2559 D..Lucas
3041 2503 3384 2573 postmodum
3411 2502 3750 2579 exbibiturus

2191 2604 2329 2652 erat.
2378 2595 2485 2649 Alii
2529 2594 2932 2665 generationem
2976 2594 3124 2648 illam
3173 2609 3274 2649 nec
3323 2609 3353 2647 a
3403 2592 3750 2662 Septuaginta

2191 2687 2538 2743 translationi
2580 2687 2866 2751 insertam,
2911 2702 3012 2742 nec
3058 2684 3347 2757 Evangelio
3390 2700 3425 2741 a
3475 2682 3535 2738 Ι).
3591 2683 3752 2751 Luca,

2191 2781 2289 2836 sed
2324 2779 2392 2833 ab
2430 2779 2636 2848 aliquo,
2673 2779 2924 2832 nesciunt
2965 2792 3146 2846 quem,
3180 2787 3233 2831 et
3264 2777 3542 2831 nonnullis
3572 2775 3754 2844 conje-

2192 2871 2363 2926 ct'uris
2391 2870 2786 2926 demonstrant.
2835 2865 3077 2923 'Arduum
3129 2884 3260 2923 sane
3307 2876 3391 2924 est
3440 2869 3493 2922 in
3541 2884 3598 2923 re
3645 2877 3752 2921 tam

2189 2961 2340 3035 gravi
2368 2968 2575 3018 certum
2603 2961 2757 3032 quid,
2785 2969 2838 3016 et
2869 2960 3085 3016 veritati
3111 2961 3456 3015 consentiens
3486 2959 3750 3029 proferre,

2191 3069 2358 3108 unum
2383 3055 2524 3109 enim
2557 3051 2866 3117 defendere,
2896 3062 2980 3110 est
3010 3053 3174 3107 alium
3199 3066 3481 3115 accusare,
3519 3067 3637 3122 quis
3664 3067 3758 3107 ac-

532 3147 710 3203 adhuc
729 3145 1032 3217 subjudice
1053 3147 1121 3201 lis
1137 3155 1237 3201 est.
1263 3144 1391 3199 Eam
1414 3154 1839 3201 commemorant
1865 3144 2090 3216 Septua-
2116 3165 2158 3222 ς
2191 3144 2401 3199 cusatio
2427 3152 2479 3199 et
2503 3143 2666 3213 impia
2696 3154 2840 3198 esset
2873 3154 2925 3198 et
2958 3144 3226 3198 catholico
3258 3143 3474 3197 homine
3504 3144 3751 3212 indigna.

531 3239 683 3309 ginta
713 3237 1062 3308 lnterpretes,
1114 3248 1168 3293 et
1199 3236 1263 3291 D.
1292 3236 1490 3303 Lucas,
1538 3253 1658 3308 cap.
1695 3239 1730 3294 5
1766 3236 2093 3309 Evangelij

531 3331 790 3396 historice,
847 3346 964 3386 eam
997 3338 1316 3402 agnoscunt,
1353 3338 1545 3402 praeter
1573 3332 1750 3387 dictos
1806 3337 2090 3396 auctores,

527 3424 890 3496 Augustinus,
923 3423 1017 3478 lib.
1048 3438 1137 3477 xvi
1171 3421 1249 3478 De
1267 3423 1478 3478 civitate
1500 3423 1614 3491 Dei,
1635 3439 1754 3493 cap.
1781 3423 1867 3488 10,
1899 3433 1950 3478 et
1978 3423 2090 3487 alii,

528 3531 670 3586 quos
703 3531 811 3570 non
858 3521 943 3570 est
974 3529 1111 3584 opus
1145 3506 1249 3568 hic
1286 3530 1588 3571 recensere.
1649 3514 1928 3585 Scriptura
1978 3513 2091 3571 He-

528 3606 738 3670 braica,
759 3612 813 3660 et
829 3605 1178 3676 paraphrasis
1201 3605 1490 3660 Chaldaica
1510 3620 1575 3659 ne
1599 3606 1820 3660 verbum
1851 3605 2088 3676 quidem.

530 3695 763 3762 Quinam
798 3695 962 3766 igitur
996 3694 1120 3750 falsi
1159 3702 1307 3759 sunt,
1343 3707 1397 3749 et
1433 3695 1724 3750 errarunt?
1777 3694 2092 3765 Septuagin-

533 3794 608 3852 ta‘,
634 3802 700 3841 an
732 3784 992 3842 Hebraea?
1014 3801 1137 3847 cum
1165 3795 1448 3857 utramque
1475 3802 1656 3842 veram
1687 3802 1807 3842 esse
1835 3787 1951 3841 ﬁeri
1982 3803 2088 3842 non

532 3881 727 3950 possit.
785 3879 1059 3945 Pererius,
1094 3879 1300 3950 disput.
1346 3881 1434 3945 Η,
1481 3880 1576 3934 lib.
1606 3894 1741 3944 xvn,
1792 3880 2090 3936 sententias

529 3971 686 4041 punit
718 3971 921 4037 varias,
952 3981 1005 4026 et
1035 3970 1232 4026 refellit
1261 3971 1485 4041 prolixe.
1537 3971 1871 4042 Augustinus
1910 3970 2092 4043 Eugu-

530 4061 694 4118 binus
723 4061 856 4116 dicit
906 4063 997 4116 illa
1037 4063 1314 4118 additione
1365 4061 1716 4134 Septuaginta
1761 4064 2088 4134 lnterpretes

529 4167 766 4217 errasse,
799 4159 854 4208 et
900 4167 1086 4208 eorum
1115 4168 1354 4209 errorem
1388 4145 1658 4220 secutum,
1692 4155 1814 4224 quis
1857 4170 1964 4208 non
2013 4154 2090 4208 in-

531 4243 909 4298 horresceret?
957 4242 1018 4298 D.
1066 4242 1292 4299 Lucam.
1349 4243 1674 4313 Cajetanus,
1735 4243 2088 4316 Septuaginta

530 4334 680 4388 illam
719 4334 967 4389 addendo
995 4349 1229 4399 errasse,
1265 4334 1332 4390 Ι).
1361 4351 1486 4390 vero
1511 4333 1710 4389 Lucam
1739 4337 1990 4391 excusari
2021 4337 2088 4391 ab

529 4441 739 4491 errore,
764 4441 888 4480 cum
918 4434 1138 4482 secutus
1169 4427 1238 4481 sit
1261 4441 1380 4495 quae
1406 4426 1671 4481 invenerit
1694 4426 1835 4496 apud
1857 4424 2086 4496 Septua-

2195 3237 2346 3293 Unus
2377 3245 2430 3292 et
2459 3237 2598 3292 idem
2628 3235 2866 3307 Spiritus
2899 3237 3081 3291 divino
3105 3236 3358 3305 impulsu,
3387 3235 3674 3306 alﬁatuque
3703 3243 3757 3290 ct

2192 3344 2411 3384 manum
2452 3327 2653 3399 Moysis
2683 3328 3033 3391 scribentem,
3063 3335 3114 3383 et
3157 3327 3511 3397 Septuaginta
3541 3336 3759 3382 verten-

2195 3428 2324 3484 tem,
2370 3426 2422 3473 et
2467 3417 2530 3472 D.
2564 3416 2724 3474 Luca:
2767 3426 3096 3488 repetentem
3142 3417 3372 3474 fovendo
3415 3421 3577 3475 rexit.
3625 3418 3758 3484 Quis

2193 3508 2336 3563 hunc
2368 3507 2625 3580 Spiritum
2657 3509 2715 3562 in
2741 3507 2882 3564 Luca
2915 3509 3000 3564 vel
3033 3509 3382 3580 Septuaginta
3415 3511 3755 3574 mendacem,

2192 3601 2247 3655 in
2281 3600 2461 3673 Moyse
2493 3615 2763 3667 veracem,
2795 3601 2880 3656 vel
2909 3611 3120 3666 contra,
3152 3601 3270 3657 sine
3301 3604 3539 3655 maxima
3571 3603 3757 3671 impie-

2192 3693 2318 3746 tatis
2347 3700 2494 3757 nota,
2529 3703 2583 3748 et
2621 3693 2902 3747 catholica:
2945 3692 3069 3748 ﬁdei
3112 3693 3440 3748 detrimento
3476 3707 3754 3748 assevera-

2192 3783 2306 3837 bit?
2341 3782 2397 3837 Si
2428 3782 2726 3838 secundum
2757 3783 3038 3850 Basilium,
3065 3783 3216 3839 hom.
3237 3783 3302 3837 10
3327 3785 3379 3837 in
3403 3782 3583 3838 Cenes.
3606 3826 3620 3850 ,
3653 3783 3753 3838 Di-

2191 3893 2304 3930 rere
2343 3876 2552 3929 rerbam
2596 3875 2806 3946 aliquod
2835 3891 2948 3929 esse
2991 3875 3044 3928 in
3086 3873 3380 3943 Scripturis
3419 3877 3654 3936 otiosum,
3690 3881 3745 3926 et

2191 3985 2653 4039 supervacaneum,
2685 3968 3007 4038 blasphemia
3030 3978 3126 4034 est,
3164 3967 3295 4038 quid
3323 3968 3422 4023 erit
3449 3967 3501 4020 in
3521 3965 3626 4021 illis
3649 3978 3738 4019 cr.

2192 4078 2364 4128 rores,
2396 4061 2639 4133 falsaque
2679 4061 3018 4117 concedere?

2262 4153 2418 4220 lbid.,
2446 4154 2544 4209 lin.
2577 4153 2667 4208 24.
2709 4153 2890 4218 sua,
2937 4152 3039 4220 ἀφ’
3087 4146 3158 4207 οὗ
3201 4149 3531 4206 Σουσιανοί.
3574 4146 3746 4203 Euse-

2192 4249 2318 4304 bius
2353 4264 2368 4302 :
2419 4245 2614 4310 Σασὰν,
2648 4243 2745 4314 ἀφ’
2781 4237 2841 4298 οὗ
2886 4246 3130 4298 Κοσαῖοι.
3183 4243 3474 4298 Chronicon
3508 4240 3746 4296 Alexan-

2191 4340 2421 4393 drinum.
2461 4336 2625 4402 Σαλά,
2657 4337 2722 4400 ἐξ
2743 4330 2802 4390 οὗ
2836 4335 3166 4390 Σαλαθιαῖοι..

2259 4427 2417 4493 lbid.,
2451 4427 2547 4481 lin.
2592 4426 2681 4482 26.
2727 4426 2858 4493 Υἱὸς
2892 4425 2997 4479 τοῦ
3043 4423 3205 4479 Σαλὰ
3231 4425 3415 4491 Ἔϐερ.
3440 4421 3747 4493 Iosephus:

530 4520 702 4589 ginta,
735 4517 990 4582 veritum,
1052 4534 1120 4573 ne
1169 4518 1387 4572 diversa
1439 4532 1466 4570 a
1522 4516 1873 4587 Septuaginta
1920 4519 2088 4572 Inter-

2204 4518 2534 4590 Ἀρφαξάδου
2564 4517 2620 4570 δὲ
2663 4516 2869 4586 γίνεται
2898 4519 3025 4580 παῖς
3055 4515 3247 4584 Σαλῆς,
3273 4512 3364 4566 τοῦ
3406 4513 3461 4566 δὲ
3493 4513 3749 4584 Ἔὸαρος,

533 4609 775 4679 pretibus
807 4607 1114 4673 scribendo,
1143 4607 1324 4662 minus
1344 4607 1503 4677 vulgo
1532 4607 1730 4675 scripta
1759 4621 1856 4661 sua
1888 4609 2085 4677 proba-

531 4707 740 4755 rentur.
755 4698 990 4756 Joannes
1012 4698 1253 4754 Lucidus
1285 4697 1360 4752 De
1392 4698 1751 4752 emendatione
1781 4707 2089 4765 temporum,

530 4798 583 4847 et
604 4789 971 4845 Hartmannus
997 4791 1321 4846 Contractus
1347 4791 1402 4844 in
1431 4789 1700 4845 Chronieis
1727 4790 1898 4854 aiunt,
1919 4805 2088 4844 unum

530 4890 586 4938 et
610 4882 860 4938 eumdem
878 4882 1046 4938 fuisse
1077 4881 1220 4946 Sale,
1246 4891 1301 4938 et
1328 4882 1554 4946 Cainan,
1575 4883 1962 4952 corriguntque
1979 4889 2098 4938 tex-

531 4982 645 5028 tum
671 4971 732 5026 D.
764 4972 924 5028 Luca:
954 4973 1262 5040 "1,55,56:
1296 4973 1397 5038 Qui
1429 4973 1528 5042 fuit
1563 4972 1705 5038 Sale,
1724 4975 1812 5043 qui
1838 4975 1940 5044 fuit
1974 4973 2093 5029 Cai-

530 5079 658 5128 nan,
685 5063 740 5116 in
779 5061 884 5128 Qui
913 5062 1013 5132 fuit
1043 5061 1184 5126 Sale,
1217 5063 1306 5132 qui
1332 5071 1380 5115 et
1410 5060 1637 5116 Cainan.
1672 5061 1926 5131 Aloysius
1964 5059 2096 5130 Lip-

531 5168 799 5227 pomanus
827 5155 882 5206 in
920 5167 1035 5223 cap.
1068 5170 1119 5207 xi
1145 5152 1328 5207 Genes.
1361 5151 1700 5230 et_Melchior
1747 5151 1930 5206 Canus
1963 5151 2090 5206 libr.

531 5262 570 5300 tt
616 5244 692 5299 De
719 5245 848 5298 locis
891 5242 1207 5312 tlteologicis,
1239 5242 1404 5311 capit.
1451 5241 1536 5307 18,
1575 5251 1904 5298 censuerunt
1952 5241 2091 5295 hanc

531 5337 940 5407 generationem
971 5335 1173 5390 Cainan
1204 5349 1329 5388 vere
1357 5335 1498 5388 inter
1538 5334 1824 5404 Arphaxad
1860 5342 1914 5387 et
1965 5330 2089 5386 Sala

531 5428 943 5493 intercessisse;
974 5440 1200 5495 eamque
1220 5423 1570 5499 Septuaginta
1599 5425 1678 5478 vel
1709 5440 1775 5478 ex
1798 5431 1946 5478 certa
1977 5439 2090 5476 ma-

529 5519 713 5587 jorum
754 5517 1042 5572 traditione
1076 5516 1162 5571 vel
1202 5531 1268 5570 ex
1309 5515 1549 5569 historiis
1591 5514 1693 5569 ﬁde
1745 5515 1926 5584 dignis
1979 5530 2092 5570 sua:

534 5610 881 5664 translationi
925 5609 1242 5675 inseruisse,
1281 5621 1443 5680 quam
1489 5605 1700 5679 Moyses
1749 5607 1928 5662 sciens
1961 5622 2094 5678 pru-

535 5698 779 5768 deusque
831 5688 1268 5770 praetermiserat,
1325 5708 1382 5753 ut
1431 5698 1628 5753 seriem
1685 5699 2091 5769 generationum

535 5791 830 5848 decadibus
873 5807 980 5848 non
1022 5793 1139 5848 sine
1170 5789 1351 5865 aliquo
1397 5790 1656 5865 mysterio
1692 5790 1994 5861 perﬁceret,
2036 5801 2088 5846 et

2194 4604 2290 4680 ἀφ”
2323 4602 2382 4662 οὗ
2426 4611 2550 4672 τοὺς
2592 4607 2873 4671 Ἰουδαίους
2918 4607 3199 4679 Ἐϐραίους
3227 4606 3461 4679 ἀρχῆθεν
3503 4605 3746 4659 ἐκάλουν.

2193 4701 2458 4757 Eusebius
2485 4699 2694 4773 :"E6ep,
2717 4701 2807 4772 ἀφ’
2830 4695 2890 4754 οὗ
2924 4699 3177 4770 Ἑϐραῖοι.
3204 4699 3495 4754 Cliront'con
3521 4699 3750 4752 Alexan-

2193 4793 2402 4846 drinum
2446 4808 2464 4845 :
2503 4791 2674 4862 Ἔϐερ
2718 4790 2777 4856 ἐξ
2820 4783 2880 4843 οὗ
2914 4790 3179 4844 Ἀλϐανοί.
3215 4790 3296 4845 Ab
3346 4790 3449 4844 hoc
3495 4787 3750 4843 Hebraeos

2191 4898 2313 4938 esse
2362 4882 2762 4946 denominatos,
2808 4889 3065 4952 tanquam
3109 4881 3383 4944 Hebraeos,
3433 4887 3487 4934 et
3538 4893 3644 4932 non
3684 4878 3754 4930 ab

2193 4975 2426 5029 Abraam
2457 4975 2622 5029 tradit
2654 4976 3014 5045 Augustinus,
3043 4975 3139 5028 lib.
3166 4990 3254 5028 χιί
3285 4972 3362 5028 De
3389 4972 3599 5026 civitate
3629 4969 3751 5032 Dei,

2192 5081 2312 5135 cap.
2350 5064 2383 5120 5
2409 5083 2421 5123 :
2459 5063 2580 5119 Non
2608 5064 2833 5133 frustra,
2863 5064 3060 5133 inquit,
3091 5065 3201 5132 ipse
3219 5065 3418 5133 primus
3449 5063 3754 5116 nominatus
3786 5132 3788 5135 ι

2193 5166 2268 5211 est
2293 5159 2345 5210 in
2367 5157 2610 5226 progenie
2637 5157 2864 5218 ueniente
2890 5157 2954 5209 de
2978 5154 3119 5219 Sem,
3143 5165 3191 5210 et
3217 5154 3469 5226 prazltuus
3491 5163 3570 5208 est
3591 5153 3754 5205 etiam

2194 5250 2345 5318 ﬁliis,
2372 5264 2488 5302 cum
2539 5249 2608 5301 sit
2655 5248 2865 5318 quintus
2903 5263 3058 5315 nepos
3090 5263 3113 5300 :
3155 5247 3262 5301 nisi
3304 5248 3429 5317 quia
3471 5261 3645 5299 rerum
3677 5252 3755 5296 est

2193 5339 2334 5409 quod
2384 5338 2612 5392 traditur
2655 5353 2718 5390 ea:
2765 5337 2857 5390 illo
2910 5336 3156 5392 Ilebrtros
3201 5353 3312 5391 esse
3357 5336 3755 5407 cognominatos

2196 5442 2443 5501 tanquam
2479 5428 2749 5494 Hebrteos,
2780 5447 2896 5482 cum
2923 5440 2971 5483 et
3001 5430 3110 5483 alia
3140 5431 3302 5498 possit
3333 5444 3443 5482 esse
3474 5427 3666 5494 opinio,
3699 5433 3754 5475 ut

2193 5533 2257 5570 ea:
2288 5517 2554 5570 Abraham
2593 5525 2841 5587 tanquam
2871 5517 3083 5572 Abraazi
3125 5517 3253 5571 dicti
3300 5533 3410 5572 esse
3455 5515 3748 5569 rideantur.

2197 5606 2299 5661 Sed
2322 5607 2567 5660 nimirum
2595 5606 2689 5661 hoc
2712 5623 2883 5660 verum
2916 5617 3014 5672 est,
3046 5607 3182 5678 quod
3209 5621 3271 5662 ex
3299 5604 3468 5664 Heber
3505 5601 3747 5658 Πείθενωὶ

2198 5698 2447 5768 appellati
2487 5707 2626 5763 sunt,
2655 5715 2715 5751 ac
2749 5698 2868 5752 inde
2895 5715 3001 5752 una
3036 5699 3271 5752 detracta
3300 5697 3474 5751 littera
3498 5692 3708 5749 Ilebra-i
3727 5732 3744 5747 .
3790 5696 3792 5698 ’

2199 5808 2356 5863 quam
2385 5791 2615 5878 linguam
2645 5790 2786 5845 solus
2823 5789 2995 5845 Israel
3023 5791 3240 5859 populus
3274 5789 3441 5860 patuit
3479 5787 3711 5842 obtinere
3731 5824 3746 5838 .
