4064 6290
339 374 485 435 1803

1304 368 1370 432 In
1422 365 1786 433 EUSTATiill
1838 361 2311 432 mmmam};
2346 372 2577 433 noue.

3431 382 3570 439 1006

335 493 398 549 in
418 508 521 563 quo
550 488 649 545 Dei
680 488 885 554 civitas,
908 493 1034 547 etin
1061 495 1257 547 sanctis
1287 496 1617 565 peregrinata
1648 506 1746 562 est,
1773 505 1822 548 et
1850 496 1901 548 in
1936 506 1976 562 Α
2005 495 2232 564 ρΙιοηέω,
2262 504 2316 550 et
2344 494 2495 550 alibi.
2517 492 2781 566 Origenes
2810 489 2971 571 hom;
3001 490 3064 547 11
3096 490 3149 544 in
3181 489 3344 547 Nam.
3377 490 3568 548 Hiero-

338 580 583 636 omnibus
605 592 939 637 sacramenta
964 582 1300 640 adumbrata.
1334 582 1401 638 Et
1433 586 1524 641 lib.
1567 602 1604 639 u
1645 585 1898 650 Retract.,

340 688 468 743 cap.
506 672 595 736 M,
632 674 937 743 posthabita
966 676 1139 743 prima
1169 674 1447 745 opinione,
1489 676 1544 730 in
1576 691 1681 747 qua
1727 677 1903 733 fuerat

341 763 660 834 aliquando,
689 765 837 830 quod
861 767 931 819 ab
954 765 1187 820 Abraam
1210 766 1339 821 dicti
1368 767 1477 822 sint
1507 766 1737 831 Hebraei,
1764 767 1903 820 hanc

341 857 592 911 eamdem
634 858 944 926 opinionem
979 858 1100 912 aliis
1146 857 1397 927 praetulit.
1449 857 1702 912 Eamdcm
1742 866 1901 913 tuen-

343 955 458 1013 tur,
493 946 763 1004 Eusebius
788 951 843 1003 in
865 950 1091 1005 exordio
1123 964 1236 1005 suae
1261 947 1645 1022 Clironologiw,
1672 950 1905 1005 Aracius

342 1038 697 1095 Caesariensis
730 1042 784 1095 in
813 1040 963 1106 Gem,
996 1041 1357 1113 Hieronymus
1380 1041 1776 1096 Traditionibus
1796 1039 1905 1094 He~

342 1128 541 1184 braicis
564 1131 620 1184 in
639 1126 763 1186 Cen.
795 1148 915 1202 cap.
956 1146 1065 1196 va,
1096 1140 1150 1188 et
1183 1133 1359 1188 secuti
1388 1142 1515 1187 sunt
1544 1131 1706 1196 Beda,
1741 1131 1905 1185 Isido-

344 1236 465 1284 rus,
494 1221 755 1294 Lyranus,
788 1222 1098 1292 Eugubinus
1134 1223 1578 1279 annotationibus
1607 1224 1661 1277 in
1695 1220 1900 1288 Genes.,

342 1326 467 1382 cap.
499 1329 613 1376 inv,
648 1322 702 1367 ct
738 1313 847 1366 alii.
878 1310 1189 1384 Artapanus
1229 1313 1373 1383 apud
1402 1311 1693 1367 Eusebium
1725 1311 1818 1366 lib.
1850 1327 1901 1364 tx

342 1401 425 1456 De
451 1405 830 1472 praparatione
860 1404 1092 1474 evangel.
1124 1419 1245 1474 cap.
1280 1404 1403 1467 ult.,
1437 1419 1530 1459 cos
1558 1404 1633 1457 ita
1673 1402 1906 1473 appella-

344 1502 434 1550 tos
471 1495 636 1550 refert
684 1512 748 1550 ex
802 1496 1035 1550 Abraam
1079 1496 1346 1566 principe,
1399 1510 1464 1549 ac
1509 1501 1734 1565 parente
1783 1494 1903 1563 ejus

343 1589 523 1655 gentis
574 1587 942 1647 nobilissimo,
996 1597 1051 1643 et
1095 1590 1223 1644 dicti
1280 1596 1409 1643 sunt
1460 1585 1693 1652 Hebraei,
1746 1586 1902 1655 quasi

341 1678 576 1734 Abrami.
612 1678 942 1750 ’Δρτάπανος
985 1679 1042 1734 δέ
1084 1696 1244 1749 φησιν
1289 1680 1347 1731 ἐν
1394 1678 1517 1743 τοῖς
1571 1674 1904 1749 Ἰουδαϊκοῖς

340 1772 469 1835 τοὺς
514 1771 609 1842 μὲν
657 1770 939 1835 Ἰουδαίους
982 1770 1338 1842 ὀνομάζεσθαι
1374 1769 1655 1842 Ἐρμιοὺθ,
1696 1769 1724 1821 ὃ
1768 1764 1903 1821 εἶναι

2003 602 2199 658 nymus
2226 575 2473 642 Oleaster
2501 588 2553 641 in
2585 600 2705 656 cap.
2733 600 2766 639 χ
2792 582 2974 639 Genes.
2999 594 3051 638 et
3080 581 3194 637 alii.

2074 679 2236 745 lbid.,
2289 679 2386 734 lin.
2442 680 2530 734 50.
2597 676 2835 733 Υἱοὶ-δὲ
2887 676 2992 730 τοῦ
3036 676 3226 743 Ἔϐερ.
3263 674 3568 732 Eusebius:

2000 769 2197 831 Φαλὲκ,
2248 771 2341 839 ἀφ’
2379 766 2439 824 οὗ
2479 769 2748 842 Βάκτροι·
2787 768 3104 840 Ἐλμωδὰμ,
3158 768 3249 837 ἀφ’
3288 762 3347 821 οὗ
3385 767 3567 821 Ἰνδοί’

2015 862 2238 926 Ἰεκτὰν,
2270 863 2360 930 ἀφ’
2383 855 2442 915 οὗ
2469 861 2768 915 Μαδιναῖοι.
2803 859 3094 937 Chronicon
3118 858 3569 915 Alexandrinum:

2001 953 2197 1018 Φαλὲκ,
2237 952 2296 1019 ἐξ
2325 947 2385 1007 οὗ
2421 954 2716 1022 κατάγεται
2743 953 2803 1006 τὸ
2837 952 2990 1021 γένος
3026 949 3273 1023 Ἀϐραὰμ
3302 950 3572 1022 κιτροπάλδτο-⁸

2007 1060 2127 1115 ρος-ο
2170 1044 2396 1111 Ἰεκτὰν,
2431 1045 2489 1111 ἐξ
2518 1039 2578 1099 οὗ
2610 1044 2882 1108 Αἰθίοπες.
3051 1114 3054 1118 λ

2071 1134 2230 1204 lbid.,
2270 1136 2366 1190 lin.
2410 1136 2499 1190 51.
2543 1136 2595 1188 '0
2629 1135 2696 1189 δὲ
2719 1135 2916 1191 Φαλὲκ
2960 1134 3074 1189 διά.
3109 1134 3449 1205 Nicephorus
3477 1146 3574 1205 pa-

2004 1226 2238 1281 triarcha
2265 1226 2896 1297 Constantinopolitanus
2916 1241 2971 1279 In
3000 1226 3428 1297 Clironographia
3450 1218 3572 1280 εἙν

2000 1315 2058 1369 δὲ
2096 1320 2215 1380 ταῖς
2257 1315 2488 1387 ἡμέραις
2521 1317 2696 1370 Φαλὲκ
2736 1316 3189 1388 διεμερίσθησαν
3223 1316 3302 1369 διὸ
3342 1317 3437 1371 καὶ
3476 1334 3573 1387 cn“¢

2007 1408 2183 1478 μαίνει
2211 1407 2270 1459 τὸ
2290 1407 2468 1460 Φαλὲκ
2489 1406 2657 1478 ὄνομα
2686 1410 2751 1479 τῇ
2791 1407 3050 1478 Ἐϐραίων
3075 1411 3224 1479 φωνῇ
3252 1410 3570 1479 μερισμός.

2003 1499 2112 1553 Καὶ
2136 1493 2291 1562 οὗτος
2319 1485 2425 1570 πρὸ
2459 1499 2551 1553 τοῦ
2581 1499 2709 1570 περὶ
2730 1499 2972 1570 τελευτᾷ.
2991 1500 3112 1552 Ἐπὶ
3141 1500 3327 1553 τούτου
3353 1503 3384 1572 ἡ
3430 1518 3571 1572 πυρ-

2001 1588 2218 1658 γοποιία
2249 1589 2498 1659 συνέστη,
2533 1590 2626 1642 καὶ
2666 1589 2772 1642 ἀπὸ
2805 1591 2933 1660 μιᾶς
2972 1591 3068 1660 τῆς
3096 1589 3260 1644 πάλαι
3293 1591 3569 1645 διαλέκτου

2003 1680 2312 1750 πολυφωνία
2352 1680 2563 1749 γέγονε.
2608 1681 2718 1735 Καὶ
2762 1682 2796 1752 ἡ
2832 1680 2951 1735 καθ’
2983 1681 3229 1759 ’ἕκαστον
3275 1682 3425 1747 ἔθνος
3463 1684 3572 1738 τῶν

2003 1772 2261 1841 γλωσσῶν
2300 1772 2583 1842 διαφωνία,
2615 1774 2778 1843 φησιν
2820 1775 2852 1845 ἡ
2906 1773 3023 1827 θεία
3066 1775 3276 1846 Γραφή.
3314 1773 3570 1830 Hebraeo-

345 1860 778 1933 μεθερμηνευθὲν
823 1861 965 1915 κατὰ
1011 1862 1108 1934 τὴν
1154 1862 1377 1916 Ἐλλάδα
1424 1862 1605 1933 φωνὴν
1639 1860 1891 1916 Ἰουδαῖοι.

2007 1877 2124 1915 rum
2156 1862 2245 1916 illa
2292 1861 2393 1916 fuit
2430 1863 2722 1928 sententia,
2756 1860 2935 1918 Heber
2961 1880 3215 1935 maguum
3250 1858 3421 1923 fuisse
3443 1875 3572 1936 pro~

340 1953 632 2008 Καλεϊσθαι
686 1953 744 2006 δὲ
808 1955 1004 2019 αὐτοὺς
1058 1955 1343 2026 Ἐϐραίους
1405 1956 1508 2009 ὑπὸ
1566 1955 1897 2026 Ἀϐραάμου.

339 2042 497 2099 Hunc
518 2045 810 2116 aliquando
838 2053 1062 2102 secutus
1092 2056 1174 2102 est
1200 2046 1539 2115 Augustinus
1563 2046 1598 2099 l.
1628 2062 1644 2099 ι
1673 2045 1750 2099 De
1775 2061 1899 2099 con-

334 2151 493 2191 sensu
524 2138 850 2208 evangelist.,
896 2154 1019 2209 cap.
1067 2139 1155 2202 li,
1193 2140 1411 2193 tandem
1461 2138 1553 2191 alii
1602 2139 1671 2193 ab
1723 2136 1903 2192 Hebar

331 2226 482 2295 quod
516 2223 709 2282 Latine
740 2236 825 2282 est
874 2228 1139 2290 transivit,
1188 2226 1443 2282 Hebraeos
1487 2228 1900 2298 cognominatos

332 2317 671 2383 existimant,
703 2325 758 2374 ct
784 2333 897 2374 non
927 2320 995 2375 ab
1034 2320 1333 2387 Abraham,
1366 2335 1544 2391 neque
1586 2322 1655 2376 ab
1698 2320 1897 2379 Hebcr.

270 2398 273 2401 Α
334 2409 513 2478 Hujus
542 2412 818 2481 opinionis
850 2413 999 2468 fuere
1032 2411 1316 2483 Origenes,
1352 2409 1620 2468 Diodorus
1662 2412 1901 2469 Tarsen-

337 2501 438 2566 sis,
468 2499 741 2570 Rupertus
787 2503 881 2559 lib.
910 2519 943 2552 ν
971 2502 1337 2559 Commentar.
1364 2504 1418 2558 in
1444 2502 1625 2559 Cenes.
1662 2520 1783 2574 cap.
1810 2520 1893 2572 x1;

334 2592 762 2665 Cbrysostomus
827 2595 973 2649 hom.
1034 2596 1103 2650 55
1174 2598 1232 2650 in
1295 2595 1474 2651 Cenes.
1527 2596 1898 2655 Theodorctus

336 2694 530 2754 quzest.
569 2684 639 2739 60
678 2685 732 2739 in
771 2682 953 2739 Cenes.
999 2699 1118 2741 eam
1164 2686 1239 2738 ita
1278 2684 1538 2748 defendit,
1584 2696 1642 2739 ut
1675 2686 1897 2756 opposi-

338 2787 449 2830 tam
479 2774 854 2846 reprehendat.
889 2773 945 2827 Si
986 2774 1154 2837 enim,
1204 2774 1399 2843 inquit,
1436 2773 1505 2828 ab
1546 2771 1742 2840 lleber,
1787 2772 1895 2827 lle—

336 2866 493 2931 ιιι-πὶ,
522 2876 577 2920 et
615 2866 799 2935 lingua
842 2863 1108 2918 Hebraica
1152 2879 1350 2918 nomen
1392 2862 1579 2929 traxit,
1611 2864 1896 2933 oportebat

337 2974 528 3013 omnes
556 2966 803 3030 posteros
833 2956 1008 3011 Heber
1045 2956 1343 3026 appellatos
1389 2953 1558 3011 fuisse
1605 2952 1883 3019 Ilebrwos,

338 3055 504 3115 atque
539 3060 604 3100 ea
631 3044 813 3113 lingua
857 3057 1006 3106 usos,
1034 3040 1181 3113 quod
1224 3040 1281 3095 in
1310 3038 1486 3112 Syris,
1522 3038 1798 3107 Moabitis,
1840 3050 1893 3096 et

335 3137 461 3193 aliis
487 3136 720 3205 posteris
758 3133 934 3189 Heber
965 3149 1076 3188 non
1129 3130 1378 3202 contigit.
1423 3130 1661 3201 Ideoque
1705 3142 1892 3187 censet

333 3229 630 3298 appellatos
660 3227 830 3281 fuisse
865 3225 1120 3281 Hebraeos
1163 3241 1231 3280 ex
1277 3239 1342 3280 eo
1383 3224 1529 3294 quod
1558 3224 1829 3279 Abraham
1863 3241 1893 3279 e

333 3319 553 3390 regione
581 3316 955 3373 Chaldaeorum
988 3317 1208 3372 veniens
1235 3317 1291 3371 in
1337 3315 1681 3370 Palaestinam
1713 3310 1897 3371 transi

331 3414 428 3466 ivit
468 3409 693 3467 ﬂuvium
725 3410 1076 3482 Euphratem.
1111 3408 1287 3464 llebra
1308 3409 1452 3464 enim
1492 3407 1752 3479 Syrorum
1785 3409 1892 3462 lin-

334 3521 437 3574 gua
464 3505 605 3560 idem
648 3504 851 3560 dicitur
883 3503 1029 3573 quod
1056 3501 1380 3572 Euphrates.
1412 3500 1616 3556 Paulus
1651 3501 1893 3571 Burgen-

335 3599 411 3653 sis
439 3607 625 3654 censet
674 3595 929 3652 Hebraeos
962 3610 1084 3650 esse
1110 3595 1522 3666 cognominatos
1547 3594 1703 3663 quasi
1738 3609 1894 3664 pere-

334 3682 544 3758 grinos,
569 3689 674 3743 hoc
695 3702 820 3744 esse
847 3696 1064 3757 etymon
1099 3686 1345 3740 vocabuli
1377 3686 1558 3755 lingua
1586 3685 1673 3738 illa
1702 3704 1714 3739 :
1743 3685 1810 3740 de
1834 3701 1892 3740 re

336 3795 445 3834 non
494 3793 615 3836 esse
673 3778 1057 3833 dubitandum.
1092 3775 1228 3842 Quis
1277 3777 1421 3831 enim
1468 3777 1644 3831 nescit
1673 3784 1889 3847 gentem

335 3872 482 3926 illam
524 3880 577 3926 et
624 3870 678 3925 in
717 3879 860 3926 terra
889 3868 1169 3932 Chanaan,
1202 3875 1255 3922 et
1299 3869 1353 3922 in
1381 3862 1616 3939 Aigypto
1648 3883 1768 3924 esse
1798 3885 1891 3939 pe-

335 3963 686 4034 regrinatam.

400 4054 517 4109 Col.
539 4053 884 4119 Ἱδῗσοῖτινες
904 4051 1021 4120 τὴν
1037 4050 1249 4121 ἀρχὴν.
1270 4049 1442 4105 [leber
1462 4064 1675 4120 pcenam
1693 4050 1824 4104 conf
1826 4067 1854 4103 ιι
1870 4080 1888 4090 -

333 4145 504 4202 sionis
539 4146 846 4216 linguarum
891 4143 1157 4207 evasisse,
1185 4143 1332 4214 quod
1364 4158 1502 4196 vana
1538 4142 1889 4198 molientibus

332 4253 436 4293 non
459 4238 836 4300 asscntirctur,
856 4235 1022 4292 refert
1046 4235 1248 4290 Catena
1270 4233 1455 4290 Graeca
1477 4236 1530 4288 in
1558 4233 1742 4290 Cenes.
1776 4236 1886 4288 Φα-

334 4331 412 4383 σὶν
434 4330 508 4391 ὡς
539 4330 686 4400 παρὰ
711 4327 788 4399 τῷ
808 4327 976 4399 Ἔϐερ
1007 4326 1150 4399 μόνῳ
1175 4324 1447 4397 ἐφυλάχθη
1471 4328 1503 4396 ἡ
1536 4324 1775 4394 γλῶσσα,
1812 4325 1889 4388 ὡς

336 4422 406 4493 μὴ
436 4422 816 4491 κοινωνήσαντι
857 4420 936 4480 εις
982 4416 1043 4470 τὺ
1088 4415 1177 4470 τοῦ
1213 4415 1422 4487 πύργου
1466 4414 1733 4485 τόλμημα.
1768 4413 1885 4467 Ma-

333 4527 521 4569 nasses
545 4512 601 4566 in
639 4509 834 4564 Annal.
869 4525 888 4564 :

330 4603 498 4676 Ἔϐερ
531 4601 598 4656 δὲ
623 4602 809 4671 μόνος
847 4599 959 4676 τῆς
985 4595 1217 4676 πληζῆς
1254 4597 1564 4665 ἐλεύθερος
1590 4594 1879 4676 ὐίτῆρξεν·

333 4676 411 4729 οὐ
439 4669 547 4744 ἀνὰρ
582 4669 1032 4740 σὺγκατετίϋετο
1057 4669 1181 4734 τοῖς
1210 4669 1741 4738 ματαιοπραγοῦσι.

331 4789 565 4845 Suidas:
605 4779 768 4850 Οὗτος
803 4785 863 4837 οὐ
892 4784 1204 4853 συνεποίησε
1239 4785 1349 4847 τοῖς
1387 4783 1757 4854 πυργοποιοῖς,
1785 4780 1880 4833 καὶ

328 4881 587 4952 διέμεινεν
623 4881 657 4950 ἠ
687 4877 960 4940 διάλεκτος
1004 4876 1163 4930 αὑτοῦ
1197 4874 1586 4955 ἀμετάϐληῖος.
1628 4873 1882 4929 Theodo-

328 4980 496 5037 retus,
534 4978 727 5043 quast.
759 4969 828 5025 59
853 4969 907 5023 in
937 4967 1151 5034 Genes.,
1194 4967 1629 5038 antiquissimam
1660 4967 1878 5036 lingua-

329 5079 445 5120 rum
477 5062 718 5118 omnium
765 5060 1040 5132 Syriacam
1085 5059 1379 5121 existimat,
1429 5056 1713 5113 Hebraaam-
1746 5072 1886 5112 vero

329 5155 555 5226 primum
593 5153 848 5208 traditam
881 5150 1053 5222 Moysi
1080 5165 1110 5204 a
1143 5147 1250 5205 Deo
1283 5149 1473 5205 fuisse.
1515 5147 1878 5215 Quemadmo-

328 5247 451 5301 dum
477 5245 709 5302 enim-in
748 5244 963 5314 templis
992 5241 1304 5298 Grzecorum
1331 5240 1552 5312 quidam
1583 5250 1710 5297 sunt
1736 5241 1881 5297 litte-

327 5350 505 5391 rarum
528 5336 872 5391 characteres
904 5333 1225 5407 peculiares,
1252 5348 1403 5403 quos
1417 5347 1609 5388 sacros
1640 5333 1879 5402 appella-

325 5438 471 5494 runt,
505 5429 587 5486 sic
630 5427 772 5485 Deus
813 5442 910 5499 per
935 5427 1138 5482 Mosam
1178 5425 1409 5501 donavit
1438 5425 1578 5480 hanc
1610 5425 1878 5496 linguam,

323 5539 427 5580 non
461 5523 677 5594 quidem
710 5522 1038 5585 naturalem,
1074 5520 1169 5577 sed
1213 5519 1280 5574 ad
1321 5519 1625 5574 docendum
1653 5519 1869 5590 quidem

323 5621 517 5685 aptam.
556 5612 755 5668 Verum
786 5612 944 5668 aliter
971 5621 1173 5668 etcum
1205 5618 1401 5666 nostro
1426 5608 1711 5666 Eustathio
1739 5629 1873 5668 con-

323 5705 479 5760 sentit
501 5704 839 5775 Augustinus
869 5703 941 5757 De
972 5705 1180 5759 civitate
1202 5703 1320 5768 Dei,
1343 5702 1440 5758 lib.
1473 5719 1587 5771 xvi,
1623 5719 1743 5775 cap.
1780 5705 1868 5765 il,

322 5808 370 5853 et
396 5797 491 5854 lib.
527 5812 681 5866 xvnt,
710 5813 831 5872 cap.
873 5796 978 5869 59;
1025 5796 1387 5869 Hieronymus
1420 5797 1473 5853 in
1508 5813 1625 5871 cap.
1661 5815 1719 5855 ιιι
1767 5798 1868 5856 δαμ-

2004 1953 2243 2023 phetam,
2271 1962 2435 2025 atque
2463 1954 2633 2008 divini
2662 1955 2906 2010 numinis
2929 1955 3104 2010 afﬂatu
3136 1966 3261 2012 ante
3301 1959 3566 2015 ducentos

2003 2058 2175 2100 annos
2220 2043 2459 2100 futurum
2505 2029 2873 2116 praevidendo,
2909 2062 3106 2102 nomen
3152 2038 3351 2104 P'lialcc
3392 2050 3570 2121 impo-

2003 2137 2197 2193 suisse.
2222 2136 2366 2193 Idem
2411 2138 2581 2195 sentit
2616 2138 3008 2217 Hieronymus,
3036 2142 3130 2214 qui
3164 2135 3218 2196 in
3252 2141 3571 2198 Traditiani

2001 2226 2096 2282 bus
2145 2226 2424 2284 Hebraicis
2471 2232 2524 2286 in
2578 2229 2763 2287 Cenes.
2813 2232 3042 2290 alIirmat
3092 2233 3267 2289 cher
3312 2235 3570 2290 vaticinio

1999 2320 2233 2391 quodam
2263 2320 2516 2379 videlicet
2557 2340 2625 2379 ex
2666 2323 2854 2380 futuro
2897 2330 3092 2383 eventu
3134 2328 3416 2385 divisionis
3462 2328 3570 2381 lin-

2005 2422 2235 2483 guarum
2276 2424 2475 2464 nomen
2517 2412 2845 2482 imposuisse
2888 2430 3008 2480 suo,
3042 2422 3094 2471 et
3143 2416 3568 2486 Chrysostomus

1999 2497 2145 2550 hom.
2178 2497 2249 2552 50
2291 2500 2347 2552 in
2393 2496 2574 2556 Cenes.
2596 2517 2614 2554 :
2641 2486 2954 2568 Considera,
3002 2506 3195 2576 inquit,
3229 2507 3574 2578 quemadmo-

1998 2586 2124 2643 dum
2154 2590 2230 2671 rei
2264 2589 2461 2659 futura:
2483 2593 2869 2675 pra’scientiam
2898 2600 3146 2652 vocabulo
3169 2601 3282 2653 nati
3304 2601 3453 2669 pueri
3477 2601 3570 2656 de»

1996 2682 2260 2760 claravit;
2294 2694 2351 2739 ut
2385 2702 2505 2763 cum
2535 2688 2731 2743 videris
2766 2705 2872 2744 rem
2913 2707 3063 2760 opere
3091 2693 3429 2763 adimpletam
3462 2712 3568 2750 non

1995 2773 2140 2857 ultra
2172 2776 2400 2843 mireris,
2423 2777 2611 2852 _videns
2632 2781 2882 2839 divinitus
2924 2784 2977 2837 id
3005 2786 3154 2854 pueri
3195 2789 3403 2843 nomine
3426 2804 3566 2857 pra:-

1993 2856 2212 2945 diclam.
2241 2863 2512 2937 Josepbus
2543 2878 2722 2925 tamen
2762 2870 2855 2927 lib.
2890 2887 2906 2926 ι
2934 2874 3192 2944 Autiquit.
3223 2883 3276 2929 ct
3302 2856 3569 2947 Augusti-

1995 2968 2121 3020 nus,
2152 2956 2249 3040 lib.
2294 2974 2384 3013 xvi
2428 2960 2506 3015 De
2548 2962 2758 3018 civitate
2786 2965 2903 3031 Dei,
2936 2982 3058 3038 cap.
3088 2968 3176 3034 Η,
3204 2984 3410 3025 nomen
3435 2970 3567 3037 hoc,

1992 3061 2102 3101 non
2126 3063 2190 3103 ex
2221 3046 2407 3107 futuro
2432 3062 2650 3121 eventu,
2683 3056 2780 3112 sed
2806 3073 2873 3114 eo
2901 3060 3044 3131 quod
3074 3059 3273 3116 factum
3303 3070 3451 3128 erat,
3469 3079 3567 3134 po-

1994 3138 2158 3216 situm
2188 3138 2379 3199 fuisse.

2066 3229 2226 3297 lbid.,
2271 3234 2370 3290 lin.
2410 3236 2501 3290 56.
2550 3240 2871 3310 Τρισχίλιοι
2916 3241 3054 3311 γάρ.
3099 3242 3185 3315 θα
3225 3246 3564 3315 temporibus

1993 3324 2159 3379 verba
2196 3324 2460 3384 facientes
2488 3316 2737 3386 auctores
2767 3331 2911 3386 haud
2954 3332 3302 3388 mediocriter
3331 3335 3474 3390 inter
3502 3351 3564 3391 se

1991 3412 2280 3481 dissident,
2322 3427 2374 3471 et
2400 3419 2551 3473 varia
2584 3420 2890 3490 proferunt,
2924 3430 2985 3477 ut
3016 3423 3234 3481 facilius
3262 3427 3333 3482 sit
3373 3427 3428 3481 in
3457 3427 3561 3483 hac
3594 3414 3599 3419 ’

1990 3518 2050 3558 re
2077 3506 2220 3575 quod
2257 3507 2399 3563 alius
2432 3508 2634 3566 dixerit
2673 3512 3097 3581 reprehendere,
3128 3531 3290 3585 quam
3337 3517 3563 3587 aliquod

1991 3598 2136 3666 quod
2171 3601 2598 3670 reprehensione
2625 3612 2802 3671 caret,
2840 3605 3117 3677 proferre;
3161 3623 3286 3663 cum
3316 3609 3560 3666 rationes

1989 3700 2044 3746 et
2081 3703 2423 3764 argumenta,
2459 3695 2658 3766 quibus
2684 3696 2798 3752 haec
2827 3705 3162 3764 statuuntur,
3191 3715 3302 3755 non
3332 3703 3560 3760 omnino

1989 3793 2158 3851 certa,
2191 3785 2288 3841 sed
2327 3785 2493 3842 dubia
2529 3788 2662 3843 sint.
2702 3785 2840 3844 Illud
2875 3790 3253 3862 unusquisque
3278 3808 3378 3863 pro
3405 3805 3561 3850 certo

1990 3876 2206 3940 habeat,
2235 3892 2295 3934 se
2331 3894 2395 3934 eo
2418 3878 2600 3936 minus
2627 3895 2834 3947 errare,
2858 3899 2969 3953 quo
2991 3884 3172 3939 minus
3198 3884 3269 3940 ab
3298 3884 3557 3942 Ecclesiae

1988 3968 2271 4024 catholica:
2300 3969 2591 4025 traditione
2632 3973 2835 4027 recedit
2879 3989 3044 4044 penes
3074 3990 3235 4045 quam
3264 3977 3460 4042 solam,
3499 3986 3555 4034 et

1987 4059 2192 4115 veritas
2216 4061 2461 4116 omnium
2489 4077 2694 4131 rerum,
2723 4071 2777 4119 et
2810 4064 3082 4121 certitudo
3106 4074 3210 4132 est,
3240 4067 3296 4121 in
3322 4067 3444 4122 aliis
3469 4068 3559 4123 in-

1988 4151 2133 4223 genii
2165 4151 2391 4210 humani
2431 4153 2658 4210 libidine
2691 4164 2745 4212 et
2789 4157 3016 4212 audacia
3064 4159 3246 4214 omnia
3291 4160 3554 4225 obscura,

1987 4249 2041 4297 et
2066 4244 2344 4300 sexcentis
2363 4245 2643 4302 erroribus
2666 4245 2964 4318 implicata.
2991 4247 3339 4306 Adducemus
3366 4258 3553 4306 tamen

1986 4350 2108 4406 quas
2135 4336 2226 4391 alii
2263 4338 2343 4391 uti
2378 4346 2549 4399 certa,
2585 4339 2693 4393 etsi.
2722 4354 2832 4394 non
2867 4354 2927 4393 re
2955 4354 3082 4395 vera
3113 4341 3189 4396 ita
3219 4341 3351 4404 sint,
3375 4343 3554 4397 tradi-

1986 4428 2205 4485 derunt.
2251 4427 2318 4483 Et
2358 4431 2501 4484 sicut
2544 4430 2797 4499 superius
2844 4431 3098 4497 diximus,
3144 4433 3287 4488 inter
3329 4429 3587 4492 Graecos

1914 4533 1959 4591 ι)
1985 4538 2285 4593 manesque
2313 4539 2431 4589 eos,
2461 4524 2554 4593 qui
2580 4521 2930 4595 Septuaginta
2952 4522 3311 4601 Interpretum
3340 4525 3546 4580 versio-

1983 4629 2108 4671 nem
2135 4614 2308 4671 secuti
2347 4621 2495 4677 sunt,
2525 4620 2580 4669 et
2607 4612 2831 4669 Latinos
2860 4614 3157 4671 maximum
3194 4630 3316 4672 esse
3348 4616 3546 4672 discri-

1980 4720 2125 4771 men,
2157 4720 2281 4760 cum
2318 4705 2372 4760 in
2410 4705 2782 4761 describendis
2821 4715 3074 4775 patrum,
3108 4714 3162 4762 et
3201 4708 3540 4781 patriarcha-

1979 4810 2098 4848 rum
2146 4794 2502 4865 temporibus,
2539 4794 2845 4851 differentia
2878 4804 3186 4868 temporum
3226 4799 3403 4869 spatia
3432 4809 3545 4854 sta-

1979 4887 2205 4941 tuerint.»
2227 4887 2536 4945 Fridericus
2558 4885 2870 4944 Husmanus
2893 4888 2948 4942 in
2974 4903 3075 4944 sua
3097 4888 3445 4962 Chronologia
3474 4896 3542 4951 ab

1978 4977 2108 5032 orbe
2150 4975 2393 5042 condito,
2434 4977 2503 5033 ad
2557 4992 2761 5033 annum
2816 4977 2885 5032 50
2942 4976 3140 5035 Phalec
3184 4995 3357 5037 annos
3405 4982 3550 5039 i788

1976 5076 2276 5133 enumerat,
2308 5076 2435 5124 ante
2476 5068 2761 5124 Christum
2799 5079 2986 5125 natum
3015 5070 3175 5136 2172,
3206 5083 3261 5128 et
3306 5072 3532 5129 Romam

1976 5157 2254 5213 conditam
2293 5158 2450 5222 1421,
2485 5158 2553 5214 ab
2585 5158 2748 5228 hujus
2792 5161 3068 5230 opinione,
3113 5164 3292 5234 quoad
3336 5179 3544 5219 annum

1978 5250 2047 5305 ab
2083 5250 2216 5307 orbe
2238 5250 2460 5307 condito
2485 5251 2552 5306 ad
2577 5252 2645 5311 30
2674 5251 2873 5309 Phalee
2905 5269 3011 5308 non
3053 5256 3207 5311 abest
3235 5255 3537 5310 Genebrar-

1977 5340 2080 5399 dus
2107 5341 2502 5415 Chronograph.
2535 5346 2662 5403 libr.
2695 5361 2731 5399 ι.
2767 5345 3118 5404 Cuumannus
3156 5347 3536 5405 Flinsbachius

1977 5432 2136 5502 1787,
2157 5431 2395 5490 Joannes
2425 5433 2698 5492 Funccius
2745 5437 2799 5492 in
2839 5436 3189 5507 Chronologia
3241 5436 3390 5491 I789.
3433 5435 3538 5493 No-

1974 5537 2086 5583 ster
2118 5537 2298 5584 tamen
2324 5527 2420 5584 hic
2448 5536 2640 5585 auctor
2669 5529 2737 5585 ad
2760 5530 3092 5584 nativitatem
3133 5527 3330 5583 Phalec
3363 5543 3542 5588 annos-

1971 5626 2056 5674 ter
2099 5619 2247 5675 mille
2278 5618 2454 5677 fuisse
2484 5622 2701 5692 elapsos
2730 5628 3027 5677 asseverat.
3074 5616 3179 5674 Sed
3227 5636 3336 5677 nos
3366 5619 3538 5682 etiam

1974 5710 2205 5765 inferius
2246 5712 2315 5767 de
2355 5712 2515 5789 annis
2562 5729 2591 5767 a
2628 5713 2834 5768 mundo
2863 5712 3135 5780 condito,
3153 5712 3217 5771 ad
3253 5712 3535 5774 Christum

1973 5812 2161 5859 natum
2182 5805 2441 5860 nonnulla
2465 5804 2727 5874 dicemus.
