4064 6290
368 374 505 431 1009

1376 371 1444 427 IN
1481 350 1854 429 susiwrnu
1890 366 2364 427 HEXAEMERON
2403 365 2632 423 Nom.

3458 348 3596 415 isto

366 489 683 546 Graecorum
738 493 864 557 post
916 485 1211 539 Alexandri
1255 494 1481 541 mortem
1533 484 1659 549 254,
1702 501 1734 541 a
1781 502 1944 556 regno
1973 491 2013 545 Α
2043 492 2306 552 quuntur.
2340 477 2514 534 Babbi
2551 474 2801 531 Nahsson
2847 474 2901 530 in
2928 473 3025 530 lib.
3058 472 3133 528 De
3171 470 3315 544 cyclo
3346 470 3596 526 Paschalt

363 570 676 634 Graecorum
726 589 900 645 usque
952 574 1019 632 ad
1049 572 1420 630 Romanorum
1464 576 1833 630 monarchiam
1877 582 1930 627 et

362 670 570 728 Christi
618 668 961 724 nativitatem
991 666 1095 723 522
1129 684 1142 722 :
1173 673 1305 722 sunt
1353 667 1482 722 anni
1540 681 1730 723 omnes
1767 668 1928 724 simul

362 762 524 819 5965.
556 760 712 817 Ubbo
765 759 1010 815 Emmius
1032 758 1242 814 Frisius
1274 758 1333 815 in
1375 758 1726 831 chronol'ogia
1751 772 1803 816 et
1840 776 1932 815 ca-

364 854 525 911 nonis
570 850 820 908 chronici
852 851 1174 922 compendio
1208 850 1528 907 brevissimo
1582 858 1638 907 et
1676 852 1926 922 pleniori,

365 960 538 1002 annos
561 942 724 1008 5950,
753 943 961 1000 scilicet
991 958 1021 998 a
1046 943 1322 998 creatione
1348 942 1537 998 mundi
1572 943 1638 999 ad
1665 944 1926 999 diluvium

366 1055 541 1096 annos
561 1036 721 1103 l657,
748 1038 815 1094 ad
836 1038 1175 1094 vocationem
1202 1036 1431 1092 Abrahae
1448 1036 1612 1102 2024,
1633 1036 1701 1093 ad
1724 1038 1925 1093 exitum

364 1147 429 1189 ex
463 1130 701 1201 Egypto
726 1128 888 1194 2455,
913 1129 980 1185 ad
1010 1129 1269 1200 templum
1298 1128 1604 1185 Salomonis
1648 1129 1924 1185 conditum

362 1220 526 1287 2952,
577 1221 645 1275 ad
698 1220 958 1291 templum
991 1219 1228 1276 deletum
1257 1220 1419 1285 5560,
1444 1219 1514 1274 ad
1546 1220 1804 1290 templum
1842 1221 1927 1274 iu-

364 1320 670 1369 stauratum
703 1312 861 1376 5551,
889 1310 957 1366 ad
990 1311 1273 1367 Christum
1302 1312 1359 1367 in
1386 1319 1533 1366 terra
1559 1318 1746 1366 natum
1763 1310 1923 1368 5950.

361 1404 601 1462 Joannes
630 1403 925 1460 Boulaesius
950 1403 1112 1467 5960,
1141 1404 1306 1476 idque
1335 1403 1539 1475 triplici
1574 1405 1661 1459 via
1701 1402 1926 1459 demon-

362 1505 519 1552 strat.
549 1497 726 1553 Prima
759 1498 1017 1553 saeculum
1065 1497 1302 1554 ethnicis
1335 1498 1579 1568 ignotum
1613 1505 1739 1553 ante
1777 1496 1923 1551 dilu-

360 1589 509 1643 vium
541 1588 698 1651 1657,
739 1603 964 1645 aureum
996 1588 1255 1647 saeculum
1294 1587 1419 1649 249,
1444 1599 1757 1661 argenteum
1796 1589 1919 1654 450,

359 1694 570 1735 aeneum
615 1677 749 1746 448,
798 1687 1082 1734 stanneum
1119 1678 1243 1741 427,
1293 1678 1527 1734 ferreum
1574 1679 1700 1743 240,
1748 1680 1922 1749 plum-

360 1771 521 1826 boum
551 1784 674 1824 cum
708 1767 986 1824 additione
1010 1754 1101 1836 46,
1126 1769 1251 1835 510,
1276 1776 1331 1824 et
1369 1770 1473 1825 hoc
1504 1770 1666 1824 modo
1694 1785 1921 1824 consur-

2030 575 2190 639 5740,
2221 574 2396 630 Rabbi
2427 571 2553 628 Levi
2592 572 2647 625 in
2681 585 2758 627 xli
2790 568 3028 624 Danielis
3059 566 3218 631 5781,
3254 564 3423 621 Rabbi
3485 563 3599 618 Mo-

2030 681 2118 724 ses
2139 665 2512 723 Gerundensls
2537 663 2702 726 4058,
2728 660 2943 716 menses
2973 660 3025 717 5.
3048 657 3114 712 Et
3141 658 3333 713 horum
3378 661 3597 711 senten-

2027 759 2135 822 tia,
2164 759 2242 813 uti
2270 757 2455 812 videre
2483 764 2587 819 est,
2624 752 2874 825 quamvis
2929 751 3114 815 variae,
3150 764 3251 805 nec
3296 746 3595 802 uniformes

2027 849 2301 914 videntur,
2351 853 2532 901 tamen
2593 856 2880 899 numerum
2935 839 3111 911 quinti
3149 835 3439 892 millenarii
3484 850 3592 889 non

2026 939 2318 997 excedunt.
2364 938 2549 992 Altera
2599 942 2683 991 est
2736 949 2947 997 eorum,
2983 931 3076 1002 qui
3132 943 3295 1001 supra
3343 928 3593 999 quintum

2025 1033 2393 1089 millenarium
2444 1028 2653 1084 addunt
2708 1027 2908 1081 multos
2961 1038 3157 1088 annos,
3188 1035 3364 1091 neque
3413 1027 3595 1074 tamen

2025 1124 2400 1182 consentiunt.
2432 1120 2773 1192 Augustinus
2799 1123 3054 1172 numerat
3084 1129 3258 1169 annos
3288 1112 3421 1169 5551
3451 1129 3466 1181 ;
3496 1111 3598 1169 lsi-

2025 1215 2193 1270 dorus
2234 1231 2267 1267 v
2314 1186 2646 1283 ‘Etymoiog.,
2701 1186 2861 1264 5210.
2917 1203 3144 1260 Orosids
3196 1203 3352 1266 5190,
3404 1201 3596 1258 Alfen-

2025 1323 2120 1363 sus
2148 1305 2311 1368 5984,
2346 1302 2613 1358 Eusebius
2637 1298 2779 1355 idem
2819 1298 2983 1352 sentit
3015 1310 3137 1351 cum
3166 1294 3386 1361 Orosio,
3418 1291 3597 1350 Theo-

2024 1396 2204 1466 philus
2253 1393 2628 1449 Antiochenus
2679 1390 2748 1444 ad
2793 1388 3108 1457 Autolycum
3156 1384 3313 1440 5476.
3380 1382 3596 1439 Nicetas

2024 1487 2117 1541 lib.
2146 1502 2160 1540 ι
2203 1484 2408 1539 Hister.
2440 1499 2560 1553 cap.
2605 1483 2674 1537 10
2693 1522 2707 1546 ,
2731 1480 2905 1545 5505;
2932 1477 3211 1532 Cedrenus
3236 1474 3397 1539 5506,
3423 1473 3596 1530 Graeci

2022 1577 2182 1647 vulgo
2207 1574 2347 1631 5508
2374 1583 2436 1630 ut
2454 1574 2508 1628 in
2528 1571 2692 1628 Sexta
2725 1568 2932 1643 synodo
2963 1582 3086 1638 cap.
3114 1568 3171 1624 5.
3200 1568 3258 1621 lu
3291 1566 3594 1637 Horologio,

2021 1676 2075 1724 ct
2106 1668 2250 1739 cyclo
2295 1664 2544 1720 Paschali
2597 1661 2927 1720 Nicodemus
2972 1662 3039 1718 de
3087 1659 3494 1715 resurrectione
3543 1666 3597 1713 et

2023 1760 2278 1831 passione
2325 1756 2537 1811 Domini
2582 1770 2712 1810 ann.
2765 1753 2928 1822 5500,
2982 1753 3086 1807 hoc
3130 1758 3215 1807 est
3251 1765 3281 1804 a
3318 1751 3597 1806 creatione

360 1870 496 1932 gunt
541 1861 611 1917 ab
640 1861 772 1917 orbe
799 1861 1020 1917 condito
1059 1835 1126 1915 ad
1158 1860 1363 1917 Christi
1393 1861 1731 1917 nativitatem
1762 1861 1922 1917 5960.
1955 1835 1997 1889 Β
2024 1850 2155 1904 Adae
2203 1847 2271 1903 ad
2325 1847 2586 1903 diluvium
2638 1844 2799 1910 9312,
2825 1860 2855 1898 a
2882 1843 3088 1899 diluvio
3123 1858 3296 1913 usque
3321 1843 3389 1897 ad
3424 1842 3595 1903 Abrae

364 1953 638 2016 Secunda,
661 1952 731 2006 ab
761 1952 917 2007 initio
943 1951 1128 2008 sarculi
1156 1953 1223 2008 ad
1254 1952 1518 2008 diluvium
1546 1952 1701 2017 1656,
1731 1966 1760 2005 a
1787 1952 1929 2006 dilu-

362 2046 454 2100 vio
489 2044 556 2100 ad
583 2042 781 2099 Ninum
815 2043 1168 2099 monarcham
1185 2043 1310 2109 249,
1343 2058 1372 2097 a
1401 2042 1540 2098 Nino
1560 2042 1628 2097 ad
1659 2040 1929 2098 Sardana-

357 2134 469 2206 pali
522 2133 684 2190 ﬁnem
732 2132 893 2196 1254,
927 2133 995 2188 ab
1035 2125 1256 2189 'Arbace
1297 2131 1364 2188 ad
1391 2129 1756 2187 Alexandrum
1809 2130 1926 2184 Ma-

354 2238 523 2297 gnum
567 2224 694 2291 495,
722 2225 791 2278 ab
812 2223 1124 2279 Alexandro
1149 2220 1342 2294 Magno
1372 2222 1439 2276 ad
1466 2220 1625 2276 ﬁnem
1649 2220 1798 2292 regni
1827 2219 1927 2292 Sy-

352 2316 453 2373 ria
487 2314 614 2380 255,
641 2329 673 2370 a
725 2314 885 2385 Syria
946 2327 1199 2385 possessa
1242 2327 1340 2384 per
1366 2311 1642 2367 Romanos
1671 2312 1737 2365 ad
1769 2310 1928 2366 Chri-

355 2414 505 2464 stum
550 2414 736 2463 natum
774 2406 866 2470 91,
900 2413 956 2461 et
1001 2406 1082 2461 sic
1113 2405 1242 2461 item
1271 2412 1433 2461 erunt
1463 2403 1624 2461 5960.
1658 2402 1862 2466 Tertia,
1894 2417 1925 2459 a

356 2497 635 2554 creatione
688 2496 877 2552 mundi
935 2495 1003 2553 ad
1053 2497 1317 2553 diluvium
1362 2494 1519 2562 1656,
1546 2510 1578 2551 a
1616 2495 1821 2551 diluvio
1859 2494 1925 2550 ad

354 2589 682 2660 completam
730 2588 798 2643 15
838 2589 1145 2661 dynastiam
1187 2587 1317 2653 292,
1374 2588 1430 2643 in
1463 2588 1530 2644 16
1580 2596 1633 2643 et
1669 2588 1734 2641 17
1758 2589 1925 2660 dyna-

357 2678 466 2735 stia
496 2678 638 2743 295,
677 2681 730 2734 in
765 2681 829 2737 l8
873 2681 1092 2752 dynast.
1140 2681 1276 2745 548,
1330 2679 1387 2735 in
1453 2679 1515 2734 l9
1558 2680 1774 2754 dynast.
1804 2680 1924 2741 194,

358 2773 415 2828 in
466 2774 821 2844 sequentibus
853 2788 948 2829 sex
976 2772 1244 2845 dynastiis
1271 2773 1397 2836 489,
1432 2789 1463 2827 a
1487 2771 1557 2827 26
1588 2760 1822 2844 ‘dyuast.
1857 2771 1924 2826 ad

354 2865 566 2922 obitum
602 2865 893 2921 Alexandri
924 2864 1048 2932 569,
1081 2879 1111 2918 a
1136 2871 1311 2921 morte
1337 2863 1630 2919 Alexandri
1662 2861 1925 2919 ad’Cht-i-

354 2963 503 3015 stum
530 2956 655 3023 519,
683 2965 737 3013 et
766 2958 847 3014 sic
897 2957 1024 3016 item
1067 2956 1356 3012 constituit
1385 2956 1456 3011 ab
1477 2955 1702 3012 exordio
1736 2955 1923 3009 mutuli

356 3043 428 3099 ad
454 3043 731 3102 Christum
775 3045 936 3101 5960.
980 3044 1258 3103 Gilbertus
1307 3045 1713 3103 Genebrardus.
1747 3044 1841 3099 lib.
1880 3062 1919 3105 ι.

353 3142 410 3233 et
442 3135 497 3233 in
531 3135 637 3194 line
785 3138 1066 3233 *ιμ’-4090,
1091 3138 1166 3233 ab
1189 3137 1335 3233 orbe;
1351 3138 1561 3233 scilicet
1589 3137 1811 3193 condito
1848 3137 1914 3192 ad
1951 3178 1992 3233 Ο

351 3226 656 3284 eluvionem
677 3228 825 3295 l656,
839 3228 956 3286 dies
975 3244 1099 3296 sex;
1118 3230 1187 3286 ab
1200 3231 1448 3287 eluvione
1470 3232 1537 3287 ad
1559 3242 1737 3288 ortum
1753 3233 1926 3287 Abra-

353 3317 498 3374 hami
552 3318 678 3389 295,
709 3320 829 3377 dies
880 3321 978 3389 10;
1030 3322 1098 3375 ab
1127 3321 1417 3378 Abrahami
1464 3330 1612 3387 ortu,
1638 3322 1703 3377 ad
1731 3333 1920 3395 egres—

352 3410 563 3465 sionem
591 3410 961 3467 lsraelitarum
984 3427 1051 3468 ex
1081 3410 1321 3484 Egypto
1345 3411 1471 3475 720,
1498 3413 1566 3468 ab
1590 3427 1818 3484 egressu
1855 3412 1922 3467 ad

346 3497 498 3571 jaota
530 3503 717 3573 templi
749 3503 1103 3559 fundamenta
1130 3503 1255 3569 480,
1276 3520 1305 3558 a
1333 3504 1703 3560 fundamentis
1732 3503 1918 3575 templi

352 3588 418 3644 ad
441 3591 806 3660 captivitatem
824 3592 1206 3665 Babylonicam
1223 3595 1350 3657 419,
1375 3610 1590 3651 menses
1612 3594 1666 3659 6,
1687 3608 1716 3648 a
1746 3596 1922 3667 Baby-
1944 3650 1971 3663 _,

355 3680 535 3736 ionica
572 3684 885 3752 captivitate
916 3685 984 3739 ad
1014 3686 1295 3741 Christum
1336 3692 1521 3741 natum
1555 3686 1678 3741 520.
1713 3684 1914 3742 Omnes

360 3779 493 3827 sunt
545 3771 701 3828 4089.
728 3773 784 3828 Si
837 3775 1004 3835 addas
1031 3776 1148 3831 dies
1178 3784 1232 3832 et
1261 3791 1495 3838 menses,
1531 3776 1637 3831 erit
1663 3776 1922 3834 nativitas

354 3860 560 3918 Christi
602 3876 748 3917 anno
785 3863 945 3918 4090.
979 3863 1217 3919 Joannes
1241 3862 1507 3934 Georgius
1539 3862 1835 3920 Hervartus
1863 3865 1920 3919 in

354 3970 456 4011 sua
504 3970 668 4021 nova,
698 3948 849 4013 et”ad
878 3956 1150 4011 calculum
1197 3957 1623 4012 astronomicum
1650 3965 1919 4012 revocatas

354 4045 721 4118 chronologite
776 4062 898 4117 cap.
955 4048 990 4102 5
1032 4056 1086 4102 et
1135 4036 1261 4115 264,
1302 4053 1494 4103 exacto
1546 4060 1688 4101 anno
1730 4046 1918 4102 mundi

351 4139 494 4195 5955
534 4138 968 4194 lucarnationem
1038 4137 1251 4194 Domini
1312 4138 1488 4194 nostri
1532 4137 1662 4195 Iesu
1711 4138 1916 4195 Christi

353 4233 526 4303 ponit,
554 4231 701 4303 quod
727 4246 799 4287 ne
844 4231 1050 4303 absque
1087 4231 1299 4287 ratione
1334 4246 1579 4287 asserere
1616 4230 1913 4296 videretur,

351 4325 635 4381 sententia:
690 4339 804 4381 suae
856 4322 1207 4379 fundamenta
1271 4322 1432 4393 jecit,
1471 4330 1526 4378 et
1570 4323 1625 4377 in
1677 4323 1911 4379 medium

356 4416 557 4470 attulit.
594 4414 856 4470 Numerat
883 4414 1025 4470 enim
1054 4428 1176 4469 cum
1207 4414 1330 4471 aliis
1363 4429 1429 4469 ex
1458 4414 1780 4469 auctoritate
1814 4412 1915 4469 lie-

2028 1939 2151 1994 ham
2182 1937 2308 2003 912,
2348 1939 2420 1994 ab
2445 1937 2718 1992 Abraham
2748 1936 2815 1990 ad
2847 1935 3082 2008 Moysem
3110 1934 3234 1998 450,
3261 1951 3289 1989 a
3319 1933 3498 2007 Moyse
3527 1935 3593 1989 ad

2028 2030 2197 2085 David
2246 2044 2429 2100 regem
2472 2027 2594 2094 510,
2621 2042 2653 2082 a
2708 2026 2912 2082 Davide
2950 2027 3018 2082 ad
3064 2026 3595 2098 transmigrationem

2028 2122 2320 2195 Babylonis
2351 2121 2475 2188 500,
2510 2137 2541 2175 a
2576 2120 3077 2190 transmigratione,
3114 2135 3285 2190 usque
3317 2119 3383 2175 ad
3415 2119 3599 2174 incar-

2027 2216 2299 2271 nationem
2327 2213 2530 2270 Christi
2567 2212 2702 2276 500;
2732 2211 2825 2281 qui
2853 2226 3044 2266 omnes
3072 2221 3194 2266 sunt
3225 2210 3382 2268 5500.
3428 2209 3594 2266 Chro-

2029 2307 2182 2361 nicon
2222 2304 2644 2360 Alexandrinum
2694 2302 2836 2358 5507
2859 2342 2875 2366 ,
2918 2300 3257 2373 Nicephorus
3287 2302 3595 2374 patriarcha

2024 2396 2657 2468 Constantiuopolitanus
2686 2395 2843 2452 5500.
2886 2397 3036 2463 Quos
3070 2397 3145 2450 ita
3194 2396 3593 2467 colligitzxuv-

2026 2490 2246 2561 ἀγονται
2298 2489 2368 2544 τὰ
2407 2489 2502 2559 ἔτη
2543 2487 2715 2551 οὕτως
2770 2488 2847 2552 ὡς
2885 2489 3240 2543 ὑποτέτακται
3274 2488 3379 2542 ἀπὸ
3424 2486 3594 2558 ’Δδὰμ

2023 2581 2130 2644 ἕως
2175 2577 2269 2633 τοῦ
2317 2578 2705 2650 κατακλυσμοῦ
2741 2577 2934 2649 ,βσμβ’,
2970 2577 3076 2631 ἀπὸ
3113 2577 3169 2631 δὲ
3204 2575 3296 2631 τοῦ
3328 2577 3595 2631 κατακλυ-

2026 2672 2164 2745 σμοῦ
2197 2672 2301 2735 ἕως
2331 2671 2540 2743 πύργου
2570 2668 2797 2743 Νευρὼο
2846 2667 2940 2742 ἔτη
2985 2669 3100 2738 φκε⁹
3119 2686 3132 2699 ·
3162 2668 3268 2723 ἀπὸ
3293 2669 3349 2723 δὲ
3382 2669 3590 2742 πύργου

2024 2764 2128 2828 ἓως
2159 2762 2265 2817 τῶν
2297 2761 2745 2836 διχπομημάτων
2784 2763 3034 2835 Ἀϐραὰμ
3071 2761 3167 2833 ἔτη
3211 2760 3354 2815 υκε’·
3392 2762 3499 2815 ἀπὸ
3535 2761 3593 2816 δέ

2022 2854 2131 2909 τῶν
2183 2855 2632 2927 διχοτομημάτων
2683 2856 2789 2922 ἕως
2839 2855 2932 2909 τοῦ
2986 2854 3169 2918 τέλους
3209 2852 3456 2925 ’Λὸραὰμ
3495 2853 3590 2926 ἔτη

2023 2947 2128 3012 ος’,
2157 2947 2289 3018 ὁμοῦ
2316 2947 2437 3019 ἔτη,
2466 2947 2664 3021 Iro-Em“
2697 2948 2805 3001 ἀπὸ
2830 2947 2888 3001 δὲ
2921 2945 3015 3000 τοῦ
3065 2945 3314 3017 Ἀϐραὰμ
3348 2945 3453 3009 ἓως
3495 2945 3594 3017 τῆς

2020 3037 2202 3102 ἐξόδου
2233 3036 2342 3091 τῶν
2370 3037 2500 3092 υἱῶν
2549 3037 2761 3112 Ἰσραὴλ
2792 3037 2884 3110 ἔτη
2919 3037 2995 3091 υλ⁹
3014 3054 3027 3067 ·
3060 3037 3167 3091 ἀπὸ
3194 3037 3251 3091 δὲ
3280 3036 3381 3108 τῆς
3410 3036 3590 3102 ἐξόδου

2021 3128 2126 3194 ἕως
2143 3130 2243 3201 τῆς
2262 3130 2545 3203 οἰκοδομῆς
2568 3130 2717 3185 οἴκου
2747 3129 2953 3203 Κυρίου
2981 3129 3073 3202 ἔτη
3107 3129 3225 3200 ψνζ*
3239 3147 3254 3160 ·
3283 3129 3390 3183 ἀπὸ
3414 3129 3470 3182 δὲ
3494 3129 3593 3199 τῆς

2024 3220 2309 3292 οἰκοδομῆς
2347 3221 2439 3275 τοῦ
2472 3222 2603 3275 ναοῦ
2637 3220 2742 3285 ἓως
2779 3223 2876 3292 τῆς
2909 3222 3285 3293 αἰχμαλωσίας
3313 3221 3407 3294 ἔτη
3456 3222 3588 3289 υκέ,

2024 3311 2156 3383 ὁμοῦ
2186 3311 2278 3384 ἐτη
2314 3313 2478 3378 ,δωπ’.
2514 3313 2648 3368 ’Λπὸ
2677 3314 2733 3368 δὲ
2765 3314 2864 3383 τῆς
2898 3315 3271 3385 αἰχμαλωσίας
3290 3314 3393 3379 ἕως
3415 3315 3596 3380 Ἀλεξα

2024 3401 2212 3473 ἅνδρου
2259 3402 2351 3475 ἔτη
2401 3405 2538 3477 τιη¹⁰
2575 3405 2682 3457 ἀπὸ
2711 3404 2768 3458 δὲ
2804 3406 2898 3458 τοῦ
2950 3404 3294 3478 Ἀλεξάνδρου
3340 3405 3444 3471 ἕως
3482 3405 3592 3460 τῶν

2022 3494 2225 3567 χρόνων
2249 3496 2423 3566 ’1ησοῦ
2445 3495 2537 3551 τοῦ
2555 3497 2760 3569 Κυρίου
2784 3496 2937 3569 ἡμῶν
2959 3496 3053 3568 ἐτη
3079 3504 3179 3568 τγ’,
3206 3497 3340 3569 ὁμοῦ
3360 3498 3452 3571 ἔτη
3472 3498 3591 3569 ,εφ¹,

2022 3585 2158 3642 Vide
2189 3588 2457 3659 Argyrum
2505 3589 2558 3643 in
2610 3586 2770 3659 Cyclo
2809 3588 3083 3654 Pascltalt',
3110 3600 3164 3644 et
3208 3590 3368 3646 alios.
3396 3589 3592 3646 Noster

2020 3675 2338 3738 Eustathius
2392 3683 2549 3739 5551.
2588 3680 2705 3749 Qua
2757 3690 2937 3736 autem
2987 3682 3041 3736 id
3092 3683 3303 3739 ratione
3338 3683 3588 3746 aliirmat.

2019 3790 2290 3846 exponere
2317 3777 2556 3832 breviter
2585 3776 2811 3831 minime
2847 3776 2961 3832 ﬁeri
2993 3786 3187 3847 potest,
3215 3793 3338 3846 cum
3375 3786 3428 3834 et
3449 3778 3592 3835 vitas

2017 3875 2232 3936 patrum
2283 3876 2408 3922 ante
2460 3867 2725 3922 diluvium
2762 3877 2816 3923 et
2860 3877 2982 3938 post
3021 3871 3334 3928 examinare
3375 3870 3595 3928 diliicile

2018 3958 2112 4025 sit,
2142 3967 2196 4014 et
2226 3974 2413 4030 regum
2457 3956 2610 4015 Judte
2656 3960 2995 4032 aliorumque
3044 3978 3217 4019 annos
3260 3971 3314 4019 et
3358 3964 3592 4021 interre—

2017 4064 2122 4121 gna
2144 4049 2478 4121 distinguere
2507 4050 2730 4107 minime
2758 4053 2827 4107 sit
2857 4052 3020 4121 hujus
3052 4056 3272 4125 negotii,
3302 4063 3355 4110 et
3382 4054 3595 4112 laboris

2016 4141 2194 4207 multi,
2247 4149 2298 4196 et
2351 4142 2642 4214 scripturae
2697 4144 2956 4218 indigeat,
2992 4163 3057 4203 ac
3112 4146 3312 4202 lusisse
3364 4162 3587 4217 operam

2015 4231 2345 4289 videremur.
2397 4232 2762 4293 Reservamus
2813 4248 2994 4294 tamen
3047 4238 3212 4305 hujus
3263 4239 3595 4310 quaestionis

2014 4326 2448 4398 explicationem.
2514 4328 2570 4382 in
2605 4328 2745 4385 libro
2777 4336 2986 4394 nostro,
3040 4346 3197 4401 quem
3228 4329 3479 4401 superius
3511 4332 3600 4386 ci-.

2014 4419 2272 4477 lavimus.
2305 4416 2541 4474 Iuventae
2560 4428 2688 4476 sunt
2708 4422 2869 4476 etiam
2892 4422 3011 4478 duae
3035 4422 3386 4477 collectiones
3415 4438 3591 4478 anno:

355 4506 545 4560 δηίοθ
572 4505 641 4560 ab
672 4504 878 4559 Λάθωο
900 4504 969 4559 ad
999 4505 1259 4560 όίιυνὶυῐῐι
1297 4517 1471 4559 annos
1507 4501 1662 4559 1656·
1685 4504 1813 4559 lude
1846 4504 1917 4560 ad
1945 4513 1990 4570 D
2018 4530 2135 4568 rum
2155 4515 2558 4585 manuscriptaz,
2589 4514 2756 4568 altera
2784 4528 2852 4568 ex
2874 4510 3205 4567 Marcelliani
3222 4510 3464 4567 chronici
3482 4508 3589 4565 [ine

353 4597 724 4652 Abrahamum
776 4596 902 4661 292,
950 4597 1145 4652 exinde
1174 4596 1239 4651 ad
1277 4594 1533 4654 Davidem
1571 4595 1697 4662 942,
1726 4596 1792 4651 ad
1825 4611 1918 4650 ca-

351 4690 654 4762 ptivitatem
682 4689 788 4744 475
806 4728 820 4752 ,
847 4698 1010 4760 atque
1037 4687 1233 4744 exinde
1262 4686 1328 4741 ad
1356 4685 1636 4743 Christum
1663 4687 1788 4743 589.
1812 4686 1917 4754 Qui

349 4784 408 4842 in
443 4798 613 4840 unum
650 4782 865 4839 collecti
892 4787 1022 4837 sunt
1049 4780 1189 4838 5952
1224 4798 1239 4835 :
1268 4779 1471 4850 quibus
1505 4778 1552 4836 si
1580 4788 1695 4834 tres
1740 4794 1915 4836 annos

350 4873 641 4946 adieceris,
695 4881 819 4945 post
872 4887 1014 4944 quos
1065 4871 1309 4944 vulgaris
1353 4867 1558 4927 Christi
1592 4872 1798 4943 epocha
1831 4871 1919 4930 in-

350 4965 546 5022 choata
596 4965 699 5021 fuit
738 4980 836 5037 per
876 4964 940 5022 D.
972 4964 1382 5036 Hieronymum,
1405 4969 1568 5021 erunt
1599 4963 1729 5019 anni
1752 4964 1913 5022 5955.

349 5063 633 5114 Annorum
662 5058 788 5115 item
825 5059 1019 5114 seriem
1048 5057 1118 5113 ab
1140 5058 1269 5113 orbe
1302 5056 1524 5112 condito
1549 5057 1616 5111 ad
1638 5055 1917 5113 Christum

349 5158 536 5206 natum
565 5149 734 5206 babes
770 5150 827 5205 in
872 5146 1128 5205 Chronico
1154 5146 1425 5214 Carionis,
1455 5161 1616 5217 quem
1656 5147 1799 5203 vide.
1854 5144 1919 5199 Et

347 5256 418 5297 ex
446 5239 689 5297 Hebraeis
712 5239 841 5295 Baal
862 5238 1031 5295 Seder
1065 5237 1244 5306 Olam,
1274 5252 1304 5291 a
1331 5237 1520 5292 mundi
1545 5237 1820 5292 creatione
1846 5236 1917 5293 ad

349 5331 689 5388 eversionem
729 5330 919 5403 templi
953 5328 1057 5386 sub
1084 5327 1428 5400 Vespasiano
1471 5333 1685 5384 tantum
1721 5342 1916 5384 nume-

348 5428 436 5482 rat
461 5438 637 5481 annos
671 5423 833 5489 5888,
867 5423 921 5479 id
966 5430 1052 5480 est
1087 5421 1155 5477 ad
1193 5419 1471 5478 Christum
1517 5430 1703 5477 natum
1753 5421 1911 5476 5757.

348 5514 586 5572 Rahbini
619 5516 949 5572 recentiores
980 5513 1047 5569 ad
1074 5522 1261 5570 natum
1291 5513 1571 5571 Christum
1600 5526 1728 5567 ann.
1749 5510 1910 5575 5760,

349 5623 567 5665 menses
601 5608 655 5663 4.
694 5606 849 5666 Unde
875 5617 1104 5680 quartus
1129 5607 1320 5665 mundi
1346 5606 1688 5665 millenarius
1725 5605 1795 5661 ab
1831 5604 1913 5662 eis

351 5713 496 5757 anno
530 5698 741 5757 Domini
791 5701 898 5757 240
955 5700 1266 5770 confertur;
1314 5701 1538 5775 quintus
1600 5698 1658 5755 in
1705 5714 1910 5754 annum

336 5789 515 5863 4240,
550 5800 603 5848 et
653 5792 725 5860 ita
760 5793 1017 5877 deinceps
1047 5794 1191 5867 quod
1226 5792 1385 5852 hodie
1418 5792 1578 5867 vul80
1615 5790 1785 5848 ³⁸³⁸³³⁵⁵
1818 5807 1961 5893 5°;

2017 4608 2086 4664 ab
2133 4608 2301 4669 Adam
2358 4623 2534 4678 usque
2568 4605 2634 4662 ad
2683 4606 2945 4662 diluvium
2976 4606 3105 4661 anni
3136 4602 3298 4669 2242,
3324 4616 3355 4656 a
3378 4599 3596 4656 diluvio

2016 4715 2189 4771 usque
2220 4701 2288 4756 ad
2312 4699 2585 4755 Abraham
2619 4699 2747 4754 anni
2769 4698 2891 4762 942,
2917 4698 2988 4752 ab
3010 4695 3284 4752 Abraham
3319 4709 3495 4765 usque
3517 4693 3592 4751 ad

2018 4792 2330 4862 passionem
2366 4790 2581 4849 Domini
2611 4789 2738 4845 anni
2764 4789 2928 4855 2244,
2960 4804 2990 4841 a
3024 4785 3195 4842 Roma
3224 4800 3352 4843 vero
3366 4784 3590 4841 condita

2014 4892 2186 4949 usque
2222 4877 2291 4934 ad
2322 4875 2538 4934 Domini
2569 4877 2865 4934 adventum
2895 4876 3023 4932 anni
3075 4876 3198 4943 752,
3244 4891 3275 4931 a
3329 4874 3591 4949 passione

2012 4965 2227 5030 Domini
2258 4986 2432 5041 usque
2461 4969 2530 5025 ad
2554 4970 2900 5026 consulatum
2928 4968 3195 5024 Eustathii
3227 4969 3356 5023 anni
3381 4968 3503 5029 594,
3529 4974 3585 5023 et

2013 5077 2187 5132 usque
2217 5065 2283 5118 ad
2310 5064 2656 5120 consulatum
2698 5060 2811 5117 DN.
2840 5059 3136 5118 Theodosii
3164 5078 3254 5130 xv,
3296 5062 3425 5117 anni
3453 5060 3583 5122 409.

2011 5153 2178 5210 Fiunt
2210 5157 2280 5212 ab
2314 5157 2486 5211 Adam
2520 5171 2699 5227 usque
2733 5153 2800 5211 ad
2828 5172 2919 5210 xlv
2958 5152 3204 5212 Valentis
3253 5169 3477 5219 annum,
3527 5153 3582 5209 id

2012 5255 2118 5313 est,
2150 5263 2323 5318 usque
2380 5246 2447 5303 ad
2498 5248 2842 5304 consulatum
2874 5248 2993 5318 ejus
3028 5258 3080 5306 et
3117 5245 3486 5304 Valentiniani
3514 5262 3577 5309 ιι,
3628 5266 3629 5269 η

2012 5353 2202 5394 omnes
2227 5339 2352 5393 anni
2381 5339 2775 5404 15579;altera
2793 5356 2855 5396 ex
2884 5339 3176 5397 Eusebiani
3205 5338 3451 5394 chronici
3473 5338 3578 5393 line

2012 5428 2083 5482 ab
2109 5428 2244 5485 urbe
2271 5429 2492 5485 condita
2519 5430 2622 5487 sub
2649 5432 2869 5505 regibus
2899 5432 3028 5486 anni
3055 5430 3180 5493 240,
3208 5428 3309 5485 sub
3336 5427 3576 5482 consuli-

2011 5519 2113 5576 bus
2150 5519 2278 5575 anni
2307 5520 2429 5590 464,
2459 5521 2563 5578 sub
2592 5523 2851 5594 Augustis
2871 5530 2926 5579 et
2950 5521 3255 5577 Cesaribus
3287 5518 3415 5573 anni
3447 5517 3573 5587 495,

2014 5611 2349 5681 colliguntur
2375 5628 2565 5670 omnes
2593 5615 2720 5670 anni
2746 5629 2920 5684 usque
2949 5612 3016 5667 ad
3033 5612 3374 5668 consulatum
3396 5607 3568 5666 Theo-

2009 5702 2147 5759 dosii
2168 5701 2410 5761 Junioris
2430 5721 2587 5770 xvut,
2604 5718 2655 5762 et
2681 5704 3040 5761 Valentiniani
3063 5701 3301 5761 Junioris
3321 5702 3569 5760 Placidite

2012 5792 2104 5847 ﬁlii
2149 5809 2225 5861 rt,
2255 5790 2647 5867 Augustorum,
2678 5792 2832 5847 1197.
2870 5792 2956 5845 Ah
2977 5790 3241 5851 Abraham
3281 5808 3452 5863 usque
3502 5789 3585 5852 ait
