4064 6290
534 327 667 382 ιυιι
1934 332 2182 402 LEONIS
2213 332 2486 389 ALLATH
3652 341 3837 401 £012

534 453 752 516 tempus
784 448 1212 517 suprascriptum
1241 450 1369 513 anni
1406 450 1566 515 2&5,
1606 464 1636 505 a
1668 450 1875 509 diluvio
1925 468 2099 523 usque

2207 452 2350 525 Βάρᾳ
2374 452 2451 524 τῷ
2491 453 2655 525 πατρὶ
2697 453 2964 524 Ἀϐραὰμ,
2995 453 3301 511 ἐθανάτωσε
3330 457 3424 515 τὸν
3456 460 3577 519 υξδν
3620 462 3834 518 αὐτοῦ

535 536 607 593 ad
640 537 913 600 Abeaham
941 535 1068 590 anni
1099 534 1222 600 842,
1254 537 1321 591 ab
1344 537 1514 606 Adam
1542 554 1716 608 usque
1743 539 1809 594 ad
1838 539 2098 593 diluvium

2207 546 2292 598 τὸν
2319 546 2519 617 τρίτον,
2546 546 2605 599 ὃν
2635 545 2774 618 ὑπὲρ
2803 547 2929 610 τοὺς
2952 546 3145 614 ἄλλους
3183 550 3391 620 ἠγάπα,
3427 553 3516 609 ἵνα
3539 554 3572 607 ὁ
3602 554 3832 628 πατὴρ

534 630 661 684 anni
708 629 866 692 2242,
920 628 1055 682 tiunt
1105 629 1174 683 ab
1229 629 1395 685 Adam
1451 644 1625 700 usque
1661 631 1714 685 in
1758 633 2102 687 consulatum

2207 637 2531 711 atozppovia'g,
2570 639 2663 691 καὶ
2716 638 2816 692 οὐκ
2863 641 3215 711 ἐσωφρόνισε.
3275 643 3476 699 Ἐποίει
3515 645 3657 718 γὰρ
3720 648 3829 703 καὶ

532 722 822 776 Theodosii
859 720 1101 778 Junioris
1154 736 1286 776 xvm
1348 729 1402 778 et
1450 721 1813 778 Valentiniani
1850 724 2104 779 Placidia:

536 813 630 867 filii
654 811 892 880 junioris
916 815 1095 867 sexies
1131 828 1322 869 omnes
1363 812 1493 868 anni
1533 812 1695 882 5645.
1724 813 2106 875 Animadverte

531 912 710 957 tamen
755 902 809 956 in
847 917 998 961 num.
1042 904 1109 957 ab
1155 903 1423 957 Abraham
1459 919 1630 973 usque
1672 904 1737 959 ad
1770 912 1983 974 tempus
2010 921 2103 959 su-

532 992 893 1062 prascriptum
914 992 1041 1054 anni
1056 992 1195 1048 2595
1216 991 1563 1064 [uacccxcv],
1583 999 1855 1063 expuncto
1882 993 2040 1048 tertio
2062 993 2103 1047 Ο

532 1084 586 1138 in
613 1085 858 1151 margine
909 1087 1212 1141 recentiore
1255 1100 1417 1139 manu
1459 1085 1764 1156 appositum
1798 1084 1962 1143 fuisse
2000 1103 2108 1144 nu:-

532 1192 737 1231 merum
780 1176 938 1234 istum
963 1175 1124 1231 29.95.
1382 1176 1407 1207 ⁶

599 1267 717 1322 Col.
748 1267 872 1322 760.
893 1268 985 1322 lin.
1020 1267 1106 1331 19..
1137 1268 1253 1322 Υἱοὶ
1284 1268 1351 1321 δὲ
1371 1268 1647 1337 ἐγένοντο
1668 1268 1766 1335 τῷ.
1794 1269 2062 1328 Eusebius
2088 1287 2101 1320 :

545 1359 809 1431 Ἀραϐὼδ,
851 1360 942 1429 ἀφ’
978 1353 1038 1412 οὗ
1073 1359 1340 1431 Ἄραϐες·
1385 1360 1653 1432 Ἰᾷουρὰμη
1697 1362 1789 1431 ἀφ’
1828 1355 1887 1414 οὗ
1917 1363 2109 1432 Καμή-

533 1448 664 1504 λιοιο
700 1454 861 1523 Δέρα,
892 1454 981 1521 ἀφ’
1013 1444 1071 1505 οὗ
1106 1453 1310 1523 Μῆδοιο
1359 1452 1536 1515 ’ἰεζία,
1579 1455 1671 1522 ἀφ’
1702 1447 1761 1506 οὗ
1809 1454 2105 1525 Ἀριαδνοίν

533 1539 773 1611 Δεκλὰμ,
810 1543 901 1610 ἀφ’
936 1536 995 1594 οὗ
1028 1540 1370 1612 Κεδρούσιοι·
1411 1540 1604 1613 Γεϐὴλ,
1650 1543 1743 1611 ἀφ’
1783 1535 1843 1594 οὗ
1873 1541 2105 1607 Σκύθαι·

546 1632 828 1703 Ἀϐιμεὴλ,
864 1634 954 1700 ἀφ’
988 1625 1048 1685 οὗ
1080 1631 1333 1703 ’Υρκανοί
1356 1648 1369 1662 ο
1419 1632 1619 1697 Σαϐὰτ,
1658 1635 1750 1702 ἀφ’
1772 1625 1832 1687 οὗ
1875 1633 2110 1704 Ἀραὸες

2201 728 2393 783 εἴδωλα
2439 728 2532 782 καὶ
2574 727 2770 782 ἐπώλει
2810 732 2923 792 τοῖς
2965 730 3387 807 εἰδωλολάτραις.
3432 737 3711 808 Ἐπέστη
3761 739 3829 792 δὲ

2199 820 2319 873 τότε
2347 823 2374 873 ὁ
2402 820 2533 873 αἰὼν
2548 823 2626 884 εἰς
2654 822 2900 893 είκοστὴν
2925 823 3113 891 γενεὰν
3137 823 3231 894 ἔτη
3259 826 3414 895 ,βτλ3’
3430 827 3612 898 (alius
3645 828 3826 894 ωδ..

2201 911 2362 983 ,γσλθ
2395 906 2533 983 ἦσαν
2572 911 2794 982 λοιπὸν),
2830 916 2922 966 καὶ
2951 914 3121 978 οὐδεὶς
3164 916 3379 971 πώποτε
3417 920 3528 973 τῶν
3568 923 3827 991 -προτὲ-

2206 1019 2313 1073 ρων
2337 1001 2635 1073 ἀνθρώπων
2661 1005 2766 1074 πρὸ
2796 1004 2998 1075 πατρὸς
3027 1006 3141 1070 υίὸς
3165 1008 3446 1073 ἐτελεύτα,
3474 1012 3521 1063 εἰ
3559 1011 3657 1083 μὴ
3694 1013 3823 1067 Λά-

2207 1095 2349 1164 μεχὸ
2371 1095 2485 1158 υἱὸς
2512 1095 2606 1147 τοῦ
2635 1095 2960 1150 Μαθουσὰλα
2979 1098 3072 1150 καὶ
3098 1097 3469 1173 Θαυμάσασαή
3499 1102 3669 1169 θεία,
3687 1114 3814 1159 etc.

2204 1184 2364 1241 Errat
2396 1185 2778 1246 Genebrardus
2828 1205 2892 1244 ex
2928 1190 3093 1245 Suida
3129 1192 3197 1247 de
3229 1191 3577 1250 Tharaidem
3632 1196 3813 1250 colli-

2205 1293 2337 1348 gens
2362 1296 2375 1344 ;
2403 1277 2601 1334 etenim
2629 1279 2676 1334 si
2705 1287 2907 1335 attente
2936 1278 3116 1337 Suidae
3138 1282 3303 1338 verba
3325 1285 3802 1349 considet-eatur,

2206 1370 2295 1425 illa
2328 1388 2341 1424 :
2377 1366 2483 1423 τΗν
2514 1370 2622 1442 γὰρ
2664 1359 3129 1443 ἀγαλματοποιὸς,
3171 1374 3276 1429 ἀπὸ
3314 1375 3592 1448 διαφόρων
3645 1379 3803 1433 ὑλῶν

2206 1464 2419 1526 εἰκόνας
2439 1462 2820 1533 ἐργαζόμενος,
2858 1465 2950 1518 καὶ
2979 1464 3151 1533 λέγων
3178 1465 3396 1530 τούτους
3425 1464 3567 1521 εἶναι
3602 1468 3793 1534 θεοὺς,

2205 1554 2298 1607 καὶ⁴
2328 1554 2562 1622 ὀφείλειν
2587 1554 3004 1626 προσκυνεῖσθαι
3036 1554 3109 1619 ὡς
3137 1556 3339 1610 αἰτίους
3379 1556 3489 1610 τῶν
3519 1558 3789 1627 ἀγαθῶν,

2204 1664 2315 1701 non
2362 1647 2428 1701 ad
2463 1644 2641 1700 Thare
2694 1646 2986 1701 Abrahami
3036 1655 3264 1717 patrem,
3313 1649 3407 1703 sed
3452 1651 3519 1704 ad
3564 1649 3784 1706 Serueh

546 1723 757 1777 Ἰνδῶνο
808 1723 992 1792 Οὺὴρ,
1058 1724 1151 1792 ἀφ’
1229 1717 1289 1777 οὗ
1330 1724 1650 1791 Οὐαρναῖοι’
1700 1724 1866 1796 Εὑὴν,
1918 1725 2009 1794 ἀφ’
2048 1718 2107 1789 οὗ

2214 1739 2504 1808 pertinent.
2532 1747 2590 1792 ut
2614 1754 2677 1794 ex
2709 1739 2828 1808 ipso
2858 1745 3007 1793 textu
3034 1739 3378 1795 manifestum
3403 1750 3512 1803 est,
3546 1744 3783 1815 aliisque

535 1813 992 1884 Γυμνοσοφισταί.
1032 1813 1327 1869 Chronicon
1354 1814 1769 1869 Alexandrinum
1799 1832 1817 1869 :
1852 1816 2107 1889 Σαρμὼο,

2214 1802 2529 1885 auctoribus
2580 1802 2838 1884 facillimo
2883 1830 3101 1900 negotio
3138 1832 3353 1899 probari
3403 1842 3621 1902 posset,
3678 1802 3771 1906 qui

537 1903 599 1969 ἐξ
637 1899 696 1972 οὗ
732 1905 967 1977 ’Ἄραϐες
990 1921 1002 1935 ο
1045 1905 1246 1976 Ἰαρὰχ,
1280 1905 1339 1972 ἐξ
1379 1899 1438 1959 οὗ
1483 1906 1778 1976 Κάμπλιοι,
1808 1906 1974 1959 οἱκαὶ
2002 1907 2110 1958 Χα-

536 1996 776 2050 ναναῖοιο
834 1995 1076 2069 Ὀδόῤῥα,
1124 1996 1183 2062 ἐξ
1226 1989 1285 2050 οὗ
1349 1997 1619 2070 Ἀρῤιανοὶ
1665 1998 1758 2051 καὶ
1800 1996 2109 2069 Φερεζαῖοιο

538 2087 730 2151 Δεκλὰ,
767 2088 827 2152 ἐξ
853 2084 913 2142 οὗ
949 2088 1285 2161 Κεδρούσιοι,
1313 2089 1496 2157 οἱκαὶ
1542 2090 1889 2160 Ἀμοῤῥαῖοι·
1922 2087 2108 2158 Αίζὴλ,

539 2179 598 2246 ἐξ
651 2174 710 2234 οὗ
763 2180 1036 2251 Ὑρκανοὶ.
1092 2183 1139 2235 οἱ
1197 2184 1291 2235 καὶ
1340 2182 1556 2235 Εὺαῖοι·
1603 2179 1880 2251 Ἀϐιμεὴλ,
1940 2179 1999 2245 ἐξ
2050 2175 2110 2235 οὗ

538 2264 759 2329 Σκύθαι,
798 2268 846 2320 οἰ
887 2266 979 2320 καὶ
1023 2268 1371 2342 Γεργεσαϊοι·
1415 2268 1618 2334 Σαϐαὖ,
1670 2267 1730 2334 ἐξ
1781 2264 1840 2323 οὗ
1879 2268 2112 2341 Ἀραεξς

541 2355 829 2428 ὲσώτεροι·
881 2358 1168 2430 Ὀφεὶρ,ὲξ
1192 2354 1251 2415 οὗ
1293 2360 1584 2432 ’ᾼρμένιοι.

612 2448 775 2512 lbid.,
807 2449 904 2503 lin.
947 2449 1038 2504 22.
1086 2452 1187 2505 Ἐν
1217 2449 1285 2504 δὲ
1322 2450 1446 2516 τοῖς
1489 2452 1748 2520 χρόνοις.
1781 2448 2112 2520 Epiphanius

539 2537 595 2592 in
625 2539 889 2610 principio
915 2541 1097 2610 operis
1129 2542 1274 2611 quod
1304 2542 1522 2611 scripsit
1539 2543 1803 2599 adversus
1853 2542 2108 2609 haereses,

539 2627 697 2683 docet
736 2637 979 2699 tempore
1015 2631 1226 2684 Saruch
1258 2630 1493 2701 coepisse
1548 2632 1692 2686 inter
1718 2615 1968 2692 homines
1996 2632 2114 2687 ido-

540 2716 903 2780 dololatriam,
940 2727 994 2774 et
1030 2720 1176 2774 illius
1201 2721 1540 2791 temporibus
1563 2721 1731 2776 multa
1758 2724 1957 2792 templa
1982 2737 2114 2777 con-

542 2814 749 2871 structa
775 2805 965 2872 fuisse,
999 2815 1053 2864 et
1081 2809 1301 2879 quidam
1323 2810 1563 2883 gentium
1604 2811 1881 2882 principes
1913 2811 2111 2885 adora—

544 2904 646 2951 tos.
681 2895 958 2965 Manasses
991 2901 1045 2956 in
1075 2901 1265 2956 Annal.
1286 2918 1305 2957 :

554 3016 868 3091 :Etjteiibesj
897 3020 1284 3091 παρηνόμησε
1324 3022 1390 3074 τὸ
1423 3021 1595 3091 γένος
1620 3019 1737 3076 τῶν
1761 3022 2107 3091 ’ἀνθρώπων

544 3085 652 3162 {fat
675 3086 824 3162 πρὸς
837 3085 1138 3162 ᾀθξίίμουξ
1155 3085 1372 3160 ἔϐλεψε
1387 3085 1631 3159 πράξεις
1645 3093 1744 3146 καὶ
1759 3085 2107 3162 βδελυρίας,

541 3158 802 3230 ligurire,
838 3158 1272 3230 ἀνδροκτασίας
1303 3158 1391 3227 τε,
1415 3158 1656 3229 φόνους,
1686 3158 2035 3230 ἀκολασίὰς.

715 3227 1006 3304 ἁρπαγαῖς
1032 3225 1727 3304 ὑπέχωρονλέτέρπόντο
1749 3225 2058 3303 μοιχείαὶς,

544 3296 655 3370 ξιξιὶ
682 3296 895 3370 Δπᾶσαν
921 3296 1282 3370 eameam.
1309 3296 1578 3356 ἐπίνοιὶῑν
1615 3296 1845 3370 κακῶς.

558 3366 951 3442 ξῌλῄστευον,
983 3366 1321 3442 διήρπαζον,
1356 3370 1667 3434 ἔκλεπτον,
1699 3366 2038 3442 ἑμοὶχῶντο,

541 3437 653 3511 licet
684 3438 1024 3511 τελεξρταῐογ
1051 3439 1319 3511 ἔϐλεψαν
1343 3443 1505 3511 πρὸς
1525 3437 2032 3511 είδωλοῖλαὲρείιιν.

544 3507 768 3576 Σεροὺχ
791 3507 857 3560 δὲ
886 3507 1115 3577 πρῶτος
1146 3510 1366 3579 ῆρξατο
1385 3507 1388 3508 ⁷
1407 3510 1663 3579 χρῆσθαι
1694 3507 1983 3650 γλυῐάτοῖζὲ
2012 3510 2111 3568 καὶ

549 3644 572 3650 _
595 3647 614 3650 μ
670 3645 689 3650 _
851 3643 871 3650 _
967 3649 971 3650 ,
1824 3600 1900 3637 στ
1986 3601 2107 3650 αις,

1824 3589 2046 3639 στῆλαι

549 3644 799 3715 Ὄγδοος
835 3643 919 3700 ὢν
944 3649 1240 3718 ἀπόγονος
1269 3651 1375 3704 τοῦ
1403 3651 1528 3705 Νῶε
1549 3652 1654 3707 τοῦ
1686 3583 2107 3709 δικιὲᾖῗξλαια

549 3756 784 3813 Suidas:
819 3758 1021 3830 Σεροὺχ
1061 3753 1216 3823 οὗτος
1266 3763 1559 3832 κατάγεται
1585 3765 1649 3817 ὲκ
1688 3765 1786 3835 τῆς
1824 3765 1994 3835 φυλῆς
2016 3764 2109 3819 τοῦ

559 3847 767 3915 Ἰαφὲτ,
825 3849 918 3902 καὶ
968 3851 1075 3903 ἀπὸ
1122 3850 1308 3905 τούτου
1358 3853 1557 3924 ἤρξατο
1603 3854 1636 3925 ἡ
1684 3853 2106 3926 εἰδωλολατρεία.

560 3937 910 4008 Ἐδογμᾴτισε
951 3941 1059 4013 γὰρ
1086 3943 1255 3996 εἰκόσι
1287 3944 1378 3997 καὶ
1421 3944 1666 4016 ἀνδριάσι
1694 3945 1948 4016 τιμᾶσθαι
1984 3944 2113 4008 τοὺς

546 4029 716 4083 πάλαι
757 4032 1202 4102 ἀριστεύσαντας,
1237 4035 1331 4089 καὶ
1368 4035 1628 4107 τιμᾶσθαι
1668 4036 1744 4099 ὡς
1787 4036 2110 4108 εὐεργέταςσ

545 4119 645 4173 καὶ
673 4119 828 4172 τοῦτο
860 4122 1204 4195 ἐπεκράτησε
1235 4124 1394 4195 μέχρι
1430 4123 1537 4178 τῶν
1562 4125 1766 4197 χρόνων
1797 4126 1985 4198 Θάρῤα
2017 4125 2112 4179 τοῦ

549 4209 757 4280 πατρὸς
772 4210 1038 4282 Ἀϐραάμ.
1054 4212 1290 4282 Hujusce
1311 4222 1489 4270 autem
1505 4219 1704 4272 erroris
1725 4232 1788 4272 ea
1809 4232 1970 4274 causa
1990 4219 2111 4273 fuit.

552 4300 761 4356 Seruch
809 4301 1069 4357 honorem
1114 4304 1309 4373 priscis
1352 4305 1602 4361 deferens
1639 4314 1896 4379 tanquam
1932 4324 2112 4363 rerum

549 4392 937 4462 prmclararum
981 4394 1376 4458 inventoribus,
1410 4397 1463 4451 in
1514 4398 1807 4466 prmliando
1856 4398 2110 4462 fortibus,

2209 1920 2323 1975 lure
2344 1920 2532 1980 eadem
2562 1918 2627 1971 de
2658 1918 2889 1982 Seruch,
2914 1936 3024 1974 non
3060 1920 3127 1975 de
3154 1920 3330 1975 Thara
3360 1923 3597 1978 tradunt.

2278 2011 2435 2071 lbid.,
2464 2011 2561 2067 lin.
2591 2010 2681 2066 29.
2724 2012 2784 2064 '0
2822 2011 2889 2063 δὲ
2929 2011 3110 2082 Ἀρὰμ
3146 2012 3429 2069 ἀπέθανε.
3466 2014 3745 2084 Iosephus,

2210 2103 2464 2172 Autiquit.
2504 2103 2595 2157 lib.
2625 2120 2663 2164 I,
2704 2118 2822 2172 cap.
2859 2102 2921 2156 7:
2956 2103 3234 2176 ’Ἅϐραμος
3259 2105 3314 2159 δὲ
3344 2100 3487 2178 εἶχεν
3505 2108 3742 2178 ἅδελφοὺς

2209 2196 2478 2270 Ναχώρην
2503 2198 2595 2251 καὶ
2641 2197 2890 2269 Ἀράνην.
2927 2196 3141 2252 Τούτων
3191 2199 3421 2272 ’Δράνης
3454 2202 3564 2273 μὲν,
3587 2220 3734 2257 κατα..

2209 2287 2377 2341 λιπὼν
2404 2287 2514 2340 υἱὸν
2551 2287 2751 2351 Λῶτον,
2784 2287 2875 2341 καὶ
2912 2288 3088 2359 Σάραν
3115 2289 3209 2343 καὶ
3232 2288 3514 2360 Μελχανὰν
3550 2291 3734 2360 0mi-

2212 2397 2330 2453 ρας,
2363 2380 2420 2431 ὲν
2450 2378 2730 2443 Χαλδαίοις
2754 2378 3023 2433 ἀπέθανεν
3054 2381 3113 2434 ὲν
3138 2380 3288 2434 πόλει
3329 2381 3477 2455 Οὕρῃ
3510 2383 3747 2458 larem

2209 2471 2316 2525 τῶν
2340 2471 2636 2531 Χαλδαίων.
2661 2472 2770 2530 Καὶ
2796 2472 2963 2538 τάφος
2988 2472 3149 2525 αὑτοῦ
3175 2473 3333 2544 μέχρι
3356 2473 3452 2529 νῦν
3479 2475 3754 2528 δείκνυται.

2212 2561 2417 2618 Hebraei
2456 2561 2695 2621 tradunt.
2729 2569 2783 2616 et
2807 2561 2973 2617 refert
3007 2561 3367 2634 Hieronymus
3405 2565 3460 2619 in
3500 2565 3759 2621 Hebraicis

2212 2653 2581 2708 traditionibus
2609 2655 2660 2708 in
2688 2651 2841 2719 Gem,
2865 2654 3135 2709 Abraham
3153 2655 3209 2709 in
3240 2656 3459 2727 regione
3492 2656 3766 2714 Chaldaeo-

2212 2763 2331 2801 rum
2371 2747 2426 2800 in
2460 2746 2637 2824 ignem
2670 2746 2919 2808 missum,
2953 2746 3078 2816 quia
3111 2746 3285 2817 ignem
3324 2749 3555 2804 adorare
3583 2751 3763 2805 nolue-

2207 2842 2302 2905 rit,
2330 2856 2491 2911 quem
2516 2838 2751 2894 Chaldtei
2786 2837 2993 2901 colunt,
3025 2845 3078 2892 et
3109 2835 3200 2895 Dei
3233 2840 3434 2894 auxilio
3461 2840 3764 2905 liberatum,

2210 2932 2278 2988 de
2307 2930 2627 2987 idololatria:
2670 2929 2795 2999 igne
2821 2928 3148 3001 profugisse.
3189 2929 3354 2985 Aram
3398 2946 3620 3003 quoque
3649 2932 3764 3002 quia

2213 3024 2464 3080 similiter
2496 3032 2550 3080 et
2576 3025 2691 3095 ipse
2723 3023 2897 3093 ignem
2931 3024 3156 3079 adorare
3180 3025 3367 3088 nollet,
3394 3025 3449 3079 in
3472 3025 3596 3096 igne
3621 3024 3768 3081 Chal-

2137 3136 2177 3192 ο
2210 3119 2447 3173 datorum
2470 3117 2706 3187 positum
2735 3117 2987 3172 incendio
3004 3123 3385 3185 consumptum
3410 3114 3601 3171 fuisse.
3625 3116 3766 3170 Hanc

2210 3210 2555 3268 traditionem
2574 3208 2931 3281 Hieronymus
2961 3208 3120 3262 modo
3136 3209 3350 3263 vocavit
3376 3223 3583 3264 veram.
3614 3207 3765 3264 modo

2211 3301 2469 3357 fabulam.
2502 3298 2704 3357 Paulus
2738 3298 3031 3370 Burgensis
3069 3299 3385 3355 testimonio
3415 3298 3591 3355 Βοιὼί
3624 3299 3764 3370 Moy-

2210 3392 2288 3446 sis
2325 3388 2694 3447 liberationem
2728 3389 2959 3459 Abraha:
3001 3387 3093 3447 Dei
3132 3388 3395 3444 beneﬁcio
3426 3390 3766 3445 subsecutam

2210 3483 2284 3537 ita
2309 3491 2529 3537 enarrat
2560 3501 2574 3537 :
2610 3479 2781 3539 Rabbi
2827 3482 3002 3552 itaque
3032 3478 3239 3551 Moyses
3285 3481 3340 3534 in
3370 3482 3502 3535 libro
3525 3482 3603 3537 De
3633 3482 3767 3537 dire—

2207 3576 2374 3630 ctione
2393 3574 2778 3645 perplexorum,
2816 3575 2911 3639 ait,
2942 3575 2995 3628 in
3021 3571 3246 3644 quodam
3276 3572 3409 3628 libro
3446 3574 3511 3629 de
3541 3574 3763 3643 agricul-

2210 3676 2327 3720 tura
2359 3666 2682 3738 Egyptiaca
2724 3666 2958 3729 narrari,
2990 3666 3244 3736 insignem
3272 3666 3549 3735 quemdam
3579 3669 3756 3731 virum,

2207 3757 2412 3813 nomine
2440 3759 2728 3825 Abraham,
2762 3759 2964 3829 publice
3001 3758 3318 3828 disceptasse
3346 3775 3464 3813 cum
3506 3759 3757 3813 idolorum

2207 3846 2513 3912 cultoribus,
2532 3846 2871 3918 aﬂirmautam
2899 3864 3001 3903 non
3026 3862 3137 3903 esse
3161 3852 3329 3917 ignem
3346 3865 3440 3918 pro
3465 3848 3564 3902 Deo
3586 3850 3741 3902 colen-

2205 3932 2331 3995 dum
2355 3950 2374 3988 :
2405 3937 2622 3990 veritum
2650 3947 2823 3991 autem
2867 3954 3053 4008 regem,
3086 3954 3148 3992 ne
3187 3954 3287 3991 sua
3323 3937 3415 3993 ille
3449 3938 3741 3991 auctoritate

2207 4035 2256 4078 et
2284 4026 2519 4083 oratione
2545 4029 2794 4099 populum
2814 4028 2878 4085 ab
2901 4019 2993 4086 illa
3016 4031 3161 4084 cultu
3191 4040 3455 4095 averteret,
3473 4029 3745 4085 detrusisse

2209 4132 2325 4170 eum
2376 4119 2431 4179 in
2482 4120 2783 4173 carcerem:
2818 4129 2866 4174 et
2912 4120 3193 4188 spoliatum
3238 4123 3385 4176 battis
3426 4120 3653 4176 omnibus
3690 4132 3751 4171 ex

2211 4208 2353 4260 omni
2378 4207 2572 4263 ditione
2602 4227 2700 4268 sua
2745 4215 3141 4270 exterminasse.
3191 4211 3369 4269 Causa
3408 4228 3536 4268 vero
3570 4210 3752 4266 mortis

2211 4297 2396 4363 Aram,
2428 4286 2549 4369 qua:
2576 4301 2665 4354 hic
2702 4302 3014 4372 exponitur,
3050 4312 3104 4358 et
3141 4305 3323 4359 verior
3344 4313 3398 4360 et
3435 4301 3756 4369 probabilior

2213 4391 2342 4444 mihi
2373 4391 2604 4449 videtur.
2638 4394 2844 4464 Injuste
2873 4396 3017 4449 enim
3042 4412 3162 4450 eum
3196 4396 3359 4449 Aram
3394 4405 3571 4450 actum
3596 4399 3753 4448 esset.

550 4491 605 4539 et
632 4492 885 4554 tanquam
927 4484 1207 4553 sapientia:
1245 4485 1394 4549 belli,
1438 4488 1744 4558 artiumque
1783 4488 1993 4557 peritis,
2039 4489 2105 4544 ad
2139 4489 2181 4543 Ι)
2211 4479 2256 4534 si
2289 4494 2387 4548 pro
2418 4495 2546 4534 vero
2589 4481 2680 4536 Dei
2711 4482 2857 4536 cultu
2898 4484 3062 4538 vitam
3088 4484 3335 4541 hostibus
3368 4483 3461 4538 Dei
3510 4484 3623 4553 igni
3659 4493 3761 4535 tra-

549 4578 767 4636 virtutis
796 4577 1044 4647 gloriam,
1084 4585 1139 4632 ct
1167 4579 1550 4633 beneficiorum
1585 4580 1893 4635 memoriam
1919 4580 2108 4649 imagi-

553 4686 673 4730 nes.
699 4671 1012 4731 simulacra,
1037 4672 1427 4742 columnasque
1451 4673 1786 4740 exstruebat,
1817 4672 1961 4742 quod
1984 4688 2107 4727 cum

551 4777 661 4815 non
697 4761 1055 4832 intelligerent
1081 4763 1304 4827 posteri,
1338 4773 1545 4819 statuas
1571 4764 1692 4819 illas
1716 4764 1986 4819 inanimas
2007 4778 2108 4826 ceu

552 4852 682 4907 deos
719 4851 1024 4919 coluerunt,
1056 4863 1109 4917 et
1148 4855 1419 4925 sculptilia
1446 4855 1761 4919 adorarunt,
1779 4853 2111 4909 veneraban-

551 4951 641 4999 tur
666 4958 758 4997 eos
800 4953 1054 5013 tanquam
1084 4947 1307 5008 numina
1338 4961 1476 5016 quos
1509 4954 1702 5001 stature
1746 4946 1852 5001 illre
1880 4945 2109 5001 simula-

551 5049 754 5103 craque
777 5037 1255 5103 repraesentahant.
1290 5039 1420 5099 Inde
1447 5037 1789 5107 peregrinum
1818 5036 1885 5091 ad
1905 5036 2111 5092 cultum

553 5127 800 5181 homines
824 5124 1110 5191 deflexere,
1142 5144 1419 5198 novosque
1444 5129 1582 5203 alios
1613 5129 1664 5183 in
1699 5128 1817 5185 dies
1836 5129 2112 5199 excogita-

552 5228 702 5280 runt,
730 5233 867 5287 quos
889 5216 1201 5271 adorarent.
1227 5219 1303 5273 Ita
1335 5220 1551 5286 Suidas,
1574 5220 1930 5294 Epiphanius,
1956 5222 2112 5277 Chro-

552 5310 705 5370 nicou
737 5306 1178 5371 Aiexana'rinum,
1213 5310 1509 5369 Manasses.
1539 5323 1593 5367 et
1622 5314 1737 5370 alii.

621 5403 782 5462 lbid.,
810 5402 906 5465 lin.
932 5400 1021 5456 27.
1055 5400 1263 5470 Ναχὼρ
1285 5401 1352 5455 δὲ
1367 5404 1674 5474 ἐγέννησε.
1700 5404 1910 5461 1181)Γωί
1931 5406 1986 5466 in
2010 5404 2114 5463 Bas

556 5496 708 5548 rcscit
739 5495 1006 5555 aliirmant
1046 5492 1244 5555 Thare,
1281 5496 1624 5562 statuarium,
1655 5496 1921 5553 idolorum
1963 5496 2112 5559 licto-

554 5599 689 5651 rem,
715 5594 768 5647 et
795 5587 1153 5641 venditorem.
1185 5584 1387 5641 Eadem
1417 5586 1578 5643 habet
1612 5595 1666 5643 et
1692 5589 2113 5659 Christophorus

555 5674 863 5740 patriarcha
899 5677 1328 5743 Alexandrinus,
1369 5679 1646 5735 oratione:
1683 5680 1799 5735 Τίνι
1839 5678 2114 5752 ὁμοιοῦται

558 5763 588 5814 ὁ
618 5762 952 5835 ἀνθρώπινος
998 5769 1146 5842 pice;
1195 5770 1304 5823 Καὶ
1357 5770 1464 5841 γὰρ
1495 5772 1581 5825 ὅτε
1624 5770 1865 5842 ὠργίσθη
1908 5775 1936 5826 ὁ
1983 5771 2115 5834 Θεὸς

2210 4570 2439 4625 dendam
2472 4574 2836 4639 committeret
2876 4576 3121 4645 exemplo
3148 4575 3346 4631 ductus
3383 4576 3639 4639 Abrahae,
3674 4589 3763 4629 nec

2211 4668 2391 4715 tamen
2422 4677 2452 4716 a
2486 4660 2719 4719 flammis
2741 4664 2847 4719 illis
2879 4665 3223 4722 liberaretur.
3251 4666 3427 4731 Dices,
3459 4666 3581 4723 ideo
3617 4667 3762 4720 illum

2209 4752 2622 4821 inﬂammatum,
2652 4757 2779 4826 quia
2801 4756 2989 4813 doloso
3013 4759 3194 4817 animo
3219 4774 3319 4814 nec
3343 4775 3470 4815 vere
3490 4761 3581 4829 pio
3606 4757 3763 4815 simili

2210 4847 2453 4913 periculo
2485 4862 2544 4903 se
2576 4849 2847 4918 opposuit.
2882 4848 3016 4925 Quis
3068 4851 3125 4904 in
3164 4860 3273 4905 tam
3316 4852 3530 4922 urgenti
3573 4860 3629 4907 et
3661 4851 3765 4907 evi-

2210 4937 2356 4993 denti
2388 4939 2625 5007 periculo
2657 4940 2826 4996 libere
2866 4957 2925 4996 se
2967 4957 3244 5012 exponens
3284 4951 3472 4997 contra
3514 4943 3708 5004 Deum.
3736 4955 3763 4995 a

2212 5046 2319 5100 quo
2348 5032 2607 5085 auxilium
2642 5047 2801 5087 omne
2829 5040 3127 5102 exspectat,
3156 5035 3298 5088 malo
3336 5035 3520 5094 animo
3553 5032 3763 5105 ageret?

2211 5121 2326 5176 Hoc
2353 5138 2483 5178 sane
2505 5132 2647 5179 esset
2674 5124 2729 5177 in
2756 5138 2914 5178 suum
2936 5131 3098 5193 caput
3120 5126 3318 5181 malum
3351 5136 3694 5192 convertere,
3716 5130 3762 5180 et

2212 5217 2444 5285 pugione
2474 5216 2575 5271 sibi
2608 5224 2830 5272 mortem
2860 5216 3199 5272 manifestam
3234 5219 3594 5278 consciscere.

2279 5306 2438 5370 lbitl.,
2470 5310 2566 5364 lin.
2598 5309 2685 5363 54.
2721 5308 2989 5379 Γαμοῦσι
3018 5309 3084 5363 δὲ
3127 5309 3251 5376 τάς.
3295 5311 3528 5376 Quidam
3577 5313 3761 5369 existi-

2211 5409 2431 5455 marunt
2479 5400 2667 5455 Saram
2704 5417 2946 5457 sororem
2979 5402 3147 5458 fuisse
3170 5403 3402 5461 Abraha:
3430 5407 3620 5462 eadem
3656 5418 3759 5461 ma-

2212 5499 2297 5547 tre
2346 5493 2642 5570 eodemque
2679 5502 2833 5564 patre
2877 5497 3129 5563 genitam.
3162 5498 3413 5554 Clemens
3453 5497 3764 5554 Alexandri.

2214 5600 2340 5646 nus,
2389 5585 2482 5641 lib.
2530 5601 2568 5641 ιι
2614 5585 2849 5652 Strom.,
2881 5586 3191 5656 Cajctanus,
3227 5588 3412 5651 Sotus,
3468 5591 3562 5643 lib.
3604 5607 3641 5644 ιι
3689 5587 3756 5642 De

2206 5678 2421 5747 justitia
2445 5687 2494 5733 et
2513 5680 2637 5747 jure
2652 5719 2668 5745 ,
2688 5677 3044 5752 Hieronymus
3062 5681 3455 5735 Traditionibus
3484 5681 3539 5735 in
3556 5680 3752 5739 Cenes.

2216 5767 2467 5833 videntur
2481 5769 2662 5839 aliquo
2677 5768 2835 5824 modo
2851 5771 2976 5827 huic
2988 5769 3228 5840 opinioni
3247 5769 3421 5826 atlinia
3436 5770 3639 5827 dicere.
3661 5769 3755 5827 Alit
