4064 6290
248 306 432 365 ιοιδ

1413 321 1479 378 ΙΝ
1511 323 1884 382 EUSTATHII
1921 325 2393 383 HEKAEHERON
2421 329 2650 386 NOTAE.

3450 333 3588 392 l0“

247 427 503 522 dicunt
539 447 708 491 cum
755 446 941 494 nostro
995 431 1278 496 Eusmufto
1325 439 1514 497 Saram
1562 443 1730 500 fuisse
1774 443 1933 499 ﬁliam

2040 448 2254 520 Πατέρα
2270 448 2376 502 τῶν
2390 447 2523 502 ὅλων
2539 447 2766 521 ήγητέθν
2778 449 3142 520 προσηνέχθαι
3162 451 3272 514 τοῖς
3287 449 3391 522 πρὸ
3411 452 3586 522 ἡμῶν.

251 521 469 577 Aram
517 525 757 586 fratris
790 529 1038 598 Abrahae,
1069 546 1361 604 veramque
1390 549 1635 590 sororem
1668 534 1788 591 Lot.
1823 536 1930 590 Ha-

259 613 382 669 bet
433 616 860 690 Augustinus,
894 623 992 678 lib.
1032 639 1147 678 ntt
1192 625 1452 680 Adi-crsu:
1491 625 1772 691 Faustum,
1808 641 1929 697 cap.

263 707 400 774 53$;
446 709 729 782 Josepb.
775 715 869 772 lib.
917 732 934 771 ι
977 717 1180 787 Antiq.,
1213 726 1267 774 et
1303 717 1615 774 Gennadius
1655 717 1846 774 Caten.
1877 719 1933 771 in

273 795 512 856 Cenes.
549 820 569 857 :
631 804 895 878 Ἀϐραὰμ
924 807 1000 870 δὲ,
1035 809 1188 879 φησὶ,
1233 810 1325 861 καὶ.
1358 807 1558 880 Ναχὼρ
1592 808 1777 863 ἔλαϐον
1814 810 1934 864 ἐαυ-

271 890 417 950 τοῖς
479 897 821 958 γυναῖκας’
878 895 968 948 καὶ
1012 892 1080 966 ἦν
1133 897 1300 967 όνομα
1337 901 1402 969 τῇ
1443 899 1658 966 γυναικὶ
1709 899 1806 970 μὲν
1840 900 1932 953 τοῦ

293 975 618 1052 Ἀϐραὰμ
671 984 840 1056 Σάρα,
873 983 965 1038 τοῦ
1007 985 1205 1056 Ναχὼρ
1258 985 1316 1038 δὲ
1349 989 1414 1056 τῇ
1451 987 1671 1055 γυναικὶ
1718 987 1928 1058 Μελχὰ,

285 1070 441 1141 ἥτις
468 1068 554 1144 ἦν
596 1074 852 1148 Θυγάτηρ
881 1077 971 1130 καὶ
1007 1078 1142 1148 αύτὴ
1176 1076 1269 1130 τοῦ
1315 1079 1547 1150 Ἀρῤάμ.
1582 1078 1655 1133 Ού
1691 1080 1847 1150 μόνον
1875 1079 1932 1132 δὲ

293 1162 430 1234 ἄρα.
479 1169 700 1238 πατὴρ
726 1163 793 1239 ἦν
825 1169 853 1220 6
897 1167 1108 1240 Ἀρῤἁμ
1144 1169 1241 1241 τῆς
1273 1169 1510 1240 Μελχᾶς,
1550 1169 1686 1224 ἀλλὰ
1717 1169 1932 1238 καὶτῆς

313 1257 559 1329 ’1εσχά.
600 1263 767 1314 ’Ὥστε
809 1262 964 1332 δῆλον
996 1264 1184 1336 ὅτιπερ
1215 1266 1244 1318 ὅ
1272 1283 1330 1318 τε
1373 1265 1620 1336 Ἀϐραὰμ
1649 1265 1738 1319 καὶ
1761 1267 1790 1318 ὁ
1818 1265 1932 1317 Να-

300 1348 475 1421 χὼρ,
499 1351 683 1417 ὄντες
703 1355 804 1406 υἱοὶ
831 1354 925 1424 μὲν
953 1355 1046 1408 τοῦ
1079 1357 1287 1429 Θάρρα,
1321 1355 1412 1410 τοῦ
1451 1357 1506 1410 δὲ
1547 1357 1759 1430 Ἀρῤἀμ
1789 1355 1934 1410 ἀδελ-

307 1440 446 1509 φοὶ,
492 1441 816 1516 θυγατέρας
841 1444 932 1498 τοῦ
962 1447 1189 1517 ἀδελφοῦ
1227 1448 1404 1517 αὐτῶν
1431 1447 1523 1510 τοῦ
1573 1449 1802 1520 Ἀρρὰμ,
1841 1449 1934 1502 καί¹

309 1533 601 1604 ἀδελφὰς
651 1536 784 1608 πρὸς
830 1537 1005 1608 γάμον
1051 1541 1337 1608 ἠγάγοντο,
1380 1541 1478 1611 τὴν
1511 1540 1731 1610 Μελχὰν
1781 1541 1876 1610 μὲν
1907 1541 1935 1592 6

314 1625 587 1699 Ναχὼρ,
633 1631 662 1681 6
699 1628 755 1682 δὲ
805 1630 1052 1702 Ἀϐραὰμ
1095 1631 1190 1702 τήν
1235 1631 1435 1703 Σάραν.
1485 1630 1712 1686 Dubium
1753 1638 1932 1684 tamen

2032 540 2151 593 Ἔτι
2171 541 2279 613 γὰρ
2300 543 2328 594 6
2341 541 2540 612 κόσμος
2554 538 2848 613 ἀνθρώπιον
2865 541 3178 613 ἀπλήρωτος
3191 539 3286 608 ὢν,
3301 541 3376 606 ὡς
3399 543 3592 614 νήπιος

2027 626 2114 701 ἦν,
2144 631 2238 684 καὶ
2262 633 2426 703 ἐχρῆν
2454 631 2614 684 αὐτὸν
2647 631 2726 694 είς
2766 631 2966 702 πλῆθος
3000 631 3262 702 πρότερον
3291 631 3354 684 ἐκ
3386 631 3589 685 τούτων

2028 719 2365 791 ἀνδρωθέντα
2397 719 2783 792 πληθυνθῆναι.
2827 720 2963 774 Ἀλλ’
3003 721 3090 774 ὅτε
3127 719 3311 773 λοιπὸν
3349 720 3453 773 67:6
3492 735 3588 772 πε-

2035 809 2207 879 ράτων
2239 811 2332 863 ἐπὶ
2354 811 2565 882 πέρατα
2593 811 2921 883 κατῳκίσθη,
2951 810 3051 881 τῆς
3067 809 3478 882 ἀνθρωπότητος
3511 812 3590 874 εξς

2031 900 2251 972 ἄπειρον
2282 904 2604 974 κεχυμένης,
2630 903 2814 957 οὐκέτι
2841 906 2952 965 τοῖς
2980 903 3161 966 αὐτοῖς
3195 901 3469 971 ἐπιμένειν
3501 900 3588 954 τὸν

2031 990 2311 1062 ἄνθρωπον
2345 993 2640 1065 ἐπέτρεπεν
2663 997 2689 1048 6
2720 994 2871 1060 Θεὸς,
2903 991 3114 1046 σκοπῶν
3133 993 3280 1056 ὅπως
3305 989 3412 1043 ἀπὸ
3429 989 3590 1043 τῶνδε

2031 1078 2110 1140 εἰς
2155 1079 2279 1131 τάδε
2330 1080 2736 1149 μεταϐαίνοντες
2785 1080 3163 1152 πλησιαίτερον
3214 1078 3590 1151 προκόπτωσιν

2031 1169 2282 1239 ἔρχεσθαι
2294 1170 2400 1224 τῶν
2413 1171 2671 1243 οὐρανῶν,
2703 1171 2888 1244 μέχρις
2907 1171 2990 1237 ἀν,
3012 1172 3090 1234 είς
3114 1169 3243 1224 αὐτὸ
3260 1169 3321 1222 :6
3339 1167 3589 1239 μέγιστον

2037 1261 2262 1332 μάθημα
2297 1263 2391 1316 καὶ
2435 1263 2855 1335 κορυφαιότατον
2879 1263 2974 1334 τὴν
3019 1261 3313 1334 παρθενίαν
3353 1261 3581 1331 φθάσαν-

2034 1369 2140 1416 τες,
2172 1352 2544 1420 τελειωθῶσιν,
2585 1351 2692 1406 ἀπὸ
2724 1355 2820 1425 τῆς
2865 1354 3242 1425 ἀδελφομιξίας
3279 1355 3592 1417 ὁδεύσαντες

2033 1443 2246 1514 πρῶτον
2279 1446 2358 1506 είς
2377 1445 2437 1497 τὸ
2469 1445 2680 1507 ὀθνείας
2719 1444 3014 1512 ἐπάγεσθαι
3044 1447 3306 1516 γαμετὰς,
3343 1444 3592 1498 κάκεῖθεν

2033 1535 2110 1597 εἰς
2132 1535 2191 1587 :6
2220 1535 2414 1606 μηκέτι
2444 1535 2662 1599 πολλαῖς
2711 1535 3005 1588 ἐπιϐαίνειν
3048 1535 3386 1606 τετραπόδων
3422 1536 3590 1606 νόμῳ,

2031 1623 2279 1697 καθάπερ
2304 1627 2382 1690 είς
2416 1627 2600 1697 ὀχείαν
2629 1629 2918 1697 γεγονότας
2938 1669 2951 1692 ,
2981 1626 3272 1682 κάντεῦθεν
3315 1630 3394 1692 είς
3431 1627 3489 1680 :6
3516 1629 3590 1698 μὴ

318 1718 534 1774 adhuc
563 1730 816 1778 remanet
844 1738 874 1776 a
897 1732 1088 1778 nostro
1110 1723 1393 1779 Eustathio
1423 1730 1832 1793 pertractatum,
1861 1736 1931 1775 an

2036 1718 2252 1787 μοιχοὺς
2274 1719 2573 1786 γεγονέναι,
2600 1720 2691 1772 καὶ
2717 1715 2782 1774 αὖ
2814 1720 2971 1774 πάλιν
3000 1722 3078 1784 είς
3112 1720 3477 1793 σωφροσύνην,
3499 1721 3594 1773 καὶ

322 1813 628 1868 videlicet
667 1816 977 1886 conjugium
1017 1815 1351 1886 temporibus
1394 1792 1501 1870 illis
1530 1814 1691 1872 fuerit
1725 1814 1932 1868 licitum

2031 1809 2137 1862 67:6
2176 1809 2523 1882 σωφροσύνης
2563 1812 2641 1874 είς
2677 1811 3001 1883 παρθενίαν,
3039 1812 3163 1866 ἔνθα
3204 1792 3594 1883 μελετήσαντες

323 1901 493 1958 inter
517 1903 731 1959 fratres
753 1913 806 1959 et
824 1920 1041 1960 sorores
1063 1923 1077 1972 ;
1120 1904 1740 1974 dissolvitAuguslinus,
1759 1903 1854 1958 lib.
1873 1903 1931 1958 d.

325 2001 389 2048 et
424 2009 531 2058 xv,
570 1993 650 2047 De
680 1995 888 2048 civitate
914 1993 1034 2059 Dei,
1066 2009 1187 2065 cap.
1228 1996 1313 2061 16,
1351 1995 1440 2064 qui
1477 1995 1552 2048 ait
1591 1993 1700 2048 tale
1745 1994 1933 2062 conju-

325 2087 500 2157 gium
535 2104 652 2144 non
676 2087 845 2144 fuisse
874 2065 1014 2157 apud
1042 2088 1240 2158 probos
1272 2087 1421 2143 viros
1445 2088 1500 2142 in
1530 2102 1654 2151 usu,
1685 2100 1786 2140 nec
1813 2085 1932 2140 lici-

330 2187 504 2246 tum;
563 2193 669 2234 nec
708 2178 1026 2234 adversatur
1073 2187 1262 2234 nostro
1304 2175 1613 2242 Eustathio,
1660 2174 1754 2244 qui
1801 2166 1933 2229 dicit

331 2271 568 2326 similia
604 2271 951 2324 matrimonia
981 2277 1110 2324 tunc
1141 2269 1405 2340 temporis
1427 2268 1596 2334 licita,
1621 2281 1720 2321 nec
1747 2265 1935 2335 probi-

337 2360 465 2415 bita
495 2359 708 2427 fuisse;
742 2375 918 2431 neque
953 2361 1096 2414 enim
1137 2360 1204 2414 de
1245 2358 1506 2415 fratribus
1551 2365 1605 2412 et
1652 2357 1932 2412 sororibus

340 2451 562 2505 iisdem
591 2457 744 2520 patre
768 2459 821 2506 et
843 2457 1014 2506 matre
1039 2451 1238 2522 genitis
1271 2449 1652 2520 intelligendus
1675 2457 1778 2513 est,
1803 2463 1934 2520 prae-

344 2546 442 2594 ter
486 2554 608 2594 rem
657 2541 802 2595 enim
841 2546 895 2596 et
953 2541 1417 2611 exspectationem
1465 2539 1758 2603 dubitaret,
1808 2554 1930 2593 cum

345 2628 658 2687 manifeste
708 2631 958 2702 superius
985 2633 1316 2706 declarasset
1348 2630 1538 2686 Saram
1568 2631 1737 2686 fuisse
1769 2630 1931 2684 ﬁliam

347 2721 559 2786 Aram,
613 2737 855 2780 sororem
899 2723 1001 2779 Lot
1046 2739 1209 2795 quam
1260 2725 1314 2778 in
1370 2737 1594 2779 uxorem
1653 2730 1933 2792 acceperat

347 2813 666 2878 Abraham,
703 2822 757 2870 et
792 2830 901 2870 non
934 2830 1174 2871 sororem
1210 2830 1520 2886 germanam
1550 2853 1566 2880 ,
1601 2814 1695 2869 sed
1724 2821 1930 2868 tantum

354 2905 430 2960 de
452 2891 706 2971 sordriis,
739 2906 852 2962 sive
877 2907 948 2962 .de
979 2906 1105 2961 ﬁliis
1128 2907 1380 2970 fratrum,
1406 2913 1459 2959 et
1489 2920 1758 2968 sororum,
1787 2903 1929 2974 quod

356 2998 684 3070 coniugium
716 2999 790 3053 ait
819 3008 941 3053 ante
969 2997 1263 3054 Mosaicam
1297 2997 1466 3067 legem
1509 2994 1692 3050 fuisse
1720 2995 1773 3048 in
1805 3009 1928 3058 usu,

357 3097 416 3144 et
447 3098 750 3160 receptum.
781 3090 1042 3156 Quamvis
1074 3089 1229 3143 multi
1264 3090 1393 3142 item
1423 3087 1683 3158 putarint,
1713 3095 1930 3156 propter
1958 3124 1999 3181 ο

358 3183 646 3237 hominum
677 3184 1002 3253 paucitatem
1034 3183 1090 3236 in
1120 3181 1340 3237 exordio
1370 3179 1558 3236 mundi
1585 3178 1752 3234 fuisse
1776 3187 1830 3234 et
1856 3177 1930 3232 al-

359 3279 543 3325 terum
596 3271 905 3342 conjugium
970 3272 1210 3335 licitum,
1277 3280 1331 3325 et
1383 3269 1717 3339 temporibus
1771 3268 1934 3323 etiam

355 3363 616 3422 Abrahaa.
635 3365 766 3430 Quae
782 3362 1049 3420 sententia
1069 3363 1232 3418 etiam
1249 3378 1314 3417 ex
1336 3362 1520 3417 verbis
1545 3359 1787 3416 auctoris
1809 3359 1933 3414 elici

359 3469 564 3531 potest,
597 3461 711 3532 qui,
740 3461 886 3514 nulla
913 3460 1094 3514 habita
1113 3458 1602 3529 consanguinitatis
1628 3457 1740 3512 sive
1763 3454 1932 3508 aﬁini-

362 3553 494 3606 tatis
522 3553 756 3616 ratione,
793 3551 1053 3606 fratribus
1076 3559 1130 3606 et
1151 3552 1434 3606 sororibus
1465 3551 1542 3604 ait
1566 3551 1774 3604 alterna
1805 3563 1937 3602 con-

363 3644 513 3712 iugia
567 3651 692 3698 ante
745 3644 914 3714 legem
964 3644 1256 3699 Mosaicam
1313 3643 1484 3698 fuisse
1530 3643 1700 3697 licita.
1754 3640 1934 3697 Testis

367 3749 514 3786 unus
550 3748 660 3802 pra:
687 3734 940 3789 omnibus
973 3733 1276 3788 Methodius
1301 3733 1592 3803 episcopus
1625 3744 1678 3786 et
1703 3743 1932 3804 martyr,

368 3825 424 3878 in
459 3825 703 3878 Convivia
732 3825 905 3879 decem
948 3825 1228 3893 virginum,
1258 3825 1415 3893 cujus
1463 3825 1641 3891 verba,
1673 3825 1798 3894 quia
1826 3824 1936 3879 ele-

367 3919 690 3989 gantissima
714 3925 842 3972 sunt
874 3924 926 3972 et
957 3918 1196 3972 nondum
1235 3917 1379 3987 quod
1414 3919 1581 3972 sciam
1614 3918 1754 3988 typis
1781 3932 1934 3971 man-

369 4008 518 4070 data,
543 4024 650 4068 non
682 4009 947 4078 gravabor
972 4009 1060 4063 hic
1086 4008 1396 4064 ascribere:
1425 4007 1650 4079 Μεγάλη
1679 4007 1785 4079 γὰρ
1806 4007 1935 4079 ἀλη-

370 4099 477 4164 θῶς
514 4101 785 4173 ὑπερϐολὴ
819 4101 881 4154 :6
911 4101 1008 4172 τῆς
1045 4101 1342 4172 παρθενίας
1374 4099 1677 4171 ἀνθρώποις
1727 4100 1819 4152 ἀπ’
1846 4097 1934 4150 οὐ-

373 4194 549 4265 ρανῶν
591 4193 946 4266 κατεπέμφθη
993 4194 1176 4264 φυτόν.
1210 4193 1321 4246 Καὶ
1339 4193 1426 4246 διὰ
1448 4191 1605 4245 τοῦτο
1624 4194 1741 4255 ταῖς
1786 4188 1934 4262 πρώ-

369 4302 489 4350 ταις
525 4287 622 4340 οὐκ
647 4286 1001 4358 ἀπεκαλύφθη
1038 4289 1268 4354 γενεαῖς.
1307 4286 1426 4337 Ἔτι
1455 4283 1560 4356 γὰρ
1598 4286 1626 4337 6
1653 4282 1933 4354 ἄνθρωπος

369 4379 640 4449 ὀλιγοστὸς
682 4375 770 4450 ἦν,
818 4379 910 4431 καὶ
955 4377 1118 4448 ἐχρῆν
1151 4379 1230 4440 είς
1275 4375 1476 4445 πλῆθος
1526 4375 1739 4446 πρῶτον
1769 4372 1930 4425 αὐτὸν

2028 1903 2127 1972 τῆς
2161 1902 2358 1973 σαρκὸς
2395 1904 2769 1975 ὑπερφρονεῖν,
2800 1906 2877 1966 εἰς
2918 1903 3007 1958 τὸν
3047 1905 3140 1974 τῆς
3169 1903 3474 1974 ἀφθαρσίας
3506 1901 3596 1954 εὕ-

2030 1993 2137 2046 διον
2181 1993 2398 2062 ἀφόϐως
2429 1994 2741 2065 ὁρμίζονται
2773 1995 2966 2067 χῶρον.
2999 1997 3060 2048 Εί
3092 1995 3147 2047 δέ
3189 2013 3273 2059 τις
3298 1995 3372 2060 ὼς
3417 1995 3596 2065 ἀμάρ-

2030 2102 2189 2156 τυρον
2219 2086 2326 2138 τῶν
2357 2086 2589 2156 Γραφῶν
2621 2085 2969 2141 αἰτιάσασθαι
3010 2088 3267 2159 τολμήσει
3299 2087 3388 2140 τὸν
3416 2086 3592 2154 λόγον,

2032 2176 2161 2247 φέρε
2191 2177 2276 2249 δὴ,
2308 2176 2640 2248 παραθέντες
2683 2180 2776 2233 καὶ
2803 2179 2870 2233 τά
2901 2177 3008 2234 τῶν
3047 2178 3356 2250 προφητῶν,
3397 2176 3594 2248 ἀληθέ-

2033 2285 2196 2340 στερα
2241 2269 2437 2340 μᾶλλον
2465 2269 2815 2342 ἀποδείξομεν
2853 2271 2923 2325 τὰ
2959 2269 3348 2343 προειρημένα.
3385 2268 3444 2322 Ὀ
3465 2268 3594 2337 γοῦν

2044 2358 2292 2430 Ἀϐραὰμ
2327 2358 2541 2430 πρῶτος
2577 2360 2633 2412 ἐν
2661 2359 2892 2432 διαθήκῃ
2933 2359 3032 2432 τὴν
3066 2357 3362 2431 περιτομὴν
3392 2357 3592 2419 λαϐὼν,

2030 2449 2180 2503 οὐδὲν
2204 2449 2386 2521 ἕτερον
2419 2449 2752 2504 αἰνίσσεσθαι
2787 2450 2934 2503 δοκεῖ
2979 2450 3038 2502 :6
3067 2452 3280 2513 οἰκεῖον,
3311 2447 3595 2520 περιστελο

2029 2543 2249 2614 λόμενος
2268 2544 2369 2612 τῆς
2398 2543 2598 2616 σαρκὸς
2627 2543 2815 2596 ἑαυτοῦ
2849 2542 3007 2614 μέλος
3037 2542 3069 2614 ἢ
3100 2541 3275 2607 τοῦτο,
3305 2542 3366 2594 :6
3399 2541 3596 2612 μηκέτι

2028 2635 2097 2688 τὰ
2123 2637 2187 2688 ὲκ
2227 2636 2320 2690 τοῦ
2359 2635 2521 2689 αὐτοῦ
2566 2637 2875 2707 σπέρματος
2906 2634 3371 2707 δημιουργηθέντα
3414 2635 3596 2689 παιδο-

2031 2729 2270 2798 σπορεῖν,
2310 2727 2417 2780 67:6
2457 2728 2553 2798 τῆς
2606 2727 2739 2792 ίδίας
2778 2726 3008 2781 ἕκαστον
3055 2727 3318 2781 διδάσκων
3361 2727 3596 2798 ἀδελφῆς

2029 2812 2115 2872 οἷα
2156 2819 2354 2888 σαρκὸς
2401 2819 2726 2889 ἀποτέμνειν
2757 2817 2856 2888 τὴν
2884 2817 3025 2871 κατὰ
3061 2817 3342 2870 συνουσίαν
3383 2817 3593 2888 ήδονήν.

2033 2911 2190 2963 Ὥστε
2223 2910 2283 2963 :6
2305 2909 2640 2980 πλησιάζειν,
2669 2911 2762 2962 καὶ
2785 2908 3032 2980 ὁμεύνοις
3055 2908 3288 2980 χρῆσθαι
3306 2911 3425 2973 ταῖς
3447 2926 3596 2978 σφων

2030 3000 2281 3069 ἀδελφαῖς
2320 3001 2426 3054 ἀπὸ
2473 3001 2580 3053 τῶν
2615 2999 2708 3054 τοῦ
2765 2999 3013 3072 Ἀϐραὰμ
3047 3001 3318 3054 πέπαυται
3367 3001 3594 3072 καιρῶν.

2031 3092 2104 3145 Τὸ
2142 3093 2198 3145 δὲ
2233 3092 2510 3148 πλειόνων.
2548 3091 2614 3145 Et
2641 3091 2851 3162 reliqua
2889 3106 3009 3162 qua:
3052 3090 3304 3148 Marcella
3333 3091 3593 3148 eruditis-

2035 3182 2170 3237 sime
2198 3182 2355 3236 simul
2391 3191 2446 3236 et
2479 3181 2881 3251 elegantissime
2907 3183 3288 3253 prosequitur;
3329 3198 3451 3254 quae
3483 3181 3594 3238 Deo

2033 3272 2193 3327 dante
2208 3289 2314 3326 una
2333 3289 2456 3330 cum
2475 3274 2696 3344 reliquis
2711 3273 2856 3328 brevi
2871 3273 3093 3327 utilitati
3109 3274 3336 3344 publica
3349 3274 3592 3332 edemus.

2033 3363 2310 3418 Omnibus
2331 3371 2493 3419 notus
2511 3372 2594 3418 est
2614 3379 2730 3420 mos
2747 3361 3059 3428 Persarum,
3079 3363 3172 3434 qui
3205 3377 3329 3418 cum
3357 3365 3589 3434 parenti-

2034 3455 2136 3510 bus
2154 3456 2554 3521 miscebantur;
2577 3455 2644 3510 de
2677 3457 2876 3526 quibus
2899 3455 2990 3510 hic
3021 3455 3202 3511 dicere
3240 3456 3592 3526 supersedeo.

2101 3547 2219 3602 uol.
2255 3546 2376 3614 760,
2394 3547 2486 3602 lin.
2517 3548 2604 3602 45.
2639 3548 2700 3600 'o
2715 3546 2782 3601 δὲ
2798 3547 3010 3616 Θάρῤα.
3028 3545 3316 3618 Iosephus,
3348 3547 3590 3618 Antiqui-

2035 3648 2132 3694 ιαε.
2151 3641 2245 3696 lib.
2265 3656 2302 3705 ι,
2322 3655 2441 3711 cap.
2462 3641 2491 3694 7
2515 3663 2526 3696 ;
2544 3640 2756 3712 Θάρρου
2787 3641 2844 3695 δὲ
2877 3643 3200 3712 μισήσαντος
3216 3640 3312 3713 τὴν
3328 3639 3593 3695 Χαλδαίαν

2031 3732 2119 3791 διὰ
2146 3732 2208 3786 :6
2250 3731 2472 3803 Ἀράνου
2500 3731 2712 3796 πένθος,
2742 3731 3133 3803 μετοικίζονται
3157 3733 3354 3796 πάντες
3382 3733 3462 3795 είς
3491 3731 3587 3802 χὼ·

2034 3841 2134 3894 ραν
2174 3825 2270 3896 τῆς
2314 3824 2768 3894 Μεσοποταμίας·
2811 3824 2944 3876 ὅπου
2987 3823 3050 3895 δὴ
3093 3825 3304 3897 Θάρῤον
3345 3824 3588 3895 τελευτή-

2034 3931 2200 3969 σαντα
2229 3915 2538 3977 θάπτουσιν,
2571 3914 2665 3984 ἔτη
2694 3914 2966 3986 βιώσαντα
3000 3915 3159 3968 πέντε
3190 3917 3285 3970 καὶ
3329 3915 3590 3971 διακόσια.

2101 4004 2260 4068 Ibid.,
2311 4006 2408 4059 lin.
2457 4006 2544 4061 48.
2580 4007 2826 4059 "Em-ore
2855 4005 2959 4074 γὰρ
2992 4003 3125 4060 τῶν.
3156 4003 3442 4075 Iosephus.
3487 4005 3543 4059 ib
3575 4023 3589 4058 ι

2033 4098 2399 4167 Συνετέτμητο
2424 4097 2532 4168 γὰρ
2559 4097 2658 4169 ἤδη
2691 4099 2802 4159 τοῖς
2833 4095 3136 4166 ἀνθρώποις
3180 4098 3296 4149 κατ’
3325 4095 3500 4164 ὀλίγον
3532 4095 3590 4152 :6

2033 4187 2150 4260 ζῇν,
2181 4189 2273 4240 καὶ
2305 4187 2632 4258 βραχύτερον
2665 4187 2877 4256 ἐγένετο
2915 4188 3074 4258 μέχρι
3114 4188 3212 4257 τῆς
3240 4188 3478 4251 Μωσέως
3502 4205 3588 4256 γε-

2031 4282 2247 4344 νέσεως,
2283 4280 2398 4350 μεθ’
2424 4281 2480 4333 ὃν
2505 4281 2626 4351 ὅρος
2655 4275 2721 4351 ῆν
2747 4278 2840 4332 τοῦ
2871 4277 2968 4350 ζῇν
2991 4279 3182 4332 ἐκατὺν
3206 4279 3297 4350 ἔτη
3328 4278 3462 4349 πρὸς
3480 4280 3589 4341 τοῖς

2033 4374 2222 4436 εἴκοσι,
2267 4372 2419 4426 ταῦθ’
2469 4373 2748 4442 ὁρίσαντος
2793 4371 2886 4424 τοῦ
2919 4371 3072 4436 Θεοῦ,
3115 4372 3214 4424 ὅσα
3258 4371 3352 4424 καὶ
3390 4370 3593 4440 Μωσῆν

371 4476 683 4546 αὐξήσαντα
731 4470 1094 4542 τελειωθῆναι.
1145 4469 1235 4523 Διὸ
1273 4469 1336 4542 δὴ
1376 4470 1469 4522 καὶ
1514 4467 1611 4530 τὰς
1665 4467 1932 4537 σφετέρας

2037 4466 2232 4537 συνέϐη
2266 4464 2470 4535 βιῶναι.
2507 4463 2642 4519 Vide
2677 4463 3118 4519 dissertatiouem
3159 4462 3416 4533 Gasparis
3460 4461 3589 4516 Dor-.

369 4569 602 4638 ἀδελφὰς
627 4569 675 4621 οἱ
714 4564 932 4620 παλαιοὶ
977 4563 1341 4634 λαμϐάνοντες
1380 4563 1640 4630 γυναῖκας
1683 4559 1833 4612 οὐδὲν
1867 4553 1933 4629 ἦν

370 4663 631 4736 ἀπρεπὲς,
665 4659 822 4731 μέχρι
849 4659 1009 4728 νόμος
1036 4654 1202 4710 ἐλθὼν
1218 4654 1560 4715 διεστείλατο,
1587 4652 1681 4706 καὶ
1704 4653 1763 4705 :6
1787 4649 1936 4720 πρῶ-

369 4771 460 4807 τον
489 4751 677 4806 δοκοῦν
713 4747 851 4802 εἷναι
891 4748 1051 4802 καλὸν
1091 4744 1472 4817 ἀπαγορεύσας
1515 4742 1785 4814 ἁμαρτίαν
1833 4742 1936 4794 ἀπ-

371 4849 626 4918 εφήνατο,
649 4844 1052 4914 ἐπικατάρατον
1071 4840 1250 4895 καλῶν
1263 4839 1351 4893 τὸν
1369 4836 1814 4892 ἀποκαλύπτοντα
1835 4834 1933 4906 τὴν

371 4934 750 5006 ἀσχημοσύνην
780 4933 878 5003 τῆς
915 4931 1146 5000 ἀδελφῆς
1165 4927 1350 4992 αὐτοῦ,
1379 4926 1470 4980 τοῦ
1497 4926 1629 4980 Θεοῦ
1664 4925 1801 4981 κατά
1818 4943 1934 4978 και-

374 5027 462 5098 ρὸν
489 5026 582 5079 καὶ
607 5024 795 5097 καιρὸν
819 5023 916 5095 τὴν
947 5023 1286 5094 ἁρμόζουσαν
1307 5019 1459 5091 ἡμῶν
1488 5017 1564 5089 τῷ
1591 5018 1736 5086 γένει
1777 5035 1934 5072 σπου-π

370 5119 532 5173 δαίων
566 5118 966 5190 προσφέροντος
1013 5115 1281 5187 βοήθειαν,
1317 5112 1502 5183 ῶσπερ
1532 5111 1593 5182 δὴ
1625 5111 1717 5163 καὶ
1751 5113 1800 5164 οἱ
1830 5127 1934 5162 πα-

371 5213 524 5283 τέρες
547 5214 659 5274 τοῖς
691 5212 844 5273 υἱοῖς.
879 5209 954 5262 Οὐ
983 5206 1090 5279 γὰρ
1117 5207 1314 5268 εύθέως
1352 5205 1554 5259 ἄνωθεν
1585 5201 1930 5256 ἐπιστατοῦσι

373 5306 494 5367 τοὺς
524 5304 918 5370 παιδαγωγοὺς,
951 5301 1084 5355 ἀλλά
1109 5301 1208 5371 τὴν
1231 5299 1482 5369 παιδικὴν
1518 5296 1728 5368 ἡλικίαν
1745 5297 1932 5350 ἐάσαν-

371 5410 462 5458 τες
492 5393 786 5463 ἀθύρεσθαι
823 5391 1127 5464 μοσχαρίων
1145 5390 1319 5460 δίκην,
1347 5388 1557 5460 πρῶτον
1588 5389 1666 5450 είς
1686 5387 1934 5440 διδασκά-

373 5484 479 5538 λων
521 5481 980 5554 συμψελλιζόντων
1015 5479 1446 5542 ἀποστέλλουσιν,
1485 5477 1593 5531 ἔστ’
1633 5476 1697 5531 ἂν
1730 5476 1933 5530 ἀποϐαο

374 5576 552 5640 λόυτες
596 5577 695 5646 τὴν
751 5571 1076 5646 μειρακιώδη
1113 5571 1269 5642 τρίχα
1309 5569 1402 5625 τοῦ
1432 5569 1545 5632 νοῦ,
1592 5571 1670 5634 εἰς
1706 5568 1801 5640 τὴν
1825 5568 1930 5621 τῶν

379 5667 632 5739 μειζόνων
657 5665 886 5737 ἄσκησιν
915 5661 1372 5738 παραπεμφθῶσι,
1408 5663 1657 5715 κάκεῖθεν
1679 5657 1830 5724 αὖθις
1852 5663 1930 5724 εἰς

377 5762 468 5831 τὴν
502 5759 607 5814 τῶν
643 5757 721 5812 ἔτι
750 5757 1022 5828 μειζόνων.
1049 5754 1227 5826 Ταύτῃ
1266 5753 1372 5826 γὰρ
1406 5755 1498 5808 καὶ
1531 5752 1620 5806 τὸν
1665 5752 1793 5806 Θεὸν
1838 5752 1930 5806 καὶ

2035 4557 2160 4613 navi
2188 4557 2254 4614 de
2283 4557 2464 4612 causis
2493 4555 2850 4624 longzevitatis
2879 4563 3093 4627 patrum
3123 4553 3595 4625 primigeniorum,

2035 4651 2123 4705 cui
2159 4649 2346 4705 titulus
2376 4647 2684 4703 Mathusala
2722 4649 2893 4704 vivax.

2104 4742 2261 4806 lbid.,
2287 4743 2383 4797 lin.
2416 4743 2504 4798 55.
2553 4741 2796 4811 Ἀϐραὰμ
2826 4739 2894 4795 δὲ
2925 4743 2975 4795 ό.
3018 4739 3218 4795 Eadem
3248 4739 3408 4794 habet
3439 4735 3590 4793 Jose-

2032 4833 2172 4904 phus
2197 4833 2374 4903 Antiq.
2406 4832 2501 4887 lib.
2527 4847 2568 4895 ι,
2598 4846 2719 4902 cap.
2745 4831 2798 4895 8,
2828 4838 2883 4885 et
2903 4829 3105 4894 subdit,
3131 4827 3390 4884 Berosum
3419 4827 3592 4881 Abra-

2032 4925 2178 4979 hami
2198 4925 2360 4978 tacito
2390 4923 2610 4978 nomine
2629 4921 2962 4977 meminisse.
2986 4919 3294 4976 Hecataeum
3316 4920 3463 4975 illius
3482 4934 3592 4974 non

2033 5015 2345 5071 meminisse
2383 5015 2578 5078 obiter,
2617 5013 2712 5069 sed
2745 5013 2885 5069 libro
2921 5012 2988 5069 de
3029 5028 3094 5067 eo
3132 5013 3469 5083 conscripto,
3503 5027 3593 5067 res

2031 5111 2150 5178 ejus
2181 5109 2484 5178 posteritati
2515 5106 2946 5172 commendasse,
2976 5121 3076 5162 nec
3099 5122 3210 5162 non
3230 5114 3283 5162 et
3308 5104 3589 5160 Nicolaum

2034 5199 2424 5256 Damascenum
2454 5200 2508 5254 in
2532 5216 2584 5252 tv
2612 5200 2966 5253 Historiarum
3004 5216 3022 5254 :
3052 5197 3392 5271 Μνημονεύει
3417 5198 3472 5249 δὲ
3495 5195 3590 5248 τοῦ

2032 5292 2233 5364 πατρὸς
2280 5291 2434 5363 ἡμῶν
2485 5290 2756 5363 Ἀϐράμου
2807 5292 3094 5364 Βηρωσσὺς
3138 5293 3238 5344 οὐκ
3287 5286 3590 5358 ὀνομάζων,

2030 5383 2200 5452 λέγων
2225 5382 2425 5448 οὕτως’
2459 5383 2613 5438 Μετά
2648 5383 2704 5436 δὲ
2739 5382 2828 5436 τὸν
2861 5381 3236 5452 κατακλυσμὸν
3267 5379 3467 5450 δεκάτῃ
3495 5393 3590 5445 γε·-

2030 5477 2124 5545 νεᾷ
2155 5475 2302 5544 παρᾶ
2342 5474 2623 5538 Χαλδαίοις
2653 5492 2736 5538 τις
2768 5470 2833 5545 ἦν
2859 5475 3059 5536 δίκαιος
3100 5470 3234 5543 ἀνὴρ
3266 5471 3455 5540 μέγας,
3499 5468 3591 5523 καὶ

2028 5565 2096 5619 τὰ
2123 5566 2345 5638 οὐράνια
2386 5565 2660 5638 ἔμπειρος.
2696 5566 2974 5627 Ἑκαταῖος
3015 5564 3070 5615 δὲ
3098 5561 3304 5616 καὶτοῦ
3350 5560 3590 5632 μνησθῆ-

2031 5676 2118 5712 ναι
2153 5657 2310 5712 πλέον
2332 5677 2382 5713 τι
2415 5658 2710 5730 πεποίηκε’
2748 5657 2947 5726 βιϐλίον
2988 5655 3096 5727 γὰρ
3127 5652 3254 5724 περὶ
3287 5651 3447 5708 αὐτοῦ
3472 5669 3590 5707 συν-

2032 5751 2326 5821 ταξάμενος
2375 5750 2646 5807 κατέλιπε.
2680 5747 2940 5810 Νικόλαος
2969 5745 3026 5803 δὲ
3067 5746 3093 5798 6
3135 5745 3485 5819 Δαμασκηνὸς
3528 5745 3594 5804 ἐν
