4064 6290
525 294 663 363 10ίῦ

1844 284 2091 342 ιεοΝιε
2126 283 2398 359 Αιωτιι

3667 278 3842 336 ίῦίσ

522 414 603 491 τῇ¹
620 412 859 487 τετάρτῃ
900 407 1018 462 τῶν
1056 404 1352 474 Ἰστοριῶν
1373 405 1524 475 λέγει
1560 405 1731 470 οὕτως
1747 423 1759 436 ·
1815 405 2094 478 Ἁϐράμης

2199 413 2396 477 posset.
2426 403 2630 485 verbis,
2659 401 2921 472 exemplis
2965 401 3197 471 aliisque
3221 400 3553 458 actionibus
3596 397 3693 454 ad
3730 412 3843 453 ve-

526 500 839 557 ὲϐασίλευσε
882 496 1174 569 Δαμασκοῦ
1222 495 1423 569 ἔπηλυς
1467 497 1564 550 σὺν
1596 497 1809 569 στρατῷ
1851 498 2086 569 ἀφιγμέ-

526 610 637 658 νος,
660 599 803 657 etc.;
833 597 888 645 et
910 589 1218 645 Alexander
1250 587 1558 659 Polyhistor
1597 589 1740 659 apud
1769 587 2086 656 Eusebium,

527 685 605 740 De
633 682 1014 753 preparations
1042 678 1360 751 Evangelica
1405 680 1499 735 lib.
1536 696 1614 751 ix,
1653 695 1721 735 ex
1757 679 2087 750 Eupolemo:

525 772 736 845 Δεκάτῃ
765 771 822 825 δὲ
852 772 1016 842 γενεᾷ
1045 787 1206 842 φησιν
1235 772 1293 824 ὲν
1321 770 1469 824 πόλει
1492 771 1589 842 τῆς
1614 770 1952 836 Βαϐυλωνίας
1973 772 2090 831 Ka-

529 864 751 937 μαρίνῃ,
790 863 858 935 ἧν
893 880 1045 927 τινας
1084 862 1260 931 λέγειν
1295 861 1446 916 πόλιν
1476 860 1697 935 Οὐρίην,
1721 858 1875 933 ξεῖναι
1901 862 1959 916 δὲ
1998 879 2093 933 με-

522 956 999 1028 θερμηνευομένην
1045 954 1325 1019 Χαλδαίων
1368 955 1541 1019 πόλιν,
1579 957 1636 1009 ὲν
1672 955 2091 1029 τρισκαιδεκάτῃ

524 1047 778 1117 γενέσθαι
814 1047 1062 1118 Ἀϐραὰμ
1090 1048 1270 1118 γενεᾷ,
1298 1048 1546 1119 εὐγενείᾳ
1576 1048 1672 1101 καὶ
1702 1049 1862 1119 σοφίᾳ
1886 1048 2093 1111 πάντας

530 1137 965 1209 ὑπερϐεϐηκότα,
995 1137 1054 1192 ὃν
1092 1138 1156 1209 δὴ
1184 1139 1276 1192 καὶ
1316 1137 1409 1209 τὴν
1441 1138 1792 1210 ἀστρολογίαν
1821 1139 1916 1192 κα)⁵
1953 1138 2096 1196 Xa):

524 1224 717 1296 δαῐκὴν
759 1226 961 1296 εὑρεῖν,
1007 1226 1099 1280 ἐπί
1134 1244 1195 1280 τε
1232 1227 1330 1298 τὴν
1358 1226 1637 1282 εὐσέϐειαν
1660 1230 1976 1300 ὁρμήσαντα
2004 1229 2094 1282 εὐ-

526 1317 826 1388 αρεστῆσαι
853 1317 931 1388 τῷ
967 1319 1107 1389 Θεῷ.
1141 1317 1339 1372 Τοῦτον
1376 1318 1452 1384 δὲ,
1482 1316 1571 1373 διὰ
1599 1320 1668 1374 τὰ
1705 1321 2095 1393 προστάγματα

400 1430 405 1436 ·
489 1448 493 1452 .
526 1410 622 1464 τοῦ
651 1411 785 1465 Θεοῦ
816 1413 896 1475 είς
930 1411 1181 1483 Φοινίκην
1225 1413 1443 1468 ὲλθόντα
1474 1416 1813 1485 κατοικῆσαι,
1853 1416 1946 1468 καὶ
1973 1431 2097 1487 τρο-

531 1503 641 1566 πὰς
670 1502 817 1573 ἡλίου
839 1504 934 1557 καὶ
959 1504 1209 1575 σελήνης,
1235 1506 1329 1558 καὶ
1357 1506 1427 1558 τὰ
1449 1506 1581 1559 ἄλλα
1609 1507 1783 1559 πάντα
1816 1506 2097 1571 διδάξαντα

527 1598 655 1660 τοὺς
674 1595 943 1660 Φοίνικας,
969 1596 1326 1667 εὐαρεστῆσαι
1359 1597 1435 1667 τῷ
1464 1597 1669 1668 βασιλεῖ
1690 1599 1885 1652 αὐτῶν.

599 1686 720 1741 Col.
762 1686 885 1750 761,
915 1686 1015 1740 lin.
1054 1687 1104 1740 1.
1133 1688 1329 1755 Μόνος
1359 1684 1557 1754 οὗτος.
1590 1689 1843 1743 Consona
1864 1687 2097 1758 Josepho

2195 514 2317 555 rum
2371 498 2522 553 illum
2556 492 2777 552 'cultum
2822 495 3154 558 attraheret,
3197 494 3425 564 ideoque
3456 494 3632 550 hinc
3683 489 3840 544 inde

2193 598 2443 661 vagatum
2460 588 2836 645 Chaldteorum
2853 588 3015 642 urbes
3029 601 3095 642 ac
3110 585 3580 657 Mesopotamiam
3616 584 3836 654 ipsam

2196 681 2617 752 perlustrantem
2644 696 2660 744 ;
2689 693 2813 732 cum
2841 684 3022 734 tamen
3050 685 3279 733 eventus
3306 674 3517 741 studio,
3557 670 3838 729 deside-

2196 771 2386 839 rioque
2410 784 2522 823 non
2552 768 2922 838 responderet,
2949 767 3170 825 anxium
3200 773 3280 821 tot
3306 765 3531 820 labores
3551 804 3574 828 ,
3623 761 3835 817 sudo-

2195 876 2395 931 resque
2425 860 2629 915 frustra
2655 858 2926 929 impendi,
2969 858 3037 912 ad
3073 855 3242 912 Deum
3287 857 3628 912 recurrisse
3658 893 3683 917 ,
3717 853 3827 924 qui

2198 953 2303 1022 ipsi
2345 956 2403 1004 ut
2450 949 2622 1005 exiret
2658 948 2727 1003 de
2773 949 2985 1019 patria,
3027 956 3081 1002 et
3111 948 3178 1003 dc
3206 947 3542 1018 cognatione
3588 944 3823 1014 jussit.

2196 1041 2291 1098 Sic
2315 1058 2442 1097 vera
2473 1050 2590 1096 erat
2634 1042 2901 1097 sententia
2935 1039 3233 1103 Eustathii,
3267 1054 3391 1094 eum
3434 1039 3687 1095 exiisse
3744 1037 3824 1091 de

2197 1143 2344 1197 terra
2377 1134 2749 1189 Chaldaeorum
2771 1172 2785 1196 ,
2815 1141 2869 1187 et
2901 1131 3285 1203 Mesopotamia
3305 1174 3320 1199 ,
3363 1145 3675 1201 omneque
3708 1128 3823 1185 de-

2196 1229 2460 1286 siderium
2500 1227 2568 1281 ad
2606 1242 2672 1282 ea
2713 1227 2833 1281 loca
2870 1224 3174 1281 revertendi
3212 1225 3566 1295 deposuisse.
3599 1222 3818 1290 Quare

2198 1319 2362 1376 verba
2404 1319 2493 1372 illa
2529 1317 2807 1388 Stephani,
2859 1316 2985 1371 Act.
3019 1330 3131 1382 vn,
3179 1315 3342 1371 etiam
3392 1322 3571 1384 atque
3615 1312 3810 1368 etiam

2200 1409 2592 1465 consideranda
2609 1416 2768 1469 sunt:
2790 1407 2924 1460 Deus
2947 1406 3130 1477 gtoriw
3151 1406 3394 1475 apparuit
3409 1406 3556 1475 patri
3594 1414 3804 1458 nostra

2203 1502 2448 1560 Abraha’.
2479 1517 2595 1554 cum
2615 1510 2745 1554 esset
2777 1501 2829 1553 in
2861 1498 3261 1560 Mesopotamia,
3293 1499 3441 1566 prius
3467 1513 3649 1566 quam
3685 1513 3804 1549 πνοι

2200 1603 2411 1650 raretur
2445 1592 2499 1645 in
2529 1591 2737 1653 Chara,
2782 1598 2833 1645 et
2872 1590 3009 1645 dixit
3055 1590 3123 1642 ad
3157 1589 3340 1642 illum:
3375 1587 3482 1642 Exi
3510 1588 3584 1642 de
3632 1599 3793 1642 terra

2205 1693 2296 1737 tua
2316 1723 2331 1745 ,
2356 1691 2405 1736 et
2433 1681 2495 1734 de
2533 1681 2836 1752 cognatione
2865 1693 2987 1744 tua,
3028 1688 3078 1732 et
3107 1679 3219 1733 veni
3261 1680 3316 1732 in
3361 1687 3560 1733 terram
3611 1695 3787 1749 quam

532 1778 792 1848 leguntur
819 1781 960 1850 apud
996 1779 1219 1834 Suidam
1245 1780 1313 1836 de
1348 1781 1680 1846 Abrahamo,
1713 1792 1767 1837 et
1806 1780 2100 1837 Eusebium

2201 1783 2556 1830 monstrarem
2598 1772 2690 1827 tibi
2697 1815 2709 1835 ,

531 1869 589 1922 in
644 1869 821 1939 prima
868 1878 1020 1940 parte
1064 1870 1359 1927 Chronici:
1405 1871 1680 1943 Ἀϐραὰμ,
1722 1872 1981 1935 Χαλδαῖος
2027 1871 2102 1926 ὣν

531 1955 592 2008 τὸ
649 1956 838 2024 γένος,
896 1957 996 2029 τὴν
1060 1958 1279 2029 πρώτην
1337 1961 1549 2029 ἡλικίαν
1608 1961 1757 2033 παρὰ
1814 1961 2103 2026 Χαλδαίοις

533 2046 764 2118 ἐτράφη,
801 2047 893 2101 καὶ
922 2049 1021 2117 τῆς
1046 2050 1175 2119 παρ’
1207 2052 1390 2113 αὐτοῖς
1414 2051 1768 2123 ἀστρολογίας
1789 2054 1883 2107 καὶ
1911 2054 2102 2125 λοιπῆς

532 2135 766 2223 μετέσχε
792 2141 1004 2209 σοφίας.
1048 2141 1313 2215 Θεοφιλὴς
1351 2144 1407 2198 δὲ
1434 2144 1529 2210 ὢν,
1576 2147 1670 2200 καὶ
1700 2150 1812 2210 τοῖς
1844 2147 2102 2219 κτίσμασι

528 2231 557 2283 ὁ
584 2230 673 2283 τὸν
704 2229 827 2284 νοῦν
859 2232 1053 2285 ἑαυτοῦ
1087 2234 1166 2305 μὴ’
1186 2235 1614 2307 καταδεξάμενος
1640 2239 1797 2290 ἐᾶσαι
1845 2239 2105 2311 ἐνδιατρί-

532 2323 665 2386 ϐειν,
701 2322 816 2376 ἀλλ’
844 2324 939 2376 ἐπὶ
977 2325 1068 2379 τὸν
1103 2327 1481 2398 γενεσιουργὸν
1510 2331 1573 2381 ὲκ
1598 2330 1695 2400 τῆς
1724 2328 1834 2383 τῶν
1876 2331 2107 2401 κτισμά-

531 2431 638 2468 των
669 2415 924 2485 ἀναχθεὶς
953 2417 1236 2489 καλλονῆς,
1265 2419 1412 2483 θείας
1437 2419 1751 2490 ὲλλάμψεως
1772 2419 1996 2493 ἠξιώθη,
2025 2420 2103 2474 ἔτι

531 2502 819 2577 διατρίϐων
853 2508 911 2560 ὲν
928 2510 994 2577 τῇ
1025 2508 1261 2578 πατρίδι.
1296 2509 1361 2563 Et
1392 2511 1685 2565 Africanus
1712 2530 1725 2566 :
1752 2504 1918 2575 Οὗτος
1948 2513 2105 2583 μόνος

530 2595 640 2655 τῶν
671 2598 984 2669 ἁπανταχοῦ
1010 2599 1110 2670 τὴν
1132 2600 1224 2652 ἐπὶ
1249 2601 1317 2655 τὰ
1338 2602 1532 2655 εἴδωλα
1572 2603 1778 2675 πλάνην
1810 2603 2103 2659 νοσούντων

530 2687 622 2740 τὶν
654 2688 827 2760 ἀληθῆ
880 2690 1011 2743 Θεὸν
1041 2692 1275 2761 ἐπέγνω,
1315 2694 1410 2747 καὶ¹
1443 2696 1778 2766 Δημιουργὸν
1820 2695 1926 2749 τῶν
1970 2696 2104 2750 ὅλων

533 2779 885 2852 ἀνεκήρυξεν.
926 2781 1098 2843 Judaei
1157 2792 1339 2839 tamen
1374 2788 1621 2840 nonnulli
1675 2788 1897 2842 tradunt
1934 2789 2105 2844 Abra-

533 2871 662 2928 ham
716 2875 1138 2947 quadragesimo
1194 2888 1388 2936 octavo
1443 2878 1618 2936 aetatis
1677 2895 1820 2935 anno
1873 2881 2104 2952 cmpisse

535 2980 835 3036 agnoscere
856 2984 1042 3023 verum
1070 2969 1263 3034 Deum,
1299 2986 1623 3044 omnemque
1664 2973 1983 3028 idololatria:
2011 2989 2104 3036 su-

536 3047 911 3124 perstitionem
940 3059 1225 3130 abjecisse,
1250 3061 1416 3118 refert
1444 3062 1826 3120 Genebrardus
1861 3065 1915 3118 in
1938 3063 2102 3128 Chro-
2127 3097 2168 3151 ο

536 3150 675 3223 nico.
712 3149 888 3221 Hujus
948 3155 1227 3209 sententia:
1273 3162 1356 3210 est
1394 3163 1449 3211 et
1490 3155 1737 3211 Andreas
1802 3154 2004 3230 Masius
2045 3150 2135 3211 in’

534 3262 655 3314 cap.
682 3261 817 3302 xxiv
852 3245 1051 3313 Iosue;
1085 3263 1188 3304 nec
1219 3251 1288 3303 ab
1317 3264 1380 3305 ea
1397 3249 1823 3305 dissentitPhilo
1850 3252 1985 3320 Περὶ
2019 3248 2102 3304 νό-

540 3356 655 3409 μων
700 3340 980 3411 ἀγράφων,
1025 3342 1054 3394 ὅ
1092 3343 1239 3397 ἐστιν
1292 3341 1569 3413 Ἀϐραάμ·
1616 3343 1750 3414 Περὶ
1794 3344 2097 3412 γιγάντωνξ

536 3428 673 3501 Περὶ
696 3431 988 3500 εὐγενείας.
1016 3430 1089 3487 De
1109 3433 1447 3502 providentia
1478 3434 1569 3488 Dei
1595 3436 1647 3488 in
1670 3436 1832 3489 rebus
1848 3435 2101 3491 humanis

538 3524 792 3591 superius
820 3523 1085 3578 nonnulla
1108 3525 1366 3590 diximus,
1393 3536 1446 3581 et
1466 3542 1585 3580 cam
1617 3527 1690 3580 ita
1719 3535 1990 3597 patentem
2017 3543 2104 3583 nec

534 3628 683 3682 gare.
722 3615 870 3681 vani,
896 3615 1043 3679 caci,
1077 3616 1435 3687 excordisque
1470 3618 1707 3673 hominis
1733 3629 1837 3684 cst,
1874 3620 2104 3690 etquid-

539 3708 624 3761 vis
670 3709 852 3781 potius
899 3708 1283 3789 excogitantis,
1327 3724 1491 3797 quam
1569 3709 1714 3780 quod
1760 3711 1897 3785 ratio
1937 3712 2105 3781 depo-

537 3797 671 3853 suit.

606 3878 768 3947 Ibid..
797 3886 892 3940 lin.
931 3886 1019 3942 11.
1051 3886 1205 3954 Πρὸς
1232 3887 1382 3957 γοῦν
1417 3887 1551 3957 τήν.
1582 3885 1872 3960 Iosephus,
1921 3891 2097 3961 Antii].

539 3974 634 4029 lib.
668 3991 685 4029 ι
723 3995 736 4030 :
769 3975 904 4030 Cum
936 3976 1145 4035 videret
1166 4016 1182 4039 ,
1228 3977 1440 4048 inquit,
1473 3979 1746 4034 Abraham
1768 4019 1782 4044 ,
1816 3981 1961 4049 quod
1989 3982 2101 4041 veri

536 4054 634 4120 Dei
663 4066 867 4119 cultum
895 4065 1072 4133 palam
1102 4071 1154 4124 et
1184 4066 1353 4121 libere
1394 4068 1715 4135 praedicaret
1734 4109 1749 4131 ,
1794 4069 2098 4139 Chaldaeos,

537 4164 594 4231 et
642 4154 1081 4245 MesOpotamitas
1122 4166 1314 4212 contra
1356 4174 1415 4214 se
1460 4162 1763 4231 insurgere,
1811 4164 2100 4218 consilium

537 4248 807 4318 migrandi
850 4249 1047 4318 coepit,
1092 4258 1145 4304 et
1183 4249 1464 4313 voluntate
1507 4266 1570 4305 ac
1605 4250 1787 4308 favore
1815 4251 1910 4308 Dei
1935 4253 2103 4314 fretus

536 4351 738 4397 terram
784 4322 1042 4399 Chanaan
1087 4340 1293 4403 tenuit,
1343 4341 1435 4395 ubi
1481 4343 1703 4398 sedibus
1744 4345 1940 4414 positis
1991 4343 2102 4399 Deo

2204 1916 2205 1919 η
2273 1863 2432 1927 lbid..
2461 1865 2556 1918 lin.
2591 1863 2676 1918 M.
2705 1863 2892 1932 Λιμοῦ
2930 1861 2998 1917 δὲ
3047 1864 3510 1928 καταλαϐόντος.
3543 1861 3773 1918 Manas-

2201 1971 2290 2011 ses
2306 1995 2336 2018 ,.
2352 1955 2406 2009 in
2434 1952 2758 2007 Annalibus:
3180 2021 3196 2040 .

2202 2068 2388 2138 Λιμοῦ
2439 2066 2874 2132 καταλαϐόντος
2920 2063 3030 2135 γὰρ
3077 2064 3193 2135 τὴν
3219 2063 3548 2138 χώραν-τὴν
3579 2068 3742 2120 Χαλ-

2213 2206 2428 2274 ⁹Αϐρὰμ
2446 2210 2479 2260 o’
2505 2208 2678 2272 θεῖος.
2709 2210 2741 2259 ό
2769 2204 2981 2271 πολὺς,
3013 2205 3221 2275 γέγονε
3244 2134 3627 2274 με·τιινὶξιξὶιέίιῖ⁹

2205 2277 2316 2331 Kal
2344 2276 2457 2346 τὴν
2498 2278 2852 2347 συγγένειαν
2888 2275 3099 2338 λιπὼν,
3133 2279 3219 2340 εὶς
3258 2276 3556 2347 Αἴγυπτορ⁸
3578 2275 3734 2345 μετ-ῆς

2215 2418 2310 2485 Ὠς
2345 2416 2674 2485 ἀποτρέψαι
2709 2415 2817 2471 τοῦ
2844 2414 3020 2485 λιμοῦ
3057 2413 3171 2484 τὴν
3205 2344 3751 2485 φθαρτικὴτίρέδράρ

2210 2557 2335 2623 Τοῖς
2357 2555 2675 2626 ζωαρκέσιιξ
2699 2555 2966 2624 ἐντυχὼν
2991 2555 3121 2610 ἐκεῖ
3158 2486 3657 2626 δαψιλεστέἕέίῖ

2204 2626 2405 2696 Συκῆν
2440 2627 2490 2680 δ’
2530 2625 2686 2693 αὐτῷ
2724 2627 2819 2681 καὶ
2857 2626 3076 2696 γαμετὴ
3106 2627 3254 2694 πρὸς
3295 2625 3762 2765 ξένηῖοᾶηελλο-

3474 2716 3549 2766 μα
3634 2736 3651 2762 .

2201 2766 2399 2835 Σάρῤα
2429 2768 2948 2836 χαριτοπρόσωπος
2979 2767 3077 2820 καὶ
3108 2766 3645 2837 περικαλλεστάτη.

2202 2875 2530 2946 Eupolemus
2566 2876 2708 2947 apud
2737 2877 3104 2932 Alexandrum
3141 2876 3541 2949 Polyhistorem
3580 2880 3636 2935 in
3659 2878 3764 2935 EI-

2202 2969 2371 3029 scbio,
2408 2969 2479 3022 De
2512 2978 2796 3037 prwparat.
2843 2968 2936 3022 lib.
2983 2984 3080 3025 Ix:
3120 2968 3294 3040 Λιμοῦ
3328 2969 3385 3023 δὲ
3446 2971 3758 3043 γενομένω,

2201 3061 2292 3114 τὸν
2322 3059 2571 3131 Ἀϐραὰμ
2629 3060 3004 3132 ἀπαλλαγῆναι
3046 3063 3126 3124 είς
3170 3062 3441 3130 Αἴγυπτον
3489 3062 3759 3134 πανοικίᾳ,

2200 3153 2357 3214 κάκεῖ
2401 3154 2688 3217 κατοικεῖν,
2721 3153 2819 3223 τήν
2860 3169 2918 3205 τε
2949 3154 3181 3221 γυναῖκα
3218 3153 3381 3207 αὐτοῦ
3410 3153 3503 3207 τὸν
3545 3154 3761 3226 βασιλέα

2197 3243 2306 3296 τῶν
2335 3243 2642 3311 Αἰγυπτίων
2666 3243 2873 3315 γῆμαι,
2909 3243 3107 3313 φάντος
3137 3243 3302 3297 αὐτοῦ
3334 3244 3574 3315 ἀδελφὴν
3603 3241 3755 3301 εἶναι.

2199 3336 2263 3388 Ει
2286 3336 2590 3405 Artapanus
2610 3354 2622 3390 :
2640 3335 2836 3390 Τοῦτον
2857 3335 2915 3389 δέ
2943 3353 3073 3407 φησι
3101 3336 3348 3410 πανοικίᾳ
3379 3336 3554 3393 ὲλθείν
3577 3340 3657 3402 είς
3675 3338 3760 3393 Λί-

2198 3443 2402 3495 γυπτον
2431 3427 2566 3498 πρὸς
2590 3425 2682 3479 τὸν
2704 3426 2812 3480 τῶν
2838 3427 3146 3495 Αἰγυπτίων
3172 3425 3393 3505 βασιλέα
3419 3428 3759 3502 Φαρεθὼνην,

2200 3521 2294 3573 καὶ
2321 3520 2420 3589 τὴν
2459 3521 2814 3591 ἀστρολογίαν
2841 3521 3000 3575 αὐτὸν
3025 3521 3248 3587 διδάξαι.
3279 3521 3551 3575 Μείναντα
3582 3522 3639 3577 δὲ
3667 3524 3757 3593 ἔτη

2198 3611 2316 3663 ἐκεῖ
2348 3612 2543 3673 εἴκοσι,
2574 3612 2733 3665 πάλιν
2765 3612 2843 3676 είς
2888 3612 3013 3675 τοὺς
3043 3613 3182 3666 κατὰ
3219 3613 3415 3686 Συρίαν
3445 3613 3756 3684 ἀπαλλαγη-

2199 3720 2286 3757 ναι
2333 3703 2544 3768 τόπους.
2604 3703 2724 3758 Τῶν
2788 3704 2846 3758 δὲ
2908 3702 3083 3775 τούτῳ
3138 3704 3495 3760 συνελθόντων
3535 3706 3754 3771 ⁸πολλοὺς·

2200 3800 2259 3851 ὲν
2305 3799 2563 3868 Αἰγύπτῳ
2612 3800 2931 3868 καταμεῖναι
2988 3797 3075 3852 διὰ
3131 3800 3229 3870 τὴν
3277 3799 3609 3868 εὐδαιμονίαν
3651 3800 3747 3868 τῆς

2199 3889 2403 3961 χώρας.
2455 3889 2916 3959 Percgrinationis
2949 3890 3180 3946 Abrahae
3222 3892 3493 3946 historiam
3529 3899 3740 3960 propter

2202 3978 2395 4051 famem
2447 3983 2515 4036 ab
2563 3997 2629 4036 eo
2679 3992 2979 4053 susceptae,
3027 3992 3082 4038 et
3120 3993 3347 4051 servatae
3374 3998 3404 4037 a
3431 3982 3532 4037 Deo
3562 3981 3744 4035 uxoris

2204 4074 2476 4143 pudicitiae
2517 4083 2712 4144 praeter
2755 4073 2990 4147 Moysem
3024 4083 3434 4145 prosequuntur
3470 4072 3749 4144 Josephus,

2204 4169 2408 4238 Antiq.,
2434 4167 2530 4223 lib.
2564 4183 2603 4231 ι,
2633 4181 2754 4236 (ap.
2789 4167 2820 4220 8
2846 4184 2860 4234 ;
2898 4166 3074 4234 Philo,
3103 4167 3196 4221 lib.
3225 4165 3297 4221 De
3323 4166 3609 4228 Abraham,
3639 4179 3756 4234 qua:

2202 4272 2309 4315 non
2345 4258 2568 4313 minima
2598 4259 2690 4313 lux
2723 4259 2847 4313 huic
2877 4259 3017 4313 loco.

2271 4350 2404 4404 Ibid.
2432 4389 2449 4412 ,
2486 4349 2583 4403 lin.
2615 4350 2699 4404 16.
2753 4351 2859 4404 Καὶ
2891 4351 3033 4416 τοὺς
3068 4350 3443 4419 Αἰγυπτίους.
3469 4348 3755 4420 Josephus,

536 4430 739 4485 struxit
764 4445 937 4493 aram,
968 4436 1021 4484 et
1055 4430 1263 4485 hostias
1299 4432 1576 4485 mactavit.
1624 4432 1769 4487 ldem
1814 4416 2026 4489 asserit.
2045 4442 2099 4489 et

2201 4441 2377 4509 Antio.
2410 4441 2503 4495 lib.
2534 4457 2570 4503 ι,
2631 4455 2750 4510 cap.
2778 4440 2843 4495 9:
2880 4441 2996 4493 Τῶν
3028 4416 3468 4511 γὰρ-Αἰγυπτίων
3488 4416 3761 4511 διαφόροις

534 4522 731 4591 prohat
766 4522 1134 4595 Augustinus,
1172 4519 1247 4576 De
1285 4522 1492 4576 cim’tate
1534 4522 1632 4577 Dei
1680 4524 1773 4579 lib.
1814 4540 1926 4587 xvi,
1972 4541 2095 4598 cap.

539 4612 625 4667 15.

548 4744 553 4745 ν
608 4704 769 4770 lbid.,
802 4707 898 4761 lin.
934 4707 1019 4761 13.
1051 4706 1159 4762 Καὶ
1181 4705 1448 4772 ἀναστὰς
1468 4703 1713 4759 ἐκεῖθεν.
1741 4705 1815 4759 Ex
1846 4704 2097 4761 Chaldzra

534 4813 752 4867 nempe,
778 4807 832 4854 et
862 4799 1265 4869 Mesopotamia,
1292 4799 1627 4869 Augustinus
1657 4806 1858 4862 tamen,
1894 4799 1987 4853 lib.
2010 4816 2096 4855 xvt

534 4888 613 4943 Ite
643 4891 870 4953 civitate,
905 4906 1024 4968 cap.
1064 4892 1160 4955 15,
1188 4891 1417 4945 afﬁrmat
1457 4890 1729 4943 Abraham
1781 4890 2094 4944 mandatum

534 4980 631 5035 Dei
683 4982 961 5052 accepisse
1007 4999 1129 5037 cum
1157 4983 1270 5052 jam
1305 4982 1654 5038 discessisset
1677 4996 1706 5035 e
1737 4979 2009 5046 Chaldzea,
2042 4989 2097 5036 et

534 5073 592 5127 in
639 5071 1023 5141 Mesopotamia
1068 5081 1514 5139 commoraretur.
1560 5071 1918 5137 Ambrosius,
1952 5071 2095 5126 lib.t

534 5163 613 5221 De
638 5163 908 5229 Abraham
930 5204 946 5229 ,
980 5178 1101 5240 cap.
1131 5164 1165 5217 2
1189 5181 1204 5229 ;
1229 5161 1432 5219 Paulus
1464 5162 1757 5233 Burgensis
1782 5201 1798 5226 ,
1853 5164 1909 5216 in
1965 5159 2092 5217 Cen.

534 5242 671 5328 cap.»
704 5273 814 5322 ιιι,
849 5258 1092 5313 sentiunt
1144 5255 1249 5308 hoc
1287 5263 1612 5324 praeceptum
1660 5253 1737 5307 illi
1787 5252 2094 5322 impositum

533 5348 705 5406 fuisse
742 5349 800 5405 in
841 5350 1061 5405 civitate
1096 5346 1317 5401 llaram.
1358 5345 1471 5415 Ego
1502 5354 1684 5400 tamen
1736 5346 2093 5401 existimarim

536 5441 807 5497 Abraham
842 5442 945 5496 hoc
985 5447 1312 5511 praeceptum
1347 5439 1659 5506 accepisse,
1700 5454 1824 5491 cum
1857 5446 2003 5494 esset
2037 5438 2094 5492 in

533 5531 939 5602 Mesopotamia.
981 5547 1081 5588 nec
1107 5532 1254 5588 enim
1286 5530 1504 5585 videtur
1531 5544 1561 5582 a
1585 5530 1798 5585 ratione
1828 5531 2092 5590 alienum.

534 5619 806 5677 Abraham
855 5640 1069 5679 summo
1123 5630 1319 5689 conatu
1370 5618 1538 5675 Deum
1596 5619 1944 5689 diligentem,
1988 5620 2093 5676 sibi

539 5712 670 5769 illud
699 5713 956 5791 habuisse
991 5717 1156 5772 fixum
1180 5716 1235 5771 in
1264 5716 1481 5798 animo,
1524 5724 1581 5770 ut
1607 5714 1850 5805 aliquos,
1877 5714 1922 5767 si
1954 5728 2092 5786 quos

2199 4530 2578 4602 ἀρεσκομένων
2609 4530 2754 4585 ἔθεσι
2776 4572 2790 4594 ,
2818 4531 2913 4585 καί
2949 4531 3016 4584 τὰ
3053 4532 3183 4601 παρ’
3217 4530 3466 4601 ἀλλήλοις
3501 4532 3758 4599 ἐκφαυλι-

2200 4621 2397 4685 ζόντων
2422 4620 2644 4692 νόμιμα,
2665 4621 2760 4674 καὶ
2782 4620 2870 4675 διὰ
2902 4620 3059 4674 τοῦτο
3077 4619 3353 4690 δυσμενῶς
3379 4618 3608 4689 ἐχόντων
3624 4616 3758 4689 πρὸς

2197 4710 2455 4781 ἀλλήλους
2473 4748 2487 4775 ,
2530 4710 2821 4781 συμϐαλὼν
2849 4711 3025 4767 αὐτῶν
3056 4710 3337 4774 ἑκάστοις,
3368 4713 3460 4764 καὶ
3485 4709 3755 4763 διαπτύων

2195 4804 2320 4864 τοὺς
2346 4802 2568 4870 λόγους,
2615 4801 2708 4866 οὓς
2759 4801 3036 4857 ἐποιοῦντο
3078 4802 3208 4873 περὶ
3237 4802 3342 4855 τῶν
3387 4802 3532 4855 ίδίων
3572 4802 3760 4865 κενοὺς

2198 4897 2292 4948 καὶ
2326 4895 2489 4966 μηδὲν
2527 4895 2725 4966 ἀληθὲς
2764 4896 2983 4967 ἔχοντας
3020 4895 3308 4965 ἀπέφαινε.
3334 4893 3471 4951 Vide
3494 4892 3755 4950 Joannem

2195 4986 2665 5058 Chrysostomum,
2697 4988 2844 5041 hom.
2873 4989 2943 5041 50
2965 4987 3020 5040 in
3049 4985 3233 5041 Cenes.

2266 5078 2425 5143 lbid.,
2450 5079 2547 5134 lin.
2586 5079 2675 5132 19.
2706 5079 2816 5133 Καὶ
2843 5078 3227 5150 θαυμασθείς.
3253 5074 3541 5145 Iosephus,
3572 5076 3752 5143 Antiq.

2194 5174 2289 5228 lib.
2308 5189 2347 5233 t.
2375 5188 2495 5241 cap.
2519 5174 2552 5227 9
2574 5189 2587 5226 :
2606 5171 2952 5241 Θαυμασθεὶς
2967 5166 3059 5225 οὖν
3084 5170 3174 5223 ὑπ’
3199 5168 3377 5222 αὐτῶν
3406 5171 3464 5222 ὲν
3491 5171 3609 5231 ταῖς
3633 5184 3757 5220 συν.

2194 5261 2399 5327 ουσίαις
2430 5261 2505 5326 ὼς
2539 5259 2932 5324 συνετώτατος,
2989 5261 3082 5314 καὶ
3119 5260 3288 5324 δεινὸς
3314 5259 3453 5330 ἀνὴρ
3479 5260 3540 5313 οὐ
3567 5260 3755 5331 νοῆσαι

2198 5352 2376 5423 μόνον,
2412 5350 2545 5405 ἀλλὰ
2579 5353 2673 5405 καὶ
2699 5353 2884 5405 πεῖσαι
2913 5351 3084 5420 λέγων
3113 5353 3240 5422 περὶ
3268 5344 3344 5406 ὧν
3377 5350 3444 5405 ἂν
3474 5353 3754 5421 ἐπιχειρή-

2196 5460 2305 5497 σειε
2336 5442 2603 5496 διδάσκειν
2623 5481 2638 5505 ,
2671 5443 2766 5513 τήν
2807 5460 2867 5495 τε
2901 5443 3271 5515 ἀριθμητικὴν
3319 5443 3505 5505 αὐτοῖς
3538 5441 3751 5513 χαρίζεο

2193 5550 2304 5594 ται,
2328 5534 2422 5586 καὶ
2449 5532 2577 5606 περὶ
2611 5532 2962 5604 ἀστρολογίαν
2990 5533 3338 5605 παραδίδωσι.
3373 5533 3487 5604 Πρὸ
3511 5533 3622 5605 γάρ
3654 5534 3747 5603 τῆς

2192 5621 2502 5693 Ἀϐραάμου
2548 5623 2847 5693 παρουσίας
2879 5623 3163 5693 Αἰγύπτιοι
3192 5626 3398 5680 τούτων
3438 5618 3583 5695 εἶχον
3608 5625 3745 5695 ἀμαυ

2195 5713 2320 5777 θῶς·
2349 5714 2413 5769 ὲκ
2439 5712 2717 5785 Χαλδαίων
2733 5714 2840 5786 γὰρ
2854 5714 3023 5772 ταῦτα
3046 5715 3327 5786 ἐφοίτησεν
3356 5718 3432 5781 εἰς
3457 5718 3727 5787 Αἴγυπτον
