4064 6290
267 358 434 414 1017

1385 357 1453 413 ΙΝ
1490 355 1861 414 EUSTATﬂll
1906 357 2378 418 HEXAEMERON
2411 357 2638 415 ΝΟΤιΕ.

3405 361 3537 417 1018

267 473 417 532 ὃθεν
463 473 594 550 ἦλθε
623 478 717 531 καὶ
755 481 834 540 εἰς
873 481 1000 542 τοὺς
1034 478 1318 550 Ἕλληνας.
1359 476 1686 548 Eupolemus
1725 479 1864 550 apud

1968 479 2108 550 perii
2164 480 2376 541 habuit.
2427 477 2722 534 tradidisse
2761 479 3049 544 ministris,
3090 487 3152 534 ut
3194 486 3290 551 per
3318 489 3533 553 tempus

271 564 729 638 Polyhistorem:
759 568 1072 640 Συζήσαντα
1092 568 1147 621 δὲ
1171 569 1261 621 τὸν
1289 567 1540 640 Ἀϐραὰμ
1572 569 1628 623 ὲν
1670 568 1876 621 Ἡλιου-

271 657 453 712 πόλει
506 662 618 724 τοίς
661 660 969 727 Αἰγυπτίων
1014 660 1254 732 ἱερεῦσι,
1301 659 1471 714 πολλὰ
1530 658 1872 732 μεταδιδάξαι

273 749 520 815 αὐτοὺς,
542 751 632 804 καὶ
656 751 754 822 τὴν
779 751 1128 823 ἀστρολογίαν
1162 753 1255 805 καὶ
1277 751 1347 805 τὰ
1374 751 1534 805 λοιπὰ
1563 749 1748 804 τοῦτον
1776 751 1874 804 αὑ-

274 842 409 904 τοῖς
441 841 832 914 εἰσηγήσασθαι
851 881 865 907 ,
897 843 1136 915 φάμενον
1174 844 1546 908 Βαϐυλωνίους
1573 843 1749 898 ταῦτα
1777 844 1871 900 καὶ

275 933 464 988 αὐτὸν
503 935 792 1006 εὑρηκέναι
813 953 829 974 -·
867 937 962 1008 τὴν
1015 937 1070 990 δὲ
1111 936 1324 1008 εὕρεσιν
1375 936 1554 990 αὐτῶν
1591 939 1671 1000 είς
1703 937 1871 1008 Ἑνὼχ

277 1027 682 1099 ἀναπέμπειν,
740 1030 834 1082 καὶ
880 1029 1068 1083 τοῦτον
1135 1029 1430 1102 εὑρηκέναι
1492 1029 1703 1102 πρῶτον
1774 1029 1871 1101 τὴν

277 1119 675 1192 ἀστρολογίαν,
729 1122 826 1174 οὐκ
881 1122 1224 1190 Αἰγυπτίους.
1275 1124 1625 1192 Artapanus:
1662 1122 1764 1176 Τὺν
1813 1122 1870 1176 δὲ

281 1211 716 1284 Ἀδραμον,τὴν
736 1213 1122 1286 ἀστρολογικὴν
1153 1214 1464 1285 ἐπιστήμην
1496 1212 1868 1276 παιδευθέντα,

279 1302 520 1373 πρῶτον
555 1304 650 1373 μὲν
679 1303 850 1367 Δἐλθεῖν
901 1307 980 1368 εἰς
1022 1305 1272 1378 Φοινίκην
1299 1344 1313 1370 ,
1347 1306 1441 1358 καὶ
1469 1305 1593 1370 τοὺς
1621 1306 1870 1368 Φοίνικας

279 1393 655 1466 ἀστρολογίαν
691 1395 892 1460 διδάξαι
913 1412 926 1427 ο
965 1395 1189 1468 ὕστερον
1218 1396 1261 1450 δ’
1292 1401 1370 1461 εὶς
1398 1397 1668 1467 Αἴγυπτον
1695 1413 1870 1468 παρα-

277 1486 574 1553 γενέσθαι.
613 1485 812 1544 ιίοιιιηι
869 1495 1053 1542 tamen
1089 1490 1361 1546 sententia
1397 1488 1617 1545 Pererio
1648 1505 1754 1544 non
1781 1505 1871 1544 ar-

281 1578 474 1644 ridet,
500 1594 726 1650 eamque
772 1581 849 1634 ait
881 1579 1120 1635 divinam
1161 1580 1499 1651 Scripturam
1543 1597 1857 1652 coarguere.

279 1670 484 1728 Primo
508 1714 523 1738 ,
554 1673 680 1744 quia
710 1673 981 1728 Abraham
1028 1674 1352 1730 brevissimo
1397 1684 1638 1744 tempore
1669 1674 1769 1728 fuit
1812 1675 1868 1729 in

282 1763 565 1836 Egypto,
600 1765 671 1819 ita
700 1771 758 1818 ut
791 1767 846 1816 in
880 1772 1032 1818 tanta
1062 1765 1325 1819 brevitate
1353 1765 1609 1834 temporis
1630 1764 1734 1818 illae
1754 1764 1866 1819 dis-

1975 579 2296 628 consuetum
2325 571 2615 643 pigmentis
2645 572 3028 638 illustraretur,
3080 572 3537 644 inungereturque

1972 662 2130 729 oleis,
2180 678 2302 734 quae
2334 664 2484 726 item,
2524 673 2578 719 et
2606 679 2836 731 moram,
2863 673 2917 718 et
2967 671 3182 734 tempus
3230 655 3534 735 requirunt.

1971 753 2122 809 Adde
2151 755 2314 812 etiam
2342 756 2473 810 illud
2498 756 2663 827 quod,
2705 764 2992 829 postquam
3031 759 3277 812 restituta
3309 758 3405 812 fuit
3434 756 3536 815 Sa-

1971 863 2052 912 ra,
2093 847 2364 903 Abraham
2401 865 2506 904 non
2547 851 2728 906 statim
2772 849 3007 904 excessit
3059 865 3125 903 ex
3179 848 3433 920 Egypto,
3476 856 3540 904 ut

1970 941 2266 998 verisimile
2317 949 2422 1006 est,
2478 943 2725 1012 quamvis
2777 942 2926 998 viros
2981 941 3223 1005 haberet,
3273 944 3347 996 ita
3398 941 3538 997 Pha-

1971 1047 2138 1087 raone
2194 1033 2564 1104 prmeipiente,
2630 1034 2724 1103 qui
2779 1049 2903 1088 eum
2952 1032 3268 1090 educerent.
3324 1034 3534 1090 Pharao

1970 1138 2205 1193 namque
2233 1124 2564 1193 experientia
2594 1122 3162 1194 doctus,ﬁagellisque
3191 1124 3532 1194 prudentior,

1968 1229 2146 1284 neque
2179 1215 2444 1279 animose,
2469 1231 2570 1269 nec
2591 1215 2764 1286 rigide
2787 1215 3062 1269 Abraham
3094 1217 3412 1286 expulisset,
3437 1217 3529 1272 sed

1967 1306 2214 1374 exposita
2244 1307 2544 1370 voluntate,
2569 1313 2624 1362 et
2662 1321 2764 1376 ope
2793 1307 2924 1370 lata,
2949 1322 3060 1361 suae
3095 1307 3244 1361 illum
3280 1307 3532 1377 potestati

1968 1397 2194 1459 dimisit,
2231 1398 2324 1467 qui
2353 1399 2517 1454 rebus
2557 1399 2673 1453 suis
2712 1399 3017 1468 dispositis,
3070 1400 3314 1454 recessit.
3355 1398 3534 1466 Quan-

1967 1496 2080 1548 tum
2111 1500 2290 1544 autem
2334 1490 2386 1544 id
2419 1499 2635 1560 tempus
2670 1489 2833 1545 fuerit
2871 1506 2978 1545 non
3027 1491 3201 1545 ausim
3242 1490 3528 1554 afﬁrmare.

1965 1581 2124 1650 quale
2151 1582 2308 1650 quale
2354 1589 2472 1636 erat
2511 1580 2578 1635 ad
2610 1581 3022 1635 mathematicas
3061 1581 3377 1651 disciplinas
3429 1591 3535 1638 tra-

1966 1670 2170 1730 dendas
2197 1673 2318 1742 plus
2350 1673 2518 1728 nimio
2561 1679 2677 1728 erat
2712 1673 2872 1737 satis;
2920 1689 3096 1742 neque
3128 1675 3272 1728 enim
3312 1677 3533 1730 omnino

1966 1764 2230 1834 imperitis
2285 1773 2338 1819 et
2396 1763 2584 1820 insciis
2631 1765 2889 1820 scientias
2943 1766 3066 1820 illas
3103 1766 3398 1836 exposuit:
3436 1769 3531 1823 sed

284 1835 514 1925 ciplinze
556 1870 656 1910 nec
709 1855 1016 1924 potuissent
1040 1855 1333 1925 explicari,
1371 1870 1470 1910 nec
1503 1853 1732 1909 addisci.
1765 1855 1861 1910 δεξ-
1897 1835 1936 1890 Β
1961 1854 2072 1924 jam
2106 1855 2229 1909 aliis
2269 1854 2598 1925 disciplinis,
2633 1855 2710 1909 uti
2771 1854 2886 1910 ﬁeri
2932 1864 3162 1925 poterat,
3206 1857 3448 1922 imbutis,
3479 1867 3532 1914 et

284 1947 513 2013 eundo,
554 1947 685 2016 quia
733 1947 916 2000 statim
961 1947 1214 2002 restituta
1260 1961 1430 2001 uxore
1477 1945 1668 2016 jussus
1698 1947 1858 2003 fuerit

283 2040 449 2093 abire
466 2054 529 2093 ex
545 2037 802 2110 IEgypto;
823 2046 876 2094 et
900 2039 1110 2108 nequid
1131 2039 1438 2094 detrimenti
1466 2046 1756 2110 pateretur,
1776 2054 1862 2093 co-

281 2132 458 2192 mites
479 2132 527 2185 ei
553 2131 666 2184 dati
690 2134 818 2186 sint.
849 2131 1034 2186 Tertio
1055 2147 1122 2186 ex
1149 2130 1204 2189 S.
1234 2132 1556 2202 Augustino,
1579 2130 1650 2183 De
1673 2133 1859 2186 civita-

281 2231 338 2278 te
366 2222 486 2289 Dei,
521 2222 614 2277 lib.
642 2237 799 2285 xvm,
830 2237 952 2292 cap.
980 2221 1068 2284 40,
1104 2223 1196 2290 qui
1223 2221 1520 2275 Varronem
1552 2221 1736 2274 laudat
1761 2236 1860 2275 au-

278 2324 528 2379 ctorem,
563 2331 596 2370 a
623 2331 731 2386 quo
753 2313 1030 2385 proditum
1062 2313 1131 2368 sit
1152 2312 1436 2384 Egyptios
1461 2313 1692 2381 primum
1725 2313 1860 2368 Iside

283 2406 560 2476 magistra
592 2407 801 2460 litteras
853 2405 1112 2461 didicisse
1154 2404 1317 2474 paulo
1365 2404 1483 2473 plus
1513 2403 1742 2457 duorum
1773 2419 1862 2457 an-

283 2512 497 2558 norum
532 2498 770 2553 millibus
814 2507 938 2553 ante
977 2513 1130 2553 suam
1177 2506 1409 2551 aetatem.
1457 2493 1557 2550 Isis
1595 2511 1724 2551 vero
1752 2495 1862 2551 ﬁlia

283 2589 316 2644 f
316 2590 400 2643 uit
419 2589 599 2643 lnaehi
623 2590 764 2660 regis
783 2587 1124 2659 Argivorum,
1149 2587 1306 2658 cujus
1327 2602 1548 2658 regnum
1574 2595 1694 2658 post
1716 2602 1862 2642 mor-

281 2690 409 2737 tem
445 2681 676 2736 Abrahae
725 2681 942 2736 inchoat
969 2680 1251 2738 Eusebius.
1298 2679 1600 2744 Postremo,
1633 2679 1856 2733 Jambli-

283 2774 458 2840 .chus,
485 2774 562 2830 De
591 2784 802 2845 myster.
834 2771 1076 2844 Αῖρῃριη
1106 2773 1339 2843 primum
1377 2773 1658 2844 sapientia:
1689 2783 1742 2827 et
1769 2772 1862 2827 do-

283 2868 600 2923 ctrinarum
621 2868 762 2938 apud
782 2868 1065 2939 Egyptios
1090 2878 1366 2924 auctorem
1389 2867 1516 2922 facit
1539 2866 1860 2923 Mercurium

287 2957 732 3029 'l‘rismegistum.
780 2958 935 3015 iluuc
963 2967 1145 3013 autem
1175 2974 1283 3013 non
1316 2959 1489 3014 solum
1531 2959 1858 3024 Abrahamo,

289 3049 395 3104 sed
421 3051 584 3104 etiam
617 3050 798 3122 Moyse
824 3050 1181 3106 recentiorem
1216 3049 1385 3106 fuisse
1413 3050 1678 3104 aliirmant
1699 3049 1867 3106 Euse-

287 3141 423 3198 bius
450 3150 506 3198 et
534 3143 887 3212 Augustinus.
929 3139 1046 3197 Non
1071 3140 1527 3197 videntur-tamen
1582 3143 1717 3197 tanti
1750 3143 1860 3197 haec

288 3240 637 3303 argumenta,
667 3235 712 3287 si
738 3242 884 3288 recte
909 3234 1344 3296 considerentur.
1370 3243 1426 3288 ut
1454 3234 1567 3303 jam
1593 3236 1862 3291 dictorum

277 3325 586 3388 sententia,
613 3334 668 3380 et
699 3325 874 3381 nostri
926 3323 1193 3383 Eustathii
1248 3328 1401 3397 rejici
1432 3327 1624 3384 debeat
1651 3347 1662 3382 :
1691 3327 1864 3397 primo

281 3417 422 3488 quia
474 3418 632 3472 nobis
696 3432 804 3472 non
836 3419 1004 3488 liquet
1054 3430 1257 3488 quanto
1287 3427 1529 3489 tempore
1593 3419 1864 3476 Abraham

282 3508 443 3579 apud
481 3508 766 3580 Egyptios
815 3519 1058 3566 moratus
1111 3511 1292 3576 fuerit,
1349 3512 1493 3582 quod
1543 3525 1650 3567 non
1695 3511 1866 3568 fuisse

283 3597 680 3655 brevissimum
714 3601 798 3654 vel
837 3616 899 3655 cx
936 3615 1000 3655 eo
1032 3610 1199 3669 patet,
1227 3602 1371 3670 quod
1402 3601 1534 3655 dicit
1565 3600 1862 3670 Scriptura,

291 3690 588 3744 Dominum
627 3690 928 3758 ﬁagellasse
959 3691 1297 3746 Pharaonem
1326 3693 1499 3761 plagis
1535 3691 1785 3747 maximis
1810 3698 1864 3746 et

292 3781 518 3837 domum
548 3782 686 3850 ejus.
707 3780 890 3850 Neque
917 3782 1062 3836 enim
1085 3783 1415 3836 credendum
1450 3793 1530 3836 est
1556 3782 1726 3851 prima
1749 3781 1864 3837 vice

295 3874 469 3929 Deum
494 3873 702 3942 ﬂagella
736 3874 968 3925 maxima
999 3863 1233 3938 inferre;
1259 3872 1353 3926 sed
1379 3874 1608 3942 primum
1640 3872 1860 3936 leviora,

293 3967 497 4024 deinde
569 3965 773 4020 malitia
827 3965 1158 4035 perﬁdiaque
1211 3973 1509 4028 crescente,
1572 3966 1860 4033 atrociora,

293 4061 443 4130 quod
498 4058 824 4114 brevissimo
873 4066 1114 4127 tempore
1147 4058 1340 4111 confici
1370 4057 1702 4112 credendum
1753 4075 1863 4114 non

295 4161 400 4207 est.
425 4149 796 4220 Requiruntur
833 4150 976 4204 enim
1008 4157 1062 4202 et
1101 4147 1500 4204 admonitiones
1551 4151 1782 4219 praevias,
1811 4160 1864 4207 et

297 4242 493 4312 signa;
539 4255 860 4295 necnonex
888 4246 1046 4308 parte
1090 4239 1265 4307 ipsius
1303 4241 1604 4306 peccatoris
1647 4241 1864 4295 inmalo

294 4333 731 4406 perseverantia,
767 4340 820 4386 et
852 4332 1069 4385 animus
1091 4331 1398 4384 obstinatus
1427 4334 1491 4384 ad
1529 4332 1651 4391 hoc.
1687 4342 1746 4384 ut
1772 4332 1864 4386 ﬁa-

292 4426 435 4494 gella
462 4428 697 4478 maxima
728 4424 1122 4494 impiugantur,
1144 4422 1306 4476 sicuti
1339 4431 1392 4476 ct
1424 4423 1475 4475 in
1507 4438 1564 4476 re
1586 4422 1860 4486 dissimili,

1891 3190 1932 3245 C

1964 1947 2192 2003 confusa
2223 1947 2454 2018 quadam
2493 1963 2674 2002 rerum
2701 1947 2917 2000 illarum
2944 1948 3137 2000 notitia
3167 1949 3280 2004 sive
3299 1964 3415 2003 eam
3441 1965 3534 2006 na-

1964 2048 2109 2101 tura,
2168 2041 2281 2095 sive
2314 2049 2430 2096 arte
2459 2041 2744 2103 haberent.
2785 2042 3146 2110 turgentibus,
3203 2043 3399 2111 quibus
3433 2058 3532 2098 nec

1947 2129 2188 2183 minima
2235 2129 2291 2184 in
2323 2131 2745 2196 mathematicis,
2788 2132 2881 2186 sed
2915 2134 3206 2202 prmeipua,
3240 2135 3324 2187 vel
3356 2134 3532 2188 solum

1967 2219 2195 2276 innucre
2249 2220 2567 2288 sufﬁciebat,
2641 2232 2698 2276 ut
2762 2240 2952 2278 eorum
2997 2234 3303 2294 praeceptor
3349 2237 3534 2296 posset

1965 2310 2283 2372 existimari,
2305 2311 2505 2380 quibus
2532 2311 2898 2367 fundamentis
2929 2311 3090 2379 jactis
3115 2311 3335 2382 proprio
3361 2320 3533 2367 marte

1966 2402 2414 2471 perfectissimam
2455 2417 2643 2456 eorum
2682 2404 2963 2458 scientiam
3021 2403 3379 2472 notitiamque
3427 2402 3532 2458 sibi

1966 2509 2158 2564 parare
2181 2495 2441 2548 valerent.
2469 2493 2608 2560 Quid
2645 2496 2858 2550 tandem
2889 2495 3126 2550 traderet
3159 2495 3306 2549 aliud
3337 2493 3529 2555 Varro,

1966 2585 2052 2638 cui
2083 2583 2431 2638 Hebraeorum
2463 2583 2708 2639 historiae
2735 2586 2958 2640 minime
2980 2595 3139 2653 notze,
3160 2586 3362 2656 quique
3390 2586 3533 2640 sicut

1965 2681 2021 2729 et
2057 2673 2150 2726 alii
2200 2673 2426 2737 ethnici,
2482 2674 2550 2728 ab
2581 2674 2688 2728 illis
2734 2689 2820 2728 res
2853 2683 3108 2743 acceptas
3143 2675 3438 2744 pervertit?
3469 2672 3534 2728 Et

1965 2763 2304 2820 Jamblichus
2322 2765 2558 2834 primum
2579 2763 2956 2837 Egyptiorum
2976 2766 3275 2837 sapientem
3288 2767 3534 2821 nominat

1967 2857 2406 2928 Trismegistum,
2453 2866 2713 2928 tanquam
2755 2873 2900 2922 eum,
2957 2867 3014 2912 ut
3041 2858 3254 2929 epinor,
3283 2859 3374 2929 qui
3421 2873 3532 2915 ncn

1967 2953 2142 3007 solum
2167 2966 2318 3018 voce,
2341 2949 2436 3005 sed
2465 2951 2683 3018 scriptis
2703 2950 2866 3005 etiam
2898 2951 3102 3020 aliquid
3135 2951 3394 3021 prodidit.
3420 2950 3531 3006 Nec

1967 3042 2100 3097 mihi
2138 3041 2390 3097 videntur
2426 3039 2594 3097 Varro
2623 3048 2677 3097 et
2722 3039 3059 3098 Jamblielms
3099 3044 3154 3098 in
3189 3043 3418 3098 historia
3446 3042 3532 3098 di-

1968 3138 2092 3191 vina
2118 3133 2519 3206 Seripturasque
2555 3135 2920 3206 explicatione
2939 3135 3242 3201 Eustatbio,
3272 3135 3532 3221 Eusebio.

1963 3225 2218 3295 Josepbo,
2251 3227 2479 3296 aliisque
2502 3227 2884 3296 anteponendi.

2034 3315 2150 3372 Col.
2185 3317 2306 3379 761,
2329 3317 2425 3371 lin.
2451 3315 2541 3372 23.
2555 3319 2859 3384 Μαθόντες
2878 3315 2964 3371 δέ.
2983 3315 3057 3370 Ita
3076 3332 3291 3386 semper
3313 3316 3530 3386 ingenui

1965 3408 2168 3478 quique
2197 3407 2325 3464 fassi
2353 3415 2502 3473 sunt,
2533 3409 2696 3463 etiam
2729 3425 2794 3463 ex
2841 3409 2972 3479 ipsis
3011 3407 3230 3463 Graecis.
3270 3405 3327 3462 ln
3357 3422 3534 3478 prom-

1966 3509 2060 3570 ptu
2087 3509 2216 3555 sunt
2244 3514 2366 3568 quae
2395 3515 2558 3570 super
2579 3500 2682 3554 hoc
2704 3506 3026 3570 argumento
3055 3500 3416 3569 scripserunt,
3432 3495 3534 3552 Ta-

1965 3595 2168 3659 tianus,
2203 3593 2475 3658 Clemens,
2509 3593 2866 3664 TheOphilus,
2899 3593 3166 3647 Eusebius
3199 3601 3251 3646 et
3272 3592 3382 3648 alii.
3414 3590 3532 3646 Dio-

1965 3685 2087 3754 geni
2145 3681 2381 3751 Lacrtio,
2425 3683 2522 3737 lib.
2557 3700 2596 3748 l,
2647 3685 2791 3738 sicut
2833 3689 2888 3738 et
2941 3680 3064 3734 aliis
3095 3677 3394 3744 nonnullis,
3421 3692 3530 3733 non

1965 3774 2163 3851 placet.

2034 3867 2194 3933 ibid.,
2230 3867 2324 3920 lin.
2361 3865 2452 3921 24.
2488 3867 2618 3932 Υἱὲ-ς
2644 3863 2915 3933 Ἰσμαήλ.
2969 3861 3047 3916 Ex
3079 3876 3188 3932 quo
3229 3859 3530 3925 lsmaelite,

1964 3961 2055 4029 qui
2093 3968 2145 4014 et
2177 3961 2403 4022 Arabes,
2435 3957 2566 4011 dicti
2611 3956 2843 4027 Agareni
2878 3955 2944 4009 ab
2985 3956 3127 4024 Agar
3177 3952 3406 4006 Abrahae
3433 3966 3533 4006 an-

1963 4052 2110 4113 cilla,
2154 4050 2297 4120 quod
2336 4065 2457 4103 cum
2490 4049 2712 4102 minime
2744 4044 3097 4101 honoriﬁcum
3127 4043 3414 4098 Mahumcti
3448 4042 3532 4097 vi-

1963 4144 2202 4208 deretur,
2262 4128 2533 4198 ordinavit
2567 4150 2625 4194 ut
2679 4139 2934 4194 Saraceni
2973 4138 3285 4192 dicerentur
3327 4149 3356 4187 a
3396 4132 3532 4188 Sara

1963 4235 2203 4306 legitima
2262 4234 2492 4288 Abrabre
2534 4247 2722 4295 uxore,
2763 4229 2971 4289 dicens,
3035 4227 3531 4282 lsmaelemnatum
3620 4271 3625 4282 ,

1963 4345 2027 4384 ex
2056 4345 2140 4391 ea,
2177 4336 2229 4381 et
2261 4343 2370 4381 non
2395 4342 2458 4381 ex
2511 4325 2703 4380 ancilla
2729 4362 2746 4390 ,
2781 4321 2925 4392 quod
2953 4336 3145 4374 nomen
3190 4319 3294 4372 illis
3332 4315 3534 4371 mansit

1963 4420 2139 4489 quoad
2181 4419 2372 4473 Tureze
2421 4418 2471 4471 id
2508 4431 2614 4471 una
2647 4431 2768 4469 cum
2807 4417 3026 4470 natione
3058 4411 3428 4465 aboleverunt.
3453 4405 3530 4459 Ita

292 4531 408 4572 non
438 4519 614 4572 aliena
646 4524 823 4570 tamen
851 4517 1080 4578 ratione,
1107 4525 1160 4570 et
1182 4529 1368 4584 scopo,
1390 4514 1620 4584 prodidit
1654 4514 1864 4585 Moyses
1894 4529 1937 4584 ι)
1969 4512 2267 4566 Vilhelmus
2295 4510 2645 4566 Godelevreus
2693 4509 2746 4561 in
2782 4504 2921 4559 Aula
2953 4503 3197 4564 Turcica,
3227 4501 3321 4554 lib.
3359 4514 3444 4560 Ill,
3477 4509 3532 4552 et

291 4608 363 4663 de
396 4607 682 4663 Pharaone
708 4607 984 4678 Egy‘ptio,
1012 4622 1132 4677 quae
1163 4616 1220 4660 ut
1257 4606 1588 4661 exsecutioni
1615 4607 1865 4661 mandem

294 4708 408 4768 tur,
457 4708 510 4756 et
542 4701 761 4770 longum
797 4708 1032 4769 tempus,
1078 4707 1129 4753 et
1189 4698 1429 4755 diutinas
1472 4715 1654 4754 moras
1688 4701 1864 4770 requi-

294 4803 444 4848 runt.
475 4791 732 4859 Quinimo
776 4807 898 4846 cum
933 4792 1136 4844 nullam
1170 4791 1277 4844 vim
1307 4806 1429 4845 esse
1467 4790 1669 4844 illatam
1716 4790 1865 4847 Sara)

295 4885 672 4946 concedimus,
710 4883 804 4937 sed
834 4883 1195 4941 matrimonio.
1224 4893 1283 4935 ut
1306 4883 1381 4954 ita
1409 4883 1608 4945 dicam,
1633 4898 1865 4954 occupa-~

295 4984 427 5040 tam,
459 4988 682 5028 necesse
733 4981 817 5027 est
871 4973 1053 5036 fateri,
1101 4982 1312 5042 tempus
1363 4973 1714 5044 inter-lapsum
1753 4991 1863 5030 non

297 5080 543 5134 parvum,
574 5063 700 5117 dum
733 5063 852 5132 ejus
900 5071 1235 5134 spectatores
1287 5064 1402 5133 regi
1458 5067 1860 5130 renuntiarunt,

296 5157 424 5209 dum
469 5170 564 5209 rex
619 5157 939 5208 accersitam
979 5155 1047 5209 ad
1077 5169 1135 5210 se
1167 5154 1428 5219 intuetur,
1476 5163 1864 5225 comparatque

295 5262 418 5302 cum
459 5247 582 5302 aliis
619 5247 940 5300 mulieribus
980 5245 1186 5316 proprii
1236 5247 1408 5316 regni,
1451 5260 1551 5301 nec
1579 5263 1728 5302 more
1758 5248 1866 5302 bel~

295 5340 532 5399 luarum.
552 5341 752 5409 impetu
777 5338 1066 5410 furoreque
1098 5346 1278 5392 actum
1303 5344 1482 5393 statim
1514 5339 1858 5392 matrimonio

295 5432 398 5488 sibi
425 5431 694 5500 junxisse,
736 5430 832 5485 sed
863 5430 1144 5484 lenociniis
1166 5469 1181 5492 ,
1215 5431 1493 5484 blanditiis
1526 5431 1754 5500 aliisque
1786 5434 1864 5488 illi

295 5524 528 5581 suadere
547 5531 810 5586 tentasse,
835 5537 865 5576 a
889 5538 993 5592 qua
1016 5523 1180 5576 veluti
1204 5521 1584 5576 honestissima
1612 5525 1862 5588 muliere,

294 5624 354 5672 ut
387 5629 484 5684 par
511 5623 665 5678 erat,
703 5623 755 5668 et
799 5613 995 5668 rationi
1036 5612 1344 5682 proximum
1391 5611 1628 5677 videtur,
1680 5620 1733 5667 et
1775 5628 1865 5668 re-

298 5709 512 5781 pulsam
542 5722 787 5779 passum,
830 5705 1008 5762 denuo
1047 5705 1232 5761 eadem
1266 5704 1458 5768 oﬁicia,
1512 5705 1713 5776 smpius
1765 5722 1865 5761 nec

303 5810 409 5874 una
445 5794 565 5850 vice
593 5802 803 5850 tantum
846 5794 1096 5850 iterasse.
1139 5792 1240 5850 Ubi
1270 5793 1416 5848 illam
1446 5795 1746 5852 audientem
1775 5796 1866 5850 im-

1964 4604 2253 4658 Afrieanus
2278 4621 2290 4657 :
2316 4599 2663 4672 Σαρακηνοὺς
2686 4598 2740 4650 δὲ
2763 4597 2955 4659 αὐτοὺς
3002 4593 3388 4666 μετωνόμασαν
3428 4589 3532 4642 ὰπ-

1962 4695 2234 4762 αξιοῦντες
2249 4693 2528 4748 καλεῖσθαι
2549 4691 2806 4754 δουλικῶς
2822 4687 3128 4759 Ἀγαρηνοί.
3149 4686 3212 4738 Et
3235 4682 3528 4738 Eusebius:

1963 4786 2052 4858 Τῷ
2083 4784 2178 4852 gg’
2201 4785 2312 4837 ἔτει
2343 4783 2434 4846 τοῦ
2473 4781 2720 4854 Ἀϐραὰμ
2752 4780 2935 4834 ἔτεκεν
2969 4776 3114 4847 αὐτῷ
3144 4778 3318 4845 Ἅγαρ
3353 4775 3535 4844 ἡπαι-

1963 4879 2120 4948 δίσκη
2143 4877 2232 4931 τὸν
2273 4877 2513 4948 Ἰσμαὴλ,
2544 4874 2636 4945 ἀφ’
2656 4867 2715 4927 οὗ
2741 4874 2800 4926 τὸ
2827 4872 2935 4924 τῶν
2968 4868 3316 4941 Ἰσμαηλιτῶν
3347 4868 3528 4936 γένος·

1963 4972 2010 5024 οἱ
2043 4969 2099 5022 δὲ
2132 4970 2284 5023 αὐτοὶ
2312 4965 2418 5022 εἷεν
2456 4967 2746 5038 Ἀγαρηνοὶ
2783 4965 2831 5016 οἱ
2861 4965 2953 5017 καὶ
2997 4960 3300 5034 Σαρακηνοὶ
3341 4957 3535 5040 καλούέ

1967 5079 2134 5134 μενοι.
2177 5060 2332 5126 Quod
2376 5060 2582 5113 dictum
2621 5057 2908 5110 ridiculum
2959 5062 3064 5116 est,
3131 5053 3413 5108 manifeste
3444 5041 3534 5118 re€

1963 5151 2332 5223 pugnantibus
2358 5150 2530 5205 sacris
2559 5147 2799 5202 Litteris.
2831 5145 2957 5202 Non
2982 5163 3067 5201 me
3099 5145 3234 5214 fugit
3289 5143 3425 5196 alios
3464 5138 3532 5193 ad

1965 5247 2101 5300 alios
2140 5250 2392 5313 parentes
2441 5256 2505 5295 ac
2543 5249 2726 5312 patres
2759 5237 3064 5292 Turcarum
3097 5246 3306 5306 gentem
3353 5243 3533 5286 trans-

1963 5339 2197 5399 mittere,
2216 5349 2353 5404 quos
2383 5348 2512 5388 sane
2535 5350 2642 5390 non
2671 5332 3025 5403 improbabis,
3045 5329 3088 5384 si
3116 5327 3358 5399 gentium
3380 5337 3534 5376 ever-

1966 5429 2167 5489 siones,
2194 5428 2430 5480 locorum
2456 5424 2804 5487 mutationes,
2832 5425 3218 5491 nominumque
3247 5416 3528 5472 confusio-

1965 5536 2062 5575 nes
2112 5516 2444 5572 consideres.
2505 5513 2858 5586 Smpesaepius
2928 5510 3144 5570 nobilis,
3207 5523 3307 5562 nec
3345 5513 3535 5580 contos

1965 5610 2197 5666 mnenda
2232 5610 2380 5662 natio
2427 5624 2459 5664 a
2517 5607 2609 5663 vili
2663 5609 2836 5673 bello,
2909 5602 3186 5670 armisque
3241 5606 3532 5670 superata,

1965 5704 2250 5768 exhausta,
2283 5719 2390 5756 non
2419 5710 2630 5756 tantum
2663 5715 2818 5770 opes,
2852 5704 2905 5752 et
2951 5696 3086 5752 loca.
3116 5693 3209 5749 sed
3241 5701 3296 5750 et
3333 5706 3532 5754 nomen

1970 5793 2173 5864 amisit,
2215 5794 2546 5865 vietorisque
2594 5805 2790 5870 nomen
2833 5801 3097 5860 suscepit,
3129 5803 3204 5842 na
3234 5811 3285 5844 tu
3317 5783 3530 5859 eﬁﬂicila
