4064 6290
530 324 673 387 Ιθίθ

1894 325 2139 384 LEONIS
2175 326 2448 386 ALLATH
2538 358 2541 361 ι

3627 330 3779 391 ιρτο

531 449 603 505 sit
633 461 821 502 eorum
859 457 1060 502 certam
1091 449 1358 521 originem
1410 451 1654 522 assequi,
1707 451 1859 508 nulla
1907 467 2097 509 eorum
2126 458 2170 515 Α
2200 454 2387 523 ipsius,
2421 462 2474 509 et
2513 453 2750 524 ﬁliarum
2775 452 2913 523 ejus,
2951 462 3003 506 et
3031 466 3246 506 manum
3286 467 3441 523 egeno
3463 462 3514 506 et
3546 458 3779 523 pauperi

532 540 790 596 memoria
824 539 1139 608 superstite.
1178 538 1318 596 Sunt
1352 541 1467 598 haec
1494 544 1645 601 vices
1676 551 2002 616 temporum,
2026 544 2105 599 lu-

530 634 743 702 dttsque
771 638 1002 688 naturae.
1051 629 1284 697 Quidam
1315 634 1701 691 existimarunt
1732 634 2035 693 Saracenos
2071 653 2103 692 a

533 720 733 776 Saraca
759 720 895 775 urbe
923 719 1159 787 Arabiae,
1187 740 1314 780 nam
1347 733 1403 781 et
1435 727 1490 781 in
1528 726 1720 792 Ponto,
1753 736 1808 783 et
1837 729 1891 783 in
1930 726 2103 785 Media

533 812 683 865 urbis
713 812 816 865 hoc
843 813 1062 868 nomine
1089 815 1226 870 tradi
1258 816 1528 886 reperitur
1569 819 1868 889 appellatos
1904 819 2100 888 fuisse;

531 904 612 956 vel
648 903 716 957 ab
745 904 881 959 urbe
915 903 1099 969 Sarra,
1125 913 1182 960 ut
1210 905 1534 980 Euthymius
1560 909 1898 982 Zygabenus.
1927 911 2102 980 Quam

531 991 667 1049 bene
694 998 907 1065 sapiant
933 1004 1211 1052 auctorem
1252 1001 1429 1069 gentis
1475 1016 1588 1056 suae
1642 1003 1838 1058 docent
1870 1005 2104 1060 Ammia-

530 1099 656 1149 nus,
689 1085 782 1141 lib.
819 1103 893 1155 tv,
926 1096 981 1142 et
1016 1087 1077 1141 D.
1104 1088 1470 1162 Hieronymus
1524 1092 1581 1147 in
1616 1092 1736 1147 Vita
1757 1097 1929 1150 sancti
1960 1095 2104 1151 Mal—

529 1182 632 1235 clti.
660 1180 776 1237 Etsi
830 1191 1010 1238 autem
1060 1192 1325 1255 putantur
1380 1185 1638 1243 Saraceni
1700 1192 1919 1263 proprie
1971 1192 2100 1249 dicti

529 1274 738 1329 Arabes
772 1276 806 1329 ii
847 1277 940 1346 qui
969 1279 1248 1333 veteribus
1297 1278 1531 1336 Scenitas
1570 1280 1741 1347 fuere,
1778 1291 1955 1339 tamen
1987 1288 2103 1340 uni-

529 1382 719 1422 versos
747 1367 953 1424 Arabas
986 1386 1109 1426 esse
1151 1370 1456 1429 Saracenos
1504 1376 1813 1433 nominatos
1864 1388 2098 1435 constat.

530 1455 597 1511 Et
635 1464 852 1515 tandem
890 1461 945 1516 in
968 1460 1176 1518 Tureas
1219 1465 1602 1536 degenerasse.
1639 1467 1714 1524 De
1742 1485 1972 1538 quorum
1999 1472 2104 1525 ori-

530 1550 656 1620 gine
702 1549 942 1607 Joannes
1002 1551 1371 1611 Leunclavius
1433 1555 1689 1611 Historia:
1748 1557 2101 1616 Musulmame

529 1641 626 1697 lib.
662 1659 721 1709 lt,
762 1638 1044 1714 Philippus
1090 1644 1445 1714 llanivaldus,
1496 1647 1811 1733 Joacbimus
1841 1652 2093 1710 Camera-

530 1732 648 1788 rius
676 1744 727 1788 et
753 1734 864 1788 alii.

2204 561 2305 599 non
2330 544 2696 616 porrigebant:
2707 554 2758 600 et
2775 545 2990 600 elevatis
3005 553 3146 604 sunt.
3172 552 3222 599 et
3231 543 3463 613 fecerunt
3486 544 3778 600 abomina-

2203 636 2368 692 tiones
2410 653 2591 691 coram
2626 653 2728 705 me,
2759 646 2809 692 et
2856 636 3053 691 abstuli
3096 653 3186 691 eas
3226 637 3361 690 sicut
3398 635 3596 692 uidisti.
3628 634 3780 693 Vide

2201 744 2364 799 super
2404 728 2548 785 hunc
2578 730 2758 784 locum
2787 727 3092 783 Comment.
3124 726 3458 798 Hieronymi.
3490 724 3777 783 Gravissi-

2201 838 2348 878 mum
2401 832 2579 878 autem
2615 830 2900 894 peccatum
2959 820 3082 887 fuit,
3116 821 3260 892 quod
3292 822 3362 877 ab
3393 821 3531 891 ipsis
3565 835 3773 875 nomen

2203 915 2388 980 traxit,
2435 921 2490 970 et
2542 886 2667 970 cum
2732 931 2799 972 eo
2856 886 3173 971 idololatria:
3221 886 3816 985 peccatumJudicet‘

2201 1008 2361 1062 modo
2396 1007 2586 1074 lector,
2628 1023 2789 1078 quam
2852 1024 2992 1064 vana
3042 1007 3187 1074 sint,
3226 1014 3281 1062 et
3333 1006 3539 1069 inania,
3570 1020 3691 1076 qua
3736 1021 3774 1059 a

2199 1099 2526 1169 quibusdam
2575 1099 2643 1155 de
2692 1100 2794 1154 hoc
2838 1107 3065 1171 peccato
3099 1099 3410 1163 traduntur,
3441 1098 3570 1153 dum
3612 1099 3775 1153 illius

2199 1190 2461 1260 originem
2514 1189 2582 1244 ad
2632 1189 2998 1246 nobilissimas
3037 1192 3287 1246 nationes
3312 1190 3584 1262 rejiciunt,
3635 1204 3774 1245 cum

2199 1288 2442 1351 tempore
2467 1281 2699 1337 Abt-alue
2725 1281 2781 1336 in
2810 1279 3218 1352 Peutapolitana
3247 1281 3339 1336 illa
3366 1281 3588 1352 regione
3617 1280 3772 1352 apud

2198 1373 2397 1443 impios
2425 1372 2549 1429 illos
2577 1372 2826 1429 homines
2857 1381 3229 1443 grassaretur;
3254 1386 3378 1427 cum
3410 1387 3512 1427 nec
3537 1384 3774 1427 accum-

2200 1472 2377 1518 tarum
2429 1464 2708 1536 regionum
2765 1464 3025 1520 memoria
3082 1465 3188 1519 ulla
3241 1464 3419 1519 adhuc
3463 1470 3703 1519 exstaret
3747 1480 3769 1517 :

2198 1556 2380 1611 omnia
2407 1557 2551 1612 enim
2592 1556 2808 1611 illarum
2841 1557 3079 1627 gentium
3108 1556 3269 1613 etiam
3304 1555 3552 1611 fabulosa
3594 1552 3775 1610 Sodo-

2198 1648 2388 1703 mitico
2411 1648 2507 1702 illo
2534 1647 2657 1717 igne
2701 1648 3026 1718 posteriora.
3056 1646 3172 1702 Etsi
3211 1662 3400 1702 verum
3433 1646 3592 1702 fateri
3639 1647 3772 1702 licet

2199 1741 2360 1797 etiam
2401 1749 2527 1795 ante
2553 1740 2814 1796 diluvium
2848 1741 3028 1796 scelus
3062 1737 3194 1794 illud
3229 1754 3339 1793 non
3371 1738 3550 1794 solum
3582 1739 3639 1792 in
3671 1737 3772 1793 bo-

599 1821 715 1879 Col.
737 1825 861 1890 76l,
893 1825 989 1880 lin.
1012 1825 1102 1881 29.
1127 1828 1295 1894 ’Ἡτις
1317 1831 1590 1897 οὐρανίῳ.
1624 1831 1892 1891 Eusebius
1920 1835 2094 1906 prima
2127 1810 2168 1864 Β
2206 1833 2401 1900 mines,
2441 1833 2536 1889 sed
2574 1833 2737 1888 etiam
2785 1833 2842 1887 in
2886 1833 3044 1887 bruta
3076 1832 3130 1886 in
3160 1847 3262 1887 usu
3294 1831 3467 1887 fuisse
3518 1831 3771 1887 scribunt

530 1925 684 1988 parte
710 1916 959 1974 Chronici
979 1936 997 1973 :
1021 1919 1140 1992 Πῦρ
1164 1923 1304 1975 κατὰ
1334 1922 1436 1992 τῆς
1478 1925 1868 1992 Πενταπόλεως
1905 1928 2103 1992 ὑετίζει

529 2008 679 2072 Θεός.
704 2010 813 2064 Καὶ
840 2010 1119 2065 ἀναλίσκει
1148 2013 1245 2084 μὲν
1279 2013 1336 2081 ἐξ
1363 2014 1534 2085 αὐτῆς
1557 2013 1700 2069 ἆπαν
1730 2017 1790 2070 τὸ
1812 2019 1967 2087 γένος
1995 2019 2103 2073 τῶν

528 2101 852 2174 ἀνθρώπων,
891 2102 1191 2176 διαφθείρει
1235 2105 1293 2159 δὲ
1330 2104 1422 2159 καὶ
1448 2107 1580 2160 αὐτὸ
1606 2108 1664 2161 τὸ
1693 2109 1977 2182 ἀνάστημα
2006 2111 2103 2183 τῆς

528 2195 633 2265 γῆς
672 2194 764 2247 καὶ⁵
812 2196 910 2266 τῆς
957 2197 1648 2271 προκειμένηςηθαλάσσης
1699 2203 1986 2275 νεκροῦται
2033 2205 2104 2260 τὰ

530 2281 718 2349 ὕδατα,
747 2283 1050 2354 Iosephus,
1090 2287 1267 2347 Antia.
1305 2289 1401 2343 lib.
1428 2305 1466 2354 ι,
1505 2306 1625 2361 cap.
1662 2292 1729 2348 10
1761 2303 1814 2348 et
1844 2295 1932 2359 ie,
1960 2294 2103 2351 Soli-

528 2387 655 2437 nus,
690 2388 810 2445 cap.
840 2376 949 2432 58:
985 2375 1164 2449 Longo
1199 2378 1264 2432 ab
1295 2378 1672 2453 Hierosolymis
1708 2401 1909 2441 recessu
1934 2390 2100 2443 tristis

527 2465 676 2518 sinus
700 2467 983 2534 panditur;
1006 2485 1155 2537 quem
1181 2469 1243 2523 de
1277 2471 1404 2524 caelo
1425 2481 1643 2534 tactum.
1668 2483 1891 2529 testatur
1911 2480 2099 2533 humus

526 2554 701 2623 nigra,
719 2557 840 2609 etin
861 2557 1082 2612 cinerem
1098 2560 1291 2615 soluta.
1319 2559 1563 2625 Tacitus,
1589 2563 1732 2619 Hist.
1751 2567 1843 2621 lih.
1863 2584 1915 2622 v:
1941 2569 2099 2624 Haud

525 2642 711 2712 procul
738 2646 858 2699 inde
891 2650 1083 2718 campi,
1107 2666 1236 2720 quos
1264 2650 1438 2720 [erunt
1478 2654 1604 2707 olim
1632 2655 1833 2721 uberes,
1868 2663 2099 2731 ninguis-

524 2753 624 2809 que
644 2738 860 2793 urbibus
879 2738 1145 2795 habitatos
1169 2741 1448 2810 fulminum
1456 2744 1611 2815 jactu
1638 2749 1853 2803 arsisse.
1880 2750 2095 2820 Strabo,

524 2830 621 2885 lib.
661 2846 773 2896 xw,
803 2831 1114 2887 incendium
1147 2833 1280 2889 illud
1336 2852 1445 2892 non
1485 2854 1516 2894 e
1560 2842 1719 2908 coelo,
1762 2845 1856 2901 sed
1885 2862 1916 2905 c
1952 2856 2096 2904 terra

526 2932 853 2990 eructatum,
891 2932 1055 2996 atque
1103 2926 1412 2984 exhalatum
1447 2931 1742 3000 existimat,
1789 2951 1913 2991 cum
1945 2940 2095 3011 regio

525 3014 618 3069 illa
677 3014 834 3086 ignea
884 3017 977 3084 sit,
1008 3033 1244 3090 namque
1297 3021 1353 3076 in
1386 3037 1471 3090 ea,
1498 3034 1555 3080 et
1592 3034 1758 3097 petrae
1797 3041 2094 3090 cernuntur

521 3106 751 3210 adustae,
786 3118 839 3210 et
872 3118 1017 3165 terra
1062 3112 1422 3180 cinerulenta,
1458 3124 1512 3172 et
1560 3134 1690 3175 saxa
1721 3124 1878 3192 quasi
1913 3134 2092 3196 guttas
2122 3152 2163 3210 ε

524 3202 663 3272 picis
721 3203 1004 3269 stillantia,
1038 3220 1103 3261 ac
1151 3207 1373 3266 demum
1420 3211 1612 3281 ingens
1643 3213 1964 3274 ferventium
2032 3237 2097 3279 ac

525 3291 895 3349 sullurearum
928 3310 1193 3366 aquarum
1232 3301 1411 3371 copia.
1440 3303 1620 3370 Quare
1648 3308 1907 3366 credibile
1944 3311 2034 3377 sit,
2068 3330 2100 3370 e

522 3391 669 3438 terra
698 3386 848 3441 illum
880 3387 1058 3458 ignem
1092 3404 1377 3448 emanasse
1408 3401 1567 3450 terra:
1597 3405 1745 3453 motu
1776 3408 1920 3455 terra
1949 3411 2101 3473 pate-

524 3476 691 3534 facta.
723 3477 830 3532 Τοῦ
856 3479 913 3534 δὲ
944 3480 1187 3554 ἔμπυρον
1219 3484 1317 3555 τὴν
1345 3485 1531 3559 χώραν
1561 3483 1700 3544 εἶναι
1737 3490 1803 3546 τὰ
1845 3493 1981 3548 ἄλλα
2011 3513 2099 3550 τε-

521 3569 734 3645 κμήρια
762 3570 984 3643 φέρουσι
1008 3573 1196 3628 πολλὰ·
1234 3577 1328 3629 καὶ
1359 3576 1468 3652 γὰρ
1499 3578 1704 3653 πέτρας
1731 3583 1884 3648 τινὰς
1915 3587 2100 3642 ἐπικε-

520 3663 799 3734 καυμένας
855 3664 1155 3721 δεικνύουσι
1207 3670 1467 3740 τραχείας
1513 3674 1638 3745 περὶ
1683 3676 1974 3743 Μοασάδα,
2004 3680 2099 3734 καὶ

522 3757 807 3828 σήραγγας
836 3758 1124 3829 πολλαχοῦ,
1166 3762 1261 3815 καὶ
1293 3764 1397 3834 γῆν
1434 3767 1708 3840 τεφρώδη,
1739 3769 2007 3838 σταγόνας
2037 3789 2097 3826 τε

519 3847 724 3918 πίσσης
756 3851 820 3902 ὲκ
858 3848 1120 3903 λισσάδων
1160 3850 1500 3924 λειϐομένας,
1540 3856 1633 3910 καὶ
1661 3856 1919 3925 δυσώδεις
1965 3862 2098 3935 πόρ-

523 3939 697 4012 ρωθεν
750 3944 1024 4012 ποταμοὺς
1071 3942 1312 4011 ζέοντας,
1348 3947 1629 4013 κατοικίας
1666 3950 1722 4004 δὲ
1753 3952 2096 4028 ἀνατετραμτ

524 4031 692 4101 μένας
725 4032 1020 4104 σποράδην,
1051 4033 1191 4088 ὥστε
1236 4037 1511 4093 πιστεύειν
1528 4044 1652 4106 ,τοῖς
1685 4041 2097 4116 θρυλλουμένοις

516 4121 628 4176 ὑπὸ
667 4122 774 4175 τῶν
806 4124 1107 4195 ἐγχωρίων,
1145 4125 1220 4191 ὡς
1248 4129 1354 4199 ἄρα
1388 4130 1627 4201 ᾡκοῦντό
1657 4151 1786 4188 ποτε
1843 4138 2095 4208 τρισκαί-

516 4213 651 4267 δεκα
689 4214 871 4277 πόλεις
906 4216 1157 4282 ἐνταῦθα,
1184 4211 1257 4271 ὧν
1294 4219 1391 4290 τῆς
1435 4223 1818 4293 μητροπόλεως
1850 4225 2096 4298 Σοδόμων

523 4303 749 4368 σώζοιτο
772 4307 968 4371 κύκλος
994 4308 1257 4381 ἑξήκοντά
1289 4328 1390 4364 που
1426 4314 1675 4381 σταδίων,
1711 4317 1816 4370 ὑπὸ
1857 4319 2094 4390 σεισμῶν

521 4398 614 4450 καὶ
633 4397 1069 4469 ἁναφυσημάτων
1093 4400 1260 4472 πυρὸς
1308 4401 1399 4454 καὶ
1423 4402 1641 4474 Θερμῶν
1667 4405 1872 4459 ὑδάτων
1892 4407 2096 4476 ἀσφαλ-

2205 1931 2478 1987 auctores,
2531 1937 2668 1993 quos
2714 1922 2964 1993 superius
3009 1921 3357 1988 adduximus,
3386 1936 3509 1975 cum
3542 1928 3769 1991 peccata

2204 2016 2275 2071 ob
2305 2029 2424 2086 quae
2450 2022 2597 2070 totus
2624 2021 2894 2069 terrarum
2924 2013 3070 2070 orbis
3100 2028 3363 2084 aquarum
3391 2013 3573 2068 illuvie
3600 2012 3773 2068 obru-

2202 2114 2291 2162 tus
2334 2107 2496 2162 fuerit
2536 2120 3107 2161 commemoraremus.
3142 2104 3441 2159 Barbarum
3484 2119 3613 2176 ergo
3666 2119 3767 2160 ne-

2203 2196 2534 2275 fandumque
2566 2197 2668 2251 hoc
2696 2195 2911 2253 facinus
2934 2211 2964 2250 a
2993 2196 3242 2251 barbaris
3274 2196 3453 2267 primo
3486 2195 3757 2251 inventum

2201 2289 2257 2344 in
2308 2289 2443 2345 alias
2480 2288 2729 2344 nationes
2768 2287 3026 2345 diliusum
3060 2286 3289 2342 historia
3332 2302 3491 2342 sacra
3535 2285 3758 2341 manife-

2201 2368 2344 2437 Stum
2378 2388 2482 2436 est.
2514 2379 2675 2449 Quid,
2702 2382 2932 2451 maligne
2962 2380 3365 2444 morsiculator,
3392 2379 3619 2452 indignis
3645 2378 3760 2434 cri—

2199 2473 2591 2529 minationibus
2642 2474 3012 2529 nobilissimas
3054 2489 3120 2528 ac
3147 2472 3468 2529 innocentes
3520 2474 3764 2530 nationes

2200 2561 2364 2617 livido
2389 2576 2485 2617 ore
2513 2562 2812 2617 mordendo
2839 2562 3103 2619 lacessis?

2196 2678 2199 2679 ν
2268 2653 2427 2718 lbid.,
2458 2654 2558 2709 lin.
2593 2654 2681 2709 5|.
2722 2655 2894 2710 Ἔστι
2922 2654 3033 2726 ⁴μὰρ
3072 2653 3235 2709 ἰδεῖν.
3281 2654 3621 2727 Epitomator
3650 2655 3769 2712 Ste-

2198 2745 2366 2819 phani
2408 2746 2476 2802 de
2524 2747 2751 2802 urbibus
2782 2762 2876 2803 eas
2920 2747 3108 2802 decem
3144 2747 3315 2805 fuisse
3344 2749 3444 2814 ait,
3469 2764 3771 2820 earumque

2196 2847 2363 2912 caput
2416 2836 2588 2894 fuisse
2639 2837 2951 2892 Sodomam.
3014 2835 3209 2894 Strabo
3266 2847 3380 2894 tres
3419 2840 3554 2895 alias
3592 2839 3765 2903 addit.

2194 2939 2249 2985 et
2311 2927 2516 2983 fallitur
2582 2929 2639 2983 in
2696 2927 2934 2985 duobus.
2962 2928 3142 2998 primo
3198 2928 3253 2983 in
3287 2944 3516 2984 numero
3545 2943 3764 2997 earum;

2193 3019 2455 3086 secundo,
2498 3018 2788 3077 Sodomam
2854 3019 2921 3075 ad
2987 3020 3203 3091 aliquot
3279 3020 3455 3077 stadia
3505 3022 3765 3093 integram

2194 3114 2464 3170 mansisse
2521 3131 2536 3167 :
2586 3119 2877 3182 utrumque
2932 3112 3077 3167 enim
3124 3126 3292 3168 sacrm
3333 3111 3631 3181 Scriptum
3675 3127 3765 3166 re-

2199 3210 2422 3272 pugnat.
2476 3200 2584 3255 Alii
2637 3208 2877 3270 quatuor
2921 3201 3091 3258 l‘uisse
3144 3201 3383 3265 tradunt,
3448 3200 3764 3266 Sodomam,

2197 3289 2580 3355 Gomorrbam,
2633 3290 2922 3353 Adamam.
2972 3298 3025 3346 et
3076 3286 3312 3355 Seboim,
3344 3290 3589 3358 quintam
3630 3304 3763 3344 vero

2199 3384 2419 3440 nomine
2459 3382 2646 3439 Balam
2695 3382 3027 3439 destructam
3076 3380 3268 3445 fuisse,
3295 3381 3401 3435 nisi
3431 3378 3571 3435 Deus
3607 3379 3753 3433 illam

2198 3478 2455 3549 precibus
2484 3474 2587 3530 Lot
2616 3476 2908 3532 immunem
2944 3479 3237 3528 servasset.
3295 3471 3565 3542 Josepbus
3592 3471 3687 3526 lib.
3736 3486 3755 3523 ι

2199 3572 2482 3641 Antiquit.,
2510 3570 2637 3625 licet
2678 3569 3011 3625 contrarium
3054 3574 3265 3623 astruat
3300 3568 3398 3621 lib.
3427 3583 3485 3622 v.
3515 3565 3592 3620 De
3624 3563 3761 3621 bello

2196 3663 2424 3719 Iudaico
2458 3678 2579 3734 cap.
2618 3664 2674 3730 5,
2709 3671 2764 3719 et
2807 3662 3162 3735 Hieronymus
3194 3660 3270 3717 De
3301 3661 3429 3716 locis
3467 3659 3759 3716 Hebraicis.

2198 3754 2329 3810 Eam
2358 3771 2489 3811 vero
2519 3755 2895 3811 Theodoretus
2920 3765 3114 3823 quaest.
3145 3753 3214 3808 69
3266 3755 3321 3808 in
3348 3751 3529 3808 Cenes.
3558 3762 3612 3807 et
3638 3750 3764 3806 Sui-

2196 3850 2296 3906 das
2327 3863 2459 3905 voce
2516 3847 2637 3914 Lat,
2683 3856 2809 3919 post
2855 3862 3136 3918 egressum
3190 3846 3290 3901 Lot
3326 3846 3495 3901 fuisse
3550 3845 3763 3900 destru-

2197 3951 2341 3998 ctam
2398 3943 2669 4007 scribunt,
2713 3948 2769 3998 et
2802 3955 2994 3996 omnes
3048 3940 3386 3994 habitatores
3420 3947 3578 3994 terra:
3609 3937 3758 3991 hiatu

2196 4037 2508 4107 absorptos.
2539 4034 2720 4103 Quare
2749 4050 2854 4090 non
2887 4034 3086 4088 mirum
3120 4033 3190 4089 ab
3220 4032 3505 4088 Eustatbio
3525 4030 3760 4102 quinque

2196 4130 2476 4185 civitatum
2505 4126 3078 4183 commemorationem
3109 4125 3247 4180 ﬁeri.

2264 4221 2440 4286 lbid.,
2473 4221 2571 4275 lin.
2604 4220 2693 4275 52.
2747 4220 2851 4273 Ἐν
2910 4213 3000 4285 αἶς
3041 4214 3401 4282 βλαστάνει.
3446 4213 3755 4270 Incendium

2197 4313 2328 4367 illud
2356 4313 2518 4367 etiam
2554 4312 2610 4366 in
2644 4310 2839 4365 herbas
2874 4309 3196 4379 plantasque
3224 4307 3445 4361 saevisse
3467 4345 3482 4368 .
3525 4312 3579 4360 et
3622 4303 3758 4359 miro

2196 4405 2316 4460 illas
2344 4405 2648 4459 sterilitatis
2681 4404 2843 4457 modo
2877 4401 3155 4465 amisisse,
3187 4400 3451 4454 habemus
3489 4413 3557 4453 ex
3589 4397 3754 4452 variis

518 4487 703 4543 τωδῶν
739 4505 799 4541 τε
832 4491 925 4543 καὶ
946 4489 1180 4543 Θειωδῶν
1206 4491 1419 4564 ήλίμνη
1453 4495 1734 4564 προπέσοι,
1767 4497 1860 4550 καὶ
1900 4500 2093 4570 πέτραι

2199 4496 2533 4552 auctoribus.
2563 4494 2832 4564 Josephus
2871 4494 2946 4548 De
2979 4495 3113 4548 bello
3143 4492 3377 4547 Iudaico
3428 4489 3523 4545 lib.
3556 4506 3609 4552 γ,
3637 4503 3755 4559 cap.

521 4582 845 4654 πυρίληπτοι
862 4584 1117 4652 γένοιντο,
1136 4586 1198 4638 αἴ
1217 4603 1274 4638 τε
1296 4586 1477 4651 πόλεις
1503 4589 1556 4641 ai
1591 4591 1686 4661 μὲν
1709 4592 2086 4660 καταποθεῖεν,

516 4672 586 4737 ας
613 4675 658 4728 δ’
691 4675 994 4729 ἐκλείποιεν
1022 4676 1073 4729 οἱ
1096 4675 1379 4748 δυνάμενοι
1403 4683 1609 4749 φυγεῖν.
1628 4680 2002 4738 Eratosthenis
2024 4689 2091 4743 de

520 4764 626 4821 hoc
654 4766 843 4821 eodem
873 4767 1142 4823 diversam
1178 4770 1485 4839 opinionem
1512 4771 1635 4827 vide
1653 4774 1796 4844 apud
1817 4776 2087 4834 eumdem.

585 4857 748 4922 lbid.,
774 4859 872 4912 lin.
901 4860 989 4915 30.
1013 4862 1091 4914 At‘
1115 4861 1378 4932 ἄδεσμον
1403 4863 1652 4931 παράνο.
1682 4865 2086 4925 Sodomitarum

519 4960 745 5023 peccata
791 4967 901 5005 non
957 4968 1124 5007 unum
1178 4962 1388 5009 tantum
1436 4955 1626 5021 fuisse,
1684 4958 1779 5013 sed
1834 4959 2088 5028 plurima,

519 5058 693 5114 eaque
749 5045 1091 5114 gravissima,
1127 5047 1294 5103 refert
1327 5045 1600 5119 Juscphus
1646 5050 1742 5105 lib.
1796 5066 1813 5106 ι
1862 5051 2088 5123 Antiq.:

530 5135 667 5190 ’Υπδ
697 5136 760 5208 δὴ
786 5135 974 5189 τοῦτον
998 5137 1091 5190 τὸν
1119 5139 1308 5212 καιρὸν
1342 5143 1391 5195 οἱ
1421 5142 1728 5214 Σοδομῖται,
1754 5142 1965 5215 πλούτῳ
1996 5146 2090 5199 καὶ

522 5227 742 5300 μεγέθει
793 5229 1089 5299 χρημάτων
1138 5231 1621 5304 ὑπερφρονοῦντες,
1651 5233 1732 5298 εἷς
1775 5253 1834 5289 τε
1876 5235 2087 5308 ἀνθρώ-

519 5336 656 5383 πους
707 5314 848 5390 ἦσαν
897 5320 1169 5391 ὑδρισταὶ,
1193 5321 1286 5374 καὶ
1317 5324 1452 5394 πρὸς
1487 5325 1547 5379 τὸ
1570 5325 1723 5379 Θεῖον
1750 5327 1985 5392 ἀσεϐεῖς,
2015 5328 2086 5391 ὡς

519 5410 718 5482 μηκέτι
763 5412 1068 5483 μεμνῆσθαι
1095 5411 1203 5464 τῶν
1236 5415 1362 5486 παρ’
1397 5415 1562 5469 αὐτοῦ
1594 5418 1901 5488 γενομένων
1948 5420 2090 5488 ὠφε-

516 5500 698 5566 λειῶν,
750 5499 889 5557 εἶναι
927 5502 1216 5574 μισόξενοι,
1246 5505 1341 5558 καὶ
1375 5504 1475 5569 τὰς
1507 5506 1643 5578 πρὸς
1681 5507 1938 5581 ἀλλήλους
1966 5510 2089 5580 ὀμι-

517 5595 635 5661 λίας
672 5596 1055 5670 ἐκτρέπεσθαι.
1076 5595 1143 5650 Et
1194 5597 1334 5652 Deus
1372 5596 1514 5666 apud
1560 5598 1917 5663 Ezechielem,
1966 5613 2086 5670 cap.

520 5705 609 5741 ιονι
640 5708 653 5743 :
688 5689 842 5757 Ecce,
886 5691 1087 5763 inquit,
1135 5689 1244 5746 hare
1272 5690 1373 5761 fuit
1405 5691 1656 5763 iniquitas
1689 5691 1952 5761 Sodomae,
1998 5711 2091 5749 suo

519 5782 720 5858 perbia,
776 5785 1033 5841 saturitas
1084 5783 1256 5854 panis,
1310 5791 1362 5840 et
1408 5783 1774 5852 abundantia,
1815 5795 1864 5841 et
1923 5787 2087 5843 otium

2191 4589 2244 4647 5,:
2273 4589 2485 4658 Γειτνιᾷ
2515 4586 2571 4639 δὲ
2602 4588 2634 4657 ἡ
2668 4586 2944 4657 Σοδομῖτις
2970 4586 3130 4658 αὐτῇ,
3161 4585 3324 4639 πάλαι
3366 4582 3465 4655 μὲν
3491 4582 3758 4653 εὐδαίμων

2189 4680 2262 4751 γῆ
2292 4679 2517 4750 καρπῶν
2539 4695 2599 4732 τε
2631 4679 2793 4732 ἕνεκα
2821 4679 2915 4731 κα)⁵
2949 4679 3048 4749 τῆς
3072 4678 3199 4749 περὶ
3233 4676 3385 4729 πόλιν
3420 4675 3754 4744 περιουσίας,

2191 4774 2283 4828 νῦν
2313 4774 2367 4827 δὲ
2414 4773 2723 4845 κεκαυμένη
2765 4774 2933 4827 πᾶσα.
2976 4771 3113 4825 Φασὶ
3152 4770 3240 4835 δὲ,
3280 4769 3355 4833 ὡς
3399 4769 3465 4823 δι’
3506 4766 3756 4822 ἀσέϐειαν

2189 4863 2489 4936 οἰκητόρων
2526 4866 2808 4935 κεραυνοῖς
2847 4863 3271 4931 καταφλεγῆναι.
3308 4859 3462 4913 Ἔστι
3508 4856 3639 4926 γοῦν
3679 4857 3757 4909 ἔτι

2188 4957 2415 5027 λείψανα
2436 4956 2531 5011 τοῦ
2557 4955 2700 5010 Θείου
2733 4936 2904 5026 πυρὸς
2924 4994 2938 5019 ,
2970 4954 3061 5009 καὶ
3085 4953 3245 5005 πέντε
3275 4952 3372 5021 μὲν
3401 4951 3606 5004 πόλεων
3634 4948 3755 5002 ἰδεῖν

2191 5049 2370 5113 σκιὰς,
2407 5048 2518 5100 ἔστι
2548 5046 2603 5100 δὲ
2641 5048 2742 5100 κὰν
2774 5049 2883 5109 τοῖς
2917 5048 3150 5115 καρποῖς
3194 5042 3417 5098 σποδιὰν
3454 5042 3755 5108 ἀναγεννω-

2194 5141 2380 5214 μένην,
2412 5140 2461 5193 οἳ
2494 5140 2661 5212 χρόαν
2710 5139 2806 5209 μὲν
2839 5138 3021 5209 ἔχουσι
3066 5139 3179 5201 τοῖς
3225 5135 3505 5205 ἐδωδίμοις
3545 5132 3752 5204 ὁμοίαν,

2188 5234 2540 5307 δρεψαμένων
2584 5232 2641 5286 δὲ
2691 5231 2877 5303 χερσὶν
2928 5233 3007 5295 είς
3047 5231 3252 5283 καπνὸν
3307 5227 3609 5280 διαλύονται
3666 5222 3756 5278 καὶ

2188 5326 2415 5397 τέφραν.
2447 5322 2671 5377 Tacitus
2695 5366 2709 5391 ,
2755 5320 2961 5375 Hister.
2994 5321 3088 5376 lib.
3118 5336 3185 5374 νς
3224 5317 3386 5373 Haud
3428 5315 3612 5386 procul
3641 5314 3756 5368 inde

2189 5416 2391 5485 campi,
2427 5431 2554 5486 quos
2579 5414 2752 5484 ferunt
2785 5412 2911 5468 olim
2937 5411 3119 5467 uberes
3143 5453 3157 5479 ,
3205 5411 3511 5480 magnisque
3541 5406 3754 5460 urbibus

2189 5508 2472 5575 habitatos,
2492 5507 2778 5578 fulminum
2792 5506 2945 5576 jactu
2967 5507 3186 5569 arsisse,
3215 5513 3265 5559 et
3282 5519 3492 5557 manere
3516 5502 3749 5571 uestigia,

2192 5610 2481 5668 terramque
2501 5600 2664 5669 specie
2686 5599 2941 5654 torridam
2965 5599 3067 5654 vim
3097 5595 3412 5668 frugiferam
3445 5592 3747 5664 perdidisse.

2193 5689 2335 5747 Nam
2363 5702 2552 5748 cuncta
2578 5701 2757 5761 sponte
2780 5691 2943 5757 edita,
2980 5700 3075 5746 aut
3103 5705 3264 5744 manu
3289 5695 3430 5755 suta,
3463 5687 3571 5742 sive
3598 5683 3752 5744 herba

2193 5796 2360 5854 tenus,
2401 5794 2494 5840 aut
2534 5786 2695 5855 ﬂore,
2735 5800 2827 5841 seu
2873 5783 3088 5839 solitam
3118 5784 3172 5838 in
3209 5778 3429 5851 speciem
3464 5776 3746 5838 adoleme.‘
