  <div class='ocr_page' id='page_1' title='image "/cluster/home/n/w/nwhite01/storage/ocr_20150623/18/mdp.39015008168943/534.png"; bbox 0 0 4064 6290; ppageno 0'>
   <div class='ocr_carea' id='block_1_1' title="bbox 292 317 437 394">
    <p class='ocr_par' dir='ltr' id='par_1_1' title="bbox 292 317 437 394">
     <span class='ocr_line' id='line_1_1' title="bbox 292 317 437 394; baseline 0 -20"><span class='ocrx_word' id='word_1_1' title='bbox 292 317 437 394; x_wconf 66' lang='lat' dir='ltr'><strong><em>teat</em></strong></span> 
     </span>
    </p>
   </div>
   <div class='ocr_carea' id='block_1_2' title="bbox 1390 314 2622 395">
    <p class='ocr_par' dir='ltr' id='par_1_2' title="bbox 1390 314 2622 395">
     <span class='ocr_line' id='line_1_2' title="bbox 1390 314 2622 395; baseline 0.001 -24"><span class='ocrx_word' id='word_1_2' title='bbox 1390 316 1457 372; x_wconf 82' lang='lat' dir='ltr'><strong><em>IN</em></strong></span> <span class='ocrx_word' id='word_1_3' title='bbox 1494 314 1863 373; x_wconf 79' lang='lat' dir='ltr'><strong><em>EUSTATllll</em></strong></span> <span class='ocrx_word' id='word_1_4' title='bbox 1903 314 2370 395; x_wconf 77' lang='lat' dir='ltr'><strong><em>HEXAEMERON</em></strong></span> <span class='ocrx_word' id='word_1_5' title='bbox 2395 316 2622 375; x_wconf 66' lang='grc' dir='ltr'><strong><em>ΝΟΤιΕ.</em></strong></span> 
     </span>
    </p>
   </div>
   <div class='ocr_carea' id='block_1_3' title="bbox 288 432 3533 514">
    <p class='ocr_par' dir='ltr' id='par_1_3' title="bbox 288 432 3533 514">
     <span class='ocr_line' id='line_1_3' title="bbox 288 432 3533 514; baseline 0.002 -25"><span class='ocrx_word' id='word_1_6' title='bbox 288 443 427 489; x_wconf 85' lang='lat' dir='ltr'><strong><em>atra</em></strong></span> <span class='ocrx_word' id='word_1_7' title='bbox 472 443 523 490; x_wconf 86' lang='lat' dir='ltr'><strong><em>et</em></strong></span> <span class='ocrx_word' id='word_1_8' title='bbox 550 434 737 488; x_wconf 86' lang='lat' dir='ltr'><strong><em>inania</em></strong></span> <span class='ocrx_word' id='word_1_9' title='bbox 763 434 898 489; x_wconf 76' lang='lat' dir='ltr'><strong><em>velut</em></strong></span> <span class='ocrx_word' id='word_1_10' title='bbox 927 434 982 488; x_wconf 87' lang='lat' dir='ltr'><strong><em>in</em></strong></span> <span class='ocrx_word' id='word_1_11' title='bbox 1005 435 1226 505; x_wconf 84' lang='lat' dir='ltr'><strong><em>cinerem</em></strong></span> <span class='ocrx_word' id='word_1_12' title='bbox 1252 443 1552 495; x_wconf 76' lang='lat' dir='ltr'><strong><em>vanescunt.</em></strong></span> <span class='ocrx_word' id='word_1_13' title='bbox 1591 432 1702 514; x_wconf 82' lang='lat' dir='ltr'><strong><em>Ego</em></strong></span> <span class='ocrx_word' id='word_1_14' title='bbox 1731 435 1869 493; x_wconf 87' lang='lat' dir='ltr'><strong><em>sicut</em></strong></span> <span class='ocrx_word' id='word_1_15' title='bbox 1898 445 1939 497; x_wconf 82' lang='grc' dir='ltr'>Α</span> <span class='ocrx_word' id='word_1_16' title='bbox 1970 435 2210 497; x_wconf 80' lang='lat' dir='ltr'><strong><em>defuisse</em></strong></span> <span class='ocrx_word' id='word_1_17' title='bbox 2241 434 2495 493; x_wconf 89' lang='lat' dir='ltr'><strong><em>Straboni</em></strong></span> <span class='ocrx_word' id='word_1_18' title='bbox 2525 447 2774 494; x_wconf 77' lang='lat' dir='ltr'><strong><em>auctores</em></strong></span> <span class='ocrx_word' id='word_1_19' title='bbox 2793 478 2809 502; x_wconf 93' lang='lat'><strong><em>,</em></strong></span> <span class='ocrx_word' id='word_1_20' title='bbox 2844 453 2983 509; x_wconf 87' lang='lat' dir='ltr'><strong><em>quos</em></strong></span> <span class='ocrx_word' id='word_1_21' title='bbox 3016 438 3071 492; x_wconf 84' lang='lat' dir='ltr'><strong><em>in</em></strong></span> <span class='ocrx_word' id='word_1_22' title='bbox 3116 437 3220 493; x_wconf 78' lang='lat' dir='ltr'><strong><em>hac</em></strong></span> <span class='ocrx_word' id='word_1_23' title='bbox 3265 444 3415 509; x_wconf 86' lang='lat' dir='ltr'><strong><em>parte</em></strong></span> <span class='ocrx_word' id='word_1_24' title='bbox 3445 455 3533 494; x_wconf 59' lang='lat' dir='ltr'><strong><em>se.</em></strong></span> 
     </span>
    </p>
   </div>
   <div class='ocr_carea' id='block_1_4' title="bbox 288 523 1867 598">
    <p class='ocr_par' dir='ltr' id='par_1_4' title="bbox 288 523 1867 598">
     <span class='ocr_line' id='line_1_4' title="bbox 288 523 1867 598; baseline 0.001 -20"><span class='ocrx_word' id='word_1_25' title='bbox 288 523 562 580; x_wconf 81' lang='lat' dir='ltr'><strong><em>Iudaicus</em></strong></span> <span class='ocrx_word' id='word_1_26' title='bbox 596 525 859 597; x_wconf 85' lang='lat' dir='ltr'><strong><em>quondam</em></strong></span> <span class='ocrx_word' id='word_1_27' title='bbox 892 526 1043 589; x_wconf 83' lang='lat' dir='ltr'><strong><em>urbes</em></strong></span> <span class='ocrx_word' id='word_1_28' title='bbox 1085 528 1197 598; x_wconf 84' lang='lat' dir='ltr'><strong><em>igne</em></strong></span> <span class='ocrx_word' id='word_1_29' title='bbox 1235 527 1430 581; x_wconf 61' lang='lat' dir='ltr'><strong><em>celesti</em></strong></span> <span class='ocrx_word' id='word_1_30' title='bbox 1460 526 1719 597; x_wconf 82' lang='lat' dir='ltr'><strong><em>ﬂagrasse</em></strong></span> <span class='ocrx_word' id='word_1_31' title='bbox 1744 542 1867 580; x_wconf 86' lang='lat' dir='ltr'><strong><em>can-</em></strong></span> 
     </span>
    </p>
   </div>
   <div class='ocr_carea' id='block_1_5' title="bbox 288 618 1866 689">
    <p class='ocr_par' dir='ltr' id='par_1_5' title="bbox 288 618 1866 689">
     <span class='ocr_line' id='line_1_5' title="bbox 288 618 1866 689; baseline 0 -17"><span class='ocrx_word' id='word_1_32' title='bbox 288 618 583 682; x_wconf 75' lang='lat' dir='ltr'><strong><em>cesserim,</em></strong></span> <span class='ocrx_word' id='word_1_33' title='bbox 618 618 696 671; x_wconf 89' lang='lat' dir='ltr'><strong><em>ita</em></strong></span> <span class='ocrx_word' id='word_1_34' title='bbox 732 618 902 672; x_wconf 91' lang='lat' dir='ltr'><strong><em>halitu</em></strong></span> <span class='ocrx_word' id='word_1_35' title='bbox 946 620 1089 673; x_wconf 88' lang='lat' dir='ltr'><strong><em>lacus</em></strong></span> <span class='ocrx_word' id='word_1_36' title='bbox 1143 620 1288 689; x_wconf 83' lang='lat' dir='ltr'><strong><em>infici</em></strong></span> <span class='ocrx_word' id='word_1_37' title='bbox 1331 629 1561 685; x_wconf 89' lang='lat' dir='ltr'><strong><em>terram,</em></strong></span> <span class='ocrx_word' id='word_1_38' title='bbox 1603 619 1866 688; x_wconf 80' lang='lat' dir='ltr'><strong><em>corrumpi</em></strong></span> 
     </span>
    </p>
   </div>
   <div class='ocr_carea' id='block_1_6' title="bbox 291 708 1867 779">
    <p class='ocr_par' dir='ltr' id='par_1_6' title="bbox 291 708 1867 779">
     <span class='ocr_line' id='line_1_6' title="bbox 291 708 1867 779; baseline 0 -15"><span class='ocrx_word' id='word_1_39' title='bbox 291 708 640 779; x_wconf 83' lang='lat' dir='ltr'><strong><em>superfusum</em></strong></span> <span class='ocrx_word' id='word_1_40' title='bbox 670 708 1107 779; x_wconf 89' lang='lat' dir='ltr'><strong><em>spiritum,eoque</em></strong></span> <span class='ocrx_word' id='word_1_41' title='bbox 1130 708 1266 778; x_wconf 87' lang='lat' dir='ltr'><strong><em>fetus</em></strong></span> <span class='ocrx_word' id='word_1_42' title='bbox 1289 716 1516 778; x_wconf 87' lang='lat' dir='ltr'><strong><em>segetum</em></strong></span> <span class='ocrx_word' id='word_1_43' title='bbox 1541 718 1591 764; x_wconf 90' lang='lat' dir='ltr'><strong><em>et</em></strong></span> <span class='ocrx_word' id='word_1_44' title='bbox 1624 711 1867 764; x_wconf 77' lang='lat' dir='ltr'><strong><em>autumni</em></strong></span> 
     </span>
    </p>
   </div>
   <div class='ocr_carea' id='block_1_7' title="bbox 287 790 1863 873">
    <p class='ocr_par' dir='ltr' id='par_1_7' title="bbox 287 790 1863 873">
     <span class='ocr_line' id='line_1_7' title="bbox 287 790 1863 873; baseline 0.002 -19"><span class='ocrx_word' id='word_1_45' title='bbox 287 790 600 871; x_wconf 58' lang='lat' dir='ltr'><strong><em>putrescere</em></strong></span> <span class='ocrx_word' id='word_1_46' title='bbox 646 816 762 853; x_wconf 88' lang='lat' dir='ltr'><strong><em>reor</em></strong></span> <span class='ocrx_word' id='word_1_47' title='bbox 802 800 914 855; x_wconf 92' lang='lat' dir='ltr'><strong><em>solo</em></strong></span> <span class='ocrx_word' id='word_1_48' title='bbox 957 801 1179 871; x_wconf 74' lang='lat' dir='ltr'><strong><em>caeloque</em></strong></span> <span class='ocrx_word' id='word_1_49' title='bbox 1221 802 1381 872; x_wconf 84' lang='lat' dir='ltr'><strong><em>juxta</em></strong></span> <span class='ocrx_word' id='word_1_50' title='bbox 1417 803 1582 873; x_wconf 80' lang='lat' dir='ltr'><strong><em>gravi.</em></strong></span> <span class='ocrx_word' id='word_1_51' title='bbox 1623 800 1863 864; x_wconf 90' lang='lat' dir='ltr'><strong><em>Solinus,</em></strong></span> 
     </span>
    </p>
   </div>
   <div class='ocr_carea' id='block_1_8' title="bbox 294 890 1868 964">
    <p class='ocr_par' dir='ltr' id='par_1_8' title="bbox 294 890 1868 964">
     <span class='ocr_line' id='line_1_8' title="bbox 294 890 1868 964; baseline -0.001 -16"><span class='ocrx_word' id='word_1_52' title='bbox 294 908 431 964; x_wconf 87' lang='lat' dir='ltr'><strong><em>cap.</em></strong></span> <span class='ocrx_word' id='word_1_53' title='bbox 457 894 523 949; x_wconf 71' lang='lat'><strong><em>38</em></strong></span> <span class='ocrx_word' id='word_1_54' title='bbox 549 914 561 947; x_wconf 91' lang='lat'><strong>:</strong></span> <span class='ocrx_word' id='word_1_55' title='bbox 598 892 711 947; x_wconf 87' lang='lat' dir='ltr'><strong><em>Duo</em></strong></span> <span class='ocrx_word' id='word_1_56' title='bbox 749 893 819 945; x_wconf 87' lang='lat' dir='ltr'><strong><em>ibi</em></strong></span> <span class='ocrx_word' id='word_1_57' title='bbox 847 893 1035 963; x_wconf 85' lang='lat' dir='ltr'><strong><em>oppida</em></strong></span> <span class='ocrx_word' id='word_1_58' title='bbox 1063 891 1345 949; x_wconf 81' lang='lat' dir='ltr'><strong><em>Sodomam</em></strong></span> <span class='ocrx_word' id='word_1_59' title='bbox 1379 890 1703 949; x_wconf 83' lang='lat' dir='ltr'><strong><em>nominatum</em></strong></span> <span class='ocrx_word' id='word_1_60' title='bbox 1722 894 1868 947; x_wconf 87' lang='lat' dir='ltr'><strong><em>alte-</em></strong></span> 
     </span>
    </p>
   </div>
   <div class='ocr_carea' id='block_1_9' title="bbox 297 984 1868 1063">
    <p class='ocr_par' dir='ltr' id='par_1_9' title="bbox 297 984 1868 1063">
     <span class='ocr_line' id='line_1_9' title="bbox 297 984 1868 1063; baseline 0.001 -23"><span class='ocrx_word' id='word_1_61' title='bbox 297 1004 449 1049; x_wconf 83' lang='lat' dir='ltr'><strong><em>rum.</em></strong></span> <span class='ocrx_word' id='word_1_62' title='bbox 478 988 701 1041; x_wconf 88' lang='lat' dir='ltr'><strong><em>alterum</em></strong></span> <span class='ocrx_word' id='word_1_63' title='bbox 726 984 1095 1047; x_wconf 84' lang='lat' dir='ltr'><strong><em>Gomorrhum,</em></strong></span> <span class='ocrx_word' id='word_1_64' title='bbox 1127 987 1265 1056; x_wconf 86' lang='lat' dir='ltr'><strong><em>apud</em></strong></span> <span class='ocrx_word' id='word_1_65' title='bbox 1296 1003 1413 1056; x_wconf 70' lang='lat' dir='ltr'><strong><em>qua:</em></strong></span> <span class='ocrx_word' id='word_1_66' title='bbox 1448 1003 1660 1063; x_wconf 87' lang='lat' dir='ltr'><strong><em>pomum</em></strong></span> <span class='ocrx_word' id='word_1_67' title='bbox 1695 988 1868 1057; x_wconf 84' lang='lat' dir='ltr'><strong><em>gigni-</em></strong></span> 
     </span>
    </p>
   </div>
   <div class='ocr_carea' id='block_1_10' title="bbox 299 1077 1866 1151">
    <p class='ocr_par' dir='ltr' id='par_1_10' title="bbox 299 1077 1866 1151">
     <span class='ocr_line' id='line_1_10' title="bbox 299 1077 1866 1151; baseline -0.001 -17"><span class='ocrx_word' id='word_1_68' title='bbox 299 1091 397 1135; x_wconf 79' lang='lat' dir='ltr'><strong><em>tur</em></strong></span> <span class='ocrx_word' id='word_1_69' title='bbox 419 1094 439 1133; x_wconf 89' lang='lat'><strong><em>:</em></strong></span> <span class='ocrx_word' id='word_1_70' title='bbox 464 1079 602 1151; x_wconf 88' lang='lat' dir='ltr'><strong><em>quod</em></strong></span> <span class='ocrx_word' id='word_1_71' title='bbox 632 1078 783 1134; x_wconf 88' lang='lat' dir='ltr'><strong><em>habet</em></strong></span> <span class='ocrx_word' id='word_1_72' title='bbox 812 1082 1028 1148; x_wconf 85' lang='lat' dir='ltr'><strong><em>speciem</em></strong></span> <span class='ocrx_word' id='word_1_73' title='bbox 1048 1080 1164 1133; x_wconf 86' lang='lat' dir='ltr'><strong><em>licet</em></strong></span> <span class='ocrx_word' id='word_1_74' title='bbox 1206 1080 1553 1144; x_wconf 74' lang='lat' dir='ltr'><strong><em>maturitatis,</em></strong></span> <span class='ocrx_word' id='word_1_75' title='bbox 1580 1077 1761 1142; x_wconf 85' lang='lat' dir='ltr'><strong><em>mandi</em></strong></span> <span class='ocrx_word' id='word_1_76' title='bbox 1785 1088 1866 1132; x_wconf 90' lang='lat' dir='ltr'><strong><em>ta-</em></strong></span> 
     </span>
    </p>
   </div>
   <div class='ocr_carea' id='block_1_11' title="bbox 298 1169 1866 1243">
    <p class='ocr_par' dir='ltr' id='par_1_11' title="bbox 298 1169 1866 1243">
     <span class='ocr_line' id='line_1_11' title="bbox 298 1169 1866 1243; baseline -0.002 -16"><span class='ocrx_word' id='word_1_77' title='bbox 298 1188 425 1228; x_wconf 84' lang='lat' dir='ltr'><strong><em>men</em></strong></span> <span class='ocrx_word' id='word_1_78' title='bbox 453 1189 555 1233; x_wconf 87' lang='lat' dir='ltr'><strong><em>non</em></strong></span> <span class='ocrx_word' id='word_1_79' title='bbox 594 1181 761 1243; x_wconf 85' lang='lat' dir='ltr'><strong><em>potest</em></strong></span> <span class='ocrx_word' id='word_1_80' title='bbox 790 1187 808 1235; x_wconf 88' lang='lat'><strong><em>;</em></strong></span> <span class='ocrx_word' id='word_1_81' title='bbox 846 1189 966 1225; x_wconf 90' lang='lat' dir='ltr'><strong><em>nam</em></strong></span> <span class='ocrx_word' id='word_1_82' title='bbox 1000 1169 1270 1239; x_wconf 84' lang='lat' dir='ltr'><strong><em>fuliginem</em></strong></span> <span class='ocrx_word' id='word_1_83' title='bbox 1305 1172 1617 1227; x_wconf 79' lang='lat' dir='ltr'><strong><em>intrinsecus</em></strong></span> <span class='ocrx_word' id='word_1_84' title='bbox 1649 1170 1866 1241; x_wconf 84' lang='lat' dir='ltr'><strong><em>favilla-</em></strong></span> 
     </span>
    </p>
   </div>
   <div class='ocr_carea' id='block_1_12' title="bbox 297 1262 1865 1335">
    <p class='ocr_par' dir='ltr' id='par_1_12' title="bbox 297 1262 1865 1335">
     <span class='ocr_line' id='line_1_12' title="bbox 297 1262 1865 1335; baseline -0.001 -17"><span class='ocrx_word' id='word_1_85' title='bbox 297 1280 454 1319; x_wconf 83' lang='lat' dir='ltr'><strong><em>ceam</em></strong></span> <span class='ocrx_word' id='word_1_86' title='bbox 500 1264 716 1318; x_wconf 82' lang='lat' dir='ltr'><strong><em>ambitio</em></strong></span> <span class='ocrx_word' id='word_1_87' title='bbox 753 1272 955 1316; x_wconf 88' lang='lat' dir='ltr'><strong><em>tantum</em></strong></span> <span class='ocrx_word' id='word_1_88' title='bbox 986 1265 1192 1317; x_wconf 77' lang='lat' dir='ltr'><strong><em>extimre</em></strong></span> <span class='ocrx_word' id='word_1_89' title='bbox 1219 1264 1358 1324; x_wconf 82' lang='lat' dir='ltr'><strong><em>cutis</em></strong></span> <span class='ocrx_word' id='word_1_90' title='bbox 1391 1262 1611 1326; x_wconf 75' lang='lat' dir='ltr'><strong><em>cohibet,</em></strong></span> <span class='ocrx_word' id='word_1_91' title='bbox 1642 1278 1756 1335; x_wconf 81' lang='lat' dir='ltr'><strong><em>qute</em></strong></span> <span class='ocrx_word' id='word_1_92' title='bbox 1788 1262 1865 1322; x_wconf 72' lang='lat' dir='ltr'><strong><em>vel</em></strong></span> 
     </span>
    </p>
   </div>
   <div class='ocr_carea' id='block_1_13' title="bbox 300 1340 1866 1429">
    <p class='ocr_par' dir='ltr' id='par_1_13' title="bbox 300 1340 1866 1429">
     <span class='ocr_line' id='line_1_13' title="bbox 300 1340 1866 1429; baseline -0.001 -20"><span class='ocrx_word' id='word_1_93' title='bbox 300 1355 408 1411; x_wconf 79' lang='lat' dir='ltr'><strong><em>leui</em></strong></span> <span class='ocrx_word' id='word_1_94' title='bbox 438 1364 577 1409; x_wconf 84' lang='lat' dir='ltr'><strong><em>tactu</em></strong></span> <span class='ocrx_word' id='word_1_95' title='bbox 599 1372 796 1425; x_wconf 85' lang='lat' dir='ltr'><strong><em>pressa,</em></strong></span> <span class='ocrx_word' id='word_1_96' title='bbox 819 1354 1015 1423; x_wconf 87' lang='lat' dir='ltr'><strong><em>fumum</em></strong></span> <span class='ocrx_word' id='word_1_97' title='bbox 1037 1353 1269 1427; x_wconf 78' lang='lat' dir='ltr'><strong><em>exhalat,</em></strong></span> <span class='ocrx_word' id='word_1_98' title='bbox 1291 1363 1339 1408; x_wconf 92' lang='lat' dir='ltr'><strong><em>et</em></strong></span> <span class='ocrx_word' id='word_1_99' title='bbox 1364 1354 1567 1425; x_wconf 89' lang='lat' dir='ltr'><strong><em>fatiscit</em></strong></span> <span class='ocrx_word' id='word_1_100' title='bbox 1598 1340 1657 1408; x_wconf 27' lang='lat' dir='ltr'><strong><em>iu.</em></strong></span> <span class='ocrx_word' id='word_1_101' title='bbox 1682 1370 1866 1429; x_wconf 81' lang='lat' dir='ltr'><strong><em>vagum</em></strong></span> 
     </span>
    </p>
   </div>
   <div class='ocr_carea' id='block_1_14' title="bbox 297 1450 588 1518">
    <p class='ocr_par' dir='ltr' id='par_1_14' title="bbox 297 1450 588 1518">
     <span class='ocr_line' id='line_1_14' title="bbox 297 1450 588 1518; baseline -0.003 -16"><span class='ocrx_word' id='word_1_102' title='bbox 297 1450 588 1518; x_wconf 76' lang='lat' dir='ltr'><strong><em>pulverem.</em></strong></span> 
     </span>
    </p>
   </div>
   <div class='ocr_carea' id='block_1_15' title="bbox 378 1534 1865 1611">
    <p class='ocr_par' dir='ltr' id='par_1_15' title="bbox 378 1534 1865 1611">
     <span class='ocr_line' id='line_1_15' title="bbox 378 1534 1865 1611; baseline 0.001 -19"><span class='ocrx_word' id='word_1_103' title='bbox 378 1537 495 1593; x_wconf 89' lang='lat' dir='ltr'><strong><em>Col.</em></strong></span> <span class='ocrx_word' id='word_1_104' title='bbox 517 1538 642 1603; x_wconf 79' lang='grc'>761,</span> <span class='ocrx_word' id='word_1_105' title='bbox 668 1538 765 1594; x_wconf 89' lang='lat' dir='ltr'><strong><em>lin.</em></strong></span> <span class='ocrx_word' id='word_1_106' title='bbox 783 1536 872 1597; x_wconf 75' lang='lat'><strong><em>55.</em></strong></span> <span class='ocrx_word' id='word_1_107' title='bbox 906 1535 1142 1611; x_wconf 83' lang='grc' dir='ltr'>Γειτνιᾷ</span> <span class='ocrx_word' id='word_1_108' title='bbox 1171 1534 1239 1589; x_wconf 80' lang='grc' dir='ltr'>δὲ</span> <span class='ocrx_word' id='word_1_109' title='bbox 1265 1537 1501 1605; x_wconf 80' lang='grc' dir='ltr'><strong><em>ταύτης.</em></strong></span> <span class='ocrx_word' id='word_1_110' title='bbox 1532 1538 1865 1609; x_wconf 82' lang='lat' dir='ltr'><strong><em>Asphaltites</em></strong></span> 
     </span>
    </p>
   </div>
   <div class='ocr_carea' id='block_1_16' title="bbox 297 1628 1861 1703">
    <p class='ocr_par' dir='ltr' id='par_1_16' title="bbox 297 1628 1861 1703">
     <span class='ocr_line' id='line_1_16' title="bbox 297 1628 1861 1703; baseline 0.004 -19"><span class='ocrx_word' id='word_1_111' title='bbox 297 1628 504 1686; x_wconf 62' lang='lat' dir='ltr'><strong><em>Judtem</em></strong></span> <span class='ocrx_word' id='word_1_112' title='bbox 532 1631 680 1687; x_wconf 90' lang='lat' dir='ltr'><strong><em>lacus</em></strong></span> <span class='ocrx_word' id='word_1_113' title='bbox 710 1630 872 1687; x_wconf 86' lang='lat' dir='ltr'><strong><em>situm</em></strong></span> <span class='ocrx_word' id='word_1_114' title='bbox 907 1639 960 1685; x_wconf 90' lang='lat' dir='ltr'><strong><em>et</em></strong></span> <span class='ocrx_word' id='word_1_115' title='bbox 988 1631 1187 1687; x_wconf 90' lang='lat' dir='ltr'><strong><em>limites</em></strong></span> <span class='ocrx_word' id='word_1_116' title='bbox 1220 1631 1385 1696; x_wconf 92' lang='lat' dir='ltr'><strong><em>Plin.,</em></strong></span> <span class='ocrx_word' id='word_1_117' title='bbox 1413 1632 1508 1685; x_wconf 90' lang='lat' dir='ltr'><strong><em>lib.</em></strong></span> <span class='ocrx_word' id='word_1_118' title='bbox 1536 1648 1590 1696; x_wconf 75' lang='grc' dir='ltr'><strong><em>ν,</em></strong></span> <span class='ocrx_word' id='word_1_119' title='bbox 1622 1645 1742 1703; x_wconf 93' lang='lat' dir='ltr'><strong><em>cap.</em></strong></span> <span class='ocrx_word' id='word_1_120' title='bbox 1778 1631 1861 1691; x_wconf 83' lang='lat' dir='ltr'><strong><em>l6.</em></strong></span> 
     </span>
    </p>
   </div>
   <div class='ocr_carea' id='block_1_17' title="bbox 299 1720 1864 1793">
    <p class='ocr_par' dir='ltr' id='par_1_17' title="bbox 299 1720 1864 1793">
     <span class='ocr_line' id='line_1_17' title="bbox 299 1720 1864 1793; baseline -0.001 -16"><span class='ocrx_word' id='word_1_121' title='bbox 299 1721 621 1777; x_wconf 85' lang='lat' dir='ltr'><strong><em>describens</em></strong></span> <span class='ocrx_word' id='word_1_122' title='bbox 663 1722 756 1788; x_wconf 89' lang='lat' dir='ltr'><strong><em>ait,</em></strong></span> <span class='ocrx_word' id='word_1_123' title='bbox 800 1721 1189 1793; x_wconf 80' lang='lat' dir='ltr'><strong><em>longitudinem</em></strong></span> <span class='ocrx_word' id='word_1_124' title='bbox 1245 1722 1364 1791; x_wconf 88' lang='lat' dir='ltr'><strong><em>ejus</em></strong></span> <span class='ocrx_word' id='word_1_125' title='bbox 1399 1720 1567 1782; x_wconf 85' lang='lat' dir='ltr'><strong><em>maris</em></strong></span> <span class='ocrx_word' id='word_1_126' title='bbox 1602 1720 1864 1783; x_wconf 75' lang='lat' dir='ltr'><strong><em>excedere</em></strong></span> 
     </span>
    </p>
   </div>
   <div class='ocr_carea' id='block_1_18' title="bbox 298 1805 1863 1881">
    <p class='ocr_par' dir='ltr' id='par_1_18' title="bbox 298 1805 1863 1881">
     <span class='ocr_line' id='line_1_18' title="bbox 298 1805 1863 1881; baseline -0.003 -13"><span class='ocrx_word' id='word_1_127' title='bbox 298 1821 522 1868; x_wconf 80' lang='lat' dir='ltr'><strong><em>centum</em></strong></span> <span class='ocrx_word' id='word_1_128' title='bbox 547 1812 712 1866; x_wconf 86' lang='lat' dir='ltr'><strong><em>millia</em></strong></span> <span class='ocrx_word' id='word_1_129' title='bbox 744 1805 1022 1881; x_wconf 77' lang='lat' dir='ltr'><strong><em>passuum,</em></strong></span> <span class='ocrx_word' id='word_1_130' title='bbox 1057 1811 1397 1869; x_wconf 81' lang='lat' dir='ltr'><strong><em>latitudinem</em></strong></span> <span class='ocrx_word' id='word_1_131' title='bbox 1425 1810 1713 1864; x_wconf 76' lang='lat' dir='ltr'><strong><em>maximam</em></strong></span> <span class='ocrx_word' id='word_1_132' title='bbox 1740 1825 1863 1866; x_wconf 87' lang='lat' dir='ltr'><strong><em>esse</em></strong></span> 
     </span>
    </p>
   </div>
   <div class='ocr_carea' id='block_1_19' title="bbox 296 1901 1864 1983">
    <p class='ocr_par' dir='ltr' id='par_1_19' title="bbox 296 1901 1864 1983">
     <span class='ocr_line' id='line_1_19' title="bbox 296 1901 1864 1983; baseline -0.003 -21"><span class='ocrx_word' id='word_1_133' title='bbox 296 1907 493 1978; x_wconf 79' lang='lat' dir='ltr'><strong><em>viginti</em></strong></span> <span class='ocrx_word' id='word_1_134' title='bbox 531 1906 800 1976; x_wconf 87' lang='lat' dir='ltr'><strong><em>quinque,</em></strong></span> <span class='ocrx_word' id='word_1_135' title='bbox 829 1903 1108 1958; x_wconf 84' lang='lat' dir='ltr'><strong><em>minimam</em></strong></span> <span class='ocrx_word' id='word_1_136' title='bbox 1136 1918 1265 1958; x_wconf 75' lang='lat' dir='ltr'><strong><em>vero</em></strong></span> <span class='ocrx_word' id='word_1_137' title='bbox 1306 1919 1422 1960; x_wconf 80' lang='lat' dir='ltr'><strong><em>sex.</em></strong></span> <span class='ocrx_word' id='word_1_138' title='bbox 1453 1901 1755 1983; x_wconf 84' lang='lat' dir='ltr'><strong><em>Joscphus,</em></strong></span> <span class='ocrx_word' id='word_1_139' title='bbox 1787 1901 1864 1957; x_wconf 87' lang='lat' dir='ltr'><strong><em>De</em></strong></span> 
     </span>
    </p>
   </div>
   <div class='ocr_carea' id='block_1_20' title="bbox 298 1994 1865 2067">
    <p class='ocr_par' dir='ltr' id='par_1_20' title="bbox 298 1994 1865 2067">
     <span class='ocr_line' id='line_1_20' title="bbox 298 1994 1865 2067; baseline -0.003 -13"><span class='ocrx_word' id='word_1_140' title='bbox 298 2001 438 2056; x_wconf 90' lang='lat' dir='ltr'><strong><em>bello</em></strong></span> <span class='ocrx_word' id='word_1_141' title='bbox 489 1998 619 2053; x_wconf 81' lang='lat' dir='ltr'><strong><em>Jud.</em></strong></span> <span class='ocrx_word' id='word_1_142' title='bbox 673 1999 766 2054; x_wconf 90' lang='lat' dir='ltr'><strong><em>lib.</em></strong></span> <span class='ocrx_word' id='word_1_143' title='bbox 811 2013 876 2061; x_wconf 78' lang='grc' dir='ltr'><strong><em>ν,</em></strong></span> <span class='ocrx_word' id='word_1_144' title='bbox 921 1996 1087 2053; x_wconf 82' lang='lat' dir='ltr'><strong><em>refert</em></strong></span> <span class='ocrx_word' id='word_1_145' title='bbox 1145 1994 1538 2067; x_wconf 72' lang='lat' dir='ltr'><strong><em>longitudinem</em></strong></span> <span class='ocrx_word' id='word_1_146' title='bbox 1583 1994 1704 2067; x_wconf 85' lang='lat' dir='ltr'><strong><em>ejus</em></strong></span> <span class='ocrx_word' id='word_1_147' title='bbox 1743 2010 1865 2050; x_wconf 88' lang='lat' dir='ltr'><strong><em>esse</em></strong></span> 
     </span>
    </p>
   </div>
   <div class='ocr_carea' id='block_1_21' title="bbox 295 2087 1863 2165">
    <p class='ocr_par' dir='ltr' id='par_1_21' title="bbox 295 2087 1863 2165">
     <span class='ocr_line' id='line_1_21' title="bbox 295 2087 1863 2165; baseline -0.004 -17"><span class='ocrx_word' id='word_1_148' title='bbox 295 2093 728 2165; x_wconf 76' lang='lat' dir='ltr'><strong><em>quingentorum</em></strong></span> <span class='ocrx_word' id='word_1_149' title='bbox 771 2090 1045 2160; x_wconf 82' lang='lat' dir='ltr'><strong><em>octoginta</em></strong></span> <span class='ocrx_word' id='word_1_150' title='bbox 1091 2088 1431 2153; x_wconf 87' lang='lat' dir='ltr'><strong><em>stadiorum;</em></strong></span> <span class='ocrx_word' id='word_1_151' title='bbox 1478 2087 1707 2141; x_wconf 88' lang='lat' dir='ltr'><strong><em>latitudo</em></strong></span> <span class='ocrx_word' id='word_1_152' title='bbox 1732 2103 1863 2142; x_wconf 87' lang='lat' dir='ltr'><strong><em>cen-</em></strong></span> 
     </span>
    </p>
   </div>
   <div class='ocr_carea' id='block_1_22' title="bbox 296 2176 1866 2256">
    <p class='ocr_par' dir='ltr' id='par_1_22' title="bbox 296 2176 1866 2256">
     <span class='ocr_line' id='line_1_22' title="bbox 296 2176 1866 2256; baseline -0.006 -17"><span class='ocrx_word' id='word_1_153' title='bbox 296 2193 416 2239; x_wconf 87' lang='lat' dir='ltr'><strong><em>tum</em></strong></span> <span class='ocrx_word' id='word_1_154' title='bbox 443 2183 834 2256; x_wconf 81' lang='lat' dir='ltr'><strong><em>quinquaginta</em></strong></span> <span class='ocrx_word' id='word_1_155' title='bbox 860 2180 1050 2236; x_wconf 86' lang='lat' dir='ltr'><strong><em>stadiis</em></strong></span> <span class='ocrx_word' id='word_1_156' title='bbox 1085 2187 1253 2250; x_wconf 89' lang='lat' dir='ltr'><strong><em>patet.</em></strong></span> <span class='ocrx_word' id='word_1_157' title='bbox 1295 2177 1369 2233; x_wconf 82' lang='lat' dir='ltr'><strong><em>De</em></strong></span> <span class='ocrx_word' id='word_1_158' title='bbox 1399 2192 1462 2233; x_wconf 89' lang='lat' dir='ltr'><strong><em>ea</em></strong></span> <span class='ocrx_word' id='word_1_159' title='bbox 1492 2177 1607 2232; x_wconf 72' lang='lat' dir='ltr'><strong><em>haec</em></strong></span> <span class='ocrx_word' id='word_1_160' title='bbox 1633 2176 1866 2232; x_wconf 86' lang='lat' dir='ltr'><strong><em>Brocar—</em></strong></span> 
     </span>
    </p>
   </div>
   <div class='ocr_carea' id='block_1_23' title="bbox 296 2267 1868 2341">
    <p class='ocr_par' dir='ltr' id='par_1_23' title="bbox 296 2267 1868 2341">
     <span class='ocr_line' id='line_1_23' title="bbox 296 2267 1868 2341; baseline -0.006 -9"><span class='ocrx_word' id='word_1_161' title='bbox 296 2278 405 2332; x_wconf 85' lang='lat' dir='ltr'><strong><em>dus</em></strong></span> <span class='ocrx_word' id='word_1_162' title='bbox 453 2274 755 2330; x_wconf 83' lang='lat' dir='ltr'><strong><em>monachus</em></strong></span> <span class='ocrx_word' id='word_1_163' title='bbox 796 2273 853 2327; x_wconf 88' lang='lat' dir='ltr'><strong><em>in</em></strong></span> <span class='ocrx_word' id='word_1_164' title='bbox 905 2271 1271 2341; x_wconf 85' lang='lat' dir='ltr'><strong><em>descriptione</em></strong></span> <span class='ocrx_word' id='word_1_165' title='bbox 1311 2275 1470 2324; x_wconf 66' lang='lat' dir='ltr'><strong><em>terra:</em></strong></span> <span class='ocrx_word' id='word_1_166' title='bbox 1514 2275 1759 2323; x_wconf 69' lang='lat' dir='ltr'><strong><em>sanctat:</em></strong></span> <span class='ocrx_word' id='word_1_167' title='bbox 1797 2267 1868 2322; x_wconf 82' lang='lat' dir='ltr'><strong><em>Et</em></strong></span> 
     </span>
    </p>
   </div>
   <div class='ocr_carea' id='block_1_24' title="bbox 298 2361 1862 2439">
    <p class='ocr_par' dir='ltr' id='par_1_24' title="bbox 298 2361 1862 2439">
     <span class='ocr_line' id='line_1_24' title="bbox 298 2361 1862 2439; baseline -0.006 -16"><span class='ocrx_word' id='word_1_168' title='bbox 298 2381 448 2429; x_wconf 87' lang='lat' dir='ltr'><strong><em>nota,</em></strong></span> <span class='ocrx_word' id='word_1_169' title='bbox 470 2366 607 2439; x_wconf 86' lang='lat' dir='ltr'><strong><em>quod</em></strong></span> <span class='ocrx_word' id='word_1_170' title='bbox 638 2382 782 2420; x_wconf 90' lang='lat' dir='ltr'><strong><em>mare</em></strong></span> <span class='ocrx_word' id='word_1_171' title='bbox 815 2362 1082 2419; x_wconf 78' lang='lat' dir='ltr'><strong><em>Mortuum</em></strong></span> <span class='ocrx_word' id='word_1_172' title='bbox 1114 2363 1178 2419; x_wconf 89' lang='lat' dir='ltr'><strong><em>ab</em></strong></span> <span class='ocrx_word' id='word_1_173' title='bbox 1211 2364 1407 2418; x_wconf 87' lang='lat' dir='ltr'><strong><em>oriente</em></strong></span> <span class='ocrx_word' id='word_1_174' title='bbox 1435 2363 1491 2415; x_wconf 84' lang='lat' dir='ltr'><strong><em>in</em></strong></span> <span class='ocrx_word' id='word_1_175' title='bbox 1526 2361 1862 2431; x_wconf 85' lang='lat' dir='ltr'><strong><em>occidentem,</em></strong></span> 
     </span>
    </p>
   </div>
   <div class='ocr_carea' id='block_1_25' title="bbox 295 2453 1862 2532">
    <p class='ocr_par' dir='ltr' id='par_1_25' title="bbox 295 2453 1862 2532">
     <span class='ocr_line' id='line_1_25' title="bbox 295 2453 1862 2532; baseline -0.005 -18"><span class='ocrx_word' id='word_1_176' title='bbox 295 2477 418 2532; x_wconf 69' lang='lat' dir='ltr'><strong><em>qua</em></strong></span> <span class='ocrx_word' id='word_1_177' title='bbox 437 2470 516 2513; x_wconf 87' lang='lat' dir='ltr'><strong><em>est</em></strong></span> <span class='ocrx_word' id='word_1_178' title='bbox 546 2459 773 2513; x_wconf 89' lang='lat' dir='ltr'><strong><em>latitudo</em></strong></span> <span class='ocrx_word' id='word_1_179' title='bbox 805 2458 939 2528; x_wconf 83' lang='lat' dir='ltr'><strong><em>ejus,</em></strong></span> <span class='ocrx_word' id='word_1_180' title='bbox 959 2457 1110 2512; x_wconf 89' lang='lat' dir='ltr'><strong><em>habet</em></strong></span> <span class='ocrx_word' id='word_1_181' title='bbox 1161 2457 1382 2527; x_wconf 86' lang='lat' dir='ltr'><strong><em>quinque</em></strong></span> <span class='ocrx_word' id='word_1_182' title='bbox 1413 2454 1629 2510; x_wconf 89' lang='lat' dir='ltr'><strong><em>leucas:</em></strong></span> <span class='ocrx_word' id='word_1_183' title='bbox 1662 2455 1718 2507; x_wconf 88' lang='lat' dir='ltr'><strong><em>in</em></strong></span> <span class='ocrx_word' id='word_1_184' title='bbox 1750 2453 1862 2507; x_wconf 87' lang='lat' dir='ltr'><strong><em>lon-</em></strong></span> 
     </span>
    </p>
   </div>
   <div class='ocr_carea' id='block_1_26' title="bbox 297 2530 1865 2620">
    <p class='ocr_par' dir='ltr' id='par_1_26' title="bbox 297 2530 1865 2620">
     <span class='ocr_line' id='line_1_26' title="bbox 297 2530 1865 2620; baseline -0.002 -20"><span class='ocrx_word' id='word_1_185' title='bbox 297 2530 534 2620; x_wconf 57' lang='lat' dir='ltr'><strong><em>Jitudine</em></strong></span> <span class='ocrx_word' id='word_1_186' title='bbox 567 2565 683 2602; x_wconf 86' lang='lat' dir='ltr'><strong><em>vero</em></strong></span> <span class='ocrx_word' id='word_1_187' title='bbox 715 2564 830 2619; x_wconf 73' lang='lat' dir='ltr'><strong><em>qua:</em></strong></span> <span class='ocrx_word' id='word_1_188' title='bbox 858 2556 934 2602; x_wconf 88' lang='lat' dir='ltr'><strong><em>est</em></strong></span> <span class='ocrx_word' id='word_1_189' title='bbox 969 2546 1031 2601; x_wconf 91' lang='lat' dir='ltr'><strong><em>ab</em></strong></span> <span class='ocrx_word' id='word_1_190' title='bbox 1061 2547 1301 2617; x_wconf 86' lang='lat' dir='ltr'><strong><em>aquilone</em></strong></span> <span class='ocrx_word' id='word_1_191' title='bbox 1342 2544 1410 2598; x_wconf 90' lang='lat' dir='ltr'><strong><em>ad</em></strong></span> <span class='ocrx_word' id='word_1_192' title='bbox 1446 2553 1686 2599; x_wconf 85' lang='lat' dir='ltr'><strong><em>austrum</em></strong></span> <span class='ocrx_word' id='word_1_193' title='bbox 1711 2542 1865 2597; x_wconf 81' lang='lat' dir='ltr'><strong><em>habet</em></strong></span> 
     </span>
    </p>
   </div>
   <div class='ocr_carea' id='block_1_27' title="bbox 297 2636 1865 2710">
    <p class='ocr_par' dir='ltr' id='par_1_27' title="bbox 297 2636 1865 2710">
     <span class='ocr_line' id='line_1_27' title="bbox 297 2636 1865 2710; baseline -0.003 -17"><span class='ocrx_word' id='word_1_194' title='bbox 297 2641 524 2710; x_wconf 87' lang='lat' dir='ltr'><strong><em>quinque</em></strong></span> <span class='ocrx_word' id='word_1_195' title='bbox 542 2639 750 2706; x_wconf 69' lang='lat' dir='ltr'><strong><em>dicatas,</em></strong></span> <span class='ocrx_word' id='word_1_196' title='bbox 774 2648 829 2693; x_wconf 90' lang='lat' dir='ltr'><strong><em>ut</em></strong></span> <span class='ocrx_word' id='word_1_197' title='bbox 856 2639 982 2692; x_wconf 88' lang='lat' dir='ltr'><strong><em>mihi</em></strong></span> <span class='ocrx_word' id='word_1_198' title='bbox 1011 2637 1261 2695; x_wconf 84' lang='lat' dir='ltr'><strong><em>Saraceni</em></strong></span> <span class='ocrx_word' id='word_1_199' title='bbox 1286 2636 1607 2698; x_wconf 83' lang='lat' dir='ltr'><strong><em>retulerunt;</em></strong></span> <span class='ocrx_word' id='word_1_200' title='bbox 1633 2636 1728 2689; x_wconf 85' lang='lat' dir='ltr'><strong><em>alii</em></strong></span> <span class='ocrx_word' id='word_1_201' title='bbox 1751 2652 1865 2689; x_wconf 75' lang='lat' dir='ltr'><strong><em>vero</em></strong></span> 
     </span>
    </p>
   </div>
   <div class='ocr_carea' id='block_1_28' title="bbox 299 2726 1865 2804">
    <p class='ocr_par' dir='ltr' id='par_1_28' title="bbox 299 2726 1865 2804">
     <span class='ocr_line' id='line_1_28' title="bbox 299 2726 1865 2804; baseline -0.003 -16"><span class='ocrx_word' id='word_1_202' title='bbox 299 2736 464 2787; x_wconf 68' lang='lat' dir='ltr'><strong><em>aliam</em></strong></span> <span class='ocrx_word' id='word_1_203' title='bbox 495 2726 887 2804; x_wconf 80' lang='lat' dir='ltr'><strong><em>assignauerunt</em></strong></span> <span class='ocrx_word' id='word_1_204' title='bbox 922 2729 1314 2801; x_wconf 82' lang='lat' dir='ltr'><strong><em>longitudinem.</em></strong></span> <span class='ocrx_word' id='word_1_205' title='bbox 1338 2729 1533 2785; x_wconf 85' lang='lat' dir='ltr'><strong><em>Scribit</em></strong></span> <span class='ocrx_word' id='word_1_206' title='bbox 1561 2728 1865 2799; x_wconf 85' lang='lat' dir='ltr'><strong><em>patriarcha</em></strong></span> 
     </span>
    </p>
   </div>
   <div class='ocr_carea' id='block_1_29' title="bbox 303 2822 1861 2896">
    <p class='ocr_par' dir='ltr' id='par_1_29' title="bbox 303 2822 1861 2896">
     <span class='ocr_line' id='line_1_29' title="bbox 303 2822 1861 2896; baseline -0.001 -18"><span class='ocrx_word' id='word_1_207' title='bbox 303 2823 853 2896; x_wconf 78' lang='lat' dir='ltr'><strong><em>Ilierosolymitanus,</em></strong></span> <span class='ocrx_word' id='word_1_208' title='bbox 904 2824 992 2893; x_wconf 89' lang='lat' dir='ltr'><strong><em>qui</em></strong></span> <span class='ocrx_word' id='word_1_209' title='bbox 1040 2838 1175 2890; x_wconf 69' lang='lat' dir='ltr'><strong><em>sirpe</em></strong></span> <span class='ocrx_word' id='word_1_210' title='bbox 1224 2822 1395 2877; x_wconf 79' lang='lat' dir='ltr'><strong><em>locant</em></strong></span> <span class='ocrx_word' id='word_1_211' title='bbox 1450 2823 1602 2876; x_wconf 78' lang='lat' dir='ltr'><strong><em>ilium</em></strong></span> <span class='ocrx_word' id='word_1_212' title='bbox 1666 2824 1861 2887; x_wconf 88' lang='lat' dir='ltr'><strong><em>invisit,</em></strong></span> 
     </span>
    </p>
   </div>
   <div class='ocr_carea' id='block_1_30' title="bbox 300 2912 1861 2988">
    <p class='ocr_par' dir='ltr' id='par_1_30' title="bbox 300 2912 1861 2988">
     <span class='ocr_line' id='line_1_30' title="bbox 300 2912 1861 2988; baseline 0 -20"><span class='ocrx_word' id='word_1_213' title='bbox 300 2931 448 2968; x_wconf 89' lang='lat' dir='ltr'><strong><em>mare</em></strong></span> <span class='ocrx_word' id='word_1_214' title='bbox 493 2912 625 2968; x_wconf 83' lang='lat' dir='ltr'><strong><em>illud</em></strong></span> <span class='ocrx_word' id='word_1_215' title='bbox 667 2930 867 2983; x_wconf 84' lang='lat' dir='ltr'><strong><em>semper</em></strong></span> <span class='ocrx_word' id='word_1_216' title='bbox 903 2913 1105 2988; x_wconf 85' lang='lat' dir='ltr'><strong><em>fumum</em></strong></span> <span class='ocrx_word' id='word_1_217' title='bbox 1153 2912 1394 2979; x_wconf 77' lang='lat' dir='ltr'><strong><em>reddere,</em></strong></span> <span class='ocrx_word' id='word_1_218' title='bbox 1434 2921 1484 2967; x_wconf 86' lang='lat' dir='ltr'><strong><em>et</em></strong></span> <span class='ocrx_word' id='word_1_219' title='bbox 1524 2912 1768 2968; x_wconf 88' lang='lat' dir='ltr'><strong><em>nebulam</em></strong></span> <span class='ocrx_word' id='word_1_220' title='bbox 1808 2915 1861 2968; x_wconf 90' lang='lat' dir='ltr'><strong><em>in</em></strong></span> 
     </span>
    </p>
   </div>
   <div class='ocr_carea' id='block_1_31' title="bbox 298 3003 1862 3075">
    <p class='ocr_par' dir='ltr' id='par_1_31' title="bbox 298 3003 1862 3075">
     <span class='ocr_line' id='line_1_31' title="bbox 298 3003 1862 3075; baseline 0 -17"><span class='ocrx_word' id='word_1_221' title='bbox 298 3005 510 3059; x_wconf 85' lang='lat' dir='ltr'><strong><em>modum</em></strong></span> <span class='ocrx_word' id='word_1_222' title='bbox 544 3006 736 3059; x_wconf 88' lang='lat' dir='ltr'><strong><em>camini</em></strong></span> <span class='ocrx_word' id='word_1_223' title='bbox 769 3004 1044 3075; x_wconf 79' lang='lat' dir='ltr'><strong><em>infernalis</em></strong></span> <span class='ocrx_word' id='word_1_224' title='bbox 1065 3019 1084 3058; x_wconf 91' lang='lat'><strong><em>:</em></strong></span> <span class='ocrx_word' id='word_1_225' title='bbox 1120 3004 1257 3061; x_wconf 84' lang='lat' dir='ltr'><strong><em>unde</em></strong></span> <span class='ocrx_word' id='word_1_226' title='bbox 1287 3012 1397 3058; x_wconf 86' lang='lat' dir='ltr'><strong><em>tota</em></strong></span> <span class='ocrx_word' id='word_1_227' title='bbox 1426 3003 1520 3056; x_wconf 87' lang='lat' dir='ltr'><strong><em>illa</em></strong></span> <span class='ocrx_word' id='word_1_228' title='bbox 1548 3004 1722 3066; x_wconf 85' lang='lat' dir='ltr'><strong><em>vallis,</em></strong></span> <span class='ocrx_word' id='word_1_229' title='bbox 1746 3021 1862 3074; x_wconf 65' lang='lat' dir='ltr'><strong><em>qut:</em></strong></span> 
     </span>
    </p>
   </div>
   <div class='ocr_carea' id='block_1_32' title="bbox 1967 527 3529 600">
    <p class='ocr_par' dir='ltr' id='par_1_32' title="bbox 1967 527 3529 600">
     <span class='ocr_line' id='line_1_32' title="bbox 1967 527 3529 600; baseline -0.001 -19"><span class='ocrx_word' id='word_1_230' title='bbox 1967 537 2258 598; x_wconf 90' lang='lat' dir='ltr'><strong><em>queretur,</em></strong></span> <span class='ocrx_word' id='word_1_231' title='bbox 2289 530 2371 585; x_wconf 82' lang='lat' dir='ltr'><strong><em>vel</em></strong></span> <span class='ocrx_word' id='word_1_232' title='bbox 2397 545 2461 584; x_wconf 79' lang='lat' dir='ltr'><strong><em>ex</em></strong></span> <span class='ocrx_word' id='word_1_233' title='bbox 2505 544 2571 584; x_wconf 90' lang='lat' dir='ltr'><strong><em>eo</em></strong></span> <span class='ocrx_word' id='word_1_234' title='bbox 2599 527 2745 600; x_wconf 91' lang='lat' dir='ltr'><strong><em>quod</em></strong></span> <span class='ocrx_word' id='word_1_235' title='bbox 2786 527 2998 585; x_wconf 85' lang='lat' dir='ltr'><strong><em>Plinius</em></strong></span> <span class='ocrx_word' id='word_1_236' title='bbox 3030 528 3230 591; x_wconf 85' lang='lat' dir='ltr'><strong><em>refert,</em></strong></span> <span class='ocrx_word' id='word_1_237' title='bbox 3264 527 3529 598; x_wconf 81' lang='lat' dir='ltr'><strong><em>quosdam</em></strong></span> 
     </span>
    </p>
   </div>
   <div class='ocr_carea' id='block_1_33' title="bbox 1966 616 3531 688">
    <p class='ocr_par' dir='ltr' id='par_1_33' title="bbox 1966 616 3531 688">
     <span class='ocr_line' id='line_1_33' title="bbox 1966 616 3531 688; baseline -0.002 -14"><span class='ocrx_word' id='word_1_238' title='bbox 1966 617 2262 674; x_wconf 85' lang='lat' dir='ltr'><strong><em>tradidisse</em></strong></span> <span class='ocrx_word' id='word_1_239' title='bbox 2305 616 2590 674; x_wconf 86' lang='lat' dir='ltr'><strong><em>Sirbonem</em></strong></span> <span class='ocrx_word' id='word_1_240' title='bbox 2655 617 2834 673; x_wconf 90' lang='lat' dir='ltr'><strong><em>lacum</em></strong></span> <span class='ocrx_word' id='word_1_241' title='bbox 2865 618 3065 674; x_wconf 88' lang='lat' dir='ltr'><strong><em>habere</em></strong></span> <span class='ocrx_word' id='word_1_242' title='bbox 3109 631 3214 672; x_wconf 74' lang='lat' dir='ltr'><strong><em>cur</em></strong></span> <span class='ocrx_word' id='word_1_243' title='bbox 3267 632 3531 688; x_wconf 86' lang='lat' dir='ltr'><strong><em>passuum</em></strong></span> 
     </span>
    </p>
   </div>
   <div class='ocr_carea' id='block_1_34' title="bbox 1971 709 3530 781">
    <p class='ocr_par' dir='ltr' id='par_1_34' title="bbox 1971 709 3530 781">
     <span class='ocr_line' id='line_1_34' title="bbox 1971 709 3530 781; baseline 0 -14"><span class='ocrx_word' id='word_1_244' title='bbox 1971 713 2283 767; x_wconf 85' lang='lat' dir='ltr'><strong><em>circuitum.</em></strong></span> <span class='ocrx_word' id='word_1_245' title='bbox 2314 711 2389 767; x_wconf 91' lang='lat' dir='ltr'><strong><em>De</em></strong></span> <span class='ocrx_word' id='word_1_246' title='bbox 2413 713 2529 767; x_wconf 89' lang='lat' dir='ltr'><strong><em>lacu</em></strong></span> <span class='ocrx_word' id='word_1_247' title='bbox 2555 710 2856 781; x_wconf 78' lang='lat' dir='ltr'><strong><em>Aspbaltite</em></strong></span> <span class='ocrx_word' id='word_1_248' title='bbox 2888 711 3011 767; x_wconf 81' lang='lat' dir='ltr'><strong><em>vide</em></strong></span> <span class='ocrx_word' id='word_1_249' title='bbox 3041 710 3407 767; x_wconf 87' lang='lat' dir='ltr'><strong><em>Dioscoridem</em></strong></span> <span class='ocrx_word' id='word_1_250' title='bbox 3433 709 3530 767; x_wconf 84' lang='lat' dir='ltr'><strong><em>lib.</em></strong></span> 
     </span>
    </p>
   </div>
   <div class='ocr_carea' id='block_1_35' title="bbox 1968 800 3531 873">
    <p class='ocr_par' dir='ltr' id='par_1_35' title="bbox 1968 800 3531 873">
     <span class='ocr_line' id='line_1_35' title="bbox 1968 800 3531 873; baseline 0.001 -17"><span class='ocrx_word' id='word_1_251' title='bbox 1968 818 2008 863; x_wconf 83' lang='grc' dir='ltr'><strong><em>ι,</em></strong></span> <span class='ocrx_word' id='word_1_252' title='bbox 2042 818 2161 872; x_wconf 92' lang='lat' dir='ltr'><strong><em>cap.</em></strong></span> <span class='ocrx_word' id='word_1_253' title='bbox 2192 801 2325 869; x_wconf 72' lang='lat'><strong><em>100;</em></strong></span> <span class='ocrx_word' id='word_1_254' title='bbox 2355 800 2683 865; x_wconf 82' lang='lat' dir='ltr'><strong><em>Vitruvium,</em></strong></span> <span class='ocrx_word' id='word_1_255' title='bbox 2715 800 2971 867; x_wconf 89' lang='lat' dir='ltr'><strong><em>Plinium,</em></strong></span> <span class='ocrx_word' id='word_1_256' title='bbox 3001 802 3330 873; x_wconf 76' lang='lat' dir='ltr'><strong><em>Antigonum</em></strong></span> <span class='ocrx_word' id='word_1_257' title='bbox 3358 802 3531 872; x_wconf 85' lang='lat' dir='ltr'><strong><em>Cary—</em></strong></span> 
     </span>
    </p>
   </div>
   <div class='ocr_carea' id='block_1_36' title="bbox 1967 891 3530 959">
    <p class='ocr_par' dir='ltr' id='par_1_36' title="bbox 1967 891 3530 959">
     <span class='ocr_line' id='line_1_36' title="bbox 1967 891 3530 959; baseline -0.001 -8"><span class='ocrx_word' id='word_1_258' title='bbox 1967 894 2132 951; x_wconf 88' lang='lat' dir='ltr'><strong><em>stium</em></strong></span> <span class='ocrx_word' id='word_1_259' title='bbox 2158 934 2172 959; x_wconf 92' lang='lat'><strong><em>,</em></strong></span> <span class='ocrx_word' id='word_1_260' title='bbox 2221 891 2543 948; x_wconf 89' lang='lat' dir='ltr'><strong><em>Strabonem</em></strong></span> <span class='ocrx_word' id='word_1_261' title='bbox 2568 933 2584 955; x_wconf 94' lang='lat'><strong><em>,</em></strong></span> <span class='ocrx_word' id='word_1_262' title='bbox 2624 891 2942 947; x_wconf 84' lang='lat' dir='ltr'><strong><em>Africanum</em></strong></span> <span class='ocrx_word' id='word_1_263' title='bbox 2969 932 2986 959; x_wconf 95' lang='lat'><strong><em>,</em></strong></span> <span class='ocrx_word' id='word_1_264' title='bbox 3028 892 3428 949; x_wconf 87' lang='lat' dir='ltr'><strong><em>Tertullianum</em></strong></span> <span class='ocrx_word' id='word_1_265' title='bbox 3474 894 3530 950; x_wconf 87' lang='lat' dir='ltr'><strong><em>in</em></strong></span> 
     </span>
    </p>
   </div>
   <div class='ocr_carea' id='block_1_37' title="bbox 1966 985 3531 1054">
    <p class='ocr_par' dir='ltr' id='par_1_37' title="bbox 1966 985 3531 1054">
     <span class='ocr_line' id='line_1_37' title="bbox 1966 985 3531 1054; baseline -0.001 -12"><span class='ocrx_word' id='word_1_266' title='bbox 1966 987 2210 1042; x_wconf 87' lang='lat' dir='ltr'><strong><em>carmine</em></strong></span> <span class='ocrx_word' id='word_1_267' title='bbox 2280 986 2354 1041; x_wconf 88' lang='lat' dir='ltr'><strong><em>De</em></strong></span> <span class='ocrx_word' id='word_1_268' title='bbox 2411 985 2683 1050; x_wconf 82' lang='lat' dir='ltr'><strong><em>Sodoma,</em></strong></span> <span class='ocrx_word' id='word_1_269' title='bbox 2742 985 3034 1054; x_wconf 91' lang='lat' dir='ltr'><strong><em>Orosium,</em></strong></span> <span class='ocrx_word' id='word_1_270' title='bbox 3086 987 3181 1042; x_wconf 87' lang='lat' dir='ltr'><strong><em>lib.</em></strong></span> <span class='ocrx_word' id='word_1_271' title='bbox 3230 1002 3247 1042; x_wconf 84' lang='lat' dir='ltr'><strong><em>t</em></strong></span> <span class='ocrx_word' id='word_1_272' title='bbox 3296 985 3531 1051; x_wconf 67' lang='grc' dir='ltr'><strong><em>Πίερον..</em></strong></span> 
     </span>
    </p>
   </div>
   <div class='ocr_carea' id='block_1_38' title="bbox 1965 1076 3531 1149">
    <p class='ocr_par' dir='ltr' id='par_1_38' title="bbox 1965 1076 3531 1149">
     <span class='ocr_line' id='line_1_38' title="bbox 1965 1076 3531 1149; baseline -0.001 -16"><span class='ocrx_word' id='word_1_273' title='bbox 1965 1080 2213 1135; x_wconf 91' lang='lat' dir='ltr'><strong><em>omnium</em></strong></span> <span class='ocrx_word' id='word_1_274' title='bbox 2263 1079 2738 1149; x_wconf 79' lang='lat' dir='ltr'><strong><em>diligentissimum</em></strong></span> <span class='ocrx_word' id='word_1_275' title='bbox 2786 1078 3199 1134; x_wconf 87' lang='lat' dir='ltr'><strong><em>Adrichomium</em></strong></span> <span class='ocrx_word' id='word_1_276' title='bbox 3257 1078 3314 1132; x_wconf 89' lang='lat' dir='ltr'><strong><em>in</em></strong></span> <span class='ocrx_word' id='word_1_277' title='bbox 3381 1076 3531 1134; x_wconf 83' lang='lat' dir='ltr'><strong><em>tribu</em></strong></span> 
     </span>
    </p>
   </div>
   <div class='ocr_carea' id='block_1_39' title="bbox 1964 1168 3529 1232">
    <p class='ocr_par' dir='ltr' id='par_1_39' title="bbox 1964 1168 3529 1232">
     <span class='ocr_line' id='line_1_39' title="bbox 1964 1168 3529 1232; baseline 0.004 -9"><span class='ocrx_word' id='word_1_278' title='bbox 1964 1168 2136 1232; x_wconf 67' lang='lat' dir='ltr'><strong><em>Judre,</em></strong></span> <span class='ocrx_word' id='word_1_279' title='bbox 2167 1185 2319 1226; x_wconf 88' lang='lat' dir='ltr'><strong><em>num.</em></strong></span> <span class='ocrx_word' id='word_1_280' title='bbox 2359 1171 2480 1227; x_wconf 67' lang='grc'><strong><em>186.</em></strong></span> <span class='ocrx_word' id='word_1_281' title='bbox 3525 1190 3529 1194; x_wconf 84' lang='grc'><em>’</em></span> 
     </span>
    </p>
   </div>
   <div class='ocr_carea' id='block_1_40' title="bbox 2040 1257 3530 1329">
    <p class='ocr_par' dir='ltr' id='par_1_40' title="bbox 2040 1257 3530 1329">
     <span class='ocr_line' id='line_1_40' title="bbox 2040 1257 3530 1329; baseline -0.001 -14"><span class='ocrx_word' id='word_1_282' title='bbox 2040 1261 2177 1315; x_wconf 85' lang='lat' dir='ltr'><strong><em>Ibid.</em></strong></span> <span class='ocrx_word' id='word_1_283' title='bbox 2202 1300 2218 1322; x_wconf 94' lang='lat'><strong><em>,</em></strong></span> <span class='ocrx_word' id='word_1_284' title='bbox 2253 1260 2351 1315; x_wconf 90' lang='lat' dir='ltr'><strong><em>lin.</em></strong></span> <span class='ocrx_word' id='word_1_285' title='bbox 2386 1260 2476 1315; x_wconf 75' lang='lat'><strong><em>39.</em></strong></span> <span class='ocrx_word' id='word_1_286' title='bbox 2523 1259 2765 1329; x_wconf 67' lang='grc' dir='ltr'>Κοῦφον</span> <span class='ocrx_word' id='word_1_287' title='bbox 2801 1258 2870 1314; x_wconf 81' lang='grc' dir='ltr'>δὲ</span> <span class='ocrx_word' id='word_1_288' title='bbox 2906 1260 2974 1313; x_wconf 84' lang='grc' dir='ltr'>τὸ</span> <span class='ocrx_word' id='word_1_289' title='bbox 3023 1258 3198 1327; x_wconf 84' lang='grc' dir='ltr'>ὕδωρ.</span> <span class='ocrx_word' id='word_1_290' title='bbox 3227 1257 3530 1329; x_wconf 83' lang='lat' dir='ltr'><strong><em>Josephus.</em></strong></span> 
     </span>
    </p>
   </div>
   <div class='ocr_carea' id='block_1_41' title="bbox 1964 1351 3535 1424">
    <p class='ocr_par' dir='ltr' id='par_1_41' title="bbox 1964 1351 3535 1424">
     <span class='ocr_line' id='line_1_41' title="bbox 1964 1351 3535 1424; baseline -0.004 -12"><span class='ocrx_word' id='word_1_291' title='bbox 1964 1358 2059 1413; x_wconf 88' lang='lat' dir='ltr'><strong><em>lib.</em></strong></span> <span class='ocrx_word' id='word_1_292' title='bbox 2089 1373 2122 1411; x_wconf 72' lang='grc' dir='ltr'><strong><em>ν</em></strong></span> <span class='ocrx_word' id='word_1_293' title='bbox 2162 1354 2235 1410; x_wconf 89' lang='lat' dir='ltr'><strong><em>De</em></strong></span> <span class='ocrx_word' id='word_1_294' title='bbox 2263 1354 2396 1410; x_wconf 88' lang='lat' dir='ltr'><strong><em>bello</em></strong></span> <span class='ocrx_word' id='word_1_295' title='bbox 2427 1354 2693 1411; x_wconf 74' lang='lat' dir='ltr'><strong><em>Iudaico:</em></strong></span> <span class='ocrx_word' id='word_1_296' title='bbox 2728 1352 2909 1417; x_wconf 76' lang='grc' dir='ltr'>’Ἄξιον</span> <span class='ocrx_word' id='word_1_297' title='bbox 2933 1352 2989 1406; x_wconf 82' lang='grc' dir='ltr'>δὲ</span> <span class='ocrx_word' id='word_1_298' title='bbox 3024 1351 3411 1424; x_wconf 80' lang='grc' dir='ltr'><strong><em>ἀφηγήσασθαι</em></strong></span> <span class='ocrx_word' id='word_1_299' title='bbox 3440 1352 3535 1407; x_wconf 83' lang='grc' dir='ltr'>καὶ</span> 
     </span>
    </p>
   </div>
   <div class='ocr_carea' id='block_1_42' title="bbox 1964 1443 3532 1518">
    <p class='ocr_par' dir='ltr' id='par_1_42' title="bbox 1964 1443 3532 1518">
     <span class='ocr_line' id='line_1_42' title="bbox 1964 1443 3532 1518; baseline -0.003 -17"><span class='ocrx_word' id='word_1_300' title='bbox 1964 1447 2062 1518; x_wconf 78' lang='grc' dir='ltr'>τὴν</span> <span class='ocrx_word' id='word_1_301' title='bbox 2094 1446 2255 1518; x_wconf 81' lang='grc' dir='ltr'>φύσιν</span> <span class='ocrx_word' id='word_1_302' title='bbox 2276 1446 2375 1517; x_wconf 76' lang='grc' dir='ltr'><strong><em>τῆς</em></strong></span> <span class='ocrx_word' id='word_1_303' title='bbox 2415 1445 2813 1514; x_wconf 77' lang='grc' dir='ltr'><strong><em>Ἀσφαλτίτιδος</em></strong></span> <span class='ocrx_word' id='word_1_304' title='bbox 2843 1443 3058 1514; x_wconf 81' lang='grc' dir='ltr'>λίμνης.</span> <span class='ocrx_word' id='word_1_305' title='bbox 3086 1444 3244 1507; x_wconf 87' lang='grc' dir='ltr'>Ἥτις</span> <span class='ocrx_word' id='word_1_306' title='bbox 3269 1445 3385 1497; x_wconf 74' lang='grc' dir='ltr'>ἐστὶ</span> <span class='ocrx_word' id='word_1_307' title='bbox 3411 1443 3532 1514; x_wconf 80' lang='grc' dir='ltr'>μὲν,</span> 
     </span>
    </p>
   </div>
   <div class='ocr_carea' id='block_1_43' title="bbox 1965 1534 3533 1611">
    <p class='ocr_par' dir='ltr' id='par_1_43' title="bbox 1965 1534 3533 1611">
     <span class='ocr_line' id='line_1_43' title="bbox 1965 1534 3533 1611; baseline -0.003 -18"><span class='ocrx_word' id='word_1_308' title='bbox 1965 1539 2040 1605; x_wconf 83' lang='grc' dir='ltr'><strong><em>ὡς</em></strong></span> <span class='ocrx_word' id='word_1_309' title='bbox 2060 1539 2216 1611; x_wconf 79' lang='grc' dir='ltr'>ἔφην,</span> <span class='ocrx_word' id='word_1_310' title='bbox 2244 1537 2415 1610; x_wconf 77' lang='grc' dir='ltr'>πικρὰ</span> <span class='ocrx_word' id='word_1_311' title='bbox 2446 1539 2541 1591; x_wconf 71' lang='grc' dir='ltr'>καὶ</span> <span class='ocrx_word' id='word_1_312' title='bbox 2568 1538 2779 1606; x_wconf 79' lang='grc' dir='ltr'>ἄγονος·</span> <span class='ocrx_word' id='word_1_313' title='bbox 2812 1536 2915 1589; x_wconf 79' lang='grc' dir='ltr'><strong><em>ὑπὸ</em></strong></span> <span class='ocrx_word' id='word_1_314' title='bbox 2934 1536 2990 1589; x_wconf 79' lang='grc' dir='ltr'>δὲ</span> <span class='ocrx_word' id='word_1_315' title='bbox 3007 1534 3334 1606; x_wconf 84' lang='grc' dir='ltr'><strong><em>κουφότητος</em></strong></span> <span class='ocrx_word' id='word_1_316' title='bbox 3362 1534 3533 1590; x_wconf 75' lang='grc' dir='ltr'>καὶτὰ</span> 
     </span>
    </p>
   </div>
   <div class='ocr_carea' id='block_1_44' title="bbox 1967 1626 3530 1701">
    <p class='ocr_par' dir='ltr' id='par_1_44' title="bbox 1967 1626 3530 1701">
     <span class='ocr_line' id='line_1_44' title="bbox 1967 1626 3530 1701; baseline -0.002 -18"><span class='ocrx_word' id='word_1_317' title='bbox 1967 1629 2243 1701; x_wconf 71' lang='grc' dir='ltr'>βαρύτατα</span> <span class='ocrx_word' id='word_1_318' title='bbox 2270 1629 2378 1683; x_wconf 83' lang='grc' dir='ltr'><strong><em>τῶν</em></strong></span> <span class='ocrx_word' id='word_1_319' title='bbox 2410 1630 2489 1692; x_wconf 88' lang='grc' dir='ltr'>είς</span> <span class='ocrx_word' id='word_1_320' title='bbox 2520 1626 2686 1700; x_wconf 79' lang='grc' dir='ltr'>αὐτὴν</span> <span class='ocrx_word' id='word_1_321' title='bbox 2732 1627 2992 1698; x_wconf 81' lang='grc' dir='ltr'><strong><em>ῥιφέντων</em></strong></span> <span class='ocrx_word' id='word_1_322' title='bbox 3038 1626 3327 1698; x_wconf 82' lang='grc' dir='ltr'><strong><em>ἀναφέρει,</em></strong></span> <span class='ocrx_word' id='word_1_323' title='bbox 3362 1634 3530 1680; x_wconf 80' lang='grc' dir='ltr'>κατα-</span> 
     </span>
    </p>
   </div>
   <div class='ocr_carea' id='block_1_45' title="bbox 1964 1717 3526 1791">
    <p class='ocr_par' dir='ltr' id='par_1_45' title="bbox 1964 1717 3526 1791">
     <span class='ocr_line' id='line_1_45' title="bbox 1964 1717 3526 1791; baseline -0.003 -15"><span class='ocrx_word' id='word_1_324' title='bbox 1964 1722 2115 1776; x_wconf 79' lang='grc' dir='ltr'>δῦναι</span> <span class='ocrx_word' id='word_1_325' title='bbox 2164 1722 2219 1776; x_wconf 80' lang='grc' dir='ltr'>δὲ</span> <span class='ocrx_word' id='word_1_326' title='bbox 2244 1723 2323 1784; x_wconf 79' lang='grc' dir='ltr'><strong><em>εἰς</em></strong></span> <span class='ocrx_word' id='word_1_327' title='bbox 2363 1721 2453 1774; x_wconf 81' lang='grc' dir='ltr'>τὸν</span> <span class='ocrx_word' id='word_1_328' title='bbox 2497 1720 2654 1791; x_wconf 83' lang='grc' dir='ltr'>βυθὸν</span> <span class='ocrx_word' id='word_1_329' title='bbox 2701 1721 2818 1774; x_wconf 78' lang='grc' dir='ltr'>οὐδὲ</span> <span class='ocrx_word' id='word_1_330' title='bbox 2862 1718 3286 1790; x_wconf 71' lang='grc' dir='ltr'>ἐπιτηδεύσαντα</span> <span class='ocrx_word' id='word_1_331' title='bbox 3329 1717 3526 1791; x_wconf 74' lang='grc' dir='ltr'>ῥᾴδιον.</span> 
     </span>
    </p>
   </div>
   <div class='ocr_carea' id='block_1_46' title="bbox 1964 1809 3530 1884">
    <p class='ocr_par' dir='ltr' id='par_1_46' title="bbox 1964 1809 3530 1884">
     <span class='ocr_line' id='line_1_46' title="bbox 1964 1809 3530 1884; baseline -0.004 -16"><span class='ocrx_word' id='word_1_332' title='bbox 1964 1814 2286 1877; x_wconf 76' lang='lat' dir='ltr'><strong><em>Africanus:</em></strong></span> <span class='ocrx_word' id='word_1_333' title='bbox 2336 1811 2665 1866; x_wconf 78' lang='grc' dir='ltr'>Ξυνέδαλλον</span> <span class='ocrx_word' id='word_1_334' title='bbox 2709 1812 2766 1866; x_wconf 85' lang='grc' dir='ltr'>δὲ</span> <span class='ocrx_word' id='word_1_335' title='bbox 2813 1811 2962 1884; x_wconf 82' lang='grc' dir='ltr'>παρὰ</span> <span class='ocrx_word' id='word_1_336' title='bbox 2993 1810 3090 1883; x_wconf 77' lang='grc' dir='ltr'>τὴν</span> <span class='ocrx_word' id='word_1_337' title='bbox 3133 1811 3406 1865; x_wconf 80' lang='grc' dir='ltr'>θάλασσαν</span> <span class='ocrx_word' id='word_1_338' title='bbox 3431 1809 3530 1881; x_wconf 77' lang='grc' dir='ltr'>τὴν</span> 
     </span>
    </p>
   </div>
   <div class='ocr_carea' id='block_1_47' title="bbox 1976 1901 3532 1978">
    <p class='ocr_par' dir='ltr' id='par_1_47' title="bbox 1976 1901 3532 1978">
     <span class='ocr_line' id='line_1_47' title="bbox 1976 1901 3532 1978; baseline -0.004 -18"><span class='ocrx_word' id='word_1_339' title='bbox 1976 1906 2237 1978; x_wconf 78' lang='grc' dir='ltr'>Ἀλυκὴν,</span> <span class='ocrx_word' id='word_1_340' title='bbox 2275 1906 2395 1976; x_wconf 79' lang='grc' dir='ltr'>ἥτις</span> <span class='ocrx_word' id='word_1_341' title='bbox 2436 1904 2680 1959; x_wconf 81' lang='grc' dir='ltr'>καλεῖται</span> <span class='ocrx_word' id='word_1_342' title='bbox 2741 1903 2836 1957; x_wconf 80' lang='grc' dir='ltr'><strong><em>νῦν</em></strong></span> <span class='ocrx_word' id='word_1_343' title='bbox 2886 1902 3129 1957; x_wconf 83' lang='grc' dir='ltr'>θάλασσα</span> <span class='ocrx_word' id='word_1_344' title='bbox 3180 1901 3387 1974; x_wconf 75' lang='grc' dir='ltr'>Νεκρὰ.</span> <span class='ocrx_word' id='word_1_345' title='bbox 3441 1901 3532 1956; x_wconf 84' lang='grc' dir='ltr'>Ἐν</span> 
     </span>
    </p>
   </div>
   <div class='ocr_carea' id='block_1_48' title="bbox 1963 1993 3530 2073">
    <p class='ocr_par' dir='ltr' id='par_1_48' title="bbox 1963 1993 3530 2073">
     <span class='ocr_line' id='line_1_48' title="bbox 1963 1993 3530 2073; baseline -0.004 -20"><span class='ocrx_word' id='word_1_346' title='bbox 1963 1998 2135 2073; x_wconf 78' lang='grc' dir='ltr'>ταύτῃ</span> <span class='ocrx_word' id='word_1_347' title='bbox 2178 1997 2403 2052; x_wconf 87' lang='grc' dir='ltr'>πλεῖστα</span> <span class='ocrx_word' id='word_1_348' title='bbox 2443 1996 2551 2051; x_wconf 81' lang='grc' dir='ltr'>τῶν</span> <span class='ocrx_word' id='word_1_349' title='bbox 2587 1996 2901 2069; x_wconf 81' lang='grc' dir='ltr'>θαυμασίων</span> <span class='ocrx_word' id='word_1_350' title='bbox 2942 1996 3226 2067; x_wconf 78' lang='grc' dir='ltr'>τεθέαμαι.</span> <span class='ocrx_word' id='word_1_351' title='bbox 3269 1993 3530 2063; x_wconf 57' lang='grc' dir='ltr'>Ζώωνπε</span> 
     </span>
    </p>
   </div>
   <div class='ocr_carea' id='block_1_49' title="bbox 1963 2087 3523 2163">
    <p class='ocr_par' dir='ltr' id='par_1_49' title="bbox 1963 2087 3523 2163">
     <span class='ocr_line' id='line_1_49' title="bbox 1963 2087 3523 2163; baseline -0.008 -17"><span class='ocrx_word' id='word_1_352' title='bbox 1963 2091 2070 2163; x_wconf 72' lang='grc' dir='ltr'><strong><em>γὰρ</em></strong></span> <span class='ocrx_word' id='word_1_353' title='bbox 2092 2090 2243 2144; x_wconf 77' lang='grc' dir='ltr'>οὐδὲν</span> <span class='ocrx_word' id='word_1_354' title='bbox 2275 2092 2449 2146; x_wconf 82' lang='grc' dir='ltr'>ὲκείνο</span> <span class='ocrx_word' id='word_1_355' title='bbox 2473 2088 2535 2143; x_wconf 86' lang='grc' dir='ltr'><strong><em>τδ</em></strong></span> <span class='ocrx_word' id='word_1_356' title='bbox 2562 2088 2703 2160; x_wconf 82' lang='grc' dir='ltr'>ὕδωρ</span> <span class='ocrx_word' id='word_1_357' title='bbox 2735 2087 2907 2158; x_wconf 77' lang='grc' dir='ltr'>φέρει,</span> <span class='ocrx_word' id='word_1_358' title='bbox 2936 2093 3028 2141; x_wconf 69' lang='grc' dir='ltr'>καὶ</span> <span class='ocrx_word' id='word_1_359' title='bbox 3058 2087 3245 2159; x_wconf 69' lang='grc' dir='ltr'><strong><em>νεκροὶ⁹</em></strong></span> <span class='ocrx_word' id='word_1_360' title='bbox 3274 2088 3372 2158; x_wconf 83' lang='grc' dir='ltr'><strong><em>μὲν</em></strong></span> <span class='ocrx_word' id='word_1_361' title='bbox 3394 2088 3523 2147; x_wconf 65' lang='lat' dir='ltr'><strong><em>om.</em></strong></span> 
     </span>
    </p>
   </div>
   <div class='ocr_carea' id='block_1_50' title="bbox 1963 2177 3524 2257">
    <p class='ocr_par' dir='ltr' id='par_1_50' title="bbox 1963 2177 3524 2257">
     <span class='ocr_line' id='line_1_50' title="bbox 1963 2177 3524 2257; baseline -0.003 -23"><span class='ocrx_word' id='word_1_362' title='bbox 1963 2181 2172 2257; x_wconf 76' lang='grc' dir='ltr'>ϐρύχιοι</span> <span class='ocrx_word' id='word_1_363' title='bbox 2215 2180 2502 2253; x_wconf 75' lang='grc' dir='ltr'>φέρονται,</span> <span class='ocrx_word' id='word_1_364' title='bbox 2545 2178 2747 2244; x_wconf 75' lang='grc' dir='ltr'>ζῶντες</span> <span class='ocrx_word' id='word_1_365' title='bbox 2775 2179 2820 2233; x_wconf 82' lang='grc' dir='ltr'>δ’</span> <span class='ocrx_word' id='word_1_366' title='bbox 2862 2178 2970 2231; x_wconf 80' lang='grc' dir='ltr'>οὐδ’</span> <span class='ocrx_word' id='word_1_367' title='bbox 3009 2177 3075 2231; x_wconf 82' lang='grc' dir='ltr'>ἂν</span> <span class='ocrx_word' id='word_1_368' title='bbox 3118 2177 3313 2249; x_wconf 72' lang='grc' dir='ltr'>ῥᾳδίως</span> <span class='ocrx_word' id='word_1_369' title='bbox 3340 2177 3524 2249; x_wconf 82' lang='grc' dir='ltr'>βαπτί-</span> 
     </span>
    </p>
   </div>
   <div class='ocr_carea' id='block_1_51' title="bbox 1966 2266 3530 2341">
    <p class='ocr_par' dir='ltr' id='par_1_51' title="bbox 1966 2266 3530 2341">
     <span class='ocr_line' id='line_1_51' title="bbox 1966 2266 3530 2341; baseline -0.001 -18"><span class='ocrx_word' id='word_1_370' title='bbox 1966 2287 2163 2325; x_wconf 85' lang='grc' dir='ltr'>σαιντο.</span> <span class='ocrx_word' id='word_1_371' title='bbox 2192 2269 2387 2341; x_wconf 85' lang='grc' dir='ltr'>Λύχνοι</span> <span class='ocrx_word' id='word_1_372' title='bbox 2426 2269 2522 2340; x_wconf 84' lang='grc' dir='ltr'><strong><em>μὲν</em></strong></span> <span class='ocrx_word' id='word_1_373' title='bbox 2547 2267 2824 2336; x_wconf 86' lang='grc' dir='ltr'>καιόμενοι</span> <span class='ocrx_word' id='word_1_374' title='bbox 2852 2267 2946 2321; x_wconf 71' lang='grc' dir='ltr'>καὶ</span> <span class='ocrx_word' id='word_1_375' title='bbox 2970 2266 3339 2337; x_wconf 64' lang='grc' dir='ltr'>ἐπιφέρονται,</span> <span class='ocrx_word' id='word_1_376' title='bbox 3376 2266 3530 2321; x_wconf 77' lang='grc' dir='ltr'>σϐεν-</span> 
     </span>
    </p>
   </div>
   <div class='ocr_carea' id='block_1_52' title="bbox 1962 2352 3531 2433">
    <p class='ocr_par' dir='ltr' id='par_1_52' title="bbox 1962 2352 3531 2433">
     <span class='ocr_line' id='line_1_52' title="bbox 1962 2352 3531 2433; baseline -0.001 -19"><span class='ocrx_word' id='word_1_377' title='bbox 1962 2361 2180 2433; x_wconf 79' lang='grc' dir='ltr'>νύμενοι</span> <span class='ocrx_word' id='word_1_378' title='bbox 2212 2360 2268 2414; x_wconf 85' lang='grc' dir='ltr'>δὲ</span> <span class='ocrx_word' id='word_1_379' title='bbox 2301 2358 2644 2415; x_wconf 82' lang='grc' dir='ltr'>καταδύουσι.</span> <span class='ocrx_word' id='word_1_380' title='bbox 2692 2357 2923 2420; x_wconf 87' lang='lat' dir='ltr'><strong><em>Strabo,</em></strong></span> <span class='ocrx_word' id='word_1_381' title='bbox 2958 2357 3052 2411; x_wconf 87' lang='lat' dir='ltr'><strong><em>lib.</em></strong></span> <span class='ocrx_word' id='word_1_382' title='bbox 3085 2373 3213 2412; x_wconf 75' lang='lat' dir='ltr'><strong><em>xw:</em></strong></span> <span class='ocrx_word' id='word_1_383' title='bbox 3258 2352 3373 2411; x_wconf 83' lang='grc' dir='ltr'><strong><em>Εἶτ’</em></strong></span> <span class='ocrx_word' id='word_1_384' title='bbox 3407 2359 3531 2412; x_wconf 78' lang='grc' dir='ltr'>ἐπι-ι</span> 
     </span>
    </p>
   </div>
   <div class='ocr_carea' id='block_1_53' title="bbox 1963 2447 3532 2521">
    <p class='ocr_par' dir='ltr' id='par_1_53' title="bbox 1963 2447 3532 2521">
     <span class='ocr_line' id='line_1_53' title="bbox 1963 2447 3532 2521; baseline -0.001 -18"><span class='ocrx_word' id='word_1_385' title='bbox 1963 2451 2269 2516; x_wconf 75' lang='grc' dir='ltr'>πολάζουσα</span> <span class='ocrx_word' id='word_1_386' title='bbox 2288 2449 2374 2505; x_wconf 77' lang='grc' dir='ltr'>διὰ</span> <span class='ocrx_word' id='word_1_387' title='bbox 2400 2449 2498 2521; x_wconf 75' lang='grc' dir='ltr'>τὴν</span> <span class='ocrx_word' id='word_1_388' title='bbox 2527 2449 2685 2519; x_wconf 83' lang='grc' dir='ltr'>φύσιν</span> <span class='ocrx_word' id='word_1_389' title='bbox 2709 2449 2803 2503; x_wconf 76' lang='grc' dir='ltr'>τοῦ</span> <span class='ocrx_word' id='word_1_390' title='bbox 2833 2447 3123 2519; x_wconf 79' lang='grc' dir='ltr'>ὖδατος,ἣν</span> <span class='ocrx_word' id='word_1_391' title='bbox 3155 2447 3360 2520; x_wconf 76' lang='grc' dir='ltr'>ἔφαμεν</span> <span class='ocrx_word' id='word_1_392' title='bbox 3396 2448 3532 2520; x_wconf 74' lang='grc' dir='ltr'><strong><em>μηδὲ</em></strong></span> 
     </span>
    </p>
   </div>
   <div class='ocr_carea' id='block_1_54' title="bbox 1962 2539 3530 2616">
    <p class='ocr_par' dir='ltr' id='par_1_54' title="bbox 1962 2539 3530 2616">
     <span class='ocr_line' id='line_1_54' title="bbox 1962 2539 3530 2616; baseline -0.002 -18"><span class='ocrx_word' id='word_1_393' title='bbox 1962 2544 2230 2616; x_wconf 77' lang='grc' dir='ltr'>κολύμϐου</span> <span class='ocrx_word' id='word_1_394' title='bbox 2268 2541 2513 2607; x_wconf 83' lang='grc' dir='ltr'>δεῖσθαι,</span> <span class='ocrx_word' id='word_1_395' title='bbox 2561 2542 2693 2615; x_wconf 80' lang='grc' dir='ltr'><strong><em>μηδὲ</em></strong></span> <span class='ocrx_word' id='word_1_396' title='bbox 2737 2539 3090 2611; x_wconf 77' lang='grc' dir='ltr'>βαπτίζεσθαι</span> <span class='ocrx_word' id='word_1_397' title='bbox 3127 2541 3217 2595; x_wconf 84' lang='grc' dir='ltr'>τὸν</span> <span class='ocrx_word' id='word_1_398' title='bbox 3263 2540 3530 2614; x_wconf 75' lang='grc' dir='ltr'>ἐμϐάντα,</span> 
     </span>
    </p>
   </div>
   <div class='ocr_carea' id='block_1_55' title="bbox 1962 2633 2435 2706">
    <p class='ocr_par' dir='ltr' id='par_1_55' title="bbox 1962 2633 2435 2706">
     <span class='ocr_line' id='line_1_55' title="bbox 1962 2633 2435 2706; baseline 0.004 -20"><span class='ocrx_word' id='word_1_399' title='bbox 1962 2634 2074 2697; x_wconf 77' lang='grc' dir='ltr'>ἀλλ’</span> <span class='ocrx_word' id='word_1_400' title='bbox 2108 2633 2435 2706; x_wconf 78' lang='grc' dir='ltr'>ἐξαίρεσθαι.</span> 
     </span>
    </p>
   </div>
   <div class='ocr_carea' id='block_1_56' title="bbox 1985 2719 3526 2795">
    <p class='ocr_par' dir='ltr' id='par_1_56' title="bbox 1985 2719 3526 2795">
     <span class='ocr_line' id='line_1_56' title="bbox 1985 2719 3526 2795; baseline -0.002 -17"><span class='ocrx_word' id='word_1_401' title='bbox 1985 2724 2199 2792; x_wconf 57' lang='lat' dir='ltr'><strong><em>~lbid.,</em></strong></span> <span class='ocrx_word' id='word_1_402' title='bbox 2267 2726 2362 2780; x_wconf 87' lang='lat' dir='ltr'><strong><em>lin.</em></strong></span> <span class='ocrx_word' id='word_1_403' title='bbox 2431 2724 2519 2779; x_wconf 74' lang='grc'><strong><em>46.</em></strong></span> <span class='ocrx_word' id='word_1_404' title='bbox 2581 2725 2889 2795; x_wconf 66' lang='grc' dir='ltr'>Ἀναφέρει</span> <span class='ocrx_word' id='word_1_405' title='bbox 2947 2724 3015 2779; x_wconf 84' lang='grc' dir='ltr'>δὲ</span> <span class='ocrx_word' id='word_1_406' title='bbox 3081 2723 3256 2789; x_wconf 79' lang='grc' dir='ltr'><em>ἅλας.</em></span> <span class='ocrx_word' id='word_1_407' title='bbox 3323 2719 3526 2777; x_wconf 87' lang='lat' dir='ltr'><strong><em>Eadem</em></strong></span> 
     </span>
    </p>
   </div>
   <div class='ocr_carea' id='block_1_57' title="bbox 1962 2814 3532 2891">
    <p class='ocr_par' dir='ltr' id='par_1_57' title="bbox 1962 2814 3532 2891">
     <span class='ocr_line' id='line_1_57' title="bbox 1962 2814 3532 2891; baseline -0.004 -16"><span class='ocrx_word' id='word_1_408' title='bbox 1962 2819 2118 2875; x_wconf 89' lang='lat' dir='ltr'><strong><em>habet</em></strong></span> <span class='ocrx_word' id='word_1_409' title='bbox 2142 2816 2411 2891; x_wconf 79' lang='lat' dir='ltr'><strong><em>Josephus</em></strong></span> <span class='ocrx_word' id='word_1_410' title='bbox 2439 2819 2558 2873; x_wconf 93' lang='lat' dir='ltr'><strong><em>loco</em></strong></span> <span class='ocrx_word' id='word_1_411' title='bbox 2595 2818 2765 2881; x_wconf 88' lang='lat' dir='ltr'><strong><em>dicto,</em></strong></span> <span class='ocrx_word' id='word_1_412' title='bbox 2795 2819 2850 2872; x_wconf 86' lang='lat' dir='ltr'><strong><em>in</em></strong></span> <span class='ocrx_word' id='word_1_413' title='bbox 2887 2833 2996 2889; x_wconf 89' lang='lat' dir='ltr'><strong><em>quo</em></strong></span> <span class='ocrx_word' id='word_1_414' title='bbox 3035 2815 3103 2872; x_wconf 90' lang='lat' dir='ltr'><strong><em>de</em></strong></span> <span class='ocrx_word' id='word_1_415' title='bbox 3156 2814 3421 2871; x_wconf 88' lang='lat' dir='ltr'><strong><em>bitumine</em></strong></span> <span class='ocrx_word' id='word_1_416' title='bbox 3477 2820 3532 2869; x_wconf 87' lang='lat' dir='ltr'><strong><em>et</em></strong></span> 
     </span>
    </p>
   </div>
   <div class='ocr_carea' id='block_1_58' title="bbox 1959 2905 3526 2980">
    <p class='ocr_par' dir='ltr' id='par_1_58' title="bbox 1959 2905 3526 2980">
     <span class='ocr_line' id='line_1_58' title="bbox 1959 2905 3526 2980; baseline -0.003 -14"><span class='ocrx_word' id='word_1_417' title='bbox 1959 2911 2078 2980; x_wconf 78' lang='lat' dir='ltr'><strong><em>ejus</em></strong></span> <span class='ocrx_word' id='word_1_418' title='bbox 2122 2911 2178 2966; x_wconf 89' lang='lat' dir='ltr'><strong><em>in</em></strong></span> <span class='ocrx_word' id='word_1_419' title='bbox 2228 2910 2515 2966; x_wconf 84' lang='lat' dir='ltr'><strong><em>medicinis</em></strong></span> <span class='ocrx_word' id='word_1_420' title='bbox 2553 2926 2676 2966; x_wconf 92' lang='lat' dir='ltr'><strong><em>usu.</em></strong></span> <span class='ocrx_word' id='word_1_421' title='bbox 2710 2908 2918 2966; x_wconf 89' lang='lat' dir='ltr'><strong><em>Plinius</em></strong></span> <span class='ocrx_word' id='word_1_422' title='bbox 2943 2951 2958 2973; x_wconf 92' lang='lat'><strong><em>,</em></strong></span> <span class='ocrx_word' id='word_1_423' title='bbox 2992 2909 3089 2964; x_wconf 90' lang='lat' dir='ltr'><strong><em>lib.</em></strong></span> <span class='ocrx_word' id='word_1_424' title='bbox 3119 2924 3193 2971; x_wconf 87' lang='lat' dir='ltr'><strong><em>ll,</em></strong></span> <span class='ocrx_word' id='word_1_425' title='bbox 3227 2922 3348 2978; x_wconf 88' lang='lat' dir='ltr'><strong><em>cap.</em></strong></span> <span class='ocrx_word' id='word_1_426' title='bbox 3384 2905 3526 2962; x_wconf 72' lang='grc' dir='ltr'>-ιοδτ</span> 
     </span>
    </p>
   </div>
   <div class='ocr_carea' id='block_1_59' title="bbox 1961 2999 3525 3072">
    <p class='ocr_par' dir='ltr' id='par_1_59' title="bbox 1961 2999 3525 3072">
     <span class='ocr_line' id='line_1_59' title="bbox 1961 2999 3525 3072; baseline -0.003 -15"><span class='ocrx_word' id='word_1_427' title='bbox 1961 3002 2113 3057; x_wconf 82' lang='lat' dir='ltr'><strong><em>Nihil</em></strong></span> <span class='ocrx_word' id='word_1_428' title='bbox 2145 3005 2201 3058; x_wconf 89' lang='lat' dir='ltr'><strong><em>in</em></strong></span> <span class='ocrx_word' id='word_1_429' title='bbox 2239 3002 2533 3072; x_wconf 82' lang='lat' dir='ltr'><strong><em>Asphaltite</em></strong></span> <span class='ocrx_word' id='word_1_430' title='bbox 2549 3002 2754 3058; x_wconf 69' lang='lat' dir='ltr'><strong><em>ludicre</em></strong></span> <span class='ocrx_word' id='word_1_431' title='bbox 2783 3003 2922 3065; x_wconf 88' lang='lat' dir='ltr'><strong><em>lacu,</em></strong></span> <span class='ocrx_word' id='word_1_432' title='bbox 2946 3004 3035 3072; x_wconf 91' lang='lat' dir='ltr'><strong><em>qui</em></strong></span> <span class='ocrx_word' id='word_1_433' title='bbox 3063 3002 3294 3056; x_wconf 89' lang='lat' dir='ltr'><strong><em>bitumen</em></strong></span> <span class='ocrx_word' id='word_1_434' title='bbox 3331 2999 3525 3071; x_wconf 82' lang='lat' dir='ltr'><strong><em>gignit,</em></strong></span> 
     </span>
    </p>
   </div>
   <div class='ocr_carea' id='block_1_60' title="bbox 300 3089 3527 3187">
    <p class='ocr_par' dir='ltr' id='par_1_60' title="bbox 300 3089 3527 3187">
     <span class='ocr_line' id='line_1_60' title="bbox 300 3089 3527 3187; baseline -0.001 -40"><span class='ocrx_word' id='word_1_435' title='bbox 300 3093 529 3164; x_wconf 84' lang='lat' dir='ltr'><strong><em>alioquin</em></strong></span> <span class='ocrx_word' id='word_1_436' title='bbox 557 3094 618 3148; x_wconf 92' lang='lat' dir='ltr'><strong><em>ob</em></strong></span> <span class='ocrx_word' id='word_1_437' title='bbox 655 3096 738 3149; x_wconf 90' lang='lat' dir='ltr'><strong><em>sui</em></strong></span> <span class='ocrx_word' id='word_1_438' title='bbox 765 3094 1136 3165; x_wconf 81' lang='lat' dir='ltr'><strong><em>fecunditatem</em></strong></span> <span class='ocrx_word' id='word_1_439' title='bbox 1166 3106 1215 3148; x_wconf 83' lang='lat' dir='ltr'><strong><em>et</em></strong></span> <span class='ocrx_word' id='word_1_440' title='bbox 1252 3095 1606 3162; x_wconf 73' lang='lat' dir='ltr'><strong><em>ammnitatem</em></strong></span> <span class='ocrx_word' id='word_1_441' title='bbox 1634 3095 1859 3150; x_wconf 84' lang='lat' dir='ltr'><strong><em>illustris</em></strong></span> <span class='ocrx_word' id='word_1_442' title='bbox 1887 3124 1929 3187; x_wconf 60' lang='grc' dir='ltr'><strong>ς</strong></span> <span class='ocrx_word' id='word_1_443' title='bbox 1962 3094 2121 3165; x_wconf 85' lang='lat' dir='ltr'><strong><em>mergi</em></strong></span> <span class='ocrx_word' id='word_1_444' title='bbox 2150 3102 2346 3164; x_wconf 84' lang='lat' dir='ltr'><strong><em>potest;</em></strong></span> <span class='ocrx_word' id='word_1_445' title='bbox 2386 3101 2441 3149; x_wconf 90' lang='lat' dir='ltr'><strong><em>et</em></strong></span> <span class='ocrx_word' id='word_1_446' title='bbox 2474 3094 2568 3149; x_wconf 90' lang='lat' dir='ltr'><strong><em>lib.</em></strong></span> <span class='ocrx_word' id='word_1_447' title='bbox 2604 3111 2658 3156; x_wconf 81' lang='grc' dir='ltr'><strong><em>ν,</em></strong></span> <span class='ocrx_word' id='word_1_448' title='bbox 2687 3108 2807 3163; x_wconf 85' lang='lat' dir='ltr'><strong><em>cap.</em></strong></span> <span class='ocrx_word' id='word_1_449' title='bbox 2844 3093 2930 3157; x_wconf 80' lang='grc'>16,</span> <span class='ocrx_word' id='word_1_450' title='bbox 2966 3093 3196 3147; x_wconf 87' lang='lat' dir='ltr'><strong><em>habetur</em></strong></span> <span class='ocrx_word' id='word_1_451' title='bbox 3234 3090 3335 3143; x_wconf 91' lang='lat' dir='ltr'><strong><em>hoc</em></strong></span> <span class='ocrx_word' id='word_1_452' title='bbox 3361 3089 3527 3145; x_wconf 84' lang='lat' dir='ltr'><strong><em>idem.</em></strong></span> 
     </span>
    </p>
   </div>
   <div class='ocr_carea' id='block_1_61' title="bbox 299 3182 1859 3253">
    <p class='ocr_par' dir='ltr' id='par_1_61' title="bbox 299 3182 1859 3253">
     <span class='ocr_line' id='line_1_61' title="bbox 299 3182 1859 3253; baseline 0.001 -16"><span class='ocrx_word' id='word_1_453' title='bbox 299 3183 438 3238; x_wconf 88' lang='lat' dir='ltr'><strong><em>dicta</em></strong></span> <span class='ocrx_word' id='word_1_454' title='bbox 466 3184 589 3253; x_wconf 84' lang='lat' dir='ltr'><strong><em>fuit.</em></strong></span> <span class='ocrx_word' id='word_1_455' title='bbox 616 3182 685 3237; x_wconf 86' lang='lat' dir='ltr'><strong><em>ad</em></strong></span> <span class='ocrx_word' id='word_1_456' title='bbox 715 3184 941 3253; x_wconf 87' lang='lat' dir='ltr'><strong><em>spatium</em></strong></span> <span class='ocrx_word' id='word_1_457' title='bbox 969 3183 1205 3236; x_wconf 68' lang='lat' dir='ltr'><strong><em>dimidim</em></strong></span> <span class='ocrx_word' id='word_1_458' title='bbox 1226 3184 1399 3237; x_wconf 65' lang='lat' dir='ltr'><strong><em>diaeta:</em></strong></span> <span class='ocrx_word' id='word_1_459' title='bbox 1433 3184 1630 3238; x_wconf 85' lang='lat' dir='ltr'><strong><em>sterilis</em></strong></span> <span class='ocrx_word' id='word_1_460' title='bbox 1654 3194 1703 3238; x_wconf 88' lang='lat' dir='ltr'><strong><em>et</em></strong></span> <span class='ocrx_word' id='word_1_461' title='bbox 1738 3186 1859 3239; x_wconf 89' lang='lat' dir='ltr'><strong><em>inu-</em></strong></span> 
     </span>
    </p>
   </div>
   <div class='ocr_carea' id='block_1_62' title="bbox 298 3275 1861 3348">
    <p class='ocr_par' dir='ltr' id='par_1_62' title="bbox 298 3275 1861 3348">
     <span class='ocr_line' id='line_1_62' title="bbox 298 3275 1861 3348; baseline 0 -17"><span class='ocrx_word' id='word_1_462' title='bbox 298 3277 408 3332; x_wconf 80' lang='lat' dir='ltr'><strong><em>tilis</em></strong></span> <span class='ocrx_word' id='word_1_463' title='bbox 438 3276 642 3330; x_wconf 85' lang='lat' dir='ltr'><strong><em>reddita</em></strong></span> <span class='ocrx_word' id='word_1_464' title='bbox 675 3284 784 3342; x_wconf 87' lang='lat' dir='ltr'><strong><em>est,</em></strong></span> <span class='ocrx_word' id='word_1_465' title='bbox 821 3277 898 3330; x_wconf 86' lang='lat' dir='ltr'><strong><em>ita</em></strong></span> <span class='ocrx_word' id='word_1_466' title='bbox 940 3284 997 3329; x_wconf 89' lang='lat' dir='ltr'><strong><em>ut</em></strong></span> <span class='ocrx_word' id='word_1_467' title='bbox 1036 3292 1125 3330; x_wconf 87' lang='lat' dir='ltr'><strong><em>uec</em></strong></span> <span class='ocrx_word' id='word_1_468' title='bbox 1162 3275 1329 3329; x_wconf 90' lang='lat' dir='ltr'><strong><em>ullum</em></strong></span> <span class='ocrx_word' id='word_1_469' title='bbox 1370 3292 1577 3348; x_wconf 85' lang='lat' dir='ltr'><strong><em>germen</em></strong></span> <span class='ocrx_word' id='word_1_470' title='bbox 1625 3276 1861 3346; x_wconf 88' lang='lat' dir='ltr'><strong><em>proferat</em></strong></span> 
     </span>
    </p>
   </div>
   <div class='ocr_carea' id='block_1_63' title="bbox 295 3368 1861 3441">
    <p class='ocr_par' dir='ltr' id='par_1_63' title="bbox 295 3368 1861 3441">
     <span class='ocr_line' id='line_1_63' title="bbox 295 3368 1861 3441; baseline 0.001 -18"><span class='ocrx_word' id='word_1_471' title='bbox 295 3369 402 3441; x_wconf 89' lang='lat' dir='ltr'><strong><em>fere</em></strong></span> <span class='ocrx_word' id='word_1_472' title='bbox 428 3386 518 3440; x_wconf 87' lang='lat' dir='ltr'><strong><em>per</em></strong></span> <span class='ocrx_word' id='word_1_473' title='bbox 548 3370 777 3440; x_wconf 88' lang='lat' dir='ltr'><strong><em>spatium</em></strong></span> <span class='ocrx_word' id='word_1_474' title='bbox 805 3369 1029 3439; x_wconf 84' lang='lat' dir='ltr'><strong><em>quinque</em></strong></span> <span class='ocrx_word' id='word_1_475' title='bbox 1077 3368 1368 3434; x_wconf 87' lang='lat' dir='ltr'><strong><em>leucarum,</em></strong></span> <span class='ocrx_word' id='word_1_476' title='bbox 1405 3368 1509 3423; x_wconf 87' lang='lat' dir='ltr'><strong><em>nisi</em></strong></span> <span class='ocrx_word' id='word_1_477' title='bbox 1539 3371 1701 3438; x_wconf 86' lang='lat' dir='ltr'><strong><em>juxta</em></strong></span> <span class='ocrx_word' id='word_1_478' title='bbox 1731 3371 1861 3425; x_wconf 81' lang='lat' dir='ltr'><strong><em>civi-</em></strong></span> 
     </span>
    </p>
   </div>
   <div class='ocr_carea' id='block_1_64' title="bbox 298 3458 1860 3539">
    <p class='ocr_par' dir='ltr' id='par_1_64' title="bbox 298 3458 1860 3539">
     <span class='ocr_line' id='line_1_64' title="bbox 298 3458 1860 3539; baseline 0.003 -26"><span class='ocrx_word' id='word_1_479' title='bbox 298 3469 452 3515; x_wconf 89' lang='lat' dir='ltr'><strong><em>tatem</em></strong></span> <span class='ocrx_word' id='word_1_480' title='bbox 479 3458 711 3525; x_wconf 74' lang='lat' dir='ltr'><strong><em>Iericho,</em></strong></span> <span class='ocrx_word' id='word_1_481' title='bbox 754 3460 845 3513; x_wconf 85' lang='lat' dir='ltr'><strong><em>ubi</em></strong></span> <span class='ocrx_word' id='word_1_482' title='bbox 878 3458 1014 3513; x_wconf 86' lang='lat' dir='ltr'><strong><em>horti</em></strong></span> <span class='ocrx_word' id='word_1_483' title='bbox 1046 3460 1339 3529; x_wconf 88' lang='lat' dir='ltr'><strong><em>irrigantur</em></strong></span> <span class='ocrx_word' id='word_1_484' title='bbox 1365 3478 1396 3515; x_wconf 88' lang='lat' dir='ltr'><strong><em>a</em></strong></span> <span class='ocrx_word' id='word_1_485' title='bbox 1420 3461 1565 3539; x_wconf 84' lang='lat' dir='ltr'><strong><em>fonte</em></strong></span> <span class='ocrx_word' id='word_1_486' title='bbox 1596 3459 1765 3516; x_wconf 85' lang='lat' dir='ltr'><strong><em>Elisei</em></strong></span> <span class='ocrx_word' id='word_1_487' title='bbox 1782 3477 1802 3527; x_wconf 86' lang='lat'><strong><em>,&#39;</em></strong></span> <span class='ocrx_word' id='word_1_488' title='bbox 1827 3479 1860 3516; x_wconf 88' lang='lat' dir='ltr'><strong><em>a</em></strong></span> 
     </span>
    </p>
   </div>
   <div class='ocr_carea' id='block_1_65' title="bbox 293 3548 1858 3632">
    <p class='ocr_par' dir='ltr' id='par_1_65' title="bbox 293 3548 1858 3632">
     <span class='ocr_line' id='line_1_65' title="bbox 293 3548 1858 3632; baseline 0.002 -31"><span class='ocrx_word' id='word_1_489' title='bbox 293 3548 494 3604; x_wconf 76' lang='lat' dir='ltr'><strong><em>dextris</em></strong></span> <span class='ocrx_word' id='word_1_490' title='bbox 532 3559 582 3603; x_wconf 87' lang='lat' dir='ltr'><strong><em>et</em></strong></span> <span class='ocrx_word' id='word_1_491' title='bbox 618 3551 848 3632; x_wconf 63' lang='lat' dir='ltr'><strong><em>sinistris</em></strong></span> <span class='ocrx_word' id='word_1_492' title='bbox 894 3548 1048 3617; x_wconf 87' lang='lat' dir='ltr'><strong><em>hujus</em></strong></span> <span class='ocrx_word' id='word_1_493' title='bbox 1083 3551 1246 3603; x_wconf 86' lang='lat' dir='ltr'><strong><em>maris</em></strong></span> <span class='ocrx_word' id='word_1_494' title='bbox 1290 3560 1486 3605; x_wconf 82' lang='lat' dir='ltr'><strong><em>montes</em></strong></span> <span class='ocrx_word' id='word_1_495' title='bbox 1540 3551 1764 3611; x_wconf 81' lang='lat' dir='ltr'><strong><em>steriles.</em></strong></span> <span class='ocrx_word' id='word_1_496' title='bbox 1809 3560 1858 3615; x_wconf 76' lang='lat' dir='ltr'><strong><em>et</em></strong></span> 
     </span>
    </p>
   </div>
   <div class='ocr_carea' id='block_1_66' title="bbox 295 3640 1857 3712">
    <p class='ocr_par' dir='ltr' id='par_1_66' title="bbox 295 3640 1857 3712">
     <span class='ocr_line' id='line_1_66' title="bbox 295 3640 1857 3712; baseline 0.003 -18"><span class='ocrx_word' id='word_1_497' title='bbox 295 3640 432 3694; x_wconf 84' lang='lat' dir='ltr'><strong><em>aridi</em></strong></span> <span class='ocrx_word' id='word_1_498' title='bbox 482 3651 765 3694; x_wconf 88' lang='lat' dir='ltr'><strong><em>cernuntur</em></strong></span> <span class='ocrx_word' id='word_1_499' title='bbox 794 3656 813 3695; x_wconf 84' lang='lat'><strong><em>.&#39;</em></strong></span> <span class='ocrx_word' id='word_1_500' title='bbox 844 3658 964 3694; x_wconf 89' lang='lat' dir='ltr'><strong><em>nam</em></strong></span> <span class='ocrx_word' id='word_1_501' title='bbox 1003 3656 1302 3712; x_wconf 86' lang='lat' dir='ltr'><strong><em>quacunque</em></strong></span> <span class='ocrx_word' id='word_1_502' title='bbox 1337 3657 1496 3712; x_wconf 86' lang='lat' dir='ltr'><strong><em>vapor</em></strong></span> <span class='ocrx_word' id='word_1_503' title='bbox 1524 3659 1557 3696; x_wconf 88' lang='lat' dir='ltr'><strong><em>a</em></strong></span> <span class='ocrx_word' id='word_1_504' title='bbox 1591 3644 1726 3697; x_wconf 89' lang='lat' dir='ltr'><strong><em>mari</em></strong></span> <span class='ocrx_word' id='word_1_505' title='bbox 1764 3644 1857 3699; x_wconf 86' lang='lat' dir='ltr'><strong><em>illo</em></strong></span> 
     </span>
    </p>
   </div>
   <div class='ocr_carea' id='block_1_67' title="bbox 297 3731 1856 3798">
    <p class='ocr_par' dir='ltr' id='par_1_67' title="bbox 297 3731 1856 3798">
     <span class='ocr_line' id='line_1_67' title="bbox 297 3731 1856 3798; baseline 0.002 -12"><span class='ocrx_word' id='word_1_506' title='bbox 297 3732 576 3787; x_wconf 79' lang='lat' dir='ltr'><strong><em>ascendens</em></strong></span> <span class='ocrx_word' id='word_1_507' title='bbox 607 3731 927 3798; x_wconf 81' lang='lat' dir='ltr'><strong><em>impellitur,</em></strong></span> <span class='ocrx_word' id='word_1_508' title='bbox 960 3733 1032 3785; x_wconf 88' lang='lat' dir='ltr'><strong><em>ibi</em></strong></span> <span class='ocrx_word' id='word_1_509' title='bbox 1062 3742 1213 3786; x_wconf 71' lang='lat' dir='ltr'><strong><em>terra:</em></strong></span> <span class='ocrx_word' id='word_1_510' title='bbox 1246 3735 1518 3788; x_wconf 86' lang='lat' dir='ltr'><strong><em>nascentia</em></strong></span> <span class='ocrx_word' id='word_1_511' title='bbox 1558 3749 1661 3788; x_wconf 87' lang='lat' dir='ltr'><strong><em>non</em></strong></span> <span class='ocrx_word' id='word_1_512' title='bbox 1710 3751 1856 3789; x_wconf 85' lang='lat' dir='ltr'><strong><em>secus</em></strong></span> 
     </span>
    </p>
   </div>
   <div class='ocr_carea' id='block_1_68' title="bbox 296 3820 1856 3899">
    <p class='ocr_par' dir='ltr' id='par_1_68' title="bbox 296 3820 1856 3899">
     <span class='ocr_line' id='line_1_68' title="bbox 296 3820 1856 3899; baseline 0.002 -24"><span class='ocrx_word' id='word_1_513' title='bbox 296 3838 450 3899; x_wconf 85' lang='lat' dir='ltr'><strong><em>quam</em></strong></span> <span class='ocrx_word' id='word_1_514' title='bbox 482 3822 529 3875; x_wconf 88' lang='lat' dir='ltr'><strong><em>si</em></strong></span> <span class='ocrx_word' id='word_1_515' title='bbox 557 3840 587 3876; x_wconf 92' lang='lat' dir='ltr'><strong><em>a</em></strong></span> <span class='ocrx_word' id='word_1_516' title='bbox 613 3821 804 3890; x_wconf 86' lang='lat' dir='ltr'><strong><em>pruina</em></strong></span> <span class='ocrx_word' id='word_1_517' title='bbox 835 3820 1056 3888; x_wconf 79' lang='lat' dir='ltr'><strong><em>fuissent</em></strong></span> <span class='ocrx_word' id='word_1_518' title='bbox 1093 3830 1254 3884; x_wconf 87' lang='lat' dir='ltr'><strong><em>tacta,</em></strong></span> <span class='ocrx_word' id='word_1_519' title='bbox 1285 3824 1631 3879; x_wconf 89' lang='lat' dir='ltr'><strong><em>emoriuntur.</em></strong></span> <span class='ocrx_word' id='word_1_520' title='bbox 1660 3822 1725 3877; x_wconf 82' lang='lat' dir='ltr'><strong><em>In</em></strong></span> <span class='ocrx_word' id='word_1_521' title='bbox 1757 3840 1856 3894; x_wconf 87' lang='lat' dir='ltr'><strong><em>quo</em></strong></span> 
     </span>
    </p>
   </div>
   <div class='ocr_carea' id='block_1_69' title="bbox 295 3912 1857 3986">
    <p class='ocr_par' dir='ltr' id='par_1_69' title="bbox 295 3912 1857 3986">
     <span class='ocr_line' id='line_1_69' title="bbox 295 3912 1857 3986; baseline 0.001 -19"><span class='ocrx_word' id='word_1_522' title='bbox 295 3913 590 3967; x_wconf 70' lang='lat' dir='ltr'><strong><em>districtum</em></strong></span> <span class='ocrx_word' id='word_1_523' title='bbox 623 3912 716 3966; x_wconf 86' lang='lat' dir='ltr'><strong><em>Dei</em></strong></span> <span class='ocrx_word' id='word_1_524' title='bbox 732 3912 996 3983; x_wconf 83' lang='lat' dir='ltr'><strong><em>judicium</em></strong></span> <span class='ocrx_word' id='word_1_525' title='bbox 1031 3913 1179 3968; x_wconf 86' lang='lat' dir='ltr'><strong><em>nobis</em></strong></span> <span class='ocrx_word' id='word_1_526' title='bbox 1211 3912 1273 3967; x_wconf 93' lang='lat' dir='ltr'><strong><em>ob</em></strong></span> <span class='ocrx_word' id='word_1_527' title='bbox 1300 3914 1480 3967; x_wconf 89' lang='lat' dir='ltr'><strong><em>oculos</em></strong></span> <span class='ocrx_word' id='word_1_528' title='bbox 1507 3915 1738 3983; x_wconf 87' lang='lat' dir='ltr'><strong><em>ponitur,</em></strong></span> <span class='ocrx_word' id='word_1_529' title='bbox 1767 3917 1857 3986; x_wconf 87' lang='lat' dir='ltr'><strong><em>qui</em></strong></span> 
     </span>
    </p>
   </div>
   <div class='ocr_carea' id='block_1_70' title="bbox 298 4004 1855 4079">
    <p class='ocr_par' dir='ltr' id='par_1_70' title="bbox 298 4004 1855 4079">
     <span class='ocr_line' id='line_1_70' title="bbox 298 4004 1855 4079; baseline 0.002 -20"><span class='ocrx_word' id='word_1_530' title='bbox 298 4015 400 4060; x_wconf 86' lang='lat' dir='ltr'><strong><em>tam</em></strong></span> <span class='ocrx_word' id='word_1_531' title='bbox 428 4023 599 4060; x_wconf 86' lang='lat' dir='ltr'><strong><em>serere</em></strong></span> <span class='ocrx_word' id='word_1_532' title='bbox 622 4005 850 4076; x_wconf 85' lang='lat' dir='ltr'><strong><em>grandia</em></strong></span> <span class='ocrx_word' id='word_1_533' title='bbox 875 4006 969 4060; x_wconf 87' lang='lat' dir='ltr'><strong><em>illa</em></strong></span> <span class='ocrx_word' id='word_1_534' title='bbox 1001 4004 1350 4059; x_wconf 80' lang='lat' dir='ltr'><strong><em>Sodomorum</em></strong></span> <span class='ocrx_word' id='word_1_535' title='bbox 1376 4017 1588 4076; x_wconf 87' lang='lat' dir='ltr'><strong><em>peccata</em></strong></span> <span class='ocrx_word' id='word_1_536' title='bbox 1611 4024 1771 4079; x_wconf 89' lang='lat' dir='ltr'><strong><em>usque</em></strong></span> <span class='ocrx_word' id='word_1_537' title='bbox 1798 4010 1855 4062; x_wconf 78' lang='lat' dir='ltr'><strong><em>in</em></strong></span> 
     </span>
    </p>
   </div>
   <div class='ocr_carea' id='block_1_71' title="bbox 296 4097 1855 4168">
    <p class='ocr_par' dir='ltr' id='par_1_71' title="bbox 296 4097 1855 4168">
     <span class='ocr_line' id='line_1_71' title="bbox 296 4097 1855 4168; baseline 0.003 -18"><span class='ocrx_word' id='word_1_538' title='bbox 296 4098 597 4162; x_wconf 78' lang='lat' dir='ltr'><strong><em>hodiernum</em></strong></span> <span class='ocrx_word' id='word_1_539' title='bbox 638 4098 775 4153; x_wconf 87' lang='lat' dir='ltr'><strong><em>diem</em></strong></span> <span class='ocrx_word' id='word_1_540' title='bbox 830 4115 931 4152; x_wconf 87' lang='lat' dir='ltr'><strong><em>non</em></strong></span> <span class='ocrx_word' id='word_1_541' title='bbox 978 4097 1171 4153; x_wconf 85' lang='lat' dir='ltr'><strong><em>desinit</em></strong></span> <span class='ocrx_word' id='word_1_542' title='bbox 1213 4100 1419 4168; x_wconf 87' lang='lat' dir='ltr'><strong><em>punire.</em></strong></span> <span class='ocrx_word' id='word_1_543' title='bbox 1452 4097 1563 4154; x_wconf 85' lang='lat' dir='ltr'><strong><em>Nec</em></strong></span> <span class='ocrx_word' id='word_1_544' title='bbox 1601 4101 1706 4154; x_wconf 87' lang='lat' dir='ltr'><strong><em>nisi</em></strong></span> <span class='ocrx_word' id='word_1_545' title='bbox 1746 4101 1855 4155; x_wconf 82' lang='lat' dir='ltr'><strong><em>visa</em></strong></span> 
     </span>
    </p>
   </div>
   <div class='ocr_carea' id='block_1_72' title="bbox 295 4188 1850 4263">
    <p class='ocr_par' dir='ltr' id='par_1_72' title="bbox 295 4188 1850 4263">
     <span class='ocr_line' id='line_1_72' title="bbox 295 4188 1850 4263; baseline 0.002 -21"><span class='ocrx_word' id='word_1_546' title='bbox 295 4190 374 4243; x_wconf 87' lang='lat' dir='ltr'><strong><em>hic</em></strong></span> <span class='ocrx_word' id='word_1_547' title='bbox 409 4188 598 4244; x_wconf 88' lang='lat' dir='ltr'><strong><em>scribo.</em></strong></span> <span class='ocrx_word' id='word_1_548' title='bbox 649 4188 748 4244; x_wconf 91' lang='lat' dir='ltr'><strong><em>Diu</em></strong></span> <span class='ocrx_word' id='word_1_549' title='bbox 799 4189 1086 4259; x_wconf 64' lang='lat' dir='ltr'><strong><em>quaesitum</em></strong></span> <span class='ocrx_word' id='word_1_550' title='bbox 1119 4197 1202 4245; x_wconf 86' lang='lat' dir='ltr'><strong><em>est</em></strong></span> <span class='ocrx_word' id='word_1_551' title='bbox 1255 4206 1322 4245; x_wconf 89' lang='lat' dir='ltr'><strong><em>an</em></strong></span> <span class='ocrx_word' id='word_1_552' title='bbox 1357 4191 1507 4246; x_wconf 91' lang='lat' dir='ltr'><strong><em>lacus</em></strong></span> <span class='ocrx_word' id='word_1_553' title='bbox 1533 4192 1621 4247; x_wconf 90' lang='lat' dir='ltr'><strong><em>ille</em></strong></span> <span class='ocrx_word' id='word_1_554' title='bbox 1647 4233 1661 4256; x_wconf 95' lang='lat'><strong><em>,</em></strong></span> <span class='ocrx_word' id='word_1_555' title='bbox 1689 4208 1850 4263; x_wconf 87' lang='lat' dir='ltr'><strong><em>quem</em></strong></span> 
     </span>
    </p>
   </div>
   <div class='ocr_carea' id='block_1_73' title="bbox 1962 3181 3531 3258">
    <p class='ocr_par' dir='ltr' id='par_1_73' title="bbox 1962 3181 3531 3258">
     <span class='ocr_line' id='line_1_73' title="bbox 1962 3181 3531 3258; baseline -0.003 -17"><span class='ocrx_word' id='word_1_556' title='bbox 1962 3187 2097 3243; x_wconf 77' lang='lat' dir='ltr'><strong><em>Vide</em></strong></span> <span class='ocrx_word' id='word_1_557' title='bbox 2140 3202 2261 3258; x_wconf 78' lang='lat' dir='ltr'><strong><em>quae</em></strong></span> <span class='ocrx_word' id='word_1_558' title='bbox 2292 3187 2453 3242; x_wconf 82' lang='lat' dir='ltr'><strong><em>habet</em></strong></span> <span class='ocrx_word' id='word_1_559' title='bbox 2496 3185 2802 3257; x_wconf 82' lang='lat' dir='ltr'><strong><em>Antigonus</em></strong></span> <span class='ocrx_word' id='word_1_560' title='bbox 2849 3183 3130 3255; x_wconf 80' lang='lat' dir='ltr'><strong><em>Carystius</em></strong></span> <span class='ocrx_word' id='word_1_561' title='bbox 3170 3184 3225 3237; x_wconf 90' lang='lat' dir='ltr'><strong><em>in</em></strong></span> <span class='ocrx_word' id='word_1_562' title='bbox 3261 3181 3531 3236; x_wconf 65' lang='lat' dir='ltr'><strong><em>Mirabilio</em></strong></span> 
     </span>
    </p>
   </div>
   <div class='ocr_carea' id='block_1_74' title="bbox 1962 3274 3525 3347">
    <p class='ocr_par' dir='ltr' id='par_1_74' title="bbox 1962 3274 3525 3347">
     <span class='ocr_line' id='line_1_74' title="bbox 1962 3274 3525 3347; baseline -0.003 -14"><span class='ocrx_word' id='word_1_563' title='bbox 1962 3279 2056 3334; x_wconf 89' lang='lat' dir='ltr'><strong><em>bus</em></strong></span> <span class='ocrx_word' id='word_1_564' title='bbox 2097 3295 2165 3334; x_wconf 77' lang='lat' dir='ltr'><strong><em>ex</em></strong></span> <span class='ocrx_word' id='word_1_565' title='bbox 2202 3278 2477 3336; x_wconf 86' lang='lat' dir='ltr'><strong><em>sententia</em></strong></span> <span class='ocrx_word' id='word_1_566' title='bbox 2528 3277 2833 3347; x_wconf 84' lang='lat' dir='ltr'><strong><em>Zenophlli,</em></strong></span> <span class='ocrx_word' id='word_1_567' title='bbox 2879 3283 2932 3331; x_wconf 91' lang='lat' dir='ltr'><strong><em>et</em></strong></span> <span class='ocrx_word' id='word_1_568' title='bbox 2978 3274 3325 3331; x_wconf 72' lang='lat' dir='ltr'><strong><em>Dioscorides</em></strong></span> <span class='ocrx_word' id='word_1_569' title='bbox 3355 3275 3450 3329; x_wconf 90' lang='lat' dir='ltr'><strong><em>lib.</em></strong></span> <span class='ocrx_word' id='word_1_570' title='bbox 3486 3291 3525 3339; x_wconf 88' lang='grc' dir='ltr'><strong><em>ι,</em></strong></span> 
     </span>
    </p>
   </div>
   <div class='ocr_carea' id='block_1_75' title="bbox 1959 3364 3530 3441">
    <p class='ocr_par' dir='ltr' id='par_1_75' title="bbox 1959 3364 3530 3441">
     <span class='ocr_line' id='line_1_75' title="bbox 1959 3364 3530 3441; baseline -0.003 -15"><span class='ocrx_word' id='word_1_571' title='bbox 1959 3387 2079 3441; x_wconf 85' lang='lat' dir='ltr'><strong><em>cap,</em></strong></span> <span class='ocrx_word' id='word_1_572' title='bbox 2116 3372 2240 3427; x_wconf 78' lang='grc'><strong><em>100.</em></strong></span> <span class='ocrx_word' id='word_1_573' title='bbox 2258 3370 2549 3425; x_wconf 80' lang='lat' dir='ltr'><strong><em>Africanus</em></strong></span> <span class='ocrx_word' id='word_1_574' title='bbox 2585 3388 2599 3425; x_wconf 90' lang='lat'><strong>:</strong></span> <span class='ocrx_word' id='word_1_575' title='bbox 2645 3367 2907 3423; x_wconf 75' lang='grc' dir='ltr'>Ἐνταῦθα</span> <span class='ocrx_word' id='word_1_576' title='bbox 2956 3368 3015 3421; x_wconf 74' lang='grc' dir='ltr'>δέ</span> <span class='ocrx_word' id='word_1_577' title='bbox 3056 3370 3192 3422; x_wconf 77' lang='grc' dir='ltr'>εἰσιν</span> <span class='ocrx_word' id='word_1_578' title='bbox 3221 3370 3276 3422; x_wconf 83' lang='lat' dir='ltr'><strong><em>al</em></strong></span> <span class='ocrx_word' id='word_1_579' title='bbox 3323 3364 3530 3437; x_wconf 81' lang='grc' dir='ltr'>ἀσφάλ-</span> 
     </span>
    </p>
   </div>
   <div class='ocr_carea' id='block_1_76' title="bbox 1958 3458 3530 3533">
    <p class='ocr_par' dir='ltr' id='par_1_76' title="bbox 1958 3458 3530 3533">
     <span class='ocr_line' id='line_1_76' title="bbox 1958 3458 3530 3533; baseline -0.003 -18"><span class='ocrx_word' id='word_1_580' title='bbox 1958 3478 2052 3529; x_wconf 79' lang='grc' dir='ltr'><strong><em>του</em></strong></span> <span class='ocrx_word' id='word_1_581' title='bbox 2100 3461 2303 3533; x_wconf 85' lang='grc' dir='ltr'>πηγαί·</span> <span class='ocrx_word' id='word_1_582' title='bbox 2334 3460 2492 3532; x_wconf 79' lang='grc' dir='ltr'>Φέρει</span> <span class='ocrx_word' id='word_1_583' title='bbox 2520 3459 2577 3513; x_wconf 84' lang='grc' dir='ltr'>δὲ</span> <span class='ocrx_word' id='word_1_584' title='bbox 2608 3458 2940 3530; x_wconf 82' lang='grc' dir='ltr'>στυπτηρίαν</span> <span class='ocrx_word' id='word_1_585' title='bbox 2976 3458 3069 3511; x_wconf 74' lang='grc' dir='ltr'>καὶ</span> <span class='ocrx_word' id='word_1_586' title='bbox 3111 3458 3214 3512; x_wconf 79' lang='grc' dir='ltr'><strong><em>ἆλα</em></strong></span> <span class='ocrx_word' id='word_1_587' title='bbox 3251 3458 3428 3526; x_wconf 74' lang='grc' dir='ltr'>ὀλίγον</span> <span class='ocrx_word' id='word_1_588' title='bbox 3475 3460 3530 3510; x_wconf 71' lang='grc' dir='ltr'><strong><em>τι</em></strong></span> 
     </span>
    </p>
   </div>
   <div class='ocr_carea' id='block_1_77' title="bbox 1955 3549 3524 3626">
    <p class='ocr_par' dir='ltr' id='par_1_77' title="bbox 1955 3549 3524 3626">
     <span class='ocr_line' id='line_1_77' title="bbox 1955 3549 3524 3626; baseline -0.006 -15"><span class='ocrx_word' id='word_1_589' title='bbox 1955 3555 2065 3611; x_wconf 85' lang='grc' dir='ltr'>τῶν</span> <span class='ocrx_word' id='word_1_590' title='bbox 2087 3555 2257 3609; x_wconf 84' lang='grc' dir='ltr'>ἄλλων</span> <span class='ocrx_word' id='word_1_591' title='bbox 2284 3553 2623 3626; x_wconf 72' lang='grc' dir='ltr'>διαφέρονταο</span> <span class='ocrx_word' id='word_1_592' title='bbox 2655 3551 2827 3624; x_wconf 85' lang='grc' dir='ltr'>πικρά</span> <span class='ocrx_word' id='word_1_593' title='bbox 2845 3569 2902 3604; x_wconf 87' lang='grc' dir='ltr'><strong><em>τε</em></strong></span> <span class='ocrx_word' id='word_1_594' title='bbox 2921 3550 3026 3623; x_wconf 84' lang='grc' dir='ltr'><strong><em>γάρ</em></strong></span> <span class='ocrx_word' id='word_1_595' title='bbox 3052 3553 3168 3604; x_wconf 80' lang='grc' dir='ltr'>ἐστι</span> <span class='ocrx_word' id='word_1_596' title='bbox 3189 3550 3282 3603; x_wconf 72' lang='grc' dir='ltr'>καὶ</span> <span class='ocrx_word' id='word_1_597' title='bbox 3298 3549 3489 3621; x_wconf 83' lang='grc' dir='ltr'>διαυγῆ</span> <span class='ocrx_word' id='word_1_598' title='bbox 3510 3566 3524 3580; x_wconf 87' lang='grc'><strong>·</strong></span> 
     </span>
    </p>
   </div>
   <div class='ocr_carea' id='block_1_78' title="bbox 1957 3640 3529 3715">
    <p class='ocr_par' dir='ltr' id='par_1_78' title="bbox 1957 3640 3529 3715">
     <span class='ocr_line' id='line_1_78' title="bbox 1957 3640 3529 3715; baseline -0.003 -16"><span class='ocrx_word' id='word_1_599' title='bbox 1957 3645 2082 3700; x_wconf 80' lang='grc' dir='ltr'>ἔνθα</span> <span class='ocrx_word' id='word_1_600' title='bbox 2118 3644 2162 3699; x_wconf 84' lang='grc' dir='ltr'>δ’</span> <span class='ocrx_word' id='word_1_601' title='bbox 2204 3644 2268 3698; x_wconf 77' lang='grc' dir='ltr'>ἂν</span> <span class='ocrx_word' id='word_1_602' title='bbox 2313 3643 2523 3715; x_wconf 80' lang='grc' dir='ltr'>καρπὸς</span> <span class='ocrx_word' id='word_1_603' title='bbox 2563 3641 2780 3714; x_wconf 83' lang='grc' dir='ltr'>εὑρεθῇ,</span> <span class='ocrx_word' id='word_1_604' title='bbox 2818 3641 3023 3695; x_wconf 81' lang='grc' dir='ltr'>καπνοῦ</span> <span class='ocrx_word' id='word_1_605' title='bbox 3059 3641 3218 3694; x_wconf 78' lang='grc' dir='ltr'>πλέον</span> <span class='ocrx_word' id='word_1_606' title='bbox 3256 3640 3406 3693; x_wconf 80' lang='grc' dir='ltr'>οὐδὲν</span> <span class='ocrx_word' id='word_1_607' title='bbox 3441 3640 3529 3694; x_wconf 81' lang='grc' dir='ltr'><strong><em>εὑ-</em></strong></span> 
     </span>
    </p>
   </div>
   <div class='ocr_carea' id='block_1_79' title="bbox 1957 3731 3530 3810">
    <p class='ocr_par' dir='ltr' id='par_1_79' title="bbox 1957 3731 3530 3810">
     <span class='ocr_line' id='line_1_79' title="bbox 1957 3731 3530 3810; baseline -0.004 -19"><span class='ocrx_word' id='word_1_608' title='bbox 1957 3738 2197 3810; x_wconf 78' lang='grc' dir='ltr'>ρίσκεται</span> <span class='ocrx_word' id='word_1_609' title='bbox 2229 3734 2616 3808; x_wconf 77' lang='grc' dir='ltr'>θολερωτάτου,</span> <span class='ocrx_word' id='word_1_610' title='bbox 2659 3734 2732 3788; x_wconf 85' lang='grc' dir='ltr'>Τὸ</span> <span class='ocrx_word' id='word_1_611' title='bbox 2771 3731 2827 3786; x_wconf 80' lang='grc' dir='ltr'>δὲ</span> <span class='ocrx_word' id='word_1_612' title='bbox 2860 3732 3004 3805; x_wconf 74' lang='grc' dir='ltr'><strong><em>ὕδωρ</em></strong></span> <span class='ocrx_word' id='word_1_613' title='bbox 3041 3734 3185 3786; x_wconf 84' lang='grc' dir='ltr'>ἰᾶται</span> <span class='ocrx_word' id='word_1_614' title='bbox 3219 3733 3346 3796; x_wconf 75' lang='grc' dir='ltr'>τοὺς</span> <span class='ocrx_word' id='word_1_615' title='bbox 3386 3749 3530 3804; x_wconf 87' lang='grc' dir='ltr'><strong><em>χρω-</em></strong></span> 
     </span>
    </p>
   </div>
   <div class='ocr_carea' id='block_1_80' title="bbox 1958 3823 3525 3901">
    <p class='ocr_par' dir='ltr' id='par_1_80' title="bbox 1958 3823 3525 3901">
     <span class='ocr_line' id='line_1_80' title="bbox 1958 3823 3525 3901; baseline -0.003 -20"><span class='ocrx_word' id='word_1_616' title='bbox 1958 3829 2150 3901; x_wconf 79' lang='grc' dir='ltr'>μένους</span> <span class='ocrx_word' id='word_1_617' title='bbox 2164 3827 2328 3898; x_wconf 78' lang='grc' dir='ltr'>αὐτῷ.</span> <span class='ocrx_word' id='word_1_618' title='bbox 2352 3828 2520 3898; x_wconf 79' lang='grc' dir='ltr'>Λήγει</span> <span class='ocrx_word' id='word_1_619' title='bbox 2545 3825 2600 3878; x_wconf 76' lang='grc' dir='ltr'>δὲ</span> <span class='ocrx_word' id='word_1_620' title='bbox 2624 3826 2786 3879; x_wconf 75' lang='grc' dir='ltr'>παντὶ</span> <span class='ocrx_word' id='word_1_621' title='bbox 2811 3825 2960 3879; x_wconf 76' lang='grc' dir='ltr'>ὕδατι</span> <span class='ocrx_word' id='word_1_622' title='bbox 2980 3824 3184 3895; x_wconf 86' lang='grc' dir='ltr'>πάσχον</span> <span class='ocrx_word' id='word_1_623' title='bbox 3207 3823 3441 3879; x_wconf 81' lang='grc' dir='ltr'>ἐναντία.</span> <span class='ocrx_word' id='word_1_624' title='bbox 3462 3825 3525 3877; x_wconf 82' lang='lat' dir='ltr'><strong><em>El</em></strong></span> 
     </span>
    </p>
   </div>
   <div class='ocr_carea' id='block_1_81' title="bbox 1952 3913 3530 3990">
    <p class='ocr_par' dir='ltr' id='par_1_81' title="bbox 1952 3913 3530 3990">
     <span class='ocr_line' id='line_1_81' title="bbox 1952 3913 3530 3990; baseline -0.003 -18"><span class='ocrx_word' id='word_1_625' title='bbox 1952 3919 2009 3973; x_wconf 78' lang='grc' dir='ltr'>δὲ</span> <span class='ocrx_word' id='word_1_626' title='bbox 2035 3919 2107 3990; x_wconf 84' lang='grc' dir='ltr'><strong>μὴ</strong></span> <span class='ocrx_word' id='word_1_627' title='bbox 2143 3918 2410 3990; x_wconf 73' lang='grc' dir='ltr'>Ἰορδάνην</span> <span class='ocrx_word' id='word_1_628' title='bbox 2425 3913 2536 3988; x_wconf 77' lang='grc' dir='ltr'>εἶχε</span> <span class='ocrx_word' id='word_1_629' title='bbox 2556 3916 2645 3970; x_wconf 78' lang='grc' dir='ltr'>τὸν</span> <span class='ocrx_word' id='word_1_630' title='bbox 2663 3916 2900 3988; x_wconf 75' lang='grc' dir='ltr'>ποταμὸν</span> <span class='ocrx_word' id='word_1_631' title='bbox 2922 3916 2996 3979; x_wconf 83' lang='grc' dir='ltr'><strong><em>ὡς</em></strong></span> <span class='ocrx_word' id='word_1_632' title='bbox 3023 3914 3305 3988; x_wconf 75' lang='grc' dir='ltr'>πορφύραν</span> <span class='ocrx_word' id='word_1_633' title='bbox 3323 3915 3530 3988; x_wconf 68' lang='grc' dir='ltr'>διατρέο</span> 
     </span>
    </p>
   </div>
   <div class='ocr_carea' id='block_1_82' title="bbox 1953 4007 3525 4082">
    <p class='ocr_par' dir='ltr' id='par_1_82' title="bbox 1953 4007 3525 4082">
     <span class='ocr_line' id='line_1_82' title="bbox 1953 4007 3525 4082; baseline -0.001 -18"><span class='ocrx_word' id='word_1_634' title='bbox 1953 4028 2113 4082; x_wconf 87' lang='grc' dir='ltr'>χοντα</span> <span class='ocrx_word' id='word_1_635' title='bbox 2141 4012 2234 4069; x_wconf 69' lang='grc' dir='ltr'>καὶ</span> <span class='ocrx_word' id='word_1_636' title='bbox 2274 4010 2364 4063; x_wconf 77' lang='grc' dir='ltr'><strong><em>ἐπὶ</em></strong></span> <span class='ocrx_word' id='word_1_637' title='bbox 2408 4009 2539 4063; x_wconf 83' lang='grc' dir='ltr'>πολὺ</span> <span class='ocrx_word' id='word_1_638' title='bbox 2585 4011 2893 4080; x_wconf 85' lang='grc' dir='ltr'>ἀντέχοντα,</span> <span class='ocrx_word' id='word_1_639' title='bbox 2928 4008 3121 4079; x_wconf 75' lang='grc' dir='ltr'>ἔληξαν</span> <span class='ocrx_word' id='word_1_640' title='bbox 3174 4008 3239 4062; x_wconf 84' lang='grc' dir='ltr'>ἂν</span> <span class='ocrx_word' id='word_1_641' title='bbox 3270 4008 3459 4062; x_wconf 80' lang='grc' dir='ltr'>θᾶττον</span> <span class='ocrx_word' id='word_1_642' title='bbox 3489 4007 3525 4075; x_wconf 77' lang='grc' dir='ltr'>ἢ</span> 
     </span>
    </p>
   </div>
   <div class='ocr_carea' id='block_1_83' title="bbox 1953 4098 3525 4174">
    <p class='ocr_par' dir='ltr' id='par_1_83' title="bbox 1953 4098 3525 4174">
     <span class='ocr_line' id='line_1_83' title="bbox 1953 4098 3525 4174; baseline -0.001 -21"><span class='ocrx_word' id='word_1_643' title='bbox 1953 4099 2220 4170; x_wconf 82' lang='grc' dir='ltr'>φαίνεται.</span> <span class='ocrx_word' id='word_1_644' title='bbox 2253 4102 2407 4153; x_wconf 88' lang='grc' dir='ltr'>Ἔστι</span> <span class='ocrx_word' id='word_1_645' title='bbox 2451 4099 2507 4153; x_wconf 82' lang='grc' dir='ltr'>δὲ</span> <span class='ocrx_word' id='word_1_646' title='bbox 2533 4101 2659 4171; x_wconf 82' lang='grc' dir='ltr'>παρ’</span> <span class='ocrx_word' id='word_1_647' title='bbox 2690 4099 2824 4171; x_wconf 81' lang='grc' dir='ltr'>αὐτῇ</span> <span class='ocrx_word' id='word_1_648' title='bbox 2850 4099 3103 4174; x_wconf 83' lang='grc' dir='ltr'>πάμπολυ</span> <span class='ocrx_word' id='word_1_649' title='bbox 3131 4098 3224 4152; x_wconf 78' lang='grc' dir='ltr'>τοῦ</span> <span class='ocrx_word' id='word_1_650' title='bbox 3251 4098 3525 4171; x_wconf 83' lang='grc' dir='ltr'>βαλσάμου</span> 
     </span>
    </p>
   </div>
   <div class='ocr_carea' id='block_1_84' title="bbox 1952 4179 3528 4263">
    <p class='ocr_par' dir='ltr' id='par_1_84' title="bbox 1952 4179 3528 4263">
     <span class='ocr_line' id='line_1_84' title="bbox 1952 4179 3528 4263; baseline 0 -19"><span class='ocrx_word' id='word_1_651' title='bbox 1952 4179 2135 4261; x_wconf 69' lang='grc' dir='ltr'>φυτόν.</span> <span class='ocrx_word' id='word_1_652' title='bbox 2171 4190 2507 4244; x_wconf 84' lang='grc' dir='ltr'>Ὑπονοεῖται</span> <span class='ocrx_word' id='word_1_653' title='bbox 2535 4190 2589 4244; x_wconf 78' lang='grc' dir='ltr'>δὲ</span> <span class='ocrx_word' id='word_1_654' title='bbox 2615 4191 3011 4263; x_wconf 78' lang='grc' dir='ltr'>ἀνατετράφθαι</span> <span class='ocrx_word' id='word_1_655' title='bbox 3041 4190 3143 4244; x_wconf 83' lang='grc' dir='ltr'><strong><em>ὑπὸ</em></strong></span> <span class='ocrx_word' id='word_1_656' title='bbox 3164 4191 3258 4244; x_wconf 77' lang='grc' dir='ltr'>τοῦ</span> <span class='ocrx_word' id='word_1_657' title='bbox 3283 4189 3417 4244; x_wconf 81' lang='grc' dir='ltr'>Θεοῦ</span> <span class='ocrx_word' id='word_1_658' title='bbox 3439 4190 3528 4245; x_wconf 76' lang='grc' dir='ltr'><strong><em>διὰ</em></strong></span> 
     </span>
    </p>
   </div>
   <div class='ocr_carea' id='block_1_85' title="bbox 295 4278 1858 4357">
    <p class='ocr_par' dir='ltr' id='par_1_85' title="bbox 295 4278 1850 4352">
     <span class='ocr_line' id='line_1_85' title="bbox 295 4278 1850 4352; baseline 0.001 -18"><span class='ocrx_word' id='word_1_659' title='bbox 295 4279 487 4335; x_wconf 67' lang='lat' dir='ltr'><strong><em>divina:</em></strong></span> <span class='ocrx_word' id='word_1_660' title='bbox 521 4281 714 4335; x_wconf 75' lang='lat' dir='ltr'><strong><em>littera:</em></strong></span> <span class='ocrx_word' id='word_1_661' title='bbox 747 4278 897 4334; x_wconf 79' lang='lat' dir='ltr'><strong><em>Mare</em></strong></span> <span class='ocrx_word' id='word_1_662' title='bbox 926 4281 1057 4336; x_wconf 86' lang='lat' dir='ltr'><strong><em>satis</em></strong></span> <span class='ocrx_word' id='word_1_663' title='bbox 1091 4282 1399 4352; x_wconf 79' lang='lat' dir='ltr'><strong><em>appellant.</em></strong></span> <span class='ocrx_word' id='word_1_664' title='bbox 1439 4290 1561 4352; x_wconf 87' lang='lat' dir='ltr'><strong><em>post</em></strong></span> <span class='ocrx_word' id='word_1_665' title='bbox 1583 4283 1850 4337; x_wconf 81' lang='lat' dir='ltr'><strong><em>excidium</em></strong></span> 
     </span>
    </p>
   </div>
   <div class='ocr_carea' id='block_1_86' title="bbox 1960 4278 3525 4357">
    <p class='ocr_par' dir='ltr' id='par_1_86' title="bbox 1960 4282 3525 4357">
     <span class='ocr_line' id='line_1_86' title="bbox 1960 4282 3525 4357; baseline -0.002 -18"><span class='ocrx_word' id='word_1_666' title='bbox 1960 4286 2048 4357; x_wconf 77' lang='grc' dir='ltr'>τὴν</span> <span class='ocrx_word' id='word_1_667' title='bbox 2078 4284 2185 4338; x_wconf 83' lang='grc' dir='ltr'>τῶν</span> <span class='ocrx_word' id='word_1_668' title='bbox 2211 4283 2628 4355; x_wconf 77' lang='grc' dir='ltr'>περιοικούντων</span> <span class='ocrx_word' id='word_1_669' title='bbox 2676 4283 2947 4338; x_wconf 78' lang='grc' dir='ltr'>ἀσέϐειαν.</span> <span class='ocrx_word' id='word_1_670' title='bbox 2981 4283 3142 4336; x_wconf 86' lang='lat' dir='ltr'><strong><em>Plura</em></strong></span> <span class='ocrx_word' id='word_1_671' title='bbox 3177 4282 3245 4337; x_wconf 91' lang='lat' dir='ltr'><strong><em>de</em></strong></span> <span class='ocrx_word' id='word_1_672' title='bbox 3288 4282 3391 4338; x_wconf 86' lang='lat' dir='ltr'><strong><em>hac</em></strong></span> <span class='ocrx_word' id='word_1_673' title='bbox 3433 4299 3525 4338; x_wconf 55' lang='lat' dir='ltr'><strong><em>ea-</em></strong></span> 
     </span>
    </p>
   </div>
   <div class='ocr_carea' id='block_1_87' title="bbox 296 4369 1846 4443">
    <p class='ocr_par' dir='ltr' id='par_1_87' title="bbox 296 4369 1846 4443">
     <span class='ocr_line' id='line_1_87' title="bbox 296 4369 1846 4443; baseline 0.001 -17"><span class='ocrx_word' id='word_1_674' title='bbox 296 4371 528 4443; x_wconf 78' lang='lat' dir='ltr'><strong><em>regionis</em></strong></span> <span class='ocrx_word' id='word_1_675' title='bbox 572 4369 920 4427; x_wconf 79' lang='lat' dir='ltr'><strong><em>Sodomitica:</em></strong></span> <span class='ocrx_word' id='word_1_676' title='bbox 972 4373 1257 4427; x_wconf 86' lang='lat' dir='ltr'><strong><em>emerserit</em></strong></span> <span class='ocrx_word' id='word_1_677' title='bbox 1301 4388 1330 4428; x_wconf 91' lang='lat' dir='ltr'><strong><em>e</em></strong></span> <span class='ocrx_word' id='word_1_678' title='bbox 1374 4380 1531 4428; x_wconf 79' lang='lat' dir='ltr'><strong><em>terra:</em></strong></span> <span class='ocrx_word' id='word_1_679' title='bbox 1576 4373 1846 4437; x_wconf 85' lang='lat' dir='ltr'><strong><em>cavernis,</em></strong></span> 
     </span>
    </p>
   </div>
   <div class='ocr_carea' id='block_1_88' title="bbox 1951 4366 3515 4447">
    <p class='ocr_par' dir='ltr' id='par_1_88' title="bbox 1951 4366 3515 4447">
     <span class='ocr_line' id='line_1_88' title="bbox 1951 4366 3515 4447; baseline -0.002 -14"><span class='ocrx_word' id='word_1_680' title='bbox 1951 4379 2073 4433; x_wconf 87' lang='lat' dir='ltr'><strong><em>dem</em></strong></span> <span class='ocrx_word' id='word_1_681' title='bbox 2102 4394 2159 4433; x_wconf 92' lang='lat' dir='ltr'><strong><em>re</em></strong></span> <span class='ocrx_word' id='word_1_682' title='bbox 2196 4377 2612 4447; x_wconf 64' lang='lat' dir='ltr'><strong><em>philosorihatur</em></strong></span> <span class='ocrx_word' id='word_1_683' title='bbox 2656 4376 2873 4440; x_wconf 87' lang='lat' dir='ltr'><strong><em>Strabo,</em></strong></span> <span class='ocrx_word' id='word_1_684' title='bbox 2912 4393 3032 4443; x_wconf 77' lang='lat' dir='ltr'><strong><em>xvr,</em></strong></span> <span class='ocrx_word' id='word_1_685' title='bbox 3063 4383 3117 4431; x_wconf 89' lang='lat' dir='ltr'><strong><em>et</em></strong></span> <span class='ocrx_word' id='word_1_686' title='bbox 3146 4392 3212 4431; x_wconf 79' lang='lat' dir='ltr'><strong><em>ex</em></strong></span> <span class='ocrx_word' id='word_1_687' title='bbox 3247 4366 3515 4431; x_wconf 67' lang='lat' dir='ltr'><strong><em>sententia</em></strong></span> 
     </span>
    </p>
   </div>
   <div class='ocr_carea' id='block_1_89' title="bbox 296 4464 3524 4540">
    <p class='ocr_par' dir='ltr' id='par_1_89' title="bbox 296 4464 3524 4540">
     <span class='ocr_line' id='line_1_89' title="bbox 296 4464 3524 4540; baseline 0.002 -24"><span class='ocrx_word' id='word_1_688' title='bbox 296 4464 374 4519; x_wconf 84' lang='lat' dir='ltr'><strong><em>vel</em></strong></span> <span class='ocrx_word' id='word_1_689' title='bbox 414 4465 517 4518; x_wconf 87' lang='lat' dir='ltr'><strong><em>alia</em></strong></span> <span class='ocrx_word' id='word_1_690' title='bbox 548 4465 800 4535; x_wconf 86' lang='lat' dir='ltr'><strong><em>quapiam</em></strong></span> <span class='ocrx_word' id='word_1_691' title='bbox 837 4466 1045 4520; x_wconf 87' lang='lat' dir='ltr'><strong><em>ratione</em></strong></span> <span class='ocrx_word' id='word_1_692' title='bbox 1079 4465 1302 4522; x_wconf 79' lang='lat' dir='ltr'><strong><em>effectus</em></strong></span> <span class='ocrx_word' id='word_1_693' title='bbox 1338 4466 1521 4532; x_wconf 88' lang='lat' dir='ltr'><strong><em>fuerit,</em></strong></span> <span class='ocrx_word' id='word_1_694' title='bbox 1550 4482 1615 4521; x_wconf 89' lang='lat' dir='ltr'><strong><em>an</em></strong></span> <span class='ocrx_word' id='word_1_695' title='bbox 1640 4482 1768 4522; x_wconf 84' lang='lat' dir='ltr'><strong><em>vero</em></strong></span> <span class='ocrx_word' id='word_1_696' title='bbox 1797 4477 1851 4523; x_wconf 89' lang='lat' dir='ltr'><strong><em>et</em></strong></span> <span class='ocrx_word' id='word_1_697' title='bbox 1883 4475 1924 4531; x_wconf 72' lang='grc' dir='ltr'>ι)</span> <span class='ocrx_word' id='word_1_698' title='bbox 1958 4468 2283 4533; x_wconf 85' lang='lat' dir='ltr'><strong><em>Possidonii,</em></strong></span> <span class='ocrx_word' id='word_1_699' title='bbox 2326 4484 2446 4538; x_wconf 67' lang='lat' dir='ltr'><strong><em>qlia:</em></strong></span> <span class='ocrx_word' id='word_1_700' title='bbox 2486 4476 2680 4524; x_wconf 84' lang='lat' dir='ltr'><strong><em>caetera</em></strong></span> <span class='ocrx_word' id='word_1_701' title='bbox 2730 4468 2973 4524; x_wconf 82' lang='lat' dir='ltr'><strong><em>facultati</em></strong></span> <span class='ocrx_word' id='word_1_702' title='bbox 3024 4477 3252 4532; x_wconf 60' lang='lat' dir='ltr'><strong><em>natura}.</em></strong></span> <span class='ocrx_word' id='word_1_703' title='bbox 3310 4469 3524 4540; x_wconf 64' lang='lat' dir='ltr'><strong><em>praesti-</em></strong></span> 
     </span>
    </p>
   </div>
   <div class='ocr_carea' id='block_1_90' title="bbox 295 4556 1851 4628">
    <p class='ocr_par' dir='ltr' id='par_1_90' title="bbox 295 4556 1851 4628">
     <span class='ocr_line' id='line_1_90' title="bbox 295 4556 1851 4628; baseline 0.001 -18"><span class='ocrx_word' id='word_1_704' title='bbox 295 4563 412 4611; x_wconf 86' lang='lat' dir='ltr'><strong><em>ante</em></strong></span> <span class='ocrx_word' id='word_1_705' title='bbox 443 4557 588 4611; x_wconf 84' lang='lat' dir='ltr'><strong><em>illam</em></strong></span> <span class='ocrx_word' id='word_1_706' title='bbox 627 4557 962 4627; x_wconf 89' lang='lat' dir='ltr'><strong><em>punitiouem</em></strong></span> <span class='ocrx_word' id='word_1_707' title='bbox 994 4566 1162 4612; x_wconf 86' lang='lat' dir='ltr'><strong><em>esset.</em></strong></span> <span class='ocrx_word' id='word_1_708' title='bbox 1201 4556 1494 4628; x_wconf 80' lang='lat' dir='ltr'><strong><em>Cajctauus</em></strong></span> <span class='ocrx_word' id='word_1_709' title='bbox 1521 4567 1574 4615; x_wconf 89' lang='lat' dir='ltr'><strong><em>et</em></strong></span> <span class='ocrx_word' id='word_1_710' title='bbox 1607 4557 1851 4614; x_wconf 85' lang='lat' dir='ltr'><strong><em>Oleaster</em></strong></span> 
     </span>
    </p>
   </div>
   <div class='ocr_carea' id='block_1_91' title="bbox 296 4650 1849 4721">
    <p class='ocr_par' dir='ltr' id='par_1_91' title="bbox 296 4650 1849 4721">
     <span class='ocr_line' id='line_1_91' title="bbox 296 4650 1849 4721; baseline 0.003 -18"><span class='ocrx_word' id='word_1_711' title='bbox 296 4650 531 4705; x_wconf 88' lang='lat' dir='ltr'><strong><em>sentiunt</em></strong></span> <span class='ocrx_word' id='word_1_712' title='bbox 565 4657 691 4705; x_wconf 90' lang='lat' dir='ltr'><strong><em>ante</em></strong></span> <span class='ocrx_word' id='word_1_713' title='bbox 723 4652 962 4721; x_wconf 81' lang='lat' dir='ltr'><strong><em>regionis</em></strong></span> <span class='ocrx_word' id='word_1_714' title='bbox 988 4652 1135 4705; x_wconf 90' lang='lat' dir='ltr'><strong><em>illius</em></strong></span> <span class='ocrx_word' id='word_1_715' title='bbox 1179 4652 1516 4708; x_wconf 89' lang='lat' dir='ltr'><strong><em>eversionem</em></strong></span> <span class='ocrx_word' id='word_1_716' title='bbox 1567 4652 1736 4708; x_wconf 73' lang='lat' dir='ltr'><strong><em>fuiSse</em></strong></span> <span class='ocrx_word' id='word_1_717' title='bbox 1775 4653 1849 4709; x_wconf 89' lang='lat' dir='ltr'><strong><em>ibi</em></strong></span> 
     </span>
    </p>
   </div>
   <div class='ocr_carea' id='block_1_92' title="bbox 208 4742 1849 4816">
    <p class='ocr_par' dir='ltr' id='par_1_92' title="bbox 208 4742 1849 4816">
     <span class='ocr_line' id='line_1_92' title="bbox 208 4742 1849 4816; baseline 0.003 -21"><span class='ocrx_word' id='word_1_718' title='bbox 208 4766 211 4769; x_wconf 52' lang='grc' dir='ltr'><strong><em>π</em></strong></span> <span class='ocrx_word' id='word_1_719' title='bbox 293 4742 461 4796; x_wconf 87' lang='lat' dir='ltr'><strong><em>lacum</em></strong></span> <span class='ocrx_word' id='word_1_720' title='bbox 489 4783 504 4805; x_wconf 94' lang='lat'><strong><em>,</em></strong></span> <span class='ocrx_word' id='word_1_721' title='bbox 533 4744 626 4813; x_wconf 89' lang='lat' dir='ltr'><strong><em>qui</em></strong></span> <span class='ocrx_word' id='word_1_722' title='bbox 663 4744 958 4798; x_wconf 88' lang='lat' dir='ltr'><strong><em>vocabatur</em></strong></span> <span class='ocrx_word' id='word_1_723' title='bbox 992 4743 1141 4799; x_wconf 81' lang='lat' dir='ltr'><strong><em>Mare</em></strong></span> <span class='ocrx_word' id='word_1_724' title='bbox 1191 4745 1354 4807; x_wconf 89' lang='lat' dir='ltr'><strong><em>salis,</em></strong></span> <span class='ocrx_word' id='word_1_725' title='bbox 1398 4761 1499 4800; x_wconf 92' lang='lat' dir='ltr'><strong><em>nec</em></strong></span> <span class='ocrx_word' id='word_1_726' title='bbox 1539 4746 1849 4816; x_wconf 90' lang='lat' dir='ltr'><strong><em>oppositum</em></strong></span> 
     </span>
    </p>
   </div>
   <div class='ocr_carea' id='block_1_93' title="bbox 292 4834 1851 4894">
    <p class='ocr_par' dir='ltr' id='par_1_93' title="bbox 292 4834 1851 4894">
     <span class='ocr_line' id='line_1_93' title="bbox 292 4834 1851 4894; baseline 0.003 -6"><span class='ocrx_word' id='word_1_727' title='bbox 292 4848 353 4888; x_wconf 80' lang='lat' dir='ltr'><strong><em>ex</em></strong></span> <span class='ocrx_word' id='word_1_728' title='bbox 379 4834 577 4891; x_wconf 84' lang='lat' dir='ltr'><strong><em>divinis</em></strong></span> <span class='ocrx_word' id='word_1_729' title='bbox 603 4835 796 4890; x_wconf 88' lang='lat' dir='ltr'><strong><em>litteris</em></strong></span> <span class='ocrx_word' id='word_1_730' title='bbox 828 4836 1118 4891; x_wconf 87' lang='lat' dir='ltr'><strong><em>manifesto</em></strong></span> <span class='ocrx_word' id='word_1_731' title='bbox 1137 4835 1344 4891; x_wconf 84' lang='lat' dir='ltr'><strong><em>haberi.</em></strong></span> <span class='ocrx_word' id='word_1_732' title='bbox 1362 4835 1426 4889; x_wconf 88' lang='lat' dir='ltr'><strong><em>Et</em></strong></span> <span class='ocrx_word' id='word_1_733' title='bbox 1449 4835 1692 4893; x_wconf 87' lang='lat' dir='ltr'><strong><em>Oleaster</em></strong></span> <span class='ocrx_word' id='word_1_734' title='bbox 1718 4839 1851 4894; x_wconf 88' lang='lat' dir='ltr'><strong><em>satis</em></strong></span> 
     </span>
    </p>
   </div>
   <div class='ocr_carea' id='block_1_94' title="bbox 293 4924 1851 4997">
    <p class='ocr_par' dir='ltr' id='par_1_94' title="bbox 293 4924 1851 4997">
     <span class='ocr_line' id='line_1_94' title="bbox 293 4924 1851 4997; baseline 0.005 -19"><span class='ocrx_word' id='word_1_735' title='bbox 293 4933 467 4995; x_wconf 86' lang='lat' dir='ltr'><strong><em>aperte</em></strong></span> <span class='ocrx_word' id='word_1_736' title='bbox 495 4943 508 4980; x_wconf 93' lang='lat'>:</span> <span class='ocrx_word' id='word_1_737' title='bbox 538 4924 615 4981; x_wconf 86' lang='lat' dir='ltr'><strong><em>Ne</em></strong></span> <span class='ocrx_word' id='word_1_738' title='bbox 641 4935 797 4996; x_wconf 76' lang='lat' dir='ltr'><strong><em>putes</em></strong></span> <span class='ocrx_word' id='word_1_739' title='bbox 824 4967 839 4990; x_wconf 91' lang='lat'><strong><em>,</em></strong></span> <span class='ocrx_word' id='word_1_740' title='bbox 868 4927 1072 4997; x_wconf 83' lang='lat' dir='ltr'><strong><em>inquit,</em></strong></span> <span class='ocrx_word' id='word_1_741' title='bbox 1107 4938 1263 4982; x_wconf 86' lang='lat' dir='ltr'><strong><em>antea</em></strong></span> <span class='ocrx_word' id='word_1_742' title='bbox 1291 4944 1401 4983; x_wconf 89' lang='lat' dir='ltr'><strong><em>non</em></strong></span> <span class='ocrx_word' id='word_1_743' title='bbox 1433 4928 1600 4986; x_wconf 83' lang='lat' dir='ltr'><strong><em>fuisse</em></strong></span> <span class='ocrx_word' id='word_1_744' title='bbox 1633 4945 1697 4985; x_wconf 81' lang='lat' dir='ltr'><strong><em>eo</em></strong></span> <span class='ocrx_word' id='word_1_745' title='bbox 1730 4930 1851 4986; x_wconf 90' lang='lat' dir='ltr'><strong><em>loco</em></strong></span> 
     </span>
    </p>
   </div>
   <div class='ocr_carea' id='block_1_95' title="bbox 292 5012 1850 5087">
    <p class='ocr_par' dir='ltr' id='par_1_95' title="bbox 292 5012 1850 5087">
     <span class='ocr_line' id='line_1_95' title="bbox 292 5012 1850 5087; baseline 0.007 -22"><span class='ocrx_word' id='word_1_746' title='bbox 292 5012 433 5066; x_wconf 89' lang='lat' dir='ltr'><strong><em>illum</em></strong></span> <span class='ocrx_word' id='word_1_747' title='bbox 466 5014 675 5078; x_wconf 87' lang='lat' dir='ltr'><strong><em>lacum,</em></strong></span> <span class='ocrx_word' id='word_1_748' title='bbox 707 5030 831 5070; x_wconf 88' lang='lat' dir='ltr'><strong><em>cum</em></strong></span> <span class='ocrx_word' id='word_1_749' title='bbox 873 5031 1089 5087; x_wconf 80' lang='lat' dir='ltr'><strong><em>semper</em></strong></span> <span class='ocrx_word' id='word_1_750' title='bbox 1130 5016 1185 5070; x_wconf 89' lang='lat' dir='ltr'><strong><em>in</em></strong></span> <span class='ocrx_word' id='word_1_751' title='bbox 1216 5032 1338 5072; x_wconf 82' lang='lat' dir='ltr'><strong><em>cum</em></strong></span> <span class='ocrx_word' id='word_1_752' title='bbox 1372 5018 1547 5072; x_wconf 87' lang='lat' dir='ltr'><strong><em>lacum</em></strong></span> <span class='ocrx_word' id='word_1_753' title='bbox 1586 5017 1850 5076; x_wconf 85' lang='lat' dir='ltr'><strong><em>Jordanes</em></strong></span> 
     </span>
    </p>
   </div>
   <div class='ocr_carea' id='block_1_96' title="bbox 293 5110 1852 5176">
    <p class='ocr_par' dir='ltr' id='par_1_96' title="bbox 293 5110 1852 5176">
     <span class='ocr_line' id='line_1_96' title="bbox 293 5110 1852 5176; baseline 0.006 -18"><span class='ocrx_word' id='word_1_754' title='bbox 293 5119 455 5176; x_wconf 85' lang='lat' dir='ltr'><strong><em>aquas</em></strong></span> <span class='ocrx_word' id='word_1_755' title='bbox 483 5123 612 5162; x_wconf 88' lang='lat' dir='ltr'><strong><em>suas</em></strong></span> <span class='ocrx_word' id='word_1_756' title='bbox 650 5110 1025 5164; x_wconf 78' lang='lat' dir='ltr'><strong><em>exoneraverit</em></strong></span> <span class='ocrx_word' id='word_1_757' title='bbox 1064 5127 1079 5165; x_wconf 90' lang='lat'><strong>:</strong></span> <span class='ocrx_word' id='word_1_758' title='bbox 1123 5124 1310 5163; x_wconf 79' lang='lat' dir='ltr'><strong><em>verum</em></strong></span> <span class='ocrx_word' id='word_1_759' title='bbox 1360 5117 1520 5166; x_wconf 88' lang='lat' dir='ltr'><strong><em>antea</em></strong></span> <span class='ocrx_word' id='word_1_760' title='bbox 1562 5111 1714 5167; x_wconf 89' lang='lat' dir='ltr'><strong><em>lacus</em></strong></span> <span class='ocrx_word' id='word_1_761' title='bbox 1762 5111 1852 5167; x_wconf 89' lang='lat' dir='ltr'><strong><em>ille</em></strong></span> 
     </span>
    </p>
   </div>
   <div class='ocr_carea' id='block_1_97' title="bbox 291 5200 1852 5278">
    <p class='ocr_par' dir='ltr' id='par_1_97' title="bbox 291 5200 1852 5278">
     <span class='ocr_line' id='line_1_97' title="bbox 291 5200 1852 5278; baseline 0.005 -29"><span class='ocrx_word' id='word_1_762' title='bbox 291 5212 391 5251; x_wconf 88' lang='lat' dir='ltr'><strong><em>non</em></strong></span> <span class='ocrx_word' id='word_1_763' title='bbox 443 5212 503 5253; x_wconf 92' lang='lat' dir='ltr'><strong><em>se</em></strong></span> <span class='ocrx_word' id='word_1_764' title='bbox 538 5200 863 5255; x_wconf 79' lang='lat' dir='ltr'><strong><em>extendebat</em></strong></span> <span class='ocrx_word' id='word_1_765' title='bbox 902 5215 1075 5272; x_wconf 84' lang='lat' dir='ltr'><strong><em>usque</em></strong></span> <span class='ocrx_word' id='word_1_766' title='bbox 1103 5200 1169 5254; x_wconf 88' lang='lat' dir='ltr'><strong><em>ad</em></strong></span> <span class='ocrx_word' id='word_1_767' title='bbox 1197 5201 1489 5257; x_wconf 89' lang='lat' dir='ltr'><strong><em>Sodomam</em></strong></span> <span class='ocrx_word' id='word_1_768' title='bbox 1515 5244 1529 5267; x_wconf 91' lang='lat'><strong><em>,</em></strong></span> <span class='ocrx_word' id='word_1_769' title='bbox 1561 5202 1703 5259; x_wconf 89' lang='lat' dir='ltr'><strong><em>sicut</em></strong></span> <span class='ocrx_word' id='word_1_770' title='bbox 1729 5211 1852 5278; x_wconf 86' lang='lat' dir='ltr'><strong><em>post</em></strong></span> 
     </span>
    </p>
   </div>
   <div class='ocr_carea' id='block_1_98' title="bbox 292 5290 1853 5368">
    <p class='ocr_par' dir='ltr' id='par_1_98' title="bbox 292 5290 1853 5368">
     <span class='ocr_line' id='line_1_98' title="bbox 292 5290 1853 5368; baseline 0 -23"><span class='ocrx_word' id='word_1_771' title='bbox 292 5290 690 5347; x_wconf 86' lang='lat' dir='ltr'><strong><em>subversionem</em></strong></span> <span class='ocrx_word' id='word_1_772' title='bbox 745 5292 960 5347; x_wconf 89' lang='lat' dir='ltr'><strong><em>illarum</em></strong></span> <span class='ocrx_word' id='word_1_773' title='bbox 1011 5293 1313 5349; x_wconf 80' lang='lat' dir='ltr'><strong><em>civitatum.</em></strong></span> <span class='ocrx_word' id='word_1_774' title='bbox 1361 5293 1723 5368; x_wconf 79' lang='lat' dir='ltr'><strong><em>Hieronymus</em></strong></span> <span class='ocrx_word' id='word_1_775' title='bbox 1771 5305 1853 5351; x_wconf 65' lang='lat' dir='ltr'><strong><em>ta.</em></strong></span> 
     </span>
    </p>
   </div>
   <div class='ocr_carea' id='block_1_99' title="bbox 291 5383 1853 5455">
    <p class='ocr_par' dir='ltr' id='par_1_99' title="bbox 291 5383 1853 5455">
     <span class='ocr_line' id='line_1_99' title="bbox 291 5383 1853 5455; baseline 0.006 -20"><span class='ocrx_word' id='word_1_776' title='bbox 291 5395 502 5439; x_wconf 82' lang='lat' dir='ltr'><strong><em>monet</em></strong></span> <span class='ocrx_word' id='word_1_777' title='bbox 540 5383 814 5455; x_wconf 84' lang='lat' dir='ltr'><strong><em>Josephus</em></strong></span> <span class='ocrx_word' id='word_1_778' title='bbox 857 5387 1194 5441; x_wconf 86' lang='lat' dir='ltr'><strong><em>contrarium</em></strong></span> <span class='ocrx_word' id='word_1_779' title='bbox 1242 5394 1494 5454; x_wconf 87' lang='lat' dir='ltr'><strong><em>tuentur,</em></strong></span> <span class='ocrx_word' id='word_1_780' title='bbox 1537 5404 1638 5444; x_wconf 90' lang='lat' dir='ltr'><strong><em>nec</em></strong></span> <span class='ocrx_word' id='word_1_781' title='bbox 1667 5396 1853 5445; x_wconf 84' lang='lat' dir='ltr'><strong><em>noster</em></strong></span> 
     </span>
    </p>
   </div>
   <div class='ocr_carea' id='block_1_100' title="bbox 291 5472 1849 5552">
    <p class='ocr_par' dir='ltr' id='par_1_100' title="bbox 291 5472 1849 5552">
     <span class='ocr_line' id='line_1_100' title="bbox 291 5472 1849 5552; baseline 0.007 -25"><span class='ocrx_word' id='word_1_782' title='bbox 291 5472 598 5531; x_wconf 84' lang='lat' dir='ltr'><strong><em>Eustathius</em></strong></span> <span class='ocrx_word' id='word_1_783' title='bbox 641 5479 709 5533; x_wconf 90' lang='lat' dir='ltr'><strong><em>ab</em></strong></span> <span class='ocrx_word' id='word_1_784' title='bbox 757 5479 866 5531; x_wconf 88' lang='lat' dir='ltr'><strong><em>illis</em></strong></span> <span class='ocrx_word' id='word_1_785' title='bbox 908 5477 1182 5535; x_wconf 87' lang='lat' dir='ltr'><strong><em>dissentit.</em></strong></span> <span class='ocrx_word' id='word_1_786' title='bbox 1232 5478 1404 5536; x_wconf 83' lang='lat' dir='ltr'><strong><em>Notus</em></strong></span> <span class='ocrx_word' id='word_1_787' title='bbox 1457 5490 1542 5537; x_wconf 90' lang='lat' dir='ltr'><strong><em>est</em></strong></span> <span class='ocrx_word' id='word_1_788' title='bbox 1591 5491 1849 5552; x_wconf 64' lang='lat' dir='ltr'><strong><em>praeterea</em></strong></span> 
     </span>
    </p>
   </div>
   <div class='ocr_carea' id='block_1_101' title="bbox 295 5562 1848 5645">
    <p class='ocr_par' dir='ltr' id='par_1_101' title="bbox 295 5562 1848 5645">
     <span class='ocr_line' id='line_1_101' title="bbox 295 5562 1848 5645; baseline 0.008 -26"><span class='ocrx_word' id='word_1_789' title='bbox 295 5562 568 5624; x_wconf 88' lang='lat' dir='ltr'><strong><em>Strabonis</em></strong></span> <span class='ocrx_word' id='word_1_790' title='bbox 612 5584 768 5625; x_wconf 82' lang='lat' dir='ltr'><strong><em>error</em></strong></span> <span class='ocrx_word' id='word_1_791' title='bbox 823 5568 1106 5626; x_wconf 85' lang='lat' dir='ltr'><strong><em>Sirbonem</em></strong></span> <span class='ocrx_word' id='word_1_792' title='bbox 1148 5572 1400 5643; x_wconf 87' lang='lat' dir='ltr'><strong><em>paludem</em></strong></span> <span class='ocrx_word' id='word_1_793' title='bbox 1429 5613 1443 5637; x_wconf 94' lang='lat'><strong><em>,</em></strong></span> <span class='ocrx_word' id='word_1_794' title='bbox 1494 5591 1615 5645; x_wconf 75' lang='lat' dir='ltr'><strong><em>qua:</em></strong></span> <span class='ocrx_word' id='word_1_795' title='bbox 1660 5584 1744 5631; x_wconf 90' lang='lat' dir='ltr'><strong><em>est</em></strong></span> <span class='ocrx_word' id='word_1_796' title='bbox 1781 5576 1848 5631; x_wconf 88' lang='lat' dir='ltr'><strong><em>ad</em></strong></span> 
     </span>
    </p>
   </div>
   <div class='ocr_carea' id='block_1_102' title="bbox 290 5657 1850 5742">
    <p class='ocr_par' dir='ltr' id='par_1_102' title="bbox 290 5657 1850 5742">
     <span class='ocr_line' id='line_1_102' title="bbox 290 5657 1850 5742; baseline 0.007 -28"><span class='ocrx_word' id='word_1_797' title='bbox 290 5657 525 5730; x_wconf 86' lang='lat' dir='ltr'><strong><em>Casium,</em></strong></span> <span class='ocrx_word' id='word_1_798' title='bbox 557 5662 942 5720; x_wconf 81' lang='lat' dir='ltr'><strong><em>confundentis</em></strong></span> <span class='ocrx_word' id='word_1_799' title='bbox 974 5681 1097 5720; x_wconf 89' lang='lat' dir='ltr'><strong><em>cum</em></strong></span> <span class='ocrx_word' id='word_1_800' title='bbox 1134 5665 1441 5736; x_wconf 83' lang='lat' dir='ltr'><strong><em>Asphaltite</em></strong></span> <span class='ocrx_word' id='word_1_801' title='bbox 1477 5667 1597 5739; x_wconf 74' lang='lat' dir='ltr'><strong><em>lacu</em></strong></span> <span class='ocrx_word' id='word_1_802' title='bbox 1622 5709 1637 5732; x_wconf 90' lang='lat'><strong><em>,</em></strong></span> <span class='ocrx_word' id='word_1_803' title='bbox 1681 5685 1710 5725; x_wconf 89' lang='lat' dir='ltr'><strong><em>a</em></strong></span> <span class='ocrx_word' id='word_1_804' title='bbox 1741 5686 1850 5742; x_wconf 89' lang='lat' dir='ltr'><strong><em>quo</em></strong></span> 
     </span>
    </p>
   </div>
   <div class='ocr_carea' id='block_1_103' title="bbox 293 5746 1848 5830">
    <p class='ocr_par' dir='ltr' id='par_1_103' title="bbox 293 5746 1848 5830">
     <span class='ocr_line' id='line_1_103' title="bbox 293 5746 1848 5830; baseline 0.011 -28"><span class='ocrx_word' id='word_1_805' title='bbox 293 5746 543 5810; x_wconf 79' lang='lat' dir='ltr'><strong><em>Jordanes</em></strong></span> <span class='ocrx_word' id='word_1_806' title='bbox 565 5752 819 5811; x_wconf 87' lang='lat' dir='ltr'><strong><em>ebibitur.</em></strong></span> <span class='ocrx_word' id='word_1_807' title='bbox 846 5753 1209 5830; x_wconf 83' lang='lat' dir='ltr'><strong><em>Suspicantur</em></strong></span> <span class='ocrx_word' id='word_1_808' title='bbox 1236 5764 1416 5818; x_wconf 86' lang='lat' dir='ltr'><strong><em>tamen</em></strong></span> <span class='ocrx_word' id='word_1_809' title='bbox 1447 5757 1714 5828; x_wconf 81' lang='lat' dir='ltr'><strong><em>nonnulli,</em></strong></span> <span class='ocrx_word' id='word_1_810' title='bbox 1740 5776 1848 5819; x_wconf 89' lang='lat' dir='ltr'><strong><em>nou</em></strong></span> 
     </span>
    </p>
   </div>
   <div class='ocr_carea' id='block_1_104' title="bbox 1956 4561 3520 4632">
    <p class='ocr_par' dir='ltr' id='par_1_104' title="bbox 1956 4561 3520 4632">
     <span class='ocr_line' id='line_1_104' title="bbox 1956 4561 3520 4632; baseline 0.001 -17"><span class='ocrx_word' id='word_1_811' title='bbox 1956 4563 2080 4632; x_wconf 65' lang='lat' dir='ltr'><strong><em>guis.</em></strong></span> <span class='ocrx_word' id='word_1_812' title='bbox 2119 4574 2174 4617; x_wconf 87' lang='lat' dir='ltr'><strong><em>et</em></strong></span> <span class='ocrx_word' id='word_1_813' title='bbox 2211 4563 2675 4618; x_wconf 86' lang='lat' dir='ltr'><strong><em>incantationibus</em></strong></span> <span class='ocrx_word' id='word_1_814' title='bbox 2718 4562 2929 4616; x_wconf 85' lang='lat' dir='ltr'><strong><em>tribuit.</em></strong></span> <span class='ocrx_word' id='word_1_815' title='bbox 2959 4561 3231 4625; x_wconf 84' lang='lat' dir='ltr'><strong><em>Justinus,</em></strong></span> <span class='ocrx_word' id='word_1_816' title='bbox 3265 4562 3300 4615; x_wconf 92' lang='lat' dir='ltr'><strong><em>l.</em></strong></span> <span class='ocrx_word' id='word_1_817' title='bbox 3334 4577 3520 4628; x_wconf 75' lang='lat' dir='ltr'><strong><em>xxxvr,</em></strong></span> 
     </span>
    </p>
   </div>
   <div class='ocr_carea' id='block_1_105' title="bbox 1954 4654 3523 4727">
    <p class='ocr_par' dir='ltr' id='par_1_105' title="bbox 1954 4654 3523 4727">
     <span class='ocr_line' id='line_1_105' title="bbox 1954 4654 3523 4727; baseline -0.001 -18"><span class='ocrx_word' id='word_1_818' title='bbox 1954 4657 2205 4727; x_wconf 87' lang='lat' dir='ltr'><strong><em>paludem</em></strong></span> <span class='ocrx_word' id='word_1_819' title='bbox 2249 4656 2411 4720; x_wconf 87' lang='lat' dir='ltr'><strong><em>hanc,</em></strong></span> <span class='ocrx_word' id='word_1_820' title='bbox 2458 4670 2635 4726; x_wconf 81' lang='lat' dir='ltr'><strong><em>neque</em></strong></span> <span class='ocrx_word' id='word_1_821' title='bbox 2673 4655 2850 4710; x_wconf 84' lang='lat' dir='ltr'><strong><em>ventis</em></strong></span> <span class='ocrx_word' id='word_1_822' title='bbox 2887 4655 3116 4718; x_wconf 83' lang='lat' dir='ltr'><strong><em>moveri,</em></strong></span> <span class='ocrx_word' id='word_1_823' title='bbox 3165 4670 3339 4725; x_wconf 86' lang='lat' dir='ltr'><strong><em>neque</em></strong></span> <span class='ocrx_word' id='word_1_824' title='bbox 3366 4654 3523 4709; x_wconf 86' lang='lat' dir='ltr'><strong><em>navi—</em></strong></span> 
     </span>
    </p>
   </div>
   <div class='ocr_carea' id='block_1_106' title="bbox 1952 4747 3522 4819">
    <p class='ocr_par' dir='ltr' id='par_1_106' title="bbox 1952 4747 3522 4819">
     <span class='ocr_line' id='line_1_106' title="bbox 1952 4747 3522 4819; baseline 0 -19"><span class='ocrx_word' id='word_1_825' title='bbox 1952 4748 2190 4819; x_wconf 83' lang='lat' dir='ltr'><strong><em>gationis</em></strong></span> <span class='ocrx_word' id='word_1_826' title='bbox 2214 4748 2509 4818; x_wconf 88' lang='lat' dir='ltr'><strong><em>patientem</em></strong></span> <span class='ocrx_word' id='word_1_827' title='bbox 2534 4763 2658 4802; x_wconf 86' lang='lat' dir='ltr'><strong><em>esse</em></strong></span> <span class='ocrx_word' id='word_1_828' title='bbox 2697 4754 2887 4801; x_wconf 87' lang='lat' dir='ltr'><strong><em>narrat</em></strong></span> <span class='ocrx_word' id='word_1_829' title='bbox 2920 4754 3110 4801; x_wconf 87' lang='lat' dir='ltr'><strong><em>contra</em></strong></span> <span class='ocrx_word' id='word_1_830' title='bbox 3142 4747 3372 4800; x_wconf 89' lang='lat' dir='ltr'><strong><em>aliorum</em></strong></span> <span class='ocrx_word' id='word_1_831' title='bbox 3403 4747 3522 4817; x_wconf 89' lang='lat' dir='ltr'><strong><em>opi-</em></strong></span> 
     </span>
    </p>
   </div>
   <div class='ocr_carea' id='block_1_107' title="bbox 1952 4837 3524 4910">
    <p class='ocr_par' dir='ltr' id='par_1_107' title="bbox 1952 4837 3524 4910">
     <span class='ocr_line' id='line_1_107' title="bbox 1952 4837 3524 4910; baseline -0.001 -16"><span class='ocrx_word' id='word_1_832' title='bbox 1952 4840 2171 4895; x_wconf 84' lang='lat' dir='ltr'><strong><em>nionem</em></strong></span> <span class='ocrx_word' id='word_1_833' title='bbox 2200 4861 2212 4895; x_wconf 94' lang='lat'>:</span> <span class='ocrx_word' id='word_1_834' title='bbox 2242 4837 2307 4895; x_wconf 86' lang='lat' dir='ltr'><strong><em>In</em></strong></span> <span class='ocrx_word' id='word_1_835' title='bbox 2334 4858 2395 4894; x_wconf 89' lang='lat' dir='ltr'><strong><em>ea</em></strong></span> <span class='ocrx_word' id='word_1_836' title='bbox 2422 4840 2626 4910; x_wconf 75' lang='lat' dir='ltr'><strong><em>regione</em></strong></span> <span class='ocrx_word' id='word_1_837' title='bbox 2660 4838 2806 4893; x_wconf 83' lang='lat' dir='ltr'><strong><em>lacus</em></strong></span> <span class='ocrx_word' id='word_1_838' title='bbox 2838 4848 2938 4901; x_wconf 84' lang='lat' dir='ltr'><strong><em>est,</em></strong></span> <span class='ocrx_word' id='word_1_839' title='bbox 2969 4839 3058 4909; x_wconf 91' lang='lat' dir='ltr'><strong><em>qui</em></strong></span> <span class='ocrx_word' id='word_1_840' title='bbox 3089 4850 3299 4907; x_wconf 86' lang='lat' dir='ltr'><strong><em>propter</em></strong></span> <span class='ocrx_word' id='word_1_841' title='bbox 3320 4839 3524 4909; x_wconf 50' lang='lat' dir='ltr'><strong><em>magni-</em></strong></span> 
     </span>
    </p>
   </div>
   <div class='ocr_carea' id='block_1_108' title="bbox 1954 4926 3524 5000">
    <p class='ocr_par' dir='ltr' id='par_1_108' title="bbox 1954 4926 3524 5000">
     <span class='ocr_line' id='line_1_108' title="bbox 1954 4926 3524 5000; baseline 0 -18"><span class='ocrx_word' id='word_1_842' title='bbox 1954 4930 2203 4995; x_wconf 86' lang='lat' dir='ltr'><strong><em>tudinem,</em></strong></span> <span class='ocrx_word' id='word_1_843' title='bbox 2257 4939 2305 4983; x_wconf 90' lang='lat' dir='ltr'><strong><em>et</em></strong></span> <span class='ocrx_word' id='word_1_844' title='bbox 2352 4946 2502 5000; x_wconf 71' lang='lat' dir='ltr'><strong><em>aqum</em></strong></span> <span class='ocrx_word' id='word_1_845' title='bbox 2557 4928 3005 4995; x_wconf 77' lang='lat' dir='ltr'><strong><em>immobilitatem,</em></strong></span> <span class='ocrx_word' id='word_1_846' title='bbox 3063 4926 3333 4982; x_wconf 79' lang='lat' dir='ltr'><strong><em>Mortuum</em></strong></span> <span class='ocrx_word' id='word_1_847' title='bbox 3378 4930 3524 4983; x_wconf 78' lang='lat' dir='ltr'><strong><em>mare</em></strong></span> 
     </span>
    </p>
   </div>
   <div class='ocr_carea' id='block_1_109' title="bbox 1950 5016 3519 5090">
    <p class='ocr_par' dir='ltr' id='par_1_109' title="bbox 1950 5016 3519 5090">
     <span class='ocr_line' id='line_1_109' title="bbox 1950 5016 3519 5090; baseline -0.001 -18"><span class='ocrx_word' id='word_1_848' title='bbox 1950 5020 2175 5083; x_wconf 85' lang='lat' dir='ltr'><strong><em>dicitur;</em></strong></span> <span class='ocrx_word' id='word_1_849' title='bbox 2210 5036 2331 5073; x_wconf 90' lang='lat' dir='ltr'><strong><em>nam</em></strong></span> <span class='ocrx_word' id='word_1_850' title='bbox 2360 5036 2517 5090; x_wconf 85' lang='lat' dir='ltr'><strong><em>neque</em></strong></span> <span class='ocrx_word' id='word_1_851' title='bbox 2545 5019 2705 5073; x_wconf 80' lang='lat' dir='ltr'><strong><em>rantis</em></strong></span> <span class='ocrx_word' id='word_1_852' title='bbox 2732 5016 2962 5072; x_wconf 82' lang='lat' dir='ltr'><strong><em>movetur</em></strong></span> <span class='ocrx_word' id='word_1_853' title='bbox 2989 5019 3261 5073; x_wconf 88' lang='lat' dir='ltr'><strong><em>resistente</em></strong></span> <span class='ocrx_word' id='word_1_854' title='bbox 3295 5019 3519 5073; x_wconf 82' lang='lat' dir='ltr'><strong><em>turbini-</em></strong></span> 
     </span>
    </p>
   </div>
   <div class='ocr_carea' id='block_1_110' title="bbox 1951 5112 3522 5183">
    <p class='ocr_par' dir='ltr' id='par_1_110' title="bbox 1951 5112 3522 5183">
     <span class='ocr_line' id='line_1_110' title="bbox 1951 5112 3522 5183; baseline -0.001 -17"><span class='ocrx_word' id='word_1_855' title='bbox 1951 5112 2045 5167; x_wconf 89' lang='lat' dir='ltr'><strong><em>bus</em></strong></span> <span class='ocrx_word' id='word_1_856' title='bbox 2081 5113 2352 5176; x_wconf 84' lang='lat' dir='ltr'><strong><em>bitumine,</em></strong></span> <span class='ocrx_word' id='word_1_857' title='bbox 2383 5129 2482 5183; x_wconf 88' lang='lat' dir='ltr'><strong><em>quo</em></strong></span> <span class='ocrx_word' id='word_1_858' title='bbox 2525 5128 2661 5183; x_wconf 90' lang='lat' dir='ltr'><strong><em>aqua</em></strong></span> <span class='ocrx_word' id='word_1_859' title='bbox 2708 5113 2875 5166; x_wconf 91' lang='lat' dir='ltr'><strong><em>omnis</em></strong></span> <span class='ocrx_word' id='word_1_860' title='bbox 2904 5121 3202 5182; x_wconf 89' lang='lat' dir='ltr'><strong><em>stagnatur.</em></strong></span> <span class='ocrx_word' id='word_1_861' title='bbox 3235 5130 3391 5183; x_wconf 82' lang='lat' dir='ltr'><strong><em>neque</em></strong></span> <span class='ocrx_word' id='word_1_862' title='bbox 3424 5129 3522 5165; x_wconf 73' lang='lat' dir='ltr'><strong><em>na~</em></strong></span> 
     </span>
    </p>
   </div>
   <div class='ocr_carea' id='block_1_111' title="bbox 1954 5203 3522 5278">
    <p class='ocr_par' dir='ltr' id='par_1_111' title="bbox 1954 5203 3522 5278">
     <span class='ocr_line' id='line_1_111' title="bbox 1954 5203 3522 5278; baseline -0.003 -18"><span class='ocrx_word' id='word_1_863' title='bbox 1954 5207 2228 5278; x_wconf 83' lang='lat' dir='ltr'><strong><em>vigationis</em></strong></span> <span class='ocrx_word' id='word_1_864' title='bbox 2244 5206 2446 5275; x_wconf 88' lang='lat' dir='ltr'><strong><em>patiens</em></strong></span> <span class='ocrx_word' id='word_1_865' title='bbox 2470 5213 2567 5266; x_wconf 89' lang='lat' dir='ltr'><strong><em>est,</em></strong></span> <span class='ocrx_word' id='word_1_866' title='bbox 2588 5204 2832 5275; x_wconf 85' lang='lat' dir='ltr'><strong><em>quoniam</em></strong></span> <span class='ocrx_word' id='word_1_867' title='bbox 2852 5206 3028 5258; x_wconf 89' lang='lat' dir='ltr'><strong><em>omnia</em></strong></span> <span class='ocrx_word' id='word_1_868' title='bbox 3061 5205 3168 5259; x_wconf 79' lang='lat' dir='ltr'><strong><em>rita</em></strong></span> <span class='ocrx_word' id='word_1_869' title='bbox 3193 5204 3425 5260; x_wconf 81' lang='lat' dir='ltr'><strong><em>carentia</em></strong></span> <span class='ocrx_word' id='word_1_870' title='bbox 3464 5203 3522 5255; x_wconf 77' lang='lat' dir='ltr'><strong><em>in</em></strong></span> 
     </span>
    </p>
   </div>
   <div class='ocr_carea' id='block_1_112' title="bbox 1950 5295 3521 5370">
    <p class='ocr_par' dir='ltr' id='par_1_112' title="bbox 1950 5295 3521 5370">
     <span class='ocr_line' id='line_1_112' title="bbox 1950 5295 3521 5370; baseline -0.005 -16"><span class='ocrx_word' id='word_1_871' title='bbox 1950 5299 2644 5370; x_wconf 86' lang='lat' dir='ltr'><strong><em>profundummerguntur;</em></strong></span> <span class='ocrx_word' id='word_1_872' title='bbox 2685 5313 2775 5352; x_wconf 85' lang='lat' dir='ltr'><strong><em>nec</em></strong></span> <span class='ocrx_word' id='word_1_873' title='bbox 2812 5299 3089 5352; x_wconf 88' lang='lat' dir='ltr'><strong><em>materiam</em></strong></span> <span class='ocrx_word' id='word_1_874' title='bbox 3133 5298 3300 5351; x_wconf 89' lang='lat' dir='ltr'><strong><em>ullam</em></strong></span> <span class='ocrx_word' id='word_1_875' title='bbox 3356 5295 3521 5349; x_wconf 85' lang='lat' dir='ltr'><strong><em>susti-</em></strong></span> 
     </span>
    </p>
   </div>
   <div class='ocr_carea' id='block_1_113' title="bbox 1953 5386 2916 5459">
    <p class='ocr_par' dir='ltr' id='par_1_113' title="bbox 1953 5386 2916 5459">
     <span class='ocr_line' id='line_1_113' title="bbox 1953 5386 2916 5459; baseline 0 -17"><span class='ocrx_word' id='word_1_876' title='bbox 1953 5399 2058 5452; x_wconf 85' lang='lat' dir='ltr'><strong><em>net,</em></strong></span> <span class='ocrx_word' id='word_1_877' title='bbox 2084 5389 2188 5443; x_wconf 86' lang='lat' dir='ltr'><strong><em>nisi</em></strong></span> <span class='ocrx_word' id='word_1_878' title='bbox 2222 5405 2337 5459; x_wconf 67' lang='grc' dir='ltr'><strong><em>(μιαν</em></strong></span> <span class='ocrx_word' id='word_1_879' title='bbox 2365 5405 2398 5441; x_wconf 92' lang='lat' dir='ltr'><strong><em>a</em></strong></span> <span class='ocrx_word' id='word_1_880' title='bbox 2424 5387 2619 5440; x_wconf 89' lang='lat' dir='ltr'><strong><em>lumine</em></strong></span> <span class='ocrx_word' id='word_1_881' title='bbox 2652 5386 2916 5442; x_wconf 88' lang='lat' dir='ltr'><strong><em>illinatur.</em></strong></span> 
     </span>
    </p>
   </div>
   <div class='ocr_carea' id='block_1_114' title="bbox 2019 5472 3518 5545">
    <p class='ocr_par' dir='ltr' id='par_1_114' title="bbox 2019 5472 3518 5545">
     <span class='ocr_line' id='line_1_114' title="bbox 2019 5472 3518 5545; baseline -0.005 -11"><span class='ocrx_word' id='word_1_882' title='bbox 2019 5478 2180 5538; x_wconf 86' lang='lat' dir='ltr'><strong><em>lbid..</em></strong></span> <span class='ocrx_word' id='word_1_883' title='bbox 2212 5479 2309 5532; x_wconf 91' lang='lat' dir='ltr'><strong><em>lin.</em></strong></span> <span class='ocrx_word' id='word_1_884' title='bbox 2334 5477 2422 5534; x_wconf 71' lang='lat'><strong><em>52.</em></strong></span> <span class='ocrx_word' id='word_1_885' title='bbox 2459 5477 2555 5543; x_wconf 80' lang='grc' dir='ltr'><em>Ὠς</em></span> <span class='ocrx_word' id='word_1_886' title='bbox 2576 5476 2662 5545; x_wconf 83' lang='grc' dir='ltr'><strong><em>μὴ</em></strong></span> <span class='ocrx_word' id='word_1_887' title='bbox 2696 5476 3012 5531; x_wconf 80' lang='grc' dir='ltr'>δύνασθαι.</span> <span class='ocrx_word' id='word_1_888' title='bbox 3040 5472 3273 5533; x_wconf 87' lang='lat' dir='ltr'><strong><em>Plinius.</em></strong></span> <span class='ocrx_word' id='word_1_889' title='bbox 3301 5473 3393 5528; x_wconf 88' lang='lat' dir='ltr'><strong><em>lib.</em></strong></span> <span class='ocrx_word' id='word_1_890' title='bbox 3418 5488 3518 5540; x_wconf 79' lang='lat' dir='ltr'><strong><em>vn,</em></strong></span> 
     </span>
    </p>
   </div>
   <div class='ocr_carea' id='block_1_115' title="bbox 1950 5565 3515 5641">
    <p class='ocr_par' dir='ltr' id='par_1_115' title="bbox 1950 5565 3515 5641">
     <span class='ocr_line' id='line_1_115' title="bbox 1950 5565 3515 5641; baseline -0.003 -16"><span class='ocrx_word' id='word_1_891' title='bbox 1950 5585 2072 5641; x_wconf 87' lang='lat' dir='ltr'><strong><em>cap.</em></strong></span> <span class='ocrx_word' id='word_1_892' title='bbox 2096 5569 2193 5633; x_wconf 80' lang='lat' dir='ltr'><strong><em>&#39;l5,</em></strong></span> <span class='ocrx_word' id='word_1_893' title='bbox 2230 5570 2297 5624; x_wconf 90' lang='lat' dir='ltr'><strong><em>de</em></strong></span> <span class='ocrx_word' id='word_1_894' title='bbox 2331 5569 2618 5623; x_wconf 88' lang='lat' dir='ltr'><strong><em>mulierum</em></strong></span> <span class='ocrx_word' id='word_1_895' title='bbox 2653 5567 2918 5639; x_wconf 82' lang='lat' dir='ltr'><strong><em>profluvio</em></strong></span> <span class='ocrx_word' id='word_1_896' title='bbox 2947 5579 3249 5622; x_wconf 89' lang='lat' dir='ltr'><strong><em>sermonem</em></strong></span> <span class='ocrx_word' id='word_1_897' title='bbox 3284 5565 3515 5622; x_wconf 85' lang='lat' dir='ltr'><strong><em>habens:</em></strong></span> 
     </span>
    </p>
   </div>
   <div class='ocr_carea' id='block_1_116' title="bbox 1952 5660 3521 5735">
    <p class='ocr_par' dir='ltr' id='par_1_116' title="bbox 1952 5660 3521 5735">
     <span class='ocr_line' id='line_1_116' title="bbox 1952 5660 3521 5735; baseline -0.003 -14"><span class='ocrx_word' id='word_1_898' title='bbox 1952 5667 2094 5735; x_wconf 81' lang='lat' dir='ltr'><strong><em>Quin</em></strong></span> <span class='ocrx_word' id='word_1_899' title='bbox 2125 5675 2174 5721; x_wconf 88' lang='lat' dir='ltr'><strong><em>et</em></strong></span> <span class='ocrx_word' id='word_1_900' title='bbox 2204 5665 2516 5719; x_wconf 88' lang='lat' dir='ltr'><strong><em>bituminum</em></strong></span> <span class='ocrx_word' id='word_1_901' title='bbox 2548 5678 2745 5735; x_wconf 87' lang='lat' dir='ltr'><strong><em>sequax</em></strong></span> <span class='ocrx_word' id='word_1_902' title='bbox 2779 5662 3011 5732; x_wconf 85' lang='lat' dir='ltr'><strong><em>alioquin</em></strong></span> <span class='ocrx_word' id='word_1_903' title='bbox 3037 5677 3098 5714; x_wconf 86' lang='lat' dir='ltr'><strong><em>ac</em></strong></span> <span class='ocrx_word' id='word_1_904' title='bbox 3127 5660 3268 5715; x_wconf 89' lang='lat' dir='ltr'><strong><em>lenta</em></strong></span> <span class='ocrx_word' id='word_1_905' title='bbox 3299 5668 3521 5728; x_wconf 73' lang='lat' dir='ltr'><strong><em>natura,</em></strong></span> 
     </span>
    </p>
   </div>
   <div class='ocr_carea' id='block_1_117' title="bbox 1953 5751 3519 5833">
    <p class='ocr_par' dir='ltr' id='par_1_117' title="bbox 1953 5751 3519 5833">
     <span class='ocr_line' id='line_1_117' title="bbox 1953 5751 3519 5833; baseline 0.001 -21"><span class='ocrx_word' id='word_1_906' title='bbox 1953 5760 2003 5816; x_wconf 89' lang='lat' dir='ltr'><strong><em>in</em></strong></span> <span class='ocrx_word' id='word_1_907' title='bbox 2031 5760 2150 5814; x_wconf 89' lang='lat' dir='ltr'><strong><em>lacu</em></strong></span> <span class='ocrx_word' id='word_1_908' title='bbox 2190 5756 2414 5824; x_wconf 78' lang='lat' dir='ltr'><strong><em>Judtete,</em></strong></span> <span class='ocrx_word' id='word_1_909' title='bbox 2454 5757 2544 5829; x_wconf 83' lang='lat' dir='ltr'><strong><em>qui</em></strong></span> <span class='ocrx_word' id='word_1_910' title='bbox 2575 5764 2790 5812; x_wconf 83' lang='lat' dir='ltr'><strong><em>vocatur</em></strong></span> <span class='ocrx_word' id='word_1_911' title='bbox 2831 5751 3168 5833; x_wconf 60' lang='lat' dir='ltr'><strong><em>Asphaltites,</em></strong></span> <span class='ocrx_word' id='word_1_912' title='bbox 3207 5762 3344 5813; x_wconf 82' lang='lat' dir='ltr'><strong><em>certe</em></strong></span> <span class='ocrx_word' id='word_1_913' title='bbox 3386 5759 3519 5818; x_wconf 64' lang='lat' dir='ltr'><strong><em>temo</em></strong></span> 
     </span>
    </p>
   </div>
  </div>
