4064 6290
589 395 612 448 1
623 393 727 450 ΟΠ

1915 378 2161 435 LEONIS
2195 373 2461 433 ALLATII

3702 365 3872 420 102-5

582 525 708 582 pore
747 508 872 562 anni
911 513 1274 580 supernatans,
1303 485 1481 573 nequit
1501 489 1607 558 sibi
1637 503 1811 566 avelli,
1846 501 1914 556 ad
1948 519 2150 556 onmem
2182 509 2224 562 Α
2253 500 2422 564 disse,
2451 505 2577 569 post
2607 492 2994 549 circumcisum
3029 489 3408 582 Abraham,ret
3447 485 3651 582 multas
3687 485 3866 582 alia:

583 605 883 656 contactum
905 594 1198 654 adha'rens.
1224 607 1570 665 prteterquam
1597 594 1688 663 ﬁlo
1713 595 1850 666 quod
1884 595 1987 648 tale
2012 597 2152 649 virus

583 688 837 760 infecerit.
871 685 933 738 Et
984 683 1225 749 Solinus,
1269 687 1360 742 lib.
1392 703 1444 739 tv
1475 705 1487 740 :
1524 685 1764 740 Bitumen
1814 688 2052 740 nascitur
2099 687 2154 738 in

581 779 798 845 luctata,
838 778 975 850 quod
1013 778 1349 853 [Asphaltites
1392 780 1557 850 gignit
1585 779 1753 844 lacus,
1791 779 1918 834 adeo
1955 780 2154 834 lentum

583 874 804 929 mollitie
847 871 1137 940 glutinosa,
1185 880 1238 924 ut
1273 889 1306 925 a
1341 888 1395 926 se
1442 880 1660 941 nequeat
1695 872 1970 939 separari:
2015 873 2153 926 enim

581 980 700 1019 vero
721 965 768 1016 si
792 962 1100 1031 abrumpere
1129 974 1331 1030 partem
1362 963 1508 1027 velis,
1540 964 1849 1017 universitas
1875 975 2152 1034 sequetur;

583 1056 851 1125 scindique
896 1073 998 1109 non
1031 1064 1222 1125 potest,
1262 1057 1509 1126 quoniam
1552 1057 1606 1108 in
1651 1066 1901 1126 quantum
1928 1055 2155 1110 ducatur

580 1147 902 1211 extenditur,
945 1145 1032 1200 sed
1065 1147 1152 1200 ubi
1209 1146 1425 1199 admota
1462 1148 1660 1212 fuerint
1687 1163 1872 1200 cruore
1914 1146 2010 1198 illo
2041 1147 2154 1216 pol-

584 1241 699 1292 luta
734 1239 857 1308 ﬁla,
885 1250 1066 1308 sponte
1103 1239 1441 1308 dispergitur,
1468 1249 1516 1294 et
1556 1239 1817 1309 applicata
1847 1238 1962 1293 tabe
1989 1239 2155 1292 dedu-

581 1329 721 1382 citur
759 1329 916 1396 paulo
948 1337 1066 1381 ante
1121 1344 1307 1396 corpus
1356 1345 1536 1391 unum,
1589 1330 1747 1396 fitque
1785 1327 1848 1381 de
1878 1327 2154 1382 tenacitate

583 1434 816 1472 connexa
865 1418 1174 1486 contagione
1231 1418 1446 1486 partitio
1504 1419 1791 1486 repentina.
1849 1415 2150 1485 Iosephus:

585 1507 910 1580 Πληρώσασι
935 1507 992 1560 δὲ
1005 1506 1330 1560 ἀποκόπτειν
1356 1507 1414 1560 ού
1442 1507 1643 1577 ῥᾴδιον,
1663 1507 1796 1561 ἀλλὰ
1822 1507 1887 1560 δι’
1911 1507 2153 1559 εύτονίαν

582 1603 964 1673 προσήρτηται
1006 1599 1082 1671 τῷ
1124 1600 1401 1674 μηρύματι
1442 1600 1645 1669 σκάφος
1678 1600 1781 1664 ἕως
1811 1599 1874 1653 ἂν
1906 1601 2154 1671 ἐμμηνίῳ

582 1691 856 1762 γυναικῶν
883 1692 1072 1761 αἵματι
1105 1691 1196 1744 καὶ
1232 1691 1376 1764 οὔρῳ
1413 1691 1734 1745 διαλύσωσιν
1768 1691 1926 1744 αὐτὸν
1951 1687 2032 1755 οἷς
2062 1694 2155 1763 μό-

583 1801 696 1848 νοις
744 1784 889 1854 ἥκει.
927 1783 1204 1848 Brodzeus,
1260 1784 1358 1840 lib.
1387 1800 1461 1849 Iv,
1507 1800 1627 1853 cap.
1650 1783 1756 1850 25;
1799 1783 2153 1840 Possidonius

584 1876 857 1947 praestigia
894 1875 1009 1929 lucc
1050 1890 1171 1929 esse
1209 1885 1260 1930 et
1295 1875 1712 1940 incantationes,
1749 1875 1946 1944 quibus
1988 1875 2153 1930 dediti

584 1950 781 2019 accolae
807 1963 1120 2022 utebantur.
1159 1972 1218 2017 ut
1248 1964 1416 2019 refert.
1449 1965 1665 2030 Strabo,
1699 1965 1794 2018 lib.
1828 1982 1940 2020 va.

651 2053 765 2108 Col.
787 2053 908 2116 761,
945 2053 1038 2106 lin.
1075 2053 1160 2108 54.
1179 2053 1522 2108 Ἀλλάττιιν
1540 2053 1606 2108 δέ
1627 2071 1832 2124 φασιν.
1848 2053 2150 2125 Iosephus:

585 2145 810 2198 Ἐστιδὲ
832 2145 922 2198 ἐπὶ
939 2145 1112 2215 τούτῳ
1141 2145 1234 2198 καὶ
1265 2146 1296 2215 ἠ
1325 2146 1423 2216 τῆς
1452 2145 1617 2216 χρόας
1650 2146 1915 2218 μεταϐολὴ
1941 2145 2151 2216 Θαυμά-

584 2253 716 2301 σιος·
736 2237 854 2309 τρὶς
871 2237 980 2310 γὰρ
995 2238 1230 2306 ἑκάστης
1246 2237 1351 2308 ἡμέ
1361 2255 1457 2307 ρας
1475 2239 1571 2308 τὴν
1588 2237 1904 2307 ἐπιφάνειαν
1922 2237 2152 2292 ἁλάσσε-

581 2345 691 2392 ται,
718 2331 810 2384 καὶ
828 2331 963 2402 πρὸς
976 2329 1074 2394 τὰς
1087 2329 1319 2400 ἡλιακὰς
1349 2331 1572 2394 ἀκτῖνας
1599 2332 1854 2399 ἀνταυγεῖ
1871 2329 2151 2394 ποικίλως.

564 2436 570 2468 ι
649 2421 768 2477 Col.
801 2424 928 2487 764,
956 2423 1055 2478 lin.
1088 2425 1139 2478 1.
1171 2425 1280 2477 Kal
1319 2423 1468 2493 μετὰ
1515 2424 1627 2492 τὴν
1660 2425 1820 2494 ὀγδό.
1861 2423 2150 2493 Iosephus,

581 2515 763 2586 Antiq.
797 2516 892 2570 lib.
926 2533 942 2571 ι
970 2533 984 2570 :
1015 2515 1268 2570 Τίκτεται
1300 2517 1356 2570 δὲ
1392 2520 1520 2581 παῖς
1544 2519 1817 2588 ἑκατέρων
1841 2517 1915 2587 τῷ
1944 2517 2154 2588 ὑστάτῳ

581 2606 714 2670 Iret,
740 2605 798 2660 ὃν
821 2606 980 2671 εὐθὺς
1013 2609 1126 2677 μετ’
1150 2607 1339 2678 ὀγδόην
1374 2608 1586 2680 ἡμέραν
1622 2607 2025 2678 περιτέμνουσι,
2053 2607 2155 2673 κάξ

582 2697 792 2754 ἐκείνου
822 2698 958 2766 μετὰ
974 2699 1240 2764 τοσαύτας
1256 2700 1373 2764 ἔθος
1390 2700 1600 2771 ἔχουσιν
1632 2702 1680 2755 οἱ
1717 2701 1956 2754 Ἰουδαῖοι
1985 2704 2153 2754 ποιεῖ-

585 2789 710 2843 σθαι
753 2789 850 2853 τὰς
893 2791 1214 2861 περιτομάς.
1260 2790 1371 2845 Cur
1404 2800 1630 2846 octavus
1679 2791 1796 2845 dies
1845 2791 2153 2862 assignatus

583 2880 747 2938 fuerit
767 2884 1170 2938 circumcisioni
1189 2884 1326 2939 duas
1349 2885 1586 2940 rationes
1611 2885 1822 2956 attingit
1837 2884 2156 2957 Chrysostov

583 2987 731 3035 mus,
766 2973 819 3026 in
854 2970 1037 3028 Cenes.
1075 2974 1222 3029 hom.
1265 2974 1353 3038 59,
1390 2990 1511 3045 qua:
1543 2981 1726 3028 tamen
1770 2975 1992 3030 Pererio
2046 2991 2154 3030 non

583 3063 929 3120 satisfaciunt
953 3065 1008 3118 in
1035 3080 1154 3134 cap.
1180 3081 1314 3120 xvn.
1355 3063 1532 3131 Quare
1554 3065 1794 3135 explosis
1823 3065 1950 3127 illis,
1993 3067 2153 3121 aliam

2255 593 2530 647 nationes.
2591 587 2921 648 Herodotus,
2973 584 3010 639 Ι.
3063 597 3102 637 ιι
3138 601 3152 638 :
3187 579 3378 635 Virilia
3441 577 3862 632 circumcidunt

2257 682 2528 737 munditiw
2542 679 2736 751 gratia,
2760 677 2928 746 pluris
2951 675 3197 744 facientes
3224 689 3276 727 se
3293 669 3512 727 mundos
3533 687 3646 724 esse
3666 685 3856 740 quam

2255 775 2492 828 decoros.
2549 769 2858 827 Sacerdotes
2887 782 3085 838 quoque
3122 764 3204 818 die
3241 773 3406 816 totum
3453 778 3638 830 corpus
3701 778 3850 815 erav
3889 823 3891 826 ι

2254 865 2404 929 dunt,
2439 879 2499 916 ne
2519 861 2644 931 quid
2665 860 2740 915 eis
2775 860 2910 912 inter
2941 857 3155 910 deorum
3185 855 3406 919 cultum,
3444 863 3536 906 aut
3570 852 3844 921 pediculi,

2255 966 2346 1010 aut
2387 955 2603 1010 alterius
2629 952 2797 1006 sordis
2831 961 3050 1004 creetur.
3083 945 3238 1018 Apud
3271 944 3553 1016 Egyptios
3582 947 3842 1000 circum—

2254 1048 2392 1104 cisio
2438 1048 2492 1101 in
2523 1060 2587 1100 ea
2632 1045 2733 1098 fuit
2777 1041 3137 1098 aestimatione
3172 1047 3228 1092 ut
3275 1039 3407 1092 nulli
3438 1038 3542 1093 nisi
3582 1038 3840 1093 circum-

2255 1141 2373 1196 ciso
2405 1139 2472 1194 ad
2517 1137 2834 1208 dignitates,
2865 1144 2918 1190 et
2949 1136 3052 1190 alia
3094 1135 3317 1190 honoris
3347 1132 3658 1203 prazmiique
3699 1147 3836 1185 mu-

2255 1250 2386 1289 nera
2436 1238 2641 1304 pateret
2695 1229 2896 1283 aditus.
2945 1225 3234 1298 Origenes,
3284 1225 3381 1282 lib.
3418 1239 3456 1278 ιι
3508 1223 3830 1278 Comment.

2256 1325 2425 1393 Epist.
2463 1323 2530 1376 ad
2562 1322 2710 1376 Rom.
2737 1319 2921 1388 :Apud
2951 1318 3250 1389 AEgyptios,
3275 1315 3364 1387 qui
3407 1317 3461 1369 in
3489 1315 3834 1383 superstitio-

2255 1419 2406 1470 nibus
2444 1414 2786 1471 vetustissimi
2835 1423 2884 1468 et
2932 1412 3276 1467 eruditissimi
3324 1410 3672 1471 habebantur,
3704 1418 3756 1461 et
3794 1428 3826 1461 a

2253 1507 2438 1577 quibus
2469 1507 2643 1561 cwteri
2673 1521 2830 1576 prope
2860 1521 3032 1557 omnes
3067 1504 3225 1556 ritum
3269 1518 3543 1557 sacrorum
3597 1511 3646 1554 et
3680 1518 3830 1555 cere-

2255 1601 2456 1654 monias
2507 1600 2739 1653 mutuati
2771 1608 2912 1661 sunt,
2963 1599 3159 1660 nullus,
3218 1604 3310 1648 aut
3362 1597 3680 1666 geometritr,
3733 1604 3829 1648 au:

2255 1693 2554 1762 astrologia:
2583 1689 2846 1745 studebat.
2882 1698 2972 1742 aut
3005 1704 3243 1759 geneseos
3289 1696 3489 1742 secreta
3518 1688 3825 1740 rimabatur

2255 1785 2357 1837 nisi
2379 1785 2718 1837 circumcisus
2740 1791 2893 1836 esset.
2924 1779 3090 1834 Nemo
3116 1782 3234 1833 item
3263 1779 3401 1848 apud
3427 1779 3552 1834 illos
3576 1781 3826 1834 sacerdos

2253 1893 2364 1931 esse
2388 1884 2613 1946 poterat,
2649 1890 2810 1943 neque
2859 1887 3104 1941 aruspex,
3142 1888 3300 1942 neque
3345 1871 3697 1942 quorumlibet
3732 1891 3827 1927 sa-

2249 1984 2458 2021 crorum
2509 1967 2777 2028 minister,
2808 1982 2920 2023 nec.
2950 1974 3006 2017 ut
3050 1963 3130 2016 illi
3171 1965 3526 2032 appellabant,
3551 1967 3820 2034 propheta.

2251 2057 2354 2110 nisi
2390 2066 2544 2110 antea
2591 2055 2985 2108 circumcisione
3023 2053 3176 2124 quasi
3220 2065 3492 2124 purgatus,
3538 2064 3686 2126 atque
3717 2057 3819 2109 ini-

2251 2149 2416 2207 tiatus
2449 2148 2654 2218 fuisset.
2701 2146 2891 2200 Omnes
2926 2144 3309 2214 hierophantcs,
3346 2161 3621 2215 omnesque
3650 2158 3804 2212 vates,

2252 2252 2407 2310 atque
2457 2256 2633 2293 omnes
2682 2239 2787 2292 sive
2831 2237 2965 2300 ca'li,
3005 2246 3061 2289 ut
3111 2245 3298 2304 putant
3342 2237 3446 2300 illi,
3486 2237 3589 2290 sive
3618 2239 3804 2306 inferni

2251 2343 2440 2403 mystes
2462 2344 2509 2386 et
2541 2333 2779 2386 conscius
2807 2332 3006 2384 nullam
3040 2331 3180 2399 apud
3207 2347 3292 2384 eos
3317 2329 3476 2398 [idem
3515 2340 3555 2382 et
3579 2334 3797 2384 auctori-

2253 2430 2409 2478 tatem
2435 2421 2586 2476 habet
2617 2422 2863 2490 nulloque
2896 2421 2949 2475 in
2977 2421 3169 2475 honore
3195 2431 3291 2484 est,
3325 2420 3370 2473 si
3399 2420 3494 2474 hoc
3517 2430 3680 2474 careat
3703 2423 3801 2475 cir-

2251 2516 2591 2569 cumcisionis
2635 2515 2849 2585 insigni.
2893 2511 3177 2580 Quomodo
3225 2521 3404 2568 autem
3439 2529 3504 2568 ex
3554 2513 3810 2567 Abraham

2253 2607 2514 2681 Egyptii,
2557 2615 2854 2678 gentesque
2896 2607 3013 2662 alia:
3056 2607 3222 2660 ritum
3261 2606 3694 2661 circumcisionis
3731 2622 3815 2659 ac-

2253 2702 2500 2772 ceperint
2545 2701 2793 2770 pluribus
2834 2699 3182 2770 prosequitur
3213 2697 3505 2769 Gregorius
3541 2697 3816 2751 Thauma-

2252 2798 2460 2862 turgus,
2481 2791 2676 2846 Catena
2699 2791 2749 2843 in
2775 2789 3112 2851 Hieremiam,
3135 2804 3255 2859 cap.
3279 2804 3353 2849 Ix,
3375 2788 3474 2853 26;
3497 2804 3650 2858 quem
3667 2789 3814 2844 vide.

2323 2881 2482 2948 lbid.,
2513 2883 2610 2937 lin.
2643 2881 2695 2936 8.
2725 2879 2964 2949 Μήποτε
2996 2880 3166 2952 μετά.
3218 2881 3418 2937 Eadem
3468 2881 3624 2940 habet
3664 2879 3818 2936 lose-

2254 2974 2416 3046 phus,
2457 2975 2634 3045 Antiq.
2668 2973 2762 3029 lib.
2797 2991 2837 3037 ι,
2883 2989 3004 3044 cap.
3048 2974 3147 3030 l5:
3181 2973 3302 3028 Pari
3347 2974 3579 3040 ratione,
3614 2983 3668 3030 et
3697 2974 3816 3029 aliis

2256 3066 2380 3124 ﬁliis
2420 3067 2668 3122 Ccthuraz
2711 3067 2851 3123 natis
2900 3067 3132 3137 largitus
3178 3075 3262 3122 est
3297 3082 3541 3133 munera,
3592 3075 3651 3123 ut
3701 3077 3818 3138 post

585 3153 643 3209 in
672 3156 906 3210 medium
933 3155 1174 3219 adducit,
1210 3164 1264 3210 et
1288 3157 1457 3212 variis
1484 3158 1819 3227 argumentis
1849 3157 2149 3213 conﬁrmat.
2181 3187 2225 3248 ε
2258 3167 2482 3215 mortem
2510 3174 2540 3213 a
2567 3160 2767 3214 talione
2789 3161 2992 3214 levaret
3025 3158 3196 3222 Isaac,
3223 3159 3544 3230 sedaretque
3569 3159 3815 3227 dissidia,

584 3240 695 3300 Nec
727 3261 792 3299 ex
827 3246 928 3300 hoc
954 3245 1225 3301 Eustathii
1269 3247 1392 3302 loco
1437 3247 1707 3302 Abraham
1745 3247 1982 3302 divinum
2013 3264 2152 3318 prmo

586 3345 802 3406 ceptum
847 3337 1083 3394 violasse
1121 3337 1599 3407 deprehendimus,
1649 3355 1773 3394 cum
1817 3354 1927 3395 non
1961 3349 2155 3398 octavo

584 3426 696 3492 die,
734 3437 794 3483 ut
840 3427 984 3486 Deus
1033 3437 1387 3502 praeceperat,
1422 3431 1517 3486 sed
1567 3438 1690 3502 post
1732 3437 1983 3487 octavum
2011 3432 2154 3490 diem

585 3522 755 3577 alium
797 3538 956 3578 suum
990 3524 1354 3578 circumcidit.
1401 3522 1658 3591 Quamvis
1692 3523 1837 3580 enim
1881 3527 1998 3581 sine
2030 3540 2156 3594 pec-

583 3622 711 3668 cato
739 3614 1215 3670 circumcisionem
1238 3614 1457 3670 dill'erre
1484 3623 1667 3686 posset
1691 3616 1845 3672 novis
1874 3632 2156 3686 emergen-

583 3707 730 3761 tibus
762 3707 966 3769 causis,
1011 3714 1190 3761 tamen
1233 3707 1348 3776 ipse
1378 3705 1693 3760 mandatum
1740 3704 1834 3761 Dei
1873 3707 2154 3776 explevit:

584 3797 662 3852 ita
691 3805 871 3851 autem
921 3796 1136 3852 locutus
1181 3793 1269 3852 est
1317 3795 1654 3858 Eustathius,
1699 3795 2154 3867 quemadmodum

585 3893 641 3942 et
675 3884 966 3956 Iosephus,
993 3888 1040 3942 si
1064 3903 1147 3942 me
1177 3903 1284 3942 non
1317 3886 1455 3940 fallit
1495 3887 1699 3958 opinio,
1729 3897 1787 3940 ut
1811 3886 2156 3942 demonstra-

585 3986 696 4041 ret,
730 3989 861 4034 tunc
909 3995 1137 4048 puerum
1171 3995 1293 4036 esse
1319 3979 1842 4044 circumcidendum,
1882 3994 2005 4035 cum
2041 3980 2154 4049 jam

583 4066 708 4122 dies
741 4076 863 4122 octo
893 4069 1184 4139 explesset,
1223 4076 1275 4122 et
1317 4068 1526 4123 videtur
1565 4069 1686 4124 elici
1727 4087 1791 4124 ex
1823 4070 1954 4139 ipsis
1979 4074 2156 4127 verbis

589 4152 906 4223 Scriptum,
928 4171 1050 4226 cap.
1077 4173 1181 4210 xvn
1210 4176 1222 4210 :
1252 4156 1440 4226 Infans
1458 4169 1573 4212 octo
1601 4159 1802 4214 dierum
1820 4161 2158 4215 circumcide~

590 4257 678 4301 tur
706 4247 759 4300 in
790 4247 929 4302 vobis
970 4266 1118 4303 omne
1165 4251 1532 4314 masculinum,
1568 4261 1673 4308 etc.
1717 4252 1856 4324 Ergo
1905 4255 1987 4309 vel
2039 4256 2157 4325 ipso

588 4346 784 4392 octavo
813 4337 920 4404 die,
949 4339 1029 4392 vel
1066 4354 1132 4392 eo
1165 4341 1395 4409 expleto.
1452 4341 1668 4406 Strabo,
1703 4343 1798 4397 lib.
1831 4361 1960 4407 xvu,
2004 4351 2157 4414 putat

587 4428 754 4484 etiam
787 4427 1015 4484 feminas
1044 4415 1258 4486 Judaias
1298 4442 1624 4502 amputatas,
1657 4434 1802 4506 quod
1842 4436 1922 4489 uti
1958 4435 2154 4491 falsum

2255 3261 2307 3306 et
2338 3251 2736 3314 contentiones,
2778 3265 2898 3320 qua:
2925 3260 3138 3304 mortuo
3162 3250 3251 3303 illo
3280 3258 3525 3319 poterant
3555 3251 3608 3304 in
3637 3267 3819 3306 rerum

2253 3342 2520 3398 divisione
2551 3342 2705 3398 oriri.
2736 3341 3066 3412 Cajetanus:
3099 3340 3240 3405 Ideo,
3274 3341 3468 3410 inquit,
3500 3340 3642 3394 dona
3671 3341 3822 3397 dedit

2255 3431 2520 3485 Abraham
2549 3431 2678 3500 ﬁliis
2712 3432 3140 3496 concubinarum,
3178 3439 3227 3484 et
3265 3429 3467 3484 dimisit
3497 3446 3586 3485 eos
3622 3448 3655 3484 a
3686 3447 3826 3487 cura

2256 3541 2374 3590 sua,
2407 3534 2462 3578 ut
2500 3533 2806 3578 exoneraret
2845 3523 3002 3578 Isaac
3031 3524 3195 3593 ﬁlium
3223 3540 3372 3576 suum
3405 3523 3468 3575 ab
3510 3541 3666 3577 onere
3693 3542 3822 3593 pro-

2256 3616 2463 3671 videndi
2493 3617 2622 3672 illis.
2660 3615 3001 3670 lncumbebat
3039 3617 3171 3670 enim
3208 3615 3361 3669 Isaac
3386 3615 3584 3670 han-edi
3615 3617 3814 3670 univcr-

2256 3711 2360 3765 sali
2407 3727 2536 3764 cura
2580 3710 2885 3779 providendi
2935 3709 3195 3780 fratribus
3250 3711 3357 3763 suis
3409 3707 3473 3761 ab
3522 3708 3812 3762 htereditate

2254 3799 2481 3855 exclusis
2529 3813 2548 3854 :
2596 3799 2856 3869 ejusmodi
2925 3798 3064 3851 enim
3123 3797 3429 3851 exoneratio
3473 3795 3812 3865 signiﬁcatur,

2255 3889 2498 3952 dicendo,
2543 3898 2598 3945 ut
2642 3898 2719 3943 est
2760 3890 2811 3941 in
2873 3886 3117 3951 llebrteo,
3152 3885 3220 3939 Et
3278 3885 3425 3938 misit
3478 3901 3560 3938 eos
3601 3883 3813 3951 desuper

2258 3981 2415 4036 Isaac
2455 3980 2577 4034 dum
2619 3980 2788 4034 adhuc
2817 3981 2925 4050 ipse
2955 3981 3158 4043 viveret,
3191 3989 3437 4050 tanquam
3464 3976 3637 4030 tollens
3661 3991 3811 4038 onus,

2255 4073 2393 4143 quod
2420 4083 2533 4128 erat
2556 4090 2711 4143 super
2741 4071 2922 4136 Isaac,
2955 4082 3002 4127 et
3034 4074 3157 4143 quia
3186 4071 3296 4125 hac
3324 4070 3583 4124 exsecutio
3613 4069 3706 4138 fuit
3737 4068 3816 4120 ul-

2258 4167 2387 4218 tima
2420 4183 2500 4220 res
2534 4175 2677 4236 gesta
2712 4165 2776 4219 ab
2807 4165 3074 4218 Abraham
3116 4165 3542 4232 prudentissime,
3575 4161 3686 4215 ideo
3724 4159 3818 4213 ad-

2249 4257 2516 4329 jungitur,
2547 4256 2683 4327 quod
2713 4257 2835 4326 fecit
2866 4257 2991 4310 dum
3025 4256 3195 4310 adhuc
3227 4257 3334 4325 ipse
3358 4257 3566 4310 viveret.

2327 4349 2484 4417 lbid.,
2521 4349 2616 4403 lin.
2656 4349 2736 4404 lt).
2785 4347 3094 4418 Κατέσχον
3147 4347 3317 4419 γοῦν.
3366 4347 3658 4417 Josephus,
3692 4361 3814 4400 ινιτ

2259 4441 2416 4499 Οὗτοι
2446 4446 2623 4499 πᾶσαν
2655 4445 2753 4517 τὴν
2783 4447 2878 4499 ἀπ’
2900 4443 3181 4516 Εὐφράτου
3205 4445 3296 4498 καὶ
3317 4443 3658 4515 καθήκουσαν
3689 4444 3820 4516 πρὸς

587 4531 642 4577 et
683 4521 971 4577 ridiculum
1011 4523 1186 4592 rejicit
1209 4523 1440 4590 Delrius,
1475 4525 1659 4582 Genes.
1692 4544 1812 4600 cap.
1845 4545 1976 4583 xvn.
2011 4528 2154 4588 Rab-

2256 4537 2353 4608 τὴν
2405 4537 2669 4609 Ἐρυθρὰν
2710 4513 3344 4598 θάλασσα-λίκατοικοῦσι,
3385 4513 3694 4610 Ναεατινὴν

589 4613 704 4668 bini
747 4615 964 4684 quidam
998 4616 1186 4670 dicunt
1219 4632 1312 4672 eas
1348 4634 1445 4688 pro
1474 4619 1891 4678 circumcisione
1921 4625 2153 4692 quadam

591 4718 747 4776 aqua:
778 4707 1099 4764 lustratione
1137 4709 1280 4764 haud
1325 4711 1560 4769 absimili
1596 4712 1866 4783 baptismo
1911 4729 2058 4780 usas,
2097 4723 2156 4769 ut

591 4807 777 4856 narrat
800 4799 959 4858 Joan.
993 4801 1334 4868 Benedictus,
1361 4805 1455 4860 lib.
1497 4819 1516 4861 ι
1555 4804 1789 4861 Summe
1813 4805 1879 4861 de
1907 4808 2155 4877 peccatis,

592 4904 715 4959 cap.
753 4891 804 4945 7.

662 4981 816 5041 lbid.,
872 4982 968 5037 lin.
1024 4983 1075 5037 4.
1123 4984 1361 5052 Ἄραϐες
1419 4984 1546 5056 γάρ.
1597 4985 1901 5057 Joscphus.
1962 4989 2057 5043 lib.
2116 5005 2156 5055 ι,

593 5087 713 5142 cap.
745 5073 830 5138 l3,
867 5075 1080 5144 Antiq.:
1116 5078 1349 5148 ’Ἄραϐες
1377 5080 1432 5132 δὲ
1468 5078 1603 5151 μετᾶ
1634 5080 1750 5143 ἔτος
1785 5083 2156 5156 τρισκαιδέκαη

592 5179 718 5216 τονο
777 5165 1058 5236 Ἰσμαῆλος
1112 5167 1216 5238 γὰρ
1267 5171 1295 5221 ὁ
1341 5170 1560 5240 κτίστης
1604 5170 1778 5224 αὐτῶν
1811 5174 1903 5227 τοῦ
1953 5175 2154 5237 ἔθνους,

605 5256 878 5328 ’Λΰράμου
907 5259 1189 5328 γενόμενος
1216 5263 1280 5314 ὲκ
1307 5263 1404 5333 τῆς
1426 5264 1705 5336 παλλακῆς
1729 5268 1785 5319 ἐν
1811 5267 1981 5338 τούτῳ
2006 5283 2160 5338 περι-

593 5360 849 5421 τέμνεται
881 5351 959 5421 τῷ
1003 5351 1198 5422 χρόνῳ.
1228 5351 1290 5405 Et
1313 5354 1380 5407 ab
1407 5354 1492 5410 his
1522 5355 1826 5428 Egyplios,
1873 5357 2157 5414 thnices

592 5451 648 5494 ιιι
670 5443 806 5500 alios
831 5443 989 5496 ritum
1019 5443 1453 5500 circutncisiunis
1476 5450 1752 5517 accepisse
1781 5449 1911 5504 nulli
1936 5450 2156 5504 dubium

595 5544 716 5588 esse
743 5529 922 5594 debet,
956 5529 1059 5584 etsi
1092 5532 1249 5586 aliter
1280 5534 1477 5586 sentiat
1510 5533 1835 5604 Herodotus,
1867 5540 1960 5608 qui
1989 5538 2159 5593 Palae-

596 5623 772 5684 stinos
805 5623 872 5680 ab
911 5621 1180 5703 Egyptiis
1221 5623 1323 5680 hoc
1348 5626 1604 5683 didicisse
1632 5630 1818 5686 refert.
1855 5629 1990 5686 lllud
2033 5647 2158 5703 pro-

590 5713 738 5794 lecto
783 5702 1133 5785 manifestum
1173 5727 1277 5783 est,
1321 5728 1443 5775 ante
1483 5723 1954 5793 circumcisionem
1987 5702 2157 5796 ipsius

599 5801 830 5874 Abrahae
883 5807 1090 5864 nullum
1137 5825 1404 5876 nusquam
1456 5799 1725 5871 hominem
1770 5833 1827 5873 se
1866 5819 2154 5874 circumci-

2257 4627 2440 4704 χώραν
2474 4627 2874 4698 ὠνομάσαντες.
2906 4629 3025 4680 Εἰσὶ
3057 4627 3112 4685 δὲ
3155 4621 3298 4684 οὗτοι
3339 4631 3388 4685 οἳ
3427 4629 3535 4684 τῶν
3580 4630 3818 4702 Ἀράϐων

2257 4717 2550 4782 {evocata
2582 4716 2680 4784 τὰς
2713 4719 2881 4788 φυλὰς
2913 4720 3006 4775 ἀπ’
3052 4722 3230 4776 αὐτῶν
3260 4721 3486 4774 καλοῦσι
3517 4720 3607 4774 διά
3635 4739 3694 4774 τε
3726 4723 3817 4792 τὴν

2258 4809 2456 4882 ἀρετὴν
2489 4807 2664 4865 αὐτῶν
2693 4813 2785 4866 καὶ
2815 4813 2900 4866 διὰ
2931 4813 2991 4866 τὸ
3037 4814 3308 4885 Ἀϐράμου
3342 4813 3573 4884 ἀξίωμα.

2327 4899 2487 4968 lbid.,
2522 4901 2619 4957 lin.
2658 4904 2741 4958 15.
2783 4903 2836 4957 Ὀ
2874 4905 3015 4971 Θεὸς
3040 4904 3145 4959 τὸν
3180 4905 3396 4961 Ἰσαάκ.
3437 4904 3633 4960 Eadem
3665 4903 3818 4961 Iose-

2256 4995 2419 5066 phus,
2451 4996 2629 5068 Antiq.
2665 4995 2758 5053 lib.
2789 5012 2827 5064 ι¹¹
2871 5013 2992 5067 cap.
3045 4997 3130 5061 14,
3183 4997 3276 5052 ubi
3318 5005 3372 5054 et
3416 4997 3564 5052 Isaac
3595 4999 3726 5053 dum
3755 4996 3816 5053 ad

2259 5088 2587 5142 sacriﬁcium
2622 5088 2984 5145 immolandos
3009 5089 3322 5152 duceretur,
3355 5089 3523 5144 fuisse
3545 5089 3711 5144 tradit
3736 5091 3814 5143 vi-

2257 5179 2391 5248 ginti
2426 5180 2666 5250 quinque
2703 5194 2990 5235 annorum.
3026 5181 3175 5236 Aben
3219 5181 3352 5236 Ezra
3386 5182 3694 5248 duodecim,
3722 5183 3818 5238 lle-

2258 5267 2388 5324 brzci
2417 5270 2638 5339 triginta
2677 5279 2900 5340 septem.
2949 5268 3143 5326 Verum
3175 5267 3396 5342 Iosephi
3427 5272 3697 5327 sententia
3735 5286 3818 5324 ra-

2258 5360 2571 5415 tionabilior
2615 5359 2850 5425 videtur,
2892 5375 2992 5416 nec
3028 5364 3173 5416 enim
3219 5379 3483 5417 annorum
3515 5361 3700 5418 decem
3738 5362 3817 5415 vel

2258 5452 2544 5507 duodecim
2585 5452 2735 5506 Isaac
2779 5454 2834 5508 in
2876 5469 3104 5508 ascensu
3135 5454 3334 5511 montis
3361 5454 3534 5509 arduo
3575 5463 3628 5510 et
3671 5455 3817 5508 labo~

2261 5545 2428 5610 rioso,
2448 5546 2501 5599 in
2526 5553 2630 5599 tam
2652 5554 2834 5600 tenera
2857 5554 3035 5611 aetate,
3074 5548 3286 5617 pondus
3316 5549 3587 5619 lignorum
3620 5547 3685 5601 ad
3716 5547 3815 5601 ho-

2262 5638 2562 5691 locaustum
2599 5635 2738 5692 ferre
2769 5640 3056 5708 potuisset,
3085 5649 3138 5694 et
3165 5639 3386 5710 triginta
3417 5648 3623 5710 septem
3652 5640 3816 5696 nimis

2260 5734 2569 5798 provectus,
2603 5741 2701 5782 nec
2727 5744 2860 5798 puer
2890 5745 2919 5781 a
2955 5727 3237 5800 Scriptura
3259 5731 3382 5799 jure
3408 5730 3667 5800 appellari
3690 5745 3814 5799 pos-

2262 5826 2361 5872 set.
2389 5816 2464 5872 ει
2503 5834 2610 5892 quo
2646 5819 2844 5875 Paulus
2876 5819 3170 5898 Bnygensis
3200 5821 3630 5895 argumeﬁtatur,
3666 5817 3816 5875 lsaae
