4064 6290
320 352 456 405 i025

1397 344 1460 400 IN
1502 341 1870 400 EESTATHll
1908 337 2379 397 HEXAEMERON
2413 337 2642 395 ΝΟΤᾹΖ.

3401 337 3423 390 ί
3435 332 3536 392 026

316 477 448 522 tunc
486 479 594 518 non
641 460 809 518 fuisse
852 462 1110 532 majorem
1144 460 1354 518 decimo
1392 463 1602 532 quinto,
1649 461 1871 530 ideoque

2044 459 2205 518 Ibid..
2263 459 2358 512 lin.
2401 456 2489 510 27.
2543 453 2631 519 Τῷ
2676 451 2796 516 θεῷ
2838 451 2944 520 γάρ
2981 466 3071 504 σε.
3102 448 3390 520 Perperam
3423 452 3535 516 [ire

316 558 458 614 hanc
488 555 729 611 ultimam
765 555 1089 610 sententiam
1132 553 1354 610 refellit.
1395 552 1592 610 Verum
1628 561 1688 607 ut
1720 553 1871 607 futile

315 650 388 706 sit
425 648 528 702 hoc
562 653 942 715 argumentum
981 644 1066 698 vel
1092 643 1162 698 iis
1191 644 1283 716 qui
1316 643 1554 698 nondum
1581 641 1872 712 Scriptura:

314 753 488 797 sacra:
518 751 679 794 sensa
710 736 1088 806 degustarunt,
1119 749 1228 789 non
1258 735 1455 804 quibus
1491 737 1546 787 in
1583 734 1652 789 iis
1683 748 1872 804 sapere

315 829 631 900 etjudicare
653 826 837 881 datum
866 833 971 891 est,
1003 823 1350 880 manifestum
1380 831 1623 895 apparet.

385 942 503 999 Col.
537 941 656 1008 761,
699 940 794 994 lin.
819 939 906 994 16.
939 939 1061 994 Ἐπ’
1084 940 1402 1008 ἀκρωρείας
1430 939 1607 1004 τινός.
1660 935 1872 992 Hebraei

318 1036 543 1090 tradunt
577 1033 632 1088 in
664 1033 765 1089 hoc
794 1032 986 1088 eodem
1017 1039 1197 1085 monte
1227 1031 1382 1096 Abel,
1407 1039 1462 1085 et
1492 1029 1625 1085 Cain
1660 1027 1870 1085 sacriﬁ-

318 1144 495 1191 casse,
529 1133 583 1181 ct
606 1133 728 1196 post
751 1123 1014 1180 diluvium
1040 1122 1172 1184 Noe.
1208 1128 1371 1192 atque
1408 1121 1464 1174 in
1497 1135 1561 1175 eo
1598 1120 1717 1188 ipso
1751 1125 1871 1190 post

317 1219 484 1272 multa
505 1216 702 1272 saecula
732 1216 987 1284 templum
1012 1227 1042 1266 a
1066 1213 1356 1267 Salomone
1381 1218 1738 1266 exstructum.
1762 1210 1873 1263 Au-

315 1312 587 1382 gustinus,
621 1324 786 1364 serm.
822 1307 889 1362 de
932 1311 1104 1376 temp.
1133 1305 1196 1359 Ἠ
1226 1324 1241 1360 :
1267 1303 1460 1358 Audite
1505 1301 1640 1358 illud
1690 1319 1875 1357 sacra-

313 1409 566 1462 mentum,
599 1398 787 1466 fratres
830 1395 1160 1459 sharissimi,
1208 1393 1561 1464 Hieronymus
1608 1391 1874 1461 presbyter

316 1489 547 1557 scripsit,
577 1503 630 1539 se
672 1485 737 1539 ab
771 1485 999 1554 antiquis
1041 1495 1089 1538 et
1127 1483 1415 1537 senioribus
1451 1481 1654 1537 Judazis
1685 1482 1870 1536 certis-

317 1585 447 1636 sime
472 1580 785 1652 cognouisse,
813 1578 950 1648 quod
993 1577 1066 1631 ibi
1114 1577 1416 1632 immolatus
1459 1577 1526 1630 sit
1577 1575 1753 1639 Isaac,
1785 1573 1872 1628 ubi

315 1681 496 1742 postea
537 1671 777 1726 Christus
825 1670 1110 1737 cruci/ius
1149 1677 1247 1722 est.
1295 1667 1456 1730 Beda,
1489 1667 1566 1722 De
1597 1667 1723 1720 locis
1751 1683 1873 1720 san-

316 1766 436 1829 ctis,
467 1778 588 1834 cap.
611 1763 672 1817 2:
702 1759 768 1816 In
795 1761 910 1816 loco
945 1772 1116 1814 autem
1141 1760 1256 1823 illo,
1279 1775 1380 1828 quo
1407 1756 1675 1811 Abraham
1699 1757 1872 1810 altare

315 1856 385 1908 ad
426 1853 803 1908 immolandum
842 1854 1011 1924 ﬁlium
1050 1853 1363 1914 construxit,
1409 1867 1586 1904 mensa
1602 1859 1679 1904 est
1704 1850 1871 1919 lignea

315 1961 499 2014 parva,
520 1947 575 1999 in
606 1961 709 2016 qua
747 1959 1033 2014 pauperum
1067 1943 1404 2013 eleemosynae
1427 1941 1595 1995 solent
1626 1956 1658 1994 a
1683 1939 1872 2010 populo

315 2036 534 2108 deferri.

301 2158 305 2162 '
384 2149 543 2216 lbid.,
577 2149 674 2203 lin.
717 2148 802 2204 19.
844 2144 912 2201 Ὦ
959 2148 1076 2210 παῖ,
1107 2146 1360 2216 μυρίαις.
1400 2143 1526 2199 Ilaec
1546 2145 1775 2200 Abrahae
1803 2143 1872 2198 ad

315 2242 466 2298 lsaac
503 2243 680 2296 oratio
732 2241 1005 2310 exscripta
1046 2247 1130 2294 est
1174 2245 1285 2293 tota
1329 2253 1398 2292 ex
1445 2235 1665 2306 Josephi
1711 2236 1806 2291 lib.
1854 2253 1872 2290 ι

318 2337 496 2405 Antiq.
531 2348 654 2402 cap.
687 2331 776 2386 M.

383 2437 546 2501 lbid.,
576 2438 672 2492 lin.
703 2438 794 2491 2|.
824 2439 942 2491 Οὐκ
969 2437 1138 2492 ἐστιν
1171 2435 1260 2491 ὄτι
1286 2436 1393 2506 μή.
1433 2434 1625 2491 Munus
1651 2435 1756 2491 hoc
1778 2451 1874 2508 pa-

317 2537 553 2596 ternum,
581 2529 719 2584 filios
742 2529 815 2582 ita
843 2528 1126 2584 eﬂ'ormare
1160 2537 1218 2583 ut
1247 2530 1314 2582 ad
1336 2528 1725 2598 capessendam
1752 2529 1877 2585 bea-

318 2621 604 2676 titudinem
656 2621 821 2691 inepti
861 2637 970 2675 non
1013 2621 1142 2676 sint.
1189 2620 1319 2688 Qum
1369 2621 1618 2676 humana:
1666 2629 1873 2678 naturae

319 2711 443 2766 finis
474 2725 537 2765 ac
574 2709 805 2766 felicitas
848 2719 963 2776 est;
1011 2712 1111 2765 hoc
1151 2711 1299 2765 omni
1334 2726 1466 2766 cura
1496 2727 1559 2765 ac
1596 2711 1871 2784 diligentia

317 2801 736 2872 procurandum,
790 2810 982 2857 czctera
1029 2804 1445 2858 contemnenda.
1489 2803 1663 2872 Plato,
1715 2805 1807 2860 lib.
1837 2821 1870 2859 ν

316 2893 396 2948 De
431 2892 631 2962 repub.,
681 2894 872 2949 suadet
916 2893 970 2948 in
1000 2893 1284 2964 gignendis
1318 2893 1504 2949 liberis
1539 2909 1634 2949 eos
1667 2893 1869 2948 imitari

317 2987 411 3057 qui
439 2987 740 3043 belluarum
773 2986 1002 3041 studiosi
1032 2987 1163 3040 dant
1196 3000 1438 3056 operam,
1467 2994 1525 3040 ut
1550 3002 1615 3041 ex
1649 2986 1870 3057 cptimis

316 3078 565 3143 canibus,
589 3080 764 3149 equis,
789 3086 841 3134 et
871 3078 1060 3133 avibus
1079 3079 1282 3148 optima
1312 3079 1519 3132 oriatur
1540 3079 1741 3148 proles.
1768 3076 1870 3132 De-

1972 550 2118 606 dicta
2142 565 2171 603 a
2195 547 2428 620 Josepho
2450 543 2697 616 Lyranus
2719 541 3021 607 contendit,
3046 542 3191 613 quod
3213 543 3338 598 facit
3362 542 3536 598 Abra'o

1971 643 2097 696 bam
2126 641 2438 696 credentem
2462 639 2538 696 ita
2569 639 2892 693 moriturum
2921 635 3094 692 fuisse
3128 635 3298 699 Isaac,
3329 644 3388 689 ut
3418 635 3536 704 ejus

1972 736 2152 788 anima
2175 740 2436 803 perpetuo
2460 729 2602 800 apud
2635 728 2804 787 Deum
2833 737 3096 789 maneret,
3128 741 3228 781 nec
3253 741 3443 782 rursus
3465 726 3534 784 ad

1969 825 2138 882 vitam
2172 823 2416 882 reditura
2445 832 2628 886 esset;
2652 820 2704 876 id
2732 822 2876 877 enim
2916 819 3110 875 fuisset
3150 828 3337 874 contra
3375 819 3531 876 fidem

1970 919 2281 973 divinarum
2312 915 2736 985 promissionum
2765 914 2831 968 de
2872 911 3054 966 futura
3087 910 3235 965 lsaac
3258 913 3531 982 progenie,

1971 1024 2133 1080 quam
2189 1006 2582 1069 ﬁrmissimam,
2644 1013 2807 1075 atque
2864 1004 3245 1059 inconcussam
3300 1002 3533 1058 habebat

1971 1099 2263 1160 Abraham.
2295 1097 2599 1154 certissime
2627 1095 2854 1151 credens
2886 1095 3050 1149 Deum
3082 1110 3272 1150 rursus
3294 1093 3446 1150 Isaac
3464 1109 3532 1150 ex

1974 1189 2204 1244 mortuis
2247 1196 2631 1243 revocaturum
2676 1186 2743 1240 ad
2773 1187 2974 1251 vitam;
3010 1183 3154 1254 quod
3201 1199 3330 1240 sane
3364 1183 3431 1239 de
3467 1195 3534 1239 eo

1972 1282 2192 1338 disertis
2217 1280 2399 1336 verbis
2425 1277 2748 1334 testificatus
2773 1285 2856 1333 est
2875 1276 3077 1332 Paulus
3098 1276 3161 1330 ad
3182 1275 3434 1332 Hebraeos
3457 1292 3532 1331 x1.

1973 1375 2128 1442 Quod
2178 1381 2561 1445 argumentum
2609 1386 2772 1442 quam
2817 1372 2888 1425 sit
2939 1369 3100 1424 inane
3143 1370 3374 1424 lectione
3416 1369 3534 1440 ipsa

1972 1476 2156 1522 textus
2186 1467 2320 1521 satis
2351 1473 2594 1535 apparet.

2043 1557 2199 1621 lbid.,
2228 1557 2320 1611 lin.
2345 1556 2435 1611 28.
2476 1555 2704 1610 Τούτων
2723 1553 3010 1618 ἀκούσας.
3035 1551 3324 1621 .osephus.
3349 1551 3533 1622 Antiq.

1975 1649 2069 1704 lib.
2105 1650 2402 1710 ιεἹσακος
2435 1645 2512 1709 δὲ,
2559 1646 2762 1717 πατρὸς
2801 1644 2906 1715 γὰρ
2943 1639 3010 1714 ἦν
3054 1643 3166 1695 οῖου
3208 1642 3537 1713 τετυχηκότα

1972 1737 2218 1805 γενναῖον
2256 1735 2426 1788 ἐδεῖτο
2457 1733 2710 1805 φρόνημα
2743 1727 2902 1796 εἶναι,
2933 1732 3145 1802 δέχεται
3180 1730 3314 1802 πρὸς
3345 1731 3535 1801 ἡδονήν

1971 1829 2095 1892 τοὺς
2121 1827 2329 1895 λόγους
2371 1825 2464 1878 καὶ
2511 1825 2712 1896 φήσας.
2742 1823 2815 1887 ὡς
2853 1823 2972 1876 οὐδὲ
3000 1823 3278 1890 γεγονέναι
3308 1823 3405 1892 τὴν
3433 1824 3534 1894 ἀρε

1972 1919 2070 1990 χὴν
2100 1914 2166 1989 ἧν
2199 1918 2421 1980 δίκαιος,
2469 1917 2520 1968 εἰ
2553 1915 2687 1968 Θεοῦ
2738 1915 2832 1968 καὶ
2871 1915 3074 1986 πατρὸς
3126 1913 3308 1984 μέλλει
3355 1913 3534 1986 κρίσιν

1971 2007 2330 2070 ἀπωθεῖσθαι,
2365 2007 2457 2060 καὶ
2486 2007 2562 2077 μὴ
2591 2005 2852 2076 παρέχειν
2883 2005 3181 2078 αὑτὸνντοῖς
3212 2005 3532 2075 ἀμφοτέρων

1975 2101 2134 2172 βουλή
2145 2117 2304 2171 μασιν
2336 2098 2586 2169 ἑτοίμως,
2609 2099 2697 2150 ὅτε
2726 2097 2820 2150 καὶ
2847 2097 3004 2167 μόνου
3026 2096 3119 2149 τοῦ
3146 2096 3344 2167 πατρὸς
3362 2095 3534 2150 ταῦτα

1971 2188 2398 2261 προαιρουμένου
2447 2188 2521 2259 μὴ
2570 2186 2864 2240 ὑπακούειν
2917 2187 3099 2240 ἄδικον
3146 2183 3234 2259 ἦν,
3279 2185 3535 2260 ὥρμησεν

1972 2282 2064 2334 ἐπὶ
2092 2282 2180 2336 τὸν
2214 2279 2394 2351 βωμὸν
2425 2281 2517 2334 καὶ
2547 2279 2643 2350 τὴν
2677 2281 2910 2348 σφαγήν.

2048 2372 2207 2438 lbid.,
2247 2373 2344 2427 lin.
2382 2372 2472 2427 45.
2519 2371 2572 2424 Ὀ
2605 2371 2672 2426 δὲ
2703 2372 2847 2437 Θεὸς
2878 2371 3011 2438 τήν.
3049 2371 3352 2428 Alexander
3377 2370 3536 2444 Poly-

1972 2465 2145 2521 histor
2171 2465 2312 2535 apud
2336 2463 2656 2526 Eusebium,
2683 2461 2762 2518 De
2781 2474 3069 2532 praeparat.
3092 2463 3290 2534 Euang.
3320 2465 3415 2518 lib.
3445 2478 3532 2520 Ix:

1970 2557 2106 2612 Μετ’
2134 2557 2194 2609 οὐ
2224 2556 2387 2609 πολὺν
2409 2555 2464 2608 δὲ
2497 2555 2686 2627 χρόνον
2714 2555 2804 2608 τὸν
2834 2556 2965 2609 Θεὸν
2996 2553 3336 2627 τῷᾌϐραὰμ
3363 2571 3534 2626 προσ-

1968 2646 2124 2713 τάξαι
2169 2645 2352 2700 Ἰσαὰκ
2392 2647 2482 2700 τὸν
2544 2647 2657 2699 υἱὸν
2698 2646 3078 2713 ὀλοκαρπῶσαι
3122 2645 3291 2717 αὐτῷ.
3336 2647 3439 2700 Τὸν
3477 2646 3535 2700 δι

1970 2736 2310 2806 ἀναγαγόντα
2338 2737 2428 2790 τὸν
2458 2737 2620 2790 παῖδα
2648 2738 2741 2790 ἐπὶ
2770 2737 2830 2791 τὸ
2859 2738 2984 2808 ὅρος
3016 2739 3194 2809 πυρὰν
3227 2738 3410 2808 νῆσαι,
3441 2737 3537 2791 καὶ

1970 2829 2235 2883 ἐπιθεῖναι
2272 2828 2363 2881 τὸν
2409 2828 2613 2883 Ἰσαάκ.
2649 2828 2880 2898 Σεράζειν
2911 2829 2969 2883 δὲ
3003 2829 3264 2900 μέλλοντα
3291 2828 3538 2900 κωλυθῆο

1970 2939 2054 2975 ναι
2084 2921 2187 2975 ὑπὸ
2216 2920 2445 2989 ἀγγέλου
2475 2921 2626 2992 κριὸν
2662 2903 2796 2991 ιὺτῷ
2819 2919 2954 2992 πρὸς
2983 2922 3080 2993 τὴν
3109 2922 3390 2994 κάρπωσιν
3427 2936 3534 2974 πα⁹

1971 3011 2358 3084 ραστήσαντος.
2409 3009 2512 3064 Τὸν
2553 3011 2607 3064 δὲ
2664 3010 2910 3082 Ἀϐραὰμ
2942 3010 3032 3064 τόν
3079 3013 3175 3083 μὲν
3210 3012 3372 3066 παῖδα
3402 3011 3536 3080 καθα⁸

1970 3101 2108 3156 ελεῖν
2133 3101 2239 3156 ἀπὸ
2267 3103 2366 3174 τῆς
2394 3104 2594 3172 πυρᾶς,
2618 3102 2707 3156 τὸν
2735 3102 2790 3156 δὲ
2820 3101 2971 3174 κριὸν
2999 3103 3306 3174 καρπῶ⁶σαι.
3335 3102 3401 3158 Ει
3425 3104 3531 3159 hoc

317 3177 624 3240 stuupscrat
647 3185 712 3224 ex
739 3169 905 3225 Ocelli
933 3167 1136 3224 Lucani
1168 3169 1265 3225 lib.
1297 3168 1368 3224 De
1390 3169 1620 3224 universi
1652 3178 1867 3232 natura,
1896 3157 1939 3214 Β
1970 3207 2036 3247 ει
2065 3190 2293 3247 plmone
2322 3157 2484 3264 'p'ocm'
2511 3157 2819 3248 cgnﬁrmm.

315 3259 410 3333 qui
440 3268 564 3313 ante
587 3274 709 3314 eum
743 3259 814 3313 ita
843 3259 1135 3329 scripserat
1154 3277 1167 3313 :
1187 3259 1341 3314 Μετὰ
1377 3260 1554 3332 πάσης
1582 3255 1672 3314 οὖν
1705 3275 1869 3312 σπου-

311 3349 408 3420 δῆς
431 3351 524 3404 καὶ
549 3349 822 3422 προσοχῆς
843 3349 923 3402 δεῖ
943 3349 1392 3416 καταϐάλλεσθαι,
1419 3351 1564 3413 ὅπως
1588 3348 1655 3403 τὰ
1674 3349 1872 3418 γεννῶσι

319 3457 454 3513 μενα
509 3439 720 3512 γίνηται
779 3442 1123 3513 χαριέστατα,
1181 3443 1275 3494 καὶ
1328 3441 1639 3513 γεννώμενα
1692 3440 1870 3504 καλῶς

315 3534 616 3604 ἀνατραφῇ.
667 3532 803 3586 Οὔτε
849 3533 954 3606 γὰρ
990 3533 1194 3587 δίκαιον
1241 3535 1366 3598 τοὺς
1415 3535 1511 3605 μὲν
1556 3535 1867 3604 φιλίππους,

317 3626 412 3677 καὶ
448 3624 774 3694 φιλόρνιθας,
818 3626 911 3678 καὶ
953 3625 1240 3695 φιλόκυνας
1287 3627 1422 3696 μετὰ
1462 3627 1638 3698 πάσης
1677 3629 1872 3698 ἐπιμε-

317 3714 466 3778 λείας
496 3715 746 3786 φροντίδα
776 3717 1040 3770 ποιεῖσθαι
1065 3717 1170 3770 τῶν
1196 3718 1510 3788 γινομένων,
1549 3717 1622 3780 ὡς
1654 3717 1750 3780 δεῖ,
1778 3719 1871 3772 καὶ

319 3804 378 3870 ἐξ
397 3797 470 3860 ὧν
494 3803 590 3868 δεῖ,
618 3805 711 3857 καὶ
737 3806 821 3858 ὅτε
856 3805 952 3870 δεῖ,
987 3807 1079 3860 καὶ
1108 3807 1220 3870 πῶς
1253 3808 1601 3879 διακειμένων
1633 3809 1871 3878 γίνεσθαι

319 3896 417 3959 τὰς
466 3894 636 3966 μίξεις
677 3895 769 3949 καὶ
805 3896 903 3959 τὰς
936 3897 1233 3962 κοινωνίας,
1264 3897 1355 3950 τοῦ
1391 3898 1462 3970 μὴ
1496 3898 1570 3962 ὡς
1601 3899 1754 3969 ἔτυχε
1785 3899 1873 3966 γι-

319 3986 502 4041 νεσοαι
551 3987 618 4041 τά
663 3987 992 4059 γεννώμενα·
1039 3990 1163 4052 τοὺς
1205 3987 1262 4042 δὲ
1309 3988 1622 4061 ἀνθρώπους
1670 3989 1872 4061 μηδένα

321 4079 588 4133 ποιεῖσθαι
619 4078 772 4148 λόγον
801 4079 908 4133 τῶν
937 4079 1079 4133 ἰδίων
1113 4081 1366 4148 ἐγγόνων,
1393 4080 1525 4134 ἀλλὰ
1560 4083 1651 4135 καὶ
1683 4084 1876 4154 γεννᾷν

321 4172 396 4237 ὡς
417 4172 592 4243 ἔτυχε,
629 4173 722 4226 καὶ
746 4173 1094 4243 γεννωμῴων
1120 4173 1399 4244 ὀλιγωρεῖν
1423 4174 1512 4226 καὶ
1543 4173 1643 4244 τῆς
1669 4174 1874 4246 τροφῆς

322 4265 416 4318 καὶ
443 4264 540 4335 τῆς
575 4265 839 4329 παιδείας.
870 4263 1055 4318 Ταῦτα
1079 4263 1185 4338 γάρ
1211 4263 1550 4335 ἀμελούμενα
1576 4265 1754 4337 πάσης
1776 4283 1874 4320 κα-

321 4357 444 4420 κίας
469 4358 560 4410 καὶ
590 4357 917 4427 φαυλότητος
943 4357 1202 4430 παραίτια
1223 4358 1449 4428 γίνεται,
1483 4357 1869 4431 βοσκηματὼδη

2039 3283 2198 3344 Ihid.,
2237 3283 2333 3336 lin.
2369 3282 2456 3338 50.
2491 3284 2705 3351 Πρώτῳ
2731 3282 2798 3336 δὲ
2828 3282 2927 3348 τῷ.
2965 3282 3254 3348 Eusebius,
3279 3282 3532 3340 Chronic.

1971 3373 2066 3429 lib.
2098 3389 2146 3428 ιι
2173 3373 2378 3444 Πρώτῳ
2400 3374 2690 3444 προφητῶν
2710 3373 2821 3430 δντι
2841 3373 2918 3445 τῷ
2959 3371 3203 3446 Ἀϐραὰμ
3235 3375 3264 3427 ὁ
3283 3373 3376 3428 τοῦ
3396 3373 3533 3428 Θεοῦ

1969 3469 2137 3537 Λόγος
2179 3443 2367 3535 φανεὶς
2409 3443 2464 3519 ἐν
2497 3467 2779 3538 ἀνθρώπου
2830 3443 3069 3538 σχήματι
3227 3466 3335 3519 τῶν
3363 3465 3533 3519 ἐθνῶν
3559 3443 3566 3464 Ι

1971 3560 2160 3631 κλῆσιν
2186 3558 2452 3622 θεσπίζει,
2488 3558 2554 3629 ἦν
2594 3557 2719 3611 καθ’
2765 3560 2914 3631 ἡμᾶς
2941 3562 2968 3611 ὁ
2992 3558 3086 3612 τοῦ
3113 3558 3348 3630 Χριστοῦ
3378 3557 3534 3625 λόγος

1971 3653 2049 3715 εἰς
2079 3650 2248 3723 πέρας
2281 3651 2453 3720 ἤγαγε
2491 3649 2579 3703 διὰ
2612 3649 2712 3720 τῆς
2739 3652 2818 3714 εἰς
2847 3651 3022 3704 πάντα
3047 3649 3114 3704 τὰ
3137 3649 3263 3722 ἔθνη
3293 3651 3534 3718 Εὖαγγι·

1971 3744 2122 3816 λικῆς
2170 3743 2536 3807 διδασκαλίας.
2585 3742 2711 3798 l-ltec
2758 3743 2944 3798 eadem
2974 3742 3267 3796 Chronicon
3301 3742 3533 3796 Alexazo

1971 3835 2202 3888 drinum.
2255 3833 2329 3887 De
2383 3833 2483 3887 hac
2541 3840 2595 3888 et
2645 3833 2766 3886 aliis
2824 3833 3055 3886 Abrahae
3113 3834 3534 3889 revelationibus

1970 3923 2219 3978 Asterius
2245 3923 2488 3977 Amasem
2515 3922 2804 3991 episcopus
2839 3923 2986 3977 hom.
3019 3920 3094 3978 De
3124 3919 3328 3977 Lazaro
3365 3931 3418 3977 et
3448 3923 3534 3976 di-

1972 4014 2101 4077 vite,
2132 4028 2254 4088 cum
2287 4013 2354 4067 ad
2384 4012 2606 4066 dubium
2638 4014 2790 4080 illud,
2816 4013 2956 4080 Quid
2986 4028 3166 4070 causa:
3192 4015 3351 4070 fuerit
3389 4013 3534 4084 quod

1972 4121 2093 4159 cum
2125 4105 2278 4158 multi
2305 4105 2576 4173 iustorum
2615 4105 2924 4160 Ahrahamo
2951 4107 3286 4177 antiquiores
3313 4107 3534 4168 fuerint.

1972 4198 2231 4251 honorem
2281 4195 2424 4251 hunc
2476 4197 2582 4250 illis
2634 4197 2688 4250 in
2737 4214 2850 4252 aevo
2898 4199 3176 4254 remotiori
3222 4198 3536 4256 constitutis

1972 4286 2212 4341 debitum
2261 4285 2346 4342 isti
2401 4287 2675 4357 prmeipue
2720 4289 3013 4359 assignarit
3045 4304 3168 4343 cum
3207 4289 3430 4354 diceret,
3465 4287 3535 4343 Et

1971 4378 2332 4448 deportaretur
2375 4378 2440 4432 ab
2487 4381 2683 4450 angelis
2740 4381 2797 4433 in
2852 4380 3024 4434 sinum
3068 4379 3334 4444 Abrahuz,
3388 4381 3536 4435 nulla

323 4449 416 4502 καὶ
450 4451 645 4520 ἀγεννῆ
680 4447 1044 4504 ἀποτελοῦντα
1074 4449 1141 4504 τὰ
1172 4449 1500 4522 γεννώμενα.
1534 4450 1652 4505 Duo
1691 4452 1871 4522 itaque

1976 4469 2114 4525 facta
2175 4469 2484 4533 mentione,
2532 4488 2706 4541 neque
2756 4473 2962 4534 Enoch,
3008 4489 3184 4542 neque
3239 4471 3394 4537 Noe,
3434 4487 3536 4527 nec

323 4540 562 4594 curanda
595 4547 722 4594 sunt
751 4539 806 4592 in
841 4539 1131 4594 liberorum
1161 4539 1522 4609 susceptione,
1556 4539 1871 4610 primumut

1976 4562 2205 4617 aliorum
2234 4563 2478 4635 εἘπειδὴ
2515 4539 2631 4638 γὰρ
2654 4565 2681 4617 ὁ
2717 4565 2962 4637 Ἀϐραὰμ
2991 4539 3242 4636 Θεράπων
3275 4563 3533 4636 Χριστοῦ,

323 4631 446 4686 sciti
480 4640 532 4686 ct
575 4633 847 4702 elegantes
894 4631 1068 4702 quoad
1134 4631 1246 4686 fieri
1302 4632 1499 4702 poterit
1556 4640 1871 4687 nascantur.

324 4723 656 4792 Secundum,
700 4741 825 4780 cum
861 4727 964 4779 arti
1011 4727 1357 4796 susceptique
1401 4723 1640 4790 fuerint,
1676 4725 1875 4778 libera-

322 4820 447 4876 liter
479 4821 806 4889 educentur;
843 4821 1086 4889 iniquum
1122 4822 1264 4876 enim
1319 4830 1401 4875 est
1441 4835 1656 4883 canum,
1691 4834 1875 4888 equo-

324 4924 443 4964 rum
476 4920 530 4965 et
563 4911 791 4966 aliorum
845 4913 1198 4966 animantium
1233 4910 1412 4967 studio
1446 4910 1637 4965 ductos
1677 4922 1875 4980 Oppor-

324 5009 454 5056 tuna
483 5018 708 5074 quteque
735 5003 1074 5073 conquirere,
1124 5010 1184 5056 ut
1236 5004 1544 5078 necessaria
1574 5001 1643 5056 ad
1675 5018 1875 5056 munus

323 5109 482 5149 suum
533 5095 839 5149 obeundum
882 5094 1116 5150 habeant
1138 5136 1152 5157 ,
1181 5095 1413 5148 filiorum
1439 5107 1568 5153 vero
1594 5079 1872 5149 educatio-

325 5199 446 5237 nem
473 5185 980 5254 institutionemque
1016 5186 1305 5256 negligere.

395 5293 554 5358 I'bid.,
582 5293 679 5348 lin.
709 5293 797 5348 25.
829 5292 1020 5346 Πάλιν
1050 5296 1255 5358 τούτῳ.
1294 5291 1526 5350 Basilius
1566 5292 1874 5350 Seleucien-

323 5389 420 5450 sis,
471 5386 718 5441 oratione
767 5385 822 5439 in
871 5385 1135 5440 Abraham
1167 5399 1184 5436 :
1216 5387 1309 5439 ’ον
1337 5385 1533 5439 ἔδωκεν
1565 5387 1786 5458 ᾔτησεν,
1816 5386 1874 5440 ὃν

321 5479 521 5534 ἔπλασε
554 5479 714 5533 πάλιν
746 5479 1025 5551 ἐζήτησεν·
1071 5478 1257 5532 ἔλαϐεν
1299 5481 1525 5550 αἰτήσας
1562 5479 1620 5533 ὃν
1656 5479 1869 5534 ἔδωκενο

322 5568 564 5644 αἰτηθεὶς
590 5570 853 5625 ἀποδώσει
889 5571 1048 5626 πάλιν
1083 5571 1378 5642 βουληθεὶς,
1414 5573 1501 5625 ὑπ’
1527 5573 1738 5636 οὐδενὸς
1764 5590 1872 5626 κω-

321 5660 595 5732 λυόμενος.
647 5660 704 5714 Ὀ
735 5660 842 5731 γὰρ
865 5661 962 5714 οὐκ
994 5660 1120 5714 ὄντα
1145 5660 1266 5724 δοὺς
1295 5661 1386 5713 καὶ
1412 5659 1746 5731 νεκρωθέντα
1774 5678 1870 5733 χα-

327 5751 550 5825 ρίσεται.

1975 4655 2068 4710 καὶ
2094 4655 2458 4726 διαφερόντως
2489 4653 2641 4722 οὗτος
2687 4658 2986 4730 ἀνθρώπων
3032 4659 3128 4721 τὰς
3168 4657 3259 4711 τοῦ
3297 4655 3535 4729 Χριστοῦ

1973 4746 2291 4817 ἐπιφανείας
2333 4746 2566 4812 ἐδέξατο,
2607 4749 2698 4802 καὶ
2743 4749 2802 4802 τὸ
2841 4749 2940 4817 τῆς
2981 4747 3204 4820 Τριάδος
3244 4752 3538 4820 μυστήριον

1978 4839 2174 4902 ἱκανῶς
2199 4839 2328 4910 ἡμῖν
2359 4841 2414 4892 ὲν
2446 4843 2509 4911 τῇ
2552 4843 2720 4912 σκηνῇ
2749 4839 2842 4894 τοῦ
2871 4841 3120 4912 γέροντος
3157 4841 3344 4894 τοῦτου
3366 4840 3539 4894 διετυ-

1975 4929 2152 5001 πώθη,
2192 4932 2355 5000 ἡνίκα
2389 4931 2514 4994 τοὺς
2539 4935 2684 5002 τρεῖς
2717 4932 2978 5000 ἀγγέλους
3015 4932 3090 4996 ὡς
3114 4932 3308 5004 ἄνδρας
3333 4931 3537 4986 ὁδοιπόο

1977 5039 2102 5093 ρους
2141 5022 2363 5088 ἐξένισε,
2398 5023 2491 5076 καὶ
2530 5023 2714 5086 ἁπλῶς
2758 5025 2822 5076 ἐκ
2855 5023 3060 5078 πολλῶν
3101 5023 3211 5078 τῶν
3263 5023 3538 5096 μυστικῶν

1974 5116 2306 5186 αἰνιγμάτων
2321 5118 2516 5178 οἰκεῖος
2531 5115 2625 5169 ἄνθ
2633 5133 2807 5189 ρωπος
2824 5109 2977 5180 οὗτος
2991 5115 3276 5187 γεγένηται
3294 5115 3386 5170 τοῦ
3403 5113 3533 5168 θεοῦ

1972 5205 2066 5260 τοῦ
2092 5208 2300 5279 χρόνοις
2328 5207 2549 5278 ὕστερον
2571 5208 2974 5277 άμφιεσαμένου
2998 5207 3095 5280 τὴν
3117 5209 3312 5280 σάρκα,
3336 5207 3429 5262 καὶ
3447 5205 3536 5259 διὰ

1979 5299 2144 5368 μέσου
2178 5297 2270 5350 τοῦ
2311 5297 2594 5370 ἀνθρώπου
2621 5299 2811 5353 τούτου
2847 5301 3339 5372 παραπετάσματος
3371 5301 3531 5370 ὲναρο

1975 5390 2087 5458 γῶς
2113 5391 2470 5463 ὁμιλήσαντος
2498 5393 2608 5466 τοῖς
2635 5390 2958 5464 ἀνθρώποις·
2992 5392 3078 5447 διὰ
3113 5391 3266 5445 τοῦτο
3295 5389 3384 5442 τὸν
3412 5388 3533 5443 κόλ·

1977 5499 2074 5534 πον
2101 5481 2263 5534 αὑτοῦ
2295 5475 2403 5536 οἷον
2431 5480 2600 5536 εῠδιόν
2623 5500 2742 5535 τινα
2764 5483 2981 5559 λιμένα.
3004 5483 3095 5536 καὶ
3118 5481 3378 5536 ἄκλυστον
3405 5479 3533 5554 ἀνα·

1977 5575 2276 5645 ⁴καυτήριον
2310 5570 2447 5627 εἶναι
2472 5572 2580 5626 τῶν
2611 5573 2831 5627 δικαίων
2860 5571 3042 5644 φησιν.

2043 5665 2158 5721 Col.
2196 5665 2324 5726 765.
2362 5667 2456 5721 lin.
2497 5667 2548 5722 3.
2601 5652 3048 5734 Τελευτησάσηςέ
3089 5661 3336 5732 Σὰρῤας.
3381 5661 3538 5719 Jose-

1882 5809 1890 5816 .
1975 5758 2137 5830 phus,
2167 5759 2344 5830 Antiq.
2373 5759 2470 5814 lib.
2497 5774 2535 5825 ι,
2570 5773 2690 5830 cap.
2714 5758 2776 5812 ιο
2810 5757 3012 5825 τΓαμεῖ
3031 5753 3086 5808 δὲ
3113 5755 3273 5820 αὐτὸς
3301 5755 3542 5830 Χιττοῦοὶ
