  <div class='ocr_page' id='page_1' title='image "/cluster/home/n/w/nwhite01/storage/ocr_20150623/18/mdp.39015008168943/537.png"; bbox 0 0 4064 6290; ppageno 0'>
   <div class='ocr_carea' id='block_1_1' title="bbox 611 332 756 413">
    <p class='ocr_par' dir='ltr' id='par_1_1' title="bbox 611 332 756 413">
     <span class='ocr_line' id='line_1_1' title="bbox 611 332 756 413; baseline -0.014 0"><span class='ocrx_word' id='word_1_1' title='bbox 611 332 756 413; x_wconf 66' lang='lat' dir='ltr'><strong>i027</strong></span> 
     </span>
    </p>
   </div>
   <div class='ocr_carea' id='block_1_2' title="bbox 2043 333 2604 403">
    <p class='ocr_par' dir='ltr' id='par_1_2' title="bbox 2043 333 2604 403">
     <span class='ocr_line' id='line_1_2' title="bbox 2043 333 2604 403; baseline -0.011 0"><span class='ocrx_word' id='word_1_2' title='bbox 2043 340 2291 403; x_wconf 83' lang='lat' dir='ltr'><strong>LEONIS</strong></span> <span class='ocrx_word' id='word_1_3' title='bbox 2329 333 2604 400; x_wconf 76' lang='lat' dir='ltr'><strong>ALLATII</strong></span> 
     </span>
    </p>
   </div>
   <div class='ocr_carea' id='block_1_3' title="bbox 3734 334 3888 390">
    <p class='ocr_par' dir='ltr' id='par_1_3' title="bbox 3734 334 3888 390">
     <span class='ocr_line' id='line_1_3' title="bbox 3734 334 3888 390; baseline 0 0"><span class='ocrx_word' id='word_1_4' title='bbox 3734 334 3888 390; x_wconf 69' lang='grc'><strong>1628</strong></span> 
     </span>
    </p>
   </div>
   <div class='ocr_carea' id='block_1_4' title="bbox 524 450 3884 548">
    <p class='ocr_par' dir='ltr' id='par_1_4' title="bbox 524 450 3884 548">
     <span class='ocr_line' id='line_1_4' title="bbox 524 450 3884 548; baseline -0.008 -18"><span class='ocrx_word' id='word_1_5' title='bbox 524 450 529 455; x_wconf 37' lang='grc'><strong>’</strong></span> <span class='ocrx_word' id='word_1_6' title='bbox 623 492 722 548; x_wconf 84' lang='grc' dir='ltr'><strong>ραν</strong></span> <span class='ocrx_word' id='word_1_7' title='bbox 745 474 986 547; x_wconf 76' lang='grc' dir='ltr'>ὕστερον,</span> <span class='ocrx_word' id='word_1_8' title='bbox 1015 474 1073 539; x_wconf 73' lang='grc' dir='ltr'><strong>ἐξ</strong></span> <span class='ocrx_word' id='word_1_9' title='bbox 1099 468 1167 546; x_wconf 80' lang='grc' dir='ltr'>ἧς</span> <span class='ocrx_word' id='word_1_10' title='bbox 1187 470 1335 545; x_wconf 78' lang='grc' dir='ltr'>αὐτῷ</span> <span class='ocrx_word' id='word_1_11' title='bbox 1358 464 1547 535; x_wconf 67' lang='grc' dir='ltr'>παῖδες</span> <span class='ocrx_word' id='word_1_12' title='bbox 1575 468 1636 535; x_wconf 73' lang='grc' dir='ltr'><strong>ἓξ</strong></span> <span class='ocrx_word' id='word_1_13' title='bbox 1659 467 1920 539; x_wconf 85' lang='grc' dir='ltr'>γίνονται,</span> <span class='ocrx_word' id='word_1_14' title='bbox 1953 460 2091 540; x_wconf 69' lang='grc' dir='ltr'>πρύς</span> <span class='ocrx_word' id='word_1_15' title='bbox 2122 485 2182 521; x_wconf 84' lang='grc' dir='ltr'><strong>τε</strong></span> <span class='ocrx_word' id='word_1_16' title='bbox 2210 473 2257 531; x_wconf 72' lang='grc' dir='ltr'><strong>Α</strong></span> <span class='ocrx_word' id='word_1_17' title='bbox 2284 482 2449 538; x_wconf 79' lang='grc' dir='ltr'>φησιν</span> <span class='ocrx_word' id='word_1_18' title='bbox 2473 465 2502 518; x_wconf 92' lang='lat'><strong>6</strong></span> <span class='ocrx_word' id='word_1_19' title='bbox 2533 462 2853 535; x_wconf 67' lang='grc' dir='ltr'>προφήτης,</span> <span class='ocrx_word' id='word_1_20' title='bbox 2872 461 2901 515; x_wconf 97' lang='lat'><strong>6</strong></span> <span class='ocrx_word' id='word_1_21' title='bbox 2930 460 3023 513; x_wconf 78' lang='grc' dir='ltr'>καὶ</span> <span class='ocrx_word' id='word_1_22' title='bbox 3051 456 3270 530; x_wconf 82' lang='grc' dir='ltr'>Μαλχδς</span> <span class='ocrx_word' id='word_1_23' title='bbox 3299 458 3328 511; x_wconf 92' lang='lat'><strong>6</strong></span> <span class='ocrx_word' id='word_1_24' title='bbox 3357 453 3588 548; x_wconf 75' lang='grc' dir='ltr'>ίστορῷν</span> <span class='ocrx_word' id='word_1_25' title='bbox 3619 451 3884 548; x_wconf 33' lang='grc' dir='ltr'>τὰᾼττερὶ</span> 
     </span>
    </p>
   </div>
   <div class='ocr_carea' id='block_1_5' title="bbox 621 559 2185 637">
    <p class='ocr_par' dir='ltr' id='par_1_5' title="bbox 621 559 2185 637">
     <span class='ocr_line' id='line_1_5' title="bbox 621 559 2185 637; baseline -0.004 -16"><span class='ocrx_word' id='word_1_26' title='bbox 621 565 815 629; x_wconf 72' lang='grc' dir='ltr'>τώνους</span> <span class='ocrx_word' id='word_1_27' title='bbox 837 566 1110 637; x_wconf 65' lang='grc' dir='ltr'>καρτεροὶ,</span> <span class='ocrx_word' id='word_1_28' title='bbox 1130 565 1220 619; x_wconf 75' lang='grc' dir='ltr'>καὶ</span> <span class='ocrx_word' id='word_1_29' title='bbox 1238 563 1399 618; x_wconf 75' lang='grc' dir='ltr'>δεινοὶ</span> <span class='ocrx_word' id='word_1_30' title='bbox 1424 562 1682 626; x_wconf 81' lang='grc' dir='ltr'>συνιέναι,</span> <span class='ocrx_word' id='word_1_31' title='bbox 1707 559 2047 632; x_wconf 81' lang='grc' dir='ltr'>Ζεμϐράνης,</span> <span class='ocrx_word' id='word_1_32' title='bbox 2082 560 2185 615; x_wconf 70' lang='grc' dir='ltr'><strong>Ἰα-</strong></span> 
     </span>
    </p>
   </div>
   <div class='ocr_carea' id='block_1_6' title="bbox 619 640 2182 728">
    <p class='ocr_par' dir='ltr' id='par_1_6' title="bbox 619 640 2182 728">
     <span class='ocr_line' id='line_1_6' title="bbox 619 640 2182 728; baseline -0.004 -17"><span class='ocrx_word' id='word_1_33' title='bbox 619 657 823 728; x_wconf 79' lang='grc' dir='ltr'>ζᾶρης,</span> <span class='ocrx_word' id='word_1_34' title='bbox 862 657 1138 727; x_wconf 80' lang='grc' dir='ltr'><strong>Μαδάνης,</strong></span> <span class='ocrx_word' id='word_1_35' title='bbox 1190 656 1491 726; x_wconf 81' lang='grc' dir='ltr'><strong>Μαδιάνης,</strong></span> <span class='ocrx_word' id='word_1_36' title='bbox 1550 651 1945 715; x_wconf 84' lang='grc' dir='ltr'>Λουσούϐακος,</span> <span class='ocrx_word' id='word_1_37' title='bbox 1997 640 2182 714; x_wconf 68' lang='grc' dir='ltr'>Σοῦος.</span> 
     </span>
    </p>
   </div>
   <div class='ocr_carea' id='block_1_7' title="bbox 617 740 2177 812">
    <p class='ocr_par' dir='ltr' id='par_1_7' title="bbox 617 740 2177 812">
     <span class='ocr_line' id='line_1_7' title="bbox 617 740 2177 812; baseline -0.001 -15"><span class='ocrx_word' id='word_1_38' title='bbox 617 743 844 797; x_wconf 77' lang='grc' dir='ltr'>Φύονται</span> <span class='ocrx_word' id='word_1_39' title='bbox 875 742 930 795; x_wconf 81' lang='grc' dir='ltr'>δὲ</span> <span class='ocrx_word' id='word_1_40' title='bbox 962 744 1055 796; x_wconf 73' lang='lat' dir='ltr'><strong>xei.</strong></span> <span class='ocrx_word' id='word_1_41' title='bbox 1080 742 1287 806; x_wconf 81' lang='grc' dir='ltr'>τούτοις</span> <span class='ocrx_word' id='word_1_42' title='bbox 1313 743 1520 806; x_wconf 76' lang='grc' dir='ltr'>παῖδεςο</span> <span class='ocrx_word' id='word_1_43' title='bbox 1545 742 1639 794; x_wconf 76' lang='grc' dir='ltr'>καὶ</span> <span class='ocrx_word' id='word_1_44' title='bbox 1671 740 1834 795; x_wconf 81' lang='grc' dir='ltr'>Σούου</span> <span class='ocrx_word' id='word_1_45' title='bbox 1876 742 1972 812; x_wconf 82' lang='grc' dir='ltr'>μὲν</span> <span class='ocrx_word' id='word_1_46' title='bbox 2006 740 2177 796; x_wconf 74' lang='grc' dir='ltr'>Σαϐα-</span> 
     </span>
    </p>
   </div>
   <div class='ocr_carea' id='block_1_8' title="bbox 617 832 2180 910">
    <p class='ocr_par' dir='ltr' id='par_1_8' title="bbox 617 832 2180 910">
     <span class='ocr_line' id='line_1_8' title="bbox 617 832 2180 910; baseline -0.001 -23"><span class='ocrx_word' id='word_1_47' title='bbox 617 832 788 905; x_wconf 78' lang='grc' dir='ltr'>κάνης</span> <span class='ocrx_word' id='word_1_48' title='bbox 823 834 1031 910; x_wconf 80' lang='grc' dir='ltr'>γίνεται</span> <span class='ocrx_word' id='word_1_49' title='bbox 1073 835 1168 889; x_wconf 77' lang='grc' dir='ltr'><strong>καὶ</strong></span> <span class='ocrx_word' id='word_1_50' title='bbox 1198 836 1454 906; x_wconf 80' lang='grc' dir='ltr'>Δαδάνης·</span> <span class='ocrx_word' id='word_1_51' title='bbox 1498 834 1687 888; x_wconf 86' lang='grc' dir='ltr'>τούτου</span> <span class='ocrx_word' id='word_1_52' title='bbox 1729 832 1785 887; x_wconf 81' lang='grc' dir='ltr'>δὲ</span> <span class='ocrx_word' id='word_1_53' title='bbox 1825 832 2180 903; x_wconf 76' lang='grc' dir='ltr'>Λατούσιμος,</span> 
     </span>
    </p>
   </div>
   <div class='ocr_carea' id='block_1_9' title="bbox 621 922 2182 995">
    <p class='ocr_par' dir='ltr' id='par_1_9' title="bbox 621 922 2182 995">
     <span class='ocr_line' id='line_1_9' title="bbox 621 922 2182 995; baseline 0.005 -20"><span class='ocrx_word' id='word_1_54' title='bbox 621 923 940 993; x_wconf 77' lang='grc' dir='ltr'><strong>⁸’Λσσουρος,</strong></span> <span class='ocrx_word' id='word_1_55' title='bbox 977 923 1270 995; x_wconf 77' lang='grc' dir='ltr'>Λουούρηςο</span> <span class='ocrx_word' id='word_1_56' title='bbox 1314 923 1563 977; x_wconf 81' lang='grc' dir='ltr'>Μαδάνου</span> <span class='ocrx_word' id='word_1_57' title='bbox 1618 923 1675 975; x_wconf 74' lang='grc' dir='ltr'>δὲ</span> <span class='ocrx_word' id='word_1_58' title='bbox 1725 922 1916 992; x_wconf 76' lang='grc' dir='ltr'>Ἠφαὲ,</span> <span class='ocrx_word' id='word_1_59' title='bbox 1955 923 2182 994; x_wconf 72' lang='grc' dir='ltr'>Ὠφρηςν</span> 
     </span>
    </p>
   </div>
   <div class='ocr_carea' id='block_1_10' title="bbox 618 1013 2181 1086">
    <p class='ocr_par' dir='ltr' id='par_1_10' title="bbox 618 1013 2181 1086">
     <span class='ocr_line' id='line_1_10' title="bbox 618 1013 2181 1086; baseline -0.001 -17"><span class='ocrx_word' id='word_1_60' title='bbox 618 1013 867 1086; x_wconf 66' lang='grc' dir='ltr'>Ἄνοχος,</span> <span class='ocrx_word' id='word_1_61' title='bbox 913 1016 1156 1079; x_wconf 83' lang='grc' dir='ltr'>Ἐϐιδας,</span> <span class='ocrx_word' id='word_1_62' title='bbox 1219 1017 1423 1081; x_wconf 82' lang='grc' dir='ltr'><strong>Ἐλδᾶς.</strong></span> <span class='ocrx_word' id='word_1_63' title='bbox 1479 1015 1544 1070; x_wconf 85' lang='lat' dir='ltr'><strong>Et</strong></span> <span class='ocrx_word' id='word_1_64' title='bbox 1590 1014 1871 1086; x_wconf 78' lang='lat' dir='ltr'><strong>Origenes,</strong></span> <span class='ocrx_word' id='word_1_65' title='bbox 1913 1016 2058 1069; x_wconf 85' lang='lat' dir='ltr'><strong>hom.</strong></span> <span class='ocrx_word' id='word_1_66' title='bbox 2092 1014 2181 1080; x_wconf 75' lang='grc' dir='ltr'>Η,</span> 
     </span>
    </p>
   </div>
   <div class='ocr_carea' id='block_1_11' title="bbox 617 1106 2185 1178">
    <p class='ocr_par' dir='ltr' id='par_1_11' title="bbox 617 1106 2185 1178">
     <span class='ocr_line' id='line_1_11' title="bbox 617 1106 2185 1178; baseline -0.001 -17"><span class='ocrx_word' id='word_1_67' title='bbox 617 1106 829 1173; x_wconf 55' lang='lat' dir='ltr'><strong>Cenem,</strong></span> <span class='ocrx_word' id='word_1_68' title='bbox 878 1107 1019 1162; x_wconf 79' lang='lat' dir='ltr'><strong>idem</strong></span> <span class='ocrx_word' id='word_1_69' title='bbox 1076 1109 1276 1171; x_wconf 93' lang='lat' dir='ltr'><strong>sentit,</strong></span> <span class='ocrx_word' id='word_1_70' title='bbox 1326 1114 1449 1178; x_wconf 86' lang='lat' dir='ltr'><strong>post</strong></span> <span class='ocrx_word' id='word_1_71' title='bbox 1495 1115 1723 1161; x_wconf 89' lang='lat' dir='ltr'><strong>mortem</strong></span> <span class='ocrx_word' id='word_1_72' title='bbox 1774 1106 1985 1160; x_wconf 79' lang='lat' dir='ltr'><strong>scilicet</strong></span> <span class='ocrx_word' id='word_1_73' title='bbox 2037 1106 2185 1159; x_wconf 77' lang='lat' dir='ltr'><strong>Sara:</strong></span> 
     </span>
    </p>
   </div>
   <div class='ocr_carea' id='block_1_12' title="bbox 616 1197 2185 1261">
    <p class='ocr_par' dir='ltr' id='par_1_12' title="bbox 616 1197 2185 1261">
     <span class='ocr_line' id='line_1_12' title="bbox 616 1197 2185 1261; baseline -0.004 -5"><span class='ocrx_word' id='word_1_74' title='bbox 616 1200 888 1255; x_wconf 83' lang='lat' dir='ltr'><strong>Abraham</strong></span> <span class='ocrx_word' id='word_1_75' title='bbox 931 1200 987 1253; x_wconf 91' lang='lat' dir='ltr'><strong>in</strong></span> <span class='ocrx_word' id='word_1_76' title='bbox 1026 1200 1432 1254; x_wconf 72' lang='lat' dir='ltr'><strong>matrimonium</strong></span> <span class='ocrx_word' id='word_1_77' title='bbox 1476 1200 1699 1254; x_wconf 74' lang='lat' dir='ltr'><strong>duxisse</strong></span> <span class='ocrx_word' id='word_1_78' title='bbox 1732 1198 2046 1261; x_wconf 84' lang='lat' dir='ltr'><strong>Cethuram,</strong></span> <span class='ocrx_word' id='word_1_79' title='bbox 2099 1197 2185 1251; x_wconf 78' lang='lat' dir='ltr'><strong>id-</strong></span> 
     </span>
    </p>
   </div>
   <div class='ocr_carea' id='block_1_13' title="bbox 617 1289 2183 1363">
    <p class='ocr_par' dir='ltr' id='par_1_13' title="bbox 617 1289 2183 1363">
     <span class='ocr_line' id='line_1_13' title="bbox 617 1289 2183 1363; baseline -0.004 -14"><span class='ocrx_word' id='word_1_80' title='bbox 617 1309 724 1363; x_wconf 85' lang='lat' dir='ltr'><strong>que</strong></span> <span class='ocrx_word' id='word_1_81' title='bbox 749 1307 815 1349; x_wconf 81' lang='lat' dir='ltr'><strong>ex</strong></span> <span class='ocrx_word' id='word_1_82' title='bbox 844 1291 1033 1346; x_wconf 89' lang='lat' dir='ltr'><strong>ordine</strong></span> <span class='ocrx_word' id='word_1_83' title='bbox 1058 1291 1306 1347; x_wconf 61' lang='lat' dir='ltr'><strong>Mosaicae</strong></span> <span class='ocrx_word' id='word_1_84' title='bbox 1330 1291 1660 1345; x_wconf 79' lang='lat' dir='ltr'><strong>narrationis</strong></span> <span class='ocrx_word' id='word_1_85' title='bbox 1689 1289 1825 1345; x_wconf 80' lang='lat' dir='ltr'><strong>satis</strong></span> <span class='ocrx_word' id='word_1_86' title='bbox 1848 1296 2183 1358; x_wconf 86' lang='lat' dir='ltr'><strong>compertum</strong></span> 
     </span>
    </p>
   </div>
   <div class='ocr_carea' id='block_1_14' title="bbox 615 1379 2183 1456">
    <p class='ocr_par' dir='ltr' id='par_1_14' title="bbox 615 1379 2183 1456">
     <span class='ocr_line' id='line_1_14' title="bbox 615 1379 2183 1456; baseline -0.004 -13"><span class='ocrx_word' id='word_1_87' title='bbox 615 1394 720 1443; x_wconf 85' lang='lat' dir='ltr'><strong>est.</strong></span> <span class='ocrx_word' id='word_1_88' title='bbox 757 1384 1050 1456; x_wconf 87' lang='lat' dir='ltr'><strong>Cajetanus</strong></span> <span class='ocrx_word' id='word_1_89' title='bbox 1096 1393 1278 1439; x_wconf 90' lang='lat' dir='ltr'><strong>tamen</strong></span> <span class='ocrx_word' id='word_1_90' title='bbox 1327 1384 1382 1437; x_wconf 92' lang='lat' dir='ltr'><strong>in</strong></span> <span class='ocrx_word' id='word_1_91' title='bbox 1435 1398 1555 1454; x_wconf 90' lang='lat' dir='ltr'><strong>cap.</strong></span> <span class='ocrx_word' id='word_1_92' title='bbox 1594 1398 1702 1436; x_wconf 76' lang='lat' dir='ltr'><strong>xxv</strong></span> <span class='ocrx_word' id='word_1_93' title='bbox 1745 1379 1929 1436; x_wconf 77' lang='lat' dir='ltr'><strong>Cenes.</strong></span> <span class='ocrx_word' id='word_1_94' title='bbox 1955 1380 2183 1437; x_wconf 83' lang='lat' dir='ltr'><strong>dubitat.</strong></span> 
     </span>
    </p>
   </div>
   <div class='ocr_carea' id='block_1_15' title="bbox 620 1474 2191 1547">
    <p class='ocr_par' dir='ltr' id='par_1_15' title="bbox 620 1474 2191 1547">
     <span class='ocr_line' id='line_1_15' title="bbox 620 1474 2191 1547; baseline -0.005 -14"><span class='ocrx_word' id='word_1_95' title='bbox 620 1478 843 1547; x_wconf 78' lang='lat' dir='ltr'><strong>Tempus</strong></span> <span class='ocrx_word' id='word_1_96' title='bbox 876 1488 1073 1541; x_wconf 86' lang='lat' dir='ltr'><strong>autem,</strong></span> <span class='ocrx_word' id='word_1_97' title='bbox 1110 1477 1206 1543; x_wconf 89' lang='lat' dir='ltr'><strong>ait,</strong></span> <span class='ocrx_word' id='word_1_98' title='bbox 1240 1474 1451 1545; x_wconf 74' lang='lat' dir='ltr'><strong>quando</strong></span> <span class='ocrx_word' id='word_1_99' title='bbox 1479 1474 1747 1528; x_wconf 80' lang='lat' dir='ltr'><strong>Abraham</strong></span> <span class='ocrx_word' id='word_1_100' title='bbox 1780 1486 1994 1527; x_wconf 70' lang='lat' dir='ltr'><strong>uxorem</strong></span> <span class='ocrx_word' id='word_1_101' title='bbox 2025 1489 2191 1526; x_wconf 80' lang='lat' dir='ltr'><strong>accc-</strong></span> 
     </span>
    </p>
   </div>
   <div class='ocr_carea' id='block_1_16' title="bbox 615 1562 2185 1634">
    <p class='ocr_par' dir='ltr' id='par_1_16' title="bbox 615 1562 2185 1634">
     <span class='ocr_line' id='line_1_16' title="bbox 615 1562 2185 1634; baseline -0.004 -14"><span class='ocrx_word' id='word_1_102' title='bbox 615 1566 695 1634; x_wconf 78' lang='lat' dir='ltr'><strong>pit</strong></span> <span class='ocrx_word' id='word_1_103' title='bbox 732 1563 1039 1629; x_wconf 79' lang='lat' dir='ltr'><strong>Cetlturam,</strong></span> <span class='ocrx_word' id='word_1_104' title='bbox 1081 1581 1185 1619; x_wconf 86' lang='lat' dir='ltr'><strong>non</strong></span> <span class='ocrx_word' id='word_1_105' title='bbox 1230 1573 1308 1617; x_wconf 69' lang='lat' dir='ltr'><strong>est</strong></span> <span class='ocrx_word' id='word_1_106' title='bbox 1348 1572 1568 1627; x_wconf 88' lang='lat' dir='ltr'><strong>certum,</strong></span> <span class='ocrx_word' id='word_1_107' title='bbox 1612 1564 1843 1617; x_wconf 81' lang='lat' dir='ltr'><strong>videlicet</strong></span> <span class='ocrx_word' id='word_1_108' title='bbox 1885 1579 1953 1615; x_wconf 89' lang='lat' dir='ltr'><strong>an</strong></span> <span class='ocrx_word' id='word_1_109' title='bbox 1997 1562 2054 1615; x_wconf 88' lang='lat' dir='ltr'><strong>id</strong></span> <span class='ocrx_word' id='word_1_110' title='bbox 2098 1563 2185 1629; x_wconf 79' lang='lat' dir='ltr'><strong>fa-</strong></span> 
     </span>
    </p>
   </div>
   <div class='ocr_carea' id='block_1_17' title="bbox 618 1655 2187 1724">
    <p class='ocr_par' dir='ltr' id='par_1_17' title="bbox 618 1655 2187 1724">
     <span class='ocr_line' id='line_1_17' title="bbox 618 1655 2187 1724; baseline -0.002 -15"><span class='ocrx_word' id='word_1_111' title='bbox 618 1665 763 1709; x_wconf 84' lang='lat' dir='ltr'><strong>ctum</strong></span> <span class='ocrx_word' id='word_1_112' title='bbox 807 1657 879 1710; x_wconf 82' lang='lat' dir='ltr'><strong>sit</strong></span> <span class='ocrx_word' id='word_1_113' title='bbox 921 1658 1116 1710; x_wconf 76' lang='lat' dir='ltr'><strong>vivente</strong></span> <span class='ocrx_word' id='word_1_114' title='bbox 1158 1655 1328 1709; x_wconf 84' lang='lat' dir='ltr'><strong>adhuc</strong></span> <span class='ocrx_word' id='word_1_115' title='bbox 1366 1655 1504 1710; x_wconf 87' lang='lat' dir='ltr'><strong>Sara</strong></span> <span class='ocrx_word' id='word_1_116' title='bbox 1545 1664 1664 1724; x_wconf 84' lang='lat' dir='ltr'><strong>post</strong></span> <span class='ocrx_word' id='word_1_117' title='bbox 1702 1655 2003 1724; x_wconf 84' lang='lat' dir='ltr'><strong>cjectionem</strong></span> <span class='ocrx_word' id='word_1_118' title='bbox 2042 1656 2187 1723; x_wconf 83' lang='lat' dir='ltr'><strong>Agar</strong></span> 
     </span>
    </p>
   </div>
   <div class='ocr_carea' id='block_1_18' title="bbox 2298 543 3881 621">
    <p class='ocr_par' dir='ltr' id='par_1_18' title="bbox 2298 543 3881 621">
     <span class='ocr_line' id='line_1_18' title="bbox 2298 543 3881 621; baseline -0.001 -10"><span class='ocrx_word' id='word_1_119' title='bbox 2298 557 2585 621; x_wconf 74' lang='grc' dir='ltr'>Ἰουδαίων,</span> <span class='ocrx_word' id='word_1_120' title='bbox 2619 554 2801 618; x_wconf 85' lang='grc' dir='ltr'>καθὼς</span> <span class='ocrx_word' id='word_1_121' title='bbox 2825 553 2919 607; x_wconf 81' lang='grc' dir='ltr'>καὶ</span> <span class='ocrx_word' id='word_1_122' title='bbox 2942 550 3177 621; x_wconf 78' lang='grc' dir='ltr'>Μωῦσῆς</span> <span class='ocrx_word' id='word_1_123' title='bbox 3200 548 3481 619; x_wconf 78' lang='grc' dir='ltr'>ίστὸρησεν</span> <span class='ocrx_word' id='word_1_124' title='bbox 3502 547 3533 599; x_wconf 88' lang='lat'><strong>6</strong></span> <span class='ocrx_word' id='word_1_125' title='bbox 3554 543 3881 616; x_wconf 74' lang='grc' dir='ltr'>νομοθέτης</span> 
     </span>
    </p>
   </div>
   <div class='ocr_carea' id='block_1_19' title="bbox 2282 636 3880 716">
    <p class='ocr_par' dir='ltr' id='par_1_19' title="bbox 2282 636 3880 716">
     <span class='ocr_line' id='line_1_19' title="bbox 2282 636 3880 716; baseline -0.009 -15"><span class='ocrx_word' id='word_1_126' title='bbox 2282 646 2482 712; x_wconf 78' lang='grc' dir='ltr'>αὐτῶν,</span> <span class='ocrx_word' id='word_1_127' title='bbox 2514 647 2597 699; x_wconf 85' lang='grc' dir='ltr'><strong>δτι</strong></span> <span class='ocrx_word' id='word_1_128' title='bbox 2627 647 2690 699; x_wconf 76' lang='grc' dir='ltr'>ἐκ</span> <span class='ocrx_word' id='word_1_129' title='bbox 2717 648 2816 716; x_wconf 80' lang='grc' dir='ltr'>τῆς</span> <span class='ocrx_word' id='word_1_130' title='bbox 2838 640 3143 714; x_wconf 83' lang='grc' dir='ltr'>Χαιτούρας</span> <span class='ocrx_word' id='word_1_131' title='bbox 3171 639 3413 709; x_wconf 79' lang='grc' dir='ltr'>ἐγένοντο</span> <span class='ocrx_word' id='word_1_132' title='bbox 3446 636 3723 709; x_wconf 72' lang='grc' dir='ltr'>Ἁϐράμῳ</span> <span class='ocrx_word' id='word_1_133' title='bbox 3752 638 3880 688; x_wconf 71' lang='grc' dir='ltr'><strong>παῖ-</strong></span> 
     </span>
    </p>
   </div>
   <div class='ocr_carea' id='block_1_20' title="bbox 2282 727 3877 807">
    <p class='ocr_par' dir='ltr' id='par_1_20' title="bbox 2282 727 3877 807">
     <span class='ocr_line' id='line_1_20' title="bbox 2282 727 3877 807; baseline -0.009 -13"><span class='ocrx_word' id='word_1_134' title='bbox 2282 740 2369 801; x_wconf 86' lang='grc' dir='ltr'><strong>δες</strong></span> <span class='ocrx_word' id='word_1_135' title='bbox 2399 739 2589 793; x_wconf 81' lang='grc' dir='ltr'>ἱκανοί.</span> <span class='ocrx_word' id='word_1_136' title='bbox 2622 738 2782 807; x_wconf 76' lang='grc' dir='ltr'>Λέγει</span> <span class='ocrx_word' id='word_1_137' title='bbox 2807 736 2864 789; x_wconf 75' lang='grc' dir='ltr'>δὲ</span> <span class='ocrx_word' id='word_1_138' title='bbox 2888 734 3065 789; x_wconf 83' lang='grc' dir='ltr'>αὐτῶν</span> <span class='ocrx_word' id='word_1_139' title='bbox 3096 733 3191 788; x_wconf 75' lang='grc' dir='ltr'>καὶ</span> <span class='ocrx_word' id='word_1_140' title='bbox 3216 730 3284 785; x_wconf 83' lang='grc' dir='ltr'><strong>τὰ</strong></span> <span class='ocrx_word' id='word_1_141' title='bbox 3307 730 3548 801; x_wconf 80' lang='grc' dir='ltr'>ὀνόματα</span> <span class='ocrx_word' id='word_1_142' title='bbox 3568 727 3877 798; x_wconf 80' lang='grc' dir='ltr'><strong>ὀνομάζων</strong></span> 
     </span>
    </p>
   </div>
   <div class='ocr_carea' id='block_1_21' title="bbox 2281 818 3875 903">
    <p class='ocr_par' dir='ltr' id='par_1_21' title="bbox 2281 818 3875 903">
     <span class='ocr_line' id='line_1_21' title="bbox 2281 818 3875 903; baseline -0.01 -19"><span class='ocrx_word' id='word_1_143' title='bbox 2281 833 2449 903; x_wconf 81' lang='grc' dir='ltr'>τρεῖς,</span> <span class='ocrx_word' id='word_1_144' title='bbox 2488 830 2747 901; x_wconf 81' lang='grc' dir='ltr'>’Λφεραν,</span> <span class='ocrx_word' id='word_1_145' title='bbox 2779 827 3030 898; x_wconf 73' lang='grc' dir='ltr'>Σουρεὶμ,</span> <span class='ocrx_word' id='word_1_146' title='bbox 3074 824 3314 895; x_wconf 71' lang='grc' dir='ltr'>Ἰἁερρανο</span> <span class='ocrx_word' id='word_1_147' title='bbox 3349 821 3455 875; x_wconf 78' lang='grc' dir='ltr'><strong>ἀπὸ</strong></span> <span class='ocrx_word' id='word_1_148' title='bbox 3485 820 3738 891; x_wconf 76' lang='grc' dir='ltr'>Σουρεὶμ</span> <span class='ocrx_word' id='word_1_149' title='bbox 3772 818 3875 887; x_wconf 73' lang='grc' dir='ltr'>μὲν</span> 
     </span>
    </p>
   </div>
   <div class='ocr_carea' id='block_1_22' title="bbox 2283 910 3873 992">
    <p class='ocr_par' dir='ltr' id='par_1_22' title="bbox 2283 910 3873 992">
     <span class='ocr_line' id='line_1_22' title="bbox 2283 910 3873 992; baseline -0.007 -20"><span class='ocrx_word' id='word_1_150' title='bbox 2283 920 2379 991; x_wconf 76' lang='grc' dir='ltr'>τὴν</span> <span class='ocrx_word' id='word_1_151' title='bbox 2393 920 2680 992; x_wconf 81' lang='grc' dir='ltr'>Ἀσσυρίαν</span> <span class='ocrx_word' id='word_1_152' title='bbox 2706 917 3018 989; x_wconf 83' lang='grc' dir='ltr'>κεκλῆσθαι,</span> <span class='ocrx_word' id='word_1_153' title='bbox 3033 916 3141 970; x_wconf 63' lang='lat' dir='ltr'><strong>eet.</strong></span> <span class='ocrx_word' id='word_1_154' title='bbox 3161 916 3217 968; x_wconf 88' lang='grc' dir='ltr'>δὲ</span> <span class='ocrx_word' id='word_1_155' title='bbox 3239 913 3345 967; x_wconf 81' lang='grc' dir='ltr'>τῶν</span> <span class='ocrx_word' id='word_1_156' title='bbox 3366 912 3477 973; x_wconf 86' lang='grc' dir='ltr'>δύο,</span> <span class='ocrx_word' id='word_1_157' title='bbox 3497 912 3677 981; x_wconf 81' lang='grc' dir='ltr'><strong>Ἀφρᾶ</strong></span> <span class='ocrx_word' id='word_1_158' title='bbox 3692 926 3758 961; x_wconf 86' lang='grc' dir='ltr'><strong>τε</strong></span> <span class='ocrx_word' id='word_1_159' title='bbox 3777 910 3873 962; x_wconf 72' lang='grc' dir='ltr'>καὶ</span> 
     </span>
    </p>
   </div>
   <div class='ocr_carea' id='block_1_23' title="bbox 2274 1003 3869 1083">
    <p class='ocr_par' dir='ltr' id='par_1_23' title="bbox 2274 1003 3869 1083">
     <span class='ocr_line' id='line_1_23' title="bbox 2274 1003 3869 1083; baseline -0.008 -17"><span class='ocrx_word' id='word_1_160' title='bbox 2274 1012 2561 1083; x_wconf 73' lang='grc' dir='ltr'>ιἸαφέρου,</span> <span class='ocrx_word' id='word_1_161' title='bbox 2601 1011 2752 1064; x_wconf 82' lang='grc' dir='ltr'>πόλιν</span> <span class='ocrx_word' id='word_1_162' title='bbox 2772 1027 2829 1063; x_wconf 89' lang='grc' dir='ltr'><strong>τε</strong></span> <span class='ocrx_word' id='word_1_163' title='bbox 2862 1008 3084 1081; x_wconf 79' lang='grc' dir='ltr'>’Λφρὰν,</span> <span class='ocrx_word' id='word_1_164' title='bbox 3112 1008 3205 1061; x_wconf 76' lang='grc' dir='ltr'>καὶ</span> <span class='ocrx_word' id='word_1_165' title='bbox 3230 1007 3329 1077; x_wconf 73' lang='grc' dir='ltr'>τὴν</span> <span class='ocrx_word' id='word_1_166' title='bbox 3349 1003 3530 1077; x_wconf 84' lang='grc' dir='ltr'>χώραν</span> <span class='ocrx_word' id='word_1_167' title='bbox 3574 1005 3869 1075; x_wconf 79' lang='grc' dir='ltr'>’Δφρικαν</span> 
     </span>
    </p>
   </div>
   <div class='ocr_carea' id='block_1_24' title="bbox 2283 1097 3867 1172">
    <p class='ocr_par' dir='ltr' id='par_1_24' title="bbox 2283 1097 3867 1172">
     <span class='ocr_line' id='line_1_24' title="bbox 2283 1097 3867 1172; baseline -0.004 -17"><span class='ocrx_word' id='word_1_168' title='bbox 2283 1101 2680 1172; x_wconf 83' lang='grc' dir='ltr'>ὼνομασθῆναι.</span> <span class='ocrx_word' id='word_1_169' title='bbox 2727 1099 2996 1165; x_wconf 89' lang='lat' dir='ltr'><strong>Pererius,</strong></span> <span class='ocrx_word' id='word_1_170' title='bbox 3051 1097 3195 1152; x_wconf 91' lang='lat' dir='ltr'><strong>haud</strong></span> <span class='ocrx_word' id='word_1_171' title='bbox 3245 1098 3369 1161; x_wconf 86' lang='lat' dir='ltr'><strong>scit,</strong></span> <span class='ocrx_word' id='word_1_172' title='bbox 3421 1112 3490 1150; x_wconf 89' lang='lat' dir='ltr'><strong>an</strong></span> <span class='ocrx_word' id='word_1_173' title='bbox 3550 1111 3653 1165; x_wconf 90' lang='lat' dir='ltr'><strong>pro</strong></span> <span class='ocrx_word' id='word_1_174' title='bbox 3703 1104 3867 1149; x_wconf 76' lang='lat' dir='ltr'><strong>certo</strong></span> 
     </span>
    </p>
   </div>
   <div class='ocr_carea' id='block_1_25' title="bbox 2285 1186 3869 1266">
    <p class='ocr_par' dir='ltr' id='par_1_25' title="bbox 2285 1186 3869 1266">
     <span class='ocr_line' id='line_1_25' title="bbox 2285 1186 3869 1266; baseline -0.006 -17"><span class='ocrx_word' id='word_1_175' title='bbox 2285 1195 2432 1250; x_wconf 91' lang='lat' dir='ltr'><strong>credi</strong></span> <span class='ocrx_word' id='word_1_176' title='bbox 2471 1202 2651 1266; x_wconf 87' lang='lat' dir='ltr'><strong>posset</strong></span> <span class='ocrx_word' id='word_1_177' title='bbox 2693 1192 2872 1263; x_wconf 81' lang='lat' dir='ltr'><strong>Opiter</strong></span> <span class='ocrx_word' id='word_1_178' title='bbox 2900 1192 3046 1246; x_wconf 85' lang='lat' dir='ltr'><strong>hunc</strong></span> <span class='ocrx_word' id='word_1_179' title='bbox 3072 1190 3295 1261; x_wconf 77' lang='lat' dir='ltr'><strong>petiisse</strong></span> <span class='ocrx_word' id='word_1_180' title='bbox 3324 1205 3448 1243; x_wconf 84' lang='lat' dir='ltr'><strong>cum</strong></span> <span class='ocrx_word' id='word_1_181' title='bbox 3479 1188 3728 1243; x_wconf 72' lang='lat' dir='ltr'><strong>exercitu</strong></span> <span class='ocrx_word' id='word_1_182' title='bbox 3767 1186 3869 1241; x_wconf 85' lang='lat' dir='ltr'><strong>Li-</strong></span> 
     </span>
    </p>
   </div>
   <div class='ocr_carea' id='block_1_26' title="bbox 2285 1282 3860 1356">
    <p class='ocr_par' dir='ltr' id='par_1_26' title="bbox 2285 1282 3860 1356">
     <span class='ocr_line' id='line_1_26' title="bbox 2285 1282 3860 1356; baseline -0.003 -16"><span class='ocrx_word' id='word_1_183' title='bbox 2285 1286 2466 1356; x_wconf 80' lang='lat' dir='ltr'><strong>byam,</strong></span> <span class='ocrx_word' id='word_1_184' title='bbox 2509 1286 2691 1355; x_wconf 86' lang='lat' dir='ltr'><strong>ibique</strong></span> <span class='ocrx_word' id='word_1_185' title='bbox 2731 1292 2917 1354; x_wconf 83' lang='lat' dir='ltr'><strong>postea</strong></span> <span class='ocrx_word' id='word_1_186' title='bbox 2947 1283 3285 1345; x_wconf 74' lang='lat' dir='ltr'><strong>consedisse,</strong></span> <span class='ocrx_word' id='word_1_187' title='bbox 3309 1292 3361 1336; x_wconf 87' lang='lat' dir='ltr'><strong>et</strong></span> <span class='ocrx_word' id='word_1_188' title='bbox 3391 1287 3601 1335; x_wconf 85' lang='lat' dir='ltr'><strong>mutato</strong></span> <span class='ocrx_word' id='word_1_189' title='bbox 3627 1282 3860 1336; x_wconf 82' lang='lat' dir='ltr'><strong>nomine</strong></span> 
     </span>
    </p>
   </div>
   <div class='ocr_carea' id='block_1_27' title="bbox 2285 1373 3852 1447">
    <p class='ocr_par' dir='ltr' id='par_1_27' title="bbox 2285 1373 3852 1447">
     <span class='ocr_line' id='line_1_27' title="bbox 2285 1373 3852 1447; baseline -0.002 -18"><span class='ocrx_word' id='word_1_190' title='bbox 2285 1373 2508 1447; x_wconf 84' lang='lat' dir='ltr'><strong>Libyam</strong></span> <span class='ocrx_word' id='word_1_191' title='bbox 2544 1376 2611 1430; x_wconf 85' lang='lat' dir='ltr'><strong>ab</strong></span> <span class='ocrx_word' id='word_1_192' title='bbox 2641 1390 2708 1430; x_wconf 88' lang='lat' dir='ltr'><strong>eo</strong></span> <span class='ocrx_word' id='word_1_193' title='bbox 2749 1374 2949 1429; x_wconf 84' lang='lat' dir='ltr'><strong>dictam</strong></span> <span class='ocrx_word' id='word_1_194' title='bbox 2992 1389 3116 1429; x_wconf 81' lang='lat' dir='ltr'><strong>esse</strong></span> <span class='ocrx_word' id='word_1_195' title='bbox 3160 1374 3421 1436; x_wconf 80' lang='lat' dir='ltr'><strong>Alricam,</strong></span> <span class='ocrx_word' id='word_1_196' title='bbox 3462 1387 3587 1427; x_wconf 90' lang='lat' dir='ltr'><strong>eum</strong></span> <span class='ocrx_word' id='word_1_197' title='bbox 3625 1388 3696 1427; x_wconf 81' lang='lat' dir='ltr'><strong>ex</strong></span> <span class='ocrx_word' id='word_1_198' title='bbox 3728 1374 3852 1443; x_wconf 87' lang='lat' dir='ltr'><strong>ipsa</strong></span> 
     </span>
    </p>
   </div>
   <div class='ocr_carea' id='block_1_28' title="bbox 2288 1465 3850 1537">
    <p class='ocr_par' dir='ltr' id='par_1_28' title="bbox 2288 1465 3850 1537">
     <span class='ocr_line' id='line_1_28' title="bbox 2288 1465 3850 1537; baseline 0 -15"><span class='ocrx_word' id='word_1_199' title='bbox 2288 1465 2570 1537; x_wconf 80' lang='lat' dir='ltr'><strong>Scriptura</strong></span> <span class='ocrx_word' id='word_1_200' title='bbox 2602 1466 2951 1521; x_wconf 80' lang='lat' dir='ltr'><strong>manifestum</strong></span> <span class='ocrx_word' id='word_1_201' title='bbox 2985 1468 3079 1531; x_wconf 81' lang='lat' dir='ltr'><strong>sit,-</strong></span> <span class='ocrx_word' id='word_1_202' title='bbox 3116 1466 3322 1519; x_wconf 79' lang='lat' dir='ltr'><strong>llladian</strong></span> <span class='ocrx_word' id='word_1_203' title='bbox 3353 1480 3476 1519; x_wconf 90' lang='lat' dir='ltr'><strong>cum</strong></span> <span class='ocrx_word' id='word_1_204' title='bbox 3510 1467 3629 1520; x_wconf 89' lang='lat' dir='ltr'><strong>suis</strong></span> <span class='ocrx_word' id='word_1_205' title='bbox 3657 1466 3850 1522; x_wconf 81' lang='lat' dir='ltr'><strong>liberis</strong></span> 
     </span>
    </p>
   </div>
   <div class='ocr_carea' id='block_1_29' title="bbox 2285 1553 3848 1625">
    <p class='ocr_par' dir='ltr' id='par_1_29' title="bbox 2285 1553 3848 1625">
     <span class='ocr_line' id='line_1_29' title="bbox 2285 1553 3848 1625; baseline -0.001 -14"><span class='ocrx_word' id='word_1_206' title='bbox 2285 1555 2576 1625; x_wconf 63' lang='lat' dir='ltr'><strong>Ethiopiee</strong></span> <span class='ocrx_word' id='word_1_207' title='bbox 2589 1553 2901 1618; x_wconf 75' lang='lat' dir='ltr'><strong>Orientalis,</strong></span> <span class='ocrx_word' id='word_1_208' title='bbox 2916 1557 3021 1613; x_wconf 76' lang='lat' dir='ltr'><strong>vel.</strong></span> <span class='ocrx_word' id='word_1_209' title='bbox 3049 1568 3107 1609; x_wconf 89' lang='lat' dir='ltr'><strong>nt</strong></span> <span class='ocrx_word' id='word_1_210' title='bbox 3129 1556 3218 1608; x_wconf 87' lang='lat' dir='ltr'><strong>alii</strong></span> <span class='ocrx_word' id='word_1_211' title='bbox 3239 1558 3689 1624; x_wconf 80' lang='lat' dir='ltr'><strong>interpretantur,</strong></span> <span class='ocrx_word' id='word_1_212' title='bbox 3709 1556 3848 1610; x_wconf 79' lang='lat' dir='ltr'><strong>Ara-</strong></span> 
     </span>
    </p>
   </div>
   <div class='ocr_carea' id='block_1_30' title="bbox 2287 1646 3839 1719">
    <p class='ocr_par' dir='ltr' id='par_1_30' title="bbox 2287 1646 3839 1719">
     <span class='ocr_line' id='line_1_30' title="bbox 2287 1646 3839 1719; baseline -0.001 -15"><span class='ocrx_word' id='word_1_213' title='bbox 2287 1648 2391 1704; x_wconf 68' lang='lat' dir='ltr'><strong>biae</strong></span> <span class='ocrx_word' id='word_1_214' title='bbox 2416 1657 2623 1719; x_wconf 85' lang='lat' dir='ltr'><strong>partem</strong></span> <span class='ocrx_word' id='word_1_215' title='bbox 2656 1648 2897 1703; x_wconf 87' lang='lat' dir='ltr'><strong>tenuisse</strong></span> <span class='ocrx_word' id='word_1_216' title='bbox 2919 1646 3218 1717; x_wconf 76' lang='lat' dir='ltr'><strong>proximam</strong></span> <span class='ocrx_word' id='word_1_217' title='bbox 3249 1655 3407 1700; x_wconf 72' lang='lat' dir='ltr'><strong>terrae</strong></span> <span class='ocrx_word' id='word_1_218' title='bbox 3436 1646 3839 1715; x_wconf 76' lang='lat' dir='ltr'><strong>promissionis.</strong></span> 
     </span>
    </p>
   </div>
   <div class='ocr_carea' id='block_1_31' title="bbox 616 1736 3842 1814">
    <p class='ocr_par' dir='ltr' id='par_1_31' title="bbox 616 1736 3842 1814">
     <span class='ocr_line' id='line_1_31' title="bbox 616 1736 3842 1814; baseline 0 -18"><span class='ocrx_word' id='word_1_219' title='bbox 616 1760 738 1797; x_wconf 87' lang='lat' dir='ltr'><strong>cum</strong></span> <span class='ocrx_word' id='word_1_220' title='bbox 771 1743 1014 1809; x_wconf 81' lang='lat' dir='ltr'><strong>Ismaele,</strong></span> <span class='ocrx_word' id='word_1_221' title='bbox 1058 1762 1125 1798; x_wconf 92' lang='lat' dir='ltr'><strong>an</strong></span> <span class='ocrx_word' id='word_1_222' title='bbox 1163 1760 1226 1798; x_wconf 86' lang='lat' dir='ltr'><strong>ca</strong></span> <span class='ocrx_word' id='word_1_223' title='bbox 1259 1747 1377 1814; x_wconf 83' lang='lat' dir='ltr'><strong>jam</strong></span> <span class='ocrx_word' id='word_1_224' title='bbox 1419 1754 1646 1799; x_wconf 88' lang='lat' dir='ltr'><strong>mortua.</strong></span> <span class='ocrx_word' id='word_1_225' title='bbox 1685 1743 1972 1812; x_wconf 76' lang='lat' dir='ltr'><strong>Scriptura:</strong></span> <span class='ocrx_word' id='word_1_226' title='bbox 2014 1750 2184 1796; x_wconf 88' lang='lat' dir='ltr'><strong>tamen</strong></span> <span class='ocrx_word' id='word_1_227' title='bbox 2223 1813 2230 1814; x_wconf 14' lang='grc' dir='ltr'>ί</span> <span class='ocrx_word' id='word_1_228' title='bbox 2288 1738 2508 1795; x_wconf 78' lang='lat' dir='ltr'><strong>Diversa</strong></span> <span class='ocrx_word' id='word_1_229' title='bbox 2533 1752 2564 1791; x_wconf 91' lang='lat' dir='ltr'><strong>a</strong></span> <span class='ocrx_word' id='word_1_230' title='bbox 2594 1738 2830 1808; x_wconf 78' lang='lat' dir='ltr'><strong>Josepbo</strong></span> <span class='ocrx_word' id='word_1_231' title='bbox 2868 1738 3087 1791; x_wconf 87' lang='lat' dir='ltr'><strong>tradunt</strong></span> <span class='ocrx_word' id='word_1_232' title='bbox 3122 1736 3333 1808; x_wconf 78' lang='lat' dir='ltr'><strong>profani</strong></span> <span class='ocrx_word' id='word_1_233' title='bbox 3382 1747 3656 1801; x_wconf 83' lang='lat' dir='ltr'><strong>auctores,</strong></span> <span class='ocrx_word' id='word_1_234' title='bbox 3709 1738 3842 1795; x_wconf 82' lang='lat' dir='ltr'><strong>Soli-</strong></span> 
     </span>
    </p>
   </div>
   <div class='ocr_carea' id='block_1_32' title="bbox 618 1813 3829 1906">
    <p class='ocr_par' dir='ltr' id='par_1_32' title="bbox 618 1813 3829 1906">
     <span class='ocr_line' id='line_1_32' title="bbox 618 1813 3829 1906; baseline -0.002 -17"><span class='ocrx_word' id='word_1_235' title='bbox 618 1838 882 1901; x_wconf 79' lang='lat' dir='ltr'><strong>narratio,</strong></span> <span class='ocrx_word' id='word_1_236' title='bbox 909 1838 955 1892; x_wconf 86' lang='lat' dir='ltr'><strong>si</strong></span> <span class='ocrx_word' id='word_1_237' title='bbox 982 1838 1058 1891; x_wconf 89' lang='lat' dir='ltr'><strong>rei</strong></span> <span class='ocrx_word' id='word_1_238' title='bbox 1104 1813 1267 1906; x_wconf 72' lang='lat' dir='ltr'><strong>gestae</strong></span> <span class='ocrx_word' id='word_1_239' title='bbox 1294 1837 1468 1891; x_wconf 79' lang='lat' dir='ltr'><strong>ordini</strong></span> <span class='ocrx_word' id='word_1_240' title='bbox 1497 1835 1791 1905; x_wconf 77' lang='lat' dir='ltr'><strong>respondet,</strong></span> <span class='ocrx_word' id='word_1_241' title='bbox 1823 1835 2063 1889; x_wconf 79' lang='lat' dir='ltr'><strong>insinuat</strong></span> <span class='ocrx_word' id='word_1_242' title='bbox 2088 1833 2183 1888; x_wconf 80' lang='lat' dir='ltr'><strong>hoc</strong></span> <span class='ocrx_word' id='word_1_243' title='bbox 2217 1813 2258 1868; x_wconf 77' lang='grc' dir='ltr'><strong>Β</strong></span> <span class='ocrx_word' id='word_1_244' title='bbox 2283 1848 2406 1896; x_wconf 87' lang='lat' dir='ltr'><strong>nus,</strong></span> <span class='ocrx_word' id='word_1_245' title='bbox 2448 1846 2572 1901; x_wconf 85' lang='lat' dir='ltr'><strong>cap.</strong></span> <span class='ocrx_word' id='word_1_246' title='bbox 2598 1831 2703 1897; x_wconf 80' lang='lat'><strong>9.7;</strong></span> <span class='ocrx_word' id='word_1_247' title='bbox 2731 1828 2969 1885; x_wconf 85' lang='lat' dir='ltr'><strong>Joannes</strong></span> <span class='ocrx_word' id='word_1_248' title='bbox 3001 1828 3110 1883; x_wconf 88' lang='lat' dir='ltr'><strong>Leo</strong></span> <span class='ocrx_word' id='word_1_249' title='bbox 3136 1830 3190 1883; x_wconf 87' lang='lat' dir='ltr'><strong>in</strong></span> <span class='ocrx_word' id='word_1_250' title='bbox 3228 1827 3585 1897; x_wconf 83' lang='lat' dir='ltr'><strong>Descriptione</strong></span> <span class='ocrx_word' id='word_1_251' title='bbox 3624 1830 3829 1899; x_wconf 69' lang='lat' dir='ltr'><strong>Africa,</strong></span> 
     </span>
    </p>
   </div>
   <div class='ocr_carea' id='block_1_33' title="bbox 619 1927 1555 1997">
    <p class='ocr_par' dir='ltr' id='par_1_33' title="bbox 619 1927 1555 1997">
     <span class='ocr_line' id='line_1_33' title="bbox 619 1927 1555 1997; baseline 0.001 -15"><span class='ocrx_word' id='word_1_252' title='bbox 619 1945 729 1983; x_wconf 80' lang='lat' dir='ltr'><strong>esse</strong></span> <span class='ocrx_word' id='word_1_253' title='bbox 764 1930 967 1996; x_wconf 76' lang='lat' dir='ltr'><strong>factum</strong></span> <span class='ocrx_word' id='word_1_254' title='bbox 992 1939 1109 1997; x_wconf 85' lang='lat' dir='ltr'><strong>post</strong></span> <span class='ocrx_word' id='word_1_255' title='bbox 1138 1940 1355 1984; x_wconf 87' lang='lat' dir='ltr'><strong>mortem</strong></span> <span class='ocrx_word' id='word_1_256' title='bbox 1385 1927 1555 1983; x_wconf 80' lang='lat' dir='ltr'><strong>Sarw.</strong></span> 
     </span>
    </p>
   </div>
   <div class='ocr_carea' id='block_1_34' title="bbox 686 2009 2183 2091">
    <p class='ocr_par' dir='ltr' id='par_1_34' title="bbox 686 2009 2183 2091">
     <span class='ocr_line' id='line_1_34' title="bbox 686 2009 2183 2091; baseline -0.001 -15"><span class='ocrx_word' id='word_1_257' title='bbox 686 2021 804 2076; x_wconf 82' lang='lat' dir='ltr'><strong>Col.</strong></span> <span class='ocrx_word' id='word_1_258' title='bbox 833 2021 1091 2091; x_wconf 64' lang='lat' dir='ltr'><strong>765.1‘i1r</strong></span> <span class='ocrx_word' id='word_1_259' title='bbox 1104 2022 1456 2091; x_wconf 81' lang='grc' dir='ltr'>Χεττοῦραν.</span> <span class='ocrx_word' id='word_1_260' title='bbox 1472 2020 1597 2075; x_wconf 85' lang='lat' dir='ltr'><strong>Fuit</strong></span> <span class='ocrx_word' id='word_1_261' title='bbox 1614 2009 1961 2075; x_wconf 75' lang='lat' dir='ltr'><strong>Hebrteorum</strong></span> <span class='ocrx_word' id='word_1_262' title='bbox 1978 2018 2183 2091; x_wconf 91' lang='lat' dir='ltr'><strong>opinio,</strong></span> 
     </span>
    </p>
   </div>
   <div class='ocr_carea' id='block_1_35' title="bbox 618 2106 2185 2180">
    <p class='ocr_par' dir='ltr' id='par_1_35' title="bbox 618 2106 2185 2180">
     <span class='ocr_line' id='line_1_35' title="bbox 618 2106 2185 2180; baseline 0.001 -19"><span class='ocrx_word' id='word_1_263' title='bbox 618 2106 917 2161; x_wconf 79' lang='lat' dir='ltr'><strong>Cethuram</strong></span> <span class='ocrx_word' id='word_1_264' title='bbox 973 2116 1028 2162; x_wconf 91' lang='lat' dir='ltr'><strong>ct</strong></span> <span class='ocrx_word' id='word_1_265' title='bbox 1065 2109 1210 2180; x_wconf 79' lang='lat' dir='ltr'><strong>Agar</strong></span> <span class='ocrx_word' id='word_1_266' title='bbox 1237 2125 1400 2164; x_wconf 88' lang='lat' dir='ltr'><strong>unam</strong></span> <span class='ocrx_word' id='word_1_267' title='bbox 1430 2117 1484 2165; x_wconf 91' lang='lat' dir='ltr'><strong>et</strong></span> <span class='ocrx_word' id='word_1_268' title='bbox 1512 2109 1778 2173; x_wconf 87' lang='lat' dir='ltr'><strong>eamdem,</strong></span> <span class='ocrx_word' id='word_1_269' title='bbox 1821 2110 1922 2164; x_wconf 88' lang='lat' dir='ltr'><strong>etsi</strong></span> <span class='ocrx_word' id='word_1_270' title='bbox 1966 2109 2185 2164; x_wconf 82' lang='lat' dir='ltr'><strong>nomina</strong></span> 
     </span>
    </p>
   </div>
   <div class='ocr_carea' id='block_1_36' title="bbox 617 2197 2185 2267">
    <p class='ocr_par' dir='ltr' id='par_1_36' title="bbox 617 2197 2185 2267">
     <span class='ocr_line' id='line_1_36' title="bbox 617 2197 2185 2267; baseline 0.003 -17"><span class='ocrx_word' id='word_1_271' title='bbox 617 2197 850 2261; x_wconf 75' lang='lat' dir='ltr'><strong>varient,</strong></span> <span class='ocrx_word' id='word_1_272' title='bbox 883 2198 1198 2267; x_wconf 80' lang='lat' dir='ltr'><strong>mulierem;</strong></span> <span class='ocrx_word' id='word_1_273' title='bbox 1225 2213 1327 2253; x_wconf 89' lang='lat' dir='ltr'><strong>nec</strong></span> <span class='ocrx_word' id='word_1_274' title='bbox 1352 2212 1497 2253; x_wconf 81' lang='lat' dir='ltr'><strong>novo</strong></span> <span class='ocrx_word' id='word_1_275' title='bbox 1531 2199 1880 2253; x_wconf 86' lang='lat' dir='ltr'><strong>matrimonio</strong></span> <span class='ocrx_word' id='word_1_276' title='bbox 1909 2198 2056 2254; x_wconf 86' lang='lat' dir='ltr'><strong>illam</strong></span> <span class='ocrx_word' id='word_1_277' title='bbox 2082 2199 2185 2255; x_wconf 86' lang='lat' dir='ltr'><strong>sibi</strong></span> 
     </span>
    </p>
   </div>
   <div class='ocr_carea' id='block_1_37' title="bbox 617 2287 2187 2360">
    <p class='ocr_par' dir='ltr' id='par_1_37' title="bbox 617 2287 2187 2360">
     <span class='ocr_line' id='line_1_37' title="bbox 617 2287 2187 2360; baseline 0.001 -17"><span class='ocrx_word' id='word_1_278' title='bbox 617 2288 891 2344; x_wconf 77' lang='lat' dir='ltr'><strong>Abraham</strong></span> <span class='ocrx_word' id='word_1_279' title='bbox 918 2298 1039 2360; x_wconf 83' lang='lat' dir='ltr'><strong>post</strong></span> <span class='ocrx_word' id='word_1_280' title='bbox 1068 2299 1299 2345; x_wconf 88' lang='lat' dir='ltr'><strong>mortem</strong></span> <span class='ocrx_word' id='word_1_281' title='bbox 1334 2287 1482 2345; x_wconf 69' lang='lat' dir='ltr'><strong>Sara:</strong></span> <span class='ocrx_word' id='word_1_282' title='bbox 1514 2290 1820 2360; x_wconf 74' lang='lat' dir='ltr'><strong>capulasse,</strong></span> <span class='ocrx_word' id='word_1_283' title='bbox 1853 2304 1976 2343; x_wconf 92' lang='lat' dir='ltr'><strong>cum</strong></span> <span class='ocrx_word' id='word_1_284' title='bbox 2034 2290 2187 2360; x_wconf 85' lang='lat' dir='ltr'><strong>prius</strong></span> 
     </span>
    </p>
   </div>
   <div class='ocr_carea' id='block_1_38' title="bbox 617 2375 2183 2451">
    <p class='ocr_par' dir='ltr' id='par_1_38' title="bbox 617 2375 2183 2451">
     <span class='ocr_line' id='line_1_38' title="bbox 617 2375 2183 2451; baseline -0.003 -16"><span class='ocrx_word' id='word_1_285' title='bbox 617 2375 765 2435; x_wconf 75' lang='lat' dir='ltr'><strong>illam</strong></span> <span class='ocrx_word' id='word_1_286' title='bbox 798 2381 1039 2451; x_wconf 82' lang='lat' dir='ltr'><strong>legitime</strong></span> <span class='ocrx_word' id='word_1_287' title='bbox 1080 2382 1183 2436; x_wconf 86' lang='lat' dir='ltr'><strong>sibi</strong></span> <span class='ocrx_word' id='word_1_288' title='bbox 1230 2380 1639 2450; x_wconf 77' lang='lat' dir='ltr'><strong>conjunxissel;</strong></span> <span class='ocrx_word' id='word_1_289' title='bbox 1682 2380 1782 2436; x_wconf 91' lang='lat' dir='ltr'><strong>hos</strong></span> <span class='ocrx_word' id='word_1_290' title='bbox 1823 2380 1996 2435; x_wconf 87' lang='lat' dir='ltr'><strong>secuti</strong></span> <span class='ocrx_word' id='word_1_291' title='bbox 2034 2387 2183 2445; x_wconf 81' lang='lat' dir='ltr'><strong>sunt,</strong></span> 
     </span>
    </p>
   </div>
   <div class='ocr_carea' id='block_1_39' title="bbox 616 2471 2180 2543">
    <p class='ocr_par' dir='ltr' id='par_1_39' title="bbox 616 2471 2180 2543">
     <span class='ocr_line' id='line_1_39' title="bbox 616 2471 2180 2543; baseline 0.001 -17"><span class='ocrx_word' id='word_1_292' title='bbox 616 2478 673 2526; x_wconf 81' lang='lat' dir='ltr'><strong>et</strong></span> <span class='ocrx_word' id='word_1_293' title='bbox 704 2471 971 2543; x_wconf 82' lang='lat' dir='ltr'><strong>Lyranus,</strong></span> <span class='ocrx_word' id='word_1_294' title='bbox 1017 2482 1070 2528; x_wconf 93' lang='lat' dir='ltr'><strong>et</strong></span> <span class='ocrx_word' id='word_1_295' title='bbox 1103 2471 1342 2527; x_wconf 83' lang='lat' dir='ltr'><strong>Thomas</strong></span> <span class='ocrx_word' id='word_1_296' title='bbox 1372 2473 1577 2543; x_wconf 77' lang='lat' dir='ltr'><strong>Anglus</strong></span> <span class='ocrx_word' id='word_1_297' title='bbox 1617 2473 1673 2526; x_wconf 92' lang='lat' dir='ltr'><strong>in</strong></span> <span class='ocrx_word' id='word_1_298' title='bbox 1711 2488 1832 2543; x_wconf 90' lang='lat' dir='ltr'><strong>cap.</strong></span> <span class='ocrx_word' id='word_1_299' title='bbox 1867 2488 1971 2526; x_wconf 75' lang='lat' dir='ltr'><strong>xxv</strong></span> <span class='ocrx_word' id='word_1_300' title='bbox 1999 2473 2180 2528; x_wconf 70' lang='lat' dir='ltr'><strong>Cenes.</strong></span> 
     </span>
    </p>
   </div>
   <div class='ocr_carea' id='block_1_40' title="bbox 618 2560 2186 2635">
    <p class='ocr_par' dir='ltr' id='par_1_40' title="bbox 618 2560 2186 2635">
     <span class='ocr_line' id='line_1_40' title="bbox 618 2560 2186 2635; baseline 0.001 -18"><span class='ocrx_word' id='word_1_301' title='bbox 618 2560 984 2635; x_wconf 74' lang='lat' dir='ltr'><strong>Hieronymus</strong></span> <span class='ocrx_word' id='word_1_302' title='bbox 1015 2564 1072 2617; x_wconf 91' lang='lat' dir='ltr'><strong>in</strong></span> <span class='ocrx_word' id='word_1_303' title='bbox 1105 2563 1502 2619; x_wconf 85' lang='lat' dir='ltr'><strong>Traditionibus</strong></span> <span class='ocrx_word' id='word_1_304' title='bbox 1539 2563 1816 2618; x_wconf 75' lang='lat' dir='ltr'><strong>Hebraicis</strong></span> <span class='ocrx_word' id='word_1_305' title='bbox 1850 2565 2094 2634; x_wconf 81' lang='lat' dir='ltr'><strong>ambigit,</strong></span> <span class='ocrx_word' id='word_1_306' title='bbox 2133 2572 2186 2619; x_wconf 91' lang='lat' dir='ltr'><strong>et</strong></span> 
     </span>
    </p>
   </div>
   <div class='ocr_carea' id='block_1_41' title="bbox 618 2654 2184 2727">
    <p class='ocr_par' dir='ltr' id='par_1_41' title="bbox 618 2654 2184 2727">
     <span class='ocr_line' id='line_1_41' title="bbox 618 2654 2184 2727; baseline -0.003 -16"><span class='ocrx_word' id='word_1_307' title='bbox 618 2666 680 2711; x_wconf 87' lang='lat' dir='ltr'><strong>ut</strong></span> <span class='ocrx_word' id='word_1_308' title='bbox 711 2658 972 2712; x_wconf 85' lang='lat' dir='ltr'><strong>incertam</strong></span> <span class='ocrx_word' id='word_1_309' title='bbox 1002 2656 1281 2727; x_wconf 82' lang='lat' dir='ltr'><strong>relinquit.</strong></span> <span class='ocrx_word' id='word_1_310' title='bbox 1305 2654 1557 2720; x_wconf 81' lang='lat' dir='ltr'><strong>Cet/tura,</strong></span> <span class='ocrx_word' id='word_1_311' title='bbox 1582 2655 1779 2726; x_wconf 86' lang='lat' dir='ltr'><strong>inquit,</strong></span> <span class='ocrx_word' id='word_1_312' title='bbox 1821 2654 2045 2710; x_wconf 78' lang='lat' dir='ltr'><strong>Hebrwo</strong></span> <span class='ocrx_word' id='word_1_313' title='bbox 2072 2672 2184 2710; x_wconf 85' lang='lat' dir='ltr'><strong>ser-</strong></span> 
     </span>
    </p>
   </div>
   <div class='ocr_carea' id='block_1_42' title="bbox 618 2747 2184 2817">
    <p class='ocr_par' dir='ltr' id='par_1_42' title="bbox 618 2747 2184 2817">
     <span class='ocr_line' id='line_1_42' title="bbox 618 2747 2184 2817; baseline 0.001 -17"><span class='ocrx_word' id='word_1_314' title='bbox 618 2764 772 2802; x_wconf 84' lang='lat' dir='ltr'><strong>mone</strong></span> <span class='ocrx_word' id='word_1_315' title='bbox 811 2747 1056 2817; x_wconf 82' lang='lat' dir='ltr'><strong>copuiata</strong></span> <span class='ocrx_word' id='word_1_316' title='bbox 1101 2748 1499 2817; x_wconf 84' lang='lat' dir='ltr'><strong>interpretatur,</strong></span> <span class='ocrx_word' id='word_1_317' title='bbox 1539 2757 1630 2801; x_wconf 88' lang='lat' dir='ltr'><strong>aut</strong></span> <span class='ocrx_word' id='word_1_318' title='bbox 1677 2748 1988 2817; x_wconf 86' lang='lat' dir='ltr'><strong>conjuncta;</strong></span> <span class='ocrx_word' id='word_1_319' title='bbox 2027 2763 2184 2817; x_wconf 87' lang='lat' dir='ltr'><strong>quam</strong></span> 
     </span>
    </p>
   </div>
   <div class='ocr_carea' id='block_1_43' title="bbox 618 2837 2186 2907">
    <p class='ocr_par' dir='ltr' id='par_1_43' title="bbox 618 2837 2186 2907">
     <span class='ocr_line' id='line_1_43' title="bbox 618 2837 2186 2907; baseline 0 -15"><span class='ocrx_word' id='word_1_320' title='bbox 618 2841 683 2892; x_wconf 84' lang='lat' dir='ltr'><strong>ob</strong></span> <span class='ocrx_word' id='word_1_321' title='bbox 711 2855 926 2893; x_wconf 77' lang='lat' dir='ltr'><strong>causam</strong></span> <span class='ocrx_word' id='word_1_322' title='bbox 955 2839 1289 2907; x_wconf 82' lang='lat' dir='ltr'><strong>suspicantur</strong></span> <span class='ocrx_word' id='word_1_323' title='bbox 1314 2837 1545 2904; x_wconf 79' lang='lat' dir='ltr'><strong>Ilebrtri,</strong></span> <span class='ocrx_word' id='word_1_324' title='bbox 1577 2848 1778 2893; x_wconf 89' lang='lat' dir='ltr'><strong>mutato</strong></span> <span class='ocrx_word' id='word_1_325' title='bbox 1806 2839 2013 2893; x_wconf 86' lang='lat' dir='ltr'><strong>nomine</strong></span> <span class='ocrx_word' id='word_1_326' title='bbox 2041 2854 2186 2893; x_wconf 88' lang='lat' dir='ltr'><strong>eam-</strong></span> 
     </span>
    </p>
   </div>
   <div class='ocr_carea' id='block_1_44' title="bbox 616 2925 2183 3001">
    <p class='ocr_par' dir='ltr' id='par_1_44' title="bbox 616 2925 2183 3001">
     <span class='ocr_line' id='line_1_44' title="bbox 616 2925 2183 3001; baseline 0.003 -19"><span class='ocrx_word' id='word_1_327' title='bbox 616 2929 737 2984; x_wconf 85' lang='lat' dir='ltr'><strong>dem</strong></span> <span class='ocrx_word' id='word_1_328' title='bbox 788 2946 899 2984; x_wconf 83' lang='lat' dir='ltr'><strong>esse</strong></span> <span class='ocrx_word' id='word_1_329' title='bbox 943 2929 1110 3001; x_wconf 78' lang='lat' dir='ltr'><strong>Agar,</strong></span> <span class='ocrx_word' id='word_1_330' title='bbox 1152 2945 1268 3000; x_wconf 76' lang='lat' dir='ltr'><strong>qua:</strong></span> <span class='ocrx_word' id='word_1_331' title='bbox 1310 2928 1449 2985; x_wconf 85' lang='lat' dir='ltr'><strong>Sara</strong></span> <span class='ocrx_word' id='word_1_332' title='bbox 1492 2939 1723 2994; x_wconf 88' lang='lat' dir='ltr'><strong>mortua,</strong></span> <span class='ocrx_word' id='word_1_333' title='bbox 1775 2929 1838 2983; x_wconf 88' lang='lat' dir='ltr'><strong>de</strong></span> <span class='ocrx_word' id='word_1_334' title='bbox 1898 2925 2183 2986; x_wconf 84' lang='lat' dir='ltr'><strong>concubina</strong></span> 
     </span>
    </p>
   </div>
   <div class='ocr_carea' id='block_1_45' title="bbox 619 3021 2186 3089">
    <p class='ocr_par' dir='ltr' id='par_1_45' title="bbox 619 3021 2186 3089">
     <span class='ocr_line' id='line_1_45' title="bbox 619 3021 2186 3089; baseline 0 -16"><span class='ocrx_word' id='word_1_335' title='bbox 619 3022 896 3074; x_wconf 77' lang='lat' dir='ltr'><strong>transierit</strong></span> <span class='ocrx_word' id='word_1_336' title='bbox 938 3022 991 3074; x_wconf 88' lang='lat' dir='ltr'><strong>in</strong></span> <span class='ocrx_word' id='word_1_337' title='bbox 1041 3036 1290 3085; x_wconf 81' lang='lat' dir='ltr'><strong>uxorem;</strong></span> <span class='ocrx_word' id='word_1_338' title='bbox 1323 3030 1372 3074; x_wconf 86' lang='lat' dir='ltr'><strong>et</strong></span> <span class='ocrx_word' id='word_1_339' title='bbox 1420 3022 1495 3074; x_wconf 85' lang='lat' dir='ltr'><strong>ita</strong></span> <span class='ocrx_word' id='word_1_340' title='bbox 1538 3037 1663 3075; x_wconf 81' lang='lat' dir='ltr'><strong>sane</strong></span> <span class='ocrx_word' id='word_1_341' title='bbox 1710 3021 1913 3075; x_wconf 81' lang='lat' dir='ltr'><strong>videtur</strong></span> <span class='ocrx_word' id='word_1_342' title='bbox 1939 3021 2186 3089; x_wconf 82' lang='lat' dir='ltr'><strong>decrepiti</strong></span> 
     </span>
    </p>
   </div>
   <div class='ocr_carea' id='block_1_46' title="bbox 609 3093 2180 3182">
    <p class='ocr_par' dir='ltr' id='par_1_46' title="bbox 609 3093 2180 3182">
     <span class='ocr_line' id='line_1_46' title="bbox 609 3093 2180 3182; baseline -0.001 -17"><span class='ocrx_word' id='word_1_343' title='bbox 609 3109 731 3182; x_wconf 82' lang='lat' dir='ltr'><strong>jam</strong></span> <span class='ocrx_word' id='word_1_344' title='bbox 764 3093 991 3169; x_wconf 58' lang='lat' dir='ltr'><strong>Abraltie</strong></span> <span class='ocrx_word' id='word_1_345' title='bbox 1028 3113 1271 3166; x_wconf 72' lang='lat' dir='ltr'><strong>excusari</strong></span> <span class='ocrx_word' id='word_1_346' title='bbox 1318 3122 1445 3167; x_wconf 77' lang='lat' dir='ltr'><strong>tetas</strong></span> <span class='ocrx_word' id='word_1_347' title='bbox 1465 3129 1485 3178; x_wconf 89' lang='lat'><strong><em>;</em></strong></span> <span class='ocrx_word' id='word_1_348' title='bbox 1532 3129 1592 3166; x_wconf 88' lang='lat' dir='ltr'><strong>ne</strong></span> <span class='ocrx_word' id='word_1_349' title='bbox 1627 3128 1781 3167; x_wconf 72' lang='lat' dir='ltr'><strong>sene-.2:</strong></span> <span class='ocrx_word' id='word_1_350' title='bbox 1817 3123 1931 3181; x_wconf 80' lang='lat' dir='ltr'><strong>post</strong></span> <span class='ocrx_word' id='word_1_351' title='bbox 1963 3122 2180 3167; x_wconf 88' lang='lat' dir='ltr'><strong>mortem</strong></span> 
     </span>
    </p>
   </div>
   <div class='ocr_carea' id='block_1_47' title="bbox 618 3203 2178 3275">
    <p class='ocr_par' dir='ltr' id='par_1_47' title="bbox 618 3203 2178 3275">
     <span class='ocr_line' id='line_1_47' title="bbox 618 3203 2178 3275; baseline 0 -18"><span class='ocrx_word' id='word_1_352' title='bbox 618 3204 805 3258; x_wconf 72' lang='lat' dir='ltr'><strong>uxoris</strong></span> <span class='ocrx_word' id='word_1_353' title='bbox 834 3220 944 3259; x_wconf 75' lang='lat' dir='ltr'><strong>sua:</strong></span> <span class='ocrx_word' id='word_1_354' title='bbox 980 3203 1162 3259; x_wconf 80' lang='lat' dir='ltr'><strong>vetula:</strong></span> <span class='ocrx_word' id='word_1_355' title='bbox 1199 3204 1345 3258; x_wconf 75' lang='lat' dir='ltr'><strong>novis</strong></span> <span class='ocrx_word' id='word_1_356' title='bbox 1381 3214 1638 3275; x_wconf 87' lang='lat' dir='ltr'><strong>arguatur</strong></span> <span class='ocrx_word' id='word_1_357' title='bbox 1668 3205 1861 3272; x_wconf 84' lang='lat' dir='ltr'><strong>nuptiis</strong></span> <span class='ocrx_word' id='word_1_358' title='bbox 1893 3204 2178 3259; x_wconf 85' lang='lat' dir='ltr'><strong>lascivisse.</strong></span> 
     </span>
    </p>
   </div>
   <div class='ocr_carea' id='block_1_48' title="bbox 630 3294 2182 3367">
    <p class='ocr_par' dir='ltr' id='par_1_48' title="bbox 630 3294 2182 3367">
     <span class='ocr_line' id='line_1_48' title="bbox 630 3294 2182 3367; baseline 0 -18"><span class='ocrx_word' id='word_1_359' title='bbox 630 3295 819 3350; x_wconf 82' lang='lat' dir='ltr'><strong>Verum</strong></span> <span class='ocrx_word' id='word_1_360' title='bbox 847 3313 942 3350; x_wconf 88' lang='lat' dir='ltr'><strong>nos</strong></span> <span class='ocrx_word' id='word_1_361' title='bbox 969 3295 1106 3367; x_wconf 81' lang='lat' dir='ltr'><strong>quod</strong></span> <span class='ocrx_word' id='word_1_362' title='bbox 1134 3296 1391 3350; x_wconf 89' lang='lat' dir='ltr'><strong>incertum</strong></span> <span class='ocrx_word' id='word_1_363' title='bbox 1430 3304 1508 3349; x_wconf 77' lang='lat' dir='ltr'><strong>est</strong></span> <span class='ocrx_word' id='word_1_364' title='bbox 1547 3294 1925 3365; x_wconf 83' lang='lat' dir='ltr'><strong>relinquamus.</strong></span> <span class='ocrx_word' id='word_1_365' title='bbox 1970 3296 2182 3366; x_wconf 79' lang='lat' dir='ltr'><strong>Cajeta-</strong></span> 
     </span>
    </p>
   </div>
   <div class='ocr_carea' id='block_1_49' title="bbox 620 3386 2180 3458">
    <p class='ocr_par' dir='ltr' id='par_1_49' title="bbox 620 3386 2180 3458">
     <span class='ocr_line' id='line_1_49' title="bbox 620 3386 2180 3458; baseline -0.001 -14"><span class='ocrx_word' id='word_1_366' title='bbox 620 3404 725 3445; x_wconf 88' lang='lat' dir='ltr'><strong>nus</strong></span> <span class='ocrx_word' id='word_1_367' title='bbox 763 3396 818 3444; x_wconf 89' lang='lat' dir='ltr'><strong>et</strong></span> <span class='ocrx_word' id='word_1_368' title='bbox 855 3389 944 3443; x_wconf 89' lang='lat' dir='ltr'><strong>alii</strong></span> <span class='ocrx_word' id='word_1_369' title='bbox 975 3390 1297 3444; x_wconf 86' lang='lat' dir='ltr'><strong>sententiam</strong></span> <span class='ocrx_word' id='word_1_370' title='bbox 1330 3389 1471 3442; x_wconf 88' lang='lat' dir='ltr'><strong>hanc</strong></span> <span class='ocrx_word' id='word_1_371' title='bbox 1500 3386 1775 3458; x_wconf 87' lang='lat' dir='ltr'><strong>rejiciunt,</strong></span> <span class='ocrx_word' id='word_1_372' title='bbox 1798 3395 1851 3443; x_wconf 87' lang='lat' dir='ltr'><strong>et</strong></span> <span class='ocrx_word' id='word_1_373' title='bbox 1880 3386 2180 3444; x_wconf 83' lang='lat' dir='ltr'><strong>confutant.</strong></span> 
     </span>
    </p>
   </div>
   <div class='ocr_carea' id='block_1_50' title="bbox 688 3479 2178 3550">
    <p class='ocr_par' dir='ltr' id='par_1_50' title="bbox 688 3479 2178 3550">
     <span class='ocr_line' id='line_1_50' title="bbox 688 3479 2178 3550; baseline 0.001 -16"><span class='ocrx_word' id='word_1_374' title='bbox 688 3479 848 3546; x_wconf 91' lang='lat' dir='ltr'><strong>lbid.,</strong></span> <span class='ocrx_word' id='word_1_375' title='bbox 880 3480 977 3537; x_wconf 89' lang='lat' dir='ltr'><strong>lin.</strong></span> <span class='ocrx_word' id='word_1_376' title='bbox 1008 3481 1061 3536; x_wconf 90' lang='lat'><strong>9.</strong></span> <span class='ocrx_word' id='word_1_377' title='bbox 1088 3480 1196 3535; x_wconf 80' lang='lat' dir='ltr'><strong>Kal</strong></span> <span class='ocrx_word' id='word_1_378' title='bbox 1216 3480 1445 3547; x_wconf 80' lang='grc' dir='ltr'>τούτοις</span> <span class='ocrx_word' id='word_1_379' title='bbox 1464 3479 1674 3536; x_wconf 84' lang='grc' dir='ltr'>ἅπασι.</span> <span class='ocrx_word' id='word_1_380' title='bbox 1698 3480 2099 3550; x_wconf 78' lang='lat' dir='ltr'><strong>Josepbus,lib.</strong></span> <span class='ocrx_word' id='word_1_381' title='bbox 2124 3494 2178 3535; x_wconf 87' lang='lat' dir='ltr'><strong>t:</strong></span> 
     </span>
    </p>
   </div>
   <div class='ocr_carea' id='block_1_51' title="bbox 618 3570 2183 3642">
    <p class='ocr_par' dir='ltr' id='par_1_51' title="bbox 618 3570 2183 3642">
     <span class='ocr_line' id='line_1_51' title="bbox 618 3570 2183 3642; baseline 0 -18"><span class='ocrx_word' id='word_1_382' title='bbox 618 3571 840 3636; x_wconf 85' lang='grc' dir='ltr'>Τούτοις</span> <span class='ocrx_word' id='word_1_383' title='bbox 872 3570 1040 3625; x_wconf 70' lang='grc' dir='ltr'>ἅπασι</span> <span class='ocrx_word' id='word_1_384' title='bbox 1068 3574 1179 3635; x_wconf 87' lang='grc' dir='ltr'>τοῖς</span> <span class='ocrx_word' id='word_1_385' title='bbox 1217 3572 1372 3625; x_wconf 80' lang='grc' dir='ltr'>παισὶ</span> <span class='ocrx_word' id='word_1_386' title='bbox 1401 3573 1491 3625; x_wconf 74' lang='grc' dir='ltr'>καὶ</span> <span class='ocrx_word' id='word_1_387' title='bbox 1519 3574 1629 3635; x_wconf 88' lang='grc' dir='ltr'>τοῖς</span> <span class='ocrx_word' id='word_1_388' title='bbox 1661 3573 1873 3635; x_wconf 81' lang='grc' dir='ltr'>υἱωνοῖς</span> <span class='ocrx_word' id='word_1_389' title='bbox 1903 3571 2183 3642; x_wconf 71' lang='grc' dir='ltr'><strong>ΙἍϐραμος</strong></span> 
     </span>
    </p>
   </div>
   <div class='ocr_carea' id='block_1_52' title="bbox 615 3663 2181 3736">
    <p class='ocr_par' dir='ltr' id='par_1_52' title="bbox 615 3663 2181 3736">
     <span class='ocr_line' id='line_1_52' title="bbox 615 3663 2181 3736; baseline -0.001 -18"><span class='ocrx_word' id='word_1_390' title='bbox 615 3665 882 3719; x_wconf 75' lang='grc' dir='ltr'>ἀποικιῶν</span> <span class='ocrx_word' id='word_1_391' title='bbox 925 3664 1143 3728; x_wconf 79' lang='grc' dir='ltr'>στόλους</span> <span class='ocrx_word' id='word_1_392' title='bbox 1176 3665 1502 3736; x_wconf 80' lang='grc' dir='ltr'>μηχανᾶται,</span> <span class='ocrx_word' id='word_1_393' title='bbox 1528 3664 1623 3717; x_wconf 68' lang='grc' dir='ltr'>καὶ</span> <span class='ocrx_word' id='word_1_394' title='bbox 1655 3664 1757 3736; x_wconf 83' lang='grc' dir='ltr'>τήν</span> <span class='ocrx_word' id='word_1_395' title='bbox 1781 3681 1840 3717; x_wconf 90' lang='grc' dir='ltr'><strong>τε</strong></span> <span class='ocrx_word' id='word_1_396' title='bbox 1866 3663 2181 3736; x_wconf 81' lang='grc' dir='ltr'>Τρωγλοδύ-</span> 
     </span>
    </p>
   </div>
   <div class='ocr_carea' id='block_1_53' title="bbox 615 3756 2180 3829">
    <p class='ocr_par' dir='ltr' id='par_1_53' title="bbox 615 3756 2180 3829">
     <span class='ocr_line' id='line_1_53' title="bbox 615 3756 2180 3829; baseline -0.001 -18"><span class='ocrx_word' id='word_1_397' title='bbox 615 3775 714 3829; x_wconf 89' lang='grc' dir='ltr'><strong>την</strong></span> <span class='ocrx_word' id='word_1_398' title='bbox 759 3757 1231 3829; x_wconf 83' lang='grc' dir='ltr'>καταλαμϐάνουσι</span> <span class='ocrx_word' id='word_1_399' title='bbox 1270 3757 1366 3809; x_wconf 68' lang='grc' dir='ltr'>καὶ</span> <span class='ocrx_word' id='word_1_400' title='bbox 1408 3756 1507 3828; x_wconf 84' lang='grc' dir='ltr'>τῆς</span> <span class='ocrx_word' id='word_1_401' title='bbox 1546 3756 1872 3827; x_wconf 76' lang='grc' dir='ltr'>Εὐδαίμονος</span> <span class='ocrx_word' id='word_1_402' title='bbox 1925 3756 2180 3828; x_wconf 82' lang='grc' dir='ltr'>’Λραϐίας</span> 
     </span>
    </p>
   </div>
   <div class='ocr_carea' id='block_1_54' title="bbox 614 3845 2179 3920">
    <p class='ocr_par' dir='ltr' id='par_1_54' title="bbox 614 3845 2179 3920">
     <span class='ocr_line' id='line_1_54' title="bbox 614 3845 2179 3920; baseline -0.001 -18"><span class='ocrx_word' id='word_1_403' title='bbox 614 3850 738 3903; x_wconf 77' lang='grc' dir='ltr'>ὅσον</span> <span class='ocrx_word' id='word_1_404' title='bbox 784 3850 877 3902; x_wconf 72' lang='grc' dir='ltr'><strong>ἐπὶ</strong></span> <span class='ocrx_word' id='word_1_405' title='bbox 907 3849 1005 3920; x_wconf 84' lang='grc' dir='ltr'>τὴν</span> <span class='ocrx_word' id='word_1_406' title='bbox 1047 3847 1310 3920; x_wconf 86' lang='grc' dir='ltr'>Ἐρυθρὰν</span> <span class='ocrx_word' id='word_1_407' title='bbox 1354 3846 1624 3902; x_wconf 83' lang='grc' dir='ltr'>θάλασσαν</span> <span class='ocrx_word' id='word_1_408' title='bbox 1662 3847 1910 3919; x_wconf 83' lang='grc' dir='ltr'><strong>καθήκει.</strong></span> <span class='ocrx_word' id='word_1_409' title='bbox 1958 3845 2024 3901; x_wconf 86' lang='grc' dir='ltr'>Ει</span> <span class='ocrx_word' id='word_1_410' title='bbox 2056 3856 2179 3919; x_wconf 90' lang='lat' dir='ltr'><strong>post</strong></span> 
     </span>
    </p>
   </div>
   <div class='ocr_carea' id='block_1_55' title="bbox 613 3940 2178 4012">
    <p class='ocr_par' dir='ltr' id='par_1_55' title="bbox 613 3940 2178 4012">
     <span class='ocr_line' id='line_1_55' title="bbox 613 3940 2178 4012; baseline -0.001 -14"><span class='ocrx_word' id='word_1_411' title='bbox 613 3941 911 4012; x_wconf 79' lang='lat' dir='ltr'><strong>Josepbum</strong></span> <span class='ocrx_word' id='word_1_412' title='bbox 962 3940 1323 4011; x_wconf 80' lang='lat' dir='ltr'><strong>Hieronymus</strong></span> <span class='ocrx_word' id='word_1_413' title='bbox 1366 3941 1534 3995; x_wconf 88' lang='lat' dir='ltr'><strong>tradit</strong></span> <span class='ocrx_word' id='word_1_414' title='bbox 1576 3942 1677 3996; x_wconf 91' lang='lat' dir='ltr'><strong>hos</strong></span> <span class='ocrx_word' id='word_1_415' title='bbox 1734 3940 1984 3995; x_wconf 71' lang='lat' dir='ltr'><strong>Gellium</strong></span> <span class='ocrx_word' id='word_1_416' title='bbox 2039 3941 2178 3997; x_wconf 85' lang='lat' dir='ltr'><strong>ﬁlios</strong></span> 
     </span>
    </p>
   </div>
   <div class='ocr_carea' id='block_1_56' title="bbox 616 4031 2177 4104">
    <p class='ocr_par' dir='ltr' id='par_1_56' title="bbox 616 4031 2177 4104">
     <span class='ocr_line' id='line_1_56' title="bbox 616 4031 2177 4104; baseline 0.001 -17"><span class='ocrx_word' id='word_1_417' title='bbox 616 4034 861 4088; x_wconf 85' lang='lat' dir='ltr'><strong>tenuisse</strong></span> <span class='ocrx_word' id='word_1_418' title='bbox 883 4031 1256 4104; x_wconf 82' lang='lat' dir='ltr'><strong>Troglodytin,</strong></span> <span class='ocrx_word' id='word_1_419' title='bbox 1281 4040 1334 4088; x_wconf 89' lang='lat' dir='ltr'><strong>et</strong></span> <span class='ocrx_word' id='word_1_420' title='bbox 1362 4031 1617 4088; x_wconf 78' lang='lat' dir='ltr'><strong>Arabiam</strong></span> <span class='ocrx_word' id='word_1_421' title='bbox 1651 4033 1880 4097; x_wconf 83' lang='lat' dir='ltr'><strong>felicem,</strong></span> <span class='ocrx_word' id='word_1_422' title='bbox 1913 4048 2085 4102; x_wconf 89' lang='lat' dir='ltr'><strong>usque</strong></span> <span class='ocrx_word' id='word_1_423' title='bbox 2110 4032 2177 4088; x_wconf 89' lang='lat' dir='ltr'><strong>ad</strong></span> 
     </span>
    </p>
   </div>
   <div class='ocr_carea' id='block_1_57' title="bbox 617 4122 2176 4195">
    <p class='ocr_par' dir='ltr' id='par_1_57' title="bbox 617 4122 2176 4195">
     <span class='ocr_line' id='line_1_57' title="bbox 617 4122 2176 4195; baseline -0.001 -15"><span class='ocrx_word' id='word_1_424' title='bbox 617 4139 770 4180; x_wconf 87' lang='lat' dir='ltr'><strong>mare</strong></span> <span class='ocrx_word' id='word_1_425' title='bbox 796 4122 1064 4178; x_wconf 80' lang='lat' dir='ltr'><strong>Rubrum.</strong></span> <span class='ocrx_word' id='word_1_426' title='bbox 1094 4124 1313 4178; x_wconf 81' lang='lat' dir='ltr'><strong>Addunt</strong></span> <span class='ocrx_word' id='word_1_427' title='bbox 1347 4125 1459 4189; x_wconf 91' lang='lat' dir='ltr'><strong>alii,</strong></span> <span class='ocrx_word' id='word_1_428' title='bbox 1493 4126 1777 4195; x_wconf 86' lang='lat' dir='ltr'><strong>plerasque</strong></span> <span class='ocrx_word' id='word_1_429' title='bbox 1810 4126 2059 4195; x_wconf 77' lang='lat' dir='ltr'><strong>regiones</strong></span> <span class='ocrx_word' id='word_1_430' title='bbox 2087 4125 2176 4179; x_wconf 87' lang='lat' dir='ltr'><strong>ln-</strong></span> 
     </span>
    </p>
   </div>
   <div class='ocr_carea' id='block_1_58' title="bbox 617 4215 2176 4287">
    <p class='ocr_par' dir='ltr' id='par_1_58' title="bbox 617 4215 2176 4287">
     <span class='ocr_line' id='line_1_58' title="bbox 617 4215 2176 4287; baseline 0.002 -17"><span class='ocrx_word' id='word_1_431' title='bbox 617 4216 721 4271; x_wconf 66' lang='grc' dir='ltr'>ἀίω</span> <span class='ocrx_word' id='word_1_432' title='bbox 766 4231 1084 4287; x_wconf 84' lang='lat' dir='ltr'><strong>occupasse.</strong></span> <span class='ocrx_word' id='word_1_433' title='bbox 1138 4215 1244 4271; x_wconf 89' lang='lat' dir='ltr'><strong>Sed</strong></span> <span class='ocrx_word' id='word_1_434' title='bbox 1288 4231 1399 4271; x_wconf 91' lang='lat' dir='ltr'><strong>non</strong></span> <span class='ocrx_word' id='word_1_435' title='bbox 1448 4218 1680 4281; x_wconf 77' lang='lat' dir='ltr'><strong>videtur,</strong></span> <span class='ocrx_word' id='word_1_436' title='bbox 1714 4217 1788 4271; x_wconf 90' lang='lat' dir='ltr'><strong>ait</strong></span> <span class='ocrx_word' id='word_1_437' title='bbox 1817 4217 2089 4281; x_wconf 86' lang='lat' dir='ltr'><strong>Pererius,</strong></span> <span class='ocrx_word' id='word_1_438' title='bbox 2123 4218 2176 4273; x_wconf 90' lang='lat' dir='ltr'><strong>id</strong></span> 
     </span>
    </p>
   </div>
   <div class='ocr_carea' id='block_1_59' title="bbox 618 4302 2176 4379">
    <p class='ocr_par' dir='ltr' id='par_1_59' title="bbox 618 4302 2176 4379">
     <span class='ocr_line' id='line_1_59' title="bbox 618 4302 2176 4379; baseline -0.001 -17"><span class='ocrx_word' id='word_1_439' title='bbox 618 4322 921 4379; x_wconf 78' lang='lat' dir='ltr'><strong>congruere</strong></span> <span class='ocrx_word' id='word_1_440' title='bbox 945 4321 1069 4361; x_wconf 89' lang='lat' dir='ltr'><strong>cum</strong></span> <span class='ocrx_word' id='word_1_441' title='bbox 1103 4321 1188 4369; x_wconf 92' lang='lat' dir='ltr'><strong>eo,</strong></span> <span class='ocrx_word' id='word_1_442' title='bbox 1225 4307 1367 4376; x_wconf 92' lang='lat' dir='ltr'><strong>quod</strong></span> <span class='ocrx_word' id='word_1_443' title='bbox 1398 4307 1465 4361; x_wconf 89' lang='lat' dir='ltr'><strong>de</strong></span> <span class='ocrx_word' id='word_1_444' title='bbox 1497 4307 1616 4362; x_wconf 90' lang='lat' dir='ltr'><strong>istis</strong></span> <span class='ocrx_word' id='word_1_445' title='bbox 1643 4302 1905 4361; x_wconf 86' lang='lat' dir='ltr'><strong>memorat</strong></span> <span class='ocrx_word' id='word_1_446' title='bbox 1931 4308 2034 4361; x_wconf 91' lang='lat' dir='ltr'><strong>hoc</strong></span> <span class='ocrx_word' id='word_1_447' title='bbox 2058 4309 2176 4363; x_wconf 88' lang='lat' dir='ltr'><strong>loco</strong></span> 
     </span>
    </p>
   </div>
   <div class='ocr_carea' id='block_1_60' title="bbox 615 4395 2175 4470">
    <p class='ocr_par' dir='ltr' id='par_1_60' title="bbox 615 4395 2175 4470">
     <span class='ocr_line' id='line_1_60' title="bbox 615 4395 2175 4470; baseline -0.003 -17"><span class='ocrx_word' id='word_1_448' title='bbox 615 4397 853 4470; x_wconf 80' lang='lat' dir='ltr'><strong>Moyses,</strong></span> <span class='ocrx_word' id='word_1_449' title='bbox 883 4396 1151 4460; x_wconf 88' lang='lat' dir='ltr'><strong>scribens,</strong></span> <span class='ocrx_word' id='word_1_450' title='bbox 1177 4411 1272 4451; x_wconf 91' lang='lat' dir='ltr'><strong>eos</strong></span> <span class='ocrx_word' id='word_1_451' title='bbox 1303 4396 1578 4452; x_wconf 82' lang='lat' dir='ltr'><strong>habitasse</strong></span> <span class='ocrx_word' id='word_1_452' title='bbox 1609 4395 1676 4450; x_wconf 89' lang='lat' dir='ltr'><strong>ad</strong></span> <span class='ocrx_word' id='word_1_453' title='bbox 1702 4397 1909 4467; x_wconf 82' lang='lat' dir='ltr'><strong>plagam</strong></span> <span class='ocrx_word' id='word_1_454' title='bbox 1940 4398 2175 4451; x_wconf 85' lang='lat' dir='ltr'><strong>orienta-</strong></span> 
     </span>
    </p>
   </div>
   <div class='ocr_carea' id='block_1_61' title="bbox 2283 1921 3177 1979">
    <p class='ocr_par' dir='ltr' id='par_1_61' title="bbox 2283 1921 3177 1979">
     <span class='ocr_line' id='line_1_61' title="bbox 2283 1921 3177 1979; baseline -0.003 -2"><span class='ocrx_word' id='word_1_455' title='bbox 2283 1923 2382 1979; x_wconf 72' lang='lat' dir='ltr'><strong>lib.</strong></span> <span class='ocrx_word' id='word_1_456' title='bbox 2413 1939 2451 1977; x_wconf 89' lang='lat' dir='ltr'><strong>t.</strong></span> <span class='ocrx_word' id='word_1_457' title='bbox 2482 1922 2617 1977; x_wconf 83' lang='lat' dir='ltr'><strong>Vide</strong></span> <span class='ocrx_word' id='word_1_458' title='bbox 2643 1921 2911 1977; x_wconf 85' lang='lat' dir='ltr'><strong>lsidorum</strong></span> <span class='ocrx_word' id='word_1_459' title='bbox 2944 1931 2999 1976; x_wconf 90' lang='lat' dir='ltr'><strong>et</strong></span> <span class='ocrx_word' id='word_1_460' title='bbox 3022 1922 3177 1975; x_wconf 85' lang='lat' dir='ltr'><strong>alios.</strong></span> 
     </span>
    </p>
   </div>
   <div class='ocr_carea' id='block_1_62' title="bbox 2352 2010 3817 2082">
    <p class='ocr_par' dir='ltr' id='par_1_62' title="bbox 2352 2010 3817 2082">
     <span class='ocr_line' id='line_1_62' title="bbox 2352 2010 3817 2082; baseline 0 -13"><span class='ocrx_word' id='word_1_461' title='bbox 2352 2015 2511 2080; x_wconf 64' lang='lat' dir='ltr'><strong>ltiti,</strong></span> <span class='ocrx_word' id='word_1_462' title='bbox 2565 2015 2662 2069; x_wconf 92' lang='lat' dir='ltr'><strong>lin.</strong></span> <span class='ocrx_word' id='word_1_463' title='bbox 2710 2014 2799 2069; x_wconf 72' lang='lat'><strong>17.-</strong></span> <span class='ocrx_word' id='word_1_464' title='bbox 2849 2011 3073 2078; x_wconf 81' lang='grc' dir='ltr'>Οἵτινες</span> <span class='ocrx_word' id='word_1_465' title='bbox 3135 2010 3418 2080; x_wconf 76' lang='grc' dir='ltr'>Ἠρακλεῖ.</span> <span class='ocrx_word' id='word_1_466' title='bbox 3472 2010 3726 2082; x_wconf 78' lang='lat' dir='ltr'><strong>Josepbus</strong></span> <span class='ocrx_word' id='word_1_467' title='bbox 3757 2031 3817 2070; x_wconf 75' lang='lat' dir='ltr'><strong>ex</strong></span> 
     </span>
    </p>
   </div>
   <div class='ocr_carea' id='block_1_63' title="bbox 2282 2099 3813 2175">
    <p class='ocr_par' dir='ltr' id='par_1_63' title="bbox 2282 2099 3813 2175">
     <span class='ocr_line' id='line_1_63' title="bbox 2282 2099 3813 2175; baseline -0.001 -13"><span class='ocrx_word' id='word_1_468' title='bbox 2282 2105 2571 2162; x_wconf 84' lang='lat' dir='ltr'><strong>Cleodcmo</strong></span> <span class='ocrx_word' id='word_1_469' title='bbox 2602 2103 2721 2160; x_wconf 62' lang='lat' dir='ltr'><strong>&#39;iib.</strong></span> <span class='ocrx_word' id='word_1_470' title='bbox 2752 2119 2768 2157; x_wconf 86' lang='grc' dir='ltr'><strong>ι</strong></span> <span class='ocrx_word' id='word_1_471' title='bbox 2814 2103 3077 2172; x_wconf 79' lang='lat' dir='ltr'><strong>Antiquit.</strong></span> <span class='ocrx_word' id='word_1_472' title='bbox 3105 2115 3125 2155; x_wconf 91' lang='lat'><strong><em>:</em></strong></span> <span class='ocrx_word' id='word_1_473' title='bbox 3150 2099 3383 2165; x_wconf 79' lang='grc' dir='ltr'>Τούτους</span> <span class='ocrx_word' id='word_1_474' title='bbox 3432 2103 3543 2174; x_wconf 79' lang='grc' dir='ltr'><strong>γὰρ</strong></span> <span class='ocrx_word' id='word_1_475' title='bbox 3587 2104 3813 2175; x_wconf 76' lang='grc' dir='ltr'>Ἡρακλεῖ</span> 
     </span>
    </p>
   </div>
   <div class='ocr_carea' id='block_1_64' title="bbox 2285 2192 3795 2266">
    <p class='ocr_par' dir='ltr' id='par_1_64' title="bbox 2285 2192 3795 2266">
     <span class='ocr_line' id='line_1_64' title="bbox 2285 2192 3795 2266; baseline 0 -17"><span class='ocrx_word' id='word_1_476' title='bbox 2285 2193 2684 2266; x_wconf 75' lang='grc' dir='ltr'>συστρατεῦσαι</span> <span class='ocrx_word' id='word_1_477' title='bbox 2715 2193 2805 2246; x_wconf 74' lang='grc' dir='ltr'><strong>ἐπὶ</strong></span> <span class='ocrx_word' id='word_1_478' title='bbox 2843 2192 3047 2263; x_wconf 88' lang='grc' dir='ltr'>Λιϐύην</span> <span class='ocrx_word' id='word_1_479' title='bbox 3075 2192 3172 2248; x_wconf 72' lang='grc' dir='ltr'>καὶ</span> <span class='ocrx_word' id='word_1_480' title='bbox 3204 2192 3466 2257; x_wconf 84' lang='grc' dir='ltr'>Ἀνταῖον,</span> <span class='ocrx_word' id='word_1_481' title='bbox 3507 2194 3718 2264; x_wconf 70' lang='grc' dir='ltr'>γήμαντά</span> <span class='ocrx_word' id='word_1_482' title='bbox 3742 2212 3795 2249; x_wconf 76' lang='grc' dir='ltr'><strong>τε</strong></span> 
     </span>
    </p>
   </div>
   <div class='ocr_carea' id='block_1_65' title="bbox 2281 2282 3787 2359">
    <p class='ocr_par' dir='ltr' id='par_1_65' title="bbox 2281 2282 3787 2359">
     <span class='ocr_line' id='line_1_65' title="bbox 2281 2282 3787 2359; baseline -0.001 -20"><span class='ocrx_word' id='word_1_483' title='bbox 2281 2287 2377 2359; x_wconf 76' lang='grc' dir='ltr'>τὴν</span> <span class='ocrx_word' id='word_1_484' title='bbox 2425 2289 2631 2357; x_wconf 75' lang='grc' dir='ltr'>Ὄφραν</span> <span class='ocrx_word' id='word_1_485' title='bbox 2677 2285 2953 2356; x_wconf 79' lang='grc' dir='ltr'>θυγατέρα</span> <span class='ocrx_word' id='word_1_486' title='bbox 3003 2282 3271 2355; x_wconf 78' lang='grc' dir='ltr'>Ἠρακλέα</span> <span class='ocrx_word' id='word_1_487' title='bbox 3321 2285 3569 2359; x_wconf 77' lang='grc' dir='ltr'>γεννῆσαι</span> <span class='ocrx_word' id='word_1_488' title='bbox 3607 2288 3704 2340; x_wconf 82' lang='grc' dir='ltr'>υἱὸν</span> <span class='ocrx_word' id='word_1_489' title='bbox 3736 2288 3787 2354; x_wconf 79' lang='grc' dir='ltr'><strong>ἐξ</strong></span> 
     </span>
    </p>
   </div>
   <div class='ocr_carea' id='block_1_66' title="bbox 2282 2374 3793 2450">
    <p class='ocr_par' dir='ltr' id='par_1_66' title="bbox 2282 2374 3793 2450">
     <span class='ocr_line' id='line_1_66' title="bbox 2282 2374 3793 2450; baseline 0.001 -18"><span class='ocrx_word' id='word_1_490' title='bbox 2282 2380 2451 2450; x_wconf 79' lang='grc' dir='ltr'>αὐτῆς</span> <span class='ocrx_word' id='word_1_491' title='bbox 2489 2379 2745 2450; x_wconf 85' lang='grc' dir='ltr'>Δέδωρον.</span> <span class='ocrx_word' id='word_1_492' title='bbox 2785 2377 2984 2430; x_wconf 81' lang='grc' dir='ltr'>Τούτου</span> <span class='ocrx_word' id='word_1_493' title='bbox 3022 2375 3079 2429; x_wconf 83' lang='grc' dir='ltr'>δὲ</span> <span class='ocrx_word' id='word_1_494' title='bbox 3108 2377 3357 2445; x_wconf 78' lang='grc' dir='ltr'>γενέσθαι</span> <span class='ocrx_word' id='word_1_495' title='bbox 3390 2379 3620 2447; x_wconf 77' lang='grc' dir='ltr'>Σοφῶνα,</span> <span class='ocrx_word' id='word_1_496' title='bbox 3644 2379 3718 2448; x_wconf 64' lang='grc' dir='ltr'><strong>ἀφ’</strong></span> <span class='ocrx_word' id='word_1_497' title='bbox 3741 2374 3793 2433; x_wconf 76' lang='grc' dir='ltr'>ὦ</span> 
     </span>
    </p>
   </div>
   <div class='ocr_carea' id='block_1_67' title="bbox 2281 2468 3808 2542">
    <p class='ocr_par' dir='ltr' id='par_1_67' title="bbox 2281 2468 3808 2542">
     <span class='ocr_line' id='line_1_67' title="bbox 2281 2468 3808 2542; baseline 0.001 -19"><span class='ocrx_word' id='word_1_498' title='bbox 2281 2472 2406 2535; x_wconf 78' lang='grc' dir='ltr'>τοὺς</span> <span class='ocrx_word' id='word_1_499' title='bbox 2428 2470 2729 2542; x_wconf 79' lang='grc' dir='ltr'>βαρϐάρους</span> <span class='ocrx_word' id='word_1_500' title='bbox 2748 2468 2998 2539; x_wconf 65' lang='grc' dir='ltr'>Σοφακὰς</span> <span class='ocrx_word' id='word_1_501' title='bbox 3016 2468 3265 2538; x_wconf 76' lang='grc' dir='ltr'>λέγεσθαι</span> <span class='ocrx_word' id='word_1_502' title='bbox 3286 2486 3299 2499; x_wconf 74' lang='grc' dir='ltr'><strong>ο</strong></span> <span class='ocrx_word' id='word_1_503' title='bbox 3327 2471 3421 2523; x_wconf 89' lang='lat' dir='ltr'><strong>alii</strong></span> <span class='ocrx_word' id='word_1_504' title='bbox 3442 2472 3618 2541; x_wconf 83' lang='lat' dir='ltr'><strong>legunt</strong></span> <span class='ocrx_word' id='word_1_505' title='bbox 3637 2469 3808 2540; x_wconf 61' lang='grc' dir='ltr'>Σοφας.</span> 
     </span>
    </p>
   </div>
   <div class='ocr_carea' id='block_1_68' title="bbox 2283 2561 3817 2635">
    <p class='ocr_par' dir='ltr' id='par_1_68' title="bbox 2283 2561 3817 2635">
     <span class='ocr_line' id='line_1_68' title="bbox 2283 2561 3817 2635; baseline 0.001 -19"><span class='ocrx_word' id='word_1_506' title='bbox 2283 2562 2360 2616; x_wconf 77' lang='lat' dir='ltr'><strong>Ex</strong></span> <span class='ocrx_word' id='word_1_507' title='bbox 2392 2562 2477 2616; x_wconf 90' lang='lat' dir='ltr'><strong>his</strong></span> <span class='ocrx_word' id='word_1_508' title='bbox 2505 2561 2864 2634; x_wconf 79' lang='lat' dir='ltr'><strong>corrigendus</strong></span> <span class='ocrx_word' id='word_1_509' title='bbox 2895 2562 3233 2626; x_wconf 69' lang='lat' dir='ltr'><strong>Eustathius,</strong></span> <span class='ocrx_word' id='word_1_510' title='bbox 3268 2562 3393 2617; x_wconf 82' lang='lat' dir='ltr'><strong>nisi-</strong></span> <span class='ocrx_word' id='word_1_511' title='bbox 3414 2565 3586 2634; x_wconf 83' lang='lat' dir='ltr'><strong>magis</strong></span> <span class='ocrx_word' id='word_1_512' title='bbox 3615 2564 3817 2635; x_wconf 85' lang='lat' dir='ltr'><strong>placue-</strong></span> 
     </span>
    </p>
   </div>
   <div class='ocr_carea' id='block_1_69' title="bbox 2283 2654 3826 2728">
    <p class='ocr_par' dir='ltr' id='par_1_69' title="bbox 2283 2654 3826 2728">
     <span class='ocr_line' id='line_1_69' title="bbox 2283 2654 3826 2728; baseline -0.002 -17"><span class='ocrx_word' id='word_1_513' title='bbox 2283 2658 2355 2711; x_wconf 86' lang='lat' dir='ltr'><strong>rit</strong></span> <span class='ocrx_word' id='word_1_514' title='bbox 2384 2655 2639 2726; x_wconf 79' lang='grc' dir='ltr'>Σοφῶνας</span> <span class='ocrx_word' id='word_1_515' title='bbox 2671 2655 2927 2710; x_wconf 88' lang='lat' dir='ltr'><strong>scribere.</strong></span> <span class='ocrx_word' id='word_1_516' title='bbox 2972 2654 3087 2709; x_wconf 82' lang='lat' dir='ltr'><strong>Hoc</strong></span> <span class='ocrx_word' id='word_1_517' title='bbox 3122 2662 3305 2710; x_wconf 88' lang='lat' dir='ltr'><strong>tamen</strong></span> <span class='ocrx_word' id='word_1_518' title='bbox 3347 2656 3706 2728; x_wconf 86' lang='lat' dir='ltr'><strong>perinsignem</strong></span> <span class='ocrx_word' id='word_1_519' title='bbox 3747 2664 3826 2709; x_wconf 80' lang='lat' dir='ltr'><strong>at-</strong></span> 
     </span>
    </p>
   </div>
   <div class='ocr_carea' id='block_1_70' title="bbox 2282 2743 3830 2817">
    <p class='ocr_par' dir='ltr' id='par_1_70' title="bbox 2282 2743 3830 2817">
     <span class='ocr_line' id='line_1_70' title="bbox 2282 2743 3830 2817; baseline 0.003 -18"><span class='ocrx_word' id='word_1_520' title='bbox 2282 2762 2387 2817; x_wconf 90' lang='lat' dir='ltr'><strong>que</strong></span> <span class='ocrx_word' id='word_1_521' title='bbox 2416 2745 2809 2816; x_wconf 83' lang='lat' dir='ltr'><strong>perabsurdum</strong></span> <span class='ocrx_word' id='word_1_522' title='bbox 2834 2746 2888 2798; x_wconf 90' lang='lat' dir='ltr'><strong>in</strong></span> <span class='ocrx_word' id='word_1_523' title='bbox 2912 2743 3267 2816; x_wconf 83' lang='lat' dir='ltr'><strong>Cltronologia</strong></span> <span class='ocrx_word' id='word_1_524' title='bbox 3298 2761 3525 2801; x_wconf 89' lang='lat' dir='ltr'><strong>errorem</strong></span> <span class='ocrx_word' id='word_1_525' title='bbox 3543 2746 3830 2803; x_wconf 83' lang='lat' dir='ltr'><strong>continere</strong></span> 
     </span>
    </p>
   </div>
   <div class='ocr_carea' id='block_1_71' title="bbox 2283 2834 3831 2909">
    <p class='ocr_par' dir='ltr' id='par_1_71' title="bbox 2283 2834 3831 2909">
     <span class='ocr_line' id='line_1_71' title="bbox 2283 2834 3831 2909; baseline 0.001 -16"><span class='ocrx_word' id='word_1_526' title='bbox 2283 2838 2522 2893; x_wconf 85' lang='lat' dir='ltr'><strong>scribere</strong></span> <span class='ocrx_word' id='word_1_527' title='bbox 2565 2834 2850 2904; x_wconf 78' lang='lat' dir='ltr'><strong>Pet-crius;</strong></span> <span class='ocrx_word' id='word_1_528' title='bbox 2901 2836 3164 2893; x_wconf 84' lang='lat' dir='ltr'><strong>llereules</strong></span> <span class='ocrx_word' id='word_1_529' title='bbox 3213 2854 3436 2909; x_wconf 85' lang='lat' dir='ltr'><strong>namque</strong></span> <span class='ocrx_word' id='word_1_530' title='bbox 3474 2838 3722 2902; x_wconf 79' lang='lat' dir='ltr'><strong>excessit,</strong></span> <span class='ocrx_word' id='word_1_531' title='bbox 3762 2847 3831 2894; x_wconf 88' lang='lat' dir='ltr'><strong>ut</strong></span> 
     </span>
    </p>
   </div>
   <div class='ocr_carea' id='block_1_72' title="bbox 2282 2925 3831 3005">
    <p class='ocr_par' dir='ltr' id='par_1_72' title="bbox 2282 2925 3831 3005">
     <span class='ocr_line' id='line_1_72' title="bbox 2282 2925 3831 3005; baseline 0.001 -18"><span class='ocrx_word' id='word_1_532' title='bbox 2282 2935 2423 2989; x_wconf 89' lang='lat' dir='ltr'><strong>inter</strong></span> <span class='ocrx_word' id='word_1_533' title='bbox 2466 2949 2655 2989; x_wconf 84' lang='lat' dir='ltr'><strong>omnes</strong></span> <span class='ocrx_word' id='word_1_534' title='bbox 2702 2934 2977 2998; x_wconf 81' lang='lat' dir='ltr'><strong>convenit,</strong></span> <span class='ocrx_word' id='word_1_535' title='bbox 3021 2925 3202 2988; x_wconf 87' lang='lat' dir='ltr'><strong>minus</strong></span> <span class='ocrx_word' id='word_1_536' title='bbox 3243 2934 3460 3005; x_wconf 77' lang='lat' dir='ltr'><strong>triginta</strong></span> <span class='ocrx_word' id='word_1_537' title='bbox 3506 2933 3661 2987; x_wconf 84' lang='lat' dir='ltr'><strong>annis</strong></span> <span class='ocrx_word' id='word_1_538' title='bbox 3703 2942 3831 2990; x_wconf 86' lang='lat' dir='ltr'><strong>ante</strong></span> 
     </span>
    </p>
   </div>
   <div class='ocr_carea' id='block_1_73' title="bbox 2282 3015 3829 3098">
    <p class='ocr_par' dir='ltr' id='par_1_73' title="bbox 2282 3015 3829 3098">
     <span class='ocr_line' id='line_1_73' title="bbox 2282 3015 3829 3098; baseline -0.001 -16"><span class='ocrx_word' id='word_1_539' title='bbox 2282 3027 2481 3082; x_wconf 87' lang='lat' dir='ltr'><strong>bellum</strong></span> <span class='ocrx_word' id='word_1_540' title='bbox 2513 3018 2833 3096; x_wconf 80' lang='lat' dir='ltr'><strong>Trojanum,</strong></span> <span class='ocrx_word' id='word_1_541' title='bbox 2858 3015 3004 3098; x_wconf 86' lang='lat' dir='ltr'><strong>quod</strong></span> <span class='ocrx_word' id='word_1_542' title='bbox 3027 3027 3226 3081; x_wconf 90' lang='lat' dir='ltr'><strong>bellum</strong></span> <span class='ocrx_word' id='word_1_543' title='bbox 3257 3027 3308 3081; x_wconf 92' lang='lat' dir='ltr'><strong>in</strong></span> <span class='ocrx_word' id='word_1_544' title='bbox 3341 3027 3645 3098; x_wconf 83' lang='lat' dir='ltr'><strong>principatu</strong></span> <span class='ocrx_word' id='word_1_545' title='bbox 3674 3025 3829 3081; x_wconf 78' lang='lat' dir='ltr'><strong>Satn-</strong></span> 
     </span>
    </p>
   </div>
   <div class='ocr_carea' id='block_1_74' title="bbox 2284 3117 3831 3188">
    <p class='ocr_par' dir='ltr' id='par_1_74' title="bbox 2284 3117 3831 3188">
     <span class='ocr_line' id='line_1_74' title="bbox 2284 3117 3831 3188; baseline 0 -15"><span class='ocrx_word' id='word_1_546' title='bbox 2284 3118 2453 3183; x_wconf 86' lang='lat' dir='ltr'><strong>sonis,</strong></span> <span class='ocrx_word' id='word_1_547' title='bbox 2481 3126 2572 3171; x_wconf 82' lang='lat' dir='ltr'><strong>aut</strong></span> <span class='ocrx_word' id='word_1_548' title='bbox 2602 3133 2709 3171; x_wconf 91' lang='lat' dir='ltr'><strong>non</strong></span> <span class='ocrx_word' id='word_1_549' title='bbox 2734 3118 2921 3188; x_wconf 88' lang='lat' dir='ltr'><strong>procul</strong></span> <span class='ocrx_word' id='word_1_550' title='bbox 2944 3117 3012 3172; x_wconf 90' lang='lat' dir='ltr'><strong>ab</strong></span> <span class='ocrx_word' id='word_1_551' title='bbox 3036 3134 3100 3172; x_wconf 92' lang='lat' dir='ltr'><strong>co</strong></span> <span class='ocrx_word' id='word_1_552' title='bbox 3121 3120 3359 3188; x_wconf 85' lang='lat' dir='ltr'><strong>tempore</strong></span> <span class='ocrx_word' id='word_1_553' title='bbox 3388 3117 3639 3187; x_wconf 79' lang='lat' dir='ltr'><strong>contigit,</strong></span> <span class='ocrx_word' id='word_1_554' title='bbox 3670 3132 3831 3187; x_wconf 84' lang='lat' dir='ltr'><strong>quare</strong></span> 
     </span>
    </p>
   </div>
   <div class='ocr_carea' id='block_1_75' title="bbox 2284 3200 3831 3281">
    <p class='ocr_par' dir='ltr' id='par_1_75' title="bbox 2284 3200 3831 3281">
     <span class='ocr_line' id='line_1_75' title="bbox 2284 3200 3831 3281; baseline -0.001 -16"><span class='ocrx_word' id='word_1_555' title='bbox 2284 3200 2377 3265; x_wconf 84' lang='lat' dir='ltr'><strong>isti</strong></span> <span class='ocrx_word' id='word_1_556' title='bbox 2402 3218 2625 3281; x_wconf 89' lang='lat' dir='ltr'><strong>nepotes</strong></span> <span class='ocrx_word' id='word_1_557' title='bbox 2657 3210 2907 3277; x_wconf 66' lang='lat' dir='ltr'><strong>Abrahae,</strong></span> <span class='ocrx_word' id='word_1_558' title='bbox 2941 3210 3065 3280; x_wconf 89' lang='lat' dir='ltr'><strong>plus</strong></span> <span class='ocrx_word' id='word_1_559' title='bbox 3096 3218 3373 3266; x_wconf 75' lang='lat' dir='ltr'><strong>sexcentos</strong></span> <span class='ocrx_word' id='word_1_560' title='bbox 3406 3224 3580 3263; x_wconf 87' lang='lat' dir='ltr'><strong>annos</strong></span> <span class='ocrx_word' id='word_1_561' title='bbox 3623 3210 3831 3264; x_wconf 80' lang='lat' dir='ltr'><strong>Hercu-</strong></span> 
     </span>
    </p>
   </div>
   <div class='ocr_carea' id='block_1_76' title="bbox 2282 3298 3831 3373">
    <p class='ocr_par' dir='ltr' id='par_1_76' title="bbox 2282 3298 3831 3373">
     <span class='ocr_line' id='line_1_76' title="bbox 2282 3298 3831 3373; baseline -0.001 -14"><span class='ocrx_word' id='word_1_562' title='bbox 2282 3298 2387 3359; x_wconf 83' lang='lat' dir='ltr'><strong>lem</strong></span> <span class='ocrx_word' id='word_1_563' title='bbox 2429 3310 2863 3368; x_wconf 79' lang='lat' dir='ltr'><strong>anteceSserunt,</strong></span> <span class='ocrx_word' id='word_1_564' title='bbox 2911 3302 3211 3373; x_wconf 85' lang='lat' dir='ltr'><strong>probatque</strong></span> <span class='ocrx_word' id='word_1_565' title='bbox 3250 3302 3566 3356; x_wconf 87' lang='lat' dir='ltr'><strong>auctoritate</strong></span> <span class='ocrx_word' id='word_1_566' title='bbox 3607 3301 3831 3359; x_wconf 84' lang='lat' dir='ltr'><strong>Eusebii</strong></span> 
     </span>
    </p>
   </div>
   <div class='ocr_carea' id='block_1_77' title="bbox 2281 3391 3832 3463">
    <p class='ocr_par' dir='ltr' id='par_1_77' title="bbox 2281 3391 3832 3463">
     <span class='ocr_line' id='line_1_77' title="bbox 2281 3391 3832 3463; baseline 0.001 -16"><span class='ocrx_word' id='word_1_567' title='bbox 2281 3393 2337 3448; x_wconf 91' lang='lat' dir='ltr'><strong>in</strong></span> <span class='ocrx_word' id='word_1_568' title='bbox 2369 3393 2685 3463; x_wconf 75' lang='lat' dir='ltr'><strong>praefatione</strong></span> <span class='ocrx_word' id='word_1_569' title='bbox 2727 3408 2953 3448; x_wconf 88' lang='lat' dir='ltr'><strong>suorum</strong></span> <span class='ocrx_word' id='word_1_570' title='bbox 3004 3391 3193 3449; x_wconf 84' lang='lat' dir='ltr'><strong>Chron.</strong></span> <span class='ocrx_word' id='word_1_571' title='bbox 3248 3391 3348 3447; x_wconf 87' lang='lat' dir='ltr'><strong>Sed</strong></span> <span class='ocrx_word' id='word_1_572' title='bbox 3394 3407 3641 3448; x_wconf 88' lang='lat' dir='ltr'><strong>errorem</strong></span> <span class='ocrx_word' id='word_1_573' title='bbox 3685 3393 3832 3449; x_wconf 86' lang='lat' dir='ltr'><strong>hunc</strong></span> 
     </span>
    </p>
   </div>
   <div class='ocr_carea' id='block_1_78' title="bbox 2279 3480 3827 3554">
    <p class='ocr_par' dir='ltr' id='par_1_78' title="bbox 2279 3480 3827 3554">
     <span class='ocr_line' id='line_1_78' title="bbox 2279 3480 3827 3554; baseline -0.002 -16"><span class='ocrx_word' id='word_1_574' title='bbox 2279 3484 2643 3554; x_wconf 86' lang='lat' dir='ltr'><strong>perinsignem</strong></span> <span class='ocrx_word' id='word_1_575' title='bbox 2674 3491 2728 3539; x_wconf 89' lang='lat' dir='ltr'><strong>et</strong></span> <span class='ocrx_word' id='word_1_576' title='bbox 2760 3484 3154 3554; x_wconf 88' lang='lat' dir='ltr'><strong>perabsurdum</strong></span> <span class='ocrx_word' id='word_1_577' title='bbox 3185 3482 3238 3536; x_wconf 92' lang='lat' dir='ltr'><strong>in</strong></span> <span class='ocrx_word' id='word_1_578' title='bbox 3268 3480 3650 3551; x_wconf 67' lang='lat' dir='ltr'><strong>Clit-analogia,</strong></span> <span class='ocrx_word' id='word_1_579' title='bbox 3679 3482 3827 3547; x_wconf 69' lang='lat' dir='ltr'><strong>velit,</strong></span> 
     </span>
    </p>
   </div>
   <div class='ocr_carea' id='block_1_79' title="bbox 2278 3572 3828 3647">
    <p class='ocr_par' dir='ltr' id='par_1_79' title="bbox 2278 3572 3828 3647">
     <span class='ocr_line' id='line_1_79' title="bbox 2278 3572 3828 3647; baseline -0.003 -16"><span class='ocrx_word' id='word_1_580' title='bbox 2278 3576 2433 3637; x_wconf 90' lang='lat' dir='ltr'><strong>nolit,</strong></span> <span class='ocrx_word' id='word_1_581' title='bbox 2470 3577 2629 3632; x_wconf 88' lang='lat' dir='ltr'><strong>nobis</strong></span> <span class='ocrx_word' id='word_1_582' title='bbox 2654 3572 2911 3631; x_wconf 89' lang='lat' dir='ltr'><strong>Percrius</strong></span> <span class='ocrx_word' id='word_1_583' title='bbox 2930 3576 3188 3647; x_wconf 84' lang='lat' dir='ltr'><strong>suggerit,</strong></span> <span class='ocrx_word' id='word_1_584' title='bbox 3220 3574 3312 3645; x_wconf 86' lang='lat' dir='ltr'><strong>qui</strong></span> <span class='ocrx_word' id='word_1_585' title='bbox 3344 3590 3512 3627; x_wconf 92' lang='lat' dir='ltr'><strong>unum</strong></span> <span class='ocrx_word' id='word_1_586' title='bbox 3543 3572 3828 3629; x_wconf 81' lang='lat' dir='ltr'><strong>Herculem</strong></span> 
     </span>
    </p>
   </div>
   <div class='ocr_carea' id='block_1_80' title="bbox 2277 3666 3829 3738">
    <p class='ocr_par' dir='ltr' id='par_1_80' title="bbox 2277 3666 3829 3738">
     <span class='ocr_line' id='line_1_80' title="bbox 2277 3666 3829 3738; baseline -0.001 -16"><span class='ocrx_word' id='word_1_587' title='bbox 2277 3668 2616 3722; x_wconf 89' lang='lat' dir='ltr'><strong>constituens</strong></span> <span class='ocrx_word' id='word_1_588' title='bbox 2657 3676 2831 3738; x_wconf 89' lang='lat' dir='ltr'><strong>putat,</strong></span> <span class='ocrx_word' id='word_1_589' title='bbox 2882 3682 2940 3723; x_wconf 91' lang='lat' dir='ltr'><strong>se</strong></span> <span class='ocrx_word' id='word_1_590' title='bbox 2985 3684 3091 3722; x_wconf 92' lang='lat' dir='ltr'><strong>non</strong></span> <span class='ocrx_word' id='word_1_591' title='bbox 3132 3667 3466 3736; x_wconf 85' lang='lat' dir='ltr'><strong>ineleganter</strong></span> <span class='ocrx_word' id='word_1_592' title='bbox 3502 3666 3829 3737; x_wconf 79' lang='lat' dir='ltr'><strong>redarguere</strong></span> 
     </span>
    </p>
   </div>
   <div class='ocr_carea' id='block_1_81' title="bbox 2276 3756 3824 3829">
    <p class='ocr_par' dir='ltr' id='par_1_81' title="bbox 2276 3756 3824 3829">
     <span class='ocr_line' id='line_1_81' title="bbox 2276 3756 3824 3829; baseline -0.001 -17"><span class='ocrx_word' id='word_1_593' title='bbox 2276 3756 2644 3822; x_wconf 89' lang='lat' dir='ltr'><strong>Clcodemum,</strong></span> <span class='ocrx_word' id='word_1_594' title='bbox 2675 3758 3036 3815; x_wconf 80' lang='lat' dir='ltr'><strong>Alexandrum</strong></span> <span class='ocrx_word' id='word_1_595' title='bbox 3070 3756 3824 3829; x_wconf 77' lang='lat' dir='ltr'><strong>Polyhistorem,Josephum,</strong></span> 
     </span>
    </p>
   </div>
   <div class='ocr_carea' id='block_1_82' title="bbox 2275 3848 3827 3921">
    <p class='ocr_par' dir='ltr' id='par_1_82' title="bbox 2275 3848 3827 3921">
     <span class='ocr_line' id='line_1_82' title="bbox 2275 3848 3827 3921; baseline -0.003 -15"><span class='ocrx_word' id='word_1_596' title='bbox 2275 3861 2330 3906; x_wconf 92' lang='lat' dir='ltr'><strong>et</strong></span> <span class='ocrx_word' id='word_1_597' title='bbox 2380 3859 2777 3921; x_wconf 87' lang='lat' dir='ltr'><strong>consequenter</strong></span> <span class='ocrx_word' id='word_1_598' title='bbox 2826 3859 3074 3907; x_wconf 88' lang='lat' dir='ltr'><strong>nostrum</strong></span> <span class='ocrx_word' id='word_1_599' title='bbox 3135 3849 3499 3905; x_wconf 88' lang='lat' dir='ltr'><strong>Eustathium.</strong></span> <span class='ocrx_word' id='word_1_600' title='bbox 3557 3848 3827 3905; x_wconf 88' lang='lat' dir='ltr'><strong>Cleodemi</strong></span> 
     </span>
    </p>
   </div>
   <div class='ocr_carea' id='block_1_83' title="bbox 2275 3941 3822 4010">
    <p class='ocr_par' dir='ltr' id='par_1_83' title="bbox 2275 3941 3822 4010">
     <span class='ocr_line' id='line_1_83' title="bbox 2275 3941 3822 4010; baseline -0.003 -13"><span class='ocrx_word' id='word_1_601' title='bbox 2275 3941 2420 3997; x_wconf 88' lang='lat' dir='ltr'><strong>dicta</strong></span> <span class='ocrx_word' id='word_1_602' title='bbox 2474 3943 2722 3998; x_wconf 62' lang='lat' dir='ltr'><strong>maxime</strong></span> <span class='ocrx_word' id='word_1_603' title='bbox 2771 3958 2893 3998; x_wconf 89' lang='lat' dir='ltr'><strong>esse</strong></span> <span class='ocrx_word' id='word_1_604' title='bbox 2937 3942 3279 3997; x_wconf 87' lang='lat' dir='ltr'><strong>auctoritatis</strong></span> <span class='ocrx_word' id='word_1_605' title='bbox 3320 3943 3403 3997; x_wconf 84' lang='lat' dir='ltr'><strong>vel</strong></span> <span class='ocrx_word' id='word_1_606' title='bbox 3444 3958 3509 3997; x_wconf 82' lang='lat' dir='ltr'><strong>ex</strong></span> <span class='ocrx_word' id='word_1_607' title='bbox 3557 3956 3618 3997; x_wconf 92' lang='lat' dir='ltr'><strong>eo</strong></span> <span class='ocrx_word' id='word_1_608' title='bbox 3652 3948 3822 4010; x_wconf 89' lang='lat' dir='ltr'><strong>patet,</strong></span> 
     </span>
    </p>
   </div>
   <div class='ocr_carea' id='block_1_84' title="bbox 2275 4034 3823 4108">
    <p class='ocr_par' dir='ltr' id='par_1_84' title="bbox 2275 4034 3823 4108">
     <span class='ocr_line' id='line_1_84' title="bbox 2275 4034 3823 4108; baseline -0.002 -18"><span class='ocrx_word' id='word_1_609' title='bbox 2275 4035 2418 4108; x_wconf 90' lang='lat' dir='ltr'><strong>quod</strong></span> <span class='ocrx_word' id='word_1_610' title='bbox 2464 4043 2739 4091; x_wconf 89' lang='lat' dir='ltr'><strong>tantorum</strong></span> <span class='ocrx_word' id='word_1_611' title='bbox 2787 4038 3029 4092; x_wconf 86' lang='lat' dir='ltr'><strong>virorum</strong></span> <span class='ocrx_word' id='word_1_612' title='bbox 3072 4037 3405 4099; x_wconf 88' lang='lat' dir='ltr'><strong>testimonio,</strong></span> <span class='ocrx_word' id='word_1_613' title='bbox 3456 4050 3608 4090; x_wconf 91' lang='lat' dir='ltr'><strong>suam</strong></span> <span class='ocrx_word' id='word_1_614' title='bbox 3651 4034 3823 4089; x_wconf 80' lang='lat' dir='ltr'><strong>histo-</strong></span> 
     </span>
    </p>
   </div>
   <div class='ocr_carea' id='block_1_85' title="bbox 2274 4124 3822 4197">
    <p class='ocr_par' dir='ltr' id='par_1_85' title="bbox 2274 4124 3822 4197">
     <span class='ocr_line' id='line_1_85' title="bbox 2274 4124 3822 4197; baseline -0.003 -15"><span class='ocrx_word' id='word_1_615' title='bbox 2274 4127 2408 4182; x_wconf 88' lang='lat' dir='ltr'><strong>riam</strong></span> <span class='ocrx_word' id='word_1_616' title='bbox 2442 4129 2722 4183; x_wconf 83' lang='lat' dir='ltr'><strong>contexuit</strong></span> <span class='ocrx_word' id='word_1_617' title='bbox 2756 4128 2822 4182; x_wconf 86' lang='lat' dir='ltr'><strong>ad</strong></span> <span class='ocrx_word' id='word_1_618' title='bbox 2867 4126 3222 4197; x_wconf 78' lang='lat' dir='ltr'><strong>imitationem</strong></span> <span class='ocrx_word' id='word_1_619' title='bbox 3272 4126 3474 4197; x_wconf 85' lang='lat' dir='ltr'><strong>Moysis</strong></span> <span class='ocrx_word' id='word_1_620' title='bbox 3516 4124 3822 4179; x_wconf 68' lang='lat' dir='ltr'><strong>Judmorunt</strong></span> 
     </span>
    </p>
   </div>
   <div class='ocr_carea' id='block_1_86' title="bbox 2275 4196 3821 4290">
    <p class='ocr_par' dir='ltr' id='par_1_86' title="bbox 2275 4196 3821 4290">
     <span class='ocr_line' id='line_1_86' title="bbox 2275 4196 3821 4290; baseline -0.001 -20"><span class='ocrx_word' id='word_1_621' title='bbox 2275 4217 2626 4288; x_wconf 85' lang='lat' dir='ltr'><strong>legislatoris.</strong></span> <span class='ocrx_word' id='word_1_622' title='bbox 2674 4220 2732 4273; x_wconf 84' lang='grc' dir='ltr'>Ὀ</span> <span class='ocrx_word' id='word_1_623' title='bbox 2778 4218 3001 4290; x_wconf 82' lang='grc' dir='ltr'>ἱστορῶν</span> <span class='ocrx_word' id='word_1_624' title='bbox 3040 4219 3109 4273; x_wconf 72' lang='grc' dir='ltr'>τὰ</span> <span class='ocrx_word' id='word_1_625' title='bbox 3152 4196 3284 4289; x_wconf 64' lang='grc' dir='ltr'>ἶτερὶ</span> <span class='ocrx_word' id='word_1_626' title='bbox 3334 4196 3599 4272; x_wconf 82' lang='grc' dir='ltr'>Ἰουδαίων</span> <span class='ocrx_word' id='word_1_627' title='bbox 3646 4216 3821 4281; x_wconf 85' lang='grc' dir='ltr'>καθὼς</span> 
     </span>
    </p>
   </div>
   <div class='ocr_carea' id='block_1_87' title="bbox 2273 4308 3819 4381">
    <p class='ocr_par' dir='ltr' id='par_1_87' title="bbox 2273 4308 3819 4381">
     <span class='ocr_line' id='line_1_87' title="bbox 2273 4308 3819 4381; baseline 0 -20"><span class='ocrx_word' id='word_1_628' title='bbox 2273 4308 2367 4362; x_wconf 73' lang='grc' dir='ltr'>καὶ</span> <span class='ocrx_word' id='word_1_629' title='bbox 2396 4310 2631 4381; x_wconf 83' lang='grc' dir='ltr'>Μωῡσῆς</span> <span class='ocrx_word' id='word_1_630' title='bbox 2659 4309 2936 4381; x_wconf 82' lang='grc' dir='ltr'>ἱστόρησεν</span> <span class='ocrx_word' id='word_1_631' title='bbox 2963 4312 2992 4364; x_wconf 88' lang='lat'><strong>6</strong></span> <span class='ocrx_word' id='word_1_632' title='bbox 3019 4308 3310 4380; x_wconf 82' lang='grc' dir='ltr'>νομοθέτης</span> <span class='ocrx_word' id='word_1_633' title='bbox 3336 4309 3530 4371; x_wconf 75' lang='grc' dir='ltr'>αὐτῶν,</span> <span class='ocrx_word' id='word_1_634' title='bbox 3555 4323 3819 4378; x_wconf 79' lang='lat' dir='ltr'><strong>nusquam</strong></span> 
     </span>
    </p>
   </div>
   <div class='ocr_carea' id='block_1_88' title="bbox 2275 4400 3818 4458">
    <p class='ocr_par' dir='ltr' id='par_1_88' title="bbox 2275 4400 3818 4458">
     <span class='ocr_line' id='line_1_88' title="bbox 2275 4400 3818 4458; baseline 0 -5"><span class='ocrx_word' id='word_1_635' title='bbox 2275 4400 2376 4457; x_wconf 87' lang='lat' dir='ltr'><strong>iste</strong></span> <span class='ocrx_word' id='word_1_636' title='bbox 2404 4409 2595 4457; x_wconf 88' lang='lat' dir='ltr'><strong>auctor</strong></span> <span class='ocrx_word' id='word_1_637' title='bbox 2621 4417 2651 4456; x_wconf 87' lang='lat' dir='ltr'><strong>a</strong></span> <span class='ocrx_word' id='word_1_638' title='bbox 2685 4401 2936 4458; x_wconf 76' lang='lat' dir='ltr'><strong>Mosaicis</strong></span> <span class='ocrx_word' id='word_1_639' title='bbox 2965 4403 3124 4458; x_wconf 90' lang='lat' dir='ltr'><strong>dictis</strong></span> <span class='ocrx_word' id='word_1_640' title='bbox 3149 4403 3234 4456; x_wconf 78' lang='lat' dir='ltr'><strong>vel</strong></span> <span class='ocrx_word' id='word_1_641' title='bbox 3256 4401 3644 4456; x_wconf 87' lang='lat' dir='ltr'><strong>traditionibus</strong></span> <span class='ocrx_word' id='word_1_642' title='bbox 3676 4402 3818 4456; x_wconf 86' lang='lat' dir='ltr'><strong>aber-</strong></span> 
     </span>
    </p>
   </div>
   <div class='ocr_carea' id='block_1_89' title="bbox 618 4488 3818 4570">
    <p class='ocr_par' dir='ltr' id='par_1_89' title="bbox 618 4488 3818 4570">
     <span class='ocr_line' id='line_1_89' title="bbox 618 4488 3818 4570; baseline 0 -26"><span class='ocrx_word' id='word_1_643' title='bbox 618 4491 723 4547; x_wconf 89' lang='lat' dir='ltr'><strong>lem</strong></span> <span class='ocrx_word' id='word_1_644' title='bbox 768 4496 1020 4562; x_wconf 86' lang='lat' dir='ltr'><strong>respectu</strong></span> <span class='ocrx_word' id='word_1_645' title='bbox 1062 4488 1315 4543; x_wconf 80' lang='lat' dir='ltr'><strong>videlicet</strong></span> <span class='ocrx_word' id='word_1_646' title='bbox 1358 4489 1477 4558; x_wconf 81' lang='lat' dir='ltr'><strong>ejus</strong></span> <span class='ocrx_word' id='word_1_647' title='bbox 1526 4491 1628 4546; x_wconf 89' lang='lat' dir='ltr'><strong>loci</strong></span> <span class='ocrx_word' id='word_1_648' title='bbox 1651 4532 1666 4557; x_wconf 95' lang='lat'><strong>,</strong></span> <span class='ocrx_word' id='word_1_649' title='bbox 1710 4505 1868 4562; x_wconf 87' lang='lat' dir='ltr'><strong>quem</strong></span> <span class='ocrx_word' id='word_1_650' title='bbox 1907 4490 2175 4546; x_wconf 86' lang='lat' dir='ltr'><strong>incolebat</strong></span> <span class='ocrx_word' id='word_1_651' title='bbox 2204 4516 2247 4570; x_wconf 76' lang='grc' dir='ltr'><strong>ι)</strong></span> <span class='ocrx_word' id='word_1_652' title='bbox 2277 4498 2472 4546; x_wconf 87' lang='lat' dir='ltr'><strong>rasset.</strong></span> <span class='ocrx_word' id='word_1_653' title='bbox 2518 4489 2627 4547; x_wconf 88' lang='lat' dir='ltr'><strong>Nec</strong></span> <span class='ocrx_word' id='word_1_654' title='bbox 2663 4492 2887 4548; x_wconf 90' lang='lat' dir='ltr'><strong>dubium</strong></span> <span class='ocrx_word' id='word_1_655' title='bbox 2922 4502 3005 4547; x_wconf 90' lang='lat' dir='ltr'><strong>cst</strong></span> <span class='ocrx_word' id='word_1_656' title='bbox 3038 4490 3323 4547; x_wconf 85' lang='lat' dir='ltr'><strong>Herculem</strong></span> <span class='ocrx_word' id='word_1_657' title='bbox 3351 4489 3500 4547; x_wconf 80' lang='lat' dir='ltr'><strong>Jovis</strong></span> <span class='ocrx_word' id='word_1_658' title='bbox 3531 4499 3583 4545; x_wconf 89' lang='lat' dir='ltr'><strong>et</strong></span> <span class='ocrx_word' id='word_1_659' title='bbox 3618 4492 3818 4546; x_wconf 74' lang='lat' dir='ltr'><strong>Alcme-</strong></span> 
     </span>
    </p>
   </div>
   <div class='ocr_carea' id='block_1_90' title="bbox 616 4578 2174 4646">
    <p class='ocr_par' dir='ltr' id='par_1_90' title="bbox 616 4578 2174 4646">
     <span class='ocr_line' id='line_1_90' title="bbox 616 4578 2174 4646; baseline 0.001 -12"><span class='ocrx_word' id='word_1_660' title='bbox 616 4581 913 4646; x_wconf 81' lang='lat' dir='ltr'><strong>Abraham,</strong></span> <span class='ocrx_word' id='word_1_661' title='bbox 950 4579 1065 4635; x_wconf 86' lang='lat' dir='ltr'><strong>sive</strong></span> <span class='ocrx_word' id='word_1_662' title='bbox 1091 4580 1139 4633; x_wconf 92' lang='lat' dir='ltr'><strong>is</strong></span> <span class='ocrx_word' id='word_1_663' title='bbox 1162 4590 1307 4633; x_wconf 89' lang='lat' dir='ltr'><strong>esset</strong></span> <span class='ocrx_word' id='word_1_664' title='bbox 1336 4578 1575 4644; x_wconf 84' lang='lat' dir='ltr'><strong>iiebron,</strong></span> <span class='ocrx_word' id='word_1_665' title='bbox 1604 4581 1718 4636; x_wconf 84' lang='lat' dir='ltr'><strong>sive</strong></span> <span class='ocrx_word' id='word_1_666' title='bbox 1739 4580 1994 4636; x_wconf 84' lang='lat' dir='ltr'><strong>Bersabe.</strong></span> <span class='ocrx_word' id='word_1_667' title='bbox 2026 4579 2174 4635; x_wconf 87' lang='lat' dir='ltr'><strong>Scri-</strong></span> 
     </span>
    </p>
   </div>
   <div class='ocr_carea' id='block_1_91' title="bbox 616 4673 2173 4745">
    <p class='ocr_par' dir='ltr' id='par_1_91' title="bbox 616 4673 2173 4745">
     <span class='ocr_line' id='line_1_91' title="bbox 616 4673 2173 4745; baseline 0.003 -19"><span class='ocrx_word' id='word_1_668' title='bbox 616 4680 775 4743; x_wconf 87' lang='lat' dir='ltr'><strong>ptura</strong></span> <span class='ocrx_word' id='word_1_669' title='bbox 817 4674 962 4729; x_wconf 91' lang='lat' dir='ltr'><strong>enim</strong></span> <span class='ocrx_word' id='word_1_670' title='bbox 1012 4674 1267 4744; x_wconf 78' lang='lat' dir='ltr'><strong>regiones</strong></span> <span class='ocrx_word' id='word_1_671' title='bbox 1312 4673 1603 4728; x_wconf 88' lang='lat' dir='ltr'><strong>orientales</strong></span> <span class='ocrx_word' id='word_1_672' title='bbox 1647 4674 1879 4744; x_wconf 87' lang='lat' dir='ltr'><strong>appellat</strong></span> <span class='ocrx_word' id='word_1_673' title='bbox 1923 4683 2173 4745; x_wconf 86' lang='lat' dir='ltr'><strong>respectu</strong></span> 
     </span>
    </p>
   </div>
   <div class='ocr_carea' id='block_1_92' title="bbox 615 4762 2173 4836">
    <p class='ocr_par' dir='ltr' id='par_1_92' title="bbox 615 4762 2173 4836">
     <span class='ocr_line' id='line_1_92' title="bbox 615 4762 2173 4836; baseline 0.002 -18"><span class='ocrx_word' id='word_1_674' title='bbox 615 4762 935 4830; x_wconf 65' lang='lat' dir='ltr'><strong>Palaestinae,</strong></span> <span class='ocrx_word' id='word_1_675' title='bbox 993 4781 1114 4836; x_wconf 65' lang='lat' dir='ltr'><strong>quae</strong></span> <span class='ocrx_word' id='word_1_676' title='bbox 1163 4772 1410 4836; x_wconf 88' lang='lat' dir='ltr'><strong>spectant</strong></span> <span class='ocrx_word' id='word_1_677' title='bbox 1460 4765 1632 4836; x_wconf 88' lang='lat' dir='ltr'><strong>magis</strong></span> <span class='ocrx_word' id='word_1_678' title='bbox 1665 4769 1731 4819; x_wconf 91' lang='lat' dir='ltr'><strong>ad</strong></span> <span class='ocrx_word' id='word_1_679' title='bbox 1770 4763 2072 4819; x_wconf 77' lang='lat' dir='ltr'><strong>Chaldteam</strong></span> <span class='ocrx_word' id='word_1_680' title='bbox 2119 4774 2173 4821; x_wconf 89' lang='lat' dir='ltr'><strong>et</strong></span> 
     </span>
    </p>
   </div>
   <div class='ocr_carea' id='block_1_93' title="bbox 614 4853 2172 4912">
    <p class='ocr_par' dir='ltr' id='par_1_93' title="bbox 614 4853 2172 4912">
     <span class='ocr_line' id='line_1_93' title="bbox 614 4853 2172 4912; baseline 0.001 -3"><span class='ocrx_word' id='word_1_681' title='bbox 614 4853 915 4911; x_wconf 81' lang='lat' dir='ltr'><strong>Persidem.</strong></span> <span class='ocrx_word' id='word_1_682' title='bbox 941 4854 1055 4912; x_wconf 83' lang='lat' dir='ltr'><strong>Hoc</strong></span> <span class='ocrx_word' id='word_1_683' title='bbox 1083 4865 1262 4912; x_wconf 87' lang='lat' dir='ltr'><strong>autem</strong></span> <span class='ocrx_word' id='word_1_684' title='bbox 1296 4857 1447 4911; x_wconf 88' lang='lat' dir='ltr'><strong>nullo</strong></span> <span class='ocrx_word' id='word_1_685' title='bbox 1472 4855 1633 4911; x_wconf 89' lang='lat' dir='ltr'><strong>modo</strong></span> <span class='ocrx_word' id='word_1_686' title='bbox 1665 4857 1917 4910; x_wconf 86' lang='lat' dir='ltr'><strong>convenit</strong></span> <span class='ocrx_word' id='word_1_687' title='bbox 1950 4856 2005 4910; x_wconf 92' lang='lat' dir='ltr'><strong>in</strong></span> <span class='ocrx_word' id='word_1_688' title='bbox 2036 4853 2172 4912; x_wconf 81' lang='lat' dir='ltr'><strong>Tro-</strong></span> 
     </span>
    </p>
   </div>
   <div class='ocr_carea' id='block_1_94' title="bbox 614 4945 2170 5019">
    <p class='ocr_par' dir='ltr' id='par_1_94' title="bbox 614 4945 2170 5019">
     <span class='ocr_line' id='line_1_94' title="bbox 614 4945 2170 5019; baseline 0.003 -20"><span class='ocrx_word' id='word_1_689' title='bbox 614 4945 940 5019; x_wconf 86' lang='lat' dir='ltr'><strong>glodyticam</strong></span> <span class='ocrx_word' id='word_1_690' title='bbox 985 4949 1280 5019; x_wconf 79' lang='lat' dir='ltr'><strong>regionem,</strong></span> <span class='ocrx_word' id='word_1_691' title='bbox 1325 4964 1445 5019; x_wconf 61' lang='lat' dir='ltr'><strong>qua;</strong></span> <span class='ocrx_word' id='word_1_692' title='bbox 1477 4948 1624 5018; x_wconf 87' lang='lat' dir='ltr'><strong>jacet</strong></span> <span class='ocrx_word' id='word_1_693' title='bbox 1655 4949 1711 5003; x_wconf 89' lang='lat' dir='ltr'><strong>in</strong></span> <span class='ocrx_word' id='word_1_694' title='bbox 1743 4948 1925 5003; x_wconf 82' lang='lat' dir='ltr'><strong>Africa</strong></span> <span class='ocrx_word' id='word_1_695' title='bbox 1954 4948 2170 5005; x_wconf 65' lang='lat' dir='ltr'><strong>Ethio-</strong></span> 
     </span>
    </p>
   </div>
   <div class='ocr_carea' id='block_1_95' title="bbox 616 5035 2172 5111">
    <p class='ocr_par' dir='ltr' id='par_1_95' title="bbox 616 5035 2172 5111">
     <span class='ocr_line' id='line_1_95' title="bbox 616 5035 2172 5111; baseline 0.005 -23"><span class='ocrx_word' id='word_1_696' title='bbox 616 5035 777 5105; x_wconf 85' lang='lat' dir='ltr'><strong>pibus</strong></span> <span class='ocrx_word' id='word_1_697' title='bbox 805 5038 1069 5106; x_wconf 80' lang='lat' dir='ltr'><strong>proxima,</strong></span> <span class='ocrx_word' id='word_1_698' title='bbox 1098 5045 1151 5092; x_wconf 90' lang='lat' dir='ltr'><strong>et</strong></span> <span class='ocrx_word' id='word_1_699' title='bbox 1193 5054 1223 5092; x_wconf 90' lang='lat' dir='ltr'><strong>a</strong></span> <span class='ocrx_word' id='word_1_700' title='bbox 1263 5039 1574 5109; x_wconf 86' lang='lat' dir='ltr'><strong>supradicta</strong></span> <span class='ocrx_word' id='word_1_701' title='bbox 1607 5039 1970 5110; x_wconf 88' lang='lat' dir='ltr'><strong>descriptione</strong></span> <span class='ocrx_word' id='word_1_702' title='bbox 2000 5042 2172 5111; x_wconf 72' lang='lat' dir='ltr'><strong>plaga!</strong></span> 
     </span>
    </p>
   </div>
   <div class='ocr_carea' id='block_1_96' title="bbox 612 5128 2168 5203">
    <p class='ocr_par' dir='ltr' id='par_1_96' title="bbox 612 5128 2168 5203">
     <span class='ocr_line' id='line_1_96' title="bbox 612 5128 2168 5203; baseline 0.006 -23"><span class='ocrx_word' id='word_1_703' title='bbox 612 5128 894 5183; x_wconf 85' lang='lat' dir='ltr'><strong>orientalis</strong></span> <span class='ocrx_word' id='word_1_704' title='bbox 926 5130 1312 5185; x_wconf 90' lang='lat' dir='ltr'><strong>remotissima.</strong></span> <span class='ocrx_word' id='word_1_705' title='bbox 1345 5130 1470 5186; x_wconf 63' lang='lat' dir='ltr'><strong>llaec</strong></span> <span class='ocrx_word' id='word_1_706' title='bbox 1510 5142 1690 5189; x_wconf 89' lang='lat' dir='ltr'><strong>tamen</strong></span> <span class='ocrx_word' id='word_1_707' title='bbox 1734 5132 2021 5203; x_wconf 88' lang='lat' dir='ltr'><strong>requirunt</strong></span> <span class='ocrx_word' id='word_1_708' title='bbox 2050 5134 2168 5189; x_wconf 83' lang='lat' dir='ltr'><strong>lon-</strong></span> 
     </span>
    </p>
   </div>
   <div class='ocr_carea' id='block_1_97' title="bbox 614 5220 1182 5291">
    <p class='ocr_par' dir='ltr' id='par_1_97' title="bbox 614 5220 1182 5291">
     <span class='ocr_line' id='line_1_97' title="bbox 614 5220 1182 5291; baseline 0 -17"><span class='ocrx_word' id='word_1_709' title='bbox 614 5221 819 5291; x_wconf 87' lang='lat' dir='ltr'><strong>giorem</strong></span> <span class='ocrx_word' id='word_1_710' title='bbox 851 5220 1182 5291; x_wconf 76' lang='lat' dir='ltr'><strong>indaginem.</strong></span> 
     </span>
    </p>
   </div>
   <div class='ocr_carea' id='block_1_98' title="bbox 682 5311 2164 5387">
    <p class='ocr_par' dir='ltr' id='par_1_98' title="bbox 682 5311 2164 5387">
     <span class='ocr_line' id='line_1_98' title="bbox 682 5311 2164 5387; baseline 0.003 -20"><span class='ocrx_word' id='word_1_711' title='bbox 682 5311 842 5379; x_wconf 88' lang='lat' dir='ltr'><strong>lbid.,</strong></span> <span class='ocrx_word' id='word_1_712' title='bbox 872 5313 968 5368; x_wconf 88' lang='lat' dir='ltr'><strong>lin.</strong></span> <span class='ocrx_word' id='word_1_713' title='bbox 998 5312 1085 5368; x_wconf 77' lang='grc'><strong>15.</strong></span> <span class='ocrx_word' id='word_1_714' title='bbox 1115 5312 1368 5382; x_wconf 73' lang='grc' dir='ltr'><strong>Σωφρὴν</strong></span> <span class='ocrx_word' id='word_1_715' title='bbox 1395 5313 1462 5368; x_wconf 85' lang='grc' dir='ltr'>δὲ</span> <span class='ocrx_word' id='word_1_716' title='bbox 1489 5315 1609 5371; x_wconf 83' lang='grc' dir='ltr'><strong>ἐπί.</strong></span> <span class='ocrx_word' id='word_1_717' title='bbox 1658 5314 1952 5387; x_wconf 86' lang='lat' dir='ltr'><strong>Josephus,</strong></span> <span class='ocrx_word' id='word_1_718' title='bbox 1978 5317 2073 5372; x_wconf 92' lang='lat' dir='ltr'><strong>lib.</strong></span> <span class='ocrx_word' id='word_1_719' title='bbox 2111 5333 2164 5372; x_wconf 87' lang='lat' dir='ltr'><strong>t:</strong></span> 
     </span>
    </p>
   </div>
   <div class='ocr_carea' id='block_1_99' title="bbox 610 5397 2167 5482">
    <p class='ocr_par' dir='ltr' id='par_1_99' title="bbox 610 5397 2167 5482">
     <span class='ocr_line' id='line_1_99' title="bbox 610 5397 2167 5482; baseline 0.001 -22"><span class='ocrx_word' id='word_1_720' title='bbox 610 5404 843 5473; x_wconf 74' lang='grc' dir='ltr'>Λέγεται</span> <span class='ocrx_word' id='word_1_721' title='bbox 866 5405 944 5471; x_wconf 72' lang='grc' dir='ltr'>δὲ,</span> <span class='ocrx_word' id='word_1_722' title='bbox 968 5404 1044 5470; x_wconf 85' lang='grc' dir='ltr'><strong>ὡς</strong></span> <span class='ocrx_word' id='word_1_723' title='bbox 1070 5397 1224 5470; x_wconf 76' lang='grc' dir='ltr'>οὗτος</span> <span class='ocrx_word' id='word_1_724' title='bbox 1259 5405 1288 5457; x_wconf 88' lang='lat'><strong>6</strong></span> <span class='ocrx_word' id='word_1_725' title='bbox 1324 5406 1551 5477; x_wconf 63' lang='lat' dir='ltr'><strong>&#39;anP&#39;lc.</strong></span> <span class='ocrx_word' id='word_1_726' title='bbox 1591 5407 1922 5479; x_wconf 74' lang='grc' dir='ltr'>στρατεύσας</span> <span class='ocrx_word' id='word_1_727' title='bbox 1948 5409 2039 5463; x_wconf 70' lang='grc' dir='ltr'><strong>ἐπὶ</strong></span> <span class='ocrx_word' id='word_1_728' title='bbox 2069 5409 2167 5482; x_wconf 81' lang='grc' dir='ltr'>τὴν</span> 
     </span>
    </p>
   </div>
   <div class='ocr_carea' id='block_1_100' title="bbox 610 5494 2167 5567">
    <p class='ocr_par' dir='ltr' id='par_1_100' title="bbox 610 5494 2167 5567">
     <span class='ocr_line' id='line_1_100' title="bbox 610 5494 2167 5567; baseline 0.005 -20"><span class='ocrx_word' id='word_1_729' title='bbox 610 5494 837 5566; x_wconf 85' lang='grc' dir='ltr'>Λιϐύην,</span> <span class='ocrx_word' id='word_1_730' title='bbox 875 5495 1138 5567; x_wconf 79' lang='grc' dir='ltr'>κατέσχεν</span> <span class='ocrx_word' id='word_1_731' title='bbox 1162 5494 1349 5565; x_wconf 85' lang='grc' dir='ltr'>αὐτὴν,</span> <span class='ocrx_word' id='word_1_732' title='bbox 1377 5496 1469 5549; x_wconf 78' lang='grc' dir='ltr'>καὶ</span> <span class='ocrx_word' id='word_1_733' title='bbox 1491 5499 1538 5550; x_wconf 90' lang='grc' dir='ltr'><strong>οί</strong></span> <span class='ocrx_word' id='word_1_734' title='bbox 1564 5499 1744 5553; x_wconf 80' lang='grc' dir='ltr'>υἱωνοὶ</span> <span class='ocrx_word' id='word_1_735' title='bbox 1770 5499 1954 5565; x_wconf 77' lang='grc' dir='ltr'>αὑτοῦ,</span> <span class='ocrx_word' id='word_1_736' title='bbox 1984 5518 2167 5555; x_wconf 86' lang='grc' dir='ltr'>κατοι-</span> 
     </span>
    </p>
   </div>
   <div class='ocr_carea' id='block_1_101' title="bbox 611 5587 2164 5665">
    <p class='ocr_par' dir='ltr' id='par_1_101' title="bbox 611 5587 2164 5665">
     <span class='ocr_line' id='line_1_101' title="bbox 611 5587 2164 5665; baseline 0.006 -26"><span class='ocrx_word' id='word_1_737' title='bbox 611 5587 876 5658; x_wconf 76' lang='grc' dir='ltr'>κήσαντες</span> <span class='ocrx_word' id='word_1_738' title='bbox 910 5590 967 5643; x_wconf 81' lang='grc' dir='ltr'>ὲν</span> <span class='ocrx_word' id='word_1_739' title='bbox 1000 5589 1158 5661; x_wconf 75' lang='grc' dir='ltr'>αὐτῇ,</span> <span class='ocrx_word' id='word_1_740' title='bbox 1186 5588 1283 5661; x_wconf 83' lang='grc' dir='ltr'>τὴν</span> <span class='ocrx_word' id='word_1_741' title='bbox 1310 5590 1411 5661; x_wconf 87' lang='grc' dir='ltr'><strong>γῆν</strong></span> <span class='ocrx_word' id='word_1_742' title='bbox 1429 5590 1535 5644; x_wconf 80' lang='grc' dir='ltr'><strong>ἀπὸ</strong></span> <span class='ocrx_word' id='word_1_743' title='bbox 1561 5590 1655 5644; x_wconf 84' lang='grc' dir='ltr'>τοῦ</span> <span class='ocrx_word' id='word_1_744' title='bbox 1676 5593 1883 5647; x_wconf 78' lang='grc' dir='ltr'>ἐκείνου</span> <span class='ocrx_word' id='word_1_745' title='bbox 1905 5594 2164 5665; x_wconf 82' lang='grc' dir='ltr'>ὀνόματος</span> 
     </span>
    </p>
   </div>
   <div class='ocr_carea' id='block_1_102' title="bbox 615 5676 2162 5757">
    <p class='ocr_par' dir='ltr' id='par_1_102' title="bbox 615 5676 2162 5757">
     <span class='ocr_line' id='line_1_102' title="bbox 615 5676 2162 5757; baseline 0.007 -28"><span class='ocrx_word' id='word_1_746' title='bbox 615 5676 886 5749; x_wconf 80' lang='grc' dir='ltr'>’Δφρικαν</span> <span class='ocrx_word' id='word_1_747' title='bbox 901 5680 1361 5753; x_wconf 83' lang='grc' dir='ltr'>προσηγόρευσαν.</span> <span class='ocrx_word' id='word_1_748' title='bbox 1386 5682 1669 5755; x_wconf 87' lang='grc' dir='ltr'>Μαρτυρεῖ</span> <span class='ocrx_word' id='word_1_749' title='bbox 1694 5683 1750 5737; x_wconf 81' lang='grc' dir='ltr'>δέ</span> <span class='ocrx_word' id='word_1_750' title='bbox 1784 5702 1885 5755; x_wconf 85' lang='grc' dir='ltr'><strong>μου</strong></span> <span class='ocrx_word' id='word_1_751' title='bbox 1915 5686 1992 5757; x_wconf 83' lang='grc' dir='ltr'><strong>τῷ</strong></span> <span class='ocrx_word' id='word_1_752' title='bbox 2021 5686 2162 5757; x_wconf 79' lang='grc' dir='ltr'>λόγῳ</span> 
     </span>
    </p>
   </div>
   <div class='ocr_carea' id='block_1_103' title="bbox 600 5765 2161 5857">
    <p class='ocr_par' dir='ltr' id='par_1_103' title="bbox 600 5765 2161 5857">
     <span class='ocr_line' id='line_1_103' title="bbox 600 5765 2161 5857; baseline 0.006 -34"><span class='ocrx_word' id='word_1_753' title='bbox 600 5765 708 5857; x_wconf 61' lang='grc' dir='ltr'>καὶ</span> <span class='ocrx_word' id='word_1_754' title='bbox 736 5768 1075 5843; x_wconf 76' lang='grc' dir='ltr'>Ἀλέξανδρος</span> <span class='ocrx_word' id='word_1_755' title='bbox 1091 5776 1118 5828; x_wconf 88' lang='lat'><strong>6</strong></span> <span class='ocrx_word' id='word_1_756' title='bbox 1134 5774 1443 5846; x_wconf 79' lang='grc' dir='ltr'>Πολυΐστωρ</span> <span class='ocrx_word' id='word_1_757' title='bbox 1457 5774 1628 5844; x_wconf 83' lang='grc' dir='ltr'>λέγων</span> <span class='ocrx_word' id='word_1_758' title='bbox 1646 5775 1833 5840; x_wconf 78' lang='grc' dir='ltr'>οὕτως·</span> <span class='ocrx_word' id='word_1_759' title='bbox 1851 5776 2055 5849; x_wconf 79' lang='grc' dir='ltr'>Κλεόδη</span> <span class='ocrx_word' id='word_1_760' title='bbox 2063 5778 2161 5851; x_wconf 80' lang='grc' dir='ltr'>μὸς</span> 
     </span>
    </p>
   </div>
   <div class='ocr_carea' id='block_1_104' title="bbox 2274 4581 3817 4655">
    <p class='ocr_par' dir='ltr' id='par_1_104' title="bbox 2274 4581 3817 4655">
     <span class='ocr_line' id='line_1_104' title="bbox 2274 4581 3817 4655; baseline -0.001 -18"><span class='ocrx_word' id='word_1_761' title='bbox 2274 4598 2358 4638; x_wconf 73' lang='lat' dir='ltr'><strong>nte</strong></span> <span class='ocrx_word' id='word_1_762' title='bbox 2387 4584 2576 4649; x_wconf 88' lang='lat' dir='ltr'><strong>lilium,</strong></span> <span class='ocrx_word' id='word_1_763' title='bbox 2616 4584 2709 4654; x_wconf 93' lang='lat' dir='ltr'><strong>qui</strong></span> <span class='ocrx_word' id='word_1_764' title='bbox 2753 4600 2876 4639; x_wconf 90' lang='lat' dir='ltr'><strong>cum</strong></span> <span class='ocrx_word' id='word_1_765' title='bbox 2909 4583 3237 4655; x_wconf 86' lang='lat' dir='ltr'><strong>Argonautis</strong></span> <span class='ocrx_word' id='word_1_766' title='bbox 3269 4582 3563 4653; x_wconf 78' lang='lat' dir='ltr'><strong>navigavit,</strong></span> <span class='ocrx_word' id='word_1_767' title='bbox 3604 4581 3817 4652; x_wconf 85' lang='lat' dir='ltr'><strong>Trojam</strong></span> 
     </span>
    </p>
   </div>
   <div class='ocr_carea' id='block_1_105' title="bbox 2271 4674 3818 4746">
    <p class='ocr_par' dir='ltr' id='par_1_105' title="bbox 2271 4674 3818 4746">
     <span class='ocr_line' id='line_1_105' title="bbox 2271 4674 3818 4746; baseline -0.001 -17"><span class='ocrx_word' id='word_1_768' title='bbox 2271 4674 2619 4746; x_wconf 82' lang='lat' dir='ltr'><strong>expugnavit,</strong></span> <span class='ocrx_word' id='word_1_769' title='bbox 2651 4681 2704 4730; x_wconf 90' lang='lat' dir='ltr'><strong>et</strong></span> <span class='ocrx_word' id='word_1_770' title='bbox 2732 4675 2818 4731; x_wconf 91' lang='lat' dir='ltr'><strong>cui</strong></span> <span class='ocrx_word' id='word_1_771' title='bbox 2844 4675 3155 4731; x_wconf 63' lang='lat' dir='ltr'><strong>Graecorum</strong></span> <span class='ocrx_word' id='word_1_772' title='bbox 3191 4674 3416 4728; x_wconf 90' lang='lat' dir='ltr'><strong>ambitio</strong></span> <span class='ocrx_word' id='word_1_773' title='bbox 3446 4675 3712 4729; x_wconf 83' lang='lat' dir='ltr'><strong>universa</strong></span> <span class='ocrx_word' id='word_1_774' title='bbox 3744 4687 3818 4727; x_wconf 88' lang='lat' dir='ltr'><strong>re-</strong></span> 
     </span>
    </p>
   </div>
   <div class='ocr_carea' id='block_1_106' title="bbox 2272 4764 3815 4838">
    <p class='ocr_par' dir='ltr' id='par_1_106' title="bbox 2272 4764 3815 4838">
     <span class='ocr_line' id='line_1_106' title="bbox 2272 4764 3815 4838; baseline -0.002 -18"><span class='ocrx_word' id='word_1_775' title='bbox 2272 4767 2566 4836; x_wconf 89' lang='lat' dir='ltr'><strong>liquorum,</strong></span> <span class='ocrx_word' id='word_1_776' title='bbox 2596 4768 2689 4838; x_wconf 90' lang='lat' dir='ltr'><strong>qui</strong></span> <span class='ocrx_word' id='word_1_777' title='bbox 2712 4768 2805 4821; x_wconf 92' lang='lat' dir='ltr'><strong>tali</strong></span> <span class='ocrx_word' id='word_1_778' title='bbox 2834 4768 3053 4822; x_wconf 91' lang='lat' dir='ltr'><strong>nomine</strong></span> <span class='ocrx_word' id='word_1_779' title='bbox 3076 4766 3320 4837; x_wconf 84' lang='lat' dir='ltr'><strong>insigniti</strong></span> <span class='ocrx_word' id='word_1_780' title='bbox 3344 4772 3490 4829; x_wconf 90' lang='lat' dir='ltr'><strong>sunt,</strong></span> <span class='ocrx_word' id='word_1_781' title='bbox 3516 4773 3641 4820; x_wconf 86' lang='lat' dir='ltr'><strong>acta</strong></span> <span class='ocrx_word' id='word_1_782' title='bbox 3675 4764 3815 4820; x_wconf 84' lang='lat' dir='ltr'><strong>attri-</strong></span> 
     </span>
    </p>
   </div>
   <div class='ocr_carea' id='block_1_107' title="bbox 2269 4856 3815 4930">
    <p class='ocr_par' dir='ltr' id='par_1_107' title="bbox 2269 4856 3815 4930">
     <span class='ocr_line' id='line_1_107' title="bbox 2269 4856 3815 4930; baseline -0.003 -17"><span class='ocrx_word' id='word_1_783' title='bbox 2269 4858 2405 4922; x_wconf 87' lang='lat' dir='ltr'><strong>buit,</strong></span> <span class='ocrx_word' id='word_1_784' title='bbox 2437 4860 2638 4930; x_wconf 90' lang='lat' dir='ltr'><strong>quique</strong></span> <span class='ocrx_word' id='word_1_785' title='bbox 2668 4861 2885 4916; x_wconf 85' lang='lat' dir='ltr'><strong>&#39;virium</strong></span> <span class='ocrx_word' id='word_1_786' title='bbox 2924 4869 2978 4916; x_wconf 91' lang='lat' dir='ltr'><strong>et</strong></span> <span class='ocrx_word' id='word_1_787' title='bbox 3020 4858 3359 4915; x_wconf 79' lang='lat' dir='ltr'><strong>fortitudinis</strong></span> <span class='ocrx_word' id='word_1_788' title='bbox 3394 4858 3539 4912; x_wconf 82' lang='lat' dir='ltr'><strong>fama</strong></span> <span class='ocrx_word' id='word_1_789' title='bbox 3578 4859 3731 4913; x_wconf 83' lang='lat' dir='ltr'><strong>venit</strong></span> <span class='ocrx_word' id='word_1_790' title='bbox 3756 4856 3815 4909; x_wconf 86' lang='lat' dir='ltr'><strong>ad</strong></span> 
     </span>
    </p>
   </div>
   <div class='ocr_carea' id='block_1_108' title="bbox 2270 4951 3815 5023">
    <p class='ocr_par' dir='ltr' id='par_1_108' title="bbox 2270 4951 3815 5023">
     <span class='ocr_line' id='line_1_108' title="bbox 2270 4951 3815 5023; baseline -0.002 -17"><span class='ocrx_word' id='word_1_791' title='bbox 2270 4962 2538 5023; x_wconf 87' lang='lat' dir='ltr'><strong>posteros,</strong></span> <span class='ocrx_word' id='word_1_792' title='bbox 2567 4967 2671 5007; x_wconf 90' lang='lat' dir='ltr'><strong>una</strong></span> <span class='ocrx_word' id='word_1_793' title='bbox 2698 4953 3045 5023; x_wconf 88' lang='lat' dir='ltr'><strong>generatione</strong></span> <span class='ocrx_word' id='word_1_794' title='bbox 3077 4951 3333 5008; x_wconf 81' lang='lat' dir='ltr'><strong>Troicum</strong></span> <span class='ocrx_word' id='word_1_795' title='bbox 3355 4952 3553 5012; x_wconf 87' lang='lat' dir='ltr'><strong>bellum</strong></span> <span class='ocrx_word' id='word_1_796' title='bbox 3578 4960 3815 5005; x_wconf 64' lang='lat' dir='ltr'><strong>anteceso</strong></span> 
     </span>
    </p>
   </div>
   <div class='ocr_carea' id='block_1_109' title="bbox 2268 5042 3810 5100">
    <p class='ocr_par' dir='ltr' id='par_1_109' title="bbox 2268 5042 3810 5100">
     <span class='ocr_line' id='line_1_109' title="bbox 2268 5042 3810 5100; baseline -0.003 -1"><span class='ocrx_word' id='word_1_797' title='bbox 2268 5045 2408 5099; x_wconf 89' lang='lat' dir='ltr'><strong>sisse</strong></span> <span class='ocrx_word' id='word_1_798' title='bbox 2438 5064 2451 5098; x_wconf 80' lang='grc' dir='ltr'>ε</span> <span class='ocrx_word' id='word_1_799' title='bbox 2478 5051 2533 5098; x_wconf 89' lang='lat' dir='ltr'><strong>et</strong></span> <span class='ocrx_word' id='word_1_800' title='bbox 2568 5043 2637 5098; x_wconf 90' lang='lat' dir='ltr'><strong>de</strong></span> <span class='ocrx_word' id='word_1_801' title='bbox 2668 5059 2733 5100; x_wconf 93' lang='lat' dir='ltr'><strong>eo</strong></span> <span class='ocrx_word' id='word_1_802' title='bbox 2780 5042 3071 5099; x_wconf 83' lang='lat' dir='ltr'><strong>Eusebium</strong></span> <span class='ocrx_word' id='word_1_803' title='bbox 3121 5044 3174 5098; x_wconf 89' lang='lat' dir='ltr'><strong>in</strong></span> <span class='ocrx_word' id='word_1_804' title='bbox 3221 5042 3480 5099; x_wconf 85' lang='lat' dir='ltr'><strong>Chronico</strong></span> <span class='ocrx_word' id='word_1_805' title='bbox 3513 5054 3810 5098; x_wconf 87' lang='lat' dir='ltr'><strong>sermonem</strong></span> 
     </span>
    </p>
   </div>
   <div class='ocr_carea' id='block_1_110' title="bbox 2266 5134 3809 5207">
    <p class='ocr_par' dir='ltr' id='par_1_110' title="bbox 2266 5134 3809 5207">
     <span class='ocr_line' id='line_1_110' title="bbox 2266 5134 3809 5207; baseline -0.001 -19"><span class='ocrx_word' id='word_1_806' title='bbox 2266 5135 2545 5199; x_wconf 84' lang='lat' dir='ltr'><strong>habuisse,</strong></span> <span class='ocrx_word' id='word_1_807' title='bbox 2595 5152 2717 5190; x_wconf 92' lang='lat' dir='ltr'><strong>cum</strong></span> <span class='ocrx_word' id='word_1_808' title='bbox 2757 5137 2824 5193; x_wconf 92' lang='lat' dir='ltr'><strong>de</strong></span> <span class='ocrx_word' id='word_1_809' title='bbox 2862 5136 3026 5193; x_wconf 87' lang='lat' dir='ltr'><strong>rebus</strong></span> <span class='ocrx_word' id='word_1_810' title='bbox 3060 5152 3090 5191; x_wconf 89' lang='lat' dir='ltr'><strong>a</strong></span> <span class='ocrx_word' id='word_1_811' title='bbox 3120 5134 3325 5191; x_wconf 67' lang='lat' dir='ltr'><strong>Graecis</strong></span> <span class='ocrx_word' id='word_1_812' title='bbox 3365 5138 3558 5207; x_wconf 88' lang='lat' dir='ltr'><strong>gestis,</strong></span> <span class='ocrx_word' id='word_1_813' title='bbox 3597 5142 3653 5190; x_wconf 90' lang='lat' dir='ltr'><strong>et</strong></span> <span class='ocrx_word' id='word_1_814' title='bbox 3683 5147 3809 5205; x_wconf 68' lang='lat' dir='ltr'><strong>queo</strong></span> 
     </span>
    </p>
   </div>
   <div class='ocr_carea' id='block_1_111' title="bbox 2266 5226 3806 5291">
    <p class='ocr_par' dir='ltr' id='par_1_111' title="bbox 2266 5226 3806 5291">
     <span class='ocr_line' id='line_1_111' title="bbox 2266 5226 3806 5291; baseline 0 -13"><span class='ocrx_word' id='word_1_815' title='bbox 2266 5240 2388 5279; x_wconf 90' lang='lat' dir='ltr'><strong>rum</strong></span> <span class='ocrx_word' id='word_1_816' title='bbox 2438 5226 2699 5282; x_wconf 90' lang='lat' dir='ltr'><strong>memoria</strong></span> <span class='ocrx_word' id='word_1_817' title='bbox 2750 5227 3160 5291; x_wconf 83' lang='lat' dir='ltr'><strong>insolescerent,</strong></span> <span class='ocrx_word' id='word_1_818' title='bbox 3212 5242 3520 5282; x_wconf 88' lang='lat' dir='ltr'><strong>sermonem</strong></span> <span class='ocrx_word' id='word_1_819' title='bbox 3564 5226 3806 5287; x_wconf 83' lang='lat' dir='ltr'><strong>haberet;</strong></span> 
     </span>
    </p>
   </div>
   <div class='ocr_carea' id='block_1_112' title="bbox 2265 5314 3803 5387">
    <p class='ocr_par' dir='ltr' id='par_1_112' title="bbox 2265 5314 3803 5387">
     <span class='ocr_line' id='line_1_112' title="bbox 2265 5314 3803 5387; baseline 0.003 -16"><span class='ocrx_word' id='word_1_820' title='bbox 2265 5316 2409 5387; x_wconf 92' lang='lat' dir='ltr'><strong>quod</strong></span> <span class='ocrx_word' id='word_1_821' title='bbox 2442 5317 2486 5373; x_wconf 91' lang='lat' dir='ltr'><strong>si</strong></span> <span class='ocrx_word' id='word_1_822' title='bbox 2517 5318 2586 5373; x_wconf 90' lang='lat' dir='ltr'><strong>de</strong></span> <span class='ocrx_word' id='word_1_823' title='bbox 2625 5318 2794 5374; x_wconf 87' lang='lat' dir='ltr'><strong>altero</strong></span> <span class='ocrx_word' id='word_1_824' title='bbox 2836 5314 3068 5374; x_wconf 82' lang='lat' dir='ltr'><strong>Hercule</strong></span> <span class='ocrx_word' id='word_1_825' title='bbox 3114 5333 3421 5374; x_wconf 87' lang='lat' dir='ltr'><strong>sermonem</strong></span> <span class='ocrx_word' id='word_1_826' title='bbox 3470 5318 3803 5376; x_wconf 75' lang='lat' dir='ltr'><strong>instituisset.</strong></span> 
     </span>
    </p>
   </div>
   <div class='ocr_carea' id='block_1_113' title="bbox 2265 5408 3805 5480">
    <p class='ocr_par' dir='ltr' id='par_1_113' title="bbox 2265 5408 3805 5480">
     <span class='ocr_line' id='line_1_113' title="bbox 2265 5408 3805 5480; baseline -0.003 -17"><span class='ocrx_word' id='word_1_827' title='bbox 2265 5417 2644 5480; x_wconf 84' lang='lat' dir='ltr'><strong>argumentum</strong></span> <span class='ocrx_word' id='word_1_828' title='bbox 2675 5410 2792 5480; x_wconf 89' lang='lat' dir='ltr'><strong>ejus</strong></span> <span class='ocrx_word' id='word_1_829' title='bbox 2821 5420 3022 5467; x_wconf 88' lang='lat' dir='ltr'><strong>rueret.</strong></span> <span class='ocrx_word' id='word_1_830' title='bbox 3050 5411 3396 5479; x_wconf 87' lang='lat' dir='ltr'><strong>Compertum</strong></span> <span class='ocrx_word' id='word_1_831' title='bbox 3424 5419 3529 5475; x_wconf 91' lang='lat' dir='ltr'><strong>est,</strong></span> <span class='ocrx_word' id='word_1_832' title='bbox 3565 5410 3621 5464; x_wconf 91' lang='lat' dir='ltr'><strong>in</strong></span> <span class='ocrx_word' id='word_1_833' title='bbox 3653 5408 3805 5463; x_wconf 82' lang='lat' dir='ltr'><strong>histo-</strong></span> 
     </span>
    </p>
   </div>
   <div class='ocr_carea' id='block_1_114' title="bbox 2264 5499 3801 5574">
    <p class='ocr_par' dir='ltr' id='par_1_114' title="bbox 2264 5499 3801 5574">
     <span class='ocr_line' id='line_1_114' title="bbox 2264 5499 3801 5574; baseline -0.001 -19"><span class='ocrx_word' id='word_1_834' title='bbox 2264 5502 2345 5556; x_wconf 87' lang='lat' dir='ltr'><strong>ria</strong></span> <span class='ocrx_word' id='word_1_835' title='bbox 2383 5499 2643 5558; x_wconf 86' lang='lat' dir='ltr'><strong>Hercules</strong></span> <span class='ocrx_word' id='word_1_836' title='bbox 2675 5503 2860 5574; x_wconf 88' lang='lat' dir='ltr'><strong>plures</strong></span> <span class='ocrx_word' id='word_1_837' title='bbox 2898 5501 3085 5559; x_wconf 87' lang='lat' dir='ltr'><strong>l&#39;uisse.</strong></span> <span class='ocrx_word' id='word_1_838' title='bbox 3119 5499 3293 5557; x_wconf 74' lang='lat' dir='ltr'><strong>Varro</strong></span> <span class='ocrx_word' id='word_1_839' title='bbox 3326 5511 3561 5571; x_wconf 85' lang='lat' dir='ltr'><strong>quatuor</strong></span> <span class='ocrx_word' id='word_1_840' title='bbox 3597 5508 3650 5555; x_wconf 90' lang='lat' dir='ltr'><strong>et</strong></span> <span class='ocrx_word' id='word_1_841' title='bbox 3682 5510 3801 5569; x_wconf 81' lang='lat' dir='ltr'><strong>qua-</strong></span> 
     </span>
    </p>
   </div>
   <div class='ocr_carea' id='block_1_115' title="bbox 2263 5592 3800 5664">
    <p class='ocr_par' dir='ltr' id='par_1_115' title="bbox 2263 5592 3800 5664">
     <span class='ocr_line' id='line_1_115' title="bbox 2263 5592 3800 5664; baseline 0.001 -18"><span class='ocrx_word' id='word_1_842' title='bbox 2263 5592 2511 5664; x_wconf 87' lang='lat' dir='ltr'><strong>draginta</strong></span> <span class='ocrx_word' id='word_1_843' title='bbox 2535 5605 2803 5662; x_wconf 86' lang='lat' dir='ltr'><strong>recenset,</strong></span> <span class='ocrx_word' id='word_1_844' title='bbox 2832 5593 3022 5652; x_wconf 88' lang='lat' dir='ltr'><strong>Cicero</strong></span> <span class='ocrx_word' id='word_1_845' title='bbox 3044 5611 3160 5661; x_wconf 79' lang='lat' dir='ltr'><strong>sex,</strong></span> <span class='ocrx_word' id='word_1_846' title='bbox 3185 5593 3476 5662; x_wconf 90' lang='lat' dir='ltr'><strong>Diodorus,</strong></span> <span class='ocrx_word' id='word_1_847' title='bbox 3494 5593 3590 5649; x_wconf 92' lang='lat' dir='ltr'><strong>lib.</strong></span> <span class='ocrx_word' id='word_1_848' title='bbox 3609 5608 3678 5653; x_wconf 86' lang='lat' dir='ltr'><strong>tv,</strong></span> <span class='ocrx_word' id='word_1_849' title='bbox 3700 5599 3800 5642; x_wconf 74' lang='lat' dir='ltr'><strong>tres</strong></span> 
     </span>
    </p>
   </div>
   <div class='ocr_carea' id='block_1_116' title="bbox 2264 5670 3858 5760">
    <p class='ocr_par' dir='ltr' id='par_1_116' title="bbox 2264 5670 3858 5760">
     <span class='ocr_line' id='line_1_116' title="bbox 2264 5670 3858 5760; baseline -0.011 -17"><span class='ocrx_word' id='word_1_850' title='bbox 2264 5688 2453 5757; x_wconf 87' lang='lat' dir='ltr'><strong>ponit:</strong></span> <span class='ocrx_word' id='word_1_851' title='bbox 2485 5685 2727 5742; x_wconf 90' lang='lat' dir='ltr'><strong>Primum</strong></span> <span class='ocrx_word' id='word_1_852' title='bbox 2778 5686 3114 5760; x_wconf 66' lang='lat' dir='ltr'><strong>Egyptium,</strong></span> <span class='ocrx_word' id='word_1_853' title='bbox 3163 5687 3321 5759; x_wconf 71' lang='lat' dir='ltr'><strong>cujus</strong></span> <span class='ocrx_word' id='word_1_854' title='bbox 3368 5687 3602 5741; x_wconf 78' lang='lat' dir='ltr'><strong>maxima</strong></span> <span class='ocrx_word' id='word_1_855' title='bbox 3655 5676 3799 5735; x_wconf 78' lang='lat' dir='ltr'><strong>fuerit</strong></span> <span class='ocrx_word' id='word_1_856' title='bbox 3835 5670 3858 5698; x_wconf 78' lang='grc'><strong><em>⁸</em></strong></span> 
     </span>
    </p>
   </div>
   <div class='ocr_carea' id='block_1_117' title="bbox 2262 5770 3794 5857">
    <p class='ocr_par' dir='ltr' id='par_1_117' title="bbox 2262 5770 3794 5857">
     <span class='ocr_line' id='line_1_117' title="bbox 2262 5770 3794 5857; baseline -0.008 -22"><span class='ocrx_word' id='word_1_857' title='bbox 2262 5781 2454 5853; x_wconf 76' lang='lat' dir='ltr'><strong>virtus,</strong></span> <span class='ocrx_word' id='word_1_858' title='bbox 2486 5795 2756 5857; x_wconf 84' lang='lat' dir='ltr'><strong>quemque</strong></span> <span class='ocrx_word' id='word_1_859' title='bbox 2783 5779 2961 5841; x_wconf 81' lang='lat' dir='ltr'><strong>Osiris</strong></span> <span class='ocrx_word' id='word_1_860' title='bbox 2986 5781 3131 5854; x_wconf 88' lang='lat' dir='ltr'><strong>quod</strong></span> <span class='ocrx_word' id='word_1_861' title='bbox 3165 5797 3394 5855; x_wconf 82' lang='lat' dir='ltr'><strong>corpore</strong></span> <span class='ocrx_word' id='word_1_862' title='bbox 3423 5784 3571 5838; x_wconf 83' lang='lat' dir='ltr'><strong>esset</strong></span> <span class='ocrx_word' id='word_1_863' title='bbox 3596 5770 3794 5833; x_wconf 80' lang='lat' dir='ltr'><strong>validis-</strong></span> 
     </span>
    </p>
   </div>
   <div class='ocr_carea' id='block_1_118' title="bbox 2180 5885 2311 5897">
    <p class='ocr_par' dir='ltr' id='par_1_118' title="bbox 2180 5885 2311 5897">
     <span class='ocr_line' id='line_1_118' title="bbox 2180 5885 2311 5897; baseline 0.015 -2"><span class='ocrx_word' id='word_1_864' title='bbox 2180 5885 2311 5897; x_wconf 61' lang='grc' dir='ltr'><strong>-σο-οιο</strong></span> 
     </span>
    </p>
   </div>
  </div>
