4064 6290
286 343 435 401 4029

1384 342 1448 398 IN
1484 342 1851 400 EUSTATHH
1889 343 2360 401 HEXAEMERON
2393 343 2622 400 ΝΟΤΕ.

3396 346 3415 397 1
3428 345 3530 400 0ῖῦ

295 464 435 518 siino
452 461 718 519 exercitui
744 461 1008 535 praefecit.
1026 460 1126 518 Hic
1155 477 1351 534 magna
1377 462 1528 519 orbis
1560 471 1714 534 parte
1743 479 1847 535 per

1971 463 2144 518 εἰδυῖα
2177 461 2478 526 ποθοῦντας
2511 461 2679 532 αὐτῆς
2705 461 2766 516 τὺ
2811 461 3002 533 δνομα,
3036 461 3140 515 ὑπὸ
3175 461 3274 531 τῆς
3303 462 3395 516 τὸν
3424 479 3529 515 πα-

293 564 484 628 ngrata
546 555 602 610 in
650 553 819 626 Libya
869 554 1178 610 columnam
1226 555 1420 617 erexit,
1471 555 1858 626 praecessitque

293 647 584 703 Herculem
608 646 878 702 Alcmenae
911 647 1077 701 lilium
1107 645 1354 717 pluribus
1377 661 1539 717 quam
1585 646 1732 702 mille
1761 661 1859 701 an-

293 741 400 795 nis.
431 740 654 795 Servius
676 740 802 795 item
825 747 1056 810 quatuor
1072 738 1332 794 Hercules
1350 737 1479 792 facit
1499 737 1715 794 zEneid.
1737 753 1855 794 rm:

294 828 637 901 Tyrinthium
666 871 680 894 ,
719 830 980 901 Argium,
1040 828 1395 892 Thebanum,
1441 827 1656 899 Libym.
1713 827 1858 884 lntcr

293 937 435 992 quos
487 923 739 994 quamvis
799 938 910 978 non
968 931 1177 977 constet
1236 922 1305 977 de
1367 935 1616 985 numero,
1669 928 1852 976 tamen

294 1014 431 1070 illud
462 1030 629 1069 unum
667 1021 876 1070 certum
907 1021 1010 1075 est,
1052 1013 1335 1068 Herculem
1370 1011 1704 1084 Egyptium,
1741 1013 1857 1068 sive

293 1107 458 1162 etiam
502 1105 920 1178 Libym,multis
949 1106 1165 1162 saeculis
1195 1104 1483 1160 Herculem
1517 1105 1853 1170 Graecorum,

294 1199 364 1256 de
412 1215 523 1270 quo
579 1201 819 1271 loquitur
875 1198 1164 1265 Eusebius,
1219 1198 1608 1269 praeessisse;
1667 1197 1739 1250 ita
1797 1203 1856 1250 ut

292 1289 526 1345 Abrahae
555 1291 844 1361 nepotibus
875 1296 1032 1344 atate
1066 1304 1166 1359 par
1202 1304 1326 1345 esse
1367 1289 1568 1359 possit;
1604 1289 1677 1342 ita
1707 1289 1852 1344 enim

292 1391 350 1438 et
391 1384 531 1437 ratio
573 1392 874 1452 temporum
919 1382 1177 1444 cohaeret,
1225 1397 1326 1437 nec
1361 1391 1636 1446 auctores,
1666 1383 1760 1451 qui
1787 1381 1854 1436 de

292 1473 637 1544 expeditione
682 1483 938 1544 nepotum
989 1472 1224 1526 Abrahae
1277 1487 1384 1526 una
1440 1487 1566 1525 cum
1622 1471 1853 1526 Hercule

296 1566 458 1621 verba
490 1565 717 1629 iaciunt,
747 1563 1043 1633 ἀλογίστως
1066 1565 1468 1620 damnabimus.

362 1653 482 1709 Col.
512 1654 636 1721 765,
667 1654 762 1708 lin.
786 1653 875 1707 22.
907 1651 1530 1722 Ἰακὼϐπαραρπάσας.
1549 1652 1854 1708 Alexander

289 1745 598 1819 Polyhistor
621 1763 685 1802 ex
709 1745 979 1802 Demetrio
1010 1745 1154 1816 apud
1180 1744 1498 1808 Eusebium,
1527 1744 1602 1799 De
1620 1760 1848 1815 prwpar.

1957 553 2090 625 τέρα
2141 553 2352 616 εὐνοίας
2403 551 2664 622 ένδακρυς
2721 553 3022 623 γενομένη,
3079 551 3390 623 περιϐάλλει
3437 553 3530 606 τὸν

1969 647 2255 711 Ἰάκωϐον,
2323 647 2415 702 καὶ
2473 646 2938 716 κατασπασαμένη
2997 645 3096 715 τὴν
3147 645 3530 717 εὐκταιοτάτην

1957 741 2052 794 καὶ
2096 739 2354 810 μεγίστην
2401 737 2590 808 ἡδονὴν
2634 739 2795 792 αὑτὸν
2853 737 3074 808 κομίσαι
3120 737 3197 808 τῷ
3240 739 3406 810 πατρὶ
3434 739 3531 792 καὶ

1956 836 2067 896 τοῖς
2096 833 2187 884 ἐπὶ
2233 831 2332 901 τῆς
2375 832 2574 894 οἰκείας
2621 831 2845 895 ἆπασιν,
2893 829 3078 898 ἔλεγεν
3119 829 3210 882 ἐπὶ
3242 833 3306 900 τῇ
3343 832 3530 904 μνήμῃ

1954 925 2052 995 τῆς
2085 924 2286 995 μητρὸς
2335 925 2498 978 αὑτοῦ
2557 924 2814 995 κειμένῳ,
2857 923 3125 994 καὶπρὸς
3173 924 3305 994 μόνῃ
3357 923 3527 995 ταύτῃ

1955 1013 2305 1083 τυγχάνοντι,
2368 1013 2654 1082 φανεῖσθαι
2708 1014 2765 1066 δὲ
2824 1013 2972 1083 αὐτῷ
3023 1014 3221 1075 παντὸς
3281 1014 3529 1078 ἀντάξιον

1953 1103 2181 1172 ἀγαθοῦ.
2243 1103 2405 1159 Ilisce
2446 1114 2499 1159 et
2541 1106 2663 1159 aliis
2693 1104 2963 1176 Jusephus
3011 1106 3065 1158 in
3100 1106 3344 1160 historiis
3380 1121 3530 1160 com-

1956 1194 2321 1251 memorandis
2355 1213 2544 1266 parum
2587 1198 2817 1267 diligens
2861 1208 2912 1252 et
2953 1197 3149 1252 lidelis.
3177 1197 3286 1252 Nec
3318 1213 3442 1252 raro
3472 1197 3528 1252 in

1953 1285 2178 1342 historia
2195 1297 2248 1342 ct
2271 1287 2324 1341 in
2342 1287 2691 1357 Chronologia
2721 1304 2842 1343 esse
2874 1291 3059 1358 lapsus
3087 1288 3524 1359 deprehenditur.

2024 1378 2188 1442 lbid.,
2228 1379 2322 1434 lin.
2355 1379 2440 1434 56.
2486 1381 2786 1433 Τίκτονται
2825 1380 2893 1432 δὲ
2922 1380 3152 1446 παῖδες.
3189 1380 3262 1434 De
3307 1390 3429 1434 ortu
3466 1382 3528 1434 li-

1953 1469 2148 1524 liorum
2196 1469 2408 1537 Jacobi,
2439 1479 2493 1525 et
2527 1482 2790 1541 tempore,
2823 1472 3000 1542 deque
3043 1487 3194 1527 mora
3243 1475 3382 1542 apud
3425 1471 3528 1528 La-

1951 1560 2079 1625 ban,
2110 1572 2163 1617 et
2187 1562 2476 1630 descensu,
2510 1565 2687 1634 plura,
2728 1565 2827 1618 etsi
2864 1566 2918 1617 in
2960 1565 3238 1620 nonnullis
3275 1567 3525 1621 diversus

1953 1667 1984 1706 a
2017 1654 2192 1708 sacris
2229 1655 2448 1719 litteris,
2469 1657 2774 1710 Alexander
2803 1655 3113 1728 Polyhistor
3139 1672 3206 1710 ex
3253 1655 3525 1712 Demetrio

1953 1745 2096 1815 apud
2131 1744 2424 1802 Eusebium
2455 1747 2532 1802 De
2553 1758 2841 1818 prwparat.
2882 1747 3132 1818 Erangel.
3171 1749 3266 1803 lib.
3303 1764 3378 1803 Ix.

291 1837 544 1911 Evangel.
577 1840 670 1893 lib.
709 1854 763 1893 ix
783 1854 797 1890 :
817 1837 1129 1910 Δημήτριός
1161 1855 1293 1908 φησι
1323 1837 1414 1891 τὸν
1458 1835 1670 1900 Ἰακὼϐ,
1701 1838 1847 1906 γενό-

2028 1839 2188 1904 lbid.,
2223 1840 2320 1894 lin.
2356 1839 2447 1892 41.
2492 1841 2554 1892 Ol
2593 1837 2692 1891 καὶ
2735 1837 3062 1906 Ἰδουμαῖοι.
3092 1836 3383 1908 Iosephus,
3417 1839 3526 1892 Anc

291 1949 449 2004 μενον
467 1931 602 1985 ἐτῶν
619 1931 984 2002 ἑϐδομήκοντα
1010 1930 1188 1993 πέντε,
1208 1932 1397 2000 φυγεῖν
1418 1933 1498 1993 είς
1520 1931 1741 2002 Χαρρὰν
1756 1930 1852 2000 τῆς

286 2023 727 2094 Μεσοποταμίας,
759 2020 1130 2075 ἀποσταλέντα
1155 2019 1258 2073 ὑπὸ
1285 2019 1392 2073 τῶν
1419 2019 1617 2088 γονέων
1641 2018 1728 2072 διὰ
1755 2018 1851 2090 τὴν

288 2116 422 2190 πρὸς
439 2117 528 2169 τὸν
544 2115 768 2184 ἀδελφὸν
785 2113 1017 2186 κρυφίαν
1033 2112 1124 2183 ἕχθ
1132 2129 1230 2184 ραν
1257 2111 1447 2175 Ἠσαῦ,
1465 2111 1551 2164 διὰ
1565 2110 1626 2164 τὸ
1639 2109 1854 2182 εὐλογῆ-

289 2207 570 2262 σαι·αὐτὸν
596 2207 686 2260 τὸν
719 2205 946 2277 πατέρα,
973 2204 1231 2257 δοκοῦντα
1259 2197 1396 2258 εἶναι
1415 2203 1507 2256 τὸν
1545 2203 1734 2269 Ἡσαῦ,
1758 2201 1853 2255 καὶ

287 2299 434 2361 ὅπως
459 2297 600 2368 λάϐῃ
626 2296 832 2349 ἐκεῖθεν
861 2297 1111 2364 γυναῖκα.
1150 2295 1490 2365 Ἀφορμῆσαι
1525 2289 1616 2348 οὖν
1663 2290 1853 2349 Ἰακὼϐ

288 2388 615 2461 εἰς’Χαρῤἀν
645 2389 744 2458 τῆς
776 2384 1219 2456 Μεσοποταμίας,
1246 2385 1338 2438 τὸν
1374 2386 1472 2456 μὲν
1508 2384 1717 2456 πατέρα
1755 2400 1852 2436 κα-

287 2480 581 2536 ταλιπόντα
620 2479 803 2532 Ἰσαὰκ
831 2479 963 2534 ἐτῶν
989 2477 1180 2531 ἑκατὸν
1207 2477 1496 2548 τριάκοντα
1513 2477 1670 2543 ἑπτὰ,
1694 2476 1852 2530 αὑτὸν

289 2571 348 2626 δὲ
385 2570 510 2624 ὅντα
553 2553 689 2624 ἐτῶν
727 2569 1093 2643 ἑϐδομήκοντα
1140 2552 1298 2623 ἑπτά.
1352 2569 1714 2641 Διατρίψαντα
1759 2564 1851 2622 οὖν

291 2660 454 2714 αὐτὸν
492 2661 605 2713 ἐκεῖ
638 2659 777 2713 έπτά
808 2659 903 2729 ἔτη
936 2658 1121 2731 Λάϐαν
1146 2657 1241 2712 τοῦ
1285 2657 1536 2731 μητρῴου
1569 2658 1661 2710 δύο
1689 2657 1853 2727 θυγα-

290 2752 452 2824 τέρας
481 2754 676 2822 γῆμαι,
715 2750 880 2806 Λείαν
921 2730 1014 2806 καὶ
1065 2749 1284 2820 Ῥαχὴλ,
1326 2730 1453 2803 ὄντα
1490 2750 1627 2805 ἐτῶν
1667 2751 1854 2823 ὀγδοή-

291 2860 454 2898 κοντα
483 2843 782 2914 τεσσάρων.

356 2936 516 3001 lbid.,
539 2937 636 2992 lin.
658 2937 748 2992 25.
787 2937 899 3004 Τὰς
918 2937 1025 2992 δύο
1049 2935 1389 3007 θυγατέρας.
1419 2935 1653 2991 Faustus
1680 2933 1852 2988 Mani-

289 3031 471 3088 chacus
503 3030 862 3102 polygamiam
893 3031 1033 3085 hanc
1061 3045 1161 3100 pro
1183 3044 1380 3100 magno
1403 3027 1632 3083 crimine
1660 3034 1850 3082 sancto

291 3125 610 3193 patriarchae
650 3123 818 3179 Jacob
862 3124 1270 3194 procacissimis
1307 3122 1490 3179 verbis
1534 3121 1846 3192 obiectavit.

287 3187 426 3268 Huic
467 3215 562 3270 lib.
600 3231 735 3280 xm,
779 3187 898 3286 cap.
938 3215 1028 3278 47,
1071 3213 1362 3285 respondet
1387 3187 1725 3284 Augustinus
1756 3211 1850 3267 τια-
1875 3187 1917 3244 C

284 3309 480 3363 cobum
527 3323 557 3362 α
610 3309 885 3364 calumnia
931 3309 1238 3364 vindicans.
1289 3307 1514 3375 Quando
1564 3323 1674 3361 mos
1710 3317 1846 3372 erat,

281 3401 480 3454 crimen
508 3416 612 3454 non
639 3411 753 3454 erat
778 3416 795 3454 .'
825 3410 876 3454 et
904 3416 1038 3454 nunc
1066 3410 1342 3470 propterea
1375 3399 1570 3452 crimen
1595 3407 1692 3463 est,
1724 3397 1849 3468 quia

280 3509 392 3548 mos
421 3511 525 3549 non
551 3503 648 3548 est.
674 3493 798 3548 Alia
817 3495 954 3548 enim
978 3503 1100 3548 sunt
1126 3501 1340 3562 peccata
1369 3502 1555 3548 contra
1577 3500 1845 3555 naturam,

282 3582 393 3637 alia
422 3592 607 3637 contra
647 3597 841 3645 mores,
891 3582 1003 3636 alia
1048 3595 1232 3637 contra
1255 3593 1532 3652 prtvcepta.
1567 3583 1696 3648 Quir
1729 3597 1847 3635 cum

281 3673 358 3726 ita
379 3674 507 3737 sint,
540 3674 662 3742 quid
700 3672 904 3726 tandem
937 3673 1171 3726 criminis
1209 3683 1307 3739 est,
1339 3673 1476 3742 quod
1517 3671 1580 3725 de
1607 3670 1844 3740 pluribus

281 3763 441 3818 simul
479 3761 670 3816 habitis
713 3764 967 3816 uxoribus
1000 3763 1252 3833 objicitur
1275 3773 1455 3817 sancto
1493 3763 1602 3816 viro
1640 3761 1846 3818 Jacob?

280 3857 327 3909 si
351 3865 598 3908 naturam
624 3854 896 3917 consulas,
935 3871 1037 3908 non
1086 3854 1408 3917 lasciuiendi,
1464 3853 1554 3909 sed
1603 3852 1846 3922 gignendi

280 3963 442 4001 causa
471 3945 580 3999 illis
616 3945 918 3999 mulieribus
947 3945 1213 3999 utebatur.
1259 3943 1319 4000 Si
1353 3961 1568 4008 morem,
1600 3945 1694 3998 illo
1716 3955 1845 3998 tem-

278 4052 421 4105 pore,
446 4035 674 4106 atquein
705 4035 810 4088 illis
839 4035 990 4088 terris
1025 4034 1120 4087 hoc
1157 4033 1520 4103 [actitabatun
1562 4033 1621 4087 Si
1652 4049 1845 4099 praece-

277 4140 444 4198 ptum,
478 4127 624 4182 nulla
654 4127 760 4197 lege
785 4125 1173 4195 prohibebatur.
1210 4125 1366 4179 Nunc
1389 4141 1502 4178 vero
1531 4141 1624 4178 cur
1649 4125 1842 4178 crimen

276 4233 374 4284 est,
402 4225 448 4275 si
471 4222 586 4292 quis
613 4221 708 4274 liae
737 4220 922 4289 faciat,
945 4219 1049 4272 nisi
1069 4219 1193 4289 quia
1217 4228 1264 4272 et
1287 4218 1540 4283 moribus,
1567 4227 1616 4272 et
1646 4217 1840 4288 legibus

277 4332 381 4370 non
414 4316 572 4371 licet?
610 4315 740 4383 Quae
781 4315 886 4370 duo
930 4316 1163 4386 quisquis
1211 4315 1598 4382 contempserit,
1632 4313 1842 4367 etiamsi

279 4407 640 4461 tantummodo
680 4423 842 4462 causa
875 4405 1158 4477 generandi
1189 4406 1268 4458 uti
1297 4405 1462 4474 possit
1489 4402 1728 4473 pluribus
1763 4402 1836 4472 [e-

1959 1928 2048 1999 tiq.
2131 1929 2224 1982 lib.
2277 1943 2337 1992 ιι,
2374 1942 2494 1996 cap.
2545 1927 2596 1990 1,
2649 1927 2764 1980 haec
2795 1927 2984 1982 eadem
3021 1928 3094 1982 ita
3125 1936 3348 1982 narrat:
3386 1928 3524 1982 Ἀλλ’

1967 2019 2134 2073 Ἢσαῦ
2172 2019 2292 2090 μὲν,
2321 2023 2418 2090 τῆς
2457 2019 2770 2090 Χεϐρωνίοις
2804 2021 3211 2092 παραχωρήσας
3255 2021 3332 2093 τῷ
3369 2021 3525 2077 ἀδελ*

1955 2111 2060 2182 φῷ,
2115 2116 2172 2166 ὲν
2205 2112 2402 2184 Σαείρᾳ
2447 2112 2683 2183 διῃτᾶτο,
2735 2113 2826 2165 καὶ¹
2863 2113 2961 2184 τῆς
3007 2113 3307 2183 Ἰδουμαίας
3355 2111 3524 2186 ἦλθεν

1955 2203 2096 2256 οὕτω
2132 2203 2366 2267 καλέσας
2396 2205 2496 2274 τὴν
2526 2203 2708 2276 χώραν
2736 2204 2921 2258 αὑτοῦ.
2960 2206 3207 2277 ’Ἄδωμος
3236 2207 3282 2259 δ’
3313 2208 3524 2262 ἐπωνο-

1957 2294 2156 2366 μάζετο
2192 2296 2332 2350 κατά
2355 2295 2604 2368 τοιαύτην
2629 2298 2808 2350 αἰτίαν
2828 2297 3003 2368 τυχὼν
3031 2298 3130 2369 τῆς
3161 2299 3520 2371 ἐπικλήσεως.

1967 2389 2097 2440 Ἀπὸ
2127 2387 2298 2459 Θήρας
2331 2387 2457 2440 ποτὲ
2490 2389 2583 2442 καὶ
2617 2388 2780 2442 πόνου
2817 2389 2912 2442 τοῦ
2948 2390 3078 2460 περὶ
3103 2391 3163 2442 τὸ
3200 2393 3524 2462 κυνηγέσιον

1951 2478 2232 2552 λιμώττων
2264 2477 2583 2549 ἐπανῆλθεν,
2624 2480 2704 2533 ἔτι
2741 2485 2869 2544 παῖς
2899 2480 2972 2534 ὣν
2997 2482 3092 2552 τὴν
3121 2483 3354 2553 ἡλικίαν.
3373 2486 3522 2538 Ἐπι-

1951 2569 2129 2641 τυχὼν
2164 2570 2221 2625 δὲ
2265 2570 2510 2640 τάδελφῷ
2554 2571 2733 2641 φακῆν
2762 2575 3079 2627 ἐσκευακότι
3129 2575 3264 2646 πρὸς
3295 2576 3518 2649 ἄριστον

1952 2659 2100 2732 αὑτῷ
2140 2659 2334 2732 ξανθὴν
2378 2662 2580 2734 σφόδρα
2627 2663 2725 2734 τὴν
2768 2664 2957 2735 χρόαν,
2989 2667 3083 2719 καὶ
3125 2666 3214 2720 διὰ
3254 2669 3398 2722 τοῦτ’
3437 2670 3520 2726 ἔτι

1955 2753 2152 2827 μᾶλλον
2179 2754 2419 2826 ὀρεχθεὶς
2445 2755 2595 2825 ἠξίου
2621 2761 2919 2828 παρασχεῖν
2953 2759 3103 2830 αὐτῷ
3133 2759 3268 2830 πρὸς
3289 2764 3517 2836 τροιρήν.

1964 2846 2020 2900 '0
2032 2845 2085 2899 δὲ
2102 2845 2388 2901 ἀποδόσθαι
2411 2848 2472 2900 τὸ
2491 2850 2774 2920 πρεσϐεῖον
2790 2851 2936 2921 αὖτῷ
2952 2852 3046 2906 τοῦ
3066 2857 3258 2922 φαγεῖν
3275 2856 3521 2928 συνεργῷ

1951 2937 2293 3010 χρησάμενος
2323 2943 2387 3010 τῇ
2424 2941 2579 3013 πείνῃ
2610 2941 2700 2995 τὸν
2733 2943 2958 3012 ἀδελφὸν
2989 2946 3285 3016 ἠνάγκασε.
3319 2950 3520 3003 Κάκεῖ-

1951 3047 2058 3094 νος,
2085 3030 2190 3083 ὐπὸ
2222 3031 2314 3084 τοῦ
2342 3031 2503 3102 λιμοῦ
2529 3034 2842 3105 προαχθεὶς.
2869 3043 3188 3110 παραχωρεῖ
3213 3040 3319 3093 τῶν
3352 3058 3521 3113 πρεσ-

1952 3119 2112 3172 ϐείων
2144 3119 2291 3192 αὐτῷ
2338 3121 2454 3191 μεθ’
2489 3122 2686 3193 ὅρκων.
2737 3122 2924 3178 Ἔνθεν
2965 3123 3052 3177 διά
3083 3125 3178 3196 τὴν
3222 3125 3518 3200 ξανθότητα

1950 3212 2042 3266 τοῦ
2071 3211 2352 3285 βρώματος
2386 3214 2489 3268 ὑπὸ
2520 3216 2628 3268 τῶν
2667 3216 2968 3285 ἡλικιωτῶν
2997 3218 3245 3288 Ἄδωμος
3273 3220 3515 3276 καλεῖται

1949 3303 2090 3356 κατά
2141 3303 2354 3357 παιδιὰν
2399 3304 2728 3376 ἐπικληθείς.
2763 3308 2987 3378 Ἀδωμα
3029 3309 3138 3381 γὰρ
3179 3308 3414 3379 Ἑϐραῖοι
3455 3312 3517 3366 τὸ

1948 3394 2175 3466 ἐρυθρὸν
2217 3395 2458 3450 καλοῦσι.
2492 3397 2600 3468 Τὴν
2643 3399 2701 3452 δὲ
2730 3396 2914 3471 χώραν
2940 3399 3082 3453 οὕτω
3136 3403 3515 3475 προσηγόρευ-

1949 3501 2058 3539 σεν.
2096 3484 2350 3558 ’Έλληνες
2381 3487 2488 3561 γὰρ
2526 3488 2694 3557 αὐτὴν
2728 3489 2819 3542 ἐπὶ
2850 3490 3172 3561 σεμνότερον
3215 3491 3514 3563 Ἰδουμαίαν

1945 3572 2252 3644 ὠνόμασαν.
2282 3575 2362 3630 Ab
2388 3575 2529 3630 Esau
2559 3577 2722 3646 igitur
2754 3578 2851 3632 toti
2876 3579 3026 3648 genti
3060 3594 3253 3634 nomen
3291 3583 3514 3652 imposi-

1945 3671 2082 3730 tum,
2113 3681 2252 3736 quos
2284 3666 2455 3723 Graeci
2511 3669 2778 3724 Idumaeos
2818 3670 3107 3740 appellant.
3153 3671 3307 3726 Errat
3347 3675 3513 3743 igitur

1947 3754 2166 3821 Strabo,
2217 3758 2312 3812 lib.
2343 3774 2456 3823 xw,
2497 3760 2586 3828 qui
2635 3775 2729 3815 eos
2773 3761 2984 3830 origine
3026 3761 3350 3818 Nahalhmos
3389 3780 3512 3821 esse

1945 3847 2246 3916 allirmarit,
2297 3851 2667 3921 seditioneque
2717 3853 2889 3921 patria
2943 3853 3148 3922 pulsos.
3195 3853 3354 3908 Errat
3393 3852 3513 3909 Ste-

1941 3940 2155 4012 phanus
2201 3942 2328 4014 περὶ
2373 3943 2600 4008 πόλεων,
2635 3959 2729 3998 eos
2781 3959 2810 3998 a
2846 3945 2953 3998 lilio
2986 3945 3220 4014 quodam
3271 3944 3512 4001 Semira-

1943 4035 2103 4088 midis
2131 4043 2282 4089 ortos
2319 4036 2584 4099 scribens,
2618 4036 2856 4090 sicutab
2902 4037 3010 4091 alio
3051 4037 3168 4107 ejus
3219 4039 3324 4092 lilio
3369 4037 3507 4093 Juda

1939 4123 2174 4183 Iudaeos.
2213 4127 2498 4181 Insaniunt
2546 4134 2600 4180 et
2643 4126 2876 4180 Habbini
2931 4143 3055 4182 cum
3105 4129 3377 4184 Aheuczra
3411 4131 3504 4200 qui

1942 4217 2168 4274 Romam
2201 4231 2396 4274 vocant
2427 4218 2613 4283 Eilom,
2640 4228 2692 4274 et
2723 4219 3032 4290 pontiﬁcem
3065 4217 3367 4277 Romanum
3397 4210 3508 4277 ino-

1939 4310 2172 4366 nachum
2206 4309 2539 4366 Edommum.

2010 4403 2171 4467 lbid.,
2211 4403 2307 4458 lin.
2339 4403 2428 4458 44.
2463 4405 2756 4472 ’Ὕστερον
2797 4403 2865 4458 δὲ
2911 4404 3102 4472 Σύροι.
3153 4402 3362 4476 Syriam
3414 4420 3504 4460 re-

275 4497 456 4567 minis,
493 4507 670 4567 peccat
696 4509 868 4552 tamen
923 4507 973 4552 ct
1027 4498 1194 4566 ipsam
1223 4496 1384 4550 violat
1422 4495 1709 4548 humanam
1745 4512 1836 4549 so-
1867 4533 1912 4590 ο
1938 4493 2150 4563 gionem
2192 4493 2584 4549 nobilissimam
2616 4496 2758 4550 Asia:
2801 4511 2924 4549 cum
2958 4497 3180 4567 Assyria
3230 4497 3297 4550 ah
3327 4507 3506 4551 aucto-

273 4592 544 4652 cietatem,
608 4591 692 4643 cui
737 4591 1029 4644 necessaria
1071 4598 1149 4643 est
1190 4588 1482 4657 procreatio
1531 4587 1832 4642 liberorum.

276 4681 372 4737 His
401 4680 578 4736 alliuia
628 4681 819 4736 scribit
859 4690 911 4736 et
952 4682 1044 4736 lib.
1074 4696 1135 4735 ιιι
1178 4681 1255 4736 De
1296 4680 1468 4734 doctr.
1502 4677 1831 4743 Christiana,

275 4789 396 4846 cap.
430 4775 518 4839 ιε,
552 4775 694 4830 idem
739 4776 1096 4845 Augustinus,
1143 4783 1196 4830 et
1243 4774 1604 4846 Hieronymus
1643 4789 1730 4843 ep.
1765 4773 1836 4827 83

275 4867 341 4921 ad
370 4865 666 4930 Oceanum,
695 4875 749 4921 et
782 4864 1153 4922 Theodoretus
1183 4877 1377 4936 quaest.
1409 4867 1478 4922 85
1499 4869 1550 4919 in
1577 4864 1761 4919 Cenes.

344 4956 504 5022 lbid.,
546 4957 642 5010 lin.
667 4957 1145 5026 27.Ἐπεθύμησε
1165 4956 1251 5012 δέ.
1286 4956 1525 5012 Thomas
1559 4957 1824 5027 Anglicus

272 5049 326 5103 in
358 5064 475 5117 cap.
538 5065 704 5103 xxvm
749 5048 931 5106 Genes.
966 5049 1143 5104 tribus
1189 5048 1362 5104 modis
1390 5049 1620 5103 diversis
1651 5049 1718 5102 ab
1767 5063 1832 5103 eo

271 5154 430 5207 quem
462 5137 778 5194 EuStathius
811 5139 995 5202 tradit,
1033 5147 1224 5210 purgat
1250 5156 1280 5194 a
1317 5140 1447 5194 vitio
1469 5155 1706 5195 amorem
1736 5138 1830 5194 Ja-

271 5230 393 5294 cob,
429 5237 482 5285 et
513 5231 893 5301 inculpabilem
930 5232 1127 5296 reddit,
1160 5247 1297 5302 quos
1323 5233 1466 5289 vide.

339 5322 500 5386 lbid.,
537 5323 634 5378 lin.
670 5323 756 5378 5i.
797 5323 1276 5390 Συναντήσασαν
1302 5325 1644 5394 ἠσπάσατο.
1678 5325 1832 5383 Iose-

271 5414 434 5485 phus,
489 5415 584 5468 lib.
639 5432 677 5480 ι,
709 5432 828 5486 cap.
885 5418 970 5481 l9,
1007 5416 1100 5470 ubi
1145 5416 1285 5470 hanc
1318 5419 1484 5474 refert
1514 5418 1828 5486 historiam,

271 5506 638 5576 amplexusiet
667 5507 771 5560 alia
801 5522 920 5579 quae
948 5507 1232 5582 Scriptura
1256 5519 1466 5578 narrat,
1501 5527 1610 5566 non
1639 5513 1832 5567 tribuit

266 5599 470 5678 Jacobo
514 5600 608 5654 sed
663 5598 921 5666 Racheli,
970 5603 1034 5656 Ἡ
1080 5603 1157 5669 δὲ,
1209 5603 1314 5658 ὑπὸ
1366 5605 1616 5676 μνήμης,
1674 5607 1831 5659 ὁποῖα

268 5691 411 5763 φιλεῖ
448 5693 832 5764 συντυγχάνειν
860 5695 973 5758 τοῖς
1018 5693 1176 5760 νέοις,
1212 5695 1639 5768 προπεπυσμένη
1681 5695 1831 5768 παρὰ

269 5783 596 5858 τοῦῠπατρὸς
624 5787 693 5842 τὰ
721 5775 846 5858 περὶ
877 5787 974 5858 τῆς
1015 5786 1326 5856 Ῥεϐέκκας,
1360 5789 1450 5844 καὶ
1489 5790 1614 5857 τοὺς
1657 5791 1830 5864 γονεῖς

1941 4585 2090 4640 ribus
2127 4585 2383 4641 confundi
2426 4603 2590 4657 supra
2631 4588 2928 4644 innuimus.
2976 4587 3050 4643 De
3078 4603 3142 4642 ea
3185 4589 3502 4653 Ammianus

1937 4679 2302 4743 Marcellinus,
2337 4681 2433 4736 ιιι).
2470 4697 2642 4736 xxiii:
2684 4680 2832 4736 Citra
2885 4697 3062 4734 antnes
3115 4682 3379 4750 provincia
3422 4693 3498 4735 est

1937 4772 2124 4826 nobilis
2173 4764 2411 4844 Assyria,
2447 4774 2745 4828 celebritate
2788 4782 2836 4827 et
2875 4772 3249 4842 magnitudine,
3304 4782 3414 4826 tum
3451 4783 3501 4828 et

1935 4849 2252 4934 multiformi
2293 4867 2584 4932 feracitate,
2609 4866 2970 4934 ditissintaqne
3009 4880 3099 4932 per
3131 4853 3369 4934 populos,
3405 4881 3504 4934 pa-

1933 4974 2122 5028 gosque
2146 4957 2346 5027 amplos
2377 4958 2594 5028 diffusa,
2624 4957 2882 5029 quondam
2911 4968 2958 5011 et
2989 4960 3222 5027 copiosa,
3244 4958 3312 5013 ad
3337 4975 3501 5012 unum

1934 5051 2188 5104 concessit
2209 5049 2534 5113 vocabulum,
2567 5059 2614 5104 et
2643 5067 2780 5104 nunc
2799 5052 2966 5104 omnis
2994 5052 3290 5121 appellatur
3316 5051 3497 5122 Syria.

1935 5144 2100 5197 Plura
2134 5142 2201 5197 de
2235 5158 2300 5196 ea
2349 5143 2470 5198 vide
2509 5144 2656 5212 apud
2705 5141 3051 5199 Eustathium
3106 5144 3400 5200 Comment.
3443 5145 3497 5196 in

1934 5233 2246 5304 Dionysium
2294 5232 2357 5288 de
2412 5235 2519 5288 situ
2555 5235 2715 5299 orbis,
2751 5234 3116 5290 Abrahamum
3171 5234 3492 5297 Hortelium,

1933 5334 1988 5383 et
2015 5328 2172 5380 alios.

2004 5418 2164 5483 lbid.,
2193 5418 2292 5472 lin.
2336 5417 2426 5472 46.
2463 5418 2520 5471 '0
2561 5418 2634 5472 δὲ
2675 5419 2863 5478 Ἠσαῦ
2905 5419 3213 5489 γυναῖκας.
3259 5416 3493 5482 H'elrius,

1933 5519 1987 5567 et
2015 5512 2105 5567 alii
2133 5518 2412 5575 notarunt,
2442 5508 2698 5565 Hebraios
2741 5511 2931 5566 solitos
2976 5510 3174 5565 habere
3201 5508 3355 5579 plura
3397 5523 3501 5564 no-

1933 5603 2100 5667 mina,
2143 5602 2374 5672 indeque
2425 5615 2651 5672 magnas
2699 5601 2952 5658 tenebras
3001 5599 3135 5654 oriri
3182 5603 3236 5654 in
3286 5598 3494 5657 Genet»

1933 5696 2112 5768 logiis,
2161 5695 2289 5751 dum
2336 5709 2448 5750 uno
2496 5695 2617 5751 loco
2662 5709 2853 5755 ursum.
2908 5691 3016 5746 alio
3053 5689 3200 5746 aliud
3248 5693 3496 5765 ponitur,

1933 5789 2076 5860 quod
2110 5805 2216 5844 non
2261 5786 2670 5847 considerantes
2695 5785 2915 5859 quidam
2948 5784 3242 5858 desperant
3270 5787 3339 5850 de
3359 5797 3498 5848 .con-
