4064 6290
581 344 720 401 Η)ὗὶ

1995 320 2242 391 ιρεοΝιδ
2278 316 2555 383 ALLATll

3730 303 3884 374 sese

580 460 858 516 ciliatione
884 456 1046 525 hujus
1084 446 1326 524 Cstalogi
1356 469 1480 509 eum
1515 447 1546 508 ι’
1575 436 1904 526 Paralipom.
1941 467 1980 508 ι.
2022 449 2155 517 Quae
2179 457 2232 516 Α
2254 459 2379 501 mus
2424 441 2643 514 epistol.
2684 439 2793 496 £26
2810 437 2878 494 ad
2925 434 3242 509 Evagrium,
3271 430 3698 526 Hippolytum,
3768 433 3885 489 Ire-

582 547 921 604 consuetudo
944 547 1110 600 etiam
1154 545 1210 599 in
1245 545 1570 600 mulieribus
1606 545 1865 600 oblinunt.
1896 542 2145 615 Sequen-

583 635 688 693 dus
723 637 883 706 igitur
931 633 1187 705 Cyrillus,
1234 644 1289 692 et
1333 635 1639 704 Procopius
1691 635 1783 705 qui
1830 635 2146 699 observant,

583 741 782 783 uxores
818 723 982 788 Esau,
1032 732 1088 778 et
1136 740 1325 780 earum
1364 734 1617 797 parentes
1667 726 1788 783 aliis
1836 726 2150 783 nominibus

583 818 641 873 in
675 817 871 874 Genesi
904 825 958 872 et
1005 817 1438 886 Paralipomenis
1483 818 1805 887 nuncupari.
1841 817 1971 884 Quae
2004 819 2150 873 enim

583 910 672 965 hic
699 908 903 963 dicitur
928 909 1045 964 Ada
1073 908 1181 963 tilia
1218 908 1370 964 Elom
1401 908 1628 975 llcthzei,
1657 911 1767 965 illic
1793 909 2014 966 Juditha
2045 911 2152 965 lilia

582 998 804 1062 Procri;
838 1007 893 1053 et
921 1013 1043 1068 qua:
1074 998 1180 1052 illic
1215 998 1500 1053 Basemath
1538 999 1645 1054 lilia
1689 998 1861 1066 Elom,
1889 1001 1992 1054 hoc
2032 1002 2152 1057 loco

582 1092 864 1149 Oolibama
919 1094 1026 1147 lilia
1078 1095 1285 1161 Auntn;
1317 1109 1439 1164 quae
1475 1095 1565 1149 hic
1613 1095 1898 1151 Basemath
1930 1098 2038 1152 lilia
2073 1099 2154 1155 Is-

584 1183 746 1247 mael,
773 1184 885 1238 illic
929 1182 1196 1237 Maheteth
1227 1186 1561 1238 nominatur.
1595 1184 1751 1252 Quod
1783 1187 1858 1243 ita
1888 1189 2155 1245 accidisse

583 1282 640 1329 et
671 1274 724 1327 in
759 1283 909 1344 patre
932 1275 1137 1345 Muysis
1172 1274 1400 1330 inferius
1430 1277 1761 1333 notabimus.

655 1364 772 1421 Col.
813 1365 1057 1431 765,1in.
1091 1366 1180 1420 54.
1208 1368 1310 1434 Εἰς
1342 1369 1407 1422 τὸ
1435 1370 1611 1437 Σηεὶρ
1654 1369 1808 1439 ὅρος.
1846 1368 1963 1426 Non
1989 1373 2157 1428 armis

583 1453 774 1513 Jacobi
807 1467 1050 1520 coactus,
1086 1457 1181 1512 sed
1216 1460 1288 1511 ita
1334 1458 1445 1514 Deo
1489 1471 1783 1525 annuente,
1813 1473 2004 1532 sponte
2035 1481 2154 1529 sua,

585 1559 648 1606 ut
682 1552 851 1606 libera
898 1549 1086 1606 Jacobi
1122 1554 1327 1620 posteri
1353 1554 1659 1609 Chanamna
1685 1556 2011 1623 potirentur.
2047 1557 2160 1612 Dis-

587 1648 829 1697 cesserat
879 1644 1030 1712 prius
1083 1644 1302 1715 quidem
1351 1646 1495 1700 Esau
1557 1647 1611 1700 in
1662 1646 1816 1713 Seir,
1900 1650 1995 1704 sed
2048 1665 2158 1705 non

586 1734 774 1787 animo
824 1733 981 1804 plane
1031 1736 1318 1791 deserendi
1361 1736 1756 1803 Chauauteam,
1806 1753 1976 1809 quare
2029 1754 2154 1795 cum

2252 550 2452 600 natum,
2484 534 2779 591 Eusebium
2822 531 3242 593 Caesariensem,
3278 528 3595 586 Eusebium
3634 524 3879 580 Emese-

2252 643 2405 691 nmn,
2440 626 2858 696 Apollinarium.
2884 622 3250 678 Eustathium.
3282 622 3696 692 Hieronymus
3739 614 3882 673 Tra-

2253 718 2539 772 ditionibus
2578 715 2854 773 Hebraicis
2903 716 2965 768 in
3017 710 3228 777 Geues.,
3271 727 3394 783 cap.
3426 711 3522 776 22,
3562 725 3717 765 eum
3766 723 3876 763 non

2256 811 2324 867 de
2351 826 2547 882 genere
2578 808 2742 873 Esau,
2795 809 2888 864 sed
2920 807 2987 862 de
3036 808 3205 876 stirpe
3254 804 3473 859 Nai-hor
3515 810 3874 875 generatum

2256 904 2554 967 existimat,
2593 917 2754 972 quem
2804 905 3047 971 sequitur
3105 897 3385 967 liupertns
3448 897 3554 951 lib.
3601 910 3664 949 vs
3702 896 3872 954 Com-

2258 1004 2492 1052 mentar.
2537 999 2591 1048 in
2631 992 2844 1057 Genes.,
2876 992 3116 1046 Historia
3165 988 3524 1049 Scholaslt'ca,
3582 999 3725 1056 cap.
3780 983 3869 1050 .58;

2259 1096 2313 1144 et
2344 1086 2626 1157 Philippus
2650 1087 2957 1157 presbyter,
2980 1085 3071 1155 qui
3107 1084 3268 1153 paulo
3293 1089 3412 1151 post
3444 1080 3868 1149 Hieronymum

2260 1180 2485 1248 scripsit
2518 1181 2574 1232 in
2608 1178 2750 1231 hunc
2792 1177 3137 1246 prophetam,
3177 1172 3257 1227 sic
3306 1173 3423 1226 ait:
3456 1170 3619 1225 Chus
3665 1177 3722 1223 et
3755 1166 3867 1223 Bst:

2262 1273 2362 1341 filii
2389 1272 2533 1342 fuere
2563 1269 2781 1325 Nacltor
2812 1269 2999 1338 fratris
3033 1265 3259 1321 Abraha:
3282 1266 3444 1335 juxta
3473 1264 3655 1334 ﬁdem
3694 1262 3865 1316 Cene-

2263 1382 2376 1420 seos
2408 1364 2551 1427 libri,
2578 1365 2688 1417 nati
2719 1361 2781 1416 de
2805 1360 3009 1416 Melo/ta
3047 1377 3230 1416 sorore
3269 1359 3423 1415 Sara:
3447 1374 3465 1412 :
3485 1355 3764 1423 credibile
3789 1356 3861 1411 ei-

2263 1456 2375 1510 deri
2398 1467 2560 1527 po‘est
2593 1466 2648 1509 ut
2683 1456 2737 1508 in
2762 1465 2902 1508 terra
2931 1471 3046 1525 qua;
3073 1469 3137 1508 ex
3164 1463 3440 1523 parentant
3460 1451 3695 1505 nomine
3712 1450 3857 1504 dicto

2264 1562 2361 1613 est,
2388 1553 2467 1604 vir
2496 1551 2585 1603 ille.
2619 1558 2831 1602 sanctus
2861 1547 3169 1602 habitaverit
3196 1562 3214 1599 :
3244 1554 3293 1599 et
3335 1561 3448 1598 esse
3472 1544 3643 1597 illum
3678 1544 3853 1611 potius

2264 1642 2328 1696 de
2361 1658 2542 1714 genere
2573 1639 2804 1702 Nachor,
2837 1656 2939 1693 non
2967 1638 3031 1693 de
3074 1638 3216 1691 Esau
3251 1636 3451 1706 origine
3478 1644 3845 1700 procreatum,

2267 1736 2399 1789 sicut
2422 1734 2634 1803 quidam
2676 1732 2914 1800 opinione
2940 1729 3103 1784 dubia
3132 1731 3488 1798 suspicantur.
3527 1728 3633 1781 Illi
3665 1735 3839 1781 autem

589 1833 706 1880 tota
736 1827 935 1880 familia
969 1827 1225 1884 redierat.
1275 1826 1381 1883 Sed
1411 1839 1630 1900 propter
1657 1846 1881 1902 gregum
1909 1833 2153 1887 multitu-
2185 1823 2228 1877 Β
2257 1838 2360 1881 tres
2388 1843 2528 1896 reges
2559 1825 2622 1879 de
2657 1841 2838 1895 genere
2876 1825 3086 1892 [αενωιι
3125 1822 3292 1877 Εςαῑι·
3356 1820 3418 1875 Εῑ
3467 1820 3836 1892 Hieronymus

588 1915 771 1972 dinem
802 1924 856 1972 et
900 1920 1203 1989 angustiam
1249 1935 1576 1990 pascuorum
1622 1930 1828 1977 mutata
1857 1926 2151 1993 sententia,

587 2006 881 2062 revertitur
920 2022 988 2061 eo
1047 2008 1191 2064 unde
1231 2017 1475 2065 venerat.
1518 2011 1647 2065 Vide
1689 2011 1915 2082 August.
1962 2021 2152 2082 quam.

590 2096 715 2154 “9.

658 2174 786 2245 Coi;
809 2189 932 2253 768,
980 2189 1077 2244 lin.
1109 2190 1165 2247 6.
1208 2191 1311 2246 Ἐν
1341 2186 1432 2257 οἷς
1457 2186 1538 2261 ἦν
1569 2190 1689 2246 καί.
1724 2190 2015 2263 Iosephus,
2043 2193 2158 2249 An-

589 2284 683 2354 tiq.
714 2282 808 2339 lib.
844 2297 881 2337 ll
908 2300 922 2337 ε
952 2283 1260 2355 Ἀμάληκος
1284 2282 1391 2353 γὰρ
1422 2283 1574 2348 νόθος
1602 2279 1670 2357 ἦν
1703 2285 1983 2358 παλλακῆς
2013 2286 2160 2360 αὐτῷ

587 2369 826 2442 γεγονὼς
883 2370 1144 2443 Θαμνάης
1208 2371 1398 2444 ὗνομα.
1459 2368 1619 2427 Οὗτοί
1678 2374 2004 2447 κατῴκησαν
2060 2379 2160 2449 τῆς

602 2464 905 2535 Ἰδουμαίας
955 2466 1053 2536 τὴν
1098 2465 1369 2519 Γοϐολῖτιν
1423 2465 1742 2539 λεγομένην.
1775 2470 1870 2522 καὶ
1914 2472 2014 2543 τὴν
2054 2470 2160 2525 ἀπὸ

604 2555 911 2630 Ἀμαλήκου
962 2555 1251 2629 κληθεῖσαν
1291 2557 1660 2628 Ἀμαληκῖτιν.
1705 2561 1876 2633 Πολλὴ
1921 2562 2028 2635 γὰρ
2066 2580 2160 2633 γε-

592 2651 795 2722 νομένη
825 2650 946 2703 τότε
977 2651 1014 2719 ἡ
1065 2648 1354 2721 Ἰδουμαία,
1381 2649 1502 2703 τότε
1536 2651 1713 2723 πάσης
1752 2652 1920 2724 αὐτῆς
1948 2655 2160 2708 ἀπέσω-

594 2737 689 2805 ζεν
715 2739 904 2812 ὖνομα.
937 2741 1032 2795 καὶ
1063 2744 1176 2804 τοῖς
1227 2741 1416 2813 μέρεσι
1451 2742 1549 2805 τὰς
1591 2741 1698 2797 ἀπὸ
1725 2743 1835 2798 τῶν
1863 2747 2162 2819 οἰκητόρων

593 2831 964 2907 προσηγορίας
989 2831 1295 2899 διεφύλαξε.

610 2966 615 2969 ‹
664 2923 827 2990 lhid.,
867 2924 963 2978 lin.-
1001 2923 1084 2978 l9.
1122 2925 1227 2991 Ὃς
1251 2920 1429 2993 εὗρεν
1466 2925 1537 2979 ἐν
1561 2924 1654 2997 τῇ.
1687 2924 1865 2983 Locus
1893 2928 1982 2984 hic
2012 2927 2161 2985 Seri-

594 3025 789 3087 pturae,
816 3015 881 3069 ad
926 3029 1085 3084 quem
1127 3016 1367 3084 respexit
1395 3015 1734 3084 Eustathius,
1763 3022 1912 3075 varie
1939 3037 1968 3075 a
1990 3023 2157 3079 variis

596 3106 884 3176 accipitur,
918 3121 1017 3162 nec
1059 3106 1184 3176 ejus
1209 3108 1479 3164 sententia
1524 3108 1842 3167 dilIicultate
1868 3114 2015 3171 vocis
2053 3117 2159 3171 Hc-

595 3197 798 3254 braica:
828 3197 1014 3252 haberi
1057 3206 1270 3269 potest;
1321 3201 1526 3257 relictis
1569 3210 1750 3259 tamen
1793 3203 2025 3260 aliorum
2072 3224 2161 3263 es-

596 3288 997 3360 plicationibus.
1045 3304 1166 3359 quae
1213 3291 1377 3347 nimis
1428 3293 1687 3350 audacter
1739 3293 2057 3368 Eugubinus
2109 3301 2163 3355 in

596 3381 964 3452 recOguitione
991 3381 1345 3438 Peutateuchi
1377 3399 1543 3455 super
1574 3386 1720 3442 hunc
1763 3388 1941 3444 locum
1976 3392 2162 3458 tradit,

595 3471 1021 3528 animadvertam
1056 3491 1071 3528 :
1107 3488 1229 3529 eum
1280 3483 1335 3531 et
1385 3477 1797 3549 Hieronymum,
1849 3488 1903 3537 et.
1937 3479 2160 3555 Septua-

2256 1919 2422 1974 tradit
2457 1918 2698 1988 Eiiphaz,
2758 1934 2915 1990 quem
2946 1919 3057 1970 Atla
3089 1917 3294 1988 peperit
3321 1914 3485 1979 Esau,
3527 1913 3685 1967 illum
3717 1925 3833 1968 esse

2258 2012 2415 2081 cujus
2440 2010 2682 2067 meminit
2726 2011 2841 2079 ipse
2885 2008 3007 2073 Job,
3037 2008 3182 2079 quod
3221 2009 3265 2063 si
3297 2009 3370 2062 ita
3402 2019 3508 2073 est,
3547 2023 3671 2062 cum
3697 2022 3819 2077 pro-

2256 2102 2545 2173 nepotibus
2564 2101 2790 2155 Abrahae
2813 2097 3008 2153 Jobum
3037 2100 3235 2154 vixisse
3256 2114 3483 2154 necesse
3510 2106 3612 2154 est.
3636 2099 3798 2159 Philo,

2261 2193 2482 2257 Suidas,
2525 2203 2578 2248 et
2626 2194 2987 2263 Paraphrasis
3019 2192 3309 2247 Chaldaica
3338 2208 3593 2262 generum
3626 2189 3798 2247 Jacobi

2260 2284 2467 2340 faciunt
2502 2299 2567 2340 ex
2592 2283 2728 2338 Dina
2760 2298 2949 2338 uxore.
2985 2282 3339 2354 Septuaginta
3372 2284 3571 2337 malunt
3592 2297 3702 2338 esse
3729 2297 3788 2337 es

2259 2376 2494 2447 posteris
2519 2377 2768 2440 Abrahae,
2808 2384 3063 2446 quartum
3111 2375 3181 2429 ab
3233 2373 3400 2430 Esau.
3431 2373 3703 2445 Cajetanus
3738 2374 3795 2428 in

2261 2470 2495 2539 primum
2519 2477 2681 2540 caput
2708 2467 2809 2524 Job
2837 2469 2906 2526 de
2937 2469 3107 2539 stirpe
3135 2468 3257 2538 ejus
3292 2468 3431 2523 nihil
3462 2475 3663 2525 certum
3696 2480 3807 2522 esse

2260 2560 2474 2615 statuit.

2330 2650 2494 2715 lhid.,
2529 2649 2624 2704 lin.
2664 2648 2754 2703 54.
2779 2650 2846 2702 Ol
2869 2645 2937 2701 os
2975 2648 3090 2703 υἱοὶ
3132 2648 3348 2706 Ἰακώϐ.
3378 2648 3615 2705 Justinus
3646 2648 3821 2704 histo-

2260 2743 2408 2798 ricus
2444 2742 2538 2798 lib.
2570 2757 2758 2803 xxxvn,
2792 2741 3073 2795 historiam
3123 2738 3344 2811 Josephi
3400 2741 3626 2796 breviter
3655 2753 3817 2795 enar-

2260 2847 2389 2888 rans
2419 2832 2609 2887 scribit
2632 2850 2645 2887 :
2668 2831 2769 2888 Sed
2802 2829 3057 2885 Israelem
3086 2830 3217 2900 felix
3244 2831 3408 2886 decem
3436 2832 3658 2901 filiorum
3691 2846 3818 2900 pro-

2260 2933 2438 2978 ventus
2504 2923 2796 2992 majoribus
2864 2923 2975 2976 suis
3047 2923 3329 2978 clariorem
3383 2923 3522 2993 feeit.
3582 2920 3820 2991 Namque

2258 3018 2504 3087 populum
2530 3017 2583 3071 in
2614 3016 2788 3070 decem
2821 3032 2979 3086 regna
3009 3016 3238 3070 divisum
3271 3016 3495 3071 tradidit
3525 3016 3678 3086 ﬁliis,
3705 3031 3809 3068 orno

2265 3124 2451 3178 tresque
2478 3122 2542 3161 ea:
2565 3108 2771 3160 nomine
2804 3105 2984 3171 Judw,
3014 3107 3103 3176 qui
3121 3117 3247 3184 post
3276 3109 3584 3162 divisionem
3613 3122 3817 3161 recusso.

2270 3210 2374 3265 rat,
2406 3199 2635 3255 Judwos’
2653 3200 2956 3269 appellavit;
2989 3201 3188 3270 colique
3231 3200 3343 3269 ejus
3370 3202 3679 3254 memoriam
3717 3215 3818 3252 om-

2267 3293 2418 3347 nibus
2438 3293 2619 3362 jussit.
2654 3291 2786 3361 Ejus
2824 3292 2997 3360 portio
3026 3291 3263 3346 omnibus
3297 3302 3610 3346 accesserat.
3665 3289 3813 3345 Mini-

2265 3403 2381 3440 ntus
2416 3395 2571 3439 attate
2606 3385 2741 3438 inter
2771 3384 2964 3454 fratres
2990 3383 3183 3454 Ioseph
3214 3385 3313 3454 fuit
3336 3389 3365 3438 ί
3388 3385 3541 3454 cujus
3569 3385 3811 3439 excellens

2262 3479 2526 3549 ingenium
2570 3477 2720 3530 veriti
2753 3478 2968 3544 fratres,
2999 3478 3136 3532 clam
3176 3478 3512 3546 interceptum
3547 3478 3810 3548 peregrinis

594 3560 740 3630 ginta
788 3558 1115 3632 lnterpretes
1164 3578 1195 3616 a
1244 3564 1471 3620 veritate
1530 3567 1797 3623 Hebraica
1849 3569 2166 3629 discordare
2265 3569 2639 3624 mercatoribus
2692 3569 3050 3626 rcttdiderunt.
3088 3570 3131 3622 Α
3176 3571 3362 3641 quibus
3416 3570 3724 3639 deportatus
3767 3569 3812 3622 in

594 3651 843 3708 sllirmat.
879 3651 1038 3708 Putat
1064 3654 1209 3710 enim
1237 3657 1550 3728 Hieronymi
1576 3665 1838 3728 tempore,
1866 3678 1964 3731 pro
1987 3662 2162 3718 Jemin

592 3744 740 3813 quod
791 3744 1061 3816 signiﬁcat
1106 3747 1325 3809 multos.
1381 3748 1618 3813 codices,
1672 3751 1869 3819 quibus
1903 3764 1986 3808 est
2030 3771 2163 3814 usus

593 3834 979 3905 Hieronymus,
1031 3837 1290 3893 habuisse
1339 3840 1422 3894 vel
1480 3838 1692 3910 Majim,
1745 3844 1797 3898 id
1844 3854 1926 3899 est
1969 3862 2159 3917 aquas,

592 3925 677 3979 vel
704 3917 906 3988 Jamin,
942 3925 994 3981 id
1024 3934 1108 3983 est
1140 3928 1337 3983 maria.
1366 3929 1478 3984 Cur
1519 3941 1697 3987 autem
1742 3937 1963 3991 verterit
1992 3954 2163 4010 aquas

593 4015 800 4072 calidas
834 4033 899 4071 ex
932 4018 1157 4072 Hebraeo
1185 4021 1325 4074 ratio
1358 4022 1506 4075 nulla
1545 4025 1696 4080 reddi
1729 4033 1925 4096 potest.
1960 4029 2162 4088 Deinde

594 4103 946 4171 reprehendit
994 4105 1349 4178 Septuaginta
1400 4112 1753 4182 lnterpretes,
1794 4119 1940 4188 quod
1972 4136 2158 4177 vocem

592 4188 875 4249 Ilebrmam
920 4196 1121 4265 Jemin,
1166 4202 1389 4269 perinde
1419 4206 1576 4273 quasi
1626 4217 1772 4264 esset
1805 4226 2002 4266 nomen
2044 4228 2165 4284 pro-

596 4285 773 4352 prium
797 4286 1030 4355 alicujus
1058 4287 1320 4355 hominis,
1355 4301 1414 4344 ut
1438 4300 1522 4348 est
1545 4291 1735 4361 Jacob,
1768 4305 1822 4352 et
1852 4299 2024 4364 Isaac,
2073 4302 2161 4359 hic

596 4373 939 4441 retinuerint,
963 4378 1037 4431 ita
1061 4378 1348 4436 reddentes
1372 4386 1516 4437 hunc
1546 4383 1722 4438 locum
1748 4384 1890 4442 :Iste
1916 4399 1994 4443 est
2017 4389 2155 4458 Ana,

2265 3660 2591 3733 ﬁgyptum,
2638 3677 2755 3716 cum
2803 3664 3037 3733 magicas
3083 3662 3156 3715 ibi
3201 3671 3341 3716 artes
3395 3661 3580 3716 solerti
3625 3661 3812 3732 ingenio

2262 3756 2591 3823 percepisset,
2641 3755 2780 3808 brevi
2827 3756 2928 3824 ipsi
2976 3756 3083 3826 regi
3115 3755 3401 3825 percharus
3430 3755 3552 3823 fuit.
3602 3753 3737 3808 Nam
3771 3761 3814 3806 et

2261 3846 2621 3918 prodigiorum
2675 3849 3050 3918 sagacissimus
3084 3856 3220 3911 erat,
3275 3857 3326 3902 et
3368 3848 3683 3903 somniorum
3710 3847 3812 3917 pri-

2263 3951 2378 3989 mus
2407 3936 2803 4006 intelligentiam
2828 3938 3099 4001 condidit;
3130 3936 3362 4008 nihilque
3383 3938 3544 3991 divini
3560 3939 3691 4007 juris
3720 3936 3811 3989 ltu-

2261 4029 2505 4098 manique
2531 4034 2577 4083 ei
2605 4030 2922 4100 incognitum
2963 4030 3254 4093 uidebatur,
3296 4039 3431 4094 etc.,
3475 4031 3570 4086 sed
3600 4030 3685 4086 hic
3724 4044 3811 4083 au-

2258 4128 2377 4177 ctor
2410 4122 2461 4175 in
2492 4123 2679 4191 paucis
2708 4124 2886 4179 verbis
2926 4125 3094 4178 multa
3121 4123 3382 4194 peccavit.
3418 4122 3661 4179 Fuerunt
3683 4124 3809 4180 enim

2260 4214 2353 4270 lilii
2389 4212 2557 4269 Iacob
2584 4213 2869 4270 duodecim
2916 4223 3111 4285 praeter
3140 4230 3301 4269 unam
3348 4214 3628 4271 feminam.
3675 4213 3809 4270 Miti-

2261 4319 2380 4357 mus
2416 4310 2577 4357 natus
2624 4311 2744 4358 erat
2788 4302 3093 4374 Benjamin,
3140 4320 3252 4360 non
3292 4304 3515 4376 Joseph.
3549 4305 3744 4376 Ioseph
3781 4318 3808 4358 ει

2261 4392 2481 4463 magicis
2508 4392 2718 4448 artibus
2748 4408 3045 4464 earumque
3072 4396 3253 4451 studio
3290 4397 3581 4466 plurimum
3620 4396 3807 4462 abfuit;

594 4468 687 4540 qui
711 4468 902 4525 invenit
950 4468 1135 4525 Jamiu
1181 4473 1237 4527 in
1275 4472 1500 4539 deserto,
1523 4475 1732 4546 quando
1776 4481 2018 4547 pascebat
2065 4482 2131 4553 ju
2189 4503 2232 4557 ι)
2260 4483 2355 4538 sed
2393 4484 2627 4553 Spiritus
2660 4485 2833 4540 sancti
2889 4486 3150 4557 peculiari
3187 4489 3420 4559 quadam
3455 4491 3631 4561 gratia
3661 4489 3810 4545 dona«

593 4570 771 4615 attenta
799 4562 967 4630 patris
997 4563 1116 4629 sui;
1141 4579 1280 4634 quos
1306 4574 1528 4621 secutus
1551 4565 1861 4625 Eustathius
1885 4573 2022 4627 idem
2058 4575 2160 4630 hoc

592 4650 652 4705 in
683 4651 803 4705 loco
832 4655 1094 4708 retinens.

644 4743 825 4809 ,lbid.,
872 4745 966 4799 lin.
1011 4745 1089 4800 ιϐ.
1123 4748 1262 4801 Μεθ’
1293 4747 1365 4802 ὃν
1410 4748 1619 4805 Ὶωϐἁσ.
1646 4749 1820 4807 Jobab
1857 4754 1925 4809 de
1968 4771 2077 4825 quo
2103 4757 2159 4811 fit

594 4835 685 4892 hic
705 4837 927 4903 mentio,
957 4836 1155 4894 Jobum
1191 4840 1361 4895 fuisse
1394 4842 1549 4894 multi
1580 4843 1943 4911 tradiderunt,
1976 4863 2158 4918 quam-

595 4927 678 4987 vis
706 4928 1013 4999 oppositum
1043 4930 1311 4987 aﬂirment
1332 4930 1599 5003 Lyranus,
1630 4942 1684 4990 et
1712 4932 1981 5004 Oieaster,
2005 4956 2154 4995 eum-

595 5033 702 5089 que
735 5018 907 5075 fuisse
947 5035 1054 5075 non
1106 5022 1276 5076 lilium
1325 5021 1492 5088 Esau,
1541 5032 1601 5078 ut
1650 5026 1835 5081 retulit
1873 5026 2156 5091 Aristatus,

594 5111 688 5182 qui
714 5109 1025 5169 Judeorum
1056 5112 1343 5169 historiam
1395 5118 1618 5187 scripsit
1670 5118 1814 5191 apud
1865 5119 2158 5177 Eusebium

590 5204 1114 5269 CaesariensemJib.
1148 5221 1202 5260 Ix
1230 5206 1309 5261 De
1336 5212 1718 5278 praeparatione
1752 5211 2154 5285 anngel.,cap.

596 5294 811 5361 ultim.,
849 5294 941 5351 sed
975 5310 1041 5351 ex
1094 5295 1264 5366 stirpe
1293 5304 1348 5353 et
1398 5302 1653 5370 progenie
1701 5301 1864 5367 Esau,
1911 5306 2159 5361 SCribunt

595 5388 926 5446 Athanasius
979 5388 1036 5445 in
1083 5388 1330 5460 synopsi,
1361 5388 1791 5462 Chrysostomns
1832 5394 1978 5449 hom.
2008 5393 2043 5449 2
2085 5394 2158 5451 De

594 5481 814 5549 patient.
847 5478 973 5547 Job,
1002 5482 1338 5553 Augustinus
1370 5482 1467 5539 lib.
1497 5500 1632 5539 mn
1664 5484 1741 5542 De
1789 5487 1999 5543 civitate
2038 5488 2156 5556 Dei,

595 5584 716 5643 cap.
749 5573 839 5629 47.
874 5574 1020 5632 Idem
1054 5577 1221 5632 sentit
1267 5583 1322 5631 et
1373 5575 1742 5634 Theodoretus
1769 5582 2057 5650 questiOn.
2090 5582 2161 5636 92

596 5661 655 5716 iu
680 5660 809 5720 Gen.
837 5673 893 5722 et
919 5666 1214 5739 Gregorius
1242 5668 1475 5740 Magnus
1503 5668 1659 5726 initio
1704 5671 2073 5729 Commentar.
2105 5675 2160 5728 in

592 5747 720 5809 Job.
755 5753 847 5811 llis
880 5759 1124 5828 patribus
1152 5759 1310 5828 adde,
1346 5768 1401 5817 et
1419 5776 1558 5836 quos
1585 5775 1868 5819 enumerat
1893 5765 2159 5838 Hierony-

2263 4585 2350 4632 tus
2378 4576 2469 4630 illa
2501 4578 2683 4632 omnia
2716 4578 3031 4649 perfecerat.

2333 4664 2487 4728 lhid.,
2521 4667 2614 4720 lin.
2648 4668 2738 4721 57.
2787 4666 2870 4734 Τῷ
2898 4669 3233 4739 Πενταφρῇ.
3272 4669 3534 4741 Principi,
3569 4685 3671 4726 seu
3695 4683 3809 4741 prat-

2262 4756 2402 4812 fecto
2421 4772 2744 4828 coquorum.
2779 4757 2858 4814 lta
2892 4759 3047 4816 Philo
3070 4762 3163 4818 lib.
3189 4762 3266 4817 De
3288 4760 3531 4831 .loseph.;
3559 4760 3807 4835 Josephus

2260 4849 2353 4905 lib.
2383 4866 2402 4904 ι
2427 4850 2765 4920 Antiquitat.,
2797 4853 3117 4910 Ambrosius
3142 4855 3231 4911 lib.
3265 4854 3342 4910 De
3365 4854 3604 4925 Joseplt.,
3629 4865 3689 4912 et
3714 4854 3807 4910 alii.

2258 4940 2515 4999 Nonnulli
2544 4958 2729 4999 vocem
2776 4945 3097 5003 Hebraicam
3135 4949 3442 5019 signiﬁcare
3479 4951 3807 5022 praepositum

2259 5034 2465 5090 militiae
2489 5034 2849 5092 tradiderunt.
2873 5039 2977 5093 Alii
3007 5048 3317 5112 utrumque.
3340 5044 3614 5108 Pererius,
3645 5059 3716 5100 ne
3729 5042 3809 5098 Se.

2263 5129 2538 5200 ptuaginta
2568 5129 2896 5199 lnterpretes
2924 5130 2996 5186 ita
3025 5134 3311 5189 reddentes
3334 5150 3551 5192 errasse
3579 5137 3805 5192 videren-

2260 5227 2369 5284 tur,
2402 5221 2476 5272 ait
2509 5219 2903 5292 ἀρχιμάγειρον
2934 5225 3117 5279 omnia
3170 5224 3285 5280 haec
3334 5226 3663 5297 significare.
3718 5224 3804 5281 Sed

2257 5326 2381 5366 eum
2439 5310 2725 5368 audiamus
2757 5331 2770 5363 :
2803 5313 2994 5384 Dices,
3042 5315 3181 5389 Erga
3241 5317 3586 5392 Septuaginta
3652 5320 3802 5376 Inter-

2260 5411 2426 5469 pretes
2481 5413 2725 5460 errarunt
2775 5405 2870 5460 hoc
2927 5409 3062 5472 loco,
3100 5412 3189 5480 qui
3249 5422 3511 5467 uerterunt
3561 5416 3802 5470 archima-

2259 5494 2406 5563 giro,
2462 5494 2517 5548 id
2575 5505 2686 5565 est,
2758 5499 2982 5569 principi
3040 5506 3369 5574 cuquorum.’
3434 5504 3655 5561 Minime
3684 5518 3796 5561 uero.

2262 5584 2405 5640 Nam
2462 5604 2561 5644 vos
2603 5590 2997 5664 archimagiros
3049 5599 3257 5667 proprie
3311 5599 3576 5670 significat
3619 5596 3799 5671 princi-

2262 5693 2384 5750 pem
2431 5681 2738 5737 occisorum
2784 5701 2801 5738 :
2845 5689 3224 5760 μαγειρεύειν,
3302 5692 3488 5763 quippe
3549 5691 3801 5761 interprets

2265 5769 2609 5844 Hieronymo,
2656 5774 2845 5833 Latine
2899 5789 2974 5835 est
3015 5782 3282 5840 occidere.
3346 5782 3450 5839 Sed
3500 5800 3685 5840 nomen
3729 5779 3825 5848 οὔ
