4064 6290
350 324 490 383 10Ξῦ

1332 324 1400 380 IN
1441 322 1811 382 EUSTATBII
1842 320 2317 382 HEXAEMERON
2356 324 2592 383 NOTAE.

3427 325 3594 383 ,1054

346 442 581 495 cisorum
634 432 904 512 trifariam
946 441 1129 514 potest
1181 442 1424 513 intelligi.
1480 443 1575 499 Vel
1619 446 1759 500 enim
1798 457 1916 502 sunt

2021 449 2257 516 γυναῖκα
2283 445 2420 518 ἔχων
2445 443 2533 499 διὰ
2549 444 2652 515 τὴν
2689 442 2922 499 εὔνοιαν.
2952 442 3150 499 Notum
3180 452 3266 501 est
3294 444 3437 502 inter
3471 463 3598 518 spa-

346 533 605 588 occisores
667 533 937 591 hominum
984 536 1039 591 in
1089 536 1259 601 bello,
1304 537 1484 609 quales
1532 548 1655 592 sunt
1707 538 1923 604 milites,

351 638 399 680 et
418 625 484 685 .in
514 626 650 680 hanc
686 629 1032 692 sententiam,
1076 626 1299 683 Latinus
1325 630 1576 698 interpres
1615 632 1766 685 vertit
1810 648 1929 686 ma-

348 719 516 791 gistro
551 719 817 786 militum;
852 721 930 775 vel
966 730 1091 776 sunt
1124 722 1380 777 occisores
1417 722 1687 778 hominum
1714 736 1927 795 propter

348 827 531 866 eorum
552 813 799 876 crimina,
828 822 1079 882 tanquam
1111 814 1333 885 publica:
1349 814 1576 886 iustitia!
1598 817 1922 886 administri,

348 913 698 965 exsecutores,
729 920 890 974 quam
922 907 1406 977 interpretationem
1449 910 1614 962 secuti
1655 919 1776 964 sunt
1815 909 1926 965 He-

349 992 479 1047 bra'i
508 1002 558 1047 et
591 993 749 1048 multi
785 998 848 1050 de
882 998 1081 1052 nostris
1113 1012 1275 1065 supra
1327 1000 1646 1065 memorati;
1694 1000 1771 1055 uel
1798 1011 1924 1056 sunt

349 1087 609 1141 occisores
650 1087 969 1142 animalium
998 1088 1067 1142 ad
1097 1089 1446 1157 coquendum,
1474 1099 1525 1144 et
1547 1092 1922 1149 comedendum

349 1192 407 1235 ut
441 1191 566 1236 sunt
597 1180 753 1245 lanii,
792 1192 842 1239 et
867 1183 1063 1253 coqui:
1090 1184 1176 1237 cui
1200 1187 1511 1255 expositioni
1563 1185 1739 1253 Philo,
1768 1185 1923 1241 lose—

349 1272 506 1346 phus,
541 1283 589 1326 et
619 1273 931 1329 Ambrosius
964 1276 1287 1332 institerunt.
1354 1278 1487 1335 Cum
1510 1280 1682 1351 igitur
1706 1294 1806 1333 vox
1831 1295 1922 1333 ar-

358 1365 698 1436 chimagiros,
744 1382 848 1436 qua
894 1369 977 1420 usi
1005 1378 1129 1423 sunt
1186 1367 1533 1442 Septuaginta
1579 1370 1918 1441 Interpretes,

356 1466 460 1512 tres
497 1459 628 1511 istas
655 1456 1070 1527 signiﬁcationes
1121 1471 1172 1515 et
1213 1462 1671 1534 interpretationes
1714 1466 1916 1533 capiat,

351 1548 637 1603 translatio
688 1548 1034 1621 Septuaginta
1074 1551 1430 1622 Interpretum
1464 1555 1674 1609 lectioni
1720 1565 1918 1610 nostra

351 1639 557 1696 Latina
586 1644 762 1712 aptari
790 1645 1212 1700 commodissime
1252 1655 1451 1715 potest;
1503 1649 1794 1721 praesertim
1821 1666 1920 1702 au-

2026 537 2221 593 donem
2255 545 2311 593 et
2341 535 2650 592 eunuchum
2688 535 3021 605 discrimen;
3052 537 3337 594 eunuchus
3367 539 3513 594 enim
3548 540 3596 599 is

2025 629 2252 693 dicitur,
2282 629 2375 699 qui
2406 628 2718 683 necessaria
2756 628 2824 682 ad
2857 628 3226 698 generandum
3257 639 3410 699 parte
3435 628 3599 686 dimi-

2023 726 2191 773 nutus
2219 727 2322 782 est,
2373 721 2490 773 sive
2537 717 2861 773 naturaliter
2912 717 2987 772 ita
3025 728 3325 789 prognatus
3353 719 3448 782 sit.
3482 722 3599 778 sive

2024 819 2151 864 ante
2172 809 2512 879 pubertatem
2531 811 2785 865 'excisus.
2820 806 3001 879 Spado
3031 819 3136 874 est,
3167 813 3263 881 qui
3290 811 3599 870 valetudine

2023 900 2207 971 aliqua
2253 901 2456 957 vitiove
2494 901 2742 972 corporis
2776 902 3035 973 praeditus
3068 917 3331 973 generare
3363 918 3472 957 non
3499 917 3596 972 po-

2023 1001 2151 1050 test.
2202 994 2435 1064 ldeoque
2495 995 2764 1066 spadones
2813 995 3063 1066 adepturi
3120 1006 3383 1067 possunt,
3443 997 3604 1068 post;

2021 1087 2358 1157 humumque
2383 1086 2651 1142 lneredem
2679 1089 2941 1154 scribere,
2961 1090 3198 1144 eunuchi
3236 1090 3352 1147 sive
3369 1094 3597 1150 castrati

2020 1193 2128 1233 non
2154 1188 2385 1249 possunt
2410 1197 2424 1248 ;
2455 1180 2510 1233 h'i
2542 1195 2776 1251 namque
2802 1183 3026 1235 omnino
3048 1196 3310 1252 generare
3329 1197 3437 1237 non
3469 1200 3597 1254 pos-

2023 1280 2188 1339 sunt;
2225 1272 2303 1326 illi
2343 1271 2766 1343 impedimentis,
2808 1273 3009 1343 quibus
3053 1277 3334 1345 temporali
3389 1279 3598 1333 sterili-

2021 1371 2132 1419 tate
2157 1364 2430 1426 laborant,
2457 1365 2690 1429 liberati,
2723 1373 2970 1436 possunt.
3000 1366 3114 1422 Hoc
3150 1367 3204 1422 in
3226 1369 3403 1439 legum
3433 1350 3605 1442 syno-'

2019 1456 2101 1524 psi
2129 1455 2196 1508 ad
2220 1455 2540 1511 Michaelem
2574 1456 2775 1510 Ducam
2802 1459 3007 1527 optime
3035 1460 3286 1515 versibus
3324 1464 3595 1532 expressit

2021 1547 2247 1603 Michael
2280 1547 2513 1613 Psellus,
2545 1563 2755 1615 eorum,
2785 1549 2914 1620 quia
2948 1549 3127 1605 adhuc
3160 1552 3334 1605 lucem
3372 1570 3483 1608 non
3511 1555 3597 1609 vi-

2017 1639 2234 1701 derunt.
2267 1642 2479 1711 copiam
2511 1640 2643 1695 mihi
2689 1640 2819 1695 fecit
2851 1643 2933 1696 vir
2967 1643 3292 1697 saeculorum
3332 1646 3611 1701 memoria-

351 1739 453 1786 tem
486 1750 604 1787 cum
632 1743 846 1788 sanctus
885 1733 1240 1806 Hieronymus
1268 1738 1507 1807 afﬁrmet,
1536 1739 1915 1810 archimagiros
1949 1799 1989 1810 __
2016 1733 2370 1804 dignissimus
2408 1732 2737 1789 Franciscus
2764 1733 3072 1791 Bartolinus
3106 1754 3120 1791 :

349 1841 441 1891 pro
472 1827 739 1895 magistris
768 1828 1028 1882 exercitus
1080 1829 1136 1883 in
1187 1830 1446 1900 plerisque
1502 1830 1632 1887 locis
1683 1831 1916 1887 divinam

348 1914 676 1986 Scripturam
706 1935 1135 1977 commemorare.
1166 1919 1272 1976 Sed
1298 1922 1522 1978 dubium
1549 1924 1728 1979 adhuc
1748 1941 1919 1981 rema-

348 2016 439 2060 net
469 2022 577 2063 non
622 2012 1108 2076 contemnendum,
1165 2013 1420 2084 princeps
1474 2014 1564 2070 hic
1615 2014 1916 2075 Pharaonis

345 2101 462 2157 sive
527 2100 816 2173 praefectus
877 2103 1186 2158 divinarum
1245 2105 1549 2161 litterarum
1602 2109 1917 2167 testimonio

345 2190 546 2247 dicitur
562 2193 585 2246 l‘
588 2192 734 2249 uisse
765 2195 1073 2259 eunuchus,
1098 2202 1153 2249 et
1173 2210 1236 2249 ea
1268 2207 1350 2251 est
1369 2199 1675 2253 communis
1697 2199 1917 2256 Patrum

349 2282 556 2350 Opinio,
589 2283 683 2353 qui
715 2283 768 2337 id
802 2283 918 2339 ﬁeri
950 2285 1144 2355 potuit,
1175 2294 1236 2340 ut
1265 2302 1489 2342 uxorem
1520 2288 1792 2357 habuerit,
1821 2308 1912 2347 cu-

344 2370 432 2442 ius
457 2371 597 2428 lictis
617 2374 1094 2430 criminationibus
1119 2373 1393 2446 Iosephus
1417 2378 1472 2432 in
1504 2393 1776 2437 carcerem
1802 2391 1920 2438 tru-

344 2465 513 2528 ditur,
549 2466 778 2538 vitaeque
812 2469 1047 2539 propriae
1085 2470 1391 2540 periculum
1425 2472 1591 2529 subit.
1622 2472 1798 2531 Taceo
1830 2477 1918 2531 hic

344 2552 697 2611 Hebraeorum
753 2574 948 2630 nugas,
995 2562 1087 2631 qui
1131 2576 1196 2616 eo
1235 2561 1465 2619 inscitia:
1512 2581 1827 2636 pervenere,
1858 2576 1917 2624 ut

343 2650 594 2707 dicerent
653 2653 958 2724 principem
1004 2655 1151 2711 hunc
1199 2658 1348 2712 nullo
1399 2658 1563 2715 modo
1603 2662 1914 2717 eunuchum

347 2741 537 2807 fuisse,
571 2744 667 2799 sed
692 2746 959 2816 integrum
982 2749 1238 2805 omnibus
1263 2752 1379 2806 suis
1405 2752 1663 2809 membris
1691 2770 1914 2810 uxorem

344 2835 586 2899 duxisse,
619 2852 744 2891 cum
774 2853 880 2908 qua
921 2837 1153 2895 feliciter
1189 2841 1541 2912 iucundeque
1595 2843 1761 2897 vitam
1814 2844 1918 2899 du-

345 2928 522 2983 cebat.
562 2926 757 2983 Verum
783 2931 949 3000 empti
971 2928 1195 3001 Josephi
1224 2930 1423 2986 blanda
1446 2932 1778 3003 pulchraque
1806 2934 1916 2988 l'or-

345 3033 434 3074 ma
461 3021 774 3091 pellectum,
805 3022 993 3077 nescio
1025 3022 1157 3093 quid
1180 3025 1235 3076 in
1268 3024 1445 3093 ipsum
1473 3021 1767 3094 Josephum
1799 3034 1918 3080 ten-

346 3118 512 3174 tasse,
569 3112 800 3183 ideoque
840 3114 994 3184 justo
1036 3113 1128 3170 Dei
1167 3115 1374 3185 judicio
1416 3117 1470 3170 in
1527 3132 1740 3187 plenam
1781 3122 1915 3174 tanti

343 3202 570 3257 sceleris
600 3202 866 3258 membris
915 3203 1025 3258 illis
1065 3203 1222 3273 quasi
1269 3204 1578 3258 eunuchum
1611 3202 1783 3259 fuisse
1817 3206 1920 3259 im-

340 3294 608 3365 peditum,
652 3293 885 3365 ideoque
933 3308 964 3348 a
1017 3294 1303 3365 Scriptura
1350 3295 1664 3350 eunuchum
1711 3296 1917 3360 vocari,

338 3384 558 3442 etiamsi
600 3385 830 3442 haberet
868 3401 1117 3442 uxorem.
1184 3385 1418 3453 Quidam
1472 3385 1750 3453 dixerunt,
1799 3402 1921 3441 mu-

337 3477 527 3534 lierem
564 3477 711 3532 illam
741 3495 852 3533 non
881 3478 1051 3534 fuisse
1078 3493 1326 3543 uxorem,
1361 3477 1457 3534 sed
1493 3486 1703 3533 tantum
1734 3493 1918 3532 rerum

337 3569 762 3625 domesticarum
789 3585 979 3624 curam
1021 3571 1277 3640 gessisse.
1318 3569 1571 3636 Quidam,
1608 3569 1710 3625 etsi
1743 3585 1919 3624 eunu-

340 3663 526 3725 chum,
598 3663 692 3717 illa
754 3670 934 3718 tamen
998 3663 1225 3717 muliere
1272 3672 1530 3732 tanquam
1581 3676 1751 3716 uxore
1786 3661 1919 3731 legi-

341 3756 474 3809 tima
523 3771 705 3810 usum.
765 3753 1089 3810 Theodorus
1135 3754 1338 3809 Catena
1390 3756 1445 3808 in
1487 3751 1761 3808 Genesim:
1793 3752 1918 3816 Πῶς

339 3845 593 3916 εὐνοῦχος
630 3844 704 3901 ὣν
731 3847 760 3899 6
783 3846 1179 3918 ἁρχιμάγειρος
1218 3847 1451 3914 γυναῖκα
1483 3840 1628 3915 εἷχε;
1666 3842 1917 3897 Μάλιστα

343 3939 441 4009 μὲν
475 3934 569 3993 οὖν
601 3939 696 3992 καὶ
738 3940 863 4003 τοὺς
908 3937 1197 4009 εὐνούχους
1224 3938 1473 4001 καὶτοὺς
1515 3935 1772 4007 ἐκτομίας
1813 3938 1917 4007 ὁμ-

338 4030 570 4103 ωνύμως
596 4030 852 4084 καλοῦσιν
870 4046 885 4061 ·
910 4030 1061 4084 οὐδὲν
1084 4029 1142 4082 δὲ
1167 4025 1235 4100 ἦν
1271 4028 1517 4093 ἀπεικὸς,
1546 4028 1642 4081 καὶ
1665 4026 1916 4098 εὐνοῦχον

337 4123 466 4178 ὄντα
493 4126 728 4193 γυναῖκα
761 4122 902 4194 ἔχειν
929 4125 987 4177 ὲν
1013 4125 1080 4195 τῇ
1107 4122 1282 4194 οἰκείᾳ
1313 4120 1421 4174 τῶν
1444 4120 1590 4174 ἔνδον
1622 4118 1913 4191 ἐπιμελου-

341 4215 509 4286 μένην
542 4214 902 4285 πραγμάτων.
955 4213 1226 4268 Diodorus
1264 4211 1463 4268 ibidem
1493 4226 1508 4264 :
1548 4210 1695 4275 Πῶς,
1729 4209 1913 4265 εὐνοῦο-

337 4320 432 4374 χον
460 4300 596 4358 εἶναι
629 4304 810 4377 φήσας
842 4304 935 4358 τὸν
955 4304 1262 4377 Πετεφρῆν,
1282 4306 1515 4374 γυναῖκα
1544 4302 1733 4377 τοῦτον
1760 4298 1914 4356 εἶπεν
1945 4296 1956 4307 ’

337 4396 513 4468 ἔχεως
555 4392 722 4468 Οἶμαι
745 4396 926 4450 τοίνυν
956 4395 1067 4466 ἐγὼ
1097 4376 1205 4449 τῶν
1232 4384 1326 4448 δύο
1354 4394 1415 4447 τὸ
1443 4376 1652 4465 ἓτερονέ
1678 4392 1710 4463 ἢ
1739 4390 1827 4446 διὰ
1852 4392 1911 4447 τὸ

2021 1844 2330 1921 ῌύγοῦχος
2367 1845 2618 1921 afraier
2648 1847 2895 1903 δύναται
2926 1849 3210 1921 υἱοθετεῖν
3238 1869 3337 1907 και
3377 1854 3594 1921 μόνον.

2027 1916 2204 1991 Τοῦτο
2232 1917 2342 1986 γὰρ
2371 1918 2767 1991 ἁπηςηόρευζαι
2793 1920 3167 1991 καστράτοις.
3192 1924 3287 1975 καὶ
3319 1916 3592 1991 θλιόἱαις.

2033 1986 2093 2040 '0
2117 1985 2347 2056 γάρτοι
2384 1985 2635 2043 (ratier
2671 1988 2919 2043 δύναται
2942 1985 3381 2060 ’.παιδοποιῆσαι
3417 1985 3591 2066 τάχα.

2021 2101 2193 2157 Porro
2226 2102 2527 2172 spadonum
2583 2111 2637 2160 et
2686 2104 3061 2159 cunuchorum
3104 2107 3392 2176 appellatio
3423 2108 3592 2165 inter-

2022 2194 2150 2249 dum
2198 2196 2471 2264 generalis
2517 2203 2633 2260 est,
2682 2210 2790 2266 qua
2835 2211 2997 2252 omne
3040 2213 3210 2268 genus
3255 2199 3589 2259 eviratorum

2022 2287 2354 2341 continetur.
2374 2285 2555 2353 Quare
2574 2301 2859 2356 possemus
2879 2289 3078 2352 dicere,
3096 2290 3394 2361 principem
3420 2293 3586 2358 hunc,

2021 2374 2123 2431 etsi
2153 2384 2381 2431 vocatur
2399 2377 2704 2443 eunuchus,
2733 2378 3030 2447 Spadonem
3060 2380 3248 2444 luisse,
3274 2391 3328 2436 et
3361 2396 3586 2438 uxorem

2022 2467 2247 2531 duxisse
2294 2477 2585 2539 antequam
2632 2484 2759 2539 pars
2792 2470 2884 2524 illa
2919 2473 3169 2541 corporis
3222 2471 3586 2543 l‘uneraretur,

2021 2570 2145 2616 eum
2172 2575 2278 2632 qua
2311 2570 2498 2631 postea
2544 2561 2710 2615 vitam
2742 2564 3096 2635 transigebat.
3132 2563 3375 2622 Isidorus
3409 2567 3587 2640 0rig.,

2022 2650 2097 2704 lib
2143 2666 2199 2714 ι,
2250 2649 2417 2705 tradit
2448 2650 2824 2707 cunuchorum
2863 2653 3131 2723 quosdam
3167 2656 3335 2719 coire,
3382 2657 3479 2713 sed
3509 2667 3590 2713 ta-

2021 2755 2146 2795 men
2183 2739 2437 2795 virtutem
2488 2740 2543 2795 in
2591 2742 2798 2798 semine
2847 2743 3054 2798 nullam
3105 2759 3272 2802 esse:
3311 2744 3591 2818 Liquorem

2019 2834 2157 2886 enim
2182 2832 2369 2886 habent
2414 2841 2464 2887 et
2492 2834 2757 2901 emittunt,
2812 2836 2903 2891 sed
2937 2837 3007 2891 ad
3030 2840 3343 2910 gignendum
3381 2842 3592 2897 inanem

2021 2935 2176 2997 atque
2202 2925 2519 2981 invalidum.
2566 2926 2790 2984 Possem
2834 2928 2964 2985 item
3000 2932 3137 2987 alias
3162 2933 3328 3003 hujus
3355 2936 3595 3006 explica-

2020 3018 2201 3074 tiones
2230 3018 2443 3085 afferre,
2473 3036 2611 3090 quas
2648 3021 2935 3080 brevitatis
2957 3024 3132 3095 gratia
3155 3026 3367 3081 omitto.

2090 3109 2223 3165 Ibid.
2266 3108 2388 3165 Τῶν
2416 3112 2811 3182 ἀρχιματείρῳ
2835 3113 3063 3183 Φαραώ.
3106 3114 3411 3172 Pharaonis
3435 3132 3594 3173 voca-

2022 3201 2208 3255 bulum
2250 3216 2362 3255 non
2390 3202 2561 3258 fuisse
2593 3204 2896 3274 proprium,
2938 3205 3034 3261 sed
3077 3220 3368 3264 commune
3400 3224 3589 3280 regum

2019 3295 2263 3349 omnium
2286 3291 2791 3367 Egyptiorum,qui
2825 3312 2922 3367 pro
2945 3297 3205 3369 dignitate
3232 3300 3376 3371 regis
3404 3316 3470 3355 eo
3500 3317 3581 3355 no-

2020 3387 2166 3443 mine
2202 3396 2460 3459 tanquam
2492 3389 2660 3460 regali
2700 3389 3014 3457 utebantur,
3049 3390 3506 3461 quemadmodum
3536 3402 3593 3448 et

2017 3482 2156 3551 apud
2181 3479 2455 3538 Romanos
2471 3482 2725 3553 Augusti,
2750 3481 3127 3553 imperatores,
3148 3483 3592 3542 traditEusebius

2016 3590 2085 3630 ex
2110 3575 2262 3629 libris
2291 3573 2630 3630 Manethonis
2648 3574 2946 3630 sacerdotis
2965 3574 3367 3646 Egyptiorum,
3392 3585 3448 3633 ct
3469 3593 3590 3632 rurv

2017 3676 2135 3716 sum
2175 3681 2189 3716 :
2230 3661 2452 3735 Ἀνέστη
2502 3662 2560 3716 δὲ
2603 3664 2721 3735 μετ’
2760 3662 2959 3728 αὐτὸν,
3014 3664 3308 3721 Sesostrim
3356 3668 3590 3731 scilicet,

2016 3751 2105 3806 ἐπ’
2146 3751 2451 3821 Δῖγυτπτον
2497 3751 2727 3825 Φαραὼ,
2792 3755 2822 3806 ὁ
2871 3752 2968 3808 καὶ
3040 3754 3274 3827 Ναρεχὼ
3322 3759 3590 3831 καλούμε-

2016 3862 2125 3909 νος,
2160 3846 2439 3916 κρατήσας
2472 3844 2588 3917 ἐτη,
2621 3844 2697 3909 ὥς
2729 3863 2883 3916 φασι,
2920 3847 3277 3920 πεντήκοντα.
3323 3849 3418 3905 Ἐκ
3463 3851 3587 3907 τού-

2014 3953 2110 3990 του
2151 3939 2199 3992 οί
2229 3938 2337 3992 ἀπὸ
2374 3938 2469 3992 τοῦ
2503 3939 2693 4008 γένους
2738 3939 2902 3995 αὐτοῦ
2945 3941 3308 4014 καταγόμενοι
3351 3942 3587 4015 βασιλεῖς

2014 4028 2214 4101 Φαραὼ
2276 4031 2792 4104 προσαγορεύονται.
2867 4032 2932 4087 Et
2983 4034 3278 4092 Africanus
3338 4054 3352 4091 :
3400 4038 3560 4093 Ἐπαι

2013 4120 2259 4175 νεθεῖσαν
2320 4123 2408 4187 δὲ,
2480 4140 2704 4179 uxorem
2776 4124 3028 4181 videlicet
3105 4127 3370 4196 Abrahae,
3446 4131 3587 4201 ἠγά-

2013 4228 2139 4281 γετο
2162 4211 2376 4284 Φαραώ.
2412 4213 2567 4268 Οὕτω
2595 4214 2704 4287 γὰρ
2735 4216 3022 4285 Αἰγύπτιοι
3052 4218 3177 4282 τοὺς
3212 4218 3450 4290 βασιλεῖς
3478 4220 3587 4274 ὀνο

2017 4302 2276 4375 μάζουσιν
2292 4308 2701 4378 ἑρμηνεύουσιν.
2744 4306 3069 4379 Expressius
3095 4308 3456 4383 Hieronymus
3487 4313 3584 4368 lib.

2012 4404 2068 4444 ix
2119 4388 2410 4445 Comment.
2465 4393 2522 4446 in
2571 4391 2893 4450 Ezechielem
2932 4410 2951 4449 :
3006 4393 3267 4450 Caeterum
3317 4395 3455 4450 illud
3507 4398 3588 4451 vel

338 4486 523 4543 εὔνουν
552 4487 804 4560 εὐνοῦχον
829 4488 991 4543 αὐτὸν
1016 4486 1466 4562 καταχρηστικῶς
1491 4486 1907 4559 προσειρῆσθαι,

2017 4484 2241 4538 maxime
2286 4483 2657 4551 requirendum
2698 4494 2797 4548 est,
2842 4494 3020 4539 utrum
3066 4486 3177 4556 ipse
3226 4487 3296 4540 sit
3345 4484 3582 4552 Pharao,

335 4581 371 4652 ἢ
399 4583 494 4637 καὶ
520 4581 598 4653 τῷ
621 4581 734 4635 ὄντι
753 4581 862 4635 τῶν
888 4582 1091 4654 μορίων
1118 4580 1537 4652 ὲκτετμημένων
1566 4578 1707 4651 ἔχειν
1730 4581 1786 4632 ὲν
1809 4595 1910 4648 γα-

341 4675 511 4746 μετῆς
546 4674 698 4742 τάξει
726 4675 787 4728 τὸ
813 4674 1053 4743 γύναιον,
1094 4674 1123 4728 ὃ
1149 4675 1212 4746 δὴ
1245 4673 1336 4728 καὶ
1365 4675 1451 4744 ἐφ’
1480 4673 1637 4743 ἡμῶν
1670 4671 1912 4743 ἔγνωμεν

338 4765 442 4820 ὑπὸ
483 4765 693 4819 πολλῶν
733 4764 992 4828 πολλάκις
1017 4764 1320 4835 γινόμενον.
1361 4761 1429 4818 Et
1467 4760 1822 4818 Gennadius:
1848 4763 1911 4816 El

334 4856 589 4928 εὐνοῦχος
615 4859 643 4911 6
669 4856 975 4929 Πετεφρῆς,
1000 4855 1118 4919 πῶς
1150 4855 1461 4927 εὑρίσκεται
1483 4857 1715 4923 γυναῖκα
1739 4853 1909 4925 ἔχων;

350 4948 488 5002 Ἀλλ’
525 4953 555 5004 6
596 4949 695 5021 μὲν
728 4948 898 5020 Σύρος
921 4947 1022 5019 μιᾷ
1053 4945 1395 5021 προσηγορίᾳ
1431 4946 1523 5000 τόν
1554 4962 1615 4998 τε
1643 4945 1910 5000 σπάδοντα

336 5041 432 5095 καὶ
477 5040 569 5096 τὸν
626 5041 817 5095 πιστὸν
861 5038 1033 5111 ἄνδρα
1067 5037 1217 5109 λέγει
1272 5041 1385 5102 τοῖς
1427 5037 1733 5102 δεσπόταις,
1782 5040 1811 5092 6
1853 5036 1911 5091 δὲ

346 5134 596 5207 Ἑϐραῖος
634 5133 849 5207 ἀληθῶς
872 5132 1146 5205 εὐνοῦχον,
1195 5132 1289 5187 καὶ
1313 5130 1501 5186 τοῦτον
1538 5130 1647 5185 ἀπὸ
1675 5130 1776 5203 τῆς
1819 5130 1910 5184 πίε

337 5245 530 5294 στεως,
558 5227 750 5299 ἐπειδὴ
782 5226 928 5297 φιλεί
947 5226 1009 5283 τὸ
1039 5226 1149 5280 τῶν
1189 5225 1458 5299 εὐνούχων
1488 5224 1643 5293 γένος
1676 5221 1908 5296 μάλιστα

334 5318 688 5374 πιστεύεσθαι
711 5320 779 5375 τὰ
797 5319 1098 5392 τιμιώτερα
1125 5317 1235 5372 τῶν
1264 5317 1584 5391 κτημάτων,
1617 5317 1712 5372 καὶ
1741 5314 1908 5385 αὐτὴν

332 5411 443 5466 τῶν
473 5411 737 5483 βασιλέων
764 5411 1058 5484 σωτηρίαν.
1083 5411 1194 5465 Καὶ
1224 5410 1285 5465 οὐ
1311 5409 1642 5480 θαυμαστὸν,
1677 5409 1811 5463 ὅπου
1843 5425 1907 5477 γε

345 5503 619 5576 Ἁϐραάμ,
652 5505 748 5558 καὶ
775 5505 980 5569 Ἰσαὰκ,
1009 5505 1101 5558 καὶ
1136 5499 1332 5557 Ἰακὼϐ
1362 5502 1588 5575 χριστοί.
1615 5502 1707 5574 Μὴ
1736 5501 1905 5556 ἄπτε-

334 5597 460 5653 σθαι
488 5599 599 5669 γάρ
625 5614 758 5670 φησι
778 5596 887 5652 τῶν
910 5594 1149 5668 χριστῶν
1182 5611 1304 5668 μου.
1333 5596 1561 5665 Λέγεται
1586 5595 1645 5650 δὲ
1670 5596 1764 5649 καὶ
1794 5594 1905 5649 Κύ-

336 5702 428 5761 ρος
456 5692 486 5745 6
518 5688 736 5763 Πέρσης
766 5688 1003 5762 χριστός.
1030 5687 1219 5752 Οὕτως
1255 5688 1362 5760 ἄρα
1392 5687 1486 5742 καὶ
1510 5687 1610 5760 τὴν
1639 5685 1736 5741 τοῦ
1761 5686 1902 5742 σπά-

330 5780 575 5846 δοντοςνὸ
623 5782 1015 5855 ἀρχιμάγειρος
1053 5780 1424 5853 προσηγορίαν
1477 5779 1601 5852 ἔσχε
1640 5780 1734 5835 καὶ
1779 5780 1900 5834 τότε

653 5880 928 5941 Parnm"
971 5877 1091 5940 Gn.
1161 5877 1379 5944 XVI“.

2012 4575 2101 4645 qui
2136 4575 2191 4628 in
2224 4573 2432 4639 Exodo,
2469 4583 2518 4629 et
2551 4572 2723 4638 Isaia,
2759 4588 2807 4631 et
2848 4575 3080 4632 Ieremia
3118 4587 3169 4632 et
3205 4575 3499 4639 Ezechiele.
3533 4589 3586 4636 et

2012 4666 2067 4720 in
2095 4665 2329 4722 Canticis
2363 4666 2554 4721 cantio.
2597 4668 2923 4731 nominatur,
2955 4684 3022 4721 an
3053 4668 3193 4723 alius
3219 4678 3374 4739 atque
3408 4668 3583 4733 alius;

2012 4757 2217 4812 videtur
2247 4756 2375 4810 mihi
2405 4772 2508 4812 non
2540 4773 2652 4812 esse
2683 4774 2840 4813 unus.
2872 4757 2974 4814 Sed
3006 4758 3144 4828 apud
3181 4757 3463 4830 Egyptios
3489 4759 3586 4815 hoc

2011 4848 2264 4903 uocabulo
2311 4847 2668 4905 demonstrari
2716 4849 2918 4921 regiam
2967 4850 3297 4922 dignitatem,
3345 4853 3487 4907 sicut
3532 4863 3584 4907 ct

2012 4943 2150 5011 apud
2180 4940 2445 4998 Romanos
2474 4943 2712 4999 Ctesares
2751 4955 2800 4998 et
2840 4945 3068 5016 Augusti
3107 4945 3442 5015 appellantur
3489 4964 3584 5001 eo-

2009 5051 2128 5090 rum
2154 5036 2496 5107 imperatores
2531 5053 2566 5091 α
2610 5037 2780 5106 primo
2828 5036 2961 5093 Caio
3008 5035 3242 5105 Cesare,
3287 5052 3418 5095 etwa
3464 5041 3581 5111 ﬁlio

2008 5127 2123 5196 ejus
2153 5125 2397 5197 adoptiuo
2427 5125 2740 5193 Octaviano,
2761 5129 2851 5197 qui
2878 5137 3062 5197 postea
3089 5131 3357 5199 Augustus
3385 5140 3463 5184 est
3491 5146 3582 5184 no-

2010 5219 2278 5283 minatus;
2303 5218 2743 5290 quemadmodum
2768 5223 2930 5275 etiam
2954 5221 3093 5291 apud
3117 5219 3280 5293 Syros
3310 5222 3579 5293 Antiochi,

2009 5309 2151 5380 apud
2186 5310 2416 5366 Parthos
2437 5312 2733 5376 Arsacidae,
2768 5313 2906 5384 apud
2941 5312 3258 5386 Philistgam
3286 5314 3576 5377 Abimelec,

2005 5413 2057 5457 et
2081 5411 2200 5472 post
2221 5401 2585 5459 Alexandrum
2612 5405 2669 5460 in
2694 5403 2929 5480 Egypto
2961 5423 3102 5480 reges
3125 5406 3435 5462 dicebantur
3460 5406 3584 5464 Pto-

2005 5495 2179 5551 lemaei
2205 5511 2367 5567 usque
2394 5496 2463 5551 ad
2491 5495 2850 5568 Cleopatram,
2878 5516 2984 5572 qua
3018 5502 3157 5555 uicta
3191 5497 3336 5570 apud
3369 5500 3581 5556 Actium

2006 5587 2277 5660 xigyptus
2314 5588 2558 5646 Romana
2581 5601 2660 5647 est
2688 5592 2834 5663 facta
2872 5593 3160 5664 provincia.
3189 5591 3332 5663 Ergo
3356 5594 3412 5648 in
3448 5608 3580 5664 pra-

2004 5683 2296 5738 sentiarum
2339 5682 2589 5740 adversus
2626 5701 2789 5745 unum
2832 5684 3109 5756 quemlibet
3145 5700 3319 5758 regem
3356 5685 3580 5760 ﬁggpti

2004 5790 2177 5832 sermo
2222 5775 2286 5846 ﬁt
2329 5774 2563 5833 Domini.
2597 5777 2991 5848 Appellationis
3020 5777 3188 5851 hujus
3234 5795 3460 5840 causam
3504 5782 3587 5842 ita

3233 5877 3312 5939 33
