4064 6290
361 322 500 380 1⁷0Ξῦ

1343 323 1411 377 IN
1452 321 1821 380 EUSTATHII
1853 322 2327 379 HEXAEMERON
2368 322 2601 380 NOTAE.

3438 363 3442 372 .
3465 323 3604 380 1034

357 439 591 492 cisorum
647 430 915 509 trifariam
957 440 1140 510 potest
1192 441 1434 511 intelligi.
1492 441 1586 497 Vel
1630 445 1768 498 enim
1809 454 1927 498 sunt

2033 447 2268 513 γυναῖκα
2294 443 2430 515 ἔχων
2456 442 2543 496 διὰ
2560 443 2662 513 τὴν
2701 440 2932 496 εὔνοιαν.
2964 439 3162 496 Notum
3191 452 3275 498 est
3305 443 3446 500 inter
3481 462 3608 516 spa-

357 531 615 585 occisores
679 531 948 589 hominum
996 534 1050 588 in
1101 534 1270 598 bello,
1315 535 1494 606 quales
1543 546 1665 589 sunt
1719 537 1934 602 milites,

362 637 409 678 et
430 623 495 681 .in
525 624 661 677 hanc
697 628 1006 679 sententiam
1028 665 1042 689 ,
1088 625 1309 680 Latinus
1337 628 1586 695 interpres
1626 630 1777 682 vertit
1822 647 1939 684 ma-

359 717 526 788 gistro
562 716 828 782 militum;
864 719 940 772 vel
978 727 1101 773 sunt
1135 720 1389 774 occisores
1429 721 1697 776 hominum
1725 735 1936 792 propter

359 825 541 864 eorum
563 811 809 872 crimina,
839 820 1090 879 tanquam
1122 812 1342 882 publica:
1360 813 1585 883 justitiae
1609 815 1932 883 administri,

358 910 708 962 exsecutores,
741 919 900 972 quam
935 905 1416 974 interpretationem
1461 909 1625 960 secuti
1666 917 1787 961 sunt
1826 907 1936 962 lle-

360 990 489 1044 bra'i
519 999 568 1044 et
603 991 758 1045 multi
797 996 860 1047 de
894 997 1090 1050 nostris
1123 1010 1284 1062 supra
1338 998 1656 1062 memorati;
1705 999 1782 1053 vel
1811 1010 1935 1054 sunt
1990 1057 1992 1059 ,

360 1085 620 1138 occisores
661 1085 979 1139 animalium
1009 1086 1077 1139 ad
1108 1089 1456 1155 coquendum,
1485 1097 1535 1142 et
1558 1091 1932 1146 comedendum

360 1189 417 1232 ut
453 1189 575 1233 sunt
609 1179 764 1242 lanii,
803 1190 852 1236 et
879 1181 1030 1250 coqui
1056 1197 1073 1234 :
1101 1183 1185 1235 cui
1211 1186 1520 1252 expositioni
1573 1184 1749 1250 Philo,
1780 1183 1934 1239 lose,

361 1270 516 1343 phus,
551 1281 600 1324 et
630 1271 942 1326 Ambrosius
976 1273 1296 1330 institerunt.
1365 1277 1496 1332 Cum
1529 1279 1692 1348 igitur
1718 1293 1816 1331 vox
1842 1294 1932 1330 ar-

370 1363 709 1434 chimagiros.
755 1381 858 1433 qua
906 1367 988 1417 usi
1016 1376 1139 1420 sunt
1195 1365 1543 1440 Septuaginta
1589 1368 1928 1438 Interpretes,

368 1463 471 1509 tres
509 1457 638 1509 istas
667 1454 1080 1524 significationes
1131 1469 1182 1512 et
1223 1461 1681 1531 interpretationes
1725 1464 1926 1531 capiat,

363 1547 646 1601 translatio
699 1546 1044 1619 Septuaginta
1085 1549 1439 1619 Inter-pratum
1475 1553 1685 1606 lectioni
1731 1564 1929 1607 nostra:

362 1637 568 1694 Latinae
598 1642 772 1709 aptari
801 1643 1222 1697 commodissime
1263 1653 1462 1713 potest;
1514 1647 1805 1715 praesertim
1832 1665 1930 1700 au-

363 1737 465 1784 tem
498 1748 615 1784 cum
644 1741 857 1785 sanctus
897 1731 1250 1803 Hieronymus
1279 1736 1517 1804 a/ﬁrmet,
1547 1737 1926 1808 archimagiros

360 1839 452 1888 pro
484 1825 748 1892 magistris
780 1827 1039 1878 exercitus
1092 1827 1146 1880 in
1197 1828 1456 1897 plerisque
1513 1829 1642 1884 locis
1694 1830 1926 1884 divinam

359 1912 686 1983 Scripturam
717 1933 1144 1974 commemorare.
1177 1917 1282 1974 Sed
1309 1921 1532 1976 dubium
1560 1923 1737 1977 adhuc
1760 1939 1929 1979 rema-

361 2014 451 2058 net
481 2021 588 2060 non
634 2010 1118 2074 contemnendum,
1176 2011 1430 2081 princeps
1485 2012 1574 2067 hic
1625 2013 1926 2073 Pharaonis

357 2101 472 2155 sive
538 2099 826 2170 praefectus
888 2101 1215 2171 divinarum,
1256 2103 1559 2158 litterarum
1613 2107 1926 2164 testimonio

357 2189 744 2247 diciturluisse
777 2193 1083 2256 eunuchus,
1109 2201 1163 2246 et
1183 2208 1246 2246 ea
1278 2204 1359 2248 est
1379 2197 1684 2250 communis
1707 2197 1927 2253 Patrum

360 2281 566 2348 Opinio,
600 2282 692 2350 qui
726 2282 778 2334 id
813 2282 928 2336 ﬁeri
960 2283 1153 2352 potuit,
1186 2292 1244 2337 ut
1275 2300 1499 2339 uxorem
1530 2287 1802 2353 habuerit,
1831 2306 1921 2344 cu~

356 2369 442 2440 ius
467 2371 606 2426 [ictis
627 2373 1104 2427 criminationibus
1129 2371 1402 2444 Josephus
1427 2377 1482 2430 in
1514 2391 1785 2434 carcerem
1813 2389 1929 2435 tru—

355 2464 522 2526 ditur,
559 2465 787 2535 vitaeque
822 2467 1056 2536 propriae
1096 2469 1401 2537 periculum
1435 2470 1600 2526 subit.
1632 2470 1807 2528 Taceo
1840 2474 1927 2528 hic

355 2551 706 2608 Hebraeorum
762 2572 957 2626 nugas,
1005 2559 1096 2628 qui
1141 2573 1206 2614 eo
1245 2559 1475 2616 inscitiae
1523 2579 1837 2632 pervenere,
1868 2574 1926 2621 ut

355 2649 603 2705 dicerent
664 2651 967 2720 principem
1013 2653 1160 2708 hunc
1209 2656 1358 2709 nullo
1411 2656 1572 2711 modo
1614 2659 1923 2714 eunuchum

358 2739 546 2804 fuisse,
582 2742 676 2796 sed
703 2744 968 2813 integrum
992 2747 1248 2802 omnibus
1274 2749 1389 2803 suis
1415 2750 1673 2806 membris
1701 2768 1924 2808 uxorem

355 2833 596 2896 duxisse,
630 2849 754 2888 cum
785 2851 890 2905 qua
932 2835 1163 2892 feliciter
1199 2839 1550 2910 jucundeque
1606 2842 1770 2894 vitam
1825 2842 1928 2896 du-

356 2925 532 2980 cebat.
572 2924 767 2980 Verum
794 2929 958 2997 empti
982 2925 1204 2998 Josephi
1235 2929 1430 2984 blanda
1456 2930 1788 3001 pulchraque
1817 2932 1926 2985 l‘or-

357 3031 444 3070 ma
473 3019 784 3088 pellectum,
816 3020 1004 3074 nescio
1035 3020 1166 3090 quid
1192 3023 1245 3074 in
1278 3022 1455 3090 ipsum
1484 3019 1777 3092 Josephum
1810 3032 1928 3078 ten-

357 3116 522 3172 tasse,
581 3110 810 3180 ideoque
851 3112 1004 3181 justo
1047 3112 1138 3167 Dei
1178 3113 1384 3181 judicio
1427 3115 1480 3168 in
1538 3131 1750 3184 poenam
1792 3120 1924 3172 tanti

355 3201 580 3254 sceleris
612 3201 876 3255 membris
927 3201 1035 3256 illis
1076 3200 1232 3270 quasi
1280 3201 1588 3255 eunuchum
1622 3201 1793 3257 fuisse
1828 3203 1930 3256 imo

353 3292 619 3362 peditum,
664 3291 895 3362 ideoque
944 3306 974 3345 a
1029 3293 1313 3362 Scriptura
1360 3293 1674 3346 eunuchum
1721 3294 1927 3358 vocari,

352 3382 569 3439 etiamsi
612 3383 840 3438 haberet
879 3399 1128 3439 uxorem.
1195 3383 1429 3450 Quidam
1483 3383 1760 3449 dixerunt,
1810 3400 1931 3438 mu-

352 3475 538 3530 lierem
576 3475 721 3529 illam
753 3493 863 3530 non
892 3476 1062 3531 fuisse
1089 3491 1336 3539 uxorem,
1372 3475 1467 3531 sed
1503 3485 1713 3530 tantum
1745 3491 1928 3530 rerum

350 3567 772 3622 domesticarum
801 3583 989 3620 curam
1032 3569 1287 3637 gessisse.
1329 3567 1582 3633 Quidam,
1619 3566 1720 3622 etsi
1755 3583 1929 3622 eunu-

351 3661 537 3723 chum,
610 3661 702 3714 illa
765 3668 944 3715 tamen
1009 3661 1235 3714 muliere
1284 3671 1540 3729 tanquam
1593 3673 1761 3713 uxore
1797 3659 1930 3728 legi-

351 3755 485 3807 tima
534 3769 715 3808 usum.
776 3752 1099 3808 Theodorus
1145 3752 1348 3807 Catena
1401 3754 1454 3805 in
1497 3749 1770 3805 Genesim:
1803 3750 1928 3812 Πῶς

347 3844 604 3915 εὐνοῦχος
641 3843 714 3899 ῶν
742 3845 770 3897 ὁ
793 3845 1188 3916 ἀρχιμάγειρος
1228 3845 1460 3913 γυναῖκα
1493 3838 1638 3912 εἷχε;
1677 3840 1927 3894 Μάλιστα

353 3938 451 4008 μὲν
485 3933 578 3992 οὖν
611 3939 705 3991 καὶ
748 3939 872 4001 τούς
917 3936 1206 4006 εὐνούχους
1235 3936 1328 3990 καὶ
1358 3937 1482 3998 τοὺς
1525 3933 1781 4005 ἐκτομίας
1823 3936 1926 4004 ὁμ-

348 4030 580 4102 ωνύμως
607 4029 861 4083 καλοῦσιν
880 4045 894 4059 ⁵
920 4029 1069 4082 οὐδὲν
1094 4028 1150 4080 δὲ
1177 4023 1244 4098 ἦν
1281 4027 1526 4091 ἀπεικὸς,
1557 4027 1650 4079 καὶ
1675 4025 1925 4095 εὐνοῦχον

347 4123 476 4176 ὅντα
505 4126 737 4192 γυναῖκα
772 4121 911 4192 ἔχειν
940 4124 996 4174 ὲν
1024 4123 1090 4192 τῇ
1117 4120 1291 4192 οἰκείᾳ
1323 4118 1431 4172 τῶν
1455 4118 1600 4172 ἔνδον
1633 4117 1923 4188 ἐπιμελου-

352 4214 520 4284 μένην
553 4213 912 4284 πραγμάτων.
966 4211 1237 4266 Diodorus
1274 4210 1473 4265 ibidem
1503 4225 1518 4262 ε
1560 4208 1704 4272 Πῶς,
1739 4208 1922 4262 εὐνοῦο-

349 4319 442 4372 χον
471 4299 607 4356 εἶναι
641 4303 821 4374 φήσας
853 4304 946 4356 τὸν
968 4302 1273 4374 Πετεφρῆν,
1293 4304 1524 4372 γυναῖκα
1555 4299 1743 4354 τοῦτον
1771 4296 1923 4353 εἶπεν
1955 4293 1966 4305 ’

348 4395 524 4466 ἔχεινς
566 4391 733 4466 Οἶμαι
757 4395 938 4447 τοίνυν
969 4393 1079 4463 ἐγὼ
1109 4393 1216 4446 τῶν
1244 4392 1336 4446 δύο
1365 4393 1425 4444 τὸ
1454 4376 1661 4463 ἕτερον,
1688 4390 1721 4461 ἢ
1749 4388 1836 4444 διὰ
1862 4390 1921 4444 τὸ

2037 535 2231 590 donem
2265 543 2321 590 et
2352 534 2661 589 eunuchqu
2699 533 3032 602 discrimen;
3063 536 3347 591 eunuchus
3378 551 3523 591 enim
3559 539 3606 596 is

2035 627 2262 691 dicitur,
2292 627 2385 696 qui
2417 626 2728 680 necessaria
2768 625 2834 680 ad
2869 627 3236 695 generandum
3268 637 3420 697 parte
3445 627 3608 684 dimi-

2033 724 2202 770 nutus
2229 725 2332 779 est,
2385 720 2500 770 sive
2548 715 2872 770 naturaliter
2924 715 2998 769 ita
3037 727 3334 786 prognatus
3364 717 3458 780 sit,
3493 720 3608 775 sive

2034 817 2161 862 ante
2183 808 2522 877 pubertatem
2541 809 2796 862 'excisus.
2831 805 3012 877 Spado
3043 817 3146 871 est,
3179 810 3272 879 qui
3301 810 3609 868 valetudine

2034 899 2216 968 aliqua
2264 900 2466 955 vitiove
2504 900 2752 969 corporis
2786 901 3046 970 praeditus
3079 915 3340 971 generare
3375 916 3482 954 non
3510 916 3606 970 po-

2035 1000 2161 1048 test.
2211 992 2444 1061 ldeoque
2505 993 2774 1063 spadones
2824 993 3072 1063 adepturi
3131 1005 3392 1065 possunt,
3453 1005 3606 1065 post-

2032 1085 2368 1155 humumque
2393 1085 2660 1140 hazredem
2690 1087 2950 1151 scribere.
2971 1088 3208 1142 eunuchi
3247 1087 3361 1144 sive
3380 1093 3606 1147 castrati

2031 1192 2137 1231 non
2164 1186 2394 1247 pos~zunt
2421 1195 2434 1245 ;
2466 1178 2520 1231 h‘i
2553 1193 2786 1248 namque
2813 1181 3036 1233 omnino
3059 1195 3320 1249 generare
3340 1195 3446 1234 non
3479 1198 3606 1252 pos-

2034 1279 2198 1337 sunt;
2235 1270 2313 1324 illi
2354 1270 2776 1341 impedimentis,
2818 1272 3019 1340 quibus
3065 1275 3344 1343 temporali
3399 1277 3608 1330 sterili-

2032 1370 2142 1417 tate
2168 1362 2439 1424 laborant,
2467 1363 2700 1426 liberati,
2735 1373 2980 1434 possunt.
3010 1364 3124 1419 Hoc
3161 1366 3213 1419 in
3237 1367 3412 1436 legum
3443 1348 3615 1440 syno—l

2029 1455 2111 1522 psi
2140 1453 2206 1506 ad
2231 1454 2549 1509 Micbaclem
2584 1455 2785 1508 Ducam
2813 1457 3016 1525 optime
3046 1458 3296 1513 versibus
3334 1462 3605 1529 expressit

2031 1546 2258 1601 Michael
2291 1545 2522 1611 Psellus,
2555 1562 2766 1612 eorum,
2796 1547 2924 1617 quia
2959 1547 3137 1603 adhuc
3171 1551 3343 1603 lucem
3383 1568 3492 1606 non
3522 1553 3606 1606 vi-

2028 1638 2243 1698 derunt.
2277 1640 2488 1708 copiam
2523 1639 2653 1692 mihi
2700 1639 2829 1693 fecit
2862 1641 2943 1694 vir
2978 1642 3302 1695 smculorum
3343 1644 3620 1698 memoria-

2027 1733 2380 1802 dignissimus
2419 1730 2746 1787 Franciscus
2775 1732 3083 1789 Bartolinus
3116 1753 3130 1788 :

2031 1842 2339 1918 Εὺγοῦχος
2377 1843 2628 1918 (racide
2657 1845 2905 1900 δύναται
2937 1847 3220 1918 υἱοθετεῖν
3249 1868 3346 1904 και
3388 1852 3604 1918 μόνον.

2038 1913 2214 1988 Τοῦτο
2243 1915 2351 1983 γὰρ
2382 1916 2776 1988 ιὶπηχόρευται
2803 1917 3177 1985 καστράτοις,
3203 1921 3297 1972 καὶ
3329 1913 3602 1988 θλιὸίαις.

2043 1984 2103 2037 '0
2128 1983 2239 2053 γάρ
2267 2001 2356 2038 τοι
2394 1985 2644 2039 σπάδων
2681 1986 2928 2040 δύναται
2953 1983 3390 2058 ’παιδοποιῆσαι
3428 1983 3601 2064 nixa.

2031 2099 2202 2154 Porro
2237 2100 2536 2169 spadonum
2593 2109 2645 2157 et
2695 2102 3070 2156 cunuchorum
3114 2105 3402 2173 appellatio
3433 2106 3602 2162 inter-

2032 2192 2160 2247 dum
2208 2193 2480 2262 generalis
2527 2201 2642 2257 est,
2693 2208 2799 2264 qua
2845 2210 3006 2249 omne
3050 2212 3218 2265 genus
3265 2198 3599 2256 eviratorum

2032 2285 2363 2338 continetur.
2383 2283 2564 2350 Quare
2583 2300 2868 2353 possemus
2889 2287 3088 2349 dicere,
3107 2288 3402 2358 principem
3431 2291 3596 2356 hunc,

2031 2373 2133 2428 etsi
2164 2383 2390 2428 vocatur
2409 2375 2714 2440 eunuchus,
2743 2376 3039 2445 Spadonem
3069 2377 3258 2441 fuisse,
3284 2389 3337 2433 et
3371 2394 3594 2434 uxorem

2032 2465 2256 2527 duxisse
2305 2475 2593 2536 antequam
2642 2483 2769 2536 pars
2803 2468 2893 2521 illa
2929 2471 3179 2538 corporis
3233 2469 3595 2540 funeraretur,

2031 2569 2154 2613 eum
2183 2574 2286 2629 qua
2321 2569 2508 2629 postea
2553 2559 2719 2612 vitam
2753 2561 3106 2632 transigebat.
3142 2561 3384 2620 Isidorus
3418 2565 3596 2638 Θήῃ..

2032 2649 2107 2701 lib
2154 2665 2208 2712 ι,
2259 2648 2425 2702 tradit
2458 2649 2834 2704 cunuchorum
2873 2652 3140 2721 quosdam
3177 2654 3344 2717 coire,
3391 2655 3488 2710 sed
3519 2665 3600 2710 ta-

2031 2754 2155 2792 men
2194 2738 2446 2792 virtutem
2497 2739 2553 2792 in
2602 2741 2808 2796 semine
2859 2741 3064 2796 nullam
3115 2758 3282 2800 esse:
3321 2743 3601 2816 Liquorem

2030 2833 2166 2883 enim
2193 2830 2378 2884 habent
2424 2840 2473 2884 et
2503 2833 2767 2898 emittunt,
2822 2835 2914 2888 sed
2947 2835 3016 2889 ad
3040 2837 3352 2907 gignendum
3391 2840 3601 2894 inanem

2032 2933 2185 2994 atque
2213 2923 2528 2979 invalidum.
2576 2924 2800 2982 Possem
2845 2926 2974 2983 item
3011 2931 3146 2985 alias
3173 2931 3337 3000 hujus
3365 2934 3604 3003 explica-

2031 3017 2210 3071 tiones
2240 3016 2453 3081 alTerre,
2484 3034 2620 3088 quas
2659 3019 2945 3078 brevitatis
2968 3023 3141 3092 gratia
3165 3025 3377 3078 omitto.

2101 3107 2233 3162 Ibid.
2276 3107 2398 3162 Τῶν
2427 3110 2820 3180 ἀρχιμαγείρῳ
2845 3111 3072 3180 Φαραώ.
3117 3112 3420 3170 Pharaonis
3445 3131 3603 3170 voca-

2033 3198 2217 3252 bulum
2262 3215 2371 3252 non
2401 3200 2571 3254 fuisse
2603 3202 2906 3272 proprium,
2949 3203 3044 3258 sed
3087 3218 3377 3262 commune
3411 3223 3598 3277 regum

2030 3293 2273 3346 omnium
2296 3289 2800 3363 [Egyptian-umqui
2835 3310 2932 3364 pro
2955 3294 3214 3365 dignitate
3241 3299 3384 3368 regis
3414 3315 3479 3352 eo
3510 3315 3590 3353 no

2030 3385 2176 3440 mine
2213 3393 2468 3456 tanquam
2501 3387 2669 3457 regali
2711 3387 3023 3454 utebantur,
3059 3388 3515 3458 quemadmodum
3546 3399 3602 3445 et

2028 3480 2166 3548 apud
2190 3478 2465 3535 Romanos
2481 3479 2734 3550 Augusti,
2760 3479 3136 3550 imperatores,
3157 3481 3320 3536 tradit
3335 3482 3601 3539 Eusebius

2027 3588 2094 3628 ex
2120 3573 2272 3626 libris
2301 3571 2640 3627 Manethonis
2658 3572 2956 3627 sacerdotis
2975 3572 3376 3644 Aﬂgyptiorum,
3401 3583 3457 3630 et
3478 3591 3599 3630 rurv

2027 3674 2145 3713 sum
2186 3679 2199 3714 :
2240 3659 2461 3732 Ἀνέστη
2512 3661 2568 3713 δὲ
2613 3662 2729 3732 μετ’
2770 3661 2968 3724 αὐτὸν,
3024 3662 3317 3719 Sesostrim
3366 3666 3598 3729 scilicet,

2027 3749 2115 3803 ἐπ’
2157 3749 2461 3818 Αῖγυτπτον
2507 3749 2736 3822 Φαραὼ,
2803 3753 2832 3804 ὁ
2881 3751 2977 3806 καὶ
3049 3753 3282 3824 Ναρεχὼ
3332 3756 3600 3829 καλούμε-

2026 3859 2135 3906 νος,
2170 3844 2448 3913 κρατήσας
2482 3842 2598 3914 ἔτη,
2631 3842 2706 3906 ῶς
2739 3861 2892 3914 φασι,
2931 3846 3286 3918 πεντήκοντα.
3334 3848 3427 3902 Ἐκ
3473 3850 3596 3905 τού-

2025 3952 2119 3988 του
2162 3937 2209 3989 οἱ
2239 3936 2346 3989 ἀπὸ
2385 3936 2478 3989 τοῦ
2513 3937 2702 4006 γένους
2749 3937 2912 3992 αὐτοῦ
2955 3939 3316 4012 καταγόμενοι
3361 3941 3596 4013 βασιλεῖς

2025 4027 2223 4098 Φαραὼ
2286 4029 2802 4101 προσαγορεύονται.
2878 4031 2942 4084 Et
2995 4032 3287 4088 Africanus
3348 4053 3361 4089 :
3410 4037 3570 4091 Ἐπαι

2023 4119 2268 4172 νεθεῖσαν
2330 4121 2418 4184 δὲ,
2490 4138 2714 4176 uxorem
2786 4123 3038 4179 videlicet
3117 4125 3379 4193 Abrahae,
3457 4129 3597 4198 ἠγά-

2023 4227 2148 4278 γετο
2173 4209 2386 4282 Φαραώ.
2423 4211 2576 4265 Οὕτω
2606 4213 2713 4284 γάρ
2746 4214 3032 4282 Αἰγύπτιοι
3063 4216 3186 4280 τούς
3223 4216 3459 4286 βασιλεῖς
3488 4217 3580 4271 ὀνο

2027 4301 2286 4372 μάζουσιν
2302 4306 2711 4376 ἑρμηνεύουσιν.
2755 4305 3078 4376 Expressius
3106 4307 3466 4381 Hieronymus
3497 4311 3593 4366 lib.

2023 4402 2078 4441 ix
2129 4387 2420 4443 Comment.
2476 4392 2532 4443 in
2582 4389 2960 4448 Ezechielem:
3016 4391 3276 4448 Caeterum
3328 4394 3464 4448 illud
3517 4396 3596 4449 vel

349 4485 534 4540 εὖνουν
563 4485 815 4557 εὐνοῦχον
841 4486 1002 4540 αὐτὸν
1028 4484 1477 4559 καταχρηστικῶς
1502 4483 1917 4557 προσειρῆσθαι,

2027 4482 2251 4535 maxime
2297 4481 2666 4549 requirendum
2709 4493 2807 4546 est,
2853 4493 3030 4536 utrum
3077 4484 3187 4553 ipse
3235 4485 3306 4538 sit
3354 4483 3590 4549 Pharao,

346 4579 381 4649 ἢ
411 4581 504 4633 καὶ
531 4579 608 4650 τῷ
632 4579 744 4633 ὄντι
764 4579 873 4632 τῶν
900 4580 1103 4651 μορίων
1130 4579 1548 4651 ὲκτετμημένων
1577 4577 1717 4649 ἔχειν
1741 4579 1797 4629 ὲν
1820 4593 1921 4645 γα-

352 4672 521 4742 μετῆς
557 4673 709 4739 τάξει
737 4673 798 4726 τὸ
825 4672 1064 4741 γύναιον,
1107 4673 1134 4726 ὃ
1161 4673 1223 4744 δὴ
1257 4672 1348 4726 καὶ
1377 4673 1461 4742 ἐφ’
1491 4671 1647 4742 ἡμῶν
1681 4670 1922 4742 ἔγνωμεν

349 4763 452 4817 ὑπὸ
494 4763 704 4816 πολλῶν
745 4763 1004 4827 πολλάκις
1029 4763 1331 4834 γινόμενον.
1372 4760 1439 4815 Et
1478 4759 1793 4816 Gennadius
1819 4780 1833 4816 :
1859 4761 1922 4814 Εἰ

345 4854 599 4926 εὐνοῦχος
626 4857 654 4908 ὁ
681 4855 986 4927 Πετεφρῆς,
1012 4855 1130 4918 πῶς
1162 4855 1472 4925 εὑρίσκεται
1494 4855 1725 4922 γυναῖκα
1750 4852 1919 4923 ἕχων;

360 4947 498 5000 Ἀλλ’
536 4952 565 5002 ὸ
607 4949 705 5020 μὲν
740 4947 909 5019 Σύρος
932 4948 1032 5018 μιᾷ
1065 4943 1405 5018 προσηγορίᾳ
1442 4945 1533 4998 τόν
1565 4961 1626 4996 τε
1655 4944 1921 4997 σπάδοντα

346 5039 441 5092 καὶ
488 5039 580 5093 τὸν
638 5040 827 5093 πιστὸν
873 5038 1044 5110 ἄνδρα
1079 5037 1227 5107 λέγει
1283 5040 1395 5100 τοῖς
1438 5036 1742 5100 δεσπόταις,
1794 5038 1821 5090 ὁ
1864 5035 1921 5089 δὲ

357 5133 606 5204 Ἑϐραῖος
645 5132 860 5206 ἀληθῶς
884 5132 1156 5204 εὐνοῦχον,
1205 5132 1299 5185 καὶ
1325 5129 1511 5185 τοῦτον
1549 5129 1657 5184 ἀπὸ
1686 5129 1786 5201 τῆς
1830 5129 1920 5181 πί-

347 5244 540 5292 στεως,
568 5227 761 5298 ἐπειδὴ
794 5227 939 5297 φιλεί
959 5227 1019 5282 τὸ
1051 5226 1159 5279 τῶν
1199 5224 1468 5298 εὐνούχων
1498 5223 1654 5292 γένος
1687 5221 1919 5294 μάλιστα

345 5318 698 5374 πιστεύεσθαι
722 5320 790 5374 τὰ
809 5319 1108 5390 τιμιώτερα
1136 5317 1245 5370 τῶν
1275 5316 1594 5389 κτημάτων,
1629 5316 1722 5370 καὶ
1752 5313 1919 5384 αὐτὴν

342 5409 452 5463 τῶν
484 5410 748 5480 βασιλέων
775 5411 1068 5482 σωτηρίαν.
1095 5411 1204 5464 Καὶ
1236 5410 1296 5464 οὐ
1323 5409 1653 5480 θαυμαστὸν,
1688 5408 1820 5462 ὅπου
1853 5425 1917 5475 γε

355 5502 629 5575 Ἁϐραάμ,
663 5505 759 5557 καὶ
787 5503 992 5567 Ἰσαὰκ,
1021 5503 1112 5556 καὶ
1147 5498 1343 5556 Ἰακὼϐ
1373 5501 1598 5574 χριστοί.
1627 5501 1718 5573 Μὴ
1748 5501 1916 5555 ἄπτε-

345 5596 470 5650 σΘαι
499 5598 609 5668 γάρ
636 5614 769 5669 φησι
790 5595 898 5650 τῶν
922 5593 1160 5668 χριστῶν
1195 5611 1316 5666 μου.
1345 5594 1573 5663 Λέγεται
1597 5594 1655 5648 δὲ
1681 5595 1775 5648 καὶ
1805 5593 1916 5647 Κύ-

347 5702 438 5758 ρος
467 5691 496 5743 6
529 5688 746 5762 Πέρσης
778 5688 1015 5761 χριστός.
1042 5687 1230 5751 Οὕτως
1267 5687 1374 5759 ἄρα
1405 5687 1497 5740 καὶ
1522 5687 1622 5758 τὴν
1652 5684 1747 5739 τοῦ
1773 5685 1914 5739 σπά-

342 5777 586 5844 δοντοςὸ
634 5782 1028 5854 ἅρχιμάγειρος
1065 5780 1435 5852 προσηγορίαν
1489 5778 1613 5850 ἔσχε
1653 5779 1746 5834 καὶ
1792 5779 1911 5832 τότε

665 5879 941 5940 Parnm.
983 5877 1103 5940 Gn.
1174 5876 1391 5941 XVIII.

2023 4573 2112 4642 qui
2147 4573 2202 4625 in
2236 4571 2443 4636 Exodo,
2480 4582 2528 4626 et
2561 4571 2733 4637 Isaia,
2770 4586 2818 4628 et
2858 4573 3090 4630 Ieremia
3129 4586 3179 4630 et
3217 4575 3508 4636 Ezechiele.
3543 4588 3595 4633 et

2023 4665 2078 4718 in
2107 4662 2341 4719 Canticis
2374 4665 2565 4718 cantio.
2609 4667 2933 4728 nominatur,
2965 4683 3031 4718 an
3063 4667 3202 4720 alius
3230 4675 3384 4736 atque
3419 4667 3592 4730 alius;

2022 4755 2226 4810 videtur
2258 4754 2386 4808 mihi
2417 4771 2518 4809 non
2551 4771 2662 4809 esse
2694 4772 2850 4810 unus.
2883 4754 2984 4810 Sed
3016 4756 3154 4825 apud
3191 4755 3472 4828 Afgyptios
3500 4758 3595 4813 hoc

2023 4846 2274 4902 vocabulo
2322 4847 2678 4902 demonstrari
2727 4848 2927 4918 regiam
2977 4847 3306 4919 dignitatem,
3357 4851 3497 4905 sicut
3543 4862 3594 4905 ct

2023 4941 2160 5008 apud
2190 4939 2455 4996 Romanos
2484 4941 2721 4997 Caesares
2762 4953 2810 4996 et
2851 4943 3077 5013 Augusti
3118 4944 3452 5012 appellantur
3500 4962 3594 4999 eo-

2021 5049 2138 5087 rum
2167 5035 2506 5104 imperatores
2542 5052 2576 5088 a
2622 5035 2789 5103 primo
2839 5034 2971 5090 Caio
3019 5033 3253 5103 Cesare,
3299 5051 3351 5093 et
3394 5056 3428 5093 a
3476 5039 3590 5108 ﬁlio

2019 5125 2133 5193 ejus
2165 5123 2406 5194 adoptivo
2438 5123 2749 5190 Octauiano,
2772 5127 2862 5194 qui
2889 5136 3072 5195 postea
3101 5130 3368 5197 Augustus
3396 5138 3472 5182 est
3501 5144 3592 5180 no-

2021 5218 2287 5280 minatus;
2314 5217 2753 5288 quemadmodum
2779 5221 2939 5273 etiam
2965 5220 3103 5288 apud
3129 5218 3290 5291 Syros
3321 5221 3589 5288 Antiochi,

2021 5307 2161 5377 apud
2197 5308 2426 5364 Parthos
2449 5310 2742 5374 Arsacidae,
2779 5313 2916 5382 apud
2953 5311 3268 5384 Philistyam
3297 5313 3586 5374 Abimelec.

2017 5411 2067 5456 et
2093 5410 2210 5470 post
2232 5400 2595 5456 Alexandrum
2623 5404 2679 5457 in
2706 5401 2940 5478 Egypto
2972 5422 3113 5476 reges
3137 5405 3445 5460 dicebantur
3470 5404 3594 5461 Pto-

2017 5494 2189 5549 lemwi
2217 5510 2378 5565 usque
2405 5495 2474 5548 ad
2502 5493 2860 5565 Cleopatram,
2889 5515 2994 5570 qua
3030 5500 3169 5553 uicta
3203 5497 3347 5568 apud
3381 5499 3591 5554 Actium

2017 5587 2287 5658 Egyptus
2326 5587 2568 5642 Romana
2592 5599 2670 5644 est
2699 5591 2845 5660 facta
2883 5593 3172 5661 provincia.
3201 5590 3342 5660 Ergo
3368 5593 3422 5646 in
3461 5607 3590 5662 pra:-

2016 5681 2306 5736 sentiarum
2349 5681 2599 5737 adversus
2638 5699 2799 5738 unum
2844 5683 3120 5752 quemlibet
3158 5699 3330 5755 regem
3368 5683 3590 5758 diggpti

2016 5790 2188 5830 sermo
2233 5775 2297 5844 ﬁt
2339 5773 2573 5831 Domini.
2607 5775 3002 5846 Appellationis
3033 5776 3199 5848 hujus
3245 5793 3471 5838 causam
3517 5781 3597 5839 ita

3245 5875 3324 5937 33
