4064 6290
462 281 606 338 ,1035

1799 281 2047 336 LEONIS
2086 281 2360 337 ALLATH

3569 283 3707 342 1056

463 397 730 471 expressit
749 394 985 453 Joannes
1005 394 1402 464 Antiochenus,
1429 396 1485 450 in
1511 395 1878 466 Arcltwologia
1899 413 1917 450 :
1936 397 2037 448 Φα-
2063 407 2108 461 Α
2141 396 2308 451 fuisse
2337 395 2479 450 idem
2507 402 2813 465 peccatum:
2857 389 2979 449 tota
3009 394 3125 452 haec
3148 395 3380 452 historia
3399 395 3468 452 de
3497 399 3707 468 nuptiis

466 491 581 566 ραώ
628 509 772 555 τινος
815 487 1074 561 βασιλέως
1117 487 1393 556 Αἰγύπτου
1442 489 1668 552 πολλοὺς
1709 490 1817 542 τῶν
1864 506 2034 562 προσ-

459 586 622 641 οίκων
656 580 1190 652 καταγωνισαμένου,
1219 584 1312 636 καὶ
1339 583 1466 646 τοὺς
1490 582 1812 656 λῃστρικοὺς
1835 581 2034 653 ἀνδρας

465 677 997 750 μεταῤῥυθμίσαντος
1027 676 1164 746 πρὸς
1195 675 1256 728 τὸ
1285 675 1686 746 φιλάνθρωπον,
1720 675 1813 728 καὶ
1843 676 1890 728 οί
1921 674 2032 727 λοι-

462 772 553 824 ποὶ
579 769 812 840 βασιλεῖς
841 766 1117 836 Αἰγύπτου
1145 768 1226 830 εἰς
1256 765 1421 836 τιμὴν
1453 765 1663 820 ἐκείνου
1683 765 1884 838 Φαραὼ
1906 767 2034 820 ἐκα-

459 859 664 914 λοῦντο.
682 855 821 911 Vide
846 857 974 910 item
1000 853 1298 924 Josepbum
1325 855 1421 909 lib.
1447 869 1583 909 xvm
1615 856 2030 926 Antiquitatum,

459 952 550 1022 qui
575 949 744 1004 multa
772 949 839 1004 de
867 947 1088 1003 nomine
1112 945 1414 1005 Pharaonis
1437 947 1740 1012 adnotavit,
1779 947 2030 1017 quamvis

459 1041 780 1113 quibusdam
815 1041 1108 1110 incompta,
1139 1039 1406 1110 falsaque,
1431 1047 1484 1094 et
1510 1039 1635 1109 jure
1662 1041 1880 1102 merito,
1916 1040 2029 1094 visa

459 1133 586 1189 sint.
635 1132 740 1186 Alii
769 1131 1024 1186 dixerunt
1052 1129 1369 1186 Pharaones
1409 1131 1588 1186 dictos
1621 1129 1779 1200 quasi
1824 1130 2029 1185 Pharo-

459 1239 578 1291 nes,
627 1238 658 1277 a
705 1221 885 1276 Pharo
930 1222 1110 1277 insula
1153 1238 1185 1277 e
1229 1223 1454 1293 regione
1507 1222 1849 1278 Alexandriae
1899 1223 2028 1278 olim

457 1316 760 1387 Carpathos
787 1316 952 1380 dicta,
977 1314 1071 1370 ubi
1095 1315 1341 1385 regnavit
1363 1314 1628 1382 Proteus;
1653 1316 1750 1372 sed
1775 1317 1890 1371 haec
1912 1317 2030 1387 opi-

457 1411 549 1464 nio
577 1425 676 1465 sua
711 1409 973 1464 inanitate
1003 1423 1103 1480 per
1135 1423 1196 1464 se
1226 1405 1357 1464 ruit.

523 1500 789 1564 Col.768,
821 1501 1027 1556 lin.45.
1059 1499 1326 1554 Γυναῖκα
1341 1499 2027 1570 όνόματι.Τ1]αωει·[ὶΙὶεῐη

459 1592 627 1649 fuisse
665 1590 1065 1648 Melchisedech
1115 1591 1414 1648 sacerdotis
1448 1595 1699 1649 nonnulli
1744 1595 2029 1651 existima-

458 1688 604 1752 runt,
650 1685 795 1756 quod
839 1683 1007 1739 Judas
1054 1685 1111 1739 in
1145 1687 1479 1741 scortatiene
1511 1685 1930 1760 deprehensam,
1968 1701 2027 1748 ut

459 1778 683 1833 inferius
715 1777 960 1832 comburi
986 1775 1265 1844 jussisset,
1304 1792 1415 1832 non
1448 1777 1698 1847 lapidari.
1735 1779 1843 1836 Lex
1879 1785 2024 1838 enim
2057 1757 2098 1810 Β

456 1871 556 1926 fuit
593 1868 736 1941 apud
770 1869 1045 1934 Hebraeos,
1087 1884 1249 1939 quam
1285 1879 1474 1939 postea
1509 1869 1722 1943 Moyses
1748 1875 2020 1944 repetivit,

453 1971 513 2017 ut
559 1962 668 2018 filia
708 1961 1006 2018 sacerdotis
1045 1969 1281 2016 scortata
1330 1961 1760 2030 combureretur,
1813 1976 2024 2022 αξιοι-ιο

454 2056 845 2125 lapidarentur,
893 2052 1066 2108 Levit.
1116 2068 1189 2107 xx
1233 2061 1288 2109 et
1336 2069 1450 2108 XXI.
1501 2051 1605 2108 Sed
1655 2054 1722 2110 de
1787 2055 2025 2112 Thamar

451 2149 675 2218 ejusque
739 2154 933 2218 gente,
1003 2145 1314 2200 conditione
1373 2155 1426 2200 et
1479 2145 1722 2202 moribus
1769 2159 2023 2206 accurate

450 2238 624 2306 Philo,
647 2239 743 2294 lib.
777 2237 852 2291 De
881 2237 1194 2292 nobilitate:
1226 2236 1444 2310 Ταύτην
1472 2238 1748 2308 εὐγένειαν
1770 2241 1830 2292 οὐ
1864 2242 2022 2312 μόνον

450 2330 712 2400 Θεοφιλεῖς
739 2329 950 2400 ἀνδρες,
984 2329 1119 2384 ἀλλά
1151 2331 1246 2384 καὶ
1269 2332 1526 2399 γυναῖκες
1553 2330 1847 2402 ἐζήλωσαν,
1887 2335 2022 2387 ἀπο-

453 2425 718 2497 μαθοῦσαι
770 2425 866 2493 μὲν
911 2421 1149 2492 ἀμαθίαν
1196 2421 1294 2492 τὴν
1343 2419 1638 2492 σύντροφον
1684 2423 1812 2491 περὶ
1856 2423 2019 2495 τιμῆς

448 2519 556 2573 τῶν
595 2517 994 2589 χειροκμήτων,
1038 2512 1409 2566 παιδευθεῖσαι
1455 2512 1510 2565 δὲ
1561 2513 1689 2584 περὶ
1724 2513 2020 2584 μοναρχίας

449 2612 780 2682 ἐπιστήμην,
887 2608 1236 2678 μοναρχεῖται
1266 2607 1294 2658 ὁ
1329 2606 1553 2674 κόσμος.
1593 2604 1788 2677 Θάμαρ
1812 2601 1880 2676 ἦν
1910 2605 2019 2659 τῶν

449 2701 554 2755 ἀπὺ
583 2700 683 2770 τῆς
707 2696 1070 2768 Παλαιστίνης
1093 2695 1302 2766 Συρίας
1328 2695 1550 2764 γύναιον
1579 2694 1636 2748 ὲν
1660 2695 1836 2766 οἰκείᾳ
1867 2695 2018 2749 πόλει

446 2790 651 2864 τραφὲν
684 2787 950 2858 πολυθέῳ,
993 2785 1237 2857 γεμούσῃ
1274 2785 1500 2852 ξοάνων,
1540 2785 1635 2839 καὶ
1662 2786 2014 2857 ἀγαλμάτων,

447 2885 540 2940 καὶ
565 2883 796 2946 συνόλως
828 2879 1238 2952 ἀφιδρυμάτων.
1279 2879 1418 2932 Ἀλλ’
1451 2879 1638 2950 ἐπειδὴ
1664 2878 1916 2948 καθάπερ
1953 2879 2016 2932 ἐκ

449 2976 671 3038 σκότους
725 2973 916 3044 βαθέος
962 2970 1196 3042 ἐδυνήθη
1241 2969 1498 3042 βραχεῖαν
1543 2970 1715 3042 αὐγὴν
1760 2969 2014 3040 ἀληθείας

443 3069 637 3124 ἐνιδεῖν
669 3065 882 3136 θανάτῳ
920 3064 1187 3130 κινδύνου,
1229 3063 1366 3135 πρὸς
1394 3063 1672 3119 εὐσέϐειαν
1703 3064 2016 3136 ηὐτομόλη-
2041 3097 2083 3156 C

445 3177 554 3222 σεν,
594 3158 748 3227 ὀλίγα
777 3155 1111 3228 φροντίσασα
1140 3153 1235 3208 τοῦ
1265 3154 1384 3226 ζῇν,
1425 3157 1475 3208 εἰ
1517 3155 1590 3226 μὴ
1625 3155 1802 3226 μέλλοι
1835 3155 2011 3221 καλῶς

442 3251 560 3324 ζῇν.
598 3251 671 3303 Τὸ
709 3251 766 3303 δὲ
811 3248 989 3312 καλῶς
1020 3248 1281 3318 ἀνέφερεν
1315 3247 1403 3299 ἐπ’
1443 3247 1594 3301 οὐδὲν
1632 3247 1878 3320 ἕτερονῆ
1918 3250 2010 3303 ἐπὶ

439 3343 537 3414 τὴν
577 3340 872 3412 θεραπείαν
911 3340 1002 3392 καὶ
1042 3338 1250 3391 ἱκεσίαν
1287 3335 1381 3390 τοῦ
1420 3337 1539 3400 ἐνὸς
1584 3338 1781 3391 αἰτίου.
1816 3339 2008 3392 Καίτοι

437 3435 587 3488 δυσὶν
615 3433 861 3502 ἀδελφοῖς
889 3429 1218 3502 ἀμφοτέροις
1257 3431 1514 3501 πονηροῖς
1539 3432 1596 3482 ὲν
1635 3429 1787 3500 μέρει
1823 3448 2008 3501 γημα-

442 3525 598 3595 μένη,
633 3522 885 3594 κουριδίῳ
919 3521 1018 3592 μὲν
1049 3519 1126 3590 τῷ
1162 3518 1432 3591 προτέρῳ,
1459 3519 1538 3590 τῷ
1565 3519 1607 3572 δ’
1649 3519 1874 3593 ὕστερον
1913 3521 2007 3576 καὶ

437 3616 612 3691 ἔχοντι
653 3614 994 3677 ὲπιδικασίας
1031 3613 1200 3684 νόμῳ,
1249 3612 1440 3681 γενεὰν
1479 3611 1572 3665 τοῦ
1619 3613 1884 3684 προτέρου
1931 3615 2003 3685 μὴ

437 3706 843 3770 καταλιπόντος,
889 3704 1003 3760 ἀλλ’
1051 3705 1219 3775 ὅμως,
1261 3702 1590 3774 ἀκηλίδωτον
1635 3703 2004 3772 διαφυλάξασα

435 3801 526 3854 τὸν
558 3798 923 3869 ἑαυτῆςιβίον,
957 3799 1142 3868 ἴσχυσε
1185 3797 1280 3850 καὶ
1309 3795 1693 3868 προσηκούσης
1723 3798 1836 3858 τοῖς
1869 3797 2004 3865 ἀγα-

436 3892 547 3955 θοῖς
569 3891 843 3961 εὐφημίας
873 3869 1166 3958 ἐπιλαχείν,
1193 3887 1288 3941 καὶ
1310 3889 1422 3950 τοῖς
1455 3885 1570 3957 μεθ’
1599 3887 1770 3957 αὐτὴν
1801 3885 2002 3940 ἆπασιν

435 3983 710 4052 εὐγενείας
736 3981 877 4054 ἀρχὴ
904 3979 1172 4050 γενέσθαι.
1211 3977 1350 4032 Ἀλλ’
1380 3977 1516 4048 αὕτη
1544 3979 1640 4049 μὲν
1659 3981 1707 4032 εί
1737 3978 1829 4032 καὶ
1859 3978 2004 4032 ἁλλό-

435 4074 620 4143 φυλος,
646 4074 758 4128 ἀλλ’
795 4070 888 4127 οὖν
920 4090 983 4143 γε
1009 4071 1266 4145 ἐλευθέρα
1301 4073 1393 4127 καὶ
1425 4073 1484 4138 ἐξ
1517 4071 1813 4147 ἐλευθέρων
1848 4071 1997 4135 ἴσως,

433 4165 530 4218 καὶ
553 4166 655 4219 οὐκ
687 4167 792 4236 άσή
803 4182 936 4235 μων.

504 4256 641 4312 lbid.
677 4257 786 4310 Καὶ
819 4256 916 4309 διὰ
949 4256 1259 4325 πονηρίαν.
1287 4257 1424 4322 Quae
1457 4256 1619 4312 fuerit
1652 4257 1768 4313 haec
1796 4259 1998 4313 malitia

432 4349 516 4404 vel
571 4349 831 4418 iniquitas
867 4345 995 4411 Her,
1025 4363 1200 4416 neque
1239 4346 1523 4417 Scriptura
1570 4349 1862 4419 expressit,
1899 4365 1998 4404 nec

2137 488 2378 544 Thamar
2429 499 2484 544 et
2534 488 2870 544 scortatione
2910 485 3064 542 Judae
3105 489 3318 558 prolixe
3365 497 3621 545 narratur
3647 491 3704 547 in

2137 579 2465 634 Testamento
2490 578 2558 633 12
2583 577 3032 648 patriarcharum,
3059 593 3181 650 cap.
3211 579 3266 634 5.

2203 689 2367 755 lbid.,
2412 690 2510 745 lin.
2561 691 2649 746 50.
2693 690 2967 761 Ἐξέχεεν
3009 691 3110 746 ἐπὶ
3164 691 3294 761 τῆς.
3341 692 3703 765 Augustinus,

2134 783 2229 839 lib.
2272 798 2387 837 χιιι
2435 793 2622 838 contra
2653 783 2940 851 Faustum,
2976 799 3099 856 cap.
3131 783 3221 852 84,
3253 785 3494 856 pejorem
3535 787 3704 843 fuisse

2134 874 2262 941 Her,
2293 891 2456 947 quam
2503 875 2714 943 Onam;
2756 877 2908 932 illum
2943 875 3119 932 fuisse
3161 877 3484 948 malignum,
3517 885 3572 934 et
3602 893 3704 932 sae-

2135 983 2282 1032 vum,
2307 977 2362 1022 et
2379 983 2637 1038 peccasse
2665 969 2950 1036 nocendo;
2979 969 3126 1024 hunc
3147 983 3424 1040 peccasse,
3442 969 3704 1039 prodesse

2131 1066 2186 1113 et
2225 1059 2421 1130 juvare
2450 1061 2705 1116 nolendo.
2753 1060 2976 1116 Pererio
3003 1062 3314 1132 oppositum
3362 1061 3702 1131 probabilius

2131 1149 2364 1218 videtur,
2390 1166 2514 1206 cum
2543 1149 2822 1222 Scriptura
2853 1151 2959 1208 Her
2983 1152 3215 1223 appellet
3238 1168 3492 1223 nequam,
3526 1149 3700 1206 Onam

2131 1259 2260 1298 vero
2287 1243 2690 1310 detestandum,
2723 1244 2870 1316 quod
2897 1260 3013 1300 rem
3058 1245 3433 1300 detestabilem
3475 1244 3696 1311 faceret,

2130 1340 2276 1409 quod
2324 1341 2594 1411 gravioris
2636 1339 2886 1395 criminis
2938 1346 3068 1393 nota
3127 1345 3230 1394 est.
3275 1338 3480 1393 Deinde
3525 1336 3696 1393 Onam

2127 1432 2375 1501 exemplo
2404 1431 2708 1501 punitionis
2740 1429 2994 1485 fraterna:
3027 1429 3198 1484 noluit
3222 1429 3564 1498 resipiscere,
3596 1443 3698 1484 nec

2128 1523 2424 1580 deterritus
2454 1523 2743 1590 abstinuit,
2772 1522 2856 1578 vel
2891 1537 2922 1575 a
2954 1521 3143 1588 simili,
3175 1526 3258 1576 vel
3285 1536 3314 1574 a
3345 1521 3538 1591 majori
3569 1538 3696 1592 pec-

2127 1623 2269 1670 cato.
2302 1615 2566 1670 Praeterea
2602 1614 2710 1668 Her
2736 1614 2981 1686 peccavit
3007 1613 3314 1668 inordinata
3339 1613 3563 1669 libidine
3600 1615 3696 1670 de-

2129 1706 2437 1762 lectationis
2475 1722 2739 1771 venereae,
2767 1704 2940 1760 Onam
2971 1705 3208 1775 maligna
3237 1704 3440 1759 invidia
3467 1706 3693 1761 fraterni

2130 1797 2280 1864 boni,
2343 1814 2412 1854 ne
2477 1797 2875 1868 primogenitus
2929 1812 3063 1853 suus
3111 1796 3490 1868 assignaretur
3535 1797 3695 1852 fratri

2123 1903 2244 1943 δυο.

2193 2019 2310 2075 Col.
2341 2019 2468 2084 769,
2505 2019 2602 2074 lin.
2649 2019 2735 2073 12.
2778 2019 2872 2087 ’.Ως
2912 2019 2968 2073 δ’
3006 2021 3394 2091 ἀποστείλας.
3441 2023 3696 2080 Historia

2123 2113 2284 2183 hujus
2316 2114 2712 2184 perelegantcm
2756 2114 3072 2185 allegoriam
3111 2116 3281 2173 habes
3321 2119 3464 2189 apud
3507 2117 3693 2172 Philo-

2121 2220 2266 2269 nem,
2306 2204 2404 2260 lib.
2439 2204 2576 2272 Περὶ
2603 2203 2906 2275 φυγάδων,
2937 2223 3097 2277 quem
3123 2209 3266 2264 vide.
3317 2240 3319 2244 ·

2189 2314 2347 2380 lbid.,
2375 2315 2473 2369 lin.
2511 2315 2601 2370 '55.
2655 2313 2769 2385 Τῆς
2811 2318 3112 2387 ἀχράντου
3142 2322 3392 2390 Μαρίας.
3433 2323 3690 2381 Insulsis-

2119 2407 2241 2462 simi
2300 2407 2668 2463 Mahumelani
2721 2409 2947 2465 Mariam
2999 2415 3425 2482 sanctissimam,
3471 2427 3525 2473 et
3567 2435 3687 2490 qua:

2119 2501 2395 2556 Christum
2439 2500 2606 2556 Deum
2646 2503 2875 2572 peperit,
2917 2520 3157 2559 sororem
3193 2506 3395 2578 Moysis
3439 2518 3492 2564 et
3523 2510 3691 2568 Aaro-

2119 2593 2205 2646 nis
2233 2591 2458 2646 faciunt.
2489 2590 2836 2663 Euthymius,
2873 2594 2928 2648 in
2963 2594 3220 2664 Panoplia
3245 2613 3263 2652 :
3293 2599 3405 2653 Καὶ
3436 2602 3517 2654 ὅτι
3541 2602 3569 2653 ὁ
3590 2603 3690 2656 Λό-

2118 2703 2214 2755 γος
2241 2687 2336 2740 τοῦ
2382 2685 2539 2754 Θεοῦ,
2575 2687 2668 2740 καὶ
2707 2685 2768 2739 τὸ
2810 2687 3034 2758 Πνεῦμα
3074 2689 3259 2754 αὐτοῦ,
3307 2692 3498 2748 κτιστά
3539 2693 3685 2759 ὄντα,

2117 2777 2368 2849 εἰσῆλθεν
2400 2781 2480 2842 είς
2512 2778 2728 2850 Μαρίαν
2757 2777 2855 2850 τὴν
2900 2779 3132 2852 ἀδελφὴν
3173 2783 3417 2848 Μωσέως
3451 2786 3542 2838 καὶ
3561 2787 3687 2840 Ἀα-

2122 2868 2248 2941 ρὼν,
2300 2869 2394 2922 καὶ
2445 2869 2736 2940 ἐγέννησεν
2778 2868 2916 2941 αὓτη
2966 2869 3089 2940 δίχα
3137 2873 3449 2944 σπέρματος
3478 2876 3686 2948 Ἰησοῦν

2118 2962 2210 3015 τὸν
2260 2961 2516 3032 Χριστὸν,
2565 2964 2868 3034 προφήτην,
2924 2963 3018 3016 καὶ
3068 2963 3250 3019 δοῦλον
3301 2970 3558 3037 γεγονότα
3593 2969 3687 3024 τοῦ

2119 3051 2274 3105 Θεοῦ.
2331 3050 2398 3106 Ει
2440 3052 2494 3106 in
2543 3052 2735 3108 ordine
2774 3054 2866 3123 qui
2917 3062 3166 3110 servatur
3209 3071 3374 3128 super
3418 3060 3495 3116 iis.
3523 3063 3614 3132 qui
3654 3081 3688 3118 ιι

2119 3140 2407 3199 Saracenis
2443 3144 2514 3200 ad
2550 3144 2984 3200 Christianorum
3021 3146 3180 3202 fidem
3227 3164 3288 3206 se
3321 3162 3682 3212 convertunt:

2130 3234 2534 3306 ’Δναθεματίζω
2557 3235 2653 3308 τὴν
2681 3235 2775 3290 τοῦ
2812 3236 3056 3307 Μωάμεδ
3081 3238 3345 3312 φλυαρίαν
3370 3243 3467 3314 τὴν
3497 3242 3685 3311 λέγου-

2116 3345 2230 3390 σαν,
2261 3328 2342 3381 ὅτι
2372 3328 2400 3380 ό
2447 3327 2649 3398 Κύριος
2698 3328 2793 3381 καὶ
2834 3326 2966 3391 Θεὸς
3006 3328 3211 3399 Ἰησοῦς
3249 3335 3276 3386 ὁ
3308 3332 3533 3404 Χριστὸς
3569 3336 3680 3390 ἀπὸ

2112 3417 2331 3487 Μαρίας
2355 3417 2452 3488 τῆς
2495 3416 2728 3487 ἀδελφῆς
2760 3415 2855 3469 τοῦ
2896 3419 3140 3484 Μωσέως
3169 3420 3260 3474 καὶ
3297 3420 3499 3492 Ἀαρὼν
3527 3423 3679 3492 ὲγενο

2113 3508 2246 3578 νήθη
2274 3507 2402 3561 ἄνευ
2437 3508 2644 3578 σπορᾶς
2682 3509 2746 3561 ὲκ
2783 3505 2878 3560 τοῦ
2923 3508 3096 3578 Λόγου
3139 3508 3231 3563 τοῦ
3274 3509 3407 3564 Θεοῦ
3456 3515 3550 3567 καὶ
3580 3511 3677 3570 τοῦ

2111 3598 2446 3669 Πνεύματος.
2498 3600 2632 3666 Quis
2685 3600 2826 3655 hanc
2889 3603 3273 3674 ἀνιστορησὶαν
3324 3608 3670 3673 somniasset,

2110 3688 2216 3742 nisi
2261 3687 2550 3752 Moameth,
2579 3699 2632 3744 et
2660 3698 2814 3760 pater
2854 3691 2973 3761 ejus
3001 3693 3288 3750 diabolus?
3319 3694 3563 3766 Spatium
3591 3700 3672 3755 bis

2110 3779 2257 3833 mille
2293 3793 2562 3834 annorum
2599 3781 2741 3836 inter
2789 3782 3015 3852 Mariam
3058 3799 3304 3842 sororem
3353 3787 3573 3859 Moysis,
3620 3800 3674 3846 et

2110 3868 2330 3928 Mariam
2361 3887 2482 3942 qua:
2507 3873 2787 3940 Christum
2818 3875 3044 3945 peperit,
3085 3876 3411 3934 intercessit.
3441 3880 3551 3938 Nec
3574 3885 3678 3938 mi-

2108 3979 2211 4018 nus
2241 3962 2721 4034 reprehendendus
2750 3976 2834 4021 est
2866 3966 3181 4026 Fridericus
3215 3968 3555 4043 Sylburgius,
3581 3977 3676 4044 qui

2106 4055 2252 4111 notis
2278 4056 2335 4110 in
2365 4055 2714 4120 Saracenica,
2748 4058 2816 4113 de
2851 4057 3170 4116 adoratione
3207 4063 3503 4135 imaginum
3533 4067 3675 4123 male
3739 4108 3764 4132 ,

2105 4146 2347 4203 sentiens
2374 4157 2533 4217 negat
2555 4147 2927 4205 admationem
2950 4151 3134 4208 deberi
3157 4153 3326 4208 beatae
3358 4154 3538 4211 Maria?
3565 4157 3673 4212 vir-

2105 4237 2238 4307 gini,
2266 4237 2426 4308 idque
2457 4239 2593 4293 locis
2633 4239 2961 4310 quibusdam
2993 4244 3166 4298 sancti
3205 4244 3488 4314 Epiphanil
3529 4249 3670 4303 male

2105 4331 2173 4384 ab
2196 4331 2314 4401 ipso
2347 4331 2655 4386 intellectis.
2680 4330 2729 4386 ls
2759 4332 2901 4386 enim
2927 4331 3002 4389 uti
3033 4334 3360 4390 Calvinianac
3390 4347 3550 4393 secta:
3573 4339 3669 4394 ad-

430 4448 640 4496 cermm
691 4440 895 4511 aliquid
941 4439 1106 4494 smmi
1146 4446 1328 4509 potest
1366 4439 1435 4493 ob
1485 4439 1663 4495 varias
1711 4449 1994 4495 auctorum
2031 4456 2076 4513 ι)
2105 4423 2281 4478 dictus
2311 4423 2542 4492 sparsim
2571 4423 2626 4476 in
2656 4423 2762 4479 illis
2797 4424 2944 4480 notis
2988 4427 3219 4482 latenter
3243 4436 3296 4482 et
3325 4425 3551 4486 subdole
3576 4447 3668 4486 ve-

431 4536 747 4590 sententias.
787 4534 1148 4604 Augustinus,
1179 4533 1274 4588 lib.
1321 4549 1435 4588 xm
1470 4543 1667 4587 .contra
1713 4532 1997 4598 Faustum,

430 4641 550 4696 cap.
591 4625 682 4690 84,
719 4625 1010 4697 significat,
1048 4637 1328 4697 peccatum
1358 4625 1478 4695 ejus
1509 4625 1680 4682 fuisse
1711 4626 2000 4682 crudelita-

431 4720 501 4772 tis
529 4725 583 4773 et
635 4719 877 4774 saevitiae.
925 4719 1034 4772 Alii
1067 4720 1471 4790 conjectarunt,
1507 4718 1681 4775 fuisse
1711 4727 1994 4789 peccatum

429 4817 620 4864 contra
654 4817 928 4875 naturam,
973 4813 1118 4882 quod
1161 4813 1501 4879 admittebat,
1551 4813 1781 4869 abutens
1829 4825 2000 4866 uxore

426 4913 578 4957 extra
609 4917 705 4957 vas
739 4903 1020 4960 muliebre.
1066 4903 1420 4962 Hebraeorum
1463 4905 1684 4961 traditio
1713 4913 1818 4972 est,
1852 4905 1996 4960 Tha-

429 5009 545 5048 mar
583 4994 750 5051 fuisse
779 4997 1201 5067 pulcherrimam
1228 4998 1504 5065 feminam,
1529 5015 1758 5071 eamque
1787 4999 1996 5070 perdite

427 5087 733 5144 adamatam
777 5103 900 5144 esse
949 5088 1018 5144 ab
1063 5088 1192 5145 Her.
1238 5090 1344 5158 Qui
1387 5108 1495 5162 quo
1534 5091 1740 5147 diutius
1788 5091 1993 5146 illibata

429 5179 548 5249 ejus
586 5181 988 5252 pulchritudine
1029 5182 1136 5237 frui
1166 5194 1373 5254 posset,
1399 5186 1583 5241 sciens
1612 5201 1713 5256 .per
1748 5185 1995 5256 gravida-

430 5274 606 5330 tiones
637 5283 691 5330 et
728 5283 918 5346 partus
958 5273 1314 5332 deﬂorescere
1337 5276 1610 5341 decorem,
1637 5286 1692 5332 et
1733 5286 1990 5334 venusta-

428 5373 533 5422 tem
586 5367 935 5433 muliebrem,
981 5367 1039 5422 in
1085 5368 1485 5438 congrediendo
1537 5384 1663 5424 cum
1713 5369 1986 5435 Thamar,

421 5457 730 5517 effundebat
758 5477 942 5518 semen
967 5469 1122 5516 extra
1148 5475 1242 5515 vas
1278 5461 1442 5527 illius,
1471 5478 1539 5517 ne
1567 5463 1835 5532 gravidari
1862 5479 1990 5533 pos-

421 5557 524 5604 set.
558 5548 709 5605 Hanc
735 5559 958 5608 secutus
981 5561 1065 5612 est
1092 5550 1406 5620 Cajetanus,
1434 5568 1533 5606 nec
1574 5553 1787 5608 videtur
1823 5555 1892 5608 ab
1922 5569 1986 5608 ca

418 5640 771 5697 abhorruisse
787 5640 1025 5699 Joannes
1045 5641 1366 5708 Cassianus,
1387 5642 1678 5700 collatione
1689 5643 1741 5709 8,
1755 5659 1876 5714 cap.
1895 5645 1982 5708 11,

419 5732 485 5791 de
511 5742 736 5804 peccato
759 5735 933 5792 Onam
958 5736 1121 5794 verba
1152 5735 1376 5816 faciens,
1411 5735 1703 5792 verisimile
1729 5736 1872 5792 enim
1897 5745 1982 5792 est

2104 4531 2304 4570 nenum
2335 4515 2584 4580 effundit,
2634 4515 2777 4570 sicut
2819 4526 2872 4571 et
2909 4521 3164 4588 superius
3209 4519 3277 4575 de
3321 4531 3667 4578 sacramento

2103 4609 2454 4664 Eucharistiae
2495 4617 2678 4679 egerat
2723 4618 2776 4665 et
2817 4609 2872 4663 in
2915 4611 3035 4680 ipso
3076 4611 3280 4668 lumine
3307 4614 3581 4680 caacutire,
3611 4624 3666 4672 et

2101 4701 2278 4770 palam
2325 4700 2595 4755 mendacii
2626 4716 2787 4772 posse
2841 4702 3093 4757 convinci
3146 4719 3256 4759 non
3304 4715 3559 4774 veretur;
3610 4717 3666 4763 at

2099 4795 2227 4848 dum
2254 4809 2461 4849 venena
2485 4803 2726 4866 spargat,
2754 4811 2876 4866 quae
2906 4796 3170 4858 inﬁciant.
3195 4813 3384 4868 parum
3414 4800 3490 4854 illi
3520 4816 3665 4856 cura:

2097 4894 2201 4952 est,
2234 4888 2278 4942 si
2307 4902 2460 4942 suam
2494 4887 2550 4941 in
2591 4887 2954 4959 scriptoribus
2997 4889 3360 4960 intelligendis
3391 4891 3661 4947 inscitiam

2098 4977 2407 5050 patefaciat.
2439 4977 2571 5034 Vide
2598 4980 2775 5048 ipsum
2812 4995 2870 5050 p.
2905 4979 3007 5034 156
3044 4988 3098 5036 et
3127 4981 3249 5034 158.
3291 4981 3446 5047 Quod
3474 4983 3521 5038 si
3553 4999 3661 5040 non

2094 5079 2178 5125 est
2205 5071 2492 5134 invertere,
2521 5077 2970 5140 transversosque
2994 5085 3152 5140 agere
3176 5069 3368 5127 Patres
3392 5081 3447 5126 et
3471 5087 3660 5127 eorum

2094 5162 2414 5226 sententias,
2447 5161 2579 5231 quid
2617 5161 2756 5216 erit?
2791 5159 2915 5215 Hac
2954 5161 3078 5218 ideo
3112 5163 3367 5218 adnotavi
3402 5171 3459 5219 ut
3503 5172 3660 5219 notas

2094 5255 2214 5309 illas
2246 5261 2405 5309 caute
2432 5253 2605 5309 lector
2633 5259 2937 5323 percurrat.

2161 5363 2296 5419 Ibid.
2343 5362 2456 5433 Τῆς
2490 5362 2815 5434 ἀχράντου.
2855 5363 2986 5431 Quae
3025 5373 3140 5422 tota
3170 5368 3398 5439 pulchra
3429 5377 3533 5437 est,
3557 5383 3659 5425 nec

2090 5459 2254 5512 ullam
2280 5457 2516 5512 admittit
2547 5457 2770 5512 omnino
2797 5461 3086 5514 maculam.
3115 5459 3172 5514 In
3195 5477 3312 5515 eam
3344 5460 3579 5517 humiles
3603 5469 3656 5515 et

2087 5551 2289 5616 devoti,
2321 5551 2437 5605 haec
2465 5551 2714 5621 quamvis
2745 5551 3042 5622 incompta,
3069 5552 3264 5608 aﬂ‘cctu
3293 5562 3472 5608 tamen
3496 5553 3655 5622 plena

2086 5645 2406 5710 cecinimus.
2447 5643 2578 5709 Quae
2607 5643 2728 5709 tibi,
2754 5645 2946 5714 lector,
2985 5644 3361 5718 φιλοπαρθένῳ
3411 5659 3524 5701 non
3564 5642 3654 5701 in-

2085 5748 2236 5809 grata
2269 5737 2384 5793 fore
2414 5736 2808 5796 existimamus.
