4064 6290
479 277 615 332 £039

1801 278 2046 334 LEONIS
2084 280 2356 334 ALLATll

3580 286 3721 342 £060

480 395 704 449 Mariam
751 396 926 466 stupri
970 403 1023 450 et
1061 394 1331 466 sacrilegii
1367 402 1654 451 accusatos
1705 411 1772 450 ex
1821 397 2033 452 decreto

2145 415 2252 469 ρων
2304 396 2572 451 ἐκώλυσεν
2628 399 2974 469 ἐντυγχάνειν
3031 401 3210 465 αὐτοῖς
3256 402 3442 474 ὥσπερ
3485 406 3550 475 τῇ
3597 404 3722 477 θεία

479 491 817 546 sacerdotum
849 491 1009 546 simul
1048 489 1216 547 fuisse
1245 491 1468 546 adactos
1508 490 1576 545 ad
1607 488 1902 545 bibendum
1945 505 2044 560 po-

475 587 657 639 culum
686 583 1082 648 redargutioni—s
1108 599 1217 654 quo
1242 582 1454 655 Moyses
1477 581 1747 653 explorari
1772 581 1939 652 jussit
1970 582 2046 636 in-

474 679 781 732 nocentiam
823 675 1037 731 feminae
1063 677 1129 732 de
1162 677 1431 733 adulterio
1481 682 1768 747 suspectae.
1805 675 2042 746 Epipha—

475 772 597 825 nius
637 768 936 822 monachus
977 775 1031 823 et
1082 769 1366 840 presbyter
1397 768 1580 823 libello
1623 767 1690 822 de
1733 768 1842 821 vita
1873 768 2042 821 beatae

475 863 653 918 Mariae
683 862 909 933 virginis
934 861 1193 916 Jacobum
1223 862 1366 914 hunc
1399 860 1532 915 dicit
1575 859 1744 915 fuisse
1769 857 2039 920 Judaeum,

470 965 523 1011 et
549 957 734 1010 iisdem
760 969 882 1009 cum
906 953 1128 1024 Virgine
1154 952 1491 1022 temporibus
1518 952 1720 1006 vixisse
1747 971 1761 1006 :
1793 952 1867 1005 ita
1897 951 2040 1005 enim

469 1050 535 1104 de
565 1064 631 1105 eo
661 1048 1009 1120 pronuntiat:
1046 1045 1203 1098 Ἀλλά
1236 1046 1328 1098 καὶ
1360 1047 1408 1097 οἱ
1456 1045 1899 1116 ἐπιχειρήσαντες
1946 1043 2038 1096 καὶ

470 1140 609 1211 μέρη
665 1138 784 1192 τινὰ
824 1137 1066 1199 εἰπόντες
1107 1136 1206 1188 οὐκ
1246 1135 1704 1205 όρθοτομήσαντες
1750 1135 1886 1204 ἀμφ’
1913 1136 2039 1187 ἐαυυ

465 1237 575 1297 τοῖς
602 1232 855 1301 γεγόνασι
882 1229 1197 1299 κατήγοροι,
1225 1221 1325 1280 οἷοι
1349 1225 1602 1290 Ἰάκωϐος
1643 1225 1912 1297 Ἐϐραῖος,
1948 1226 2041 1278 καὶ

477 1322 878 1396 Ἀφροδισιανὸς
925 1321 1160 1393 Πέρσης,
1209 1321 1303 1372 καὶ
1340 1317 1487 1373 ἄλλοι
1510 1318 1674 1381 τινὲς,
1711 1317 1868 1388 μόνον
1914 1318 2040 1388 περὶ

462 1415 561 1484 τῆς
597 1413 861 1482 γενέσεως
896 1412 1069 1481 αὐτῆς
1114 1410 1392 1474 εἰπόντες,
1444 1407 1646 1471 εὐθέως
1705 1407 2036 1479 ἐσιώπησαν.

463 1504 598 1577 Περὶ
623 1505 680 1558 δέ
717 1504 817 1574 τῆς
851 1503 1156 1573 κοιμήσεως
1201 1502 1370 1570 αὐτῆς
1411 1499 1661 1569 Ἰωάννης
1697 1501 1725 1551 6
1765 1499 2038 1553 Θεσσαλο-

460 1599 676 1660 νικεὺς,
729 1593 1154 1664 πολυθρύλλητον
1205 1592 1569 1663 ποιησάμενος
1615 1590 1770 1658 λόγον
1804 1630 1819 1655 ,
1880 1589 2040 1652 αὐτὸς

462 1689 652 1743 ἐαυτὸν
700 1687 1011 1741 ἐπεσκίασε.
1051 1686 1160 1738 Καὶ
1211 1685 1396 1756 ἔτερος
1440 1683 1495 1734 δὲ
1555 1681 1835 1754 Ἰωάννης,
1879 1681 2039 1735 αὑτὸν

2145 487 2303 561 λοιπῇ
2342 489 2552 562 Γραφῇ.
2587 491 2697 545 Καὶ
2722 493 2883 562 ἡμεῖς
2914 492 3013 556 τὰς
3043 493 3471 565 περιγραφείσας
3494 496 3720 568 χρήσεις

2144 584 2283 656 ὑπὲρ
2309 583 2404 638 τοῦ
2445 585 2613 650 δεῖξαι
2647 585 2805 655 μόνον
2836 585 2934 656 τήν
2965 585 3074 639 τῶν
3107 587 3424 658 ἐγρηγόρων
3467 587 3720 659 παράϐα⁶

2146 691 2248 739 σιν,
2282 675 2372 728 καὶ
2399 676 2498 746 τὴν
2541 675 2649 730 τῶν
2677 678 2949 746 γιγάντων
2997 677 3273 746 ἀσέϐειαν,
3317 679 3444 751 περὶ
3470 676 3535 752 ἧς
3569 681 3660 732 καὶ
3687 681 3720 730 6

2144 769 2284 830 θεῖος
2310 770 2548 840 Μωῦσῆς
2582 771 2869 841 μέμνηται,
2903 769 2996 823 καὶ
3023 771 3103 822 ὅτι
3136 769 3202 821 δι’
3235 770 3428 833 αὐτοὺς
3455 772 3482 822 6
3523 785 3715 840 κοσμι-

2143 859 2234 923 κὸς
2277 860 2465 928 γέγονε
2508 861 2884 932 κατακλυσμὸς
2931 861 3300 932 παρεθέμεθα.
3353 861 3496 916 Bene
3529 863 3714 931 itaque

2144 958 2322 1003 actum
2371 965 2494 1003 cum
2545 951 2648 1005 hoc
2678 960 2924 1015 auctore,
2954 967 3077 1004 cum
3111 949 3430 1006 Eustathius
3467 952 3736 1016 omissis,-

2142 1050 2195 1097 et
2223 1042 2560 1098 detruncatis
2593 1043 2682 1106 iis,
2711 1058 2831 1112 quae
2865 1043 3050 1098 fucum
3082 1043 3262 1099 facere
3292 1057 3532 1113 possent,
3557 1045 3712 1100 utilia

2143 1142 2353 1187 tantum
2387 1134 2660 1205 decerpsit
2703 1136 2898 1190 devoto
2945 1136 3155 1200 lectori,
3201 1134 3549 1208 Virginisque
3590 1145 3710 1193 stu-

2145 1225 2300 1280 dioso
2329 1242 2439 1281 non
2468 1227 2841 1294 incommoda;
2872 1229 3002 1298 quin
3040 1229 3177 1282 tanti
3204 1228 3382 1283 Patris
3411 1232 3709 1288 auctoritas

2144 1317 2358 1385 pondus
2411 1317 2511 1382 illi,
2548 1327 2602 1372 et
2633 1320 3016 1374 auctoritatem
3061 1319 3233 1383 addit,
3269 1321 3541 1391 praecipue
3583 1336 3708 1377 cum

2143 1408 2279 1461 nihil
2311 1409 2382 1462 sit
2415 1426 2481 1464 ex
2527 1409 2616 1473 iis,
2650 1425 2772 1480 qua:
2808 1411 2897 1464 hic
2942 1407 3273 1477 referuntur,
3307 1413 3453 1482 quod
3485 1413 3568 1468 vel
3601 1412 3705 1469 Ec-

2141 1499 2320 1554 clesiaa
2351 1502 2433 1555 vel
2459 1501 2574 1571 ejus
2616 1503 2930 1557 auctoritati
2963 1505 3296 1558 contrarium
3349 1506 3440 1568 sit,
3483 1505 3595 1561 imo
3625 1516 3707 1563 te-

2142 1593 2415 1648 stimoniis
2461 1594 2729 1666 dictisque
2777 1597 3007 1650 aliorum
3056 1595 3280 1652 Patrum
3329 1606 3383 1653 et
3411 1598 3704 1658 historico-

2143 1697 2260 1736 rum
2285 1685 2466 1738 omnia
2517 1685 2625 1741 sint
2672 1694 3058 1741 consentanea.
3117 1683 3302 1756 quue
3360 1688 3616 1745 libentius
3648 1691 3705 1748 in

461 1782 707 1850 θεολόγον
735 1777 1068 1850 ἐπιχρώσας,
1101 1777 1222 1830 τότε
1253 1775 1480 1846 ψεύδους
1521 1773 1770 1844 ἔγκλημα
1802 1773 1885 1841 ἐφ’
1914 1775 2033 1825 ἐαυ-

2138 1773 2278 1828 hanc
2307 1775 2478 1829 ducor
2510 1779 2854 1842 sententiam,
2891 1791 3013 1830 cum
3046 1775 3258 1830 videam
3292 1792 3399 1832 non
3438 1778 3647 1834 laudari
3673 1796 3704 1835 a

459 1874 548 1928 τὸν
601 1873 965 1926 ἐπεσπάσατο.
1032 1868 1285 1940 Ἀνδρέας
1333 1868 1389 1921 δέ
1431 1870 1460 1920 6
1505 1867 1564 1930 ἐξ
1619 1865 2001 1937 Ἰεροσολύμων
2020 1903 2040 1941 ,_

460 1967 756 2030 ἐπίσκοπος
790 1965 1035 2037 Κρήτης,
1081 1961 1238 2030 ὀλίγα
1280 1960 1402 2014 τινὰ
1445 1958 1633 2021 εἰπὼν,
1685 1958 1778 2010 καὶ
1823 1956 2038 2029 ὀρθοτο-

463 2060 642 2131 μήσας
670 2059 748 2120 είς
786 2055 1061 2126 ἐγκωμίου
1081 2051 1235 2117 τάξιν
1255 2051 1351 2122 τὴν
1383 2051 1633 2122 διήγησιν
1669 2048 1914 2118 ἔστησεν.
1947 2045 2033 2113 Εῑ,

458 2151 735 2206 nonnullis
763 2147 1058 2218 interjectis
1091 2164 1107 2200 :
1137 2144 1446 2206 Ἀθανάσιος
1471 2145 1526 2197 δέ
1551 2146 1578 2196 6
1611 2142 2032 2214 Ἀλεξανδρείας,

459 2244 552 2298 καὶ
577 2243 726 2296 Λέων
750 2244 778 2296 6
827 2239 1065 2311 Ῥώμης,
1102 2237 1343 2301 εἰπόντες
1369 2238 1498 2308 περὶ
1519 2237 1706 2306 αὐτῆς,
1738 2237 1822 2288 ὅτι
1847 2234 2033 2288 ἐπιθυ-

461 2334 589 2406 μίαν
640 2332 830 2403 ἀνδρὸς
873 2331 1128 2402 ἠγνόησε,
1158 2329 1252 2384 καὶ
1301 2330 1357 2381 αἱ
1417 2327 1568 2396 ἆγιαι
1615 2328 1784 2378 πᾶσαι
1832 2324 2034 2377 σύνοδοι

455 2426 723 2501 ὀρθόδοξοι
774 2425 835 2477 τὸ
885 2424 1016 2478 αὐτὸ
1053 2420 1535 2493 ἐπιμαρτυροῦσιν,
1593 2412 1716 2472 Οἷον
1781 2417 2034 2482 Ἰάκωϐος

469 2523 735 2594 Ἐϐραῖος,
771 2518 890 2571 τότε
926 2515 1140 2587 παρὼν,
1175 2517 1268 2568 καὶ
1324 2513 1395 2566 τά
1435 2512 1561 2583 περὶ
1604 2512 1769 2583 αὐτὴν
1798 2511 2032 2582 γράψας,

455 2613 626 2682 λέγει,
657 2613 758 2675 ὃτι,
794 2610 880 2662 διὰ
904 2608 963 2660 τὸ
1005 2605 1256 2676 γενέσθαι
1283 2605 1435 2672 ξένον
1462 2605 1554 2657 καὶ
1579 2602 2036 2673 παρηλλαγμένον

457 2705 600 2760 κατά
651 2703 827 2757 πάντα
874 2701 965 2755 τὸν
1021 2699 1274 2762 τοκετὸν,
1328 2697 1727 2769 ψηλαφισθεῖσα
1788 2695 1893 2749 ὑπὸ
1937 2695 2035 2765 τῆς

461 2800 647 2871 μαίας,
697 2794 894 2867 εὑρέθη
940 2793 1227 2865 παρθένος,
1280 2791 1355 2854 ὼς
1401 2791 1508 2861 πρὸ
1558 2788 1650 2841 τοῦ
1699 2789 1892 2842 τόκου·
1942 2787 2036 2842 καὶ

469 2889 678 2944 Ῥουϐὶν
706 2888 763 2940 δὲ
792 2889 820 2940 6
852 2885 1027 2956 ἱερεὺς
1083 2883 1239 2938 τοῦτο
1271 2880 1779 2953 ἐπεξεργασάμενος
1826 2878 1914 2933 διὰ
1938 2879 2036 2949 τῆς

456 2981 674 3052 Μαρίας
708 2976 1150 3050 ἐπληροφορηθη.
1190 2973 1466 3044 Quidquid
1521 2981 1703 3027 tamen
1755 2973 1846 3036 sit,
1901 2972 2036 3026 illud

458 3074 806 3130 verissimum
855 3079 960 3131 est,
1011 3070 1274 3138 scriptum
1306 3068 1410 3121 hoc
1444 3080 1567 3122 esse
1617 3064 1926 3134 antiquum,
1977 3073 2031 3118 et
2054 3094 2075 3138 ,-

457 3166 814 3222 circumcirca
879 3162 1250 3224 apostolorum
1315 3167 1559 3229 tempora
1629 3158 2022 3226 conscriptum.

457 3258 567 3316 Nec
594 3258 840 3321 dubium,
872 3255 929 3309 in
958 3256 1083 3317 hoc,
1109 3253 1250 3308 sicut
1278 3258 1331 3306 et
1361 3252 1416 3306 in
1447 3251 1633 3305 multis
1656 3249 1778 3304 aliis
1807 3249 2024 3311 accidit,

457 3357 527 3413 ab
570 3353 842 3410 haereticis
890 3351 1059 3405 multa
1096 3349 1268 3403 fuisse
1317 3347 1521 3401 inserta
1567 3345 1876 3400 astruenda:
1907 3358 2030 3414 pro-

460 3447 591 3518 priae
649 3446 919 3499 haereseos
954 3457 1142 3506 causa,
1189 3438 1549 3507 veritatisque
1592 3435 1875 3489 catholica
1934 3434 2027 3488 dc-

457 3537 750 3595 struendaa.
797 3535 1030 3605 Ideoque
1059 3534 1178 3602 ejus
1205 3532 1366 3587 lectio
1393 3546 1493 3584 nec
1523 3528 1776 3582 omnibus
1806 3526 2030 3596 permit-

460 3632 639 3696 tenda,
665 3639 720 3685 et
754 3629 1064 3698 quicunque
1102 3624 1351 3695 legerint,
1382 3628 1587 3677 attente
1630 3618 1761 3674 illud
1809 3633 2030 3687 percur-

457 3731 597 3786 rent,
634 3739 704 3777 ne
749 3736 870 3791 quae
916 3717 1155 3773 haeretici
1191 3708 1451 3780 absurda,
1484 3721 1538 3769 et
1586 3723 1774 3767 contra
1813 3709 2028 3762 divinas

460 3815 693 3870 Litteras
721 3813 884 3874 clam,
910 3809 1208 3878 dolosequc
1229 3805 1608 3868 disseminant,
1640 3803 1742 3872 ipsi
1769 3809 2028 3870 tanquam

458 3920 586 3959 vera
615 3902 869 3958 hauriant
900 3907 954 3956 et
985 3900 1241 3970 genuina,
1275 3899 1342 3951 de
1387 3896 1588 3966 quibus
1619 3904 1777 3949 caute
1809 3893 1941 3948 satis
1976 3897 2030 3945 et

459 3997 724 4064 Georgius
763 3993 1082 4066 Syncellus:
1119 3991 1305 4044 Ταῦτα
1340 3991 1435 4060 μὲν
1483 3991 1547 4042 ἐκ
1576 3986 1668 4040 τοῦ
1702 3985 1916 4057 πρώτου
1952 3983 2030 4054 βι-

459 4083 608 4137 ϐλίου
651 4083 819 4152 Ἑνὼχ
848 4083 976 4154 περὶ
999 4081 1105 4134 τῶν
1132 4079 1466 4151 ἐγρηγόρων,
1491 4080 1540 4131 εί
1568 4079 1662 4132 καὶ
1700 4075 1772 4148 μὴ
1813 4074 2030 4138 τελείως

459 4176 564 4248 χρὴ
603 4176 888 4248 προσέχειν
916 4173 1271 4242 ἀποκρύφοις,
1307 4172 1539 4243 μάλιστα
1579 4171 1704 4232 τοὺς
1735 4167 2030 4222 ἁπλουστέ-

460 4287 609 4343 ρους,
638 4268 726 4321 διά
756 4285 815 4320 τε
851 4267 912 4319 τὸ
949 4266 1164 4337 κρυπτά
1204 4280 1325 4316 τινα
1354 4262 1448 4315 καὶ
1484 4261 1679 4333 ἀτριϐῆ
1712 4260 1809 4330 τῆς
1837 4257 2032 4327 ἐκκλη-

461 4362 743 4432 σιαστικῆς
769 4358 1113 4431 παραδόσεως
1143 4357 1304 4427 ἔχειν,
1351 4355 1444 4408 καὶ
1474 4353 1561 4406 διά
1586 4354 1646 4405 τὸ
1686 4349 2030 4404 νενοθεῦσθαι

2135 1866 2660 1931 ηοεινοΕυειαιίιίο
2716 1877 2973 1939 tanquam
3031 1885 3170 1939 opus
3197 1869 3384 1926 Jacobi
3445 1875 3701 1943 apostoli,

2136 1957 2232 2013 sed
2266 1959 2490 2014 alterius
2520 1960 2827 2030 cujusdam,
2861 1960 3006 2030 quod
3036 1962 3338 2019 clarissime
3368 1965 3704 2034 signiﬁcatur

2135 2049 2412 2106 additione
2450 2051 2540 2105 illa
2595 2069 2700 2115 τις,
2746 2053 2999 2117 Ἰάκωϐός
3028 2071 3113 2116 τις
3133 2093 3153 2116 .,
3190 2053 3422 2111 Iacobus
3464 2058 3698 2128 quidam.

2135 2142 2289 2209 Quod
2315 2143 2361 2197 si
2389 2145 2755 2199 existimasset
2776 2160 2898 2199 esse
2927 2149 3176 2215 apostoli,
3211 2163 3486 2218 nunquam
3518 2150 3705 2206 siluis-

2136 2245 2247 2298 set;
2278 2243 2351 2300 et,
2380 2235 2523 2304 quod
2554 2251 2661 2290 non
2695 2245 2779 2291 est
2812 2237 3039 2293 minoris
3081 2241 3359 2305 momenti,
3409 2240 3704 2311 Gregorius

2139 2324 2419 2396 Nysseuus
2465 2327 2532 2381 de
2583 2328 2870 2386 nativitate
2912 2329 3146 2401 Virginis
3194 2339 3455 2398 tractans,
3501 2349 3567 2388 ex
3598 2333 3703 2388 hoc

2136 2419 2318 2474 libello
2347 2421 2519 2475 multa
2555 2430 2832 2477 mutuatus
2867 2439 2990 2479 esse
3018 2425 3232 2480 videtur
3257 2427 3423 2480 tacito
3459 2429 3702 2483 auctoris

2134 2511 2372 2576 nomine,
2403 2511 2506 2567 etsi
2546 2512 2689 2568 inter
2733 2516 3041 2586 apocrypha
3087 2517 3331 2586 rejiciat;
3370 2517 3490 2587 ejus
3542 2519 3701 2574 verba

2134 2605 2403 2662 habentur
2435 2606 2582 2677 apud
2615 2606 2934 2678 Symeonem
2964 2609 3384 2682 Metaphrastem
3415 2612 3490 2666 De
3509 2613 3704 2668 nativi-

2136 2699 2333 2753 tatc'et
2388 2699 2694 2754 educatione
2743 2699 2905 2756 beata:
2956 2702 3146 2757 Maria:
3187 2702 3458 2772 Virginis:
3496 2705 3702 2760 Αὐτίκα

2133 2789 2264 2858 γοῦν
2319 2793 2346 2843 6
2401 2791 2541 2854 θεῖος
2591 2791 2886 2863 Γρηγόριος
2938 2796 2995 2847 ἐν
3045 2794 3123 2865 τῷ
3169 2795 3331 2866 λόγῳ,
3372 2797 3430 2860 ὃς
3482 2798 3560 2860 είς
3605 2796 3701 2870 τὴν

2134 2881 2370 2954 Χριστοῦ
2407 2884 2656 2954 γέννησιν
2689 2885 2837 2955 αὐτῷ
2868 2887 3164 2958 συνετάχθη
3202 2889 3381 2942 τοιάδε
3422 2890 3549 2962 περ)⁵
3575 2890 3701 2944 ταύ-

2133 2989 2232 3044 της
2259 2972 2646 3045 διαλαμϐάνει·
2693 2975 2956 3039 Ἤκουσα,
2992 2976 3185 3045 λέγων,
3215 2978 3532 3051 ἀποκρύφου
3560 2979 3701 3043 τινὸς

2139 3066 2374 3136 ἱστορίας
2391 3066 2612 3120 τοιαῦτα
2639 3068 3074 3140 παρατιθεμένης
3096 3069 3165 3122 τὰ
3182 3072 3311 3142 περὶ
3326 3073 3495 3142 αὐτῆς
3509 3073 3700 3143 διηγήά

2130 3176 2273 3229 ματα
2287 3173 2307 3195 ο
2335 3158 2632 3230 Ἑπίσημος
2648 3156 2732 3231 ἦν.
2749 3169 2854 3216 etc.
2881 3161 3009 3228 Quae
3032 3163 3265 3232 pessime
3283 3167 3350 3218 ita
3367 3165 3597 3219 reddidit
3615 3165 3702 3222 in-

2127 3259 2338 3321 terpres
2357 3252 2575 3308 :Audivi
2593 3270 2864 3320 arcanam,
2888 3264 2935 3308 et
2952 3257 3206 3309 occultam
3227 3257 3499 3326 quamdam
3527 3257 3694 3311 histo—

2129 3344 2264 3396 riam
2282 3344 2412 3398 tales
2430 3343 2493 3397 de
2515 3360 2576 3398 ea
2597 3345 2897 3413 prodentem
2924 3349 3274 3411 narrationes,
3293 3363 3390 3399 nec
3407 3347 3546 3401 enim
3566 3347 3695 3399 ἀπό-

2127 3453 2332 3508 κρυφος
2393 3436 2447 3490 in
2495 3437 2773 3502 historiis,
2818 3453 3048 3502 arcana,
3103 3446 3156 3493 et
3205 3439 3415 3492 occulta
3458 3435 3690 3491 historia

2127 3537 2231 3582 est.
2262 3527 2397 3582 Puto
2432 3528 2577 3582 hunc
2618 3544 2741 3584 esse
2769 3527 3033 3584 Jacobum
3082 3531 3237 3601 cujus
3287 3530 3530 3584 meminit
3563 3525 3683 3582 Ori-

2128 3635 2294 3691 genes
2323 3621 2472 3674 hom.
2509 3620 2578 3674 15
2604 3622 2659 3674 in
2682 3618 3018 3675 Matthwum.

2199 3710 2315 3764 Col.
2349 3710 2470 3770 772,
2502 3711 2598 3764 lin.
2651 3711 2738 3765 '51.
2776 3712 2870 3764 Ἐν
2908 3710 3036 3777 ταῖς
3056 3711 3298 3781 φυλαῖς.
3330 3711 3402 3767 De
3445 3714 3547 3769 hoc
3578 3713 3700 3769 vide

2129 3801 2389 3856 Joannem
2442 3800 2868 3868 Damascenum,
2919 3803 2996 3857 De
3053 3804 3158 3874 ﬁde
3214 3805 3424 3862 orthod.
3476 3807 3571 3861 lib.
3623 3823 3697 3873 tv,

2131 3897 2293 3967 capit.
2330 3897 2430 3963 15;
2465 3897 2852 3968 Epiphanium,
2891 3899 3080 3953 hmres.
3113 3899 3200 3964 78,
3249 3898 3510 3955 adversus
3546 3899 3698 3954 Anti-

2131 3988 2608 4056 dicomarianitas;
2657 3995 2714 4044 et
2765 3989 2958 4044 haares.
3019 3988 3085 4053 9,
3144 3989 3409 4047 adversus
3470 3989 3699 4062 Collyri-

2132 4079 2344 4134 dianos.

2200 4173 2360 4237 lbid.,
2385 4173 2484 4226 lin.
2502 4172 2590 4228 52.
2613 4171 2836 4241 Ἀνὸρα
2867 4174 3185 4227 πλούσιον.
3213 4171 3460 4227 Joachim
3479 4171 3693 4229 Patrem

2138 4263 2376 4334 Virginis
2391 4275 2446 4320 et
2462 4265 2705 4329 divitem,
2731 4274 2786 4321 et
2806 4265 3009 4319 sobolis
3024 4272 3295 4334 expertem
3319 4267 3558 4320 maximo
3573 4280 3696 4320 cum

2134 4354 2321 4410 dolore
2342 4356 2408 4410 ad
2429 4355 2597 4410 Deum
2614 4357 2925 4426 confugisse
2946 4357 3016 4410 ita
3041 4363 3226 4410 narrat
3244 4355 3538 4426 Gregorius
3559 4355 3695 4427 Nys-

457 4455 597 4510 αὐτὰ
621 4455 726 4508 ὑπὸ
763 4451 1024 4508 Ἰουδαίων
1041 4451 1132 4504 καὶ
1157 4448 1464 4519 αἱρετικῶν.
1497 4446 1641 4515 Πλὴν
1670 4445 1763 4496 καὶ
1791 4445 1818 4495 6
1850 4442 2024 4513 μακά-
2058 4451 2100 4505 D
2129 4463 2311 4509 genus,
2327 4447 2572 4501 oratione
2585 4448 2662 4509 (1,,
2681 4448 2976 4518 Ἐπίσημος
2991 4443 3057 4519 ἦν
3070 4450 3126 4503 ἐν
3143 4450 3206 4519 τῇ
3222 4447 3357 4500 κατὰ
3372 4448 3531 4518 νόμον
3545 4448 3696 4518 ἀκρι,

461 4566 576 4620 ριος
604 4546 816 4610 Παῦλος
863 4543 1101 4606 σπανίως
1135 4539 1404 4612 ἐχρήσατό
1436 4553 1575 4592 τισιν
1603 4538 1661 4602 ἐξ
1693 4533 2024 4603 άποκρύφων

457 4640 738 4710 χρήσεσιν,
752 4638 827 4700 ὼς
850 4637 976 4690 ὅταν
997 4635 1158 4705 φησὶν
1182 4634 1239 4685 ἐν
1261 4633 1326 4701 τῇ
1346 4629 1478 4700 πρὸς
1499 4626 1815 4699 Κορινθίους
1835 4622 2026 4695 πρώτη

472 4730 756 4802 Ἐπιστολῇ
773 4729 843 4783 τὰ
863 4750 881 4782 ‹
903 4725 1207 4797 Ὀφθαλμὸς
1221 4725 1320 4777 οὑκ
1335 4719 1560 4786 είδε,καὶ
1575 4718 1668 4784 οῦς
1689 4719 1789 4771 οὐκ
1803 4716 2023 4787 ἤκουσε,

458 4824 553 4879 καὶ
576 4823 667 4878 ἐπὶ
695 4821 919 4894 καρδίαν
948 4817 1231 4891 ἀνθρώπου
1275 4815 1374 4868 οὐκ
1407 4811 1596 4882 ἀνέϐη,
1628 4830 1646 4862 ι
1685 4808 1779 4863 καὶ
1812 4806 1878 4860 τά
1902 4807 2026 4877 ἐξῆς

469 4915 624 4972 Ἠλία
672 4913 1024 4984 ἀποκρύφων.
1067 4910 1177 4965 Καὶ
1209 4908 1368 4962 πάλιν
1398 4908 1454 4959 ἐν
1499 4906 1564 4975 τῇ
1600 4903 1736 4974 πρὸς
1783 4899 2027 4963 Γαλάτας

459 5011 521 5062 ἐκ
563 5007 660 5078 τῆς
699 5004 976 5067 Μωῦσέως
1004 5001 1411 5071 ἀποκαλύψεως·
1453 5017 1473 5050 ι
1511 4997 1646 5052 Οὔτε
1677 4997 1945 5068 περιτομή
1974 4996 2027 5048 τί

459 5103 604 5154 ἐστιν
628 5097 752 5153 οὕτε
784 5095 1135 5168 ἀκροϐυστία,
1167 5093 1303 5158 ἀλλά
1329 5091 1489 5163 καινὴ
1523 5091 1718 5154 κτίσις.
1767 5109 1786 5141 ι
1822 5090 1931 5142 Καὶ
1971 5089 2028 5142 ἐν

460 5196 523 5264 τῇ
557 5193 691 5266 πρὸς
723 5189 999 5259 Ἐφεσίους
1027 5189 1091 5240 ἐκ
1111 5187 1216 5240 τῶν
1260 5185 1517 5257 Ἰερεμίου
1561 5183 1866 5254 λεγομένων
1897 5183 2028 5235 ἀπο-

461 5284 704 5356 κρύφων,
743 5301 762 5335 ι
806 5282 1080 5350 Ἐγειραι,
1102 5280 1131 5332 6
1160 5277 1454 5343 καθεύδων,
1486 5277 1579 5331 καὶ
1609 5275 1817 5330 ἀνάστα
1850 5277 1914 5329 ἐκ
1943 5293 2030 5328 νε-

461 5375 627 5447 κρῶν,
662 5377 757 5429 καὶ
788 5371 1078 5442 ἐπιφαύσει
1106 5387 1188 5424 σοι
1209 5371 1237 5423 6
1263 5370 1510 5440 Χριστός.
1546 5388 1564 5420 ι
1604 5368 1787 5421 Ταῦτα
1816 5367 1871 5420 δέ
1897 5370 2028 5438 ἡμῖν

463 5470 672 5541 εἴρηται
702 5469 764 5522 οὐ
798 5466 933 5538 πρὸς
982 5463 1159 5518 ἄδειαν
1207 5462 1316 5515 τῶν
1353 5460 1687 5530 βουλομένων
1720 5460 2030 5528 ἀδιαφόρως

463 5559 838 5629 ἐντυγχάνειν
874 5556 947 5628 μὴ
992 5555 1229 5625 γένοιτοί
1274 5553 1464 5606 Πολλοὶ
1501 5552 1609 5624 γάρ
1638 5553 1944 5624 ἐϐλάϐησαν
1972 5554 2029 5605 ἐν

465 5642 627 5703 πᾶσιν
655 5651 833 5712 αὐτοῖς
867 5647 1238 5711 πιστεύοντες·
1267 5646 1387 5700 ὅθεν
1417 5645 1511 5698 καὶ
1540 5647 1574 5716 ἡ
1617 5645 1747 5712 ἁγία
1771 5644 1863 5697 τοῦ
1880 5644 2027 5697 -Θεοῦ

477 5739 787 5810 Ἐκκλησία,
833 5741 926 5794 καὶ
957 5742 985 5793 6
1029 5740 1186 5810 χορὸς
1213 5738 1318 5794 τῶν
1347 5737 1618 5809 θεοφόρων
1655 5737 1811 5808 ἡμῶν
1856 5737 2041 5804 Πατέτ

2129 4539 2212 4590 ϐεῖ
2224 4539 2484 4610 πολιτείᾳ,
2498 4539 2591 4591 καὶ
2606 4539 2878 4612 γνώριμος
2890 4542 2946 4593 ἐν
2957 4545 3068 4605 τοῖς
3083 4539 3385 4604 καλλίστοις
3396 4543 3424 4594 6
3434 4541 3530 4609 τῆς
3549 4540 3632 4592 Πα
3638 4555 3696 4609 ρ-

2129 4629 2280 4682 θένου
2307 4629 2509 4702 πατὴρ.
2537 4632 2703 4696 ἄπαις
2735 4633 2792 4686 δὲ
2839 4635 3120 4704 κατεγήρα
3151 4634 3242 4686 τὸν
3277 4633 3409 4704 βίον,
3447 4633 3526 4686 ὅτι
3549 4629 3696 4701 αὐτῷ

2129 4721 2264 4793 πρὸς
2293 4723 2634 4791 τεκνογονίαν
2686 4725 2786 4777 οὐκ
2819 4724 3133 4796 ἐπιτηδείως
3183 4720 3327 4795 εἶχεν
3361 4725 3393 4795 ή
3433 4723 3692 4785 σύνοικος.

2128 4808 2235 4867 Ἦν
2256 4813 2313 4866 δέ
2355 4832 2438 4878 τις
2464 4817 2527 4868 ἐκ
2551 4816 2644 4869 τοῦ
2676 4817 2840 4887 νόμου
2870 4818 3001 4888 τιμὴ
3049 4820 3169 4879 ταῖς
3209 4817 3498 4887 μητράσιν,
3534 4812 3601 4888 ἦς
3635 4815 3710 4875 ού,

2133 4909 2378 4978 μετεῖχον
2404 4908 2452 4959 οἰ
2484 4907 2685 4976 ἄγονοι.
2704 4909 2968 4979 Μιμεῖται
2985 4909 3163 4962 τοίνυν
3188 4910 3280 4962 καὶ
3308 4909 3448 4978 αὐτὴ
3480 4905 3549 4960 τὰ
3571 4908 3696 4978 περὶ

2128 4999 2226 5068 τῆς
2257 4997 2461 5069 μητρὸς
2489 4998 2584 5052 τοῦ
2613 4999 2864 5072 Σαμουὴλ
2901 4999 3233 5072 διηγήματα,
3275 5000 3369 5052 καὶ
3408 4998 3557 5062 ἐντὸς
3603 4997 3694 5051 τοῦ

2129 5091 2258 5144 ναοῦ
2299 5091 2468 5160 ἁγίων
2517 5093 2795 5164 γινομένη,
2847 5092 3029 5165 ἱκέτης
3066 5094 3273 5162 γίνεται
3306 5091 3402 5146 τοῦ
3443 5091 3578 5145 θεοῦ
3625 5091 3700 5162 μὴ

2129 5181 2234 5247 ἐξω
2264 5186 2450 5238 πεσεῖν
2478 5185 2577 5254 τῆς
2611 5187 2674 5237 ἐκ
2701 5184 2806 5239 τῶν
2847 5186 3025 5254 νόμων
3076 5185 3344 5252 εὐλογίας,
3388 5183 3697 5256 ἐξαμαρτά-

2129 5294 2296 5331 νουσα
2328 5278 2456 5349 περὶ
2487 5278 2577 5330 τὸν
2609 5277 2771 5349 νόμον
2802 5277 2952 5330 οὐδέν
2973 5295 2985 5308 ⁸
3018 5277 3348 5346 γενέσθαιδέ
3381 5279 3563 5348 μήτηρ
3607 5278 3699 5330 καὶ

2130 5369 2434 5440 ἀφιερῶσαι
2465 5368 2582 5438 Θεῷ
2613 5369 2673 5421 τὸ
2700 5370 3034 5440 τικτόμενον.
3071 5368 3205 5424 Vide
3233 5367 3591 5438 Epiphanium
3622 5363 3700 5420 De

2131 5461 2382 5515 laudibus
2420 5463 2584 5514 beata:
2637 5461 2828 5515 Maria:
2877 5461 3149 5532 Virginis,
3205 5461 3474 5516 Andream
3521 5459 3699 5513 Casa-

2132 5554 2391 5617 riensem,
2427 5553 2778 5618 Germanum,
2814 5563 2868 5606 et
2897 5555 3053 5610 alios.

2199 5645 2314 5699 Col.
2355 5645 2476 5706 775,
2519 5645 2616 5699 lin.
2656 5645 2740 5699 i3.
2790 5648 2897 5699 Καὶ
2939 5647 3116 5715 γνοὺς
3153 5645 3268 5712 τὴν
3295 5643 3564 5715 γυναῖκα.
3619 5638 3700 5695 Ex

2134 5737 2218 5792 his
2249 5737 2508 5793 refellitur
2545 5737 3035 5807 Collyridianorutn
3082 5754 3256 5804 error,
3288 5738 3378 5808 qui
3401 5736 3503 5798 Dei
3537 5725 3718 5792 Geni—-
