4064 6290
390 435 394 438 ·
487 412 623 470 1055

1808 397 2049 455 LEONIS
2082 395 2354 455 ALLATII

3569 392 3708 447 1044

481 527 719 598 πατριᾶς
738 527 803 596 τῇ
834 524 1108 595 Παρθένῳ,
1139 524 1232 576 καὶ
1263 521 1551 593 μνηστεύει
1578 518 1718 573 κατὰ
1739 516 2042 588 συμϐουλὴν
2071 517 2118 576 Δ
2143 512 2702 585 δυναστευόμενος,ὼς
2730 517 2788 568 ὲν
2808 517 2874 585 τῇ
2899 513 3125 584 ὅὊνάμει
3151 511 3314 566 αὐτοῦ
3344 505 3483 566 εἶναι
3515 507 3706 578 καινὴν

481 617 590 670 τῶν
625 617 810 686 ἱερέων
838 613 1014 684 ἑαυτῷ
1041 612 1136 684 τὴν
1169 613 1349 668 παῖδα.
1392 613 1456 665 Ἥ
1495 612 1550 665 δὲ
1584 609 1845 680 συνάφεια
1886 608 2046 679 μέχρι
2145 606 2394 677 γέννησιν
2417 608 2968 678 δημιουργῆσαι,ἧτις
2981 605 3391 680 τὴνγενομένην
3417 602 3626 675 μητέρα
3640 601 3704 654 τὸ

487 707 776 780 μνηστείας
824 701 912 776 ἦν.
964 705 1095 758 Τότε
1146 707 1576 777 μυσταγωγεῖται
1617 701 1767 774 παρὰ
1803 701 1894 755 τοῦ
1938 701 2043 754 Γα-

483 799 644 872 ὄριὴλ
672 800 703 868 ἡ
728 797 1019 867 Παρθένος.
1057 797 1175 851 Non
1205 797 1490 852 dissimilia
1522 796 1682 850 habet
1705 793 2042 864 Epiphanius

483 893 728 946 adversus
758 889 1340 953 Antidicomarianitas,
1372 896 1425 943 et
1457 888 1603 944 alibi.

551 984 797 1048 (301.775,
818 984 916 1038 lin.
937 982 1025 1037 55.
1047 983 1157 1036 Kal
1177 979 1539 1035 καταλιπών.
1554 979 1658 1033 Alii
1676 994 1786 1034 rem
1814 979 1953 1032 hanc
1968 978 2042 1032 ita

481 1085 724 1129 narrant.
758 1073 1092 1142 Desponsata
1115 1069 1277 1141 Virgo
1309 1069 1625 1140 parentibus
1649 1069 1913 1132 redditur,
1942 1067 2039 1137 qui

478 1179 600 1219 eam
647 1163 867 1219 domum
912 1163 1193 1225 reducant,
1219 1170 1271 1217 et
1298 1177 1420 1232 quae
1465 1162 1531 1215 ad
1568 1161 1781 1216 futuras
1823 1161 2039 1229 nuptias

481 1263 610 1311 sunt
658 1255 968 1311 necessaria
1015 1262 1336 1324 praeparent.
1382 1252 1544 1308 Erant
1587 1252 1859 1322 sponsalia
1889 1251 2040 1321 ejus-

479 1347 627 1402 modi
661 1347 804 1417 apud
837 1346 1113 1412 Hebraaos,
1157 1362 1265 1400 non
1303 1346 1531 1400 minoris
1571 1345 1825 1399 momenti
1874 1359 2038 1414 quam

477 1439 611 1508 ipsa;
647 1439 872 1509 nuptiae,
905 1447 964 1492 ut
992 1446 1183 1492 auctor
1211 1444 1294 1493 est
1341 1435 1516 1502 Philo,
1545 1437 1590 1492 si
1619 1436 1834 1505 quidem
1866 1437 1920 1488 in
1949 1450 2038 1489 so-

477 1529 648 1584 lemni
707 1530 1005 1584 amicorum
1049 1535 1317 1582 conventu
1376 1526 1556 1579 mariti
1597 1526 1890 1594 uxorisque
1939 1539 2039 1578 no-

475 1623 626 1676 mina
655 1620 1034 1676 scribebantur
1074 1619 1126 1672 in
1161 1618 1380 1682 tabulis,
1407 1627 1460 1672 et
1491 1615 1537 1670 si
1567 1616 1697 1686 quid
1754 1630 1952 1686 sponsa
1982 1616 2037 1668 in

473 1713 638 1768 domo
659 1720 880 1784 paterna
931 1727 1156 1766 manens
1209 1711 1548 1781 deliquisset,
1579 1724 1730 1779 teque
1764 1708 2036 1778 plecteba-

473 1813 584 1868 tur,
621 1817 685 1858 ac
717 1812 912 1874 nupta;
947 1811 1004 1857 ut
1038 1804 1305 1872 lapidibus
1342 1803 1684 1864 obrueretur,
1718 1801 1762 1854 si
1783 1800 2034 1854 adulterii

473 1911 566 1952 rea
584 1897 799 1951 iuventa
824 1902 984 1950 esset.
1011 1894 1232 1950 Mariam
1271 1901 1452 1952 autem
1480 1895 1728 1948 nuntium
1755 1892 1821 1946 ab
1843 1892 2034 1962 angelo

471 1990 799 2060 suscepisse,
832 1988 960 2042 dum
1010 1989 1187 2043 adhuc
1227 1996 1467 2042 maneret
1507 1988 1564 2042 in
1599 1987 1760 2039 domo
1789 1995 2031 2054 paterna.

543 2081 660 2136 Col.
691 2081 812 2146 776,
842 2080 936 2134 lin.
956 2081 1008 2134 5.
1042 2081 1142 2134 Ἐν
1163 2075 1254 2146 οἷς
1280 2080 1378 2134 καὶ
1403 2080 1527 2133 τόν.
1549 2077 1755 2133 Similia
1779 2079 1844 2132 de
1867 2093 2032 2132 causa

471 2173 622 2230 necis
653 2172 931 2227 Zachariae
963 2173 1214 2243 leguntur
1253 2173 1394 2243 apud
1445 2170 1668 2227 Petrum
1716 2172 2032 2241 episcopum

469 2264 896 2320 Alexandrinum
926 2273 979 2319 et
1025 2274 1314 2336 martyrem
1350 2265 1407 2318 in
1438 2263 1556 2320 suis
1608 2262 1821 2333 Regulis
1871 2262 2033 2316 eccle-

470 2355 733 2418 siasticis,
774 2371 917 2425 quas.
943 2355 1143 2425 recepit
1187 2362 1351 2424 atque
1388 2353 1634 2425 probavit
1676 2359 1828 2408 sexta
1875 2367 2031 2423 syno-

469 2449 594 2510 dus,
628 2463 748 2517 cap.
781 2447 832 2512 1,
858 2446 1000 2516 apud
1029 2445 1375 2502 Theodorum
1407 2444 1806 2500 Balsamonem.

537 2539 703 2604 lbid.,
732 2539 828 2592 lin.
862 2539 949 2593 3i.
981 2541 1102 2594 Οὐκ
1131 2535 1316 2604 εἶδον,
1340 2539 1394 2591 εί
1413 2537 1498 2606 μὴ
1532 2536 1597 2590 τὸ
1631 2533 1710 2590 αἶ.
1746 2534 2032 2590 Tertullia-

471 2647 597 2695 nus,
631 2631 691 2686 in
717 2630 1022 2698 Scorpiaco,
1055 2645 1174 2701 cap.
1220 2630 1300 2686 8.:
1346 2627 1636 2683 Zacharias
1676 2629 1822 2682 intra
1863 2627 2033 2681 altare

468 2734 518 2775 et
555 2721 716 2778 wdem
758 2721 1077 2787 trucidatur,
1131 2737 1374 2791 perennes
1421 2721 1622 2774 cruoris
1670 2721 1754 2772 sui
1795 2721 2031 2772 maculas

471 2813 706 2867 silicibus
730 2814 1006 2884 assignans
1029 2830 1050 2878 ;
1075 2822 1129 2868 et
1157 2813 1422 2867 Baronius
1457 2812 1670 2879 scribit,
1701 2827 1760 2866 se
1786 2811 2033 2881 aliquan—

471 2907 544 2960 do
579 2906 832 2964 incidisse
864 2907 917 2960 in
961 2905 1242 2976 antiquum
1287 2904 1526 2959 codicem
1562 2919 1724 2958 manu
1767 2904 2028 2974 scriptum

473 2998 711 3068 positum
756 2997 809 3051 in
844 2997 1167 3052 bibliotheca
1203 2995 1461 3050 Vaticana
1494 2995 1572 3049 De
1617 2996 2031 3064 peregrinatione

474 3091 544 3144 ad
592 3090 707 3144 loca
744 3099 928 3144 sancta
959 3106 978 3144 :
1025 3090 1081 3144 in
1112 3104 1219 3159 quo
1250 3089 1438 3144 eadem
1489 3087 1557 3143 de
1600 3087 1875 3142 Zachariae
1905 3102 2032 3143 san-

470 3183 641 3255 guine
668 3182 938 3251 lapidibus
982 3180 1487 3250 templi’indelebili
1537 3188 1664 3234 nota
1713 3181 2028 3243 inhaerente,
2056 3212 2099 3271 ϐ

471 3281 622 3328 certa
662 3273 764 3328 ﬁde
793 3273 1110 3342 consignata
1149 3280 1327 3327 erant.
1360 3269 1701 3326 itinerarium
1734 3274 1860 3326 item
1892 3270 2030 3324 Bur-

467 3364 797 3434 degalense:
833 3363 899 3417 In
939 3381 1200 3418 marmore
1229 3372 1350 3418 ante
1391 3381 1539 3416 aram
1567 3365 1873 3432 sanguinem
1911 3361 2033 3416 Za—

470 3454 690 3518 charite,
715 3454 788 3506 ibi
813 3454 958 3507 dicas
987 3453 1138 3509 hodie
1166 3454 1364 3522 fusum,
1395 3453 1555 3506 etiam
1600 3463 1784 3521 parent
1818 3454 2032 3523 vestigia

469 3543 724 3607 militum,
753 3544 842 3612 qui
870 3560 986 3598 eum
1017 3544 1346 3598 trucidarunt
1372 3545 1425 3597 in
1462 3553 1623 3598 totam
1653 3561 1830 3597 aream
1858 3554 2032 3613 utpote

471 3637 527 3688 in
552 3651 670 3689 cera
688 3636 853 3704 ﬁxum
878 3652 1008 3690 esse.
1031 3635 1353 3708 Hippolytus
1384 3636 1672 3691 Thebanus
1697 3637 1752 3688 iu
1777 3635 2031 3691 Chronico

471 3729 631 3784 aliter
655 3727 722 3788 de
745 3737 914 3784 morte
941 3727 1242 3794 Zachariae;
1279 3731 1354 3784 ait
1373 3732 1516 3784 enim
1538 3747 1682 3794 eum,
1710 3731 1836 3785 dum
1863 3732 2033 3784 sacris

471 3832 788 3890 operaretur
801 3821 867 3875 de
881 3837 1029 3876 more
1047 3822 1488 3892 lapidibusjactis
1505 3824 1826 3877 trucidatum
1842 3823 2029 3886 fuisse,

471 3929 812 3984 corporeque
855 3924 1062 3983 raptato
1108 3918 1164 3968 in
1198 3916 1336 3970 valle
1367 3913 1628 3985 Josaphat
1658 3931 1980 3985 suspensum
2014 3931 2026 3966 :

485 4004 572 4057 'Ev
606 4005 714 4073 γὰρ
741 4005 817 4075 τῷ
851 4005 1144 4078 ἱερατεύειν
1173 4006 1332 4059 αὑτὸν
1381 4006 1521 4061 κατὰ
1570 4007 1630 4060 τὸ
1675 4007 1860 4071 εἰωθὸς
1886 4005 2033 4077 αὐτῷ

471 4095 910 4166 λιθοϐολήσαντες
947 4099 1129 4161 αὐτὸν,
1164 4099 1258 4152 καὶ
1297 4101 1735 4170 κροταφήσαντες
1779 4099 2032 4153 ἀπέκτει-

471 4202 596 4240 ναν·
630 4187 722 4237 καὶ
757 4187 1018 4256 σύραντες
1059 4189 1368 4258 ἐκρέμασαν
1393 4190 1555 4242 αὑτὸν
1579 4192 1657 4252 εἰς
1684 4189 1782 4260 τὴν
1813 4191 2034 4244 κοιλάδα

471 4275 564 4330 τοῦ
607 4275 889 4344 Ἰωσαφάτ.
923 4276 1284 4348 Hieronymus
1313 4279 1414 4332 hoc
1451 4282 1787 4350 simplicitati
1815 4283 2036 4337 creden-

470 4371 606 4424 tium
643 4369 821 4439 potius
844 4369 1052 4430 tribuit,
1081 4385 1243 4438 quam
1286 4372 1500 4425 veritati
1538 4372 1778 4427 historia:
1809 4375 1862 4426 in
1891 4373 2032 4426 Mat-

470 4463 595 4516 thtei
625 4479 757 4517 xxut
787 4481 800 4518 :
841 4461 1195 4530 Simpliciores
1227 4463 1419 4532 fratres
1457 4465 1592 4518 inter
1626 4467 1807 4519 ruinas
1835 4467 2029 4535 templi,

2144 694 2280 752 εἶναι
2329 700 2590 771 παρθένον
2617 701 2716 752 οὐκ
2767 699 3149 770 ἀφαιρήσεται.
3196 696 3296 749 Διὰ
3329 695 3486 748 τοῦτο
3537 693 3705 764 αὐτὴν

2141 790 2240 842 οὐκ
2267 791 2525 862 ἀπέκρινε
2556 790 2634 861 τῷ
2662 789 2774 861 ναῷ
2810 789 2902 842 τοῦ
2935 788 3110 861 χώρου
3136 788 3243 841 τῶν
3269 785 3571 857 παρθένων.
3593 779 3729 862 Ἧνζ

2140 880 2196 934 δὲ
2233 883 2261 934 ὁ
2292 882 2452 945 τόπος
2483 877 2634 945 οὗτος
2665 884 2727 936 τὸ
2763 881 2960 951 μεταξὺ
3002 881 3096 934 τοῦ
3124 879 3254 932 ναοῦ
3293 879 3387 932 καὶ
3413 871 3726 948 θυσιαστη-’

2146 970 2260 1042 ρίου
2293 970 2580 1041 διάστημα.
2622 971 2835 1042 Ἐπειδὴ
2867 968 2960 1024 οὖν
2986 971 3179 1041 ἤκουον
3211 968 3433 1038 βασιλέα
3457 968 3554 1037 τῆς
3582 967 3668 1019 κτί
3687 995 3704 1010 ι

2144 1077 2278 1124 σεως
2309 1063 2387 1124 εις
2402 1062 2649 1131 γέννησιν
2663 1061 3003 1134 ἀνθρωπίνην
3024 1059 3376 1130 οἰκονομικῶς
3397 1057 3700 1129 προελθεῖν,

2143 1151 2291 1222 φόϐῳ
2322 1152 2383 1205 τὸ
2425 1152 2498 1223 μὴ
2535 1152 2782 1221 γενέσθαι
2829 1153 3032 1223 βασιλεί
3064 1151 3382 1222 ὑποχείριοι,
3421 1151 3512 1204 τὴν
3561 1168 3701 1222 μαρ-

2138 1243 2402 1314 τυροῦντα
2431 1244 2600 1297 ταῦτα
2630 1246 2756 1318 περὶ
2785 1244 2876 1298 τοῦ
2909 1243 3065 1297 τόκου
3108 1243 3540 1315 διαχειρίζονται,
3565 1242 3702 1314 πρὸς

2139 1333 2288 1405 αὑτῷ
2335 1333 2700 1406 θυσιαστηρίῳ
2741 1336 2830 1389 τὸν
2875 1335 3024 1404 ἱερέα
3079 1335 3551 1405 ίερουργήσαντες.
3597 1332 3702 1387 Ea-

2138 1422 2259 1477 dem
2303 1424 2465 1478 habet
2499 1423 2782 1493 Origenes,
2816 1426 2872 1478 in
2909 1422 3104 1478 Matth.
3147 1430 3308 1478 tract.
3362 1422 3454 1487 26,
3495 1423 3701 1492 Grego-

2137 1513 2252 1588 rius
2280 1511 2576 1583 Nyssenus,
2625 1512 2858 1568 Basilius
2901 1520 2955 1567 et
2988 1513 3097 1565 alii.
3127 1511 3194 1567 Et
3234 1511 3301 1566 de
3331 1527 3396 1566 eo
3437 1513 3690 1582 intelligit

2137 1605 2564 1676 Hicronymusin
2580 1602 2775 1658 Matth.
2798 1619 2918 1674 cap.
2944 1619 3099 1668 χχιιι,
3121 1604 3242 1657 libr.
3269 1620 3321 1657 IV
3341 1621 3353 1656 :
3372 1601 3700 1656 Aliilacha—

2136 1698 2272 1750 riam
2303 1706 2504 1766 patrem
2542 1696 2766 1752 Joannis
2814 1696 3039 1766 intelligi
3069 1695 3245 1749 volunt
3273 1711 3337 1749 ex
3376 1694 3690 1764 quibusdam

2136 1788 2562 1857 Apocryphorum
2592 1787 2809 1842 somniis
2846 1787 3213 1857 approbantes,
3245 1786 3382 1856 quod
3427 1796 3698 1856 propterea

2139 1880 2343 1934 occisus
2385 1881 2475 1946 sit,
2503 1881 2629 1950 quia
2673 1879 2966 1935 Saluatoris
2993 1879 3358 1948 prwdicaverit
3396 1879 3696 1933 adventum.

2141 1971 2256 2026 Hoc
2287 1974 2410 2043 quia
2437 1973 2500 2027 de
2529 1973 2821 2042 Scripturis
2849 1989 2950 2026 non
2996 1971 3147 2026 habet
3193 1973 3580 2032 auctoritatem,
3608 1987 3700 2024 ea-

2138 2061 2251 2116 dem
2300 2061 2557 2131 facilitate
2601 2061 2970 2123 contemnitur,
3011 2077 3114 2131 qua
3141 2061 3416 2126 probatur.
3462 2059 3697 2116 Consule

2137 2165 2398 2226 praeterea
2432 2150 2814 2226 Epiphanium',
2871 2154 2950 2208 De
2998 2153 3091 2207 vit.
3133 2162 3184 2207 et
3221 2153 3374 2206 inter.
3424 2151 3694 2221 Prophet.,

2139 2260 2257 2316 cap.
2295 2245 2387 2300 25.

2217 2357 2386 2423 lbid.,
2439 2361 2536 2414 lin.
2596 2359 2682 2414 50.
2733 2358 3039 2427 Διακρίνας
3081 2358 3370 2426 ὀνείρατα.
3427 2356 3694 2423 Justinus,

2139 2451 2343 2506 Hister.
2378 2451 2500 2504 libr.
2531 2465 2729 2505 xxxvi:
2764 2449 3015 2504 Minimus
3045 2458 3198 2502 atate
3229 2450 3363 2502 inter
3386 2448 3574 2517 fratres
3599 2448 3698 2503 1,--

2136 2543 2259 2611 δι’ρή
2305 2543 2450 2612 fuit:
2481 2542 2630 2610 cujus
2676 2543 2932 2596 excellens
2986 2542 3248 2610 ingenium
3283 2541 3433 2594 veriti
3484 2542 3697 2610 fratres,

2136 2635 2275 2688 clam
2325 2635 2667 2701 interceptum
2713 2633 3000 2703 peregrinis
3052 2630 3428 2685 mercatoribus
3461 2633 3700 2688 vendide-

2135 2736 2277 2780 runt.
2301 2726 2341 2779 Α
2375 2726 2557 2797 quibus
2582 2725 2883 2794 deportatus
2906 2734 2982 2779 est
3009 2725 3060 2777 in
3084 2723 3412 2794 As‘gyptum;
3447 2740 3563 2777 cum
3587 2743 3701 2780 ma.-

2092 2847 2097 2853 ·
2134 2820 2277 2889 gicas
2317 2819 2388 2872 ibi
2422 2828 2559 2873 artes
2616 2819 2796 2873 solerti
2836 2819 3038 2888 ingenio
3075 2819 3403 2884 percepisset,
3433 2817 3569 2870 brevi
3598 2818 3698 2885 ipsi

2136 2912 2244 2980 regi
2285 2911 2565 2980 perc/tarus
2597 2911 2714 2978 fuit.
2763 2907 2904 2964 Nam
2931 2922 2976 2962 et
3012 2909 3372 2977 prodigiorum
3415 2911 3699 2978 sagacissi-

2136 3019 2252 3056 mus
2283 3013 2417 3063 erat,
2445 3011 2492 3054 et
2521 3004 2838 3056 somniorum
2864 3003 3062 3071 primus
3095 3002 3495 3069 intelligentiam
3523 3001 3702 3055 condi-

2136 3095 2233 3157 dit,
2255 3093 2483 3164 nihilque
2509 3095 2673 3147 divini
2694 3094 2836 3163 juris
2868 3093 3179 3161 humanique
3205 3094 3251 3145 ei
3281 3093 3600 3162 incognitum
3626 3095 3702 3147 vi-

2136 3185 2397 3248 debatur;
2429 3186 2556 3239 adeo
2604 3194 2662 3239 ut
2713 3187 2870 3239 etiam
2912 3185 3242 3237 sterilitatem
3286 3202 3532 3254 agrorum
3580 3195 3700 3240 ante

2135 3277 2324 3330 multos
2356 3294 2519 3330 annos
2549 3277 2826 3345 providerit
2851 3291 2867 3340 ;
2895 3277 3211 3346 perissetque
3240 3278 3407 3329 omnis
3434 3275 3696 3344 ﬁgi/plus

2135 3367 2275 3437 fame
2305 3368 2407 3420 nisi
2431 3369 2630 3420 monitu
2679 3368 2790 3436 ejus
2821 3382 2910 3420 rex
2953 3367 3121 3420 edicto
3151 3369 3345 3420 seruari
3368 3381 3459 3433 per
3499 3367 3693 3421 multos

2137 3475 2300 3512 annos
2345 3459 2517 3527 fruges
2547 3458 2795 3526 jussisset
2821 3479 2841 3521 ,-
2893 3467 3141 3527 tantaque
3185 3459 3526 3524 experimenta
3572 3458 3688 3527 ejus

2137 3531 2366 3614 fuerunt,
2399 3558 2454 3601 ut
2486 3565 2587 3601 non
2621 3547 2684 3601 ab
2717 3549 2942 3612 homine,
2969 3548 3062 3602 sed-
3093 3566 3122 3602 a
3153 3548 3254 3602 Deo
3286 3564 3537 3617 respousa
3571 3548 3697 3603 dari

2137 3641 2449 3694 uiderentur.
2492 3639 2596 3693 Sed
2627 3639 2754 3707 quid
2805 3639 2953 3693 aliud
3002 3639 3072 3693 ab
3106 3639 3322 3694 homine
3349 3653 3377 3691 a
3409 3638 3512 3692 lide
3539 3639 3701 3694 Chri-

2137 3735 2312 3790 stiaua
2350 3735 2525 3786 alieno
2561 3732 2790 3802 ﬁdeique
2833 3732 3037 3785 lumine
3077 3731 3340 3786 destituto
3373 3740 3702 3801 exspectan-

2137 3827 2264 3880 dum
2300 3833 2436 3890 erat,
2469 3839 2628 3893 quam
2660 3822 2902 3893 prodigia
2945 3823 3125 3876 divina
3171 3824 3393 3886 virtute,
3431 3824 3700 3892 impuISL-

2136 3933 2242 3988 que
2271 3924 2486 3986 peracta
2513 3916 2564 3968 in
2590 3915 2854 3968 humanas
2874 3915 3288 3983 superstitiones
3312 3915 3701 3985 illusionesque

2138 4009 2442 4062 daemonum
2490 4005 2730 4060 referre?
2771 4003 2992 4058 Fatetur
3025 4013 3204 4059 tamen
3237 4006 3353 4074 ipse
3395 4007 3697 4071 veritatem,

2139 4099 2380 4153 veritatis
2415 4097 2653 4166 ignarus.
2685 4094 2728 4149 Ο
2764 4095 2869 4148 vim
2907 4096 3153 4149 veritatis
3188 4097 3420 4150 rationis
3454 4096 3701 4150 humana:

2139 4189 2432 4245 asseclam!
2471 4191 2614 4250 quod
2646 4195 2765 4240 erat
2810 4186 3008 4240 divina:
3039 4188 3298 4255 potentiae
3331 4188 3523 4242 tribuit
3562 4188 3702 4242 invi-

2139 4289 2246 4334 tus.
2298 4278 2404 4331 Alii
2454 4278 2578 4330 aliis
2627 4277 2968 4330 somniorum
3009 4277 3488 4346 interpretationes
3531 4279 3700 4332 ascri-

2137 4371 2309 4426 bunt:
2348 4368 2502 4422 Philo
2553 4368 2793 4423 Biblicus
2821 4368 3170 4435 Abrahamo;
3210 4368 3418 4423 Plinius
3470 4370 3562 4423 lib.
3601 4384 3698 4434 vn,

2139 4463 2499 4532 Amphitrioni
2536 4461 2879 4515 Deucalionis
2915 4462 3056 4525 lilio;
3088 4460 3339 4517 Clemens
3379 4463 3702 4516 Alexandri-

468 4564 518 4609 et
547 4556 766 4619 altaris,
795 4557 900 4610 sive
928 4557 979 4609 in
1007 4564 1280 4624 portarum
1313 4558 1560 4620 exitibus,
1597 4560 1685 4627 qui
1712 4557 1907 4613 Siloem
1937 4561 2034 4612 du-
2062 4567 2112 4625 Β
2139 4571 2244 4610 nus
2279 4553 2618 4607 Termissazis
2650 4555 2864 4623 populis
2892 4553 3088 4624 Lycie.

470 4657 614 4706 cunt.
645 4648 804 4702 rubra
852 4665 986 4702 saxa
1029 4657 1412 4712 monstrantes,
1465 4647 1741 4704 Zachariae
1785 4653 2036 4720 sanguine

469 4751 655 4809 putant
678 4759 790 4796 esse
814 4743 1036 4812 polluta.
1079 4741 1200 4810 Non
1241 4741 1643 4796 condemnemus
1675 4760 1924 4809 errorem,
1949 4747 2038 4815 qui

469 4833 534 4887 de
561 4833 679 4887 odio
709 4835 1016 4890 Judamrum
1045 4845 1091 4889 et
1117 4834 1240 4905 ﬁdei
1262 4837 1454 4903 pietate
1477 4834 1762 4889 descendit.

542 4923 699 4990 Ibid.,
731 4927 826 4980 lin.
875 4927 961 4981 '58.
1017 4929 1205 4995 ’Ἄλλη
1261 4926 1328 4981 δέ
1363 4943 1452 4993 τις
1502 4927 1754 4995 ἱστορία.
1801 4925 2036 4998 Cyrillus

469 5015 893 5081 Alexandrinus,
945 5017 1191 5071 adversus
1243 5013 2038 5087 Anthropomorphitas:05:0;

471 5109 648 5163 τοίνυν
678 5111 704 5162 ὁ
722 5108 799 5178 τῷ
829 5109 1149 5180 προφητικῷ
1181 5110 1457 5180 Πνεύματι
1486 5110 1620 5181 πρὸς
1645 5109 1742 5181 τὴν
1764 5110 2039 5182 τῶνηκρυο

472 5202 622 5255 πτῶν
635 5201 835 5271 γνῶσιν
847 5201 1186 5273 χειραγωγού
1195 5219 1371 5271 μενος,
1391 5203 1451 5255 τὺ
1475 5221 1545 5274 μυ
1552 5204 1648 5274 στή
1656 5220 1772 5275 ριον-
1781 5205 1846 5274 τῆ
1855 5222 1881 5266 ς
1896 5221 1972 5258 πα
1979 5221 2038 5274 ρ-

475 5291 652 5356 θενίας
682 5295 776 5346 ἐπὶ
803 5292 893 5346 τοῦ
929 5293 1162 5363 άφθὸρου
1218 5294 1376 5347 τόκου
1412 5299 1770 5365 κατανοήσας,
1807 5299 1866 5350 οὺ
1911 5314 2040 5350 κατ-

473 5383 657 5456 έκρινε
695 5385 774 5455 τῷ
810 5385 922 5454 ναῷ
965 5384 1057 5438 τοῦ
1096 5387 1208 5447 τοῖς
1253 5383 1543 5456 παρθένοις
1587 5388 1725 5440 κατὰ
1758 5389 1847 5440 τὸν
1879 5389 2038 5459 νόμον

473 5478 1000 5548 άποκεκληρωμένου
1033 5477 1200 5530 τόπου
1229 5475 1326 5547 τὴν
1351 5476 1624 5546 πάναγνον
1669 5479 1882 5551 μητέρα
1901 5495 1915 5511 ο
1960 5480 2033 5532 δι-

473 5566 687 5620 δάσκων
720 5569 844 5632 τοὺς
887 5568 1188 5630 Ἰουδαίους,
1222 5568 1302 5621 ὅτι
1339 5569 1368 5620 ὁ
1398 5569 1505 5621 τῶν
1543 5569 1678 5622 ὅλων
1712 5571 2041 5643 δημιουργὸς

476 5659 570 5710 καί
603 5657 848 5726 βασιλεὺς
876 5660 1055 5730 πάσης
1090 5657 1318 5723 κτίσεως
1364 5660 1670 5732 ὑποχείριον
1719 5661 1828 5731 ἔχει
1864 5662 2040 5733 ἐαυτῷ

481 5745 617 5815 μετὰ
665 5746 880 5801 πάντων
911 5749 1009 5819 τὴν
1035 5747 1378 5821 ἀνθρωπίνην
1407 5749 1588 5819 φύσιν,
1625 5751 1702 5822 τῷ
1735 5753 1848 5822 ίδίῳ
1880 5752 2038 5824 θελή-

483 5856 607 5912 ματι
642 5839 772 5911 πρὸς
825 5840 883 5892 τὸ
926 5840 1112 5894 δοκοῦν
1144 5841 1310 5910 ἄγων,
1365 5843 1464 5896 οὐκ
1503 5843 1660 5905 αὐτὸς
1692 5843 1794 5895 ὑπὸ
1841 5845 2039 5916 ταύτης

2209 4647 2326 4702 Col.
2376 4645 2510 4708 777,
2568 4645 2664 4698 lin.
2709 4645 2796 4699 55.
2852 4647 3148 4713 Πρότερον
3193 4645 3474 4698 ἕκαστον.
3525 4643 3700 4699 Verba

2137 4749 2413 4810 postrema
2466 4736 2654 4790 Jacobi
2691 4736 2758 4789 ad
2805 4737 2946 4791 lilios
3004 4739 3056 4790 in
3106 4737 3282 4789 vicina
3339 4744 3515 4790 morte
3555 4737 3701 4790 dicta

2137 4847 2272 4888 usus
2303 4829 2539 4890 obtinuit
2570 4838 2628 4882 ut
2673 4829 3078 4883 benedictiones
3121 4839 3467 4882 vocarentur.
3501 4827 3700 4881 Verum

2139 4923 2479 4985 Ambrosius,
2505 4922 2599 4975 lib.
2632 4921 2707 4975 De
2737 4921 2990 4975 benedict.
3015 4919 3331 4988 patriarch.,
3351 4931 3404 4974 et
3432 4917 3697 4980 Bullinus,

2137 5017 2233 5070 lib.
2275 5017 2516 5084 ejusdem
2555 5015 2731 5080 tituli;
2763 5024 2814 5069 et
2843 5013 3236 5076 Theodoretus,
3270 5020 3465 5082 quaest.
3499 5013 3598 5065 ult.
3645 5014 3702 5065 in

2139 5107 2350 5169 Genes.,
2396 5121 2502 5158 non
2537 5105 2946 5160 benedictiones
2980 5103 3233 5167 illas,sed
3253 5103 3434 5172 potius
3470 5100 3703 5172 prophe-

2138 5200 2244 5254 tias
2280 5215 2385 5252 non
2417 5199 2537 5252 sine
2567 5198 2779 5250 ratione
2807 5195 3102 5264 appellant.

2215 5290 2376 5352 lbid.,
2405 5290 2500 5342 lin.
2537 5287 2624 5342 35.
2661 5287 2772 5340 Kal
2800 5285 2914 5353 τὴν
2941 5286 3057 5355 μὲν
3096 5286 3397 5354 εὐλογίαν.
3439 5283 3705 5355 Hierony-

2140 5399 2281 5442 mus.
2311 5381 2597 5448 Quwstiun.
2618 5378 2888 5433 Hebraicis
2918 5379 2970 5432 in
2996 5376 3206 5442 Gene-s.,
3227 5378 3384 5432 verba
3409 5375 3593 5431 Jacobi
3630 5377 3702 5430 ita

2139 5477 2372 5545 explicat
2399 5491 2410 5525 :
2442 5473 2541 5532 Tu.
2566 5471 2835 5539 Ruben,es
2853 5473 3228 5542 primogenitus
3259 5488 3424 5533 meus,
3445 5471 3618 5538 major
3649 5469 3703 5522 in

2141 5567 2340 5632 liberis,
2363 5577 2410 5620 et
2437 5565 2652 5620 sedebas
2673 5565 2839 5635 juxta
2883 5565 3118 5619 ordinem
3159 5565 3454 5617 nativitatis
3489 5573 3611 5624 tum,
3652 5570 3704 5614 et

2141 5661 2519 5723 luereditatem,
2543 5675 2660 5728 qua:
2685 5659 3040 5728 primogenitis
3057 5658 3178 5726 jure
3203 5656 3505 5720 debebatur,
3530 5669 3698 5708 sacer-

2142 5753 2343 5806 dotium
2369 5752 2565 5805 scilicet
2591 5760 2642 5805 et
2672 5767 2885 5822 regnum
2923 5751 3153 5815 accipere
3174 5747 3394 5803 debebas
3412 5787 3424 5800 .
3463 5746 3558 5800 hoc
3583 5744 3700 5815 qui-

2143 5847 2256 5899 dem
2295 5846 2346 5898 in
2386 5844 2646 5912 portando
2683 5860 2855 5910 onere,
2886 5853 2936 5898 et
2963 5841 3248 5912 pravalido
3277 5845 3458 5894 robor:
3489 5839 3702 5896 demen-
