4064 6290
385 409 524 469 Ιθὲὅ

1417 405 1482 460 ΙΝ
1523 404 1890 460 EUSTATllll
1925 401 2396 458 HEXAEMEBON
2432 402 2661 458 NOTrE.

3493 404 3629 461 1046

386 530 608 579 uratur.
648 518 860 582 Verum,
891 519 1016 588 quia
1047 517 1307 587 peccasti,
1369 527 1419 571 et
1462 517 1619 586 quasi
1648 533 1808 587 aqua,
1843 534 1959 588 qua:

2076 515 2355 586 Ἑϐραίους
2398 515 2706 587 διατεθῆναι
2740 513 2879 568 κατὰ
2917 514 3108 584 φθόνον
3140 515 3236 586 τῆς
3263 515 3626 584 εὐδαιμονίας,

387 614 598 668 vasculo
630 628 735 665 non
785 619 1008 678 tenetur,
1050 609 1333 678 uoluptatis
1381 609 1581 678 eﬂ'usus
1637 627 1690 666 es
1736 611 1947 678 impetu,

388 705 586 759 idcirco
608 702 856 773 praecipio
888 701 1002 768 tibi,
1041 710 1095 754 ut
1138 701 1277 754 ultro
1329 717 1435 753 non
1460 717 1659 770 pecces,
1692 703 1866 772 sisque
1899 703 1953 755 in

389 796 620 866 fratrum
655 809 869 847 numero
896 809 1099 862 ptenam
1134 807 1198 846 ea:
1230 802 1443 861 peccato
1484 795 1652 855 luens,
1677 793 1815 864 quod
1840 795 1951 858 pri-

390 886 640 956 mogeniti
685 885 922 940 ordinem
969 884 1267 952 perdidisti.
1314 883 1509 941 Ruben
1561 887 1706 941 enim
1747 886 1955 942 dormi-

389 986 542 1035 verat
591 990 714 1030 cum
759 973 888 1029 Bala
922 990 1090 1030 uxore
1131 975 1298 1045 patris
1348 976 1455 1038 sui,
1515 975 1745 1046 ideoque
1798 977 1955 1031 multi

391 1071 751 1132 aﬂirmarunt,
775 1074 898 1138 post
925 1067 978 1121 id
1009 1074 1220 1137 tempus
1245 1067 1510 1122 Jacobum
1543 1082 1665 1122 cum
1693 1067 1817 1121 Bala
1843 1083 1955 1122 rem

391 1175 503 1217 non
534 1159 810 1214 habuisse.
845 1156 1144 1212 Historiam
1167 1165 1348 1210 tamen
1377 1155 1518 1210 hanc
1546 1157 1623 1210 uti
1671 1155 1873 1210 falsam
1903 1163 1957 1212 et

391 1255 461 1307 ab
499 1248 740 1306 Hebraeis
785 1247 1069 1304 conﬁctam
1111 1247 1314 1302 refellit
1356 1247 1704 1311 Ambrosius,
1741 1247 1836 1302 lib.
1885 1247 1958 1304 De

393 1341 644 1398 benedict.
689 1337 1019 1404 Patriarch.,
1053 1353 1174 1408 cap.
1209 1337 1244 1391 2
1272 1353 1284 1388 :
1319 1335 1518 1401 Judwi,
1549 1337 1745 1407 inquit,
1773 1347 1958 1406 putant

393 1432 570 1488 Iacob
585 1431 785 1485 dixisse
811 1431 908 1483 hoc
931 1429 1000 1482 ad
1029 1428 1230 1492 Ruben,
1250 1431 1374 1499 quia
1399 1443 1516 1481 cum
1543 1428 1833 1482 concubina
1860 1443 1959 1480 sua

394 1522 534 1578 Bala
565 1518 931 1582 concubuerat,
954 1525 1003 1572 et
1033 1518 1266 1585 patrium
1289 1515 1496 1569 thorum
1528 1514 1794 1584 polluerat
1819 1528 1838 1577 ;
1870 1511 1959 1566 sed

395 1611 552 1682 facile
581 1610 913 1679 refelluntur.
942 1607 1058 1662 Hoc
1082 1609 1217 1662 enim
1241 1615 1354 1661 erat
1378 1614 1499 1660 ante
1525 1613 1762 1676 gestum;
1794 1602 1958 1658 Iacob

396 1713 572 1759 autem
600 1717 703 1758 non
746 1719 811 1757 ea
857 1717 973 1770 quae
1026 1710 1170 1771 gesta
1194 1708 1345 1755 erant
1370 1737 1386 1764 ,
1428 1697 1518 1753 sed
1577 1713 1696 1768 quae
1745 1705 1963 1752 ventura

2065 608 2327 681 Ὀρῶντες
2365 607 2474 680 γὰρ
2502 607 2609 662 τῶν
2650 605 2994 678 Ἰσραηλιτῶν
3031 607 3186 675 γένος
3235 606 3499 677 ἀκμάζον,
3533 610 3628 664 καὶ

2051 700 2115 754 δι’
2146 701 2345 772 ἀρετὴν
2380 700 2472 754 καὶ
2517 699 2653 771 πρὸς
2693 699 2754 752 τὸ
2800 702 2980 753 πονεῖν
3011 700 3233 767 εὐφυΐαν
3272 699 3464 769 πλήθει
3493 718 3628 772 χρη-

2057 793 2241 861 μάτων
2269 793 2368 863 ἥδη
2405 791 2690 863 λαμπροὺς
2728 791 2850 844 καθ’
2893 790 3070 843 αὐτῶν
3100 788 3377 855 αῦξεσθαι,
3410 792 3632 854 τούτους

2054 883 2434 954 ὑπελάμϐανον
2454 898 2467 913 ⁸
2500 877 2574 937 ὧν
2609 885 2660 936 τ’
2691 878 2832 954 ἦσαν
2871 878 2928 935 εὖ
2970 881 3074 935 ὑπὸ
3120 882 3381 952 Ἰωσήπου
3407 899 3634 956 τετυχη-

2056 977 2210 1039 κότες
2237 975 2323 1029 διὰ
2352 975 2543 1047 χρόνου
2575 975 2750 1046 μῆκος
2779 975 2948 1046 λήθην
2973 973 3249 1036 λαϐόντες,
3273 976 3365 1026 καὶ
3397 975 3494 1044 τῆς
3533 973 3633 1044 βα-

2058 1067 2261 1132 σιλείας
2301 1070 2382 1131 είς
2428 1067 2585 1121 ἀλλον
2626 1063 2774 1133 οἷκον
2823 1065 3261 1137 μετεληλυθυίας,
3323 1065 3510 1130 δεινῶς
3551 1070 3634 1120 ὲν-

2057 1158 2276 1229 ύϐριζον
2325 1160 2452 1222 τοὺς
2493 1157 2862 1230 Ἰσραηλίτας,
2889 1157 2980 1210 καὶ
3035 1155 3406 1227 ταλαιπωρίας
3453 1157 3635 1221 αὐτοῖς

2057 1249 2304 1313 ποικίλας
2340 1249 2611 1303 ἐπενόουν.
2643 1247 2800 1302 Philo
2832 1248 2927 1304 lib.
2969 1249 3046 1302 De
3085 1250 3190 1302 vita
3234 1247 3435 1318 Moysis
3473 1264 3491 1302 :
3523 1250 3634 1319 Τῆς

2059 1341 2238 1412 χώρας
2271 1343 2299 1393 ὁ
2323 1340 2592 1410 βασιλεὺς,
2628 1343 2706 1404 είς
2727 1341 3172 1412 πολυανθρωπίαν
3198 1340 3521 1404 ἐπιδιδόντος
3548 1343 3635 1395 ἀεὶ

2065 1431 2159 1483 τοῦ
2190 1431 2392 1495 ἔθνους,
2421 1431 2601 1493 δείσας
2633 1429 2705 1500 μὴ
2748 1432 2796 1483 oi
2829 1431 3054 1495 ἔποικοι,
3093 1431 3309 1494 πλείους
3335 1432 3632 1502 γενόμενοι,

2065 1523 2410 1594 δυνατωτέρα
2449 1524 2592 1594 χειρὶ⁸
2637 1527 2750 1588 τοῖς
2790 1523 3071 1594 αὐτόχθοσι
3114 1524 3240 1596 περὶ
3271 1525 3505 1594 κράτους
3539 1525 3637 1596 ἀρ-

2063 1616 2163 1685 κῆς
2197 1614 2547 1685 ἁμιλλῶνται,
2580 1615 2678 1687 τὴν
2710 1618 2860 1688 ἰσχὺν
2893 1615 3070 1669 αὐτῶν
3102 1617 3354 1688 ἀφαιρεῖν
3374 1615 3637 1680 ἐπινοίαις

2061 1707 2431 1778 ἀνοσιουργοῖς
2464 1707 2774 1777 ἐμηχανᾶτο
2795 1724 2809 1740 ⁸
2835 1707 2929 1759 καὶ
2955 1705 3163 1760 κελεύει
3194 1706 3302 1760 τῶν
3333 1706 3638 1777 γενομένων

395 1806 547 1853 erant
576 1797 631 1850 in
673 1795 970 1850 novissimis
1001 1792 1183 1848 diebus
1227 1791 1496 1861 professus
1521 1799 1599 1845 est
1640 1805 1694 1844 se
1727 1805 1838 1844 esse
1877 1786 1962 1841 di-

2076 1796 2130 1850 τὰ
2172 1797 2268 1867 μὲν
2298 1797 2466 1868 θήλεα
2487 1799 2726 1869 τρέφειν,
2777 1797 2920 1868 (ἐπεὶ
2947 1799 3084 1868 γυνὴ
3110 1797 3198 1852 διὰ
3226 1797 3438 1866 φύσεως
3474 1796 3639 1851 ἀσθέ-

396 1899 626 1944 clarum.

466 1981 583 2036 Col.
614 1979 738 2045 777,
769 1979 864 2034 lin.
895 1977 986 2032 37.
1015 1974 1067 2027 Ὀ
1098 1973 1167 2028 δὲ
1191 1973 1428 2040 Ῥουσιμ
1452 1971 1748 2041 ἡττηθείς,
1773 1969 1963 2024 Ruben

397 2073 453 2127 in
471 2078 760 2142 paternum
781 2069 985 2124 lectum
1002 2065 1194 2121 rabido
1224 2063 1458 2134 quodam
1479 2065 1664 2117 furore
1681 2061 1964 2126 insiliisse,

397 2164 630 2234 ideoque
679 2174 908 2230 regnum
953 2168 1008 2213 et
1057 2156 1449 2218 sacerdotium,
1483 2153 1703 2209 tametsi
1765 2150 1966 2220 alioqui

399 2263 531 2310 natu
578 2254 790 2325 primus
840 2255 1008 2313 esset,
1052 2263 1160 2303 non
1202 2245 1374 2302 fuisse
1425 2251 1816 2308 consecutum,
1871 2241 1967 2298 sed

401 2342 552 2408 Levi,
589 2344 660 2399 ob
698 2342 1066 2403 sanctitatem,
1107 2348 1158 2394 et
1190 2341 1469 2409 pietatem,
1518 2347 1572 2393 et
1612 2337 1739 2408 quia
1797 2335 1970 2390 divini

401 2435 627 2492 honoris
655 2447 824 2488 causa
849 2437 1207 2500 cognatorum
1243 2429 1509 2501 sanguine
1553 2445 1748 2484 manus
1779 2427 1970 2497 imple-

402 2529 595 2590 visset,
646 2523 954 2581 sacerdotio
981 2520 1266 2588 donatum,
1319 2528 1373 2576 et
1409 2519 1606 2576 Judam
1635 2529 1859 2590 pr0pter
1889 2519 1971 2573 ina

405 2627 619 2689 tegrum
664 2613 954 2686 judicium,
989 2619 1044 2667 et
1076 2617 1283 2666 rectam
1317 2611 1602 2666 scientiam
1647 2609 1851 2680 regiam
1885 2606 1970 2662 di-

403 2710 664 2782 gnitatem
715 2704 1025 2762 obtinuisse
1076 2703 1320 2758 insinuat
1378 2701 1621 2758 lsidorus
1670 2699 1968 2765 Pelusiota,

404 2803 506 2858 lib.
533 2817 594 2866 Il,
623 2799 784 2868 epist.
822 2797 916 2863 48,
938 2803 993 2852 et
1028 2793 1308 2850 concludit
1335 2813 1348 2848 :
1379 2793 1596 2864 Ἐπειδὴ
1628 2791 1738 2863 γὰρ
1764 2791 1972 2856 πολλοὶ,

405 2895 473 2948 τὰ
505 2895 678 2949 οἰκεῖα
705 2893 1037 2964 κρύπτοντες
1071 2886 1538 2958 πλημμελήματα,
1563 2884 1782 2955 ἑτέρους
1806 2900 1975 2937 κατα-

404 2984 713 3049 δικάζουσιν
733 3000 746 3014 ·
778 2977 929 3045 οὗτος
955 2980 1014 3034 δὲ
1039 2977 1232 3033 ἑαυτοῦ
1265 2977 1365 3049 μὲν
1393 2976 1800 3047 κατεψηφίσατο
1817 3015 1832 3040 ,
1873 2975 1974 3046 τὴν

405 3077 462 3132 δὲ
479 3072 874 3146 πεπορνεῦσθαι
898 3069 1239 3142 νομισθεῖσαν
1262 3065 1538 3139 ἀπήλλαξε
1561 3065 1660 3136 τῆς
1673 3065 1942 3137 τιμωρίας
1956 3081 1969 3094 ·

409 3164 498 3220 διὰ
529 3163 688 3218 τοῦτο
711 3161 938 3224 εἰκότως
967 3160 1067 3229 τῆς
1097 3156 1374 3228 βασιλείας
1401 3155 1640 3226 ἠξιοῦτο.

475 3255 638 3319 Ibid.,
670 3255 768 3309 lin.
803 3255 893 3308 55.
947 3250 1442 3318 Τελευτήσαντος.
1481 3245 1774 3318 Iosephus,
1816 3245 1974 3299 Anti-

407 3347 566 3418 quit.,
595 3346 688 3402 lib.
728 3345 1057 3414 ιιιΤελευτᾷ
1087 3343 1144 3396 δὲ
1177 3341 1325 3412 βιοὺς
1368 3341 1462 3411 ἔτη
1494 3339 1564 3393 τά
1603 3338 1780 3393 πάντα
1813 3337 1980 3409 τριῶν

405 3439 594 3492 δέοντα
617 3437 950 3508 πεντήκοντα
982 3434 1074 3489 καὶ
1103 3433 1316 3498 ἑκατὸν,
1351 3431 1573 3503 μηδενὸς
1598 3430 1696 3501 μὲν
1725 3428 1831 3484 τῶν
1851 3446 1982 3500 προ-

408 3530 580 3600 γόνων
619 3528 954 3599 ἀποληφθεὶς
987 3529 1071 3580 ἐπ’
1110 3525 1360 3597 εὐσεϐείᾳ
1390 3523 1484 3578 τοῦ
1528 3522 1686 3589 Θεοῦ,
1718 3521 1896 3594 τυχὼν
1927 3521 1984 3575 δὲ

409 3621 664 3692 ἀμοιϐῆς,
706 3617 774 3693 ἦς
805 3621 1007 3674 δίκαιον
1046 3615 1119 3690 ἦν
1153 3617 1427 3680 τοσούτοις
1470 3616 1673 3685 ἀγαθὸν
1704 3615 1981 3685 γεγονότα.

424 3713 684 3784 Ἰώσηπος
731 3713 810 3779 δὲ,
865 3713 1316 3783 συγχωρήσαντος
1365 3707 1514 3780 αὐτῷ
1557 3707 1652 3761 τοῦ
1702 3707 1983 3782 βασιλέως,

413 3808 502 3860 τὸν
539 3805 634 3858 τοῦ
684 3807 890 3876 πατρὸς
929 3805 1121 3875 νεκρὸν
1161 3803 1244 3865 είς
1288 3800 1549 3872 Χεϐρῶνα
1577 3800 1830 3871 κομίσας,
1874 3802 1989 3866 ἐκεῖ

414 3900 610 3954 θάπτει
634 3896 961 3960 πολυτελῶς.

484 3989 599 4046 Col.
630 3989 753 4053 780,
786 3989 882 4042 lin.
916 3988 965 4042 l.
998 3987 1109 4043 Kal
1146 3987 1186 4054 ἡ
1231 3986 1582 4054 τερέϐινθος.
1620 3982 1696 4038 De
1733 3981 1854 4052 ejus
1883 3983 1986 4038 mir

416 4082 666 4137 raculosa
734 4080 988 4150 antiquit.
1049 4077 1351 4146 Josephus,
1413 4076 1491 4131 De
1547 4074 1680 4130 bello
1735 4072 1985 4137 Iudaico,

415 4170 512 4226 lib.
549 4187 602 4232 ν,
635 4170 915 4225 Δείκνυται
950 4169 1007 4223 δὲ
1050 4169 1156 4222 ἀπὸ
1190 4167 1414 4222 σταδίων
1459 4167 1518 4234 ἓξ
1555 4164 1648 4219 τοῦ
1689 4165 1878 4228 ἄστεος
1899 4181 1989 4223 ,τε-

419 4263 662 4336 ρέϐινθος
701 4263 950 4334 μεγίστη,
993 4260 1086 4314 καί
1116 4277 1246 4330 φασι
1281 4260 1342 4312 τὸ
1365 4259 1580 4330 δένδρον
1613 4255 1723 4310 ἀπὸ
1751 4255 1849 4324 τῆς
1873 4253 1990 4305 κτί-

419 4371 554 4418 σεως
584 4353 742 4425 μέχρι
763 4353 858 4406 νῦν
887 4352 1159 4422 διαμένειν
1178 4367 1192 4381 ⁸
1228 4349 1295 4404 de
1323 4364 1387 4403 ea
1417 4347 1706 4403 Africanus
1729 4363 1742 4400 :
1763 4339 1987 4407 _-’laxtb6,

417 4445 746 4519 ἀπαρεσθεῗμς
784 4448 894 4508 τοῖς
933 4446 1038 4498 ὑπὸ
1088 4443 1312 4514 Συμεὼν
1364 4441 1459 4494 καὶ
1500 4434 1988 4508 Λευῒκπραχθείσιν

2063 1906 2210 1942 νειαν
2251 1889 2479 1961 ὀκνηρὸν
2520 1891 2600 1953 είς
2647 1889 2879 1960 πόλεμον
2901 1889 2941 1958 ο)
2979 1889 3048 1943 τά
3085 1889 3135 1942 δ’·
3162 1890 3368 1961 ἄρρενα
3398 1890 3640 1961 διαφθεί-

2069 1998 2200 2052 ρειν,
2232 1981 2320 2034 ἵνα
2343 1982 2416 2062 μὴ
2448 1979 2652 2052 αὐξηθῇ
2695 1981 2835 2035 κατά
2881 1982 3078 2046 πόλεις.
3121 1983 3272 2035 Ἐπεὶ
3311 1983 3640 2056 εὐανδροῦσα

2062 2071 2290 2143 δύναμις
2329 2073 2634 2127 δυσάλωτον
2670 2073 2765 2126 καὶ
2803 2072 3222 2144 δυσκαθαίρετον
3269 2075 3636 2146 ἐπιτείχισμα.

2066 2162 2218 2219 Hanc
2267 2172 2446 2220 autem
2495 2168 2902 2236 oppressionem
2948 2165 3220 2222 Eusebius
3277 2166 3332 2222 in
3380 2165 3639 2222 Chronico

2065 2262 2221 2325 putat
2255 2255 2440 2312 statim
2490 2257 2728 2326 coepisse
2769 2271 2800 2310 a
2830 2263 3004 2312 morte
3045 2254 3272 2328 Joseph,
3317 2267 3370 2312 et
3410 2257 3641 2314 durasse

2065 2359 2225 2398 cxuv
2248 2346 2442 2413 annis;
2481 2343 2691 2400 Hebraei
2733 2347 2786 2400 in
2810 2355 2984 2400 morte
3007 2344 3157 2411 Levi,
3189 2353 3242 2400 et
3266 2345 3494 2402 durasse
3513 2361 3638 2401 cxvr

2068 2440 2263 2502 annis;
2319 2435 2628 2492 Torniellus
2678 2437 2836 2492 initio
2867 2436 3018 2508 regni
3068 2436 3425 2507 Amenophis,
3460 2445 3514 2492 et
3542 2438 3642 2492 du—

2066 2541 2222 2582 rasse
2253 2541 2339 2581 CVI
2371 2527 2565 2593 annis;
2599 2527 2858 2583 Pererius
2888 2541 3006 2582 eam
3026 2526 3255 2582 durasse
3290 2542 3511 2582 Lxxxvn
3545 2543 3642 2583 an—

2069 2621 2193 2686 nis;
2224 2619 2509 2676 Cornelius
2535 2635 2565 2674 a
2588 2619 2791 2691 Lapide
2816 2622 2867 2674 in
2889 2621 3058 2690 primo
3087 2621 3258 2689 capite
3276 2619 3448 2676 Exod.
3480 2621 3643 2691 paulo

2071 2721 2196 2767 ante
2225 2713 2561 2768 nativitatem
2607 2712 2828 2784 Moysis,
2882 2721 2936 2768 et
2978 2713 3206 2768 durasse
3237 2727 3324 2777 xc,
3371 2712 3493 2783 plus
3541 2715 3646 2767 mi-

2071 2817 2176 2858 nus
2244 2803 2424 2868 annis,
2487 2804 2696 2858 scilicet
2738 2804 2924 2859 decem
2983 2803 3144 2859 annis
3203 2811 3329 2858 ante
3380 2803 3642 2875 Moysen),

2072 2904 2128 2950 et
2174 2909 2317 2948 Lux
2380 2894 2541 2949 annis
2592 2894 2809 2952 vivente
2859 2891 3080 2964 Moyse,
3131 2908 3254 2947 cum
3309 2909 3448 2948 Lux
3503 2883 3646 2951 anni)

2074 2985 2199 3040 vitae
2248 3000 2360 3040 sua:
2389 2984 2697 3057 Moysesex
2756 2999 2856 3051 ea...
2885 2992 2941 3039 et
2988 3001 3052 3040 ex
3099 2984 3337 3057 Aﬂgypto
3390 2985 3646 3042 Hebraeos

2075 3068 2285 3133 eduxit.

2145 3167 2302 3233 Ibid.,
2333 3168 2429 3223 lin.
2458 3167 2544 3222 l9.
2563 3163 2670 3234 E79
2693 3167 2759 3222 δέ
2779 3185 2874 3234 ne
2887 3168 3006 3221 τῶν
3029 3167 3186 3236 παρ’.
3210 3167 3481 3238 Joscphus
3502 3168 3644 3224 idem

2080 3261 2264 3315 habet.
2302 3259 2635 3315 Suntetiam
2684 3258 2803 3316 alia:
2843 3268 2954 3313 tres
2995 3258 3225 3312 diversa:
3257 3273 3459 3324 causae,
3511 3273 3648 3328 quas

2081 3351 2244 3415 idem,
2278 3351 2522 3412 et..P,hilo
2555 3350 2928 3419 superioribus
2961 3349 3095 3404 locis
3136 3349 3396 3413 innuunt,
3428 3357 3651 3420 propter

2081 3461 2220 3516 quas
2271 3443 2514 3515 Egyptii
2553 3442 2862 3514 aﬂligebant
2908 3441 3148 3497 Iudaeos.
3201 3441 3396 3506 Metus,
3448 3457 3514 3496 ne
3566 3443 3652 3496 in-

2081 3545 2310 3609 gruente
2343 3536 2486 3596 bello
2519 3551 2593 3597 se_
2618 3534 2913 3605 jungerent
2943 3533 3194 3589 hostibus
3231 3531 3648 3604 Eg-yptiorum;

2084 3630 2311 3694 invidia,
2357 3629 2483 3699 quia
2513 3627 2774 3682 videbant
2807 3626 2930 3683 illos
2981 3626 3167 3682 sobole
3195 3640 3508 3691 numerosa,
3535 3625 3653 3695 pul-

2085 3719 2236 3783 chra,
2271 3719 2524 3783 robusta,
2563 3717 2794 3789 aliisque
2838 3716 3007 3773 animi
3045 3717 3266 3772 dotibus
3309 3718 3649 3783 instructos;

2085 3809 2270 3872 odium
2303 3801 2727 3880 conceptum'ex
2753 3806 3069 3863 diversitate
3119 3804 3422 3876 religionis,
3455 3803 3654 3858 indolis

2086 3910 2135 3956 ΘΙ
2170 3916 2405 3955 morum.

2157 3991 2318 4059 Ibid.,
2344 3991 2440 4044 lin.
2469 3990 2561 4046 20.
2591 3990 2992 4059 Προσημαίνει
3013 3988 3093 4055 τῷ
3113 3988 3336 4058 Φαραώ.
3363 3987 3656 4058 Cajetanus

2087 4083 2438 4154 putatJuisse
2469 4081 2682 4151 origine
2713 4095 2819 4134 non
2849 4078 3187 4152 ZEgyptium,
3220 4081 3314 4136 sed
3345 4078 3653 4150 Assyrium.

2088 4175 2316 4242 Quidam
2341 4189 2464 4228 cum
2490 4172 2727 4227 Eusebio
2758 4172 2949 4226 dicunt
2974 4172 3144 4229 fuisse
3177 4171 3474 4244 Mephrem,
3497 4187 3656 4241 quem

2089 4264 2358 4327 Eusebius
2391 4270 2642 4333 quartum
2671 4277 2850 4331 regem
2893 4261 3024 4316 facit
3053 4276 3120 4315 ex
3153 4261 3400 4334 dynastia
3446 4260 3658 4316 decima

2089 4357 2302 4420 octava,
2340 4371 2460 4426 quae
2501 4362 2586 4411 est
2630 4353 3029 4409 Politanorum.
3077 4352 3184 4408 Alii
3227 4361 3440 4425 putant,
3491 4352 3661 4408 fuisse

2091 4449 2428 4514 Ramessem,
2459 4462 2524 4502 ex
2549 4461 2616 4501 eo
2649 4445 2796 4516 quod
2820 4446 2888 4500 ab
2921 4462 3007 4510 eo,
3033 4454 3093 4501 tit
3119 4445 3352 4512 videtur,
3377 4453 3568 4500 vocata
3587 4445 3662 4500 sit

419 4541 478 4594 ὲν
507 4537 750 4608 Σικίμοις
779 4537 863 4590 διὰ
893 4537 990 4608 τὴν
1015 4537 1113 4607 τῆς
1128 4535 1358 4605 ἀδελφῆς
1383 4531 1588 4603 φθορὰν
1616 4531 1694 4592 είς
1720 4528 1845 4591 τοὺς
1867 4527 1976 4576 ἐπι-

2095 4541 2226 4596 urbs
2259 4540 2537 4606 Ramesse,
2571 4554 2734 4608 quam
2777 4539 2834 4593 in
2865 4538 2969 4593 hac
3007 4538 3296 4598 aﬂlictione
3335 4539 3456 4608 ejus
3499 4537 3660 4606 jussu

419 4631 651 4704 χωρίους
682 4630 858 4700 θάψας
896 4632 953 4683 ἐν
984 4629 1228 4700 Σικίμοις
1256 4626 1350 4690 οὒς
1385 4621 1802 4695 ιέφὲρεαικδιθεοὺςΔ
1841 4617 1991 4688 παρὰ

417 4726 518 4796 τὴν
550 4723 752 4795 πέτραν
782 4723 886 4776 ὑπὸ
913 4723 1010 4794 τὴν
1050 4721 1358 4792 θαυμασίαν
1387 4715 1715 4789 τερέϐινθον,
1742 4713 1862 4784 ἣτις
1897 4709 1993 4784 μέ-

422 4834 512 4888 χρι
542 4815 639 4868 νῦν
675 4817 754 4878 εἰς
791 4814 954 4885 τιμὴν
989 4814 1100 4868 τῶν
1125 4810 1474 4884 πατριαρχῶν
1499 4809 1604 4862 ὑπὸ
1638 4806 1745 4861 τῶν
1775 4806 1996 4874 πλησιο-

421 4908 613 4982 χώρων
635 4909 879 4978 τιμᾶται,
912 4911 1145 4979 μετῆρεν
1173 4908 1252 4970 είς
1273 4903 1468 4975 Βεθήλ.
1492 4901 1706 4971 Ταύτης
1732 4895 1995 4968 παρατὸν

422 5002 665 5074 πρέμνον
707 5001 806 5070 τῆς
837 4999 1146 5073 τερεϐίνθου
1187 4993 1492 5074 βωμὸς-ἦν,
1524 4995 1607 5064 ἐφ’
1635 4990 1816 5052 ama;
1844 4991 1996 5041 ἐκτε-

423 5072 572 5156 νειάς
603 5092 864 5163 ἀνέφερον
907 5072 966 5146 ὲν
991 5094 1112 5154 ταῖς
1144 5072 1482 5161 πανηγύρεσι
1516 5086 1616 5156 τῆς
1641 5084 1821 5155 χώρας
1860 5080 1995 5134 ἔνοι-

426 5203 531 5242 κοι.
573 5184 706 5251 Qua:
732 5186 923 5240 ultima
967 5185 1135 5240 verba
1165 5185 1219 5238 in
1254 5182 1514 5244 Africano
1542 5183 1796 5245 corrupta
1829 5175 1901 5228 ita
1929 5189 1996 5227 ex

425 5277 714 5332 Eustathio
737 5277 996 5332 restitue:
1017 5276 1205 5347 Βωμὸς
1226 5271 1314 5345 ἦν,
1343 5274 1425 5343 ἐφ’
1449 5273 1506 5327 ὃν
1531 5273 1600 5326 τά
1624 5287 1684 5323 τε
1705 5264 1998 5320 ὁλοκαυτὼ-

426 5387 574 5442 ματα
601 5371 829 5434 καὶ¹τάς
858 5370 1167 5441 ἑκατόμϐας
1201 5369 1460 5439 ἀνέφερον
1507 5369 1566 5420 ὲν
1601 5365 1718 5425 ταῖς
1755 5358 1999 5429 πανηγύ-

431 5481 578 5536 ρεσιν
617 5465 666 5516 oi
703 5465 801 5535 τῆς
831 5462 1014 5536 χώρας
1042 5463 1258 5518 ἔνοικοι.

499 5557 661 5620 Ibid.,
698 5557 794 5611 lin.
837 5557 926 5612 Η.
957 5557 1264 5622 Ποικίλαις
1305 5570 1449 5623 συμ.
1492 5551 1782 5622 Josephus,
1819 5554 1993 5624 Antiq.

428 5646 524 5701 lib.
550 5663 588 5700 ιι
609 5666 621 5702 :
645 5646 962 5716 Αἰγυπτίοις
990 5647 1278 5718 τρυφεροῖς
1311 5645 1405 5698 καὶ
1436 5641 1698 5716 ῥᾳθύμοις
1727 5639 1999 5714 οὖσιπρὸς

431 5735 644 5806 πόνους,
675 5739 772 5795 καὶ
796 5739 905 5793 τῶν
934 5755 992 5793 τε
1017 5737 1189 5793 ἀλλων
1221 5735 1421 5810 ἡδονῶν
1447 5737 1652 5808 ἥττοσι,
1683 5737 1777 5792 καὶ
1806 5737 1868 5810 δὴ
1907 5738 1999 5789 καὶ

435 5829 534 5900 τῆς
576 5831 716 5886 κατά
761 5830 1156 5905 φιλοκέρδειαν,
1209 5829 1406 5902 συνέϐη
1459 5829 1643 5893 δεινῶς
1695 5830 1827 5904 πρὸς
1876 5829 1998 5892 τοὺς

2090 4633 2499 4688 aediticaverunt
2552 4629 2789 4686 Hebraei.
2837 4629 3115 4686 Gcrardus
3165 4627 3433 4687 Mercator
3481 4643 3660 4700 regem

2092 4727 2237 4781 hunc
2293 4736 2451 4780 vocat
2500 4723 3030 4787 Armesesmianum,
3076 4736 3237 4791 quem
3285 4721 3382 4778 ait.
3407 4735 3664 4792 regnasse

2093 4834 2266 4874 annos
2294 4834 2440 4884 1.1m,
2474 4825 2529 4873 et
2549 4830 2778 4886 regnare
2807 4813 3039 4884 cmpisse
3069 4811 3309 4881 quinque
3332 4825 3504 4869 annos
3537 4817 3662 4865 ante

2093 4923 2272 4967 ortum
2299 4910 2524 4981 Moysis.
2552 4907 2860 4962 Torniellus
2885 4905 2960 4958 ait
2984 4902 3154 4958 fuisse
3169 4902 3546 4973 Amenopbim,
3568 4901 3660 4971 qui

2096 5005 2148 5058 in
2181 5003 2245 5056 18
2273 5002 2523 5074 dynastia
2556 4999 2944 5070 Polytanorum
2979 4996 3246 5066 septimus
3283 5004 3399 5063 est;
3431 5002 3484 5050 et
3519 4993 3663 5048 hunc

2093 5094 2313 5166 quidam
2343 5095 2640 5163 opinantur
2664 5091 2833 5145 fuisse
2861 5087 3223 5144 Memnonem.

2165 5185 2326 5248 lbid.,
2367 5184 2468 5240 lin.
2507 5182 2598 5237 25.
2630 5182 2814 5251 Ἔργα
2860 5179 2976 5250 μὲν
3023 5179 3248 5246 αὐτοῖς.
3311 5176 3657 5232 Hebraeorum

2097 5278 2415 5332 servitutem
2452 5274 2703 5330 acerbam
2742 5273 2990 5343 pluribus
3019 5271 3282 5326 describit
3328 5267 3483 5322 Philo
3514 5266 3609 5323 lib.
3642 5281 3657 5318 ι

2096 5369 2173 5423 De
2201 5369 2309 5423 vita
2347 5366 2546 5437 Moysis
2570 5381 2590 5430 ;
2611 5364 2900 5434 Iosephus,
2931 5364 3187 5433 Antiquit.
3220 5361 3314 5415 lib.
3349 5376 3408 5425 ll,
3439 5373 3561 5428 cap.
3594 5357 3656 5425 5;

2097 5462 2414 5517 Ezechielus
2439 5457 2740 5529 Traguadus
2772 5456 2912 5527 apud
2940 5451 3343 5520 Eusebium,De
3373 5462 3658 5521 purpurat.

2097 5553 2412 5621 evangelica,
2442 5551 2537 5605 lib.
2567 5566 2605 5603 ι.
2640 5549 2714 5604 Ex
2737 5549 2905 5604 nimio
2925 5550 3052 5602 item
3078 5545 3283 5608 labore,
3314 5553 3366 5598 et
3387 5551 3522 5598 aestu
3552 5545 3642 5612 plu

2101 5642 2224 5696 rimi
2276 5641 2731 5711 corripiebantur,
2774 5647 2828 5694 et
2878 5635 3250 5690 moriebantur
3293 5641 3478 5703 peste,
3521 5647 3662 5704 quos

2101 5734 2400 5804 insepultos
2447 5733 2806 5804 projiciebant
2837 5727 3092 5798 Egyptii.
3139 5724 3317 5796 Opera
3363 5732 3539 5782 autem
3575 5724 3662 5779 «ab

2101 5827 2368 5900 IEgyptiis
2402 5824 2675 5896 imposita,
2708 5821 2942 5893 primum
2968 5819 3204 5876 formare
3234 5821 3405 5876 lutum
3439 5819 3492 5873 in
3525 5818 3693 5889 ηις-ι
