  <div class='ocr_page' id='page_1' title='image "/cluster/home/n/w/nwhite01/storage/ocr_20150623/18/mdp.39015008168943/549.png"; bbox 0 0 4064 6290; ppageno 0'>
   <div class='ocr_carea' id='block_1_1' title="bbox 431 398 609 455">
    <p class='ocr_par' dir='ltr' id='par_1_1' title="bbox 431 398 609 455">
     <span class='ocr_line' id='line_1_1' title="bbox 431 398 609 455; baseline -0.034 -2"><span class='ocrx_word' id='word_1_1' title='bbox 431 398 569 455; x_wconf 64' lang='grc' dir='ltr'><strong>ἐοόἳ</strong></span> <span class='ocrx_word' id='word_1_2' title='bbox 608 444 609 447; x_wconf 45' lang='grc' dir='ltr'><strong>η</strong></span> 
     </span>
    </p>
   </div>
   <div class='ocr_carea' id='block_1_2' title="bbox 1798 388 2344 447">
    <p class='ocr_par' dir='ltr' id='par_1_2' title="bbox 1798 388 2344 447">
     <span class='ocr_line' id='line_1_2' title="bbox 1798 388 2344 447; baseline 0 -3"><span class='ocrx_word' id='word_1_3' title='bbox 1798 388 2046 446; x_wconf 82' lang='lat' dir='ltr'><strong>LEONIS</strong></span> <span class='ocrx_word' id='word_1_4' title='bbox 2073 389 2344 447; x_wconf 78' lang='lat' dir='ltr'><strong>ALLATII</strong></span> 
     </span>
    </p>
   </div>
   <div class='ocr_carea' id='block_1_3' title="bbox 3539 383 3681 440">
    <p class='ocr_par' dir='ltr' id='par_1_3' title="bbox 3539 383 3681 440">
     <span class='ocr_line' id='line_1_3' title="bbox 3539 383 3681 440; baseline -0.007 -1"><span class='ocrx_word' id='word_1_5' title='bbox 3539 383 3681 440; x_wconf 69' lang='grc'><strong>1048</strong></span> 
     </span>
    </p>
   </div>
   <div class='ocr_carea' id='block_1_4' title="bbox 430 508 2025 587">
    <p class='ocr_par' dir='ltr' id='par_1_4' title="bbox 430 514 2007 587">
     <span class='ocr_line' id='line_1_4' title="bbox 430 514 2007 587; baseline -0.007 -9"><span class='ocrx_word' id='word_1_6' title='bbox 430 537 541 587; x_wconf 73' lang='lat' dir='ltr'><strong>res,</strong></span> <span class='ocrx_word' id='word_1_7' title='bbox 574 527 896 584; x_wconf 82' lang='lat' dir='ltr'><strong>secundum,</strong></span> <span class='ocrx_word' id='word_1_8' title='bbox 933 517 1205 576; x_wconf 73' lang='lat' dir='ltr'><strong>aediﬁcare</strong></span> <span class='ocrx_word' id='word_1_9' title='bbox 1230 517 1396 574; x_wconf 85' lang='lat' dir='ltr'><strong>urbes</strong></span> <span class='ocrx_word' id='word_1_10' title='bbox 1424 515 1662 583; x_wconf 86' lang='lat' dir='ltr'><strong>Pitbom.</strong></span> <span class='ocrx_word' id='word_1_11' title='bbox 1685 524 1739 571; x_wconf 90' lang='lat' dir='ltr'><strong>et</strong></span> <span class='ocrx_word' id='word_1_12' title='bbox 1779 514 2007 568; x_wconf 76' lang='lat' dir='ltr'><strong>Rames-</strong></span> 
     </span>
    </p>
   </div>
   <div class='ocr_carea' id='block_1_5' title="bbox 2127 508 3682 587">
    <p class='ocr_par' dir='ltr' id='par_1_5' title="bbox 2127 508 3682 586">
     <span class='ocr_line' id='line_1_5' title="bbox 2127 508 3682 586; baseline -0.002 -17"><span class='ocrx_word' id='word_1_13' title='bbox 2127 515 2335 586; x_wconf 66' lang='grc' dir='ltr'>ώμενον</span> <span class='ocrx_word' id='word_1_14' title='bbox 2369 516 2587 579; x_wconf 76' lang='grc' dir='ltr'>ἄπωθεν</span> <span class='ocrx_word' id='word_1_15' title='bbox 2639 514 2851 569; x_wconf 76' lang='grc' dir='ltr'>ἑστῶσα</span> <span class='ocrx_word' id='word_1_16' title='bbox 2875 513 2972 569; x_wconf 82' lang='grc' dir='ltr'>τοῦ</span> <span class='ocrx_word' id='word_1_17' title='bbox 2999 511 3188 575; x_wconf 74' lang='grc' dir='ltr'>παιδὸς</span> <span class='ocrx_word' id='word_1_18' title='bbox 3223 511 3257 583; x_wconf 75' lang='grc' dir='ltr'><strong>ἡ</strong></span> <span class='ocrx_word' id='word_1_19' title='bbox 3287 508 3511 580; x_wconf 72' lang='grc' dir='ltr'>ἀδελφή.</span> <span class='ocrx_word' id='word_1_20' title='bbox 3545 509 3682 566; x_wconf 75' lang='lat' dir='ltr'><strong>Eze-</strong></span> 
     </span>
    </p>
   </div>
   <div class='ocr_carea' id='block_1_6' title="bbox 430 607 2008 676">
    <p class='ocr_par' dir='ltr' id='par_1_6' title="bbox 430 607 2008 676">
     <span class='ocr_line' id='line_1_6' title="bbox 430 607 2008 676; baseline -0.006 -7"><span class='ocrx_word' id='word_1_21' title='bbox 430 628 542 673; x_wconf 82' lang='lat' dir='ltr'><strong>ses.</strong></span> <span class='ocrx_word' id='word_1_22' title='bbox 581 614 803 668; x_wconf 88' lang='lat' dir='ltr'><strong>tertium</strong></span> <span class='ocrx_word' id='word_1_23' title='bbox 843 610 1024 666; x_wconf 88' lang='lat' dir='ltr'><strong>Nilum</strong></span> <span class='ocrx_word' id='word_1_24' title='bbox 1059 610 1115 665; x_wconf 93' lang='lat' dir='ltr'><strong>in</strong></span> <span class='ocrx_word' id='word_1_25' title='bbox 1152 608 1333 667; x_wconf 85' lang='lat' dir='ltr'><strong>fossas</strong></span> <span class='ocrx_word' id='word_1_26' title='bbox 1373 608 1645 665; x_wconf 85' lang='lat' dir='ltr'><strong>deducere</strong></span> <span class='ocrx_word' id='word_1_27' title='bbox 1677 607 1743 662; x_wconf 93' lang='lat' dir='ltr'><strong>ad</strong></span> <span class='ocrx_word' id='word_1_28' title='bbox 1774 607 2008 676; x_wconf 85' lang='lat' dir='ltr'><strong>irrigan-</strong></span> 
     </span>
    </p>
   </div>
   <div class='ocr_carea' id='block_1_7' title="bbox 432 697 2009 775">
    <p class='ocr_par' dir='ltr' id='par_1_7' title="bbox 432 697 2009 775">
     <span class='ocr_line' id='line_1_7' title="bbox 432 697 2009 775; baseline -0.006 -15"><span class='ocrx_word' id='word_1_29' title='bbox 432 706 563 761; x_wconf 91' lang='lat' dir='ltr'><strong>dum</strong></span> <span class='ocrx_word' id='word_1_30' title='bbox 592 704 932 775; x_wconf 81' lang='lat' dir='ltr'><strong>singulorum</strong></span> <span class='ocrx_word' id='word_1_31' title='bbox 967 716 1152 773; x_wconf 81' lang='lat' dir='ltr'><strong>agros,</strong></span> <span class='ocrx_word' id='word_1_32' title='bbox 1183 710 1237 757; x_wconf 89' lang='lat' dir='ltr'><strong>et</strong></span> <span class='ocrx_word' id='word_1_33' title='bbox 1269 711 1444 772; x_wconf 85' lang='lat' dir='ltr'><strong>prata,</strong></span> <span class='ocrx_word' id='word_1_34' title='bbox 1482 700 1768 768; x_wconf 72' lang='lat' dir='ltr'><strong>fossasque</strong></span> <span class='ocrx_word' id='word_1_35' title='bbox 1800 697 2009 769; x_wconf 85' lang='lat' dir='ltr'><strong>aggeri-</strong></span> 
     </span>
    </p>
   </div>
   <div class='ocr_carea' id='block_1_8' title="bbox 432 784 2008 867">
    <p class='ocr_par' dir='ltr' id='par_1_8' title="bbox 432 784 2008 867">
     <span class='ocr_line' id='line_1_8' title="bbox 432 784 2008 867; baseline -0.008 -13"><span class='ocrx_word' id='word_1_36' title='bbox 432 798 536 855; x_wconf 90' lang='lat' dir='ltr'><strong>bus</strong></span> <span class='ocrx_word' id='word_1_37' title='bbox 575 797 814 867; x_wconf 79' lang='lat' dir='ltr'><strong>cingere.</strong></span> <span class='ocrx_word' id='word_1_38' title='bbox 855 792 1131 866; x_wconf 87' lang='lat' dir='ltr'><strong>Josephus</strong></span> <span class='ocrx_word' id='word_1_39' title='bbox 1163 784 1389 849; x_wconf 88' lang='lat' dir='ltr'><strong>insanas</strong></span> <span class='ocrx_word' id='word_1_40' title='bbox 1433 791 1872 847; x_wconf 84' lang='lat' dir='ltr'><strong>substructiones</strong></span> <span class='ocrx_word' id='word_1_41' title='bbox 1902 790 2008 862; x_wconf 83' lang='lat' dir='ltr'><strong>Py-</strong></span> 
     </span>
    </p>
   </div>
   <div class='ocr_carea' id='block_1_9' title="bbox 432 883 2012 956">
    <p class='ocr_par' dir='ltr' id='par_1_9' title="bbox 432 883 2012 956">
     <span class='ocr_line' id='line_1_9' title="bbox 432 883 2012 956; baseline -0.006 -11"><span class='ocrx_word' id='word_1_42' title='bbox 432 891 698 945; x_wconf 88' lang='lat' dir='ltr'><strong>ramidum</strong></span> <span class='ocrx_word' id='word_1_43' title='bbox 727 887 919 944; x_wconf 79' lang='lat' dir='ltr'><strong>tribuit</strong></span> <span class='ocrx_word' id='word_1_44' title='bbox 943 887 1206 944; x_wconf 76' lang='lat' dir='ltr'><strong>Hebraeis.</strong></span> <span class='ocrx_word' id='word_1_45' title='bbox 1230 887 1542 956; x_wconf 82' lang='lat' dir='ltr'><strong>Artapanus</strong></span> <span class='ocrx_word' id='word_1_46' title='bbox 1564 883 1793 939; x_wconf 79' lang='grc' dir='ltr'>εΤοῦτον</span> <span class='ocrx_word' id='word_1_47' title='bbox 1818 884 1876 938; x_wconf 84' lang='grc' dir='ltr'>δὲ</span> <span class='ocrx_word' id='word_1_48' title='bbox 1899 886 2012 947; x_wconf 86' lang='grc' dir='ltr'>τοῖς</span> 
     </span>
    </p>
   </div>
   <div class='ocr_carea' id='block_1_10' title="bbox 415 976 2010 1059">
    <p class='ocr_par' dir='ltr' id='par_1_10' title="bbox 415 976 2010 1059">
     <span class='ocr_line' id='line_1_10' title="bbox 415 976 2010 1059; baseline -0.004 -21"><span class='ocrx_word' id='word_1_49' title='bbox 415 981 718 1059; x_wconf 48' lang='grc' dir='ltr'>,Ἰουδαίοις</span> <span class='ocrx_word' id='word_1_50' title='bbox 765 981 983 1051; x_wconf 80' lang='grc' dir='ltr'><strong>φαύλως</strong></span> <span class='ocrx_word' id='word_1_51' title='bbox 1025 979 1462 1055; x_wconf 68' lang='grc' dir='ltr'>προσφέρεσθαι*</span> <span class='ocrx_word' id='word_1_52' title='bbox 1509 979 1602 1032; x_wconf 77' lang='grc' dir='ltr'><strong>καὶ</strong></span> <span class='ocrx_word' id='word_1_53' title='bbox 1651 976 1867 1049; x_wconf 85' lang='grc' dir='ltr'>πρῶτον</span> <span class='ocrx_word' id='word_1_54' title='bbox 1913 976 2010 1048; x_wconf 80' lang='grc' dir='ltr'><strong>μὲν</strong></span> 
     </span>
    </p>
   </div>
   <div class='ocr_carea' id='block_1_11' title="bbox 431 1070 2011 1147">
    <p class='ocr_par' dir='ltr' id='par_1_11' title="bbox 431 1070 2011 1147">
     <span class='ocr_line' id='line_1_11' title="bbox 431 1070 2011 1147; baseline -0.004 -18"><span class='ocrx_word' id='word_1_55' title='bbox 431 1074 529 1147; x_wconf 72' lang='grc' dir='ltr'>τὴν</span> <span class='ocrx_word' id='word_1_56' title='bbox 558 1073 775 1128; x_wconf 84' lang='grc' dir='ltr'>Κεσσὰν</span> <span class='ocrx_word' id='word_1_57' title='bbox 807 1075 1179 1146; x_wconf 80' lang='grc' dir='ltr'>οἰκοδομῆσαι,</span> <span class='ocrx_word' id='word_1_58' title='bbox 1231 1075 1291 1127; x_wconf 88' lang='grc' dir='ltr'>τό</span> <span class='ocrx_word' id='word_1_59' title='bbox 1318 1089 1377 1132; x_wconf 82' lang='grc' dir='ltr'><strong>τε</strong></span> <span class='ocrx_word' id='word_1_60' title='bbox 1409 1073 1497 1127; x_wconf 73' lang='grc' dir='ltr'><strong>ἐπ’</strong></span> <span class='ocrx_word' id='word_1_61' title='bbox 1518 1071 1663 1143; x_wconf 77' lang='grc' dir='ltr'>αὐτῇ</span> <span class='ocrx_word' id='word_1_62' title='bbox 1699 1070 1842 1144; x_wconf 83' lang='grc' dir='ltr'>ἱερὸν</span> <span class='ocrx_word' id='word_1_63' title='bbox 1876 1070 2011 1124; x_wconf 88' lang='grc' dir='ltr'>καθ-</span> 
     </span>
    </p>
   </div>
   <div class='ocr_carea' id='block_1_12' title="bbox 435 1152 2011 1239">
    <p class='ocr_par' dir='ltr' id='par_1_12' title="bbox 435 1152 2011 1239">
     <span class='ocr_line' id='line_1_12' title="bbox 435 1152 2011 1239; baseline -0.003 -20"><span class='ocrx_word' id='word_1_64' title='bbox 435 1165 770 1239; x_wconf 76' lang='grc' dir='ltr'>ιδρύσασθαι,</span> <span class='ocrx_word' id='word_1_65' title='bbox 795 1160 914 1219; x_wconf 72' lang='grc' dir='ltr'>εἶτα</span> <span class='ocrx_word' id='word_1_66' title='bbox 942 1166 1034 1219; x_wconf 88' lang='grc' dir='ltr'><strong>τδν</strong></span> <span class='ocrx_word' id='word_1_67' title='bbox 1060 1168 1118 1220; x_wconf 83' lang='grc' dir='ltr'>ὲν</span> <span class='ocrx_word' id='word_1_68' title='bbox 1161 1164 1496 1219; x_wconf 83' lang='grc' dir='ltr'><strong>Ἡλιουπόλει</strong></span> <span class='ocrx_word' id='word_1_69' title='bbox 1522 1165 1646 1217; x_wconf 83' lang='grc' dir='ltr'>ναὸν</span> <span class='ocrx_word' id='word_1_70' title='bbox 1672 1152 2011 1217; x_wconf 86' lang='grc' dir='ltr'>κατασκευά-</span> 
     </span>
    </p>
   </div>
   <div class='ocr_carea' id='block_1_13' title="bbox 435 1250 2012 1329">
    <p class='ocr_par' dir='ltr' id='par_1_13' title="bbox 435 1250 2012 1329">
     <span class='ocr_line' id='line_1_13' title="bbox 435 1250 2012 1329; baseline -0.003 -20"><span class='ocrx_word' id='word_1_71' title='bbox 435 1274 545 1311; x_wconf 84' lang='grc' dir='ltr'>σαι.</span> <span class='ocrx_word' id='word_1_72' title='bbox 575 1252 812 1328; x_wconf 84' lang='lat' dir='ltr'><strong>Cyrillus</strong></span> <span class='ocrx_word' id='word_1_73' title='bbox 842 1256 1237 1329; x_wconf 82' lang='lat' dir='ltr'><strong>Glaphyrorum</strong></span> <span class='ocrx_word' id='word_1_74' title='bbox 1277 1256 1330 1309; x_wconf 86' lang='lat' dir='ltr'><strong>in</strong></span> <span class='ocrx_word' id='word_1_75' title='bbox 1364 1253 1540 1309; x_wconf 78' lang='lat' dir='ltr'><strong>Exod.</strong></span> <span class='ocrx_word' id='word_1_76' title='bbox 1561 1254 1656 1310; x_wconf 92' lang='lat' dir='ltr'><strong>lib.</strong></span> <span class='ocrx_word' id='word_1_77' title='bbox 1683 1269 1700 1307; x_wconf 88' lang='grc'><strong>1</strong></span> <span class='ocrx_word' id='word_1_78' title='bbox 1730 1271 1744 1306; x_wconf 91' lang='lat'><strong>:</strong></span> <span class='ocrx_word' id='word_1_79' title='bbox 1778 1253 1837 1307; x_wconf 85' lang='grc' dir='ltr'>Ὀ</span> <span class='ocrx_word' id='word_1_80' title='bbox 1867 1251 1924 1305; x_wconf 84' lang='grc' dir='ltr'>δὲ</span> <span class='ocrx_word' id='word_1_81' title='bbox 1948 1250 2012 1323; x_wconf 78' lang='grc' dir='ltr'>δὴ</span> 
     </span>
    </p>
   </div>
   <div class='ocr_carea' id='block_1_14' title="bbox 435 1343 2014 1422">
    <p class='ocr_par' dir='ltr' id='par_1_14' title="bbox 435 1343 2014 1422">
     <span class='ocr_line' id='line_1_14' title="bbox 435 1343 2014 1422; baseline -0.003 -20"><span class='ocrx_word' id='word_1_82' title='bbox 435 1347 735 1403; x_wconf 78' lang='grc' dir='ltr'><strong>κακοῦσθαι</strong></span> <span class='ocrx_word' id='word_1_83' title='bbox 774 1349 973 1422; x_wconf 85' lang='grc' dir='ltr'><strong>τρόπος</strong></span> <span class='ocrx_word' id='word_1_84' title='bbox 1006 1344 1075 1421; x_wconf 84' lang='grc' dir='ltr'>ἦν</span> <span class='ocrx_word' id='word_1_85' title='bbox 1101 1350 1129 1402; x_wconf 90' lang='grc' dir='ltr'><strong>ὀ</strong></span> <span class='ocrx_word' id='word_1_86' title='bbox 1160 1349 1253 1402; x_wconf 80' lang='grc' dir='ltr'>ἐπὶ</span> <span class='ocrx_word' id='word_1_87' title='bbox 1305 1347 1611 1411; x_wconf 85' lang='grc' dir='ltr'>σκαπάναις</span> <span class='ocrx_word' id='word_1_88' title='bbox 1653 1343 1833 1417; x_wconf 80' lang='grc' dir='ltr'>ἱδρὼς,</span> <span class='ocrx_word' id='word_1_89' title='bbox 1863 1343 2014 1397; x_wconf 87' lang='grc' dir='ltr'>πλιν-</span> 
     </span>
    </p>
   </div>
   <div class='ocr_carea' id='block_1_15' title="bbox 435 1431 2015 1512">
    <p class='ocr_par' dir='ltr' id='par_1_15' title="bbox 435 1431 2015 1512">
     <span class='ocr_line' id='line_1_15' title="bbox 435 1431 2015 1512; baseline -0.003 -22"><span class='ocrx_word' id='word_1_90' title='bbox 435 1438 665 1511; x_wconf 81' lang='grc' dir='ltr'>θουργία</span> <span class='ocrx_word' id='word_1_91' title='bbox 698 1439 886 1512; x_wconf 82' lang='grc' dir='ltr'>μακρὰ</span> <span class='ocrx_word' id='word_1_92' title='bbox 926 1440 1022 1493; x_wconf 59' lang='grc' dir='ltr'><strong>καλ⁵</strong></span> <span class='ocrx_word' id='word_1_93' title='bbox 1054 1438 1283 1510; x_wconf 79' lang='grc' dir='ltr'>ἄμισθος</span> <span class='ocrx_word' id='word_1_94' title='bbox 1321 1438 1414 1492; x_wconf 81' lang='grc' dir='ltr'>καὶ</span> <span class='ocrx_word' id='word_1_95' title='bbox 1453 1438 1559 1509; x_wconf 82' lang='grc' dir='ltr'>μὴν</span> <span class='ocrx_word' id='word_1_96' title='bbox 1588 1436 1681 1491; x_wconf 75' lang='grc' dir='ltr'>καὶ</span> <span class='ocrx_word' id='word_1_97' title='bbox 1712 1435 1774 1489; x_wconf 85' lang='grc' dir='ltr'><strong>τὸ</strong></span> <span class='ocrx_word' id='word_1_98' title='bbox 1805 1431 2015 1488; x_wconf 86' lang='grc' dir='ltr'>ἀναδεί-</span> 
     </span>
    </p>
   </div>
   <div class='ocr_carea' id='block_1_16' title="bbox 438 1527 2014 1602">
    <p class='ocr_par' dir='ltr' id='par_1_16' title="bbox 438 1527 2014 1602">
     <span class='ocr_line' id='line_1_16' title="bbox 438 1527 2014 1602; baseline -0.004 -17"><span class='ocrx_word' id='word_1_99' title='bbox 438 1531 642 1602; x_wconf 85' lang='grc' dir='ltr'>μασθαι</span> <span class='ocrx_word' id='word_1_100' title='bbox 672 1531 856 1594; x_wconf 81' lang='grc' dir='ltr'>πόλεις</span> <span class='ocrx_word' id='word_1_101' title='bbox 903 1529 1106 1602; x_wconf 79' lang='grc' dir='ltr'>ὀχυρὰς</span> <span class='ocrx_word' id='word_1_102' title='bbox 1138 1528 1214 1601; x_wconf 81' lang='grc' dir='ltr'>τῷ</span> <span class='ocrx_word' id='word_1_103' title='bbox 1251 1527 1471 1601; x_wconf 81' lang='grc' dir='ltr'>Φαραὼ,</span> <span class='ocrx_word' id='word_1_104' title='bbox 1513 1527 1759 1582; x_wconf 82' lang='grc' dir='ltr'><strong>τουτέστι</strong></span> <span class='ocrx_word' id='word_1_105' title='bbox 1804 1542 2014 1596; x_wconf 84' lang='grc' dir='ltr'>πεπυρ-</span> 
     </span>
    </p>
   </div>
   <div class='ocr_carea' id='block_1_17' title="bbox 437 1617 2013 1695">
    <p class='ocr_par' dir='ltr' id='par_1_17' title="bbox 437 1617 2013 1695">
     <span class='ocr_line' id='line_1_17' title="bbox 437 1617 2013 1695; baseline -0.005 -17"><span class='ocrx_word' id='word_1_106' title='bbox 437 1624 713 1695; x_wconf 79' lang='grc' dir='ltr'>γωμένας,</span> <span class='ocrx_word' id='word_1_107' title='bbox 750 1623 783 1695; x_wconf 83' lang='grc' dir='ltr'>ἢ</span> <span class='ocrx_word' id='word_1_108' title='bbox 818 1622 990 1686; x_wconf 75' lang='grc' dir='ltr'>οὕτως</span> <span class='ocrx_word' id='word_1_109' title='bbox 1030 1621 1247 1694; x_wconf 80' lang='grc' dir='ltr'>εὐρείας</span> <span class='ocrx_word' id='word_1_110' title='bbox 1292 1623 1386 1675; x_wconf 63' lang='grc' dir='ltr'><strong>κα)⁵</strong></span> <span class='ocrx_word' id='word_1_111' title='bbox 1427 1620 1665 1692; x_wconf 74' lang='grc' dir='ltr'>μακρὰς,</span> <span class='ocrx_word' id='word_1_112' title='bbox 1697 1620 1773 1682; x_wconf 84' lang='grc' dir='ltr'>ὼς</span> <span class='ocrx_word' id='word_1_113' title='bbox 1818 1617 2013 1689; x_wconf 89' lang='grc' dir='ltr'>κομιδῆ</span> 
     </span>
    </p>
   </div>
   <div class='ocr_carea' id='block_1_18' title="bbox 434 1708 2014 1784">
    <p class='ocr_par' dir='ltr' id='par_1_18' title="bbox 434 1708 2014 1784">
     <span class='ocr_line' id='line_1_18' title="bbox 434 1708 2014 1784; baseline -0.003 -16"><span class='ocrx_word' id='word_1_114' title='bbox 434 1719 557 1779; x_wconf 85' lang='grc' dir='ltr'>ταῖς</span> <span class='ocrx_word' id='word_1_115' title='bbox 588 1716 774 1780; x_wconf 75' lang='grc' dir='ltr'>ἄλλαις</span> <span class='ocrx_word' id='word_1_116' title='bbox 826 1711 965 1769; x_wconf 83' lang='grc' dir='ltr'>εἶναι</span> <span class='ocrx_word' id='word_1_117' title='bbox 1013 1714 1209 1781; x_wconf 79' lang='grc' dir='ltr'>δοκεῖν,</span> <span class='ocrx_word' id='word_1_118' title='bbox 1252 1713 1341 1767; x_wconf 81' lang='grc' dir='ltr'><strong>διὰ</strong></span> <span class='ocrx_word' id='word_1_119' title='bbox 1385 1712 1593 1784; x_wconf 80' lang='grc' dir='ltr'>πληθὺν</span> <span class='ocrx_word' id='word_1_120' title='bbox 1638 1710 1879 1783; x_wconf 86' lang='grc' dir='ltr'>δηλονότι</span> <span class='ocrx_word' id='word_1_121' title='bbox 1907 1708 2014 1764; x_wconf 85' lang='grc' dir='ltr'><strong>τῶν</strong></span> 
     </span>
    </p>
   </div>
   <div class='ocr_carea' id='block_1_19' title="bbox 2111 606 2839 667">
    <p class='ocr_par' dir='ltr' id='par_1_19' title="bbox 2111 606 2839 667">
     <span class='ocr_line' id='line_1_19' title="bbox 2111 606 2839 667; baseline -0.001 -5"><span class='ocrx_word' id='word_1_122' title='bbox 2111 608 2389 667; x_wconf 73' lang='lat' dir='ltr'><strong>chielus...</strong></span> <span class='ocrx_word' id='word_1_123' title='bbox 2415 608 2490 660; x_wconf 84' lang='grc' dir='ltr'><strong>Οὐ</strong></span> <span class='ocrx_word' id='word_1_124' title='bbox 2522 606 2757 662; x_wconf 82' lang='grc' dir='ltr'>λαθοῦσα</span> <span class='ocrx_word' id='word_1_125' title='bbox 2781 607 2839 661; x_wconf 81' lang='grc' dir='ltr'>δὲ</span> 
     </span>
    </p>
   </div>
   <div class='ocr_carea' id='block_1_20' title="bbox 2189 715 3301 789">
    <p class='ocr_par' dir='ltr' id='par_1_20' title="bbox 2189 715 3301 789">
     <span class='ocr_line' id='line_1_20' title="bbox 2189 715 3301 789; baseline -0.004 -15"><span class='ocrx_word' id='word_1_126' title='bbox 2189 722 2203 740; x_wconf 87' lang='lat'><strong>&#39;</strong></span> <span class='ocrx_word' id='word_1_127' title='bbox 2217 720 2570 787; x_wconf 81' lang='grc' dir='ltr'>Υπεξέθηκε.</span> <span class='ocrx_word' id='word_1_128' title='bbox 2604 722 2836 789; x_wconf 79' lang='grc' dir='ltr'><strong>κόσμον</strong></span> <span class='ocrx_word' id='word_1_129' title='bbox 2860 715 3191 789; x_wconf 58' lang='lat' dir='ltr'><strong>dltgctﬂsi’a&#39;ei</strong></span> <span class='ocrx_word' id='word_1_130' title='bbox 3199 733 3301 784; x_wconf 82' lang='grc' dir='ltr'>μοι</span> 
     </span>
    </p>
   </div>
   <div class='ocr_carea' id='block_1_21' title="bbox 2178 787 3502 860">
    <p class='ocr_par' dir='ltr' id='par_1_21' title="bbox 2178 787 3502 860">
     <span class='ocr_line' id='line_1_21' title="bbox 2178 787 3502 860; baseline -0.002 -15"><span class='ocrx_word' id='word_1_131' title='bbox 2178 794 2322 860; x_wconf 83' lang='grc' dir='ltr'>Παρ’</span> <span class='ocrx_word' id='word_1_132' title='bbox 2350 791 2499 860; x_wconf 67' lang='grc' dir='ltr'>ἄκρα</span> <span class='ocrx_word' id='word_1_133' title='bbox 2522 787 2788 856; x_wconf 73' lang='grc' dir='ltr'>,ποταμοῦ</span> <span class='ocrx_word' id='word_1_134' title='bbox 2819 787 3041 844; x_wconf 73' lang='grc' dir='ltr'>λάσιον</span> <span class='ocrx_word' id='word_1_135' title='bbox 3057 791 3143 860; x_wconf 73' lang='grc' dir='ltr'>εἰς</span> <span class='ocrx_word' id='word_1_136' title='bbox 3162 788 3303 852; x_wconf 77' lang='grc' dir='ltr'>ἕλος</span> <span class='ocrx_word' id='word_1_137' title='bbox 3319 787 3502 860; x_wconf 76' lang='grc' dir='ltr'>βαθύ.</span> 
     </span>
    </p>
   </div>
   <div class='ocr_carea' id='block_1_22' title="bbox 2179 856 3537 932">
    <p class='ocr_par' dir='ltr' id='par_1_22' title="bbox 2179 856 3537 932">
     <span class='ocr_line' id='line_1_22' title="bbox 2179 856 3537 932; baseline -0.003 -16"><span class='ocrx_word' id='word_1_138' title='bbox 2179 856 2490 932; x_wconf 56' lang='lat' dir='ltr'><strong>Mdptap‘a&#39;</strong></span> <span class='ocrx_word' id='word_1_139' title='bbox 2524 861 2754 931; x_wconf 69' lang='grc' dir='ltr'><strong>ἀδελφή</strong></span> <span class='ocrx_word' id='word_1_140' title='bbox 2780 879 2901 931; x_wconf 83' lang='grc' dir='ltr'>μου</span> <span class='ocrx_word' id='word_1_141' title='bbox 2930 858 3302 914; x_wconf 79' lang='grc' dir='ltr'>κατώπτευεν</span> <span class='ocrx_word' id='word_1_142' title='bbox 3329 856 3537 924; x_wconf 73' lang='grc' dir='ltr'>πέλας.</span> 
     </span>
    </p>
   </div>
   <div class='ocr_carea' id='block_1_23' title="bbox 2110 973 2869 1031">
    <p class='ocr_par' dir='ltr' id='par_1_23' title="bbox 2110 973 2869 1031">
     <span class='ocr_line' id='line_1_23' title="bbox 2110 973 2869 1031; baseline 0 -1"><span class='ocrx_word' id='word_1_143' title='bbox 2110 974 2312 1031; x_wconf 88' lang='lat' dir='ltr'><strong>Fusius</strong></span> <span class='ocrx_word' id='word_1_144' title='bbox 2340 975 2457 1031; x_wconf 74' lang='lat' dir='ltr'><strong>haec</strong></span> <span class='ocrx_word' id='word_1_145' title='bbox 2485 976 2666 1030; x_wconf 84' lang='lat' dir='ltr'><strong>omnia</strong></span> <span class='ocrx_word' id='word_1_146' title='bbox 2690 973 2869 1030; x_wconf 82' lang='lat' dir='ltr'><strong>Philo.</strong></span> 
     </span>
    </p>
   </div>
   <div class='ocr_carea' id='block_1_24' title="bbox 2180 1065 3682 1138">
    <p class='ocr_par' dir='ltr' id='par_1_24' title="bbox 2180 1065 3682 1138">
     <span class='ocr_line' id='line_1_24' title="bbox 2180 1065 3682 1138; baseline -0.001 -15"><span class='ocrx_word' id='word_1_147' title='bbox 2180 1068 2343 1134; x_wconf 87' lang='lat' dir='ltr'><strong>Ibid.,</strong></span> <span class='ocrx_word' id='word_1_148' title='bbox 2374 1068 2469 1122; x_wconf 86' lang='lat' dir='ltr'><strong>lin.</strong></span> <span class='ocrx_word' id='word_1_149' title='bbox 2499 1068 2587 1122; x_wconf 71' lang='lat'><strong>4|.</strong></span> <span class='ocrx_word' id='word_1_150' title='bbox 2619 1069 2727 1124; x_wconf 81' lang='lat' dir='ltr'><strong>Kal</strong></span> <span class='ocrx_word' id='word_1_151' title='bbox 2750 1069 2786 1137; x_wconf 74' lang='grc' dir='ltr'><em>ἠ</em></span> <span class='ocrx_word' id='word_1_152' title='bbox 2812 1066 3070 1138; x_wconf 77' lang='grc' dir='ltr'><strong>θυγάτηρ</strong></span> <span class='ocrx_word' id='word_1_153' title='bbox 3097 1068 3203 1122; x_wconf 79' lang='grc' dir='ltr'>τοῦ</span> <span class='ocrx_word' id='word_1_154' title='bbox 3231 1069 3336 1122; x_wconf 57' lang='lat' dir='ltr'><strong>dia.</strong></span> <span class='ocrx_word' id='word_1_155' title='bbox 3378 1065 3575 1121; x_wconf 83' lang='lat' dir='ltr'><strong>Eadem</strong></span> <span class='ocrx_word' id='word_1_156' title='bbox 3602 1066 3682 1122; x_wconf 78' lang='lat' dir='ltr'><strong>lo-</strong></span> 
     </span>
    </p>
   </div>
   <div class='ocr_carea' id='block_1_25' title="bbox 2111 1154 3750 1230">
    <p class='ocr_par' dir='ltr' id='par_1_25' title="bbox 2111 1154 3750 1230">
     <span class='ocr_line' id='line_1_25' title="bbox 2111 1154 3750 1230; baseline -0.001 -17"><span class='ocrx_word' id='word_1_157' title='bbox 2111 1169 2315 1230; x_wconf 86' lang='lat' dir='ltr'><strong>guntur</strong></span> <span class='ocrx_word' id='word_1_158' title='bbox 2349 1159 2489 1228; x_wconf 89' lang='lat' dir='ltr'><strong>apud</strong></span> <span class='ocrx_word' id='word_1_159' title='bbox 2514 1157 2881 1221; x_wconf 87' lang='lat' dir='ltr'><strong>Ezechielum,</strong></span> <span class='ocrx_word' id='word_1_160' title='bbox 2908 1157 3211 1221; x_wconf 85' lang='lat' dir='ltr'><strong>Philonem,</strong></span> <span class='ocrx_word' id='word_1_161' title='bbox 3229 1154 3547 1225; x_wconf 75' lang='lat' dir='ltr'><strong>losepbum,</strong></span> <span class='ocrx_word' id='word_1_162' title='bbox 3567 1156 3682 1212; x_wconf 79' lang='lat' dir='ltr'><strong>Cle-</strong></span> <span class='ocrx_word' id='word_1_163' title='bbox 3746 1194 3750 1199; x_wconf 62' lang='grc' dir='ltr'><strong><em>η</em></strong></span> 
     </span>
    </p>
   </div>
   <div class='ocr_carea' id='block_1_26' title="bbox 2112 1250 3098 1312">
    <p class='ocr_par' dir='ltr' id='par_1_26' title="bbox 2112 1250 3098 1312">
     <span class='ocr_line' id='line_1_26' title="bbox 2112 1250 3098 1312; baseline -0.003 -6"><span class='ocrx_word' id='word_1_164' title='bbox 2112 1258 2347 1306; x_wconf 89' lang='lat' dir='ltr'><strong>mentem</strong></span> <span class='ocrx_word' id='word_1_165' title='bbox 2383 1250 2833 1312; x_wconf 82' lang='lat' dir='ltr'><strong>Alexandrinum,</strong></span> <span class='ocrx_word' id='word_1_166' title='bbox 2863 1259 2917 1305; x_wconf 91' lang='lat' dir='ltr'><strong>et</strong></span> <span class='ocrx_word' id='word_1_167' title='bbox 2940 1251 3098 1306; x_wconf 89' lang='lat' dir='ltr'><strong>alios.</strong></span> 
     </span>
    </p>
   </div>
   <div class='ocr_carea' id='block_1_27' title="bbox 2179 1338 3683 1411">
    <p class='ocr_par' dir='ltr' id='par_1_27' title="bbox 2179 1338 3683 1411">
     <span class='ocr_line' id='line_1_27' title="bbox 2179 1338 3683 1411; baseline -0.001 -17"><span class='ocrx_word' id='word_1_168' title='bbox 2179 1340 2340 1404; x_wconf 82' lang='lat' dir='ltr'><strong>lbid.,</strong></span> <span class='ocrx_word' id='word_1_169' title='bbox 2362 1342 2457 1396; x_wconf 88' lang='lat' dir='ltr'><strong>lin.</strong></span> <span class='ocrx_word' id='word_1_170' title='bbox 2476 1342 2566 1397; x_wconf 68' lang='grc'><strong>44.</strong></span> <span class='ocrx_word' id='word_1_171' title='bbox 2597 1342 3176 1411; x_wconf 77' lang='grc' dir='ltr'>Ἀποροῦσαπαιὸός.</span> <span class='ocrx_word' id='word_1_172' title='bbox 3190 1341 3504 1410; x_wconf 84' lang='lat' dir='ltr'><strong>Artapanus</strong></span> <span class='ocrx_word' id='word_1_173' title='bbox 3521 1357 3537 1394; x_wconf 87' lang='lat'><strong>:</strong></span> <span class='ocrx_word' id='word_1_174' title='bbox 3552 1338 3683 1395; x_wconf 78' lang='grc' dir='ltr'><strong>Τοῦ-</strong></span> 
     </span>
    </p>
   </div>
   <div class='ocr_carea' id='block_1_28' title="bbox 2110 1432 3686 1507">
    <p class='ocr_par' dir='ltr' id='par_1_28' title="bbox 2110 1432 3686 1507">
     <span class='ocr_line' id='line_1_28' title="bbox 2110 1432 3686 1507; baseline -0.003 -18"><span class='ocrx_word' id='word_1_175' title='bbox 2110 1452 2202 1489; x_wconf 89' lang='grc' dir='ltr'><strong>τον</strong></span> <span class='ocrx_word' id='word_1_176' title='bbox 2217 1434 2442 1506; x_wconf 84' lang='grc' dir='ltr'>δὲγεννῆ</span> <span class='ocrx_word' id='word_1_177' title='bbox 2450 1450 2537 1487; x_wconf 84' lang='grc' dir='ltr'><strong>σαι</strong></span> <span class='ocrx_word' id='word_1_178' title='bbox 2548 1432 2818 1505; x_wconf 82' lang='grc' dir='ltr'><strong>θυγατέρα</strong></span> <span class='ocrx_word' id='word_1_179' title='bbox 2834 1434 3063 1507; x_wconf 79' lang='grc' dir='ltr'>Μέῤῥιν.</span> <span class='ocrx_word' id='word_1_180' title='bbox 3083 1433 3149 1504; x_wconf 80' lang='grc' dir='ltr'>ἦν</span> <span class='ocrx_word' id='word_1_181' title='bbox 3163 1434 3412 1505; x_wconf 77' lang='grc' dir='ltr'>Χενεφρῇ</span> <span class='ocrx_word' id='word_1_182' title='bbox 3429 1449 3534 1486; x_wconf 89' lang='grc' dir='ltr'>τινι</span> <span class='ocrx_word' id='word_1_183' title='bbox 3554 1447 3686 1486; x_wconf 79' lang='grc' dir='ltr'>κατ-</span> 
     </span>
    </p>
   </div>
   <div class='ocr_carea' id='block_1_29' title="bbox 2113 1522 3684 1598">
    <p class='ocr_par' dir='ltr' id='par_1_29' title="bbox 2113 1522 3684 1598">
     <span class='ocr_line' id='line_1_29' title="bbox 2113 1522 3684 1598; baseline -0.004 -16"><span class='ocrx_word' id='word_1_184' title='bbox 2113 1527 2400 1598; x_wconf 83' lang='grc' dir='ltr'>εγγυῆσαι,</span> <span class='ocrx_word' id='word_1_185' title='bbox 2430 1526 2537 1580; x_wconf 84' lang='grc' dir='ltr'>τῶν</span> <span class='ocrx_word' id='word_1_186' title='bbox 2578 1526 2721 1598; x_wconf 80' lang='grc' dir='ltr'>ὑπὲρ</span> <span class='ocrx_word' id='word_1_187' title='bbox 2747 1525 2967 1597; x_wconf 80' lang='grc' dir='ltr'>Μέμφιν</span> <span class='ocrx_word' id='word_1_188' title='bbox 2979 1526 3158 1581; x_wconf 83' lang='grc' dir='ltr'>τόπων</span> <span class='ocrx_word' id='word_1_189' title='bbox 3173 1525 3524 1598; x_wconf 79' lang='grc' dir='ltr'><strong>βασιλεύοντι.</strong></span> <span class='ocrx_word' id='word_1_190' title='bbox 3548 1522 3684 1577; x_wconf 73' lang='grc' dir='ltr'>Πολ-</span> 
     </span>
    </p>
   </div>
   <div class='ocr_carea' id='block_1_30' title="bbox 2113 1614 3688 1689">
    <p class='ocr_par' dir='ltr' id='par_1_30' title="bbox 2113 1614 3688 1689">
     <span class='ocr_line' id='line_1_30' title="bbox 2113 1614 3688 1689; baseline -0.005 -14"><span class='ocrx_word' id='word_1_191' title='bbox 2113 1619 2238 1684; x_wconf 82' lang='grc' dir='ltr'>λοὺς</span> <span class='ocrx_word' id='word_1_192' title='bbox 2250 1620 2359 1689; x_wconf 83' lang='grc' dir='ltr'>γὰρ</span> <span class='ocrx_word' id='word_1_193' title='bbox 2373 1618 2491 1673; x_wconf 80' lang='grc' dir='ltr'>τότε</span> <span class='ocrx_word' id='word_1_194' title='bbox 2506 1617 2607 1688; x_wconf 82' lang='grc' dir='ltr'>τῆς</span> <span class='ocrx_word' id='word_1_195' title='bbox 2620 1617 2895 1687; x_wconf 74' lang='grc' dir='ltr'><strong>Αἰγύπτου</strong></span> <span class='ocrx_word' id='word_1_196' title='bbox 2916 1616 3237 1688; x_wconf 80' lang='grc' dir='ltr'>βασιλεύειν.</span> <span class='ocrx_word' id='word_1_197' title='bbox 3256 1615 3537 1686; x_wconf 76' lang='grc' dir='ltr'>Ταύτηνδὲ</span> <span class='ocrx_word' id='word_1_198' title='bbox 3554 1614 3688 1668; x_wconf 73' lang='grc' dir='ltr'>στει-</span> 
     </span>
    </p>
   </div>
   <div class='ocr_carea' id='block_1_31' title="bbox 2119 1708 3690 1785">
    <p class='ocr_par' dir='ltr' id='par_1_31' title="bbox 2119 1708 3690 1785">
     <span class='ocr_line' id='line_1_31' title="bbox 2119 1708 3690 1785; baseline -0.005 -17"><span class='ocrx_word' id='word_1_199' title='bbox 2119 1730 2217 1785; x_wconf 90' lang='grc' dir='ltr'><strong>ραν</strong></span> <span class='ocrx_word' id='word_1_200' title='bbox 2232 1713 2582 1785; x_wconf 67' lang='grc' dir='ltr'>ὑπάρχουσαν</span> <span class='ocrx_word' id='word_1_201' title='bbox 2604 1711 2968 1767; x_wconf 77' lang='grc' dir='ltr'>ὑποϐαλέσθαι</span> <span class='ocrx_word' id='word_1_202' title='bbox 2985 1710 3131 1775; x_wconf 79' lang='grc' dir='ltr'>τινὸς</span> <span class='ocrx_word' id='word_1_203' title='bbox 3142 1710 3249 1764; x_wconf 83' lang='grc' dir='ltr'><strong>τῶν</strong></span> <span class='ocrx_word' id='word_1_204' title='bbox 3287 1708 3554 1764; x_wconf 80' lang='grc' dir='ltr'>Ἰουδαίων</span> <span class='ocrx_word' id='word_1_205' title='bbox 3570 1723 3690 1761; x_wconf 79' lang='grc' dir='ltr'>παι-</span> 
     </span>
    </p>
   </div>
   <div class='ocr_carea' id='block_1_32' title="bbox 439 1799 3689 1879">
    <p class='ocr_par' dir='ltr' id='par_1_32' title="bbox 439 1799 3689 1879">
     <span class='ocr_line' id='line_1_32' title="bbox 439 1799 3689 1879; baseline -0.002 -18"><span class='ocrx_word' id='word_1_206' title='bbox 439 1808 813 1879; x_wconf 68' lang='grc' dir='ltr'>ἰνῳκηκότων.</span> <span class='ocrx_word' id='word_1_207' title='bbox 841 1806 1020 1861; x_wconf 88' lang='grc' dir='ltr'>Πειθὼ</span> <span class='ocrx_word' id='word_1_208' title='bbox 1045 1806 1105 1861; x_wconf 82' lang='grc' dir='ltr'>δὲ</span> <span class='ocrx_word' id='word_1_209' title='bbox 1123 1802 1261 1878; x_wconf 77' lang='grc' dir='ltr'>ἦσαν</span> <span class='ocrx_word' id='word_1_210' title='bbox 1281 1822 1376 1860; x_wconf 90' lang='grc' dir='ltr'><strong>και</strong></span> <span class='ocrx_word' id='word_1_211' title='bbox 1419 1805 1719 1877; x_wconf 79' lang='grc' dir='ltr'>Ῥαμεστῆ,</span> <span class='ocrx_word' id='word_1_212' title='bbox 1745 1804 1841 1858; x_wconf 57' lang='grc' dir='ltr'><strong>καὶ¹</strong></span> <span class='ocrx_word' id='word_1_213' title='bbox 1857 1802 2013 1858; x_wconf 81' lang='grc' dir='ltr'>ἄλλαι</span> <span class='ocrx_word' id='word_1_214' title='bbox 2048 1868 2087 1879; x_wconf 84' lang='lat'><strong>__</strong></span> <span class='ocrx_word' id='word_1_215' title='bbox 2114 1804 2246 1860; x_wconf 81' lang='grc' dir='ltr'>δίον.</span> <span class='ocrx_word' id='word_1_216' title='bbox 2276 1803 2511 1859; x_wconf 77' lang='grc' dir='ltr'>Τοῦτοδὲ</span> <span class='ocrx_word' id='word_1_217' title='bbox 2529 1803 2763 1860; x_wconf 85' lang='grc' dir='ltr'>Μώῦσον</span> <span class='ocrx_word' id='word_1_218' title='bbox 2775 1804 3037 1875; x_wconf 80' lang='grc' dir='ltr'>ὀνομάσαι</span> <span class='ocrx_word' id='word_1_219' title='bbox 3057 1846 3071 1868; x_wconf 82' lang='grc'>,</span> <span class='ocrx_word' id='word_1_220' title='bbox 3096 1802 3273 1857; x_wconf 72' lang='grc' dir='ltr'>ύπδδὲ</span> <span class='ocrx_word' id='word_1_221' title='bbox 3293 1800 3400 1856; x_wconf 86' lang='grc' dir='ltr'>τῶν</span> <span class='ocrx_word' id='word_1_222' title='bbox 3428 1799 3689 1871; x_wconf 74' lang='grc' dir='ltr'>Ἑλλήνων</span> 
     </span>
    </p>
   </div>
   <div class='ocr_carea' id='block_1_33' title="bbox 440 1868 2025 1979">
    <p class='ocr_par' dir='ltr' id='par_1_33' title="bbox 440 1885 2013 1979">
     <span class='ocr_line' id='line_1_33' title="bbox 440 1885 2013 1979; baseline -0.003 -25"><span class='ocrx_word' id='word_1_223' title='bbox 440 1885 910 1964; x_wconf 73' lang='grc' dir='ltr'>πόλει;.’Τοιιι1οιιι</span> <span class='ocrx_word' id='word_1_224' title='bbox 928 1913 1022 1954; x_wconf 90' lang='lat' dir='ltr'><strong>eos</strong></span> <span class='ocrx_word' id='word_1_225' title='bbox 1048 1898 1288 1979; x_wconf 82' lang='lat' dir='ltr'><strong>servisse</strong></span> <span class='ocrx_word' id='word_1_226' title='bbox 1318 1897 1373 1951; x_wconf 91' lang='lat' dir='ltr'><strong>in</strong></span> <span class='ocrx_word' id='word_1_227' title='bbox 1395 1898 1544 1953; x_wconf 90' lang='lat' dir='ltr'><strong>omni</strong></span> <span class='ocrx_word' id='word_1_228' title='bbox 1572 1895 1835 1951; x_wconf 76' lang='lat' dir='ltr'><strong>famulatu</strong></span> <span class='ocrx_word' id='word_1_229' title='bbox 1866 1909 2013 1951; x_wconf 83' lang='lat' dir='ltr'><strong>com-</strong></span> 
     </span>
    </p>
   </div>
   <div class='ocr_carea' id='block_1_34' title="bbox 2127 1868 3689 1979">
    <p class='ocr_par' dir='ltr' id='par_1_34' title="bbox 2127 1868 3689 1969">
     <span class='ocr_line' id='line_1_34' title="bbox 2127 1868 3689 1969; baseline -0.005 -17"><span class='ocrx_word' id='word_1_230' title='bbox 2127 1897 2280 1952; x_wconf 67' lang='grc' dir='ltr'>αὐτὸν</span> <span class='ocrx_word' id='word_1_231' title='bbox 2301 1896 2639 1969; x_wconf 81' lang='grc' dir='ltr'>ἀνδρωθέντα</span> <span class='ocrx_word' id='word_1_232' title='bbox 2666 1868 2938 1952; x_wconf 80' lang='grc' dir='ltr'>Μουσαῖον</span> <span class='ocrx_word' id='word_1_233' title='bbox 2975 1893 3498 1969; x_wconf 75' lang='grc' dir='ltr'>προσαγορευθῆναι.</span> <span class='ocrx_word' id='word_1_234' title='bbox 3536 1868 3689 1945; x_wconf 65' lang='grc' dir='ltr'>Γενέο</span> 
     </span>
    </p>
   </div>
   <div class='ocr_carea' id='block_1_35' title="bbox 442 1991 1371 2064">
    <p class='ocr_par' dir='ltr' id='par_1_35' title="bbox 442 1991 1371 2064">
     <span class='ocr_line' id='line_1_35' title="bbox 442 1991 1371 2064; baseline -0.001 -17"><span class='ocrx_word' id='word_1_235' title='bbox 442 1993 688 2064; x_wconf 85' lang='lat' dir='ltr'><strong>perimus</strong></span> <span class='ocrx_word' id='word_1_236' title='bbox 724 1992 778 2046; x_wconf 94' lang='lat' dir='ltr'><strong>in</strong></span> <span class='ocrx_word' id='word_1_237' title='bbox 817 1991 1075 2061; x_wconf 89' lang='lat' dir='ltr'><strong>operibus</strong></span> <span class='ocrx_word' id='word_1_238' title='bbox 1109 2000 1288 2047; x_wconf 63' lang='lat' dir='ltr'><strong>terrae.</strong></span> <span class='ocrx_word' id='word_1_239' title='bbox 1358 2042 1371 2046; x_wconf 78' lang='lat'><strong>-</strong></span> 
     </span>
    </p>
   </div>
   <div class='ocr_carea' id='block_1_36' title="bbox 511 2080 2021 2152">
    <p class='ocr_par' dir='ltr' id='par_1_36' title="bbox 511 2080 2021 2152">
     <span class='ocr_line' id='line_1_36' title="bbox 511 2080 2021 2152; baseline -0.005 -12"><span class='ocrx_word' id='word_1_240' title='bbox 511 2084 625 2140; x_wconf 83' lang='lat' dir='ltr'><strong>Col.</strong></span> <span class='ocrx_word' id='word_1_241' title='bbox 636 2085 760 2150; x_wconf 80' lang='lat'><strong>780,</strong></span> <span class='ocrx_word' id='word_1_242' title='bbox 777 2083 871 2137; x_wconf 90' lang='lat' dir='ltr'><strong>lin.</strong></span> <span class='ocrx_word' id='word_1_243' title='bbox 890 2083 979 2137; x_wconf 82' lang='grc'><strong>51.</strong></span> <span class='ocrx_word' id='word_1_244' title='bbox 997 2083 1105 2137; x_wconf 83' lang='lat' dir='ltr'><strong>Kal</strong></span> <span class='ocrx_word' id='word_1_245' title='bbox 1128 2080 1200 2136; x_wconf 81' lang='grc' dir='ltr'>τὰ</span> <span class='ocrx_word' id='word_1_246' title='bbox 1214 2084 1352 2152; x_wconf 81' lang='grc' dir='ltr'>παρ’</span> <span class='ocrx_word' id='word_1_247' title='bbox 1367 2080 1804 2149; x_wconf 73' lang='grc' dir='ltr'>αὐτοῖς-,δὶιΐιὶιίιι</span> <span class='ocrx_word' id='word_1_248' title='bbox 1819 2081 2021 2136; x_wconf 86' lang='lat' dir='ltr'><strong>habent</strong></span> 
     </span>
    </p>
   </div>
   <div class='ocr_carea' id='block_1_37' title="bbox 437 2172 2019 2253">
    <p class='ocr_par' dir='ltr' id='par_1_37' title="bbox 437 2172 2019 2253">
     <span class='ocr_line' id='line_1_37' title="bbox 437 2172 2019 2253; baseline -0.004 -19"><span class='ocrx_word' id='word_1_249' title='bbox 437 2176 734 2246; x_wconf 75' lang='lat' dir='ltr'><strong>Iosephus,</strong></span> <span class='ocrx_word' id='word_1_250' title='bbox 764 2177 946 2253; x_wconf 76' lang='lat' dir='ltr'><strong>Philo,</strong></span> <span class='ocrx_word' id='word_1_251' title='bbox 979 2185 1033 2233; x_wconf 83' lang='lat' dir='ltr'><strong>et</strong></span> <span class='ocrx_word' id='word_1_252' title='bbox 1063 2177 1180 2231; x_wconf 84' lang='lat' dir='ltr'><strong>alii.</strong></span> <span class='ocrx_word' id='word_1_253' title='bbox 1211 2175 1344 2238; x_wconf 81' lang='lat' dir='ltr'><strong>Item</strong></span> <span class='ocrx_word' id='word_1_254' title='bbox 1374 2172 1695 2232; x_wconf 75' lang='lat' dir='ltr'><strong>Ezechielus</strong></span> <span class='ocrx_word' id='word_1_255' title='bbox 1724 2174 1868 2245; x_wconf 90' lang='lat' dir='ltr'><strong>apud</strong></span> <span class='ocrx_word' id='word_1_256' title='bbox 1907 2174 2019 2228; x_wconf 85' lang='lat' dir='ltr'><strong>Eu-</strong></span> 
     </span>
    </p>
   </div>
   <div class='ocr_carea' id='block_1_38' title="bbox 441 2273 687 2331">
    <p class='ocr_par' dir='ltr' id='par_1_38' title="bbox 441 2273 687 2331">
     <span class='ocr_line' id='line_1_38' title="bbox 441 2273 687 2331; baseline -0.016 0"><span class='ocrx_word' id='word_1_257' title='bbox 441 2273 650 2331; x_wconf 75' lang='lat' dir='ltr'><strong>sebium</strong></span> <span class='ocrx_word' id='word_1_258' title='bbox 673 2290 687 2327; x_wconf 92' lang='lat'><strong>:</strong></span> 
     </span>
    </p>
   </div>
   <div class='ocr_carea' id='block_1_39' title="bbox 550 2381 1740 2454">
    <p class='ocr_par' dir='ltr' id='par_1_39' title="bbox 550 2381 1740 2454">
     <span class='ocr_line' id='line_1_39' title="bbox 550 2381 1740 2454; baseline -0.003 -15"><span class='ocrx_word' id='word_1_259' title='bbox 550 2387 799 2440; x_wconf 79' lang='grc' dir='ltr'>Ἔπειτα</span> <span class='ocrx_word' id='word_1_260' title='bbox 819 2385 1113 2452; x_wconf 80' lang='grc' dir='ltr'>κηρύσσει</span> <span class='ocrx_word' id='word_1_261' title='bbox 1127 2384 1244 2454; x_wconf 76' lang='grc' dir='ltr'>μὲν</span> <span class='ocrx_word' id='word_1_262' title='bbox 1282 2381 1740 2454; x_wconf 16' lang='grc' dir='ltr'>Ἐσραίωννγένει</span> 
     </span>
    </p>
   </div>
   <div class='ocr_carea' id='block_1_40' title="bbox 554 2453 1895 2525">
    <p class='ocr_par' dir='ltr' id='par_1_40' title="bbox 554 2453 1895 2525">
     <span class='ocr_line' id='line_1_40' title="bbox 554 2453 1895 2525; baseline -0.004 -14"><span class='ocrx_word' id='word_1_263' title='bbox 554 2456 883 2525; x_wconf 78' lang='grc' dir='ltr'>Τάρσενικὰ</span> <span class='ocrx_word' id='word_1_264' title='bbox 906 2453 1145 2525; x_wconf 67' lang='grc' dir='ltr'><strong>,ῥίπτειν</strong></span> <span class='ocrx_word' id='word_1_265' title='bbox 1165 2456 1434 2524; x_wconf 74' lang='grc' dir='ltr'>ποταμὸν</span> <span class='ocrx_word' id='word_1_266' title='bbox 1452 2454 1518 2520; x_wconf 88' lang='grc' dir='ltr'><strong>ἐς</strong></span> <span class='ocrx_word' id='word_1_267' title='bbox 1536 2453 1895 2523; x_wconf 74' lang='grc' dir='ltr'>βαθύρροον.</span> 
     </span>
    </p>
   </div>
   <div class='ocr_carea' id='block_1_41' title="bbox 512 2564 2023 2638">
    <p class='ocr_par' dir='ltr' id='par_1_41' title="bbox 512 2564 2023 2638">
     <span class='ocr_line' id='line_1_41' title="bbox 512 2564 2023 2638; baseline -0.003 -16"><span class='ocrx_word' id='word_1_268' title='bbox 512 2567 677 2634; x_wconf 80' lang='lat' dir='ltr'><strong>lbid.,</strong></span> <span class='ocrx_word' id='word_1_269' title='bbox 709 2569 807 2623; x_wconf 91' lang='lat' dir='ltr'><strong>lin.</strong></span> <span class='ocrx_word' id='word_1_270' title='bbox 849 2569 939 2625; x_wconf 73' lang='lat'><strong>35.</strong></span> <span class='ocrx_word' id='word_1_271' title='bbox 990 2568 1236 2637; x_wconf 79' lang='grc' dir='ltr'>Ἀϐραὰμ</span> <span class='ocrx_word' id='word_1_272' title='bbox 1266 2569 1528 2638; x_wconf 79' lang='grc' dir='ltr'>ὀνόματι.</span> <span class='ocrx_word' id='word_1_273' title='bbox 1561 2564 1848 2629; x_wconf 84' lang='lat' dir='ltr'><strong>Hebraice,</strong></span> <span class='ocrx_word' id='word_1_274' title='bbox 1881 2573 1934 2619; x_wconf 89' lang='lat' dir='ltr'><strong>et</strong></span> <span class='ocrx_word' id='word_1_275' title='bbox 1966 2564 2023 2618; x_wconf 87' lang='lat' dir='ltr'><strong>in</strong></span> 
     </span>
    </p>
   </div>
   <div class='ocr_carea' id='block_1_42' title="bbox 443 2657 2025 2731">
    <p class='ocr_par' dir='ltr' id='par_1_42' title="bbox 443 2657 2025 2731">
     <span class='ocr_line' id='line_1_42' title="bbox 443 2657 2025 2731; baseline -0.003 -17"><span class='ocrx_word' id='word_1_276' title='bbox 443 2659 638 2717; x_wconf 61' lang='lat' dir='ltr'><strong>Bbliis</strong></span> <span class='ocrx_word' id='word_1_277' title='bbox 659 2659 872 2717; x_wconf 86' lang='lat' dir='ltr'><strong>Latinis</strong></span> <span class='ocrx_word' id='word_1_278' title='bbox 896 2661 1116 2716; x_wconf 82' lang='lat' dir='ltr'><strong>Amram</strong></span> <span class='ocrx_word' id='word_1_279' title='bbox 1146 2660 1366 2731; x_wconf 89' lang='lat' dir='ltr'><strong>legitur.</strong></span> <span class='ocrx_word' id='word_1_280' title='bbox 1401 2658 1575 2715; x_wconf 70' lang='lat' dir='ltr'><strong>Graeci</strong></span> <span class='ocrx_word' id='word_1_281' title='bbox 1597 2673 1710 2714; x_wconf 75' lang='lat' dir='ltr'><strong>sua:</strong></span> <span class='ocrx_word' id='word_1_282' title='bbox 1737 2657 2025 2727; x_wconf 86' lang='lat' dir='ltr'><strong>orthogra-</strong></span> 
     </span>
    </p>
   </div>
   <div class='ocr_carea' id='block_1_43' title="bbox 445 2751 2027 2827">
    <p class='ocr_par' dir='ltr' id='par_1_43' title="bbox 445 2751 2027 2827">
     <span class='ocr_line' id='line_1_43' title="bbox 445 2751 2027 2827; baseline -0.003 -18"><span class='ocrx_word' id='word_1_283' title='bbox 445 2755 587 2826; x_wconf 74' lang='lat' dir='ltr'><strong>phia:</strong></span> <span class='ocrx_word' id='word_1_284' title='bbox 615 2763 827 2809; x_wconf 87' lang='lat' dir='ltr'><strong>canone</strong></span> <span class='ocrx_word' id='word_1_285' title='bbox 858 2753 1114 2827; x_wconf 82' lang='grc' dir='ltr'>Ἀμϐράμ</span> <span class='ocrx_word' id='word_1_286' title='bbox 1143 2752 1571 2822; x_wconf 86' lang='lat' dir='ltr'><strong>scripserunt,et</strong></span> <span class='ocrx_word' id='word_1_287' title='bbox 1593 2751 1682 2805; x_wconf 90' lang='lat' dir='ltr'><strong>alii</strong></span> <span class='ocrx_word' id='word_1_288' title='bbox 1709 2761 1892 2821; x_wconf 91' lang='lat' dir='ltr'><strong>postea</strong></span> <span class='ocrx_word' id='word_1_289' title='bbox 1906 2764 2027 2804; x_wconf 85' lang='lat' dir='ltr'><strong>sua-</strong></span> 
     </span>
    </p>
   </div>
   <div class='ocr_carea' id='block_1_44' title="bbox 444 2844 2024 2920">
    <p class='ocr_par' dir='ltr' id='par_1_44' title="bbox 444 2844 2024 2920">
     <span class='ocr_line' id='line_1_44' title="bbox 444 2844 2024 2920; baseline -0.003 -18"><span class='ocrx_word' id='word_1_290' title='bbox 444 2849 584 2903; x_wconf 82' lang='lat' dir='ltr'><strong>viori</strong></span> <span class='ocrx_word' id='word_1_291' title='bbox 613 2863 748 2903; x_wconf 78' lang='lat' dir='ltr'><strong>sono</strong></span> <span class='ocrx_word' id='word_1_292' title='bbox 775 2847 1024 2920; x_wconf 81' lang='grc' dir='ltr'>Ἀϐραάμ</span> <span class='ocrx_word' id='word_1_293' title='bbox 1049 2863 1063 2914; x_wconf 90' lang='lat'><strong>;</strong></span> <span class='ocrx_word' id='word_1_294' title='bbox 1116 2847 1188 2902; x_wconf 88' lang='lat' dir='ltr'><strong>ita</strong></span> <span class='ocrx_word' id='word_1_295' title='bbox 1212 2845 1516 2902; x_wconf 87' lang='lat' dir='ltr'><strong>Demetrius</strong></span> <span class='ocrx_word' id='word_1_296' title='bbox 1550 2844 1691 2916; x_wconf 91' lang='lat' dir='ltr'><strong>apud</strong></span> <span class='ocrx_word' id='word_1_297' title='bbox 1707 2844 2024 2909; x_wconf 84' lang='lat' dir='ltr'><strong>Eusebium,</strong></span> 
     </span>
    </p>
   </div>
   <div class='ocr_carea' id='block_1_45' title="bbox 446 2936 2026 3010">
    <p class='ocr_par' dir='ltr' id='par_1_45' title="bbox 446 2936 2026 3010">
     <span class='ocr_line' id='line_1_45' title="bbox 446 2936 2026 3010; baseline -0.004 -14"><span class='ocrx_word' id='word_1_298' title='bbox 446 2936 528 2996; x_wconf 80' lang='lat' dir='ltr'><strong>De</strong></span> <span class='ocrx_word' id='word_1_299' title='bbox 544 2941 949 3010; x_wconf 57' lang='lat' dir='ltr'><strong>preparations,</strong></span> <span class='ocrx_word' id='word_1_300' title='bbox 965 2938 1059 2994; x_wconf 87' lang='lat' dir='ltr'><strong>lib.</strong></span> <span class='ocrx_word' id='word_1_301' title='bbox 1078 2954 1132 2993; x_wconf 75' lang='lat' dir='ltr'><strong>Ix</strong></span> <span class='ocrx_word' id='word_1_302' title='bbox 1152 2956 1167 3005; x_wconf 91' lang='lat'><strong>;</strong></span> <span class='ocrx_word' id='word_1_303' title='bbox 1185 2936 1537 3010; x_wconf 83' lang='lat' dir='ltr'><strong>Epiphanius,</strong></span> <span class='ocrx_word' id='word_1_304' title='bbox 1561 2937 1653 3007; x_wconf 87' lang='lat' dir='ltr'><strong>qui</strong></span> <span class='ocrx_word' id='word_1_305' title='bbox 1681 2947 1740 2991; x_wconf 90' lang='lat' dir='ltr'><strong>ut</strong></span> <span class='ocrx_word' id='word_1_306' title='bbox 1765 2951 1887 2991; x_wconf 91' lang='lat' dir='ltr'><strong>eum</strong></span> <span class='ocrx_word' id='word_1_307' title='bbox 1911 2936 2026 2990; x_wconf 87' lang='lat' dir='ltr'><strong>dis-</strong></span> 
     </span>
    </p>
   </div>
   <div class='ocr_carea' id='block_1_46' title="bbox 445 3028 2024 3105">
    <p class='ocr_par' dir='ltr' id='par_1_46' title="bbox 445 3028 2024 3105">
     <span class='ocr_line' id='line_1_46' title="bbox 445 3028 2024 3105; baseline -0.004 -17"><span class='ocrx_word' id='word_1_308' title='bbox 445 3035 660 3105; x_wconf 75' lang='lat' dir='ltr'><strong>tinguat</strong></span> <span class='ocrx_word' id='word_1_309' title='bbox 684 3034 754 3089; x_wconf 87' lang='lat' dir='ltr'><strong>ab</strong></span> <span class='ocrx_word' id='word_1_310' title='bbox 787 3031 1021 3087; x_wconf 84' lang='lat' dir='ltr'><strong>Abraam</strong></span> <span class='ocrx_word' id='word_1_311' title='bbox 1050 3031 1358 3102; x_wconf 85' lang='lat' dir='ltr'><strong>patriarcha</strong></span> <span class='ocrx_word' id='word_1_312' title='bbox 1385 3029 1633 3103; x_wconf 79' lang='grc' dir='ltr'>Ἀϐραὰμ</span> <span class='ocrx_word' id='word_1_313' title='bbox 1652 3028 1874 3100; x_wconf 80' lang='grc' dir='ltr'>ἔσχατον</span> <span class='ocrx_word' id='word_1_314' title='bbox 1899 3042 2024 3082; x_wconf 89' lang='lat' dir='ltr'><strong>eum</strong></span> 
     </span>
    </p>
   </div>
   <div class='ocr_carea' id='block_1_47' title="bbox 451 3121 2027 3197">
    <p class='ocr_par' dir='ltr' id='par_1_47' title="bbox 451 3121 2027 3197">
     <span class='ocr_line' id='line_1_47' title="bbox 451 3121 2027 3197; baseline -0.004 -17"><span class='ocrx_word' id='word_1_315' title='bbox 451 3126 693 3197; x_wconf 79' lang='lat' dir='ltr'><strong>appellat</strong></span> <span class='ocrx_word' id='word_1_316' title='bbox 738 3126 796 3181; x_wconf 82' lang='lat' dir='ltr'><strong>in</strong></span> <span class='ocrx_word' id='word_1_317' title='bbox 828 3126 1130 3196; x_wconf 83' lang='lat' dir='ltr'><strong>Ancgroto:</strong></span> <span class='ocrx_word' id='word_1_318' title='bbox 1164 3123 1319 3177; x_wconf 82' lang='grc' dir='ltr'>Καὰθ</span> <span class='ocrx_word' id='word_1_319' title='bbox 1348 3122 1405 3176; x_wconf 83' lang='grc' dir='ltr'>δὲ</span> <span class='ocrx_word' id='word_1_320' title='bbox 1446 3121 1584 3193; x_wconf 83' lang='grc' dir='ltr'>μετὰ</span> <span class='ocrx_word' id='word_1_321' title='bbox 1623 3122 1722 3194; x_wconf 81' lang='grc' dir='ltr'>τὴν</span> <span class='ocrx_word' id='word_1_322' title='bbox 1754 3123 1834 3192; x_wconf 65' lang='grc' dir='ltr'><strong>εις</strong></span> <span class='ocrx_word' id='word_1_323' title='bbox 1862 3121 2027 3189; x_wconf 79' lang='grc' dir='ltr'>Αἴγυ-</span> 
     </span>
    </p>
   </div>
   <div class='ocr_carea' id='block_1_48' title="bbox 2120 1982 3684 2060">
    <p class='ocr_par' dir='ltr' id='par_1_48' title="bbox 2120 1982 3684 2060">
     <span class='ocr_line' id='line_1_48' title="bbox 2120 1982 3684 2060; baseline -0.003 -19"><span class='ocrx_word' id='word_1_324' title='bbox 2120 1988 2243 2042; x_wconf 87' lang='grc' dir='ltr'>σθαι</span> <span class='ocrx_word' id='word_1_325' title='bbox 2260 1987 2317 2041; x_wconf 82' lang='grc' dir='ltr'>δὲ</span> <span class='ocrx_word' id='word_1_326' title='bbox 2335 1987 2426 2042; x_wconf 69' lang='grc' dir='ltr'>τὸν</span> <span class='ocrx_word' id='word_1_327' title='bbox 2440 1986 2670 2043; x_wconf 84' lang='grc' dir='ltr'>Μώῦσον</span> <span class='ocrx_word' id='word_1_328' title='bbox 2689 1988 2877 2042; x_wconf 73' lang='grc' dir='ltr'>τοῦτον</span> <span class='ocrx_word' id='word_1_329' title='bbox 2892 1987 3130 2060; x_wconf 82' lang='grc' dir='ltr'>Ὀρφέως</span> <span class='ocrx_word' id='word_1_330' title='bbox 3144 1984 3476 2040; x_wconf 84' lang='grc' dir='ltr'>διδάσκαλον.</span> <span class='ocrx_word' id='word_1_331' title='bbox 3496 1982 3684 2036; x_wconf 79' lang='lat' dir='ltr'><strong>Mirum</strong></span> 
     </span>
    </p>
   </div>
   <div class='ocr_carea' id='block_1_49' title="bbox 2119 2072 3687 2143">
    <p class='ocr_par' dir='ltr' id='par_1_49' title="bbox 2119 2072 3687 2143">
     <span class='ocr_line' id='line_1_49' title="bbox 2119 2072 3687 2143; baseline -0.006 -9"><span class='ocrx_word' id='word_1_332' title='bbox 2119 2087 2226 2143; x_wconf 86' lang='lat' dir='ltr'><strong>est,</strong></span> <span class='ocrx_word' id='word_1_333' title='bbox 2263 2084 2321 2132; x_wconf 86' lang='lat' dir='ltr'><strong>ut</strong></span> <span class='ocrx_word' id='word_1_334' title='bbox 2355 2087 2548 2132; x_wconf 84' lang='lat' dir='ltr'><strong>auctor</strong></span> <span class='ocrx_word' id='word_1_335' title='bbox 2578 2079 2682 2134; x_wconf 92' lang='lat' dir='ltr'><strong>iste</strong></span> <span class='ocrx_word' id='word_1_336' title='bbox 2721 2080 2774 2132; x_wconf 93' lang='lat' dir='ltr'><strong>in</strong></span> <span class='ocrx_word' id='word_1_337' title='bbox 2809 2076 3099 2134; x_wconf 80' lang='lat' dir='ltr'><strong>referenda</strong></span> <span class='ocrx_word' id='word_1_338' title='bbox 3131 2074 3481 2131; x_wconf 70' lang='lat' dir='ltr'><strong>Hebraeorum</strong></span> <span class='ocrx_word' id='word_1_339' title='bbox 3517 2072 3687 2127; x_wconf 87' lang='lat' dir='ltr'><strong>histo-</strong></span> 
     </span>
    </p>
   </div>
   <div class='ocr_carea' id='block_1_50' title="bbox 2120 2160 3687 2239">
    <p class='ocr_par' dir='ltr' id='par_1_50' title="bbox 2120 2160 3687 2239">
     <span class='ocr_line' id='line_1_50' title="bbox 2120 2160 3687 2239; baseline -0.005 -16"><span class='ocrx_word' id='word_1_340' title='bbox 2120 2168 2202 2223; x_wconf 91' lang='lat' dir='ltr'><strong>ria</strong></span> <span class='ocrx_word' id='word_1_341' title='bbox 2233 2167 2507 2232; x_wconf 50' lang='lat' dir='ltr'><strong>excutiat,</strong></span> <span class='ocrx_word' id='word_1_342' title='bbox 2548 2168 2988 2239; x_wconf 86' lang='lat' dir='ltr'><strong>inconcinnaque</strong></span> <span class='ocrx_word' id='word_1_343' title='bbox 3025 2167 3271 2232; x_wconf 86' lang='lat' dir='ltr'><strong>scribat;</strong></span> <span class='ocrx_word' id='word_1_344' title='bbox 3305 2174 3360 2221; x_wconf 88' lang='lat' dir='ltr'><strong>et</strong></span> <span class='ocrx_word' id='word_1_345' title='bbox 3388 2163 3563 2219; x_wconf 88' lang='lat' dir='ltr'><strong>ausim</strong></span> <span class='ocrx_word' id='word_1_346' title='bbox 3603 2160 3687 2216; x_wconf 84' lang='lat' dir='ltr'><strong>di-</strong></span> 
     </span>
    </p>
   </div>
   <div class='ocr_carea' id='block_1_51' title="bbox 2119 2253 3688 2332">
    <p class='ocr_par' dir='ltr' id='par_1_51' title="bbox 2119 2253 3688 2332">
     <span class='ocr_line' id='line_1_51' title="bbox 2119 2253 3688 2332; baseline -0.004 -15"><span class='ocrx_word' id='word_1_347' title='bbox 2119 2276 2268 2325; x_wconf 89' lang='lat' dir='ltr'><strong>cere,</strong></span> <span class='ocrx_word' id='word_1_348' title='bbox 2293 2271 2425 2332; x_wconf 85' lang='lat' dir='ltr'><strong>quot</strong></span> <span class='ocrx_word' id='word_1_349' title='bbox 2450 2261 2641 2322; x_wconf 88' lang='lat' dir='ltr'><strong>verba.</strong></span> <span class='ocrx_word' id='word_1_350' title='bbox 2674 2268 2756 2315; x_wconf 89' lang='lat' dir='ltr'><strong>tot</strong></span> <span class='ocrx_word' id='word_1_351' title='bbox 2786 2276 2911 2316; x_wconf 89' lang='lat' dir='ltr'><strong>eum</strong></span> <span class='ocrx_word' id='word_1_352' title='bbox 2943 2274 3161 2316; x_wconf 87' lang='lat' dir='ltr'><strong>errores</strong></span> <span class='ocrx_word' id='word_1_353' title='bbox 3190 2257 3555 2313; x_wconf 86' lang='lat' dir='ltr'><strong>commisisse.</strong></span> <span class='ocrx_word' id='word_1_354' title='bbox 3582 2253 3688 2310; x_wconf 83' lang='lat' dir='ltr'><strong>Eo-</strong></span> 
     </span>
    </p>
   </div>
   <div class='ocr_carea' id='block_1_52' title="bbox 2121 2352 3690 2421">
    <p class='ocr_par' dir='ltr' id='par_1_52' title="bbox 2121 2352 3690 2421">
     <span class='ocr_line' id='line_1_52' title="bbox 2121 2352 3690 2421; baseline -0.004 -11"><span class='ocrx_word' id='word_1_355' title='bbox 2121 2369 2243 2410; x_wconf 89' lang='lat' dir='ltr'><strong>rum</strong></span> <span class='ocrx_word' id='word_1_356' title='bbox 2272 2355 2540 2411; x_wconf 82' lang='lat' dir='ltr'><strong>correctio</strong></span> <span class='ocrx_word' id='word_1_357' title='bbox 2565 2371 2629 2410; x_wconf 81' lang='lat' dir='ltr'><strong>ex</strong></span> <span class='ocrx_word' id='word_1_358' title='bbox 2646 2354 2848 2410; x_wconf 79' lang='lat' dir='ltr'><strong>divinis</strong></span> <span class='ocrx_word' id='word_1_359' title='bbox 2871 2353 3067 2408; x_wconf 83' lang='lat' dir='ltr'><strong>litteris</strong></span> <span class='ocrx_word' id='word_1_360' title='bbox 3090 2352 3143 2406; x_wconf 90' lang='lat' dir='ltr'><strong>in</strong></span> <span class='ocrx_word' id='word_1_361' title='bbox 3164 2358 3414 2421; x_wconf 81' lang='lat' dir='ltr'><strong>promptu</strong></span> <span class='ocrx_word' id='word_1_362' title='bbox 3435 2357 3519 2405; x_wconf 86' lang='lat' dir='ltr'><strong>est</strong></span> <span class='ocrx_word' id='word_1_363' title='bbox 3544 2366 3560 2415; x_wconf 90' lang='lat'><strong>;</strong></span> <span class='ocrx_word' id='word_1_364' title='bbox 3591 2362 3690 2404; x_wconf 79' lang='lat' dir='ltr'><strong>nec</strong></span> 
     </span>
    </p>
   </div>
   <div class='ocr_carea' id='block_1_53' title="bbox 2122 2441 3692 2520">
    <p class='ocr_par' dir='ltr' id='par_1_53' title="bbox 2122 2441 3692 2520">
     <span class='ocr_line' id='line_1_53' title="bbox 2122 2441 3692 2520; baseline -0.003 -19"><span class='ocrx_word' id='word_1_365' title='bbox 2122 2448 2247 2520; x_wconf 89' lang='lat' dir='ltr'><strong>plus</strong></span> <span class='ocrx_word' id='word_1_366' title='bbox 2286 2446 2565 2517; x_wconf 74' lang='lat' dir='ltr'><strong>Artapano</strong></span> <span class='ocrx_word' id='word_1_367' title='bbox 2615 2446 2804 2502; x_wconf 88' lang='lat' dir='ltr'><strong>sanior</strong></span> <span class='ocrx_word' id='word_1_368' title='bbox 2838 2444 3091 2501; x_wconf 81' lang='lat' dir='ltr'><strong>Justinus</strong></span> <span class='ocrx_word' id='word_1_369' title='bbox 3144 2444 3462 2507; x_wconf 87' lang='lat' dir='ltr'><strong>historicus,</strong></span> <span class='ocrx_word' id='word_1_370' title='bbox 3511 2441 3692 2496; x_wconf 61' lang='lat' dir='ltr'><strong>omni:</strong></span> 
     </span>
    </p>
   </div>
   <div class='ocr_carea' id='block_1_54' title="bbox 2123 2535 3696 2609">
    <p class='ocr_par' dir='ltr' id='par_1_54' title="bbox 2123 2535 3696 2609">
     <span class='ocr_line' id='line_1_54' title="bbox 2123 2535 3696 2609; baseline -0.004 -14"><span class='ocrx_word' id='word_1_371' title='bbox 2123 2554 2330 2608; x_wconf 87' lang='lat' dir='ltr'><strong>susque</strong></span> <span class='ocrx_word' id='word_1_372' title='bbox 2361 2537 2863 2609; x_wconf 53' lang='lat' dir='ltr'><strong>dequeZtransversa</strong></span> <span class='ocrx_word' id='word_1_373' title='bbox 2911 2537 3043 2607; x_wconf 83' lang='lat' dir='ltr'><strong>agit,</strong></span> <span class='ocrx_word' id='word_1_374' title='bbox 3076 2552 3198 2607; x_wconf 68' lang='lat' dir='ltr'><strong>quae</strong></span> <span class='ocrx_word' id='word_1_375' title='bbox 3235 2551 3306 2590; x_wconf 89' lang='lat' dir='ltr'><strong>ne</strong></span> <span class='ocrx_word' id='word_1_376' title='bbox 3360 2535 3560 2604; x_wconf 84' lang='lat' dir='ltr'><strong>saepius</strong></span> <span class='ocrx_word' id='word_1_377' title='bbox 3610 2548 3696 2588; x_wconf 83' lang='lat' dir='ltr'><strong>re-</strong></span> 
     </span>
    </p>
   </div>
   <div class='ocr_carea' id='block_1_55' title="bbox 2124 2622 3694 2703">
    <p class='ocr_par' dir='ltr' id='par_1_55' title="bbox 2124 2622 3694 2703">
     <span class='ocr_line' id='line_1_55' title="bbox 2124 2622 3694 2703; baseline -0.004 -17"><span class='ocrx_word' id='word_1_378' title='bbox 2124 2641 2307 2703; x_wconf 87' lang='lat' dir='ltr'><strong>petere</strong></span> <span class='ocrx_word' id='word_1_379' title='bbox 2328 2645 2669 2699; x_wconf 80' lang='lat' dir='ltr'><strong>cogeremur,</strong></span> <span class='ocrx_word' id='word_1_380' title='bbox 2702 2629 2791 2683; x_wconf 91' lang='lat' dir='ltr'><strong>hic</strong></span> <span class='ocrx_word' id='word_1_381' title='bbox 2813 2630 2980 2685; x_wconf 88' lang='lat' dir='ltr'><strong>semel</strong></span> <span class='ocrx_word' id='word_1_382' title='bbox 3013 2626 3497 2696; x_wconf 87' lang='lat' dir='ltr'><strong>transcripsimus:</strong></span> <span class='ocrx_word' id='word_1_383' title='bbox 3519 2622 3694 2679; x_wconf 72' lang='lat' dir='ltr'><strong>Filius</strong></span> 
     </span>
    </p>
   </div>
   <div class='ocr_carea' id='block_1_56' title="bbox 2122 2716 3697 2794">
    <p class='ocr_par' dir='ltr' id='par_1_56' title="bbox 2122 2716 3697 2794">
     <span class='ocr_line' id='line_1_56' title="bbox 2122 2716 3697 2794; baseline -0.006 -15"><span class='ocrx_word' id='word_1_384' title='bbox 2122 2723 2341 2794; x_wconf 76' lang='lat' dir='ltr'><strong>Iosephi</strong></span> <span class='ocrx_word' id='word_1_385' title='bbox 2384 2721 2593 2793; x_wconf 74' lang='lat' dir='ltr'><strong>Moyses</strong></span> <span class='ocrx_word' id='word_1_386' title='bbox 2643 2722 2766 2792; x_wconf 83' lang='lat' dir='ltr'><strong>fuit,</strong></span> <span class='ocrx_word' id='word_1_387' title='bbox 2798 2737 2949 2791; x_wconf 82' lang='lat' dir='ltr'><strong>quem</strong></span> <span class='ocrx_word' id='word_1_388' title='bbox 2983 2730 3175 2790; x_wconf 79' lang='lat' dir='ltr'><strong>pmter</strong></span> <span class='ocrx_word' id='word_1_389' title='bbox 3201 2726 3434 2788; x_wconf 78' lang='lat' dir='ltr'><strong>paterna:</strong></span> <span class='ocrx_word' id='word_1_390' title='bbox 3465 2716 3697 2771; x_wconf 72' lang='lat' dir='ltr'><strong>scientia</strong></span> 
     </span>
    </p>
   </div>
   <div class='ocr_carea' id='block_1_57' title="bbox 2123 2804 3693 2881">
    <p class='ocr_par' dir='ltr' id='par_1_57' title="bbox 2123 2804 3693 2881">
     <span class='ocr_line' id='line_1_57' title="bbox 2123 2804 3693 2881; baseline -0.004 -14"><span class='ocrx_word' id='word_1_391' title='bbox 2123 2813 2504 2876; x_wconf 81' lang='lat' dir='ltr'><strong>Iucreditatem,</strong></span> <span class='ocrx_word' id='word_1_392' title='bbox 2522 2813 2684 2866; x_wconf 85' lang='lat' dir='ltr'><strong>etiam</strong></span> <span class='ocrx_word' id='word_1_393' title='bbox 2708 2812 2894 2881; x_wconf 69' lang='lat' dir='ltr'><strong>[arma</strong></span> <span class='ocrx_word' id='word_1_394' title='bbox 2908 2809 3241 2878; x_wconf 78' lang='lat' dir='ltr'><strong>pulchritudo</strong></span> <span class='ocrx_word' id='word_1_395' title='bbox 3273 2804 3693 2862; x_wconf 75' lang='lat' dir='ltr'><strong>commendabat.</strong></span> 
     </span>
    </p>
   </div>
   <div class='ocr_carea' id='block_1_58' title="bbox 2128 2899 3697 2976">
    <p class='ocr_par' dir='ltr' id='par_1_58' title="bbox 2128 2899 3697 2976">
     <span class='ocr_line' id='line_1_58' title="bbox 2128 2899 3697 2976; baseline -0.007 -14"><span class='ocrx_word' id='word_1_396' title='bbox 2128 2906 2235 2963; x_wconf 84' lang='lat' dir='ltr'><strong>Sed</strong></span> <span class='ocrx_word' id='word_1_397' title='bbox 2293 2904 2534 2976; x_wconf 65' lang='lat' dir='ltr'><strong>Egyptii</strong></span> <span class='ocrx_word' id='word_1_398' title='bbox 2577 2920 2696 2958; x_wconf 90' lang='lat' dir='ltr'><strong>cum</strong></span> <span class='ocrx_word' id='word_1_399' title='bbox 2742 2903 2967 2957; x_wconf 79' lang='lat' dir='ltr'><strong>scabiem</strong></span> <span class='ocrx_word' id='word_1_400' title='bbox 3012 2910 3062 2957; x_wconf 89' lang='lat' dir='ltr'><strong>et</strong></span> <span class='ocrx_word' id='word_1_401' title='bbox 3104 2899 3411 2970; x_wconf 76' lang='lat' dir='ltr'><strong>vitiliginem</strong></span> <span class='ocrx_word' id='word_1_402' title='bbox 3456 2908 3697 2968; x_wconf 80' lang='lat' dir='ltr'><strong>pateren-</strong></span> 
     </span>
    </p>
   </div>
   <div class='ocr_carea' id='block_1_59' title="bbox 2128 2988 3698 3068">
    <p class='ocr_par' dir='ltr' id='par_1_59' title="bbox 2128 2988 3698 3068">
     <span class='ocr_line' id='line_1_59' title="bbox 2128 2988 3698 3068; baseline -0.008 -13"><span class='ocrx_word' id='word_1_403' title='bbox 2128 3010 2236 3065; x_wconf 83' lang='lat' dir='ltr'><strong>tur,</strong></span> <span class='ocrx_word' id='word_1_404' title='bbox 2269 3014 2514 3068; x_wconf 77' lang='lat' dir='ltr'><strong>responso</strong></span> <span class='ocrx_word' id='word_1_405' title='bbox 2555 2995 2764 3060; x_wconf 82' lang='lat' dir='ltr'><strong>moniti,</strong></span> <span class='ocrx_word' id='word_1_406' title='bbox 2804 3010 2919 3049; x_wconf 85' lang='lat' dir='ltr'><strong>eum</strong></span> <span class='ocrx_word' id='word_1_407' title='bbox 2951 3010 3068 3047; x_wconf 87' lang='lat' dir='ltr'><strong>cum</strong></span> <span class='ocrx_word' id='word_1_408' title='bbox 3094 2994 3272 3063; x_wconf 72' lang='lat' dir='ltr'><strong>azgris.</strong></span> <span class='ocrx_word' id='word_1_409' title='bbox 3315 3009 3378 3046; x_wconf 88' lang='lat' dir='ltr'><strong>ne</strong></span> <span class='ocrx_word' id='word_1_410' title='bbox 3426 2991 3587 3061; x_wconf 87' lang='lat' dir='ltr'><strong>pestis</strong></span> <span class='ocrx_word' id='word_1_411' title='bbox 3629 2988 3698 3043; x_wconf 78' lang='lat' dir='ltr'><strong>ad</strong></span> 
     </span>
    </p>
   </div>
   <div class='ocr_carea' id='block_1_60' title="bbox 2127 3082 3702 3161">
    <p class='ocr_par' dir='ltr' id='par_1_60' title="bbox 2127 3082 3702 3161">
     <span class='ocr_line' id='line_1_60' title="bbox 2127 3082 3702 3161; baseline -0.008 -16"><span class='ocrx_word' id='word_1_412' title='bbox 2127 3092 2302 3161; x_wconf 86' lang='lat' dir='ltr'><strong>plures</strong></span> <span class='ocrx_word' id='word_1_413' title='bbox 2345 3096 2590 3158; x_wconf 85' lang='lat' dir='ltr'><strong>serperet,</strong></span> <span class='ocrx_word' id='word_1_414' title='bbox 2610 3086 2845 3141; x_wconf 85' lang='lat' dir='ltr'><strong>terminis</strong></span> <span class='ocrx_word' id='word_1_415' title='bbox 2881 3083 3100 3154; x_wconf 58' lang='lat' dir='ltr'><strong>ngypti</strong></span> <span class='ocrx_word' id='word_1_416' title='bbox 3131 3082 3351 3152; x_wconf 84' lang='lat' dir='ltr'><strong>pellunt.</strong></span> <span class='ocrx_word' id='word_1_417' title='bbox 3388 3082 3513 3135; x_wconf 69' lang='lat' dir='ltr'><strong>Dux</strong></span> <span class='ocrx_word' id='word_1_418' title='bbox 3541 3082 3702 3149; x_wconf 86' lang='lat' dir='ltr'><strong>igitur</strong></span> 
     </span>
    </p>
   </div>
   <div class='ocr_carea' id='block_1_61' title="bbox 449 3172 2025 3286">
    <p class='ocr_par' dir='ltr' id='par_1_61' title="bbox 449 3172 2025 3286">
     <span class='ocr_line' id='line_1_61' title="bbox 451 3172 1981 3197; baseline -0.005 0"><span class='ocrx_word' id='word_1_419' title='bbox 451 3172 692 3197; x_wconf 74' lang='lat' dir='ltr'><strong>&quot;l&#39;l&quot;&quot;&quot;&#39;</strong></span> <span class='ocrx_word' id='word_1_420' title='bbox 738 3172 796 3181; x_wconf 85' lang='grc'><strong>”“</strong></span> <span class='ocrx_word' id='word_1_421' title='bbox 828 3172 1085 3196; x_wconf 68' lang='grc' dir='ltr'><strong>“’¹“⁷ΰ““’*</strong></span> <span class='ocrx_word' id='word_1_422' title='bbox 1112 3172 1125 3176; x_wconf 72' lang='grc'>⁷</span> <span class='ocrx_word' id='word_1_423' title='bbox 1166 3172 1314 3177; x_wconf 52' lang='lat'><strong>&quot;&quot;&quot;&#39;</strong></span> <span class='ocrx_word' id='word_1_424' title='bbox 1354 3172 1401 3176; x_wconf 72' lang='lat'><strong>&quot;</strong></span> <span class='ocrx_word' id='word_1_425' title='bbox 1446 3172 1582 3193; x_wconf 61' lang='lat' dir='ltr'><strong>l&quot;&quot;&quot;</strong></span> <span class='ocrx_word' id='word_1_426' title='bbox 1638 3172 1711 3194; x_wconf 71' lang='lat' dir='ltr'><strong>&quot;l‘</strong></span> <span class='ocrx_word' id='word_1_427' title='bbox 1760 3172 1830 3192; x_wconf 65' lang='lat' dir='ltr'><strong>&#39;i&#39;</strong></span> <span class='ocrx_word' id='word_1_428' title='bbox 1914 3172 1981 3189; x_wconf 67' lang='lat'><strong>‘0&#39;</strong></span> 
     </span>
     <span class='ocr_line' id='line_1_62' title="bbox 449 3211 2025 3286; baseline -0.004 -14"><span class='ocrx_word' id='word_1_429' title='bbox 449 3234 582 3272; x_wconf 84' lang='grc' dir='ltr'>πτον</span> <span class='ocrx_word' id='word_1_430' title='bbox 630 3217 853 3275; x_wconf 79' lang='grc' dir='ltr'>κάθοδον</span> <span class='ocrx_word' id='word_1_431' title='bbox 895 3218 954 3270; x_wconf 75' lang='grc' dir='ltr'>ὲν</span> <span class='ocrx_word' id='word_1_432' title='bbox 997 3215 1075 3286; x_wconf 82' lang='grc' dir='ltr'>τῷ</span> <span class='ocrx_word' id='word_1_433' title='bbox 1097 3214 1372 3286; x_wconf 74' lang='grc' dir='ltr'>ἑξηκοστῷ</span> <span class='ocrx_word' id='word_1_434' title='bbox 1423 3213 1656 3285; x_wconf 81' lang='grc' dir='ltr'>πέμπτῳ</span> <span class='ocrx_word' id='word_1_435' title='bbox 1710 3212 1874 3268; x_wconf 78' lang='grc' dir='ltr'>αὑτοῦ</span> <span class='ocrx_word' id='word_1_436' title='bbox 1917 3211 2025 3266; x_wconf 76' lang='grc' dir='ltr'>ἔτει</span> 
     </span>
    </p>
   </div>
   <div class='ocr_carea' id='block_1_62' title="bbox 2127 3172 3705 3286">
    <p class='ocr_par' dir='ltr' id='par_1_62' title="bbox 2130 3172 3705 3286">
     <span class='ocr_line' id='line_1_63' title="bbox 2130 3172 3705 3250; baseline -0.008 -13"><span class='ocrx_word' id='word_1_437' title='bbox 2130 3182 2373 3238; x_wconf 82' lang='lat' dir='ltr'><strong>exsulum</strong></span> <span class='ocrx_word' id='word_1_438' title='bbox 2415 3181 2610 3250; x_wconf 77' lang='lat' dir='ltr'><strong>factus,</strong></span> <span class='ocrx_word' id='word_1_439' title='bbox 2646 3195 2803 3232; x_wconf 89' lang='lat' dir='ltr'><strong>sacra</strong></span> <span class='ocrx_word' id='word_1_440' title='bbox 2835 3175 3207 3247; x_wconf 70' lang='lat' dir='ltr'><strong>.Egyptiorum</strong></span> <span class='ocrx_word' id='word_1_441' title='bbox 3249 3175 3391 3243; x_wconf 81' lang='lat' dir='ltr'><strong>furto</strong></span> <span class='ocrx_word' id='word_1_442' title='bbox 3436 3172 3705 3228; x_wconf 74' lang='lat' dir='ltr'><strong>abstulit:</strong></span> 
     </span>
     <span class='ocr_line' id='line_1_64' title="bbox 2349 3262 3666 3286; baseline 0 0"><span class='ocrx_word' id='word_1_443' title='bbox 2349 3285 2352 3286; x_wconf 67' lang='lat'>,</span> <span class='ocrx_word' id='word_1_444' title='bbox 2397 3279 2407 3286; x_wconf 84' lang='grc'><strong>.</strong></span> <span class='ocrx_word' id='word_1_445' title='bbox 2486 3281 2496 3286; x_wconf 86' lang='grc'><strong>-</strong></span> <span class='ocrx_word' id='word_1_446' title='bbox 2736 3268 2770 3286; x_wconf 66' lang='lat'><strong>9,</strong></span> <span class='ocrx_word' id='word_1_447' title='bbox 2833 3265 3050 3286; x_wconf 29' lang='lat' dir='ltr'><strong>mnuuh&#39;.‘</strong></span> <span class='ocrx_word' id='word_1_448' title='bbox 3121 3265 3320 3286; x_wconf 47' lang='lat' dir='ltr'><strong>JA__---_--</strong></span> <span class='ocrx_word' id='word_1_449' title='bbox 3375 3262 3542 3286; x_wconf 73' lang='lat' dir='ltr'><strong>_-.l_&#39;..-</strong></span> <span class='ocrx_word' id='word_1_450' title='bbox 3571 3271 3666 3286; x_wconf 57' lang='grc' dir='ltr'><strong>ιη-..</strong></span> 
     </span>
    </p>
   </div>
   <div class='ocr_carea' id='block_1_63' title="bbox 446 3305 2028 3387">
    <p class='ocr_par' dir='ltr' id='par_1_63' title="bbox 446 3305 2028 3387">
     <span class='ocr_line' id='line_1_65' title="bbox 446 3305 2028 3387; baseline -0.004 -22"><span class='ocrx_word' id='word_1_451' title='bbox 446 3313 610 3383; x_wconf 82' lang='grc' dir='ltr'>γεννᾷ</span> <span class='ocrx_word' id='word_1_452' title='bbox 639 3312 732 3366; x_wconf 82' lang='grc' dir='ltr'><strong>τὸν</strong></span> <span class='ocrx_word' id='word_1_453' title='bbox 766 3313 974 3387; x_wconf 81' lang='grc' dir='ltr'>πατέρα</span> <span class='ocrx_word' id='word_1_454' title='bbox 1002 3310 1244 3374; x_wconf 84' lang='grc' dir='ltr'>Μωσέως</span> <span class='ocrx_word' id='word_1_455' title='bbox 1282 3309 1551 3381; x_wconf 76' lang='grc' dir='ltr'>Ἀϐρααμ.</span> <span class='ocrx_word' id='word_1_456' title='bbox 1580 3307 1823 3360; x_wconf 81' lang='grc' dir='ltr'>Γίνονται</span> <span class='ocrx_word' id='word_1_457' title='bbox 1851 3305 2028 3359; x_wconf 72' lang='grc' dir='ltr'>τοίνυν</span> 
     </span>
    </p>
   </div>
   <div class='ocr_carea' id='block_1_64' title="bbox 447 3396 2027 3477">
    <p class='ocr_par' dir='ltr' id='par_1_64' title="bbox 447 3396 2027 3477">
     <span class='ocr_line' id='line_1_66' title="bbox 447 3396 2027 3477; baseline -0.006 -17"><span class='ocrx_word' id='word_1_458' title='bbox 447 3404 558 3460; x_wconf 75' lang='grc' dir='ltr'><strong>ἀπὸ</strong></span> <span class='ocrx_word' id='word_1_459' title='bbox 599 3404 693 3461; x_wconf 78' lang='grc' dir='ltr'>τοῦ</span> <span class='ocrx_word' id='word_1_460' title='bbox 739 3404 953 3477; x_wconf 75' lang='grc' dir='ltr'>πρώτου</span> <span class='ocrx_word' id='word_1_461' title='bbox 1005 3402 1253 3477; x_wconf 81' lang='grc' dir='ltr'>Ἀϐραὰμ</span> <span class='ocrx_word' id='word_1_462' title='bbox 1293 3400 1388 3454; x_wconf 81' lang='grc' dir='ltr'><strong>τοῦ</strong></span> <span class='ocrx_word' id='word_1_463' title='bbox 1428 3398 1822 3471; x_wconf 80' lang='grc' dir='ltr'>ἑϐδομηκοποῦ</span> <span class='ocrx_word' id='word_1_464' title='bbox 1860 3396 2027 3451; x_wconf 76' lang='grc' dir='ltr'>αὐτοῦ</span> 
     </span>
    </p>
   </div>
   <div class='ocr_carea' id='block_1_65' title="bbox 447 3489 2028 3569">
    <p class='ocr_par' dir='ltr' id='par_1_65' title="bbox 447 3489 2028 3569">
     <span class='ocr_line' id='line_1_67' title="bbox 447 3489 2028 3569; baseline -0.006 -16"><span class='ocrx_word' id='word_1_465' title='bbox 447 3498 700 3569; x_wconf 81' lang='grc' dir='ltr'>πέμπτου</span> <span class='ocrx_word' id='word_1_466' title='bbox 717 3497 868 3561; x_wconf 74' lang='grc' dir='ltr'>ἔτους</span> <span class='ocrx_word' id='word_1_467' title='bbox 882 3497 987 3560; x_wconf 76' lang='grc' dir='ltr'>ἕως</span> <span class='ocrx_word' id='word_1_468' title='bbox 1009 3497 1108 3568; x_wconf 81' lang='grc' dir='ltr'><strong>τῆς</strong></span> <span class='ocrx_word' id='word_1_469' title='bbox 1126 3495 1390 3565; x_wconf 78' lang='grc' dir='ltr'>γενέσεως</span> <span class='ocrx_word' id='word_1_470' title='bbox 1406 3493 1499 3547; x_wconf 82' lang='grc' dir='ltr'>τοῦ</span> <span class='ocrx_word' id='word_1_471' title='bbox 1517 3491 1746 3563; x_wconf 80' lang='grc' dir='ltr'>ἐσχάτου</span> <span class='ocrx_word' id='word_1_472' title='bbox 1779 3489 2028 3564; x_wconf 85' lang='grc' dir='ltr'>’Λϐραὰμ</span> 
     </span>
    </p>
   </div>
   <div class='ocr_carea' id='block_1_66' title="bbox 448 3584 2028 3660">
    <p class='ocr_par' dir='ltr' id='par_1_66' title="bbox 448 3584 2028 3660">
     <span class='ocr_line' id='line_1_68' title="bbox 448 3584 2028 3660; baseline -0.003 -17"><span class='ocrx_word' id='word_1_473' title='bbox 448 3591 547 3660; x_wconf 66' lang='grc' dir='ltr'>ἐτη</span> <span class='ocrx_word' id='word_1_474' title='bbox 587 3597 712 3655; x_wconf 64' lang='lat' dir='ltr'><strong>me;</strong></span> <span class='ocrx_word' id='word_1_475' title='bbox 746 3589 892 3660; x_wconf 88' lang='lat' dir='ltr'><strong>quod</strong></span> <span class='ocrx_word' id='word_1_476' title='bbox 932 3590 1008 3643; x_wconf 92' lang='lat' dir='ltr'><strong>ita</strong></span> <span class='ocrx_word' id='word_1_477' title='bbox 1048 3588 1340 3659; x_wconf 80' lang='lat' dir='ltr'><strong>separavit,</strong></span> <span class='ocrx_word' id='word_1_478' title='bbox 1385 3586 1516 3657; x_wconf 87' lang='lat' dir='ltr'><strong>quia</strong></span> <span class='ocrx_word' id='word_1_479' title='bbox 1549 3584 1694 3640; x_wconf 84' lang='lat' dir='ltr'><strong>idem</strong></span> <span class='ocrx_word' id='word_1_480' title='bbox 1742 3585 2028 3654; x_wconf 89' lang='lat' dir='ltr'><strong>utriusque</strong></span> 
     </span>
    </p>
   </div>
   <div class='ocr_carea' id='block_1_67' title="bbox 448 3683 985 3737">
    <p class='ocr_par' dir='ltr' id='par_1_67' title="bbox 448 3683 985 3737">
     <span class='ocr_line' id='line_1_69' title="bbox 448 3683 985 3737; baseline 0 0"><span class='ocrx_word' id='word_1_481' title='bbox 448 3698 648 3737; x_wconf 86' lang='lat' dir='ltr'><strong>nomen</strong></span> <span class='ocrx_word' id='word_1_482' title='bbox 680 3683 985 3737; x_wconf 79' lang='lat' dir='ltr'><strong>videbatur.</strong></span> 
     </span>
    </p>
   </div>
   <div class='ocr_carea' id='block_1_68' title="bbox 524 3766 2025 3841">
    <p class='ocr_par' dir='ltr' id='par_1_68' title="bbox 524 3766 2025 3841">
     <span class='ocr_line' id='line_1_70' title="bbox 524 3766 2025 3841; baseline -0.006 -11"><span class='ocrx_word' id='word_1_483' title='bbox 524 3773 660 3830; x_wconf 84' lang='lat' dir='ltr'><strong>Ibid.</strong></span> <span class='ocrx_word' id='word_1_484' title='bbox 690 3775 959 3829; x_wconf 72' lang='grc' dir='ltr'>Γυναῖκα</span> <span class='ocrx_word' id='word_1_485' title='bbox 980 3772 1110 3841; x_wconf 76' lang='grc' dir='ltr'>τήν.</span> <span class='ocrx_word' id='word_1_486' title='bbox 1134 3772 1254 3828; x_wconf 82' lang='lat' dir='ltr'><strong>Non</strong></span> <span class='ocrx_word' id='word_1_487' title='bbox 1282 3771 1471 3837; x_wconf 80' lang='lat' dir='ltr'><strong>ﬁliam,</strong></span> <span class='ocrx_word' id='word_1_488' title='bbox 1497 3771 1591 3826; x_wconf 89' lang='lat' dir='ltr'><strong>sed</strong></span> <span class='ocrx_word' id='word_1_489' title='bbox 1621 3777 1837 3840; x_wconf 88' lang='lat' dir='ltr'><strong>neptem</strong></span> <span class='ocrx_word' id='word_1_490' title='bbox 1862 3766 2025 3833; x_wconf 83' lang='lat' dir='ltr'><strong>Levi;</strong></span> 
     </span>
    </p>
   </div>
   <div class='ocr_carea' id='block_1_69' title="bbox 452 3859 2030 3931">
    <p class='ocr_par' dir='ltr' id='par_1_69' title="bbox 452 3859 2030 3931">
     <span class='ocr_line' id='line_1_71' title="bbox 452 3859 2030 3931; baseline -0.006 -8"><span class='ocrx_word' id='word_1_491' title='bbox 452 3884 561 3924; x_wconf 76' lang='lat' dir='ltr'><strong>non</strong></span> <span class='ocrx_word' id='word_1_492' title='bbox 615 3868 861 3930; x_wconf 83' lang='lat' dir='ltr'><strong>amitam,</strong></span> <span class='ocrx_word' id='word_1_493' title='bbox 907 3867 1001 3923; x_wconf 86' lang='lat' dir='ltr'><strong>sed</strong></span> <span class='ocrx_word' id='word_1_494' title='bbox 1049 3866 1434 3922; x_wconf 85' lang='lat' dir='ltr'><strong>consobrinam</strong></span> <span class='ocrx_word' id='word_1_495' title='bbox 1490 3863 1736 3918; x_wconf 82' lang='lat' dir='ltr'><strong>Amram.</strong></span> <span class='ocrx_word' id='word_1_496' title='bbox 1783 3859 2030 3931; x_wconf 82' lang='lat' dir='ltr'><strong>Nugatur</strong></span> 
     </span>
    </p>
   </div>
   <div class='ocr_carea' id='block_1_70' title="bbox 451 3953 2029 4032">
    <p class='ocr_par' dir='ltr' id='par_1_70' title="bbox 451 3953 2029 4032">
     <span class='ocr_line' id='line_1_72' title="bbox 451 3953 2029 4032; baseline -0.004 -21"><span class='ocrx_word' id='word_1_497' title='bbox 451 3975 583 4032; x_wconf 66' lang='lat' dir='ltr'><strong>ergo</strong></span> <span class='ocrx_word' id='word_1_498' title='bbox 610 3959 890 4022; x_wconf 83' lang='lat' dir='ltr'><strong>Calvinus,</strong></span> <span class='ocrx_word' id='word_1_499' title='bbox 918 3976 1042 4014; x_wconf 90' lang='lat' dir='ltr'><strong>cum</strong></span> <span class='ocrx_word' id='word_1_500' title='bbox 1075 3959 1314 4032; x_wconf 63' lang='lat' dir='ltr'><strong>Moysen]</strong></span> <span class='ocrx_word' id='word_1_501' title='bbox 1339 3958 1653 4012; x_wconf 89' lang='lat' dir='ltr'><strong>incestuoso</strong></span> <span class='ocrx_word' id='word_1_502' title='bbox 1678 3953 2029 4008; x_wconf 87' lang='lat' dir='ltr'><strong>matrimonio</strong></span> 
     </span>
    </p>
   </div>
   <div class='ocr_carea' id='block_1_71' title="bbox 451 4042 2031 4123">
    <p class='ocr_par' dir='ltr' id='par_1_71' title="bbox 451 4042 2031 4123">
     <span class='ocr_line' id='line_1_73' title="bbox 451 4042 2031 4123; baseline -0.003 -19"><span class='ocrx_word' id='word_1_503' title='bbox 451 4060 776 4123; x_wconf 82' lang='lat' dir='ltr'><strong>prognatum</strong></span> <span class='ocrx_word' id='word_1_504' title='bbox 819 4067 942 4107; x_wconf 91' lang='lat' dir='ltr'><strong>esse</strong></span> <span class='ocrx_word' id='word_1_505' title='bbox 980 4050 1230 4114; x_wconf 84' lang='lat' dir='ltr'><strong>allirmat,</strong></span> <span class='ocrx_word' id='word_1_506' title='bbox 1271 4050 1414 4105; x_wconf 91' lang='lat' dir='ltr'><strong>sicut</strong></span> <span class='ocrx_word' id='word_1_507' title='bbox 1453 4055 1509 4103; x_wconf 91' lang='lat' dir='ltr'><strong>et</strong></span> <span class='ocrx_word' id='word_1_508' title='bbox 1557 4042 2031 4117; x_wconf 87' lang='lat' dir='ltr'><strong>impudentissime</strong></span> 
     </span>
    </p>
   </div>
   <div class='ocr_carea' id='block_1_72' title="bbox 454 4137 2029 4215">
    <p class='ocr_par' dir='ltr' id='par_1_72' title="bbox 454 4137 2029 4215">
     <span class='ocr_line' id='line_1_74' title="bbox 454 4137 2029 4215; baseline -0.004 -18"><span class='ocrx_word' id='word_1_509' title='bbox 454 4152 709 4215; x_wconf 83' lang='lat' dir='ltr'><strong>parentes</strong></span> <span class='ocrx_word' id='word_1_510' title='bbox 771 4144 958 4199; x_wconf 76' lang='lat' dir='ltr'><strong>ferinze</strong></span> <span class='ocrx_word' id='word_1_511' title='bbox 1004 4144 1362 4198; x_wconf 85' lang='lat' dir='ltr'><strong>immanitatis</strong></span> <span class='ocrx_word' id='word_1_512' title='bbox 1432 4142 1502 4197; x_wconf 92' lang='lat' dir='ltr'><strong>ob</strong></span> <span class='ocrx_word' id='word_1_513' title='bbox 1562 4139 1735 4210; x_wconf 89' lang='lat' dir='ltr'><strong>prolis</strong></span> <span class='ocrx_word' id='word_1_514' title='bbox 1794 4137 2029 4194; x_wconf 90' lang='lat' dir='ltr'><strong>similem</strong></span> 
     </span>
    </p>
   </div>
   <div class='ocr_carea' id='block_1_73' title="bbox 452 4235 1231 4307">
    <p class='ocr_par' dir='ltr' id='par_1_73' title="bbox 452 4235 1231 4307">
     <span class='ocr_line' id='line_1_75' title="bbox 452 4235 1231 4307; baseline -0.004 -15"><span class='ocrx_word' id='word_1_515' title='bbox 452 4235 849 4307; x_wconf 76' lang='lat' dir='ltr'><strong>expositionem</strong></span> <span class='ocrx_word' id='word_1_516' title='bbox 885 4235 1231 4290; x_wconf 88' lang='lat' dir='ltr'><strong>criminatur.</strong></span> 
     </span>
    </p>
   </div>
   <div class='ocr_carea' id='block_1_74' title="bbox 523 4306 2030 4395">
    <p class='ocr_par' dir='ltr' id='par_1_74' title="bbox 523 4306 2030 4395">
     <span class='ocr_line' id='line_1_76' title="bbox 523 4306 2030 4395; baseline -0.005 -14"><span class='ocrx_word' id='word_1_517' title='bbox 523 4325 687 4394; x_wconf 66' lang='lat' dir='ltr'><strong>1pm.,</strong></span> <span class='ocrx_word' id='word_1_518' title='bbox 720 4326 815 4381; x_wconf 87' lang='lat' dir='ltr'><strong>lin.</strong></span> <span class='ocrx_word' id='word_1_519' title='bbox 853 4326 943 4381; x_wconf 78' lang='lat'><strong>57.</strong></span> <span class='ocrx_word' id='word_1_520' title='bbox 970 4325 1079 4379; x_wconf 79' lang='lat' dir='ltr'><strong>Kal</strong></span> <span class='ocrx_word' id='word_1_521' title='bbox 1103 4325 1416 4395; x_wconf 77' lang='grc' dir='ltr'>ἔκρυπτεν.</span> <span class='ocrx_word' id='word_1_522' title='bbox 1448 4306 1626 4387; x_wconf 86' lang='lat' dir='ltr'><strong>Philo,</strong></span> <span class='ocrx_word' id='word_1_523' title='bbox 1650 4322 1726 4378; x_wconf 89' lang='lat' dir='ltr'><strong>De</strong></span> <span class='ocrx_word' id='word_1_524' title='bbox 1749 4323 1854 4377; x_wconf 77' lang='lat' dir='ltr'><strong>vita</strong></span> <span class='ocrx_word' id='word_1_525' title='bbox 1875 4320 2030 4392; x_wconf 80' lang='lat' dir='ltr'><strong>Mog-</strong></span> 
     </span>
    </p>
   </div>
   <div class='ocr_carea' id='block_1_75' title="bbox 454 4414 2031 4491">
    <p class='ocr_par' dir='ltr' id='par_1_75' title="bbox 454 4414 2031 4491">
     <span class='ocr_line' id='line_1_77' title="bbox 454 4414 2031 4491; baseline -0.003 -18"><span class='ocrx_word' id='word_1_526' title='bbox 454 4422 527 4474; x_wconf 85' lang='lat' dir='ltr'><strong>sis</strong></span> <span class='ocrx_word' id='word_1_527' title='bbox 547 4438 564 4476; x_wconf 92' lang='lat'><strong><em>:</em></strong></span> <span class='ocrx_word' id='word_1_528' title='bbox 582 4418 868 4491; x_wconf 73' lang='grc' dir='ltr'>Γεννηθεὶς</span> <span class='ocrx_word' id='word_1_529' title='bbox 895 4414 988 4472; x_wconf 76' lang='grc' dir='ltr'><strong>οὖν</strong></span> <span class='ocrx_word' id='word_1_530' title='bbox 1014 4420 1041 4472; x_wconf 88' lang='grc' dir='ltr'>ὁ</span> <span class='ocrx_word' id='word_1_531' title='bbox 1064 4421 1192 4482; x_wconf 71' lang='grc' dir='ltr'>παῖς</span> <span class='ocrx_word' id='word_1_532' title='bbox 1220 4418 1382 4483; x_wconf 73' lang='grc' dir='ltr'>εὐθὺς</span> <span class='ocrx_word' id='word_1_533' title='bbox 1409 4417 1530 4488; x_wconf 76' lang='grc' dir='ltr'>ὄψιν</span> <span class='ocrx_word' id='word_1_534' title='bbox 1551 4417 1805 4489; x_wconf 80' lang='grc' dir='ltr'>ἐνέφηνεν</span> <span class='ocrx_word' id='word_1_535' title='bbox 1830 4417 2031 4471; x_wconf 84' lang='grc' dir='ltr'>ἀστειο-</span> 
     </span>
    </p>
   </div>
   <div class='ocr_carea' id='block_1_76' title="bbox 452 4507 2030 4583">
    <p class='ocr_par' dir='ltr' id='par_1_76' title="bbox 452 4507 2030 4583">
     <span class='ocr_line' id='line_1_78' title="bbox 452 4507 2030 4583; baseline -0.003 -18"><span class='ocrx_word' id='word_1_536' title='bbox 452 4509 675 4583; x_wconf 76' lang='grc' dir='ltr'>τέρανῆ</span> <span class='ocrx_word' id='word_1_537' title='bbox 710 4511 830 4565; x_wconf 80' lang='grc' dir='ltr'>κατ’</span> <span class='ocrx_word' id='word_1_538' title='bbox 869 4508 1103 4582; x_wconf 74' lang='grc' dir='ltr'>ἰδιώτην,</span> <span class='ocrx_word' id='word_1_539' title='bbox 1131 4507 1206 4573; x_wconf 86' lang='grc' dir='ltr'>ὡς</span> <span class='ocrx_word' id='word_1_540' title='bbox 1236 4509 1330 4562; x_wconf 71' lang='grc' dir='ltr'><strong>καὶ</strong></span> <span class='ocrx_word' id='word_1_541' title='bbox 1371 4508 1481 4561; x_wconf 85' lang='grc' dir='ltr'><strong>τῶν</strong></span> <span class='ocrx_word' id='word_1_542' title='bbox 1513 4508 1605 4561; x_wconf 81' lang='grc' dir='ltr'>τοῦ</span> <span class='ocrx_word' id='word_1_543' title='bbox 1640 4508 1901 4582; x_wconf 86' lang='grc' dir='ltr'>τυράννου</span> <span class='ocrx_word' id='word_1_544' title='bbox 1931 4525 2030 4580; x_wconf 84' lang='grc' dir='ltr'>κη-</span> 
     </span>
    </p>
   </div>
   <div class='ocr_carea' id='block_1_77' title="bbox 457 4598 2030 4675">
    <p class='ocr_par' dir='ltr' id='par_1_77' title="bbox 457 4598 2030 4675">
     <span class='ocr_line' id='line_1_79' title="bbox 457 4598 2030 4675; baseline -0.001 -18"><span class='ocrx_word' id='word_1_545' title='bbox 457 4604 773 4675; x_wconf 79' lang='grc' dir='ltr'>ρυγμάτων·</span> <span class='ocrx_word' id='word_1_546' title='bbox 801 4605 886 4673; x_wconf 72' lang='grc' dir='ltr'><strong>ἐφ’</strong></span> <span class='ocrx_word' id='word_1_547' title='bbox 910 4605 1033 4657; x_wconf 84' lang='grc' dir='ltr'>ὅσον</span> <span class='ocrx_word' id='word_1_548' title='bbox 1057 4598 1166 4657; x_wconf 76' lang='grc' dir='ltr'>οἷόν</span> <span class='ocrx_word' id='word_1_549' title='bbox 1193 4620 1253 4658; x_wconf 87' lang='grc' dir='ltr'><strong>τε</strong></span> <span class='ocrx_word' id='word_1_550' title='bbox 1279 4598 1368 4675; x_wconf 81' lang='grc' dir='ltr'><strong>ἦν,</strong></span> <span class='ocrx_word' id='word_1_551' title='bbox 1400 4604 1526 4667; x_wconf 85' lang='grc' dir='ltr'>τοὺς</span> <span class='ocrx_word' id='word_1_552' title='bbox 1549 4606 1723 4673; x_wconf 86' lang='grc' dir='ltr'>γονεῖς</span> <span class='ocrx_word' id='word_1_553' title='bbox 1747 4602 2030 4673; x_wconf 83' lang='grc' dir='ltr'>ἀλογῆσαι.</span> 
     </span>
    </p>
   </div>
   <div class='ocr_carea' id='block_1_78' title="bbox 454 4695 2036 4769">
    <p class='ocr_par' dir='ltr' id='par_1_78' title="bbox 454 4695 2036 4769">
     <span class='ocr_line' id='line_1_80' title="bbox 454 4695 2036 4769; baseline 0.003 -23"><span class='ocrx_word' id='word_1_554' title='bbox 454 4696 614 4766; x_wconf 79' lang='grc' dir='ltr'>Τρεῖς</span> <span class='ocrx_word' id='word_1_555' title='bbox 650 4696 779 4765; x_wconf 80' lang='grc' dir='ltr'>γοῦν</span> <span class='ocrx_word' id='word_1_556' title='bbox 816 4713 947 4767; x_wconf 79' lang='grc' dir='ltr'>φασι</span> <span class='ocrx_word' id='word_1_557' title='bbox 989 4696 1164 4769; x_wconf 81' lang='grc' dir='ltr'>μῆνας</span> <span class='ocrx_word' id='word_1_558' title='bbox 1203 4696 1399 4768; x_wconf 74' lang='grc' dir='ltr'>ἑφεξῆς</span> <span class='ocrx_word' id='word_1_559' title='bbox 1428 4696 1564 4749; x_wconf 78' lang='grc' dir='ltr'>οἴκοι</span> <span class='ocrx_word' id='word_1_560' title='bbox 1597 4695 2036 4766; x_wconf 82' lang='grc' dir='ltr'>γαλακτοτροφη-</span> 
     </span>
    </p>
   </div>
   <div class='ocr_carea' id='block_1_79' title="bbox 456 4786 2035 4858">
    <p class='ocr_par' dir='ltr' id='par_1_79' title="bbox 456 4786 2035 4858">
     <span class='ocr_line' id='line_1_81' title="bbox 456 4786 2035 4858; baseline 0.001 -18"><span class='ocrx_word' id='word_1_561' title='bbox 456 4787 617 4858; x_wconf 82' lang='grc' dir='ltr'>θῆναι</span> <span class='ocrx_word' id='word_1_562' title='bbox 648 4788 978 4843; x_wconf 80' lang='grc' dir='ltr'>λανθάνοντα</span> <span class='ocrx_word' id='word_1_563' title='bbox 1010 4791 1135 4854; x_wconf 85' lang='grc' dir='ltr'>τοὺς</span> <span class='ocrx_word' id='word_1_564' title='bbox 1163 4788 1410 4854; x_wconf 78' lang='grc' dir='ltr'>πολλούς.</span> <span class='ocrx_word' id='word_1_565' title='bbox 1432 4786 1689 4844; x_wconf 86' lang='lat' dir='ltr'><strong>Clemens</strong></span> <span class='ocrx_word' id='word_1_566' title='bbox 1713 4788 2035 4842; x_wconf 78' lang='lat' dir='ltr'><strong>Alexandri-</strong></span> 
     </span>
    </p>
   </div>
   <div class='ocr_carea' id='block_1_80' title="bbox 456 4876 2039 4951">
    <p class='ocr_par' dir='ltr' id='par_1_80' title="bbox 456 4876 2039 4951">
     <span class='ocr_line' id='line_1_82' title="bbox 456 4876 2039 4951; baseline -0.003 -17"><span class='ocrx_word' id='word_1_567' title='bbox 456 4895 583 4941; x_wconf 83' lang='lat' dir='ltr'><strong>nus,</strong></span> <span class='ocrx_word' id='word_1_568' title='bbox 622 4878 881 4935; x_wconf 85' lang='lat' dir='ltr'><strong>Slromat.</strong></span> <span class='ocrx_word' id='word_1_569' title='bbox 917 4881 1010 4936; x_wconf 86' lang='lat' dir='ltr'><strong>lib.</strong></span> <span class='ocrx_word' id='word_1_570' title='bbox 1036 4897 1077 4946; x_wconf 84' lang='lat' dir='ltr'><strong>I,</strong></span> <span class='ocrx_word' id='word_1_571' title='bbox 1113 4879 1457 4951; x_wconf 78' lang='grc' dir='ltr'>Εὐπατρίδην</span> <span class='ocrx_word' id='word_1_572' title='bbox 1488 4878 1546 4932; x_wconf 79' lang='grc' dir='ltr'>δὲ</span> <span class='ocrx_word' id='word_1_573' title='bbox 1582 4878 1673 4932; x_wconf 84' lang='grc' dir='ltr'><strong>τὸν</strong></span> <span class='ocrx_word' id='word_1_574' title='bbox 1716 4876 1880 4932; x_wconf 86' lang='grc' dir='ltr'>παῖδα</span> <span class='ocrx_word' id='word_1_575' title='bbox 1909 4877 2039 4930; x_wconf 79' lang='grc' dir='ltr'>ὅντα</span> 
     </span>
    </p>
   </div>
   <div class='ocr_carea' id='block_1_81' title="bbox 455 4961 2041 5043">
    <p class='ocr_par' dir='ltr' id='par_1_81' title="bbox 455 4961 2041 5043">
     <span class='ocr_line' id='line_1_83' title="bbox 455 4961 2041 5043; baseline -0.001 -20"><span class='ocrx_word' id='word_1_576' title='bbox 455 4961 607 5042; x_wconf 66' lang='grc' dir='ltr'>τρεῖζ</span> <span class='ocrx_word' id='word_1_577' title='bbox 651 4970 847 5041; x_wconf 76' lang='grc' dir='ltr'>ἑφεξῆς</span> <span class='ocrx_word' id='word_1_578' title='bbox 892 4970 1225 5043; x_wconf 82' lang='grc' dir='ltr'>κρύπτοντες</span> <span class='ocrx_word' id='word_1_579' title='bbox 1272 4971 1497 5043; x_wconf 78' lang='grc' dir='ltr'>ἔτρεφον</span> <span class='ocrx_word' id='word_1_580' title='bbox 1542 4970 1713 5041; x_wconf 79' lang='grc' dir='ltr'>μῆνας</span> <span class='ocrx_word' id='word_1_581' title='bbox 1758 4970 1807 5022; x_wconf 82' lang='grc' dir='ltr'><strong>οἱ</strong></span> <span class='ocrx_word' id='word_1_582' title='bbox 1838 4972 2041 5038; x_wconf 67' lang='grc' dir='ltr'>γονεῖς,</span> 
     </span>
    </p>
   </div>
   <div class='ocr_carea' id='block_1_82' title="bbox 458 5059 2036 5134">
    <p class='ocr_par' dir='ltr' id='par_1_82' title="bbox 458 5059 2036 5134">
     <span class='ocr_line' id='line_1_84' title="bbox 458 5059 2036 5134; baseline -0.001 -21"><span class='ocrx_word' id='word_1_583' title='bbox 458 5059 695 5132; x_wconf 81' lang='grc' dir='ltr'>νικώσης</span> <span class='ocrx_word' id='word_1_584' title='bbox 726 5063 827 5134; x_wconf 81' lang='grc' dir='ltr'>τῆς</span> <span class='ocrx_word' id='word_1_585' title='bbox 853 5063 1087 5133; x_wconf 81' lang='grc' dir='ltr'>φυσικῆς</span> <span class='ocrx_word' id='word_1_586' title='bbox 1128 5063 1341 5126; x_wconf 70' lang='grc' dir='ltr'>εὐνοίας</span> <span class='ocrx_word' id='word_1_587' title='bbox 1374 5062 1471 5134; x_wconf 84' lang='grc' dir='ltr'>τὴν</span> <span class='ocrx_word' id='word_1_588' title='bbox 1517 5059 1844 5132; x_wconf 83' lang='grc' dir='ltr'>τυραννικὴν</span> <span class='ocrx_word' id='word_1_589' title='bbox 1892 5059 2036 5130; x_wconf 74' lang='grc' dir='ltr'>ὠμο-</span> 
     </span>
    </p>
   </div>
   <div class='ocr_carea' id='block_1_83' title="bbox 457 5153 1891 5227">
    <p class='ocr_par' dir='ltr' id='par_1_83' title="bbox 457 5153 1891 5227">
     <span class='ocr_line' id='line_1_85' title="bbox 457 5153 1891 5227; baseline -0.001 -19"><span class='ocrx_word' id='word_1_590' title='bbox 457 5172 617 5227; x_wconf 84' lang='grc' dir='ltr'>τητα.</span> <span class='ocrx_word' id='word_1_591' title='bbox 648 5154 971 5212; x_wconf 79' lang='lat' dir='ltr'><strong>Ezechielus</strong></span> <span class='ocrx_word' id='word_1_592' title='bbox 1000 5156 1147 5227; x_wconf 84' lang='lat' dir='ltr'><strong>apud</strong></span> <span class='ocrx_word' id='word_1_593' title='bbox 1178 5158 1451 5219; x_wconf 90' lang='lat' dir='ltr'><strong>eumdem,</strong></span> <span class='ocrx_word' id='word_1_594' title='bbox 1479 5161 1533 5210; x_wconf 80' lang='lat' dir='ltr'><strong>et</strong></span> <span class='ocrx_word' id='word_1_595' title='bbox 1559 5153 1850 5210; x_wconf 82' lang='lat' dir='ltr'><strong>Eusebium</strong></span> <span class='ocrx_word' id='word_1_596' title='bbox 1878 5172 1891 5207; x_wconf 88' lang='lat'><strong>:</strong></span> 
     </span>
    </p>
   </div>
   <div class='ocr_carea' id='block_1_84' title="bbox 653 5250 2009 5361">
    <p class='ocr_par' dir='ltr' id='par_1_84' title="bbox 653 5250 2009 5361">
     <span class='ocr_line' id='line_1_86' title="bbox 653 5250 2009 5361; baseline -0.001 -16"><span class='ocrx_word' id='word_1_597' title='bbox 653 5290 944 5346; x_wconf 78' lang='grc' dir='ltr'>Ἐνταῦθα</span> <span class='ocrx_word' id='word_1_598' title='bbox 961 5289 1159 5361; x_wconf 76' lang='grc' dir='ltr'>μήτηρ</span> <span class='ocrx_word' id='word_1_599' title='bbox 1184 5293 1222 5359; x_wconf 77' lang='grc' dir='ltr'>ἡ</span> <span class='ocrx_word' id='word_1_600' title='bbox 1257 5291 1496 5345; x_wconf 83' lang='grc' dir='ltr'>τεκοῦσ’</span> <span class='ocrx_word' id='word_1_601' title='bbox 1528 5288 1788 5361; x_wconf 74' lang='grc' dir='ltr'>ἐκρυπτέ</span> <span class='ocrx_word' id='word_1_602' title='bbox 1820 5306 1896 5360; x_wconf 81' lang='grc' dir='ltr'><strong>με</strong></span> <span class='ocrx_word' id='word_1_603' title='bbox 1960 5250 2009 5265; x_wconf 37' lang='grc' dir='ltr'><em>Μ</em></span> 
     </span>
    </p>
   </div>
   <div class='ocr_carea' id='block_1_85' title="bbox 642 5360 1476 5433">
    <p class='ocr_par' dir='ltr' id='par_1_85' title="bbox 642 5360 1476 5433">
     <span class='ocr_line' id='line_1_87' title="bbox 642 5360 1476 5433; baseline 0 -17"><span class='ocrx_word' id='word_1_604' title='bbox 642 5361 803 5431; x_wconf 83' lang='grc' dir='ltr'>Τρεῖς</span> <span class='ocrx_word' id='word_1_605' title='bbox 835 5360 1057 5433; x_wconf 81' lang='grc' dir='ltr'>μῆνας,</span> <span class='ocrx_word' id='word_1_606' title='bbox 1087 5362 1168 5428; x_wconf 87' lang='grc' dir='ltr'><strong>ὡς</strong></span> <span class='ocrx_word' id='word_1_607' title='bbox 1189 5361 1476 5430; x_wconf 69' lang='grc' dir='ltr'>ἔφασκεν.</span> 
     </span>
    </p>
   </div>
   <div class='ocr_carea' id='block_1_86' title="bbox 531 5493 2041 5564">
    <p class='ocr_par' dir='ltr' id='par_1_86' title="bbox 531 5493 2041 5564">
     <span class='ocr_line' id='line_1_88' title="bbox 531 5493 2041 5564; baseline -0.005 -10"><span class='ocrx_word' id='word_1_608' title='bbox 531 5500 693 5563; x_wconf 78' lang='lat' dir='ltr'><strong>lbid..</strong></span> <span class='ocrx_word' id='word_1_609' title='bbox 728 5501 827 5555; x_wconf 88' lang='lat' dir='ltr'><strong>lin.</strong></span> <span class='ocrx_word' id='word_1_610' title='bbox 861 5499 950 5555; x_wconf 79' lang='lat'><strong>58.</strong></span> <span class='ocrx_word' id='word_1_611' title='bbox 993 5498 1086 5564; x_wconf 83' lang='grc' dir='ltr'><strong>Ὠς</strong></span> <span class='ocrx_word' id='word_1_612' title='bbox 1103 5495 1172 5550; x_wconf 75' lang='grc' dir='ltr'>δὲ</span> <span class='ocrx_word' id='word_1_613' title='bbox 1208 5493 1331 5551; x_wconf 77' lang='grc' dir='ltr'>εἶδε</span> <span class='ocrx_word' id='word_1_614' title='bbox 1360 5497 1485 5550; x_wconf 76' lang='grc' dir='ltr'>τόν.</span> <span class='ocrx_word' id='word_1_615' title='bbox 1518 5496 1770 5552; x_wconf 83' lang='lat' dir='ltr'><strong>Clemens</strong></span> <span class='ocrx_word' id='word_1_616' title='bbox 1800 5496 2041 5551; x_wconf 80' lang='lat' dir='ltr'><strong>Alexan-</strong></span> 
     </span>
    </p>
   </div>
   <div class='ocr_carea' id='block_1_87' title="bbox 464 5587 2050 5661">
    <p class='ocr_par' dir='ltr' id='par_1_87' title="bbox 464 5587 2050 5661">
     <span class='ocr_line' id='line_1_89' title="bbox 464 5587 2050 5661; baseline -0.007 -14"><span class='ocrx_word' id='word_1_617' title='bbox 464 5592 680 5657; x_wconf 79' lang='lat' dir='ltr'><strong>drinus,</strong></span> <span class='ocrx_word' id='word_1_618' title='bbox 729 5592 1011 5655; x_wconf 76' lang='grc' dir='ltr'>Δείσαντες</span> <span class='ocrx_word' id='word_1_619' title='bbox 1040 5590 1099 5645; x_wconf 80' lang='grc' dir='ltr'>δὲ</span> <span class='ocrx_word' id='word_1_620' title='bbox 1137 5588 1364 5659; x_wconf 76' lang='grc' dir='ltr'>ὕστερον</span> <span class='ocrx_word' id='word_1_621' title='bbox 1395 5588 1469 5661; x_wconf 77' lang='grc' dir='ltr'>μὴ</span> <span class='ocrx_word' id='word_1_622' title='bbox 1525 5590 1928 5643; x_wconf 84' lang='grc' dir='ltr'>συναπόλωνται</span> <span class='ocrx_word' id='word_1_623' title='bbox 1966 5587 2050 5660; x_wconf 80' lang='grc' dir='ltr'>τῷ.</span> 
     </span>
    </p>
   </div>
   <div class='ocr_carea' id='block_1_88' title="bbox 461 5674 2040 5753">
    <p class='ocr_par' dir='ltr' id='par_1_88' title="bbox 461 5674 2040 5753">
     <span class='ocr_line' id='line_1_90' title="bbox 461 5674 2040 5753; baseline -0.004 -16"><span class='ocrx_word' id='word_1_624' title='bbox 461 5681 638 5745; x_wconf 58' lang='grc' dir='ltr'>παιδὶ,</span> <span class='ocrx_word' id='word_1_625' title='bbox 663 5683 728 5736; x_wconf 80' lang='grc' dir='ltr'>ὲκ</span> <span class='ocrx_word' id='word_1_626' title='bbox 752 5681 935 5753; x_wconf 79' lang='grc' dir='ltr'>βίϐλου</span> <span class='ocrx_word' id='word_1_627' title='bbox 967 5680 1069 5750; x_wconf 82' lang='grc' dir='ltr'>τῆς</span> <span class='ocrx_word' id='word_1_628' title='bbox 1110 5677 1404 5749; x_wconf 71' lang='grc' dir='ltr'>ἐπιχωρίου</span> <span class='ocrx_word' id='word_1_629' title='bbox 1433 5674 1625 5742; x_wconf 82' lang='grc' dir='ltr'>σκεῦός</span> <span class='ocrx_word' id='word_1_630' title='bbox 1656 5693 1710 5730; x_wconf 85' lang='grc' dir='ltr'><strong>τι</strong></span> <span class='ocrx_word' id='word_1_631' title='bbox 1737 5676 2040 5749; x_wconf 75' lang='grc' dir='ltr'>ποιησάμε-</span> 
     </span>
    </p>
   </div>
   <div class='ocr_carea' id='block_1_89' title="bbox 464 5768 2053 5843">
    <p class='ocr_par' dir='ltr' id='par_1_89' title="bbox 464 5768 2053 5843">
     <span class='ocr_line' id='line_1_91' title="bbox 464 5768 2053 5843; baseline -0.003 -17"><span class='ocrx_word' id='word_1_632' title='bbox 464 5790 567 5835; x_wconf 66' lang='grc' dir='ltr'>νον,</span> <span class='ocrx_word' id='word_1_633' title='bbox 599 5770 690 5825; x_wconf 71' lang='grc' dir='ltr'>τὸν</span> <span class='ocrx_word' id='word_1_634' title='bbox 740 5774 903 5829; x_wconf 85' lang='grc' dir='ltr'>παῖδα</span> <span class='ocrx_word' id='word_1_635' title='bbox 936 5772 1211 5843; x_wconf 65' lang='grc' dir='ltr'>ἐνθέμενοι</span> <span class='ocrx_word' id='word_1_636' title='bbox 1243 5770 1517 5827; x_wconf 85' lang='grc' dir='ltr'>ὲκτιθέασι</span> <span class='ocrx_word' id='word_1_637' title='bbox 1564 5770 1715 5843; x_wconf 86' lang='grc' dir='ltr'>παρὰ</span> <span class='ocrx_word' id='word_1_638' title='bbox 1742 5769 1843 5835; x_wconf 86' lang='grc' dir='ltr'>τὰς</span> <span class='ocrx_word' id='word_1_639' title='bbox 1878 5768 2053 5842; x_wconf 74' lang='grc' dir='ltr'>ὄχθας-</span> 
     </span>
    </p>
   </div>
   <div class='ocr_carea' id='block_1_90' title="bbox 469 5858 2042 5937">
    <p class='ocr_par' dir='ltr' id='par_1_90' title="bbox 469 5858 2042 5937">
     <span class='ocr_line' id='line_1_92' title="bbox 469 5858 2042 5937; baseline -0.006 -16"><span class='ocrx_word' id='word_1_640' title='bbox 469 5863 562 5921; x_wconf 71' lang='grc' dir='ltr'><strong>τινῦ</strong></span> <span class='ocrx_word' id='word_1_641' title='bbox 593 5866 834 5937; x_wconf 79' lang='grc' dir='ltr'>ποταμοῦ</span> <span class='ocrx_word' id='word_1_642' title='bbox 865 5865 1090 5929; x_wconf 67' lang='grc' dir='ltr'>ἑλώδους</span> <span class='ocrx_word' id='word_1_643' title='bbox 1118 5866 1302 5930; x_wconf 71' lang='grc' dir='ltr'>ὄντος..</span> <span class='ocrx_word' id='word_1_644' title='bbox 1336 5864 1625 5935; x_wconf 74' lang='grc' dir='ltr'>Ἐπετήρει</span> <span class='ocrx_word' id='word_1_645' title='bbox 1646 5861 1703 5916; x_wconf 73' lang='grc' dir='ltr'>δὲ</span> <span class='ocrx_word' id='word_1_646' title='bbox 1742 5860 1802 5915; x_wconf 79' lang='grc' dir='ltr'>τὸ</span> <span class='ocrx_word' id='word_1_647' title='bbox 1834 5858 2042 5930; x_wconf 81' lang='grc' dir='ltr'>ἀποϐη-</span> 
     </span>
    </p>
   </div>
   <div class='ocr_carea' id='block_1_91' title="bbox 2129 3262 3698 3343">
    <p class='ocr_par' dir='ltr' id='par_1_91' title="bbox 2129 3262 3698 3343">
     <span class='ocr_line' id='line_1_93' title="bbox 2129 3262 3698 3343; baseline -0.006 -19"><span class='ocrx_word' id='word_1_648' title='bbox 2129 3288 2247 3343; x_wconf 77' lang='lat' dir='ltr'><strong>qua:</strong></span> <span class='ocrx_word' id='word_1_649' title='bbox 2273 3279 2556 3339; x_wconf 81' lang='lat' dir='ltr'><strong>repetentes</strong></span> <span class='ocrx_word' id='word_1_650' title='bbox 2610 3268 2777 3330; x_wconf 79' lang='lat' dir='ltr'><strong>armis</strong></span> <span class='ocrx_word' id='word_1_651' title='bbox 2808 3265 3069 3337; x_wconf 62' lang='lat' dir='ltr'><strong>Egyptii,</strong></span> <span class='ocrx_word' id='word_1_652' title='bbox 3113 3265 3324 3318; x_wconf 87' lang='lat' dir='ltr'><strong>domum</strong></span> <span class='ocrx_word' id='word_1_653' title='bbox 3371 3262 3542 3317; x_wconf 84' lang='lat' dir='ltr'><strong>redire</strong></span> <span class='ocrx_word' id='word_1_654' title='bbox 3567 3271 3698 3315; x_wconf 83' lang='lat' dir='ltr'><strong>tem-</strong></span> 
     </span>
    </p>
   </div>
   <div class='ocr_carea' id='block_1_92' title="bbox 2127 3353 3695 3434">
    <p class='ocr_par' dir='ltr' id='par_1_92' title="bbox 2127 3353 3695 3434">
     <span class='ocr_line' id='line_1_94' title="bbox 2127 3353 3695 3434; baseline -0.011 -15"><span class='ocrx_word' id='word_1_655' title='bbox 2127 3362 2416 3434; x_wconf 85' lang='lat' dir='ltr'><strong>pestatibus</strong></span> <span class='ocrx_word' id='word_1_656' title='bbox 2447 3360 2702 3429; x_wconf 82' lang='lat' dir='ltr'><strong>compulsi</strong></span> <span class='ocrx_word' id='word_1_657' title='bbox 2741 3368 2882 3414; x_wconf 84' lang='lat' dir='ltr'><strong>sunt.</strong></span> <span class='ocrx_word' id='word_1_658' title='bbox 2908 3357 3096 3428; x_wconf 81' lang='lat' dir='ltr'><strong>Itaque</strong></span> <span class='ocrx_word' id='word_1_659' title='bbox 3126 3354 3333 3426; x_wconf 79' lang='lat' dir='ltr'><strong>Moyses</strong></span> <span class='ocrx_word' id='word_1_660' title='bbox 3369 3353 3695 3405; x_wconf 78' lang='lat' dir='ltr'><strong>Damascena</strong></span> 
     </span>
    </p>
   </div>
   <div class='ocr_carea' id='block_1_93' title="bbox 2129 3448 3694 3526">
    <p class='ocr_par' dir='ltr' id='par_1_93' title="bbox 2129 3448 3694 3526">
     <span class='ocr_line' id='line_1_95' title="bbox 2129 3448 3694 3526; baseline -0.008 -17"><span class='ocrx_word' id='word_1_661' title='bbox 2129 3456 2349 3526; x_wconf 85' lang='lat' dir='ltr'><strong>antiqua</strong></span> <span class='ocrx_word' id='word_1_662' title='bbox 2381 3455 2556 3518; x_wconf 88' lang='lat' dir='ltr'><strong>patria</strong></span> <span class='ocrx_word' id='word_1_663' title='bbox 2586 3456 2803 3522; x_wconf 81' lang='lat' dir='ltr'><strong>repetita</strong></span> <span class='ocrx_word' id='word_1_664' title='bbox 2825 3459 3050 3504; x_wconf 85' lang='lat' dir='ltr'><strong>montem</strong></span> <span class='ocrx_word' id='word_1_665' title='bbox 3076 3448 3271 3521; x_wconf 77' lang='lat' dir='ltr'><strong>Syriam</strong></span> <span class='ocrx_word' id='word_1_666' title='bbox 3299 3453 3513 3512; x_wconf 84' lang='lat' dir='ltr'><strong>occupat</strong></span> <span class='ocrx_word' id='word_1_667' title='bbox 3544 3459 3563 3497; x_wconf 93' lang='lat'><em>:</em></span> <span class='ocrx_word' id='word_1_668' title='bbox 3591 3458 3694 3514; x_wconf 63' lang='lat' dir='ltr'><strong>qua</strong></span> 
     </span>
    </p>
   </div>
   <div class='ocr_carea' id='block_1_94' title="bbox 2128 3536 3696 3620">
    <p class='ocr_par' dir='ltr' id='par_1_94' title="bbox 2128 3536 3696 3620">
     <span class='ocr_line' id='line_1_96' title="bbox 2128 3536 3696 3620; baseline -0.008 -17"><span class='ocrx_word' id='word_1_669' title='bbox 2128 3559 2323 3620; x_wconf 79' lang='lat' dir='ltr'><strong>septem</strong></span> <span class='ocrx_word' id='word_1_670' title='bbox 2337 3547 2542 3602; x_wconf 88' lang='lat' dir='ltr'><strong>dierum</strong></span> <span class='ocrx_word' id='word_1_671' title='bbox 2569 3545 2778 3617; x_wconf 85' lang='lat' dir='ltr'><strong>jejunio</strong></span> <span class='ocrx_word' id='word_1_672' title='bbox 2804 3561 2896 3615; x_wconf 86' lang='lat' dir='ltr'><strong>per</strong></span> <span class='ocrx_word' id='word_1_673' title='bbox 2924 3544 3131 3599; x_wconf 80' lang='lat' dir='ltr'><strong>deserta</strong></span> <span class='ocrx_word' id='word_1_674' title='bbox 3150 3540 3353 3597; x_wconf 77' lang='lat' dir='ltr'><strong>Arabite</strong></span> <span class='ocrx_word' id='word_1_675' title='bbox 3373 3556 3489 3593; x_wconf 86' lang='lat' dir='ltr'><strong>cum</strong></span> <span class='ocrx_word' id='word_1_676' title='bbox 3504 3536 3696 3607; x_wconf 84' lang='lat' dir='ltr'><strong>populo</strong></span> 
     </span>
    </p>
   </div>
   <div class='ocr_carea' id='block_1_95' title="bbox 2128 3627 3701 3709">
    <p class='ocr_par' dir='ltr' id='par_1_95' title="bbox 2128 3627 3701 3709">
     <span class='ocr_line' id='line_1_97' title="bbox 2128 3627 3701 3709; baseline -0.01 -15"><span class='ocrx_word' id='word_1_677' title='bbox 2128 3656 2224 3694; x_wconf 87' lang='lat' dir='ltr'><strong>suo</strong></span> <span class='ocrx_word' id='word_1_678' title='bbox 2256 3638 2536 3709; x_wconf 82' lang='lat' dir='ltr'><strong>fatigatus,</strong></span> <span class='ocrx_word' id='word_1_679' title='bbox 2565 3652 2685 3689; x_wconf 90' lang='lat' dir='ltr'><strong>cum</strong></span> <span class='ocrx_word' id='word_1_680' title='bbox 2730 3633 2937 3688; x_wconf 85' lang='lat' dir='ltr'><strong>tandem</strong></span> <span class='ocrx_word' id='word_1_681' title='bbox 2972 3635 3212 3696; x_wconf 83' lang='lat' dir='ltr'><strong>venisset,</strong></span> <span class='ocrx_word' id='word_1_682' title='bbox 3249 3630 3520 3699; x_wconf 84' lang='lat' dir='ltr'><strong>septimum</strong></span> <span class='ocrx_word' id='word_1_683' title='bbox 3559 3627 3701 3681; x_wconf 85' lang='lat' dir='ltr'><strong>diem</strong></span> 
     </span>
    </p>
   </div>
   <div class='ocr_carea' id='block_1_96' title="bbox 2128 3727 3705 3803">
    <p class='ocr_par' dir='ltr' id='par_1_96' title="bbox 2128 3727 3705 3803">
     <span class='ocr_line' id='line_1_98' title="bbox 2128 3727 3705 3803; baseline -0.011 -15"><span class='ocrx_word' id='word_1_684' title='bbox 2128 3750 2273 3788; x_wconf 87' lang='lat' dir='ltr'><strong>more</strong></span> <span class='ocrx_word' id='word_1_685' title='bbox 2304 3731 2472 3803; x_wconf 84' lang='lat' dir='ltr'><strong>gentis</strong></span> <span class='ocrx_word' id='word_1_686' title='bbox 2523 3728 2817 3785; x_wconf 81' lang='lat' dir='ltr'><strong>Sabbatum</strong></span> <span class='ocrx_word' id='word_1_687' title='bbox 2860 3728 3177 3797; x_wconf 87' lang='lat' dir='ltr'><strong>appellatum</strong></span> <span class='ocrx_word' id='word_1_688' title='bbox 3230 3727 3287 3779; x_wconf 88' lang='lat' dir='ltr'><strong>in</strong></span> <span class='ocrx_word' id='word_1_689' title='bbox 3342 3738 3492 3778; x_wconf 82' lang='lat' dir='ltr'><strong>omne</strong></span> <span class='ocrx_word' id='word_1_690' title='bbox 3539 3735 3705 3776; x_wconf 78' lang='lat' dir='ltr'><strong>avum</strong></span> 
     </span>
    </p>
   </div>
   <div class='ocr_carea' id='block_1_97' title="bbox 2119 3812 3704 3894">
    <p class='ocr_par' dir='ltr' id='par_1_97' title="bbox 2119 3812 3704 3894">
     <span class='ocr_line' id='line_1_99' title="bbox 2119 3812 3704 3894; baseline -0.01 -16"><span class='ocrx_word' id='word_1_691' title='bbox 2119 3823 2325 3894; x_wconf 82' lang='lat' dir='ltr'><strong>jejunio</strong></span> <span class='ocrx_word' id='word_1_692' title='bbox 2354 3821 2582 3876; x_wconf 81' lang='lat' dir='ltr'><strong>sacrauit</strong></span> <span class='ocrx_word' id='word_1_693' title='bbox 2607 3835 2626 3872; x_wconf 83' lang='lat'><strong>.&#39;</strong></span> <span class='ocrx_word' id='word_1_694' title='bbox 2655 3820 2902 3889; x_wconf 86' lang='lat' dir='ltr'><strong>quoniam</strong></span> <span class='ocrx_word' id='word_1_695' title='bbox 2933 3817 3031 3871; x_wconf 90' lang='lat' dir='ltr'><strong>illa</strong></span> <span class='ocrx_word' id='word_1_696' title='bbox 3047 3817 3155 3869; x_wconf 85' lang='lat' dir='ltr'><strong>dies</strong></span> <span class='ocrx_word' id='word_1_697' title='bbox 3174 3814 3368 3885; x_wconf 82' lang='lat' dir='ltr'><strong>famem</strong></span> <span class='ocrx_word' id='word_1_698' title='bbox 3400 3812 3532 3873; x_wconf 78' lang='lat' dir='ltr'><strong>illis.</strong></span> <span class='ocrx_word' id='word_1_699' title='bbox 3557 3825 3704 3864; x_wconf 62' lang='lat' dir='ltr'><strong>erro-</strong></span> 
     </span>
    </p>
   </div>
   <div class='ocr_carea' id='block_1_98' title="bbox 2129 3901 3706 3987">
    <p class='ocr_par' dir='ltr' id='par_1_98' title="bbox 2129 3901 3706 3987">
     <span class='ocr_line' id='line_1_100' title="bbox 2129 3901 3706 3987; baseline -0.011 -16"><span class='ocrx_word' id='word_1_700' title='bbox 2129 3932 2338 3987; x_wconf 88' lang='lat' dir='ltr'><strong>remque</strong></span> <span class='ocrx_word' id='word_1_701' title='bbox 2361 3916 2591 3985; x_wconf 81' lang='lat' dir='ltr'><strong>ﬁnierat.</strong></span> <span class='ocrx_word' id='word_1_702' title='bbox 2618 3911 2686 3967; x_wconf 86' lang='lat' dir='ltr'><strong>Et</strong></span> <span class='ocrx_word' id='word_1_703' title='bbox 2705 3911 2955 3982; x_wconf 86' lang='lat' dir='ltr'><strong>quoniam</strong></span> <span class='ocrx_word' id='word_1_704' title='bbox 2980 3919 3117 3963; x_wconf 88' lang='lat' dir='ltr'><strong>metu</strong></span> <span class='ocrx_word' id='word_1_705' title='bbox 3136 3904 3463 3976; x_wconf 85' lang='lat' dir='ltr'><strong>contagionis</strong></span> <span class='ocrx_word' id='word_1_706' title='bbox 3478 3901 3629 3971; x_wconf 87' lang='lat' dir='ltr'><strong>pulso</strong></span> <span class='ocrx_word' id='word_1_707' title='bbox 3651 3916 3706 3953; x_wconf 86' lang='lat' dir='ltr'><strong>se</strong></span> 
     </span>
    </p>
   </div>
   <div class='ocr_carea' id='block_1_99' title="bbox 2130 3991 3705 4083">
    <p class='ocr_par' dir='ltr' id='par_1_99' title="bbox 2130 3991 3705 4083">
     <span class='ocr_line' id='line_1_101' title="bbox 2130 3991 3705 4083; baseline -0.013 -16"><span class='ocrx_word' id='word_1_708' title='bbox 2130 4014 2194 4067; x_wconf 83' lang='lat' dir='ltr'><strong>ab</strong></span> <span class='ocrx_word' id='word_1_709' title='bbox 2218 4010 2452 4083; x_wconf 64' lang='lat' dir='ltr'><strong>Egypto</strong></span> <span class='ocrx_word' id='word_1_710' title='bbox 2480 4008 2844 4067; x_wconf 83' lang='lat' dir='ltr'><strong>meminerant,</strong></span> <span class='ocrx_word' id='word_1_711' title='bbox 2868 4019 2933 4058; x_wconf 87' lang='lat' dir='ltr'><strong>ne</strong></span> <span class='ocrx_word' id='word_1_712' title='bbox 2970 4002 3153 4057; x_wconf 86' lang='lat' dir='ltr'><strong>eadem</strong></span> <span class='ocrx_word' id='word_1_713' title='bbox 3189 4016 3352 4053; x_wconf 87' lang='lat' dir='ltr'><strong>causa</strong></span> <span class='ocrx_word' id='word_1_714' title='bbox 3380 3995 3536 4052; x_wconf 68' lang='lat' dir='ltr'><strong>invisi</strong></span> <span class='ocrx_word' id='word_1_715' title='bbox 3568 3991 3705 4061; x_wconf 82' lang='lat' dir='ltr'><strong>apud</strong></span> 
     </span>
    </p>
   </div>
   <div class='ocr_carea' id='block_1_100' title="bbox 2128 4088 3708 4173">
    <p class='ocr_par' dir='ltr' id='par_1_100' title="bbox 2128 4088 3708 4173">
     <span class='ocr_line' id='line_1_102' title="bbox 2128 4088 3708 4173; baseline -0.014 -13"><span class='ocrx_word' id='word_1_716' title='bbox 2128 4105 2331 4160; x_wconf 83' lang='lat' dir='ltr'><strong>incolas</strong></span> <span class='ocrx_word' id='word_1_717' title='bbox 2358 4105 2549 4173; x_wconf 78' lang='lat' dir='ltr'><strong>forent,</strong></span> <span class='ocrx_word' id='word_1_718' title='bbox 2568 4107 2810 4154; x_wconf 83' lang='lat' dir='ltr'><strong>caverunt</strong></span> <span class='ocrx_word' id='word_1_719' title='bbox 2831 4112 2893 4151; x_wconf 86' lang='lat' dir='ltr'><strong>ne</strong></span> <span class='ocrx_word' id='word_1_720' title='bbox 2913 4112 3028 4149; x_wconf 86' lang='lat' dir='ltr'><strong>cum</strong></span> <span class='ocrx_word' id='word_1_721' title='bbox 3052 4092 3336 4163; x_wconf 83' lang='lat' dir='ltr'><strong>peregrinis</strong></span> <span class='ocrx_word' id='word_1_722' title='bbox 3355 4088 3708 4144; x_wconf 84' lang='lat' dir='ltr'><strong>communica-</strong></span> 
     </span>
    </p>
   </div>
   <div class='ocr_carea' id='block_1_101' title="bbox 2129 4180 3708 4268">
    <p class='ocr_par' dir='ltr' id='par_1_101' title="bbox 2129 4180 3708 4268">
     <span class='ocr_line' id='line_1_103' title="bbox 2129 4180 3708 4268; baseline -0.013 -16"><span class='ocrx_word' id='word_1_723' title='bbox 2129 4207 2242 4254; x_wconf 85' lang='lat' dir='ltr'><strong>rent</strong></span> <span class='ocrx_word' id='word_1_724' title='bbox 2269 4212 2287 4259; x_wconf 86' lang='lat'><strong><em>;</em></strong></span> <span class='ocrx_word' id='word_1_725' title='bbox 2316 4198 2452 4268; x_wconf 87' lang='lat' dir='ltr'><strong>quod</strong></span> <span class='ocrx_word' id='word_1_726' title='bbox 2479 4209 2544 4249; x_wconf 80' lang='lat' dir='ltr'><strong>ea;</strong></span> <span class='ocrx_word' id='word_1_727' title='bbox 2567 4208 2730 4246; x_wconf 86' lang='lat' dir='ltr'><strong>causa</strong></span> <span class='ocrx_word' id='word_1_728' title='bbox 2758 4190 2959 4261; x_wconf 74' lang='lat' dir='ltr'><strong>factum</strong></span> <span class='ocrx_word' id='word_1_729' title='bbox 2980 4186 3239 4256; x_wconf 87' lang='lat' dir='ltr'><strong>paulatim</strong></span> <span class='ocrx_word' id='word_1_730' title='bbox 3274 4184 3330 4236; x_wconf 88' lang='lat' dir='ltr'><strong>in</strong></span> <span class='ocrx_word' id='word_1_731' title='bbox 3367 4180 3708 4249; x_wconf 82' lang='lat' dir='ltr'><strong>disciplinam</strong></span> 
     </span>
    </p>
   </div>
   <div class='ocr_carea' id='block_1_102' title="bbox 2129 4272 3708 4360">
    <p class='ocr_par' dir='ltr' id='par_1_102' title="bbox 2129 4272 3708 4360">
     <span class='ocr_line' id='line_1_104' title="bbox 2129 4272 3708 4360; baseline -0.013 -16"><span class='ocrx_word' id='word_1_732' title='bbox 2129 4289 2536 4360; x_wconf 84' lang='lat' dir='ltr'><strong>religionemque</strong></span> <span class='ocrx_word' id='word_1_733' title='bbox 2563 4282 2837 4339; x_wconf 80' lang='lat' dir='ltr'><strong>conuertit.</strong></span> <span class='ocrx_word' id='word_1_734' title='bbox 2871 4278 3024 4347; x_wconf 82' lang='lat' dir='ltr'><strong>Quod</strong></span> <span class='ocrx_word' id='word_1_735' title='bbox 3059 4278 3150 4331; x_wconf 88' lang='lat' dir='ltr'><strong>hic</strong></span> <span class='ocrx_word' id='word_1_736' title='bbox 3193 4274 3444 4329; x_wconf 77' lang='lat' dir='ltr'><strong>lustinus</strong></span> <span class='ocrx_word' id='word_1_737' title='bbox 3485 4274 3553 4328; x_wconf 90' lang='lat' dir='ltr'><strong>de</strong></span> <span class='ocrx_word' id='word_1_738' title='bbox 3584 4272 3708 4325; x_wconf 84' lang='lat' dir='ltr'><strong>viti-</strong></span> 
     </span>
    </p>
   </div>
   <div class='ocr_carea' id='block_1_103' title="bbox 2131 4368 3707 4452">
    <p class='ocr_par' dir='ltr' id='par_1_103' title="bbox 2131 4368 3707 4452">
     <span class='ocr_line' id='line_1_105' title="bbox 2131 4368 3707 4452; baseline -0.012 -14"><span class='ocrx_word' id='word_1_739' title='bbox 2131 4384 2299 4452; x_wconf 87' lang='lat' dir='ltr'><strong>ligine</strong></span> <span class='ocrx_word' id='word_1_740' title='bbox 2332 4379 2524 4442; x_wconf 79' lang='lat' dir='ltr'><strong>refert,</strong></span> <span class='ocrx_word' id='word_1_741' title='bbox 2569 4375 2821 4432; x_wconf 89' lang='lat' dir='ltr'><strong>nonnulli</strong></span> <span class='ocrx_word' id='word_1_742' title='bbox 2853 4374 3020 4428; x_wconf 89' lang='lat' dir='ltr'><strong>etiam</strong></span> <span class='ocrx_word' id='word_1_743' title='bbox 3064 4370 3156 4424; x_wconf 87' lang='lat' dir='ltr'><strong>alii</strong></span> <span class='ocrx_word' id='word_1_744' title='bbox 3201 4368 3443 4441; x_wconf 85' lang='lat' dir='ltr'><strong>gentium</strong></span> <span class='ocrx_word' id='word_1_745' title='bbox 3476 4368 3707 4435; x_wconf 79' lang='lat' dir='ltr'><strong>scripto-</strong></span> 
     </span>
    </p>
   </div>
   <div class='ocr_carea' id='block_1_104' title="bbox 2129 4458 3705 4538">
    <p class='ocr_par' dir='ltr' id='par_1_104' title="bbox 2129 4458 3705 4538">
     <span class='ocr_line' id='line_1_106' title="bbox 2129 4458 3705 4538; baseline -0.011 -9"><span class='ocrx_word' id='word_1_746' title='bbox 2129 4489 2242 4530; x_wconf 89' lang='lat' dir='ltr'><strong>res.</strong></span> <span class='ocrx_word' id='word_1_747' title='bbox 2265 4471 2592 4526; x_wconf 68' lang='lat' dir='ltr'><strong>Ptolemaeus</strong></span> <span class='ocrx_word' id='word_1_748' title='bbox 2629 4467 2959 4538; x_wconf 86' lang='lat' dir='ltr'><strong>Hephaestio,</strong></span> <span class='ocrx_word' id='word_1_749' title='bbox 3002 4464 3098 4519; x_wconf 85' lang='lat' dir='ltr'><strong>lib.</strong></span> <span class='ocrx_word' id='word_1_750' title='bbox 3123 4479 3156 4517; x_wconf 90' lang='lat' dir='ltr'><strong>v</strong></span> <span class='ocrx_word' id='word_1_751' title='bbox 3183 4464 3251 4518; x_wconf 87' lang='lat' dir='ltr'><strong>de</strong></span> <span class='ocrx_word' id='word_1_752' title='bbox 3281 4475 3420 4515; x_wconf 79' lang='lat' dir='ltr'><strong>nova</strong></span> <span class='ocrx_word' id='word_1_753' title='bbox 3451 4458 3705 4523; x_wconf 83' lang='lat' dir='ltr'><strong>historia,</strong></span> 
     </span>
    </p>
   </div>
   <div class='ocr_carea' id='block_1_105' title="bbox 2063 4543 3711 4637">
    <p class='ocr_par' dir='ltr' id='par_1_105' title="bbox 2063 4543 3711 4637">
     <span class='ocr_line' id='line_1_107' title="bbox 2063 4543 3711 4637; baseline -0.012 -17"><span class='ocrx_word' id='word_1_754' title='bbox 2063 4581 2106 4637; x_wconf 67' lang='grc' dir='ltr'><strong>υ</strong></span> <span class='ocrx_word' id='word_1_755' title='bbox 2134 4565 2276 4636; x_wconf 80' lang='lat' dir='ltr'><strong>apud</strong></span> <span class='ocrx_word' id='word_1_756' title='bbox 2306 4562 2558 4617; x_wconf 89' lang='lat' dir='ltr'><strong>Photium</strong></span> <span class='ocrx_word' id='word_1_757' title='bbox 2593 4560 2648 4614; x_wconf 89' lang='lat' dir='ltr'><strong>in</strong></span> <span class='ocrx_word' id='word_1_758' title='bbox 2687 4557 3056 4613; x_wconf 86' lang='lat' dir='ltr'><strong>Bibliotheca:</strong></span> <span class='ocrx_word' id='word_1_759' title='bbox 3091 4555 3214 4608; x_wconf 88' lang='grc' dir='ltr'><strong>Ὅτι</strong></span> <span class='ocrx_word' id='word_1_760' title='bbox 3255 4550 3508 4623; x_wconf 81' lang='grc' dir='ltr'>φλυαρῶν</span> <span class='ocrx_word' id='word_1_761' title='bbox 3558 4543 3711 4612; x_wconf 75' lang='grc' dir='ltr'>οὗτος</span> 
     </span>
    </p>
   </div>
   <div class='ocr_carea' id='block_1_106' title="bbox 2134 4643 3711 4729">
    <p class='ocr_par' dir='ltr' id='par_1_106' title="bbox 2134 4643 3711 4729">
     <span class='ocr_line' id='line_1_108' title="bbox 2134 4643 3711 4729; baseline -0.013 -17"><span class='ocrx_word' id='word_1_762' title='bbox 2134 4661 2164 4713; x_wconf 84' lang='grc' dir='ltr'>ὀ</span> <span class='ocrx_word' id='word_1_763' title='bbox 2196 4655 2541 4729; x_wconf 78' lang='grc' dir='ltr'>μυθογράφος</span> <span class='ocrx_word' id='word_1_764' title='bbox 2565 4653 2790 4723; x_wconf 81' lang='grc' dir='ltr'>Μωσῆς,</span> <span class='ocrx_word' id='word_1_765' title='bbox 2826 4648 3009 4719; x_wconf 80' lang='grc' dir='ltr'>φησὶν,</span> <span class='ocrx_word' id='word_1_766' title='bbox 3044 4649 3074 4700; x_wconf 83' lang='grc' dir='ltr'>ὁ</span> <span class='ocrx_word' id='word_1_767' title='bbox 3110 4646 3218 4700; x_wconf 85' lang='grc' dir='ltr'><strong>τῶν</strong></span> <span class='ocrx_word' id='word_1_768' title='bbox 3260 4643 3524 4715; x_wconf 85' lang='grc' dir='ltr'>Ἐϐραίων</span> <span class='ocrx_word' id='word_1_769' title='bbox 3551 4655 3711 4711; x_wconf 84' lang='grc' dir='ltr'>νομο-</span> 
     </span>
    </p>
   </div>
   <div class='ocr_carea' id='block_1_107' title="bbox 2137 4729 3709 4821">
    <p class='ocr_par' dir='ltr' id='par_1_107' title="bbox 2137 4729 3709 4821">
     <span class='ocr_line' id='line_1_109' title="bbox 2137 4729 3709 4821; baseline -0.013 -17"><span class='ocrx_word' id='word_1_770' title='bbox 2137 4750 2298 4821; x_wconf 82' lang='grc' dir='ltr'>Θέτης</span> <span class='ocrx_word' id='word_1_771' title='bbox 2326 4747 2506 4816; x_wconf 65' lang='grc' dir='ltr'>Ἄλφα</span> <span class='ocrx_word' id='word_1_772' title='bbox 2553 4743 2800 4798; x_wconf 79' lang='grc' dir='ltr'>ἐκαλεῖτο</span> <span class='ocrx_word' id='word_1_773' title='bbox 2844 4740 2933 4794; x_wconf 86' lang='grc' dir='ltr'>διὰ</span> <span class='ocrx_word' id='word_1_774' title='bbox 2979 4740 3042 4793; x_wconf 81' lang='grc' dir='ltr'><strong>τὸ</strong></span> <span class='ocrx_word' id='word_1_775' title='bbox 3070 4739 3272 4809; x_wconf 82' lang='grc' dir='ltr'>ἀλφοὺς</span> <span class='ocrx_word' id='word_1_776' title='bbox 3305 4737 3448 4807; x_wconf 79' lang='grc' dir='ltr'>ἔχειν</span> <span class='ocrx_word' id='word_1_777' title='bbox 3496 4733 3589 4786; x_wconf 70' lang='grc' dir='ltr'>ἐπὶ</span> <span class='ocrx_word' id='word_1_778' title='bbox 3616 4729 3709 4785; x_wconf 77' lang='grc' dir='ltr'>τοῦ</span> 
     </span>
    </p>
   </div>
   <div class='ocr_carea' id='block_1_108' title="bbox 2139 4825 3713 4912">
    <p class='ocr_par' dir='ltr' id='par_1_108' title="bbox 2139 4825 3713 4912">
     <span class='ocr_line' id='line_1_110' title="bbox 2139 4825 3713 4912; baseline -0.013 -17"><span class='ocrx_word' id='word_1_779' title='bbox 2139 4840 2423 4912; x_wconf 82' lang='grc' dir='ltr'>σώματος·</span> <span class='ocrx_word' id='word_1_780' title='bbox 2458 4844 2513 4893; x_wconf 88' lang='lat' dir='ltr'><strong>et</strong></span> <span class='ocrx_word' id='word_1_781' title='bbox 2554 4835 2833 4891; x_wconf 87' lang='lat' dir='ltr'><strong>Helladius</strong></span> <span class='ocrx_word' id='word_1_782' title='bbox 2879 4832 3240 4888; x_wconf 87' lang='lat' dir='ltr'><strong>Besantinous</strong></span> <span class='ocrx_word' id='word_1_783' title='bbox 3277 4829 3333 4882; x_wconf 91' lang='lat' dir='ltr'><strong>in</strong></span> <span class='ocrx_word' id='word_1_784' title='bbox 3375 4825 3713 4883; x_wconf 84' lang='lat' dir='ltr'><strong>Chrestoma-</strong></span> 
     </span>
    </p>
   </div>
   <div class='ocr_carea' id='block_1_109' title="bbox 2139 4912 3712 5001">
    <p class='ocr_par' dir='ltr' id='par_1_109' title="bbox 2139 4912 3712 5001">
     <span class='ocr_line' id='line_1_111' title="bbox 2139 4912 3712 5001; baseline -0.013 -12"><span class='ocrx_word' id='word_1_785' title='bbox 2139 4935 2249 4989; x_wconf 85' lang='lat' dir='ltr'><strong>thia</strong></span> <span class='ocrx_word' id='word_1_786' title='bbox 2272 4951 2290 4989; x_wconf 88' lang='lat'><strong><em>:</em></strong></span> <span class='ocrx_word' id='word_1_787' title='bbox 2314 4933 2437 4985; x_wconf 89' lang='grc' dir='ltr'>Ὅτι</span> <span class='ocrx_word' id='word_1_788' title='bbox 2467 4930 2694 5001; x_wconf 83' lang='grc' dir='ltr'>φλυαρεῖ</span> <span class='ocrx_word' id='word_1_789' title='bbox 2715 4927 2810 4982; x_wconf 72' lang='grc' dir='ltr'><strong>καὶ</strong></span> <span class='ocrx_word' id='word_1_790' title='bbox 2841 4919 2994 4989; x_wconf 69' lang='grc' dir='ltr'>οὗτος</span> <span class='ocrx_word' id='word_1_791' title='bbox 3031 4924 3123 4977; x_wconf 75' lang='grc' dir='ltr'><strong>τὸν</strong></span> <span class='ocrx_word' id='word_1_792' title='bbox 3165 4912 3369 4991; x_wconf 79' lang='grc' dir='ltr'>Μωσῆν</span> <span class='ocrx_word' id='word_1_793' title='bbox 3404 4916 3584 4986; x_wconf 76' lang='grc' dir='ltr'>Ἄλφα</span> <span class='ocrx_word' id='word_1_794' title='bbox 3610 4931 3712 4971; x_wconf 86' lang='grc' dir='ltr'>κα-</span> 
     </span>
    </p>
   </div>
   <div class='ocr_carea' id='block_1_110' title="bbox 2136 5007 3711 5093">
    <p class='ocr_par' dir='ltr' id='par_1_110' title="bbox 2136 5007 3711 5093">
     <span class='ocr_line' id='line_1_112' title="bbox 2136 5007 3711 5093; baseline -0.013 -12"><span class='ocrx_word' id='word_1_795' title='bbox 2136 5027 2367 5092; x_wconf 77' lang='grc' dir='ltr'>λεῖσθαι,</span> <span class='ocrx_word' id='word_1_796' title='bbox 2400 5025 2531 5080; x_wconf 87' lang='grc' dir='ltr'>διότι</span> <span class='ocrx_word' id='word_1_797' title='bbox 2554 5023 2742 5093; x_wconf 83' lang='grc' dir='ltr'>ἀλφοῖς</span> <span class='ocrx_word' id='word_1_798' title='bbox 2769 5020 2830 5074; x_wconf 82' lang='grc' dir='ltr'><strong>τὸ</strong></span> <span class='ocrx_word' id='word_1_799' title='bbox 2860 5019 3019 5091; x_wconf 85' lang='grc' dir='ltr'>σῶμα</span> <span class='ocrx_word' id='word_1_800' title='bbox 3048 5016 3405 5077; x_wconf 79' lang='grc' dir='ltr'>κατάστικτος</span> <span class='ocrx_word' id='word_1_801' title='bbox 3430 5008 3498 5083; x_wconf 81' lang='grc' dir='ltr'>ἦν</span> <span class='ocrx_word' id='word_1_802' title='bbox 3517 5026 3532 5041; x_wconf 71' lang='grc'>⁸</span> <span class='ocrx_word' id='word_1_803' title='bbox 3558 5016 3614 5064; x_wconf 81' lang='lat' dir='ltr'><strong>et</strong></span> <span class='ocrx_word' id='word_1_804' title='bbox 3641 5007 3711 5062; x_wconf 85' lang='lat' dir='ltr'><strong>ad</strong></span> 
     </span>
    </p>
   </div>
   <div class='ocr_carea' id='block_1_111' title="bbox 2138 5106 3711 5177">
    <p class='ocr_par' dir='ltr' id='par_1_111' title="bbox 2138 5106 3711 5177">
     <span class='ocr_line' id='line_1_113' title="bbox 2138 5106 3711 5177; baseline -0.013 0"><span class='ocrx_word' id='word_1_805' title='bbox 2138 5123 2343 5177; x_wconf 87' lang='lat' dir='ltr'><strong>dictum</strong></span> <span class='ocrx_word' id='word_1_806' title='bbox 2380 5135 2541 5176; x_wconf 89' lang='lat' dir='ltr'><strong>suum</strong></span> <span class='ocrx_word' id='word_1_807' title='bbox 2578 5117 2859 5172; x_wconf 86' lang='lat' dir='ltr'><strong>Philonem</strong></span> <span class='ocrx_word' id='word_1_808' title='bbox 2887 5121 3083 5169; x_wconf 85' lang='lat' dir='ltr'><strong>testem</strong></span> <span class='ocrx_word' id='word_1_809' title='bbox 3139 5111 3380 5166; x_wconf 90' lang='lat' dir='ltr'><strong>adhibet.</strong></span> <span class='ocrx_word' id='word_1_810' title='bbox 3424 5106 3580 5174; x_wconf 81' lang='lat' dir='ltr'><strong>Quod</strong></span> <span class='ocrx_word' id='word_1_811' title='bbox 3626 5115 3711 5158; x_wconf 83' lang='lat' dir='ltr'><strong>ta-</strong></span> 
     </span>
    </p>
   </div>
   <div class='ocr_carea' id='block_1_112' title="bbox 2137 5198 3710 5286">
    <p class='ocr_par' dir='ltr' id='par_1_112' title="bbox 2137 5198 3710 5286">
     <span class='ocr_line' id='line_1_114' title="bbox 2137 5198 3710 5286; baseline -0.013 -15"><span class='ocrx_word' id='word_1_812' title='bbox 2137 5231 2263 5271; x_wconf 88' lang='lat' dir='ltr'><strong>men</strong></span> <span class='ocrx_word' id='word_1_813' title='bbox 2292 5213 2436 5286; x_wconf 91' lang='lat' dir='ltr'><strong>apud</strong></span> <span class='ocrx_word' id='word_1_814' title='bbox 2461 5212 2743 5270; x_wconf 89' lang='lat' dir='ltr'><strong>Philonem</strong></span> <span class='ocrx_word' id='word_1_815' title='bbox 2766 5225 2944 5282; x_wconf 83' lang='lat' dir='ltr'><strong>neque</strong></span> <span class='ocrx_word' id='word_1_816' title='bbox 2976 5209 3031 5263; x_wconf 92' lang='lat' dir='ltr'><strong>in</strong></span> <span class='ocrx_word' id='word_1_817' title='bbox 3056 5207 3234 5261; x_wconf 86' lang='lat' dir='ltr'><strong>tribus</strong></span> <span class='ocrx_word' id='word_1_818' title='bbox 3265 5205 3342 5258; x_wconf 87' lang='lat' dir='ltr'><strong>De</strong></span> <span class='ocrx_word' id='word_1_819' title='bbox 3372 5204 3481 5256; x_wconf 71' lang='lat' dir='ltr'><strong>vita</strong></span> <span class='ocrx_word' id='word_1_820' title='bbox 3510 5198 3710 5265; x_wconf 79' lang='lat' dir='ltr'><strong>Moysis</strong></span> 
     </span>
    </p>
   </div>
   <div class='ocr_carea' id='block_1_113' title="bbox 2138 5290 3712 5377">
    <p class='ocr_par' dir='ltr' id='par_1_113' title="bbox 2138 5290 3712 5377">
     <span class='ocr_line' id='line_1_115' title="bbox 2138 5290 3712 5377; baseline -0.011 -15"><span class='ocrx_word' id='word_1_821' title='bbox 2138 5308 2314 5371; x_wconf 89' lang='lat' dir='ltr'><strong>libris,</strong></span> <span class='ocrx_word' id='word_1_822' title='bbox 2342 5322 2522 5377; x_wconf 84' lang='lat' dir='ltr'><strong>neque</strong></span> <span class='ocrx_word' id='word_1_823' title='bbox 2549 5305 2676 5360; x_wconf 88' lang='lat' dir='ltr'><strong>alibi</strong></span> <span class='ocrx_word' id='word_1_824' title='bbox 2709 5304 2813 5371; x_wconf 75' lang='lat' dir='ltr'><strong>legi</strong></span> <span class='ocrx_word' id='word_1_825' title='bbox 2843 5301 3155 5359; x_wconf 79' lang='lat' dir='ltr'><strong>observavit</strong></span> <span class='ocrx_word' id='word_1_826' title='bbox 3178 5297 3348 5351; x_wconf 88' lang='lat' dir='ltr'><strong>David</strong></span> <span class='ocrx_word' id='word_1_827' title='bbox 3392 5290 3712 5348; x_wconf 79' lang='lat' dir='ltr'><strong>Heschelius</strong></span> 
     </span>
    </p>
   </div>
   <div class='ocr_carea' id='block_1_114' title="bbox 2140 5382 3709 5453">
    <p class='ocr_par' dir='ltr' id='par_1_114' title="bbox 2140 5382 3709 5453">
     <span class='ocr_line' id='line_1_116' title="bbox 2140 5382 3709 5453; baseline -0.014 1"><span class='ocrx_word' id='word_1_828' title='bbox 2140 5397 2601 5453; x_wconf 79' lang='lat' dir='ltr'><strong>Adnotationibus</strong></span> <span class='ocrx_word' id='word_1_829' title='bbox 2624 5396 2680 5448; x_wconf 87' lang='lat' dir='ltr'><strong>in</strong></span> <span class='ocrx_word' id='word_1_830' title='bbox 2700 5393 2970 5448; x_wconf 88' lang='lat' dir='ltr'><strong>Photium.</strong></span> <span class='ocrx_word' id='word_1_831' title='bbox 3004 5389 3109 5444; x_wconf 89' lang='lat' dir='ltr'><strong>Sed</strong></span> <span class='ocrx_word' id='word_1_832' title='bbox 3134 5386 3359 5441; x_wconf 89' lang='lat' dir='ltr'><strong>minime</strong></span> <span class='ocrx_word' id='word_1_833' title='bbox 3381 5382 3709 5445; x_wconf 88' lang='lat' dir='ltr'><strong>dubitarem,</strong></span> 
     </span>
    </p>
   </div>
   <div class='ocr_carea' id='block_1_115' title="bbox 2141 5473 3713 5547">
    <p class='ocr_par' dir='ltr' id='par_1_115' title="bbox 2141 5473 3713 5547">
     <span class='ocr_line' id='line_1_117' title="bbox 2141 5473 3713 5547; baseline -0.015 0"><span class='ocrx_word' id='word_1_834' title='bbox 2141 5490 2447 5547; x_wconf 85' lang='lat' dir='ltr'><strong>Helladium</strong></span> <span class='ocrx_word' id='word_1_835' title='bbox 2501 5489 2664 5544; x_wconf 88' lang='lat' dir='ltr'><strong>alium</strong></span> <span class='ocrx_word' id='word_1_836' title='bbox 2708 5502 2737 5540; x_wconf 91' lang='lat' dir='ltr'><strong>a</strong></span> <span class='ocrx_word' id='word_1_837' title='bbox 2791 5484 3018 5540; x_wconf 82' lang='lat' dir='ltr'><strong>Philone</strong></span> <span class='ocrx_word' id='word_1_838' title='bbox 3063 5481 3251 5536; x_wconf 64' lang='lat' dir='ltr'><strong>Iudico</strong></span> <span class='ocrx_word' id='word_1_839' title='bbox 3296 5476 3455 5546; x_wconf 85' lang='lat' dir='ltr'><strong>cujus</strong></span> <span class='ocrx_word' id='word_1_840' title='bbox 3510 5473 3713 5543; x_wconf 84' lang='lat' dir='ltr'><strong>scripta</strong></span> 
     </span>
    </p>
   </div>
   <div class='ocr_carea' id='block_1_116' title="bbox 2142 5568 3710 5642">
    <p class='ocr_par' dir='ltr' id='par_1_116' title="bbox 2142 5568 3710 5642">
     <span class='ocr_line' id='line_1_118' title="bbox 2142 5568 3710 5642; baseline -0.015 -5"><span class='ocrx_word' id='word_1_841' title='bbox 2142 5581 2322 5637; x_wconf 87' lang='lat' dir='ltr'><strong>adhuc</strong></span> <span class='ocrx_word' id='word_1_842' title='bbox 2342 5586 2583 5642; x_wconf 82' lang='lat' dir='ltr'><strong>exstant,</strong></span> <span class='ocrx_word' id='word_1_843' title='bbox 2613 5585 2806 5633; x_wconf 85' lang='lat' dir='ltr'><strong>testem</strong></span> <span class='ocrx_word' id='word_1_844' title='bbox 2836 5573 3191 5639; x_wconf 79' lang='lat' dir='ltr'><strong>adhibuisse;</strong></span> <span class='ocrx_word' id='word_1_845' title='bbox 3216 5577 3271 5626; x_wconf 89' lang='lat' dir='ltr'><strong>et</strong></span> <span class='ocrx_word' id='word_1_846' title='bbox 3297 5568 3533 5624; x_wconf 81' lang='lat' dir='ltr'><strong>fortasse</strong></span> <span class='ocrx_word' id='word_1_847' title='bbox 3563 5576 3710 5624; x_wconf 90' lang='lat' dir='ltr'><strong>eum,</strong></span> 
     </span>
    </p>
   </div>
   <div class='ocr_carea' id='block_1_117' title="bbox 2142 5658 3711 5745">
    <p class='ocr_par' dir='ltr' id='par_1_117' title="bbox 2142 5658 3711 5745">
     <span class='ocr_line' id='line_1_119' title="bbox 2142 5658 3711 5745; baseline -0.015 -16"><span class='ocrx_word' id='word_1_848' title='bbox 2142 5674 2235 5745; x_wconf 87' lang='lat' dir='ltr'><strong>qui</strong></span> <span class='ocrx_word' id='word_1_849' title='bbox 2259 5673 2327 5728; x_wconf 90' lang='lat' dir='ltr'><strong>de</strong></span> <span class='ocrx_word' id='word_1_850' title='bbox 2357 5669 2732 5740; x_wconf 82' lang='lat' dir='ltr'><strong>Hierosolyma</strong></span> <span class='ocrx_word' id='word_1_851' title='bbox 2764 5666 3008 5723; x_wconf 86' lang='lat' dir='ltr'><strong>carmine</strong></span> <span class='ocrx_word' id='word_1_852' title='bbox 3030 5663 3248 5719; x_wconf 84' lang='lat' dir='ltr'><strong>heroico</strong></span> <span class='ocrx_word' id='word_1_853' title='bbox 3283 5658 3529 5727; x_wconf 85' lang='lat' dir='ltr'><strong>scripsit,</strong></span> <span class='ocrx_word' id='word_1_854' title='bbox 3547 5664 3711 5725; x_wconf 88' lang='lat' dir='ltr'><strong>quem</strong></span> 
     </span>
    </p>
   </div>
   <div class='ocr_carea' id='block_1_118' title="bbox 2144 5745 3722 5829">
    <p class='ocr_par' dir='ltr' id='par_1_118' title="bbox 2144 5745 3722 5829">
     <span class='ocr_line' id='line_1_120' title="bbox 2144 5745 3722 5829; baseline -0.015 -10"><span class='ocrx_word' id='word_1_855' title='bbox 2144 5764 2271 5819; x_wconf 88' lang='lat' dir='ltr'><strong>item</strong></span> <span class='ocrx_word' id='word_1_856' title='bbox 2327 5761 2513 5817; x_wconf 89' lang='lat' dir='ltr'><strong>laudat</strong></span> <span class='ocrx_word' id='word_1_857' title='bbox 2543 5756 2856 5814; x_wconf 77' lang='lat' dir='ltr'><strong>Alexander</strong></span> <span class='ocrx_word' id='word_1_858' title='bbox 2893 5754 3201 5829; x_wconf 78' lang='lat' dir='ltr'><strong>Polyhistor</strong></span> <span class='ocrx_word' id='word_1_859' title='bbox 3223 5750 3365 5824; x_wconf 88' lang='lat' dir='ltr'><strong>apud</strong></span> <span class='ocrx_word' id='word_1_860' title='bbox 3394 5745 3722 5810; x_wconf 72' lang='lat' dir='ltr'><strong>Eusebium,</strong></span> 
     </span>
    </p>
   </div>
   <div class='ocr_carea' id='block_1_119' title="bbox 2144 5837 3721 5927">
    <p class='ocr_par' dir='ltr' id='par_1_119' title="bbox 2144 5837 3721 5927">
     <span class='ocr_line' id='line_1_121' title="bbox 2144 5837 3721 5927; baseline -0.016 -12"><span class='ocrx_word' id='word_1_861' title='bbox 2144 5857 2223 5915; x_wconf 86' lang='lat' dir='ltr'><strong>De</strong></span> <span class='ocrx_word' id='word_1_862' title='bbox 2250 5854 2639 5927; x_wconf 78' lang='lat' dir='ltr'><strong>pra&#39;paratione</strong></span> <span class='ocrx_word' id='word_1_863' title='bbox 2661 5851 2757 5909; x_wconf 90' lang='lat' dir='ltr'><strong>lib.</strong></span> <span class='ocrx_word' id='word_1_864' title='bbox 2787 5866 2863 5917; x_wconf 78' lang='lat' dir='ltr'><strong>Ix,</strong></span> <span class='ocrx_word' id='word_1_865' title='bbox 2879 5849 2958 5906; x_wconf 77' lang='lat' dir='ltr'><strong>vel</strong></span> <span class='ocrx_word' id='word_1_866' title='bbox 2975 5845 3446 5905; x_wconf 42' lang='lat' dir='ltr'><strong>etiamJPhilonem</strong></span> <span class='ocrx_word' id='word_1_867' title='bbox 3457 5837 3721 5895; x_wconf 77' lang='lat' dir='ltr'><strong>biblicum</strong></span> 
     </span>
    </p>
   </div>
  </div>
