4064 6290
338 405 358 457 1
371 400 473 456 οιθ

1317 399 1383 452 ΙΝ
1418 397 1789 454 EUSTATHII
1823 397 2299 460 HEXAEMERON
2332 404 2558 464 NOTAE.

3431 408 3571 464 1050

337 523 684 588 historicum,
713 519 860 592 quod
895 521 1249 577 verisimilius
1282 523 1442 578 duco.
1483 521 1586 578 Sed
1619 523 1881 592 gentiliun

2006 523 2063 578 δὲ
2110 528 2447 599 στρατηγοὺς
2480 530 2606 592 τοὺς
2657 529 3187 600 προκαθεδουμένους
3232 530 3332 600 τῆς
3366 530 3568 601 χώρας,

337 616 722 670 historicorum
755 612 986 680 fabulas,
1010 623 1063 669 et
1088 625 1414 683 nugamenta
1436 629 1590 670 sacra
1621 613 1900 684 Scriptura

339 708 553 772 refellit,
592 708 778 777 reique
805 709 1089 763 veritatem
1121 707 1314 776 aperit.

389 799 635 864 Col.780,
658 799 750 852 lin.
770 797 838 852 44
853 798 959 852 Kal
976 797 1469 867 πολλάς-,Μοῖραι
1488 813 1775 852 mammam
1795 813 1899 852 non

336 901 637 956 externam,
670 890 764 946 sed
797 890 1048 961 gentilem
1094 890 1380 946 admisisse
1400 891 1589 945 scribit
1607 890 1898 960 Josephus,

337 985 430 1039 lib.
466 1000 504 1038 ιι
539 984 950 1054 Antiquitatum,
995 999 1114 1052 cap.
1159 984 1210 1045 5,
1259 1000 1367 1037 non
1416 983 1701 1038 dissimilia
1742 984 1900 1040 habet

333 1076 678 1140 Ezechiclus,
718 1074 894 1137 Philo,
927 1073 1174 1129 Clemens
1201 1073 1620 1128 Alexandrinus.

404 1167 564 1232 lbid.,
591 1167 690 1222 lin.
737 1167 825 1221 5|.
872 1164 1286 1235 Ἀνδρωθέντα.
1332 1165 1407 1221 De
1447 1167 1666 1221 nomine
1701 1165 1899 1236 Moysis

334 1260 620 1330 primaque
662 1259 782 1328 ejus
823 1259 1006 1312 radice
1050 1258 1122 1311 ita
1175 1259 1426 1314 Clemens
1457 1248 1894 1312 Alexandrinus:

333 1347 468 1406 Εἶτα
500 1351 705 1404 τίθεται
753 1349 829 1421 τῷ
875 1349 1070 1420 παιδίῳ
1113 1351 1282 1420 ὄνομα
1323 1351 1356 1421 ἡ
1405 1349 1611 1419 βασιλὶς
1661 1351 1898 1421 Μωῦσῆν

333 1443 570 1515 ἐτύμως,
608 1443 694 1498 διά
738 1443 798 1496 τὸ
838 1442 898 1507 ἐξ
943 1442 1130 1506 ὓδατος
1169 1442 1448 1496 ἀνελέσθαι
1481 1442 1630 1496 αὑτό.
1667 1444 1740 1496 Τὸ
1790 1443 1898 1515 γὰρ

333 1536 478 1608 ὕδωρ
515 1537 632 1606 μῶῦ
669 1535 1022 1606 ὀνομάζουσιν
1073 1534 1378 1603 Αἰγύπτιοι,
1431 1536 1511 1598 είς
1543 1535 1572 1588 δ
1601 1535 1898 1589 ὲκτέθειται

329 1628 737 1699 τεθνηξόμενος.
756 1627 863 1682 Καὶ
883 1629 990 1700 γάρ
1014 1646 1094 1681 τοι
1121 1628 1357 1696 Μωῡσῆν
1379 1627 1467 1679 τὸν
1487 1627 1898 1684 άποπνεύσαντα

328 1719 406 1792 τῷ
436 1719 587 1774 ὕδατι
627 1718 1136 1792 προσαγορεύουσιν.
1168 1719 1513 1775 Ezechielus:

471 1837 691 1905 ’Ὀνομα
716 1835 784 1887 δὲ
810 1833 1032 1902 Μωσῆν
1056 1832 1331 1903 (ἶινόμαζε.
1355 1833 1460 1886 τοῦ
1483 1833 1655 1903 χάριν

481 1907 493 1924 ’
506 1909 551 1960 Υ
550 1905 692 1974 γρᾶς
716 1905 956 1959 ἀνεῖλεν
973 1907 1262 1974 ποταμίας
1281 1905 1381 1958 ἀπ’
1410 1905 1612 1972 ᾐόνος.

322 1994 480 2050 Philo
516 1995 592 2049 De
623 1996 729 2050 vita
761 1994 962 2065 Moysi:
999 2012 1016 2049 :
1055 1991 1184 2049 Εἶτα
1231 1996 1442 2049 δίδωσιν
1491 1996 1659 2065 ὄνομα
1691 1994 1892 2064 θεμένη

321 2087 527 2158 Μωσῆν
575 2086 810 2158 ἐτύμως,
837 2087 926 2140 διά
953 2086 1016 2140 τὸ
1054 2088 1118 2140 ὲκ
1145 2086 1238 2139 τοῦ
1283 2087 1470 2150 ὓδατος
1500 2086 1660 2139 αὑτὸν
1707 2085 1890 2138 ἀνελέ-

325 2175 467 2230 σθαι.
501 2176 573 2229 Τὸ
609 2177 718 2248 γὰρ
750 2176 892 2246 ὕδωρ
933 2176 1048 2246 μῶς
1087 2175 1438 2247 ὀνομάζουσιν
1464 2176 1767 2243 Αἰγύπτιοι.
1799 2175 1892 2229 Jo-

317 2268 544 2338 sephus,
595 2269 858 2338 Antiquit.
907 2268 1002 2322 lib.
1036 2283 1048 2320 l
1079 2285 1093 2321 :
1125 2268 1236 2320 Καὶ
1282 2266 1428 2336 αὑτῷ
1472 2266 1568 2337 τὴν
1607 2267 1889 2338 ἐπίκλησιν

317 2359 522 2431 ταύτην
565 2359 705 2414 κατά
746 2360 806 2413 τὸ
841 2359 1183 2430 συμϐεϐηκὸς
1222 2358 1372 2412 ἔθετο
1408 2361 1487 2421 εἰς
1515 2359 1605 2411 τὸν
1648 2359 1888 2428 ποταμὸν

318 2450 628 2520 ἐμπεσόντι.
656 2449 729 2502 Τὸ
752 2449 860 2521 γὰρ
889 2449 1031 2521 ὕδωρ
1051 2448 1150 2520 ,μῶ
1164 2447 1448 2518 Αἰγύπτιοι
1486 2447 1727 2511 καλοῦσι,
1753 2448 1888 2520 ὑσης

317 2541 376 2594 δὲ
410 2542 532 2604 τοὺς
565 2539 624 2604 ἐξ
649 2540 838 2604 ὕδατος
866 2541 1156 2604 σωθέντας.
1187 2540 1477 2604 Συνθέντες
1497 2536 1589 2594 οὖν
1616 2538 1674 2604 ἐξ
1711 2543 1887 2610 ἀμφο-

317 2631 491 2703 τέρων
513 2631 612 2702 τὴν
651 2631 1016 2704 προσηγορίαν
1047 2631 1195 2702 αὑτῷ
1230 2630 1433 2702 ταύτην
1461 2630 1718 2684 τίθενται.
1752 2630 1884 2686 Pro-

318 2724 533 2792 copius,
563 2721 846 2784 Rabanus,
867 2731 921 2777 et
950 2722 1041 2775 alii
1068 2721 1308 2776 eamdem
1336 2721 1498 2791 hujus
1527 2721 1763 2776 nominis
1783 2722 1878 2775 im-

320 2815 607 2884 positionis
654 2815 922 2868 rationem
983 2815 1226 2870 tradunt.
1269 2812 1554 2868 Cornelius
1607 2829 1636 2867 a
1683 2813 1884 2884 Lapide

319 2921 515 2962 nomen
552 2907 604 2959 id
637 2921 747 2960 non
783 2920 903 2960 esse
939 2903 1272 2976 Egyptium,
1307 2905 1401 2960 sed
1433 2903 1714 2959 llebrazum
1737 2905 1880 2958 affir-

319 3006 451 3062 mat,
505 2999 774 3065 aliamque
807 2996 1042 3052 nominis
1073 3011 1293 3052 causam
1339 2996 1514 3059 aﬂ‘ert,
1545 3013 1610 3052 ex
1655 2996 1877 3052 Hebraea

319 3105 598 3146 nominum
636 3090 841 3145 radice.

387 3182 547 3247 lbid.,
593 3181 690 3234 lin.
745 3181 834 3273 55.
904 3181 1196 3273 ’E_'xd.10vr
1250 3181 1334 3237 δέ.
1389 3181 1573 3273 ~Aliter
1625 3182 1874 3273 Clemens
1910 3214 1952 3273 ο

311 3271 732 3334 Alexandrinus,
751 3272 844 3326 lib.
878 3286 893 3325 l
918 3271 1113 3326 Strom.
1133 3273 1328 3342 εΔῆλον
1356 3268 1466 3338 οὖν,
1496 3275 1571 3336 ὡς
1597 3275 1654 3326 ὲν
1687 3272 1762 3337 τῷ
1785 3273 1883 3344 ἔμ-

312 3363 542 3434 προσθεν
559 3364 732 3436 χρόνῳ
747 3363 1133 3435 περιτμηθέντι
1144 3365 1221 3433 τῷ
1238 3364 1428 3433 παιδίῳ
1451 3367 1499 3417 οί
1515 3367 1689 3432 γονεῖς
1704 3363 1884 3418 ἔθεντο

307 3456 486 3526 ϐνομά
508 3473 558 3509 τι
583 3473 596 3488 ·
622 3456 863 3509 ἐκαλεῖτο
890 3455 946 3508 δὲ
991 3456 1262 3526 Ἰωακείμ.
1291 3457 1457 3525 Ἔσχε
1494 3456 1550 3507 δὲ
1581 3457 1674 3508 καὶ
1701 3454 1880 3526 τρίτον

304 3548 478 3616 ὄνομα
500 3549 557 3600 ἐν
581 3546 792 3618 ούρανῷ
828 3546 964 3617 μετά
994 3545 1094 3618 τὴν
1125 3545 1410 3614 ἀνάληψιν,
1427 3545 1500 3608 ῶς
1521 3563 1682 3615 φασιν
1700 3549 1747 3598 οί
1776 3545 1879 3617 μύ-

306 3653 453 3700 σται,
484 3637 705 3707 Μελχίς.

379 3729 539 3792 lbid.,
567 3730 662 3782 lin.
687 3728 776 3784 56.
807 3725 927 3782 ἾΙν
942 3728 1011 3781 δὲ
1029 3728 1288 3796 ἀστεῖος.
1322 3727 1510 3782 Philo:
1547 3730 1752 3800 Εὑγενῆ
1789 3733 1880 3784 καὶ

239 3859 242 3862 ι
304 3822 523 3875 ἀστεῖον
554 3818 802 3888 ὀφθῆναι.
835 3819 1175 3889 Τελειότερον
1211 3819 1265 3871 δὲ
1297 3818 1396 3887 τῆς
1428 3818 1638 3888 ἡλικίας
1679 3818 1877 3886 ἰδοῦσα,

304 3913 420 3968 κάκ
469 3911 568 3982 τῆς
615 3910 788 3979 ὅψεως
840 3909 918 3963 ἔτι
972 3912 1168 3981 μᾶλλον
1209 3912 1240 3982 ἢ
1289 3910 1552 3982 πρότερον
1606 3910 1876 3975 σπάσασα,

302 4001 520 4062 εὐνοίας
551 4001 665 4055 υἱὸν
692 4005 944 4066 ποιεῖται,
975 4001 1044 4054 τὰ
1067 4002 1192 4073 περὶ
1219 3999 1309 4052 τὸν
1341 3999 1504 4066 ὄγκον
1527 4000 1626 4070 τῆς
1645 3998 1879 4069 γαστρὸς

302 4093 615 4163 τεχνάσασα
655 4094 936 4164 πρότερον,
983 4093 1070 4146 ἵνα
1097 4093 1337 4162 γνήσιος,
1391 4090 1529 4145 ἀλλά
1565 4089 1638 4162 μὴ
1686 4091 1880 4144 ὑποϐο-

303 4186 524 4254 λιμαῖος
571 4184 819 4256 νομισθῇ.
849 4185 1032 4238 Πάντα
1067 4185 1122 4238 δὲ
1176 4183 1520 4255 ὲξευμαρίζει
1567 4183 1700 4247 Θεὸς
1737 4182 1774 4237 ἀ
1813 4184 1878 4236 ἂν

305 4275 530 4350 θελήσῃ,
564 4278 658 4331 καὶ
688 4276 1223 4348 τὰιδυσκατόρθωτα.
1256 4275 1386 4344 Ejus
1430 4277 1789 4346 proprietates
1825 4283 1880 4330 et

304 4372 631 4426 lineamenta
666 4369 740 4422 ita
771 4371 1038 4435 expressit
1068 4370 1372 4438 Artapanus
1397 4370 1538 4439 apud
1561 4367 1873 4436 Eusebium,

303 4462 382 4517 De
397 4463 780 4531 prwparatione
803 4461 894 4515 lib.
916 4477 970 4515 ιι
991 4481 1003 4515 :
1021 4461 1298 4530 Γεγονέναι
1313 4462 1367 4515 δέ
1386 4479 1516 4534 φησι
1531 4461 1621 4516 τὸν
1645 4461 1875 4516 Μώῦσον

2002 615 2093 679 οὓς
2116 616 2178 687 δὴ
2206 617 2540 671 πλεονεκτεῖν
2570 619 2846 687 ἐπιφανῶς
2875 619 3012 672 κατά
3035 622 3131 682 τὰς
3159 619 3356 688 μάχας.
3380 619 3572 687 Λέγειν

2000 707 2055 761 δέ
2089 725 2250 779 φησιν
2295 710 2698 775 Ἦλιουπολίτας
2725 709 2975 780 γενέσθαι
3003 711 3092 764 τὸν
3126 711 3358 782 πόλεμον
3384 713 3570 768 τοῦτον

2000 799 2092 872 ἐτη
2128 800 2277 856 δέκα.

2070 890 2231 956 lbid.,
2263 893 2360 948 lin.
2392 893 2480 949 ³55.
2513 895 2710 961 Ὅπως
2739 895 2927 949 αὐτὸν
2965 896 3321 966 στρατηγόν.
3344 895 3447 951 Per
3473 899 3570 954 ho-

1999 1000 2188 1040 norem
2222 1001 2252 1040 a
2287 1003 2345 1042 se
2381 989 2570 1056 procul
2601 989 2850 1058 ablegare
2879 1005 3039 1057 quem
3074 990 3198 1058 quis
3231 988 3568 1053 reformidat,

2000 1076 2251 1146 pluribus
2309 1079 2571 1148 exemplis
2626 1094 2815 1133 omnes
2853 1079 3100 1135 historici
3144 1080 3566 1148 confirmarunt;

1999 1183 2231 1234 quorum
2264 1185 2518 1240 magnum
2563 1186 2847 1224 numerum
2885 1171 2937 1224 in
2967 1188 3134 1225 unum
3176 1174 3449 1242 congessit
3478 1172 3569 1226 Ja-

1999 1277 2104 1316 nus
2157 1261 2419 1316 Gruterus
2461 1263 2515 1316 in
2551 1263 2787 1316 secunda
2834 1272 2982 1332 parte
3023 1265 3374 1332 prolixiorum
3415 1279 3566 1318 com-

1999 1355 2390 1408 mentariorum
2443 1356 2496 1408 in
2530 1354 2700 1409 Taciti
2745 1357 3043 1425 insigniora
3088 1357 3204 1410 loca
3254 1359 3306 1410 in
3349 1357 3478 1411 illud
3513 1357 3565 1410 in

1998 1445 2094 1500 lib.
2137 1462 2189 1498 x1
2232 1445 2560 1500 Annalium:
2591 1447 2816 1500 Amoliri
2860 1447 3100 1515 juvenem
3141 1449 3306 1516 specie
3355 1449 3566 1503 honoris

1998 1536 2208 1592 statuit.

2071 1627 2231 1693 Ibid.,
2280 1627 2376 1681 lin.
2416 1625 2504 1680 46.
2546 1627 2841 1693 Κιϐωτοὺς
2893 1627 3176 1694 πλεκτὰς.
3222 1627 3413 1682 Totum
3464 1630 3566 1686 hoc

1999 1717 2198 1790 Moysis
2225 1725 2552 1788 stratagema
2583 1719 2658 1772 ita
2691 1727 2911 1773 enarrat
2940 1718 3244 1788 Josrphus:
3282 1721 3448 1774 Ἔνθα
3469 1722 3568 1792 τῆς

1999 1811 2160 1864 αὑτοῦ
2190 1812 2454 1874 συνέσεως
2484 1811 2800 1881 θαυμαστὴν
2830 1811 3084 1878 ἐπίδειξιν
3121 1812 3429 1882 ἐποιήσατο.
3457 1813 3568 1883 Τῆς

2001 1901 2107 1970 γὰρ
2145 1902 2246 1972 γῆς
2273 1901 2508 1971 χαλεπῆς
2543 1900 2708 1970 οὔσης
2735 1902 3010 1970 ὁδευθῆναι
3038 1900 3126 1954 διὰ
3168 1903 3367 1974 πλῆθος
3407 1904 3568 1974 ἑρπεο

1999 1992 2127 2056 τῶν,
2148 1992 2582 2062 (παμφορωτάτη
2606 1993 2713 2062 γάρ
2740 1995 2906 2057 ἐστιν,
2932 1992 3006 2054 ὡς
3029 1992 3119 2046 καὶ
3138 1992 3206 2045 τὰ
3241 1994 3368 2066 παρ’
3389 1994 3564 2058 ἄλλοις

1997 2082 2196 2135 τούτων
2219 2084 2318 2135 οὑκ
2350 2083 2478 2136 ὄντα
2512 2083 2644 2154 μόνη
2677 2083 2916 2154 τρέφειν,
2940 2083 3163 2153 δυνάμει
3185 2101 3245 2136 τε
3273 2084 3366 2138 καὶ
3398 2084 3567 2156 κακία

1996 2168 2073 2239 τῷ
2105 2171 2202 2239 τῆς
2243 2170 2416 2238 ὅψεως
2448 2170 2704 2241 ἀσυνήθει
2749 2171 3070 2243 διαφέροντα
3125 2173 3258 2226 Τινά
3291 2173 3346 2226 δὲ
3389 2175 3566 2229 αὐτῶν

1997 2263 2110 2314 ἐστι
2139 2262 2232 2316 καὶ
2274 2262 2514 2326 πετεινά,
2551 2263 2626 2326 ὼς
2653 2262 2883 2315 λαθόντα
2924 2265 3020 2334 μὲν
3061 2264 3169 2318 ἀπὸ
3201 2265 3302 2335 γῆς
3329 2282 3562 2339 κακουρ-

1995 2355 2129 2420 γεῖν,
2162 2355 2254 2407 καὶ
2308 2355 2382 2425 μὴ
2419 2354 2801 2426 προϊδομένους
2837 2353 3038 2408 ἀδικεῖν
3090 2356 3370 2428 ὑπερπετῆ
3421 2357 3563 2425 γινό-

1997 2461 2134 2514 μενα
2218 2449 2330 2500 νοεῖ
2361 2447 2496 2517 πρὸς
2529 2447 2824 2514 ἀσφάλειαν
2861 2447 2953 2500 καὶ
2982 2447 3187 2518 ἀϐλαϐῆ
3220 2448 3441 2517 πορείαν
3468 2448 3563 2502 τοῦ

1993 2538 2396 2610 στρατεύματος
2465 2541 2825 2610 στρατήγημα
2879 2539 3210 2610 θαυμαστόν.
3269 2541 3562 2612 Πλέγματα

1989 2631 2098 2702 γὰρ
2129 2631 2340 2701 ἐμφερῆ
2389 2630 2638 2694 κιϐωτοῖς
2684 2632 2748 2684 ὲκ
2785 2630 2967 2701 βίϐλου
3008 2633 3440 2696 κατασκευάσας,
3471 2634 3564 2686 καὶ

1990 2723 2282 2794 πληρώσας
2323 2723 2516 2786 ίϐεων,
2571 2723 2811 2793 ἐκόμιζε.
2864 2721 3274 2793 Πολεμιώτατον
3324 2722 3369 2775 δ’
3417 2723 3564 2777 ἐστὶν

1987 2815 2140 2883 ὄφεσι
2170 2814 2327 2867 τοῦτο
2357 2813 2418 2866 τὺ
2451 2812 2604 2878 ζῶον.
2634 2813 2897 2882 Φεύγουσί
2933 2829 2991 2864 τε
3019 2812 3128 2882 γάρ
3169 2812 3561 2882 ἐπερχομένας,

1987 2910 2082 2962 καὶ
2121 2907 2476 2977 ἀφιστάμενοι
2527 2906 2775 2976 καθάπερ
2816 2906 2906 2958 ὑπ’
2937 2906 3149 2974 ἐλάφων
3191 2906 3562 2976 ἁρπαζόμενοι

1985 2999 2394 3054 καταπίνονται.
2438 3000 2752 3072 Χειροήθεις
2780 2999 2823 3052 δ’
2858 2999 2994 3052 εἰσὶν
3025 2999 3081 3050 αἰ
3117 2997 3273 3062 ἴϐεις,
3303 2997 3397 3051 καί
3424 2997 3563 3070 πρὸς

1988 3092 2146 3162 μόνον
2173 3091 2232 3144 τὸ
2259 3091 2365 3145 τῶν
2399 3093 2574 3160 ὄφεων
2598 3091 2752 3160 γένος
2789 3091 2986 3161 ἄγριοι.
3025 3089 3132 3142 Καὶ
3155 3089 3283 3159 περὶ
3319 3087 3415 3158 μὲν
3437 3085 3560 3140 τού-

1984 3199 2092 3236 των
2110 3183 2344 3254 παρίημι
2367 3182 2461 3236 νῦν
2479 3182 2732 3253 γράφειν,
2758 3181 2858 3233 οὑκ
2892 3178 3225 3248 ἀγνοούντων
3246 3180 3355 3230 τῶν
3373 3177 3562 3248 Ἑλλήο

1985 3291 2089 3326 νων
2117 3275 2214 3344 τῆς
2251 3273 2414 3336 ἴϐιδος
2448 3273 2508 3326 τὸ
2539 3269 2696 3335 εἰδος.
2735 3271 2822 3334 Ὠς
2846 3268 2939 3324 οὖν
2972 3273 3051 3333 εἰς
3075 3270 3172 3340 τὴν
3199 3271 3301 3338 γῆν
3340 3267 3559 3321 ἐνέϐαλε

1981 3368 2080 3437 τὴν
2114 3366 2464 3436 θηροτρόφον,
2509 3364 2730 3427 ταύταις
2779 3364 3092 3434 ἀπεμάχετο
3120 3361 3216 3432 τὴν
3246 3361 3354 3413 τῶν
3399 3363 3562 3430 ἑρπε-

1982 3458 2089 3510 τῶν
2141 3457 2334 3526 φύσιν,
2396 3456 2626 3524 ἐπαφεὶς
2683 3456 2887 3517 αὑτοῖς,
2943 3454 3036 3506 καὶ
3089 3450 3560 3523 προπολεμούσαις

1982 3549 2280 3620 χρώμενος.
2323 3548 2522 3602 Τοῦτον
2550 3544 2641 3600 οὖν
2667 3547 2892 3609 ὁδεύσας
2917 3545 3007 3598 τὸν
3027 3544 3246 3614 τρόπον,
3277 3543 3396 3595 οὑδὲ
3428 3559 3562 3612 προ-

1985 3640 2213 3710 μαθοῦσι
2244 3641 2423 3711 παρῆν
2470 3642 2581 3701 τοῖς
2613 3638 2856 3707 Αἰθίοψι·
2902 3636 2996 3690 καὶ
3048 3632 3334 3704 συμϐαλὼν
3375 3634 3558 3697 αὐτοῖς

1981 3733 2172 3802 κρατεῖ
2199 3733 2260 3802 τῇ
2293 3731 2457 3802 μάχῃ,
2488 3731 2581 3783 καὶ
2611 3729 2719 3782 τῶν
2763 3727 2992 3780 ἐλπίδων
3023 3726 3089 3788 ἃς
3119 3721 3262 3794 εἶχον
3299 3725 3391 3777 ἐπὶ
3431 3723 3558 3787 τοὺς

1979 3827 2307 3894 Αἰγυπτίους
2357 3827 2698 3896 ἀφαιρεῖται·
2734 3821 2833 3884 τάς
2863 3839 2922 3874 τε
2959 3821 3143 3882 πόλεις
3190 3819 3367 3872 αὑτῶν
3400 3816 3558 3888 ἐπῄει

1980 3915 2506 3985 καταστρεφόμενος,
2550 3915 2644 3966 καὶ
2696 3913 2852 3982 φόνος
2901 3912 3067 3976 πολὺς
3122 3910 3230 3963 τῶν
3281 3909 3557 3964 Αἰθιόπων

1979 4007 2295 4079 ἐπράττετο.
2330 4006 2440 4058 Καὶ
2482 4006 2580 4075 τῆς
2611 4004 2696 4058 διά
2726 4002 2962 4071 Μωὺσῆν
3009 4000 3313 4073 εὐπραγίας
3359 3997 3557 4065 γευσάο

1983 4116 2140 4169 μενον
2164 4099 2224 4151 τὸ
2240 4097 2348 4152 τῶν
2375 4096 2688 4166 Αἰγυπτίων
2713 4095 3028 4167 στράτευμα
3072 4095 3255 4146 πονεῖν
3294 4092 3393 4144 οὑκ
3429 4091 3558 4144 ἕκα-

1982 4205 2130 4257 μνεν,
2165 4189 2240 4252 ὼς
2262 4189 2386 4260 περὶ
2414 4186 2845 4258 ἀνδραποδισμοῦ
2873 4184 2964 4239 καὶ
2993 4183 3287 4247 παντελοῦς
3319 4183 3556 4238 ἀναστά-

1979 4296 2116 4343 σεως
2145 4279 2234 4333 τὸν
2258 4280 2500 4334 κίνδυνον
2541 4275 2678 4332 εἶναι
2708 4281 2820 4341 τοῖς
2850 4276 3114 4346 Αἰθίοψιν.
3148 4275 3391 4330 Meminit
3420 4276 3547 4332 item

1976 4370 2325 4442 Artapanus:
2361 4372 2496 4434 Τοὺς
2525 4367 2616 4423 οὖν
2649 4370 2777 4440 περὶ
2806 4370 2895 4423 τὸν
2914 4367 3145 4423 Μώῦσον
3182 4368 3267 4422 διά
3299 4367 3358 4420 τὸ
3391 4367 3553 4438 μέγε-

1979 4464 2067 4528 θος
2099 4465 2198 4531 τῆς
2233 4464 2490 4535 στρατιᾶς
2537 4462 2688 4516 πόλιν
2728 4465 2785 4515 ὲν
2829 4461 3003 4532 τούτῳ
3051 4462 3234 4515 κτίσαι
3265 4459 3343 4531 τῷ
3379 4461 3553 4529 τόπῳ,

305 4553 539 4625 μακρὸν,
589 4553 865 4623 πυρρακῆ,
921 4552 1122 4616 πολιὸν,
1178 4554 1442 4624 κομήτην,
1485 4551 1871 4623 ἀξιωματικόν.
1906 4547 1951 4604 D
1976 4556 2070 4609 καὶ
2096 4555 2196 4626 τὴν
2227 4554 2334 4608 ίϐιν
2377 4556 2434 4606 ὲν
2465 4555 2600 4624 αὑτῇ
2637 4552 2989 4623 καθιερῶσαι,
3032 4551 3118 4604 διὰ
3165 4551 3226 4604 τὸ
3256 4549 3459 4618 ταύτην
3481 4548 3551 4602 τά

373 4644 495 4700 Col.
549 4643 669 4707 781,
707 4644 802 4698 lin.
850 4644 901 4698 1.
935 4641 1228 4713 Προσάγει
1264 4645 1469 4697 αὐτόν.
1515 4642 1640 4699 Haec
1681 4644 1870 4699 eadem

301 4733 496 4789 iisdem
537 4733 650 4790 fere
685 4735 867 4789 verbis
899 4735 1147 4804 leguntur
1188 4735 1329 4805 apud
1371 4733 1685 4804 Josephum,
1711 4736 1868 4788 Anti-

300 4827 434 4894 quit.
477 4825 571 4881 lib.
605 4841 646 4884 ι.
686 4841 807 4896 cap.
841 4826 896 4889 5,
929 4843 1086 4896 quem
1113 4827 1358 4881 consule.

372 4917 534 4981 lbid.,
566 4918 661 4971 lin.
704 4917 795 4971 25.
837 4919 1112 4982 Ala/onst:
1140 4916 1208 4970 δὲ
1251 4921 1324 4971 οἱ.
1376 4915 1452 4972 De
1494 4917 1594 4970 hac
1637 4916 1869 4973 Mosaica

298 5008 646 5076 expeditione
698 5006 963 5062 adversus
999 5005 1287 5077 Ethiopas
1330 5013 1527 5076 praeter
1571 5005 1865 5076 Josephum

299 5100 374 5154 ita
403 5099 748 5170 Artapanus:
781 5099 890 5153 Καί
917 5117 1044 5152 ποτε
1080 5099 1188 5151 τῶν
1214 5097 1484 5152 Αἰθιόπων
1513 5099 1866 5171 ἐπιστρατευ-

299 5189 548 5260 σαμένων
574 5192 640 5260 τῇ
673 5188 950 5260 Αἰγύπτῳ,
981 5189 1072 5243 τὸν
1094 5189 1391 5259 Χενεφρῆν,
1422 5189 1754 5244 ὑπολαϐόντα
1778 5192 1867 5244 εὑ-

297 5281 525 5353 ρηκέναι
552 5282 740 5354 καιρὸν
772 5279 1006 5346 εὔθετον,
1049 5280 1261 5352 πέμψαι
1288 5281 1380 5334 τὸν
1404 5280 1634 5335 Μὼῦσον
1659 5283 1744 5334 ἐπ’
1774 5284 1865 5337 αὑ-

295 5375 421 5437 τοὺς
454 5375 757 5445 στρατηγὸν
789 5374 926 5444 μετά
949 5374 1251 5444 δυνάμεως.
1277 5374 1350 5428 Τὸ
1369 5374 1426 5428 δὲ
1454 5374 1562 5428 τῶν
1590 5376 1862 5445 συγγενῶν

293 5463 443 5536 αὑτῷ
473 5466 735 5537 συστῆσαι
760 5465 980 5536 πλῆθος,
1006 5465 1342 5520 ὑπολαϐόντα
1368 5466 1562 5537 ῥᾳδίως
1599 5468 1759 5521 αὐτὸν
1776 5468 1863 5524 διὰ

293 5555 392 5628 ’ἣν
431 5557 541 5612 τῶν
593 5558 936 5630 στρατιωτῶν
983 5558 1267 5612 ἀσθένειαν
1313 5560 1417 5613 ὑπὸ
1440 5559 1547 5612 τῶν
1590 5559 1861 5632 πολεμίων

296 5649 766 5723 ἀναιρεθήσεσθαι.
800 5652 903 5706 Τὸν
945 5651 1002 5704 δὲ
1053 5651 1302 5716 Μώῡσον,
1361 5652 1582 5706 ἐλθόντα
1630 5654 1722 5707 ἐπὶ
1768 5654 1859 5708 τὸν

308 5740 731 5813 Ἐρμουπολίτην
747 5743 1140 5814 ὀνομαζόμενον
1160 5744 1341 5816 νομὸν,
1368 5744 1556 5816 ἔχοντα
1581 5750 1709 5816 περὶ
1729 5746 1859 5802 δέκα

303 5833 560 5902 μυριάδας
599 5835 878 5907 γεωργῶν,
921 5836 1081 5892 αὑτοῦ
1118 5837 1602 5909 καταστρατεῢσαι.
1637 5838 1856 5909 Πέμψαι

1978 4646 2282 4718 βλάπτοντα
2305 4646 2432 4708 τοὺς
2458 4643 2776 4714 ἀνθρώπους
2809 4645 3046 4712 ἀναιρεῖν
3067 4661 3079 4672 ·
3114 4640 3552 4714 προσαγορεῦσαι

1972 4739 2029 4792 δὲ
2077 4739 2245 4810 αὐτὴν
2277 4736 2478 4808 Ἐρμοῦ
2517 4735 2692 4788 πόλιν.
2733 4734 2871 4789 Hinc
2892 4735 3008 4788 avis
3040 4735 3153 4788 hinc
3188 4749 3344 4788 sacra
3380 4732 3548 4804 [Εεν-

1973 4830 2121 4899 ptiis.
2150 4828 2476 4884 Herodotus.
2517 4825 2622 4880 Sed
2653 4825 2721 4880 de
2745 4825 2848 4878 hac
2877 4825 3136 4878 nonnulla
3167 4826 3438 4894 superius.

2042 4921 2201 4985 lbid.,
2237 4920 2333 4974 lin.
2362 4919 2453 4973 56.
2482 4915 2591 4972 Ἦν
2631 4918 2740 4988 γὰρ
2790 4915 3006 4971 αὐτῶν.
3051 4915 3243 4971 Omnia
3294 4917 3408 4971 haec
3450 4915 3548 4970 Ita~

1969 5012 2166 5067 bentur
2193 5011 2370 5067 fusius
2394 5010 2536 5080 apud
2565 5008 2884 5078 Josephum,
2921 5008 3015 5077 qui
3052 5024 3152 5062 nec
3177 5009 3432 5063 Tharmis
3456 5024 3546 5064 re-
3597 5021 3606 5032 '

1968 5105 2105 5175 gina:
2136 5104 2403 5176 perditum
2438 5119 2675 5158 amorem
2708 5104 2760 5156 in
2795 5101 3029 5173 Moysen]
3063 5102 3278 5156 silentio
3317 5111 3537 5170 praetcr-

1963 5195 2040 5258 it,
2079 5211 2144 5249 ex
2176 5195 2375 5264 quibus
2421 5210 2520 5249 sua
2566 5194 2821 5248 videntur
2859 5194 3090 5248 mutuati
3129 5192 3301 5247 Grtcci
3332 5192 3542 5246 fabula-

1966 5296 2113 5343 tores
2145 5303 2264 5358 qua:
2296 5285 2363 5342 de
2390 5287 2570 5358 Scylla
2605 5295 2658 5342 et
2680 5287 2802 5341 aliis
2827 5295 3075 5342 narrant.

2035 5379 2154 5434 Col.
2189 5379 2312 5442 784,
2343 5379 2442 5434 lin.
2473 5379 2561 5434 15.
2599 5379 2760 5433 Οὕτω
2791 5382 2902 5450 γὰρ
2932 5383 3071 5434 ὑπό.
3103 5377 3360 5444 Quaenam
3396 5375 3542 5444 Δίος,

1963 5485 2050 5526 ses
2087 5470 2307 5526 doceret
2338 5470 2619 5541 Aigyptios
2646 5471 2850 5527 iudicat
2880 5471 3098 5536 Strabo,
3121 5472 3213 5526 lib.
3246 5485 3335 5524 xvt
3363 5488 3376 5522 :
3408 5468 3538 5523 Non

1964 5574 2099 5620 recte
2144 5565 2354 5630 sentire,
2388 5567 2476 5634 qui
2523 5563 2832 5628 bestiarum,
2890 5583 2950 5620 ac
2991 5581 3234 5634 pecorum
3276 5564 3535 5633 imagines

1964 5656 2072 5712 Deo
2119 5652 2430 5721 tribuerunt,
2465 5658 2685 5727 itemque
2728 5657 2906 5726 Afros,
2951 5666 3000 5710 et
3043 5655 3252 5710 Graecos
3296 5657 3386 5726 qui
3425 5657 3532 5712 diis

1963 5749 2228 5804 hominum
2275 5750 2502 5819 ﬁguram
2556 5749 2874 5818 a/ﬁngerent.
2926 5746 2994 5802 Id
3042 5763 3160 5801 vero
3199 5747 3370 5803 solum
3418 5767 3534 5804 esse

1963 5838 2147 5905 Deum,
2170 5839 2305 5908 quod
2343 5856 2457 5904 nos,
2491 5847 2539 5892 et
2577 5847 2790 5900 terram,
2828 5853 2888 5889 ac
2922 5852 3062 5890 mare
3094 5838 3357 5903 continet;
3393 5840 3531 5907 quod
