4064 6290
574 384 707 440 1051

1947 399 2192 458 LEONIS
2234 400 2506 458 ALLATII

3686 403 3837 459 i053

501 548 504 552 Α
573 501 781 567 ctutum,
810 513 858 558 et
885 506 1136 560 mundum
1155 517 1206 562 et
1233 526 1409 564 rerum
1440 514 1674 568 omnium
1700 525 1950 571 naturam
1975 520 2148 587 appet-

2253 533 2385 589 φησι
2413 518 2628 591 πρῶτον
2658 517 2819 587 σοφὸν
2843 515 3117 586 γενέσθαι,
3143 519 3239 572 καὶ
3261 517 3658 590 γραμματικὴν
3681 520 3836 592 πρῶ-

557 592 772 669 tamus,
816 596 966 664 cujus
997 599 1234 667 profecto
1265 602 1550 672 imaginem
1595 620 1745 660 nemo
1785 622 1930 660 same
1961 610 2147 664 mentis

547 684 802 752 alicujus
830 702 1014 740 earum
1045 704 1246 754 rerum,
1278 709 1395 761 qua:
1427 709 1580 763 penes
1605 713 1700 751 nos
1742 707 1885 764 sunt,
1923 699 2150 756 similem

573 775 765 829 audeat
791 777 1044 848 e/ﬁngere.
1073 781 1304 836 Proinde
1322 786 1466 838 omni
1478 786 1885 842 simulacrorum
1902 791 2151 860 efﬁctione

571 869 872 938 repudiata,
900 872 1117 944 dignum
1146 877 1196 931 ei
1239 879 1511 948 templum,
1543 897 1604 934 ac
1644 881 1920 937 delubrum
1956 888 2152 940 consti-

571 961 844 1028 tuendum,
878 982 940 1018 ac
977 967 1088 1021 sine
1118 969 1299 1038 aliqua
1327 972 1499 1040 ﬁgura
1534 972 1826 1027 colendum.
1861 974 1966 1041 Qui
1985 985 2149 1044 caste,

569 1069 632 1106 ac
650 1053 797 1124 juste
833 1058 1029 1124 vivunt,
1063 1061 1138 1114 eis
1183 1061 1319 1116 bona
1349 1065 1554 1118 somnia
1579 1065 1760 1133 o/ferri
1785 1082 1804 1120 :
1834 1067 2015 1122 debere
2044 1070 2151 1122 ita-

567 1155 685 1210 que,
710 1152 759 1194 et
785 1157 881 1210 pro
910 1161 985 1208 se,
1030 1155 1080 1200 et
1110 1163 1206 1216 pro
1239 1150 1364 1204 aliis
1395 1167 1482 1206 eos
1524 1152 1756 1208 dormire
1781 1155 1837 1208 in
1862 1157 2072 1227 templo,
2101 1167 2152 1212 et

570 1250 604 1286 a
630 1231 740 1288 Deo
771 1235 991 1291 subinde
1025 1239 1228 1309 aliquid
1251 1241 1394 1308 boni,
1423 1253 1580 1314 atque
1612 1246 1797 1301 indicii
1831 1260 2150 1320 exspectare.

569 1327 773 1380 caeteris
805 1327 939 1381 nihil
961 1331 1308 1399 sperandum.

638 1417 756 1473 Col.
791 1419 914 1485 784,
939 1423 1034 1477 lin.
1072 1425 1160 1478 18.
1211 1426 1482 1496 Ἔτιμᾶτο
1518 1429 1587 1485 δὲ
1615 1433 1738 1487 καί.
1770 1434 1927 1486 Οὕτω
1947 1435 2010 1506 δὴ
2027 1435 2152 1500 τοὺς

568 1510 851 1578 Αἰθίοπας,
884 1515 1088 1586 καίπερ
1117 1517 1275 1581 ὄντας
1301 1519 1611 1591 πολεμίους,
1639 1524 1963 1595 στέρξαιτὸν
1991 1525 2154 1581 Μὼὓ-

572 1620 686 1668 σον,
717 1603 856 1658 ὥστε
888 1608 983 1660 καὶ
1017 1609 1116 1679 τὴν
1147 1612 1449 1683 περιτομὴν
1479 1614 1586 1667 τῶν
1616 1616 1830 1670 αἰδοίων
1857 1619 1987 1689 παρ’
2014 1619 2155 1672 ὲκεί-

568 1715 662 1754 νου
697 1699 910 1769 μαθεῖν.
943 1701 1016 1754 Οὐ
1046 1702 1204 1772 μόνον
1233 1704 1290 1757 δὲ
1312 1705 1533 1768 τούτους
1563 1707 1695 1760 ἀλλὰ
1719 1709 1812 1762 καὶ
1843 1711 1969 1773 τοὺς
1993 1712 2156 1782 ἱερεῖς

571 1788 840 1852 ἅπαντας.
873 1787 1051 1845 Verba
1086 1800 1214 1846 sunt
1250 1795 1551 1866 Artapani;
1592 1797 1740 1853 hunc
1775 1800 2150 1856 circumcisio-

2252 624 2344 662 τον
2375 613 2486 673 τοῖς
2525 608 2796 672 Ἰουδαίοις
2836 608 3188 681 παραδοῦναι,
3233 609 3328 664 καὶ
3368 611 3519 683 παρὰ
3559 611 3836 668 Ἰουδαίων

2249 698 2494 762 Φοίνικας
2539 698 2906 770 παραλαϐεῖνο
2940 699 3203 770 ’Έλληνας
3236 700 3296 754 δὲ
3343 700 3495 772 παρὰ
3539 703 3832 759 Φοινίκων.

2251 786 2349 842 His
2380 803 2489 842 non
2519 791 2794 843 consentit
2822 788 3060 844 Joannes
3089 789 3463 846 Antiochenus
3485 792 3540 845 in
3577 791 3833 849 Arche-o-

2251 879 2434 949 logia:
2469 881 2589 932 Ἔτι
2615 880 2720 934 τῶν
2738 880 2944 935 δώδεκα
2986 883 3337 954 πατριαρχῶν
3372 879 3440 954 ἦν
3478 884 3738 950 Ἡσίοδος,
3765 885 3833 949 ὃς

2249 968 2318 1023 τά
2358 969 2657 1041 Ἀσσυρίων
2693 970 2994 1042 γράμματα
3015 974 3095 1035 εἰς
3136 971 3358 1027 Ἐλλάδα
3398 973 3651 1042 γλῶσσαν
3696 992 3825 1046 μετ·

2253 1059 2463 1114 ἐϐαλεν.
2501 1061 2636 1116 lllud
2673 1078 2821 1127 vero,
2843 1063 3056 1118 litteras
3078 1064 3314 1134 primum
3352 1079 3380 1118 a
3415 1063 3600 1136 Moyse
3619 1066 3830 1123 Iudaeis

2251 1152 2480 1207 traditas
2508 1168 2617 1207 non
2654 1156 2848 1224 probat
2875 1156 3234 1227 Augustinus,
3267 1157 3363 1212 lib.
3411 1174 3545 1212 xvm
3588 1158 3664 1213 De
3697 1161 3832 1214 ciui-

2253 1252 2362 1297 tate
2393 1242 2513 1310 Dei,
2543 1259 2664 1315 cap.
2690 1245 2792 1311 39;
2823 1257 3010 1302 censet
3047 1249 3212 1314 enim,
3237 1250 3692 1319 quemadmodum
3717 1252 3830 1306 lin-

2251 1352 2411 1408 gnam
2445 1338 2520 1391 ita
2553 1345 2608 1392 et
2648 1338 2879 1406 litteras,
2907 1347 3031 1396 ante
3063 1340 3303 1413 Moysem
3334 1341 3522 1406 fuisse,
3551 1350 3609 1399 et-
3630 1359 3696 1399 ex
3736 1344 3831 1401 bis

2251 1446 2374 1500 qua:
2405 1431 2658 1501 superius
2688 1447 2754 1486 ex
2787 1430 3022 1504 Josepho
3044 1434 3123 1488 De
3151 1435 3398 1505 antiquit.
3429 1435 3523 1491 lib.
3566 1450 3606 1499 ι,
3638 1436 3831 1492 attuli—

2252 1539 2374 1580 mus
2402 1523 2470 1579 de
2489 1525 2779 1590 columnis,
2808 1525 2978 1580 altera
3005 1527 3238 1597 lapidea,
3284 1528 3453 1582 altera
3477 1528 3732 1593 lateritia,
3764 1529 3828 1584 in

2252 1613 2452 1684 quibus
2492 1622 2720 1684 nepotes
2763 1613 2890 1670 Seth
2941 1623 3067 1670 ante
3105 1616 3418 1671 illuvionem
3465 1617 3614 1672 illam
3658 1619 3828 1673 totius

2253 1701 2403 1757 orbis
2450 1702 2732 1757 scientiam
2764 1719 2949 1759 rerum
2999 1705 3305 1760 cmlestium
3345 1707 3413 1761 ab
3460 1707 3593 1778 ipsis
3633 1707 3827 1764 inven-

2256 1799 2390 1856 tam,
2435 1793 2632 1848 litteris
2672 1793 3028 1864 insculptam,
3063 1797 3546 1869 consignatamque
3590 1800 3828 1870 relique-

570 1876 659 1933 nis
691 1881 911 1934 modum
960 1883 1097 1937 mire
1147 1886 1378 1956 amplexi
1419 1897 1570 1950 sum,
1607 1890 1682 1943 ita
1731 1898 1791 1945 υι
1841 1892 2003 1946 etiam
2059 1908 2152 1948 ac-
2183 1877 2223 1932 B
2251 1890 2402 1946 runt,
2430 1883 2564 1938 satis
2603 1883 2963 1939 conﬁrmatur
2991 1885 3282 1958 Augustini
3323 1888 3529 1959 opinio.
3568 1887 3658 1945 Sic
3696 1892 3832 1946 item

569 1980 732 2042 cepto
767 1971 1189 2030 Christianismo
1226 1979 1492 2049 praeputia
1528 1979 1594 2034 ad
1635 1981 1777 2037 hanc
1806 1997 1982 2053 usque
2007 1983 2151 2039 diem

570 2073 816 2133 ponant;
850 2067 995 2136 quod
1027 2084 1092 2123 ex
1124 2070 1349 2140 antiqua
1374 2072 1495 2141 ejus
1544 2076 1719 2144 gentis
1759 2075 2152 2131 consuetudine

568 2157 753 2212 facere
790 2159 941 2229 ipsos
979 2161 1099 2216 sine
1151 2159 1424 2227 Judaismi
1473 2167 1864 2236 superstitione
1920 2175 2152 2223 testatur

565 2247 838 2320 Iosephus
869 2252 1131 2324 Scaliger,
1157 2254 1254 2310 lib.
1286 2271 1362 2309 vn
1394 2255 1473 2311 De
1504 2257 1708 2313 emend.
1738 2269 1914 2328 temp.,
1946 2276 1999 2330 p.
2023 2259 2148 2316 640.

569 2343 654 2396 An
691 2352 916 2414 prOpter
963 2345 1070 2400 hoc
1103 2355 1158 2402 et
1198 2363 1230 2401 a
1279 2349 1575 2419 gentilismi
1621 2352 2012 2422 superstitione
2049 2353 2151 2407 im-

569 2435 802 2490 munes?
833 2434 1096 2506 Scaliger.

639 2524 796 2591 Ibid,
823 2526 922 2581 lin.
955 2528 1046 2581 22.
1074 2530 1197 2582 Ἔτι
1227 2528 1295 2582 δὲ
1327 2530 1426 2583 καί
1452 2529 1586 2596 τήν.
1621 2530 1754 2598 Quae
1784 2531 1853 2588 de
1881 2531 2152 2588 divisione

568 2614 789 2686 Egypti
823 2616 1142 2673 Eustathius
1189 2618 1360 2690 Moysi
1410 2620 1607 2676 tribuit
1648 2621 1864 2676 videtur
1911 2623 2152 2679 tribuere

565 2706 802 2778 Josepho
823 2709 1128 2788 Alexander
1144 2710 1456 2783 Polyhistor
1472 2728 1535 2767 ex
1561 2713 1839 2784 Artapano
1861 2732 1874 2769 :
1901 2715 2152 2769 Ἐλθόντα

567 2799 624 2852 δὲ
659 2799 820 2853 αὐτὸν
853 2802 934 2864 εἰς
968 2802 1068 2872 τὴν
1109 2802 1404 2872 Αἴγυπτον,
1446 2805 1543 2858 καὶ
1577 2805 1909 2860 συσταθέντα
1947 2806 2024 2878 τῷ
2057 2807 2152 2878 βα-

565 2889 708 2944 σιλεῖ
747 2891 1024 2964 διοικητὴν
1050 2894 1151 2965 τῆς
1199 2894 1327 2966 ὅλης
1360 2896 1614 2965 γενέσθαι
1645 2896 1848 2967 χώρας,
1886 2900 1980 2953 καὶ
2018 2899 2151 2970 πρό-

567 3001 727 3057 τερον
753 2985 1004 3050 ἀτάκτως
1025 2987 1132 3042 τῶν
1164 2988 1474 3057 Αἰγυπτίων
1500 2989 1946 3062 γεωμορούντων,
1982 2990 2067 3045 διὰ
2089 2992 2150 3045 τὸ

565 3077 667 3148 τὴν
701 3077 882 3149 χώραν
919 3077 1222 3152 ἀδιαίρετον
1248 3077 1404 3144 εἶναι,
1440 3083 1534 3134 καί⁸
1562 3082 1670 3136 τῶν
1703 3082 2004 3137 ἐλασσόνων
2045 3082 2149 3135 ὑπὸ

565 3170 675 3223 τῶν
705 3173 1033 3242 κρεισσόνων
1065 3173 1459 3245 ἀδικουμένων,
1488 3173 1678 3228 τοῦτον
1716 3174 1931 3244 πρῶτον
1967 3175 2064 3246 τήν
2087 3191 2146 3227 τε
2171 3211 2220 3278 c

565 3265 669 3334 γῆν
696 3263 910 3328 διελεῖν,
943 3266 1036 3318 καὶ
1072 3266 1218 3337 ὅροις
1255 3267 1718 3339 διασημήνασθαι,
1745 3267 1840 3320 καὶ
1877 3266 1976 3339 τὴν
2024 3267 2148 3319 πολ-

565 3356 660 3429 λὴν
680 3359 1078 3429 χερσευομένην
1099 3361 1482 3430 γεωργήσιμον
1512 3359 1858 3425 ἀποτελέσαι,
1885 3361 1976 3412 καί
1997 3376 2150 3425 τινας

564 3449 674 3502 τῶν
705 3449 952 3521 άρουρῶν
989 3453 1101 3513 τοῖς
1143 3450 1380 3522 ἱερεῦσιν
1410 3451 1818 3523 ἀποκληρῶσαι.
1855 3451 2053 3506 Τοῦτον
2091 3451 2148 3505 δὲ

565 3537 659 3592 καὶ
695 3539 869 3610 μέτρα
900 3541 1100 3612 εὑρεῖν,
1133 3541 1226 3593 καὶ
1275 3541 1527 3612 μεγάλως
1567 3542 1730 3594 αὐτὸν
1777 3542 1881 3595 ὑπὸ
1913 3543 2022 3596 τῶν
2056 3544 2150 3596 Αἰ-

564 3630 806 3700 γυπτίων
857 3630 942 3685 διὰ
1003 3631 1174 3684 ταῦτα
1222 3633 1594 3703 ἀγαπηθῆναι.
1649 3633 1829 3704 Γῆμαι
1875 3633 1932 3687 δὲ
1988 3634 2148 3686 αὑτὸν

576 3721 976 3775 Ἠλιουπολίτου
1007 3724 1197 3795 ἱερέως
1240 3724 1459 3777 Ἀσενὲθ
1491 3724 1783 3796 θυγατέρα,
1809 3725 1866 3790 ἐξ
1887 3720 1954 3795 ἧς
1969 3725 2151 3795 γεννῆ-

566 3831 656 3868 σαι
685 3813 902 3878 παῖδας.
927 3813 1288 3871 Praefecturas
1328 3815 1548 3886 Egypti
1578 3831 1607 3869 a
1643 3815 1876 3885 Memphi
1905 3816 1971 3870 ad
2007 3813 2148 3869 The-

562 3903 779 3962 baidem
819 3923 993 3976 usque
1041 3914 1296 3962 numerat
1338 3907 1769 3977 Agatharchides
1817 3906 1960 3976 apud
2004 3904 2148 3960 Pho-

561 3999 702 4052 tium
750 3999 807 4053 in
843 3998 1010 4060 Bibt.,
1046 3999 1266 4065 Strabo,
1309 3999 1403 4053 lib.
1433 4014 1569 4064 xvn,
1612 3998 1906 4069 Egyptum
1955 3999 2146 4055 scribit

563 4091 799 4160 primum
827 4090 1060 4146 divisam
1097 4093 1153 4145 in
1185 4091 1560 4162 praefecturas,
1594 4092 1923 4147 Thebaciam
1961 4092 2012 4145 in
2053 4091 2146 4146 de-

563 4195 707 4243 cem,
741 4195 885 4245 eam,
915 4198 1037 4253 quae
1070 4183 1124 4236 in
1152 4182 1326 4245 Delta,
1359 4184 1414 4236 in
1451 4183 1588 4237 alias
1637 4184 1847 4247 decem,
1887 4180 2145 4236 Interme-

563 4270 710 4324 diam
741 4271 798 4325 in
829 4273 1089 4328 sedecim.
1120 4271 1222 4326 Tot
1261 4273 1406 4327 enim
1438 4282 1596 4328 erant
1643 4272 1952 4343 hujusmodi
2008 4287 2146 4343 prae-

564 4359 813 4428 fecturae,
842 4370 977 4433 quot
1000 4363 1304 4434 labyrinthi
1345 4364 1502 4428 aulae,
1530 4379 1653 4433 qua:
1678 4365 1900 4422 circiter
1922 4365 2145 4434 triginta

562 4451 809 4506 fuerunt.
835 4449 1073 4507 Rursum
1102 4451 1459 4522 praefecturas
1497 4452 1702 4508 divisas
1726 4455 1778 4508 in
1807 4453 2141 4522 toparchias,

2251 1969 2591 2038 explodenda
2623 1980 2706 2026 est
2744 1969 2992 2030 Philonis
3039 1974 3251 2044 opinio,
3301 1978 3394 2047 qui
3439 1978 3506 2032 ad
3549 1979 3821 2034 Abraham

2252 2059 2617 2114 inventionem
2653 2061 2955 2116 litterarum
2988 2062 3378 2121 Hebraicarum
3421 2068 3610 2124 refert.

2321 2151 2480 2221 lbid.,
2511 2153 2606 2209 lin.
2637 2155 2727 2209 55.
2751 2156 2913 2211 Μετὰ
2935 2155 3003 2208 δὲ
3022 2155 3136 2226 τὴν
3153 2159 3326 2215 κατά.
3350 2159 3580 2226 Quidam
3602 2164 3825 2220 tradum

2252 2244 2490 2317 Moysem
2523 2252 2681 2316 parta
2715 2247 2946 2302 victoria
2981 2263 3108 2304 cum
3144 2251 3330 2307 redire
3359 2254 3525 2309 vellet
3565 2255 3620 2309 in
3654 2255 3822 2328 Ᾰίεγι-

2250 2347 2426 2411 ptum,
2461 2354 2562 2394 nec
2607 2339 2909 2396 dimitteret
2951 2356 3077 2396 eum
3110 2341 3367 2410 Tharbis,
3403 2345 3605 2416 ipsum,
3642 2356 3699 2402 ut
3729 2351 3819 2419 qui

2251 2430 2615 2500 peritissimus
2656 2438 2802 2485 esset
2843 2438 3138 2498 astrorum,
3173 2433 3311 2489 duas
3350 2435 3616 2507 imagines
3677 2440 3821 2494 scul-

2250 2523 2425 2592 psisse
2460 2522 2515 2576 in
2540 2523 2769 2593 gemmis
2797 2523 2919 2591 ejus
2948 2523 3188 2590 virtutis,
3215 2540 3280 2580 ac
3310 2529 3617 2597 potestatis,
3652 2538 3711 2584 ut
3744 2533 3820 2585 al-

2250 2620 2366 2668 tera
2402 2615 2716 2669 memoriam
2743 2615 2978 2680 aﬂ‘erret,
3003 2617 3173 2670 altera
3195 2617 3526 2678 oblivionem
3549 2661 3563 2686 ,
3591 2637 3821 2694 cumque

2248 2706 2472 2776 paribus
2521 2707 2746 2762 annulis.
2783 2723 2884 2762 eas.
2923 2707 3263 2775 inseruisset,
3323 2711 3554 2766 alterum
3609 2715 3821 2770 scilicet

2249 2798 2524 2852 memoriae
2570 2798 2675 2852 sibi
2721 2814 3050 2865 reservasse,
3099 2801 3330 2856 alterum
3382 2803 3676 2861 oblivionis
3726 2808 3820 2863 de-

2249 2888 2394 2944 disse
2417 2888 2672 2954 Tharbis,
2697 2906 2857 2959 quem
2884 2889 2974 2944 illa
2999 2891 3230 2948 induens
3263 2909 3388 2948 mox
3423 2894 3627 2968 Hoysis
3655 2899 3821 2953 oblita

2249 2978 2386 3046 fuit;
2427 2979 2617 3050 sicque
2667 2981 2759 3036 ille
2805 2981 2862 3035 in
2906 2979 3204 3053 Egyptum
3247 2985 3428 3040 redire
3472 2990 3667 3056 potuit.
3716 2987 3828 3046 Sed

2248 3086 2424 3140 nugae.

2319 3161 2478 3228 lbid.,
2511 3161 2608 3216 lin.
2632 3161 2719 3216 56.
2754 3163 2862 3218 Καὶ
2905 3167 2938 3219 ό
2973 3165 3294 3235 Χενεςορῆς.
3325 3167 3635 3239 Artapanus
3668 3189 3682 3225 :
3717 3171 3819 3225 Τὸ)

2250 3254 2306 3307 δὲ
2334 3255 2635 3326 Χενεφρῆν,
2672 3255 2922 3320 λυθέντος
2943 3256 3037 3310 τοῦ
3063 3258 3319 3329 πολέμου,
3353 3261 3493 3333 λόγῳ
3529 3263 3625 3333 μὲν
3655 3265 3816 3321 αὐτὸν

2249 3344 2647 3410 ἀποδέξασθαι,
2698 3346 2844 3418 ἔργῳ
2902 3347 2960 3401 δὲ
3008 3348 3390 3407 ἐπιϐουλεύειν.
3442 3353 3812 3424 Παρελόμενοί

2249 3433 2378 3503 γοῦν
2411 3433 2574 3487 αὑτοῦ
2604 3435 2729 3498 τοὺς
2769 3434 2955 3504 ὄχλους
2999 3438 3124 3500 τοὺς
3178 3438 3276 3507 μὲν
3309 3439 3396 3490 ἐπὶ
3435 3439 3501 3491 τὰ
3547 3441 3668 3512 ὅρια
3709 3439 3808 3510 τῆς

2247 3525 2531 3588 Αἰθιοπίας
2565 3526 2776 3603 πέμψαι
2809 3528 3162 3599 προφυλακῆς
3191 3530 3370 3600 χάριν,
3409 3531 3532 3595 τοὺς
3561 3531 3619 3584 δὲ
3649 3549 3814 3604 προσ-

2248 3617 2404 3682 τάξαι
2437 3618 2527 3670 τὸν
2567 3620 2624 3670 ὲν
2650 3617 2772 3681 Διὸς
2802 3619 2952 3671 πόλει
2981 3619 3104 3673 ναὸν
3140 3620 3200 3684 ἐξ
3228 3622 3397 3692 ὀπτῆς
3436 3622 3655 3676 πλίνθου
3687 3639 3816 3678 κατ-

2249 3713 2649 3782 εσκευασμένον
2704 3711 3016 3784 καθαιρεῖν·
3080 3713 3266 3784 ἓτερον
3311 3714 3368 3768 δὲ
3410 3715 3606 3770 λίθινον
3655 3733 3817 3771 κατα·-

2250 3805 2531 3868 σκευάσαι,
2574 3804 2634 3857 τὸ
2677 3803 2902 3875 πλησίον
2943 3803 3083 3874 δρος-
3113 3803 3544 3877 λατομήσανταςο
3576 3806 3733 3873 τάξαι
3763 3808 3815 3862 δὲ
3865 3837 3871 3843 ·

2247 3897 2339 3950 ἐπὶ
2366 3897 2465 3968 τῆς
2483 3897 2796 3968 οἰκοδομίας
2823 3899 3118 3970 ἐπιστάτην
3146 3901 3467 3972 Ναχέρωτα.

2318 3987 2477 4055 lbid.,
2516 3989 2613 4044 lin.
2645 3989 2737 4044 40.
2788 3992 2855 4043 Tt
2891 3989 3015 4055 τοῖς
3041 3989 3254 4058 ἀνθρώ.
3310 3993 3630 4060 Artapanus
3679 3993 3818 4062 apud

2248 4079 2533 4134 Eusebium
2552 4096 2570 4134 .'
2589 4081 2692 4134 Τὸν
2721 4081 2797 4147 δὲ,
2829 4080 3046 4134 ἐλθόντα
3067 4082 3202 4152 μετὰ
3221 4083 3454 4136 Μωΰσου
3475 4086 3554 4147 εἰς
3576 4084 3812 4156 Μέμφιν,

2246 4171 2513 4227 πυθέσθαι
2546 4174 2677 4244 παρ’
2703 4171 2889 4240 αὑτοῦ,
2919 4173 2971 4226 εἰ
2989 4190 3041 4225 τι
3067 4173 3192 4226 ἄλλο
3214 4174 3361 4226 ἐστὶν
3387 4165 3685 4245 εὔχρηστον
3708 4178 3812 4240 τοῖς

2246 4263 2570 4335 ἀνθρώποις.
2599 4263 2703 4317 Τὸν
2735 4263 2792 4316 δὲ
2824 4263 2988 4333 φάναι
3021 4264 3177 4333 γένος
3221 4264 3282 4318 τὸ
3331 4264 3488 4335 βοῶν,
3519 4265 3608 4318 διὰ
3635 4267 3694 4319 τὸ
3718 4267 3812 4338 τὴν

2243 4357 2347 4427 γῆν
2378 4357 2481 4409 ὑπὸ
2517 4354 2720 4410 τούτων
2761 4353 3043 4426 ἀροῢσθαι.
3086 4354 3188 4409 Τὸν
3226 4355 3282 4408 δὲ
3312 4355 3616 4427 Χενεφρῆν,
3650 4370 3812 4426 προσ.

2244 4449 2615 4522 αγορεύσαντα
2633 4446 2734 4502 ταῦ
2744 4465 2832 4520 ρον
2859 4449 3043 4512 Ἀπιν,
3071 4446 3323 4501 κελεῦσαι
3347 4447 3488 4518 ἱερὸν
3504 4446 3672 4500 αὐτοῦ
3692 4447 3810 4509 τοὺς

561 4543 877 4614 toparchias
917 4544 972 4598 in
997 4543 1133 4600 alias
1161 4544 1461 4614 portiones,
1493 4559 1725 4615 quarum
1755 4547 1995 4601 minimae
2013 4561 2142 4602 arva

2247 4543 2434 4613 ὄχλους
2461 4541 2908 4614 καθιδρύσασθαι,
2939 4541 3035 4595 καὶ
3058 4540 3128 4595 τά
3155 4538 3275 4604 ζῶα
3306 4539 3377 4594 τὰ
3410 4540 3813 4613 καθιερωθέντα

561 4644 723 4691 erant
753 4643 809 4692 et
849 4634 1089 4708 Egyptii
1117 4637 1221 4690 hac
1250 4636 1524 4706 exquisita
1551 4637 1866 4707 minutaque
1899 4635 1986 4692 usi
2012 4648 2141 4692 sunt

562 4725 838 4783 divisione
888 4738 1113 4798 propter
1162 4728 1456 4783 continuas
1507 4727 1695 4782 ﬁnium
1753 4726 2138 4794 confusiones,

563 4830 785 4891 propter
836 4819 944 4875 Nili
979 4822 1340 4889 incrementa,
1373 4820 1468 4891 qui
1517 4827 1714 4876 auctus
1757 4819 1844 4875 bis
1887 4817 2140 4885 addebat,

560 4913 688 4995 aliis
733 4913 1030 4982 adimebat,
1063 4915 1247 4969 omnia
1289 4929 1447 4970 versa
1490 4912 1632 4968 facie
1663 4927 1849 4968 rerum
1899 4926 2142 4967 commu-

524 5005 709 5072 'tans,
752 5005 961 5076 ﬁguris,
997 5008 1277 5077 signisque
1310 5006 1545 5062 obrutis.
1573 5004 1650 5061 De
1679 5004 1764 5060 his
1800 5002 2141 5075 praefecturis

562 5099 688 5154 vide
717 5095 1039 5162 Diodorum,
1070 5097 1334 5164 Plinium,
1363 5105 1420 5152 et
1449 5098 1608 5152 alios.

631 5189 795 5254 ibid.,
823 5190 918 5242 lin.
949 5188 1040 5242 29.
1073 5187 1311 5256 Πρῶτος
1343 5189 1453 5260 γὰρ
1477 5185 1675 5256 οὗτος.
1699 5187 2005 5244 Alexander
2035 5185 2140 5243 Ρο-

561 5281 796 5353 lyhistor
842 5281 986 5351 apud
1015 5279 1349 5336 Eusebium:
1397 5281 1710 5351 Εὐπόλεμος
1753 5280 1812 5333 δέ
1861 5295 1995 5352 φησι
2047 5279 2138 5333 τὸν

561 5375 769 5445 Μωσῆν
801 5373 1015 5444 πρῶτον
1043 5371 1204 5441 σοφὸν
1223 5371 1494 5440 γενέσθαι,
1520 5373 1613 5426 καὶ
1636 5370 1938 5442 γράμματα
1965 5385 2139 5439 παρα-

561 5466 746 5522 δοῦναι
801 5469 914 5530 τοῖς
965 5465 1239 5528 Ἰουδαίοις
1280 5464 1528 5536 πρῶτονσ
1578 5463 1728 5536 παρὰ
1777 5464 1835 5518 δὲ
1872 5461 2138 5515 Ἰουδαίων

562 5557 808 5622 Φοίνικας
852 5555 1207 5630 παραλαϐεῖν,
1248 5555 1515 5627 Ἕλληνας
1551 5555 1608 5608 δὲ
1658 5554 1810 5625 παρὰ
1855 5552 2134 5615 Φοινίκων,

565 5651 759 5720 νόμους
800 5669 861 5704 τε
904 5651 1120 5723 πρῶτον
1167 5649 1376 5722 γράψαι
1431 5649 1636 5721 Μωσῆν
1679 5650 1792 5712 τοῖς
1839 5645 2134 5708 Ἰουδαίοις.

565 5747 816 5801 Clemens
847 5746 1268 5816 Alexandrinus,
1296 5751 1388 5808 lib.
1417 5769 1431 5807 ι
1467 5750 1672 5808 Strom.
1701 5741 2047 5814 ;Εὐπόλεμος
2079 5740 2135 5794 δὲ

566 5837 626 5891 ὲν
654 5835 728 5908 τῷ
757 5838 882 5891 πεοί
908 5839 1014 5895 τῶν
1048 5843 1103 5895 ὲν
1126 5843 1190 5913 τῇ
1234 5841 1452 5918 Ἰουδςπῖν
1489 5837 1749 5915 ξπτιλέων
1778 5833 1869 5889 τὸν
1896 5832 2144 5904 Μωῢσῆν-

2245 4634 2349 4687 ὑπὸ
2391 4633 2485 4687 τοῦ
2529 4633 2765 4688 Μωΰσου
2809 4633 3048 4688 κελεύειν
3091 4634 3209 4688 ἐκεῖ
3252 4632 3516 4704 φέροντας
3565 4633 3806 4698 θάπτειν,

2242 4722 2645 4793 κατακρύπτειν
2677 4721 2845 4776 θέλων
2869 4721 2962 4776 τοῦ
2991 4723 3224 4778 Μωΰσου
3253 4724 3616 4794 ἐπινοήματα.

2309 4811 2472 4877 lbid.,
2495 4811 2594 4866 lin.
2622 4811 2712 4867 48.
2751 4812 2863 4866 Τὸν
2883 4811 2952 4866 δὲ
2975 4812 3181 4882 ὄχλον.
3218 4811 3296 4868 De
3333 4812 3438 4868 hoc
3465 4813 3630 4869 verba
3655 4815 3805 4869 Arta-

2240 4901 2380 4973 pani.
2397 4917 2561 4972 supra
2594 4901 2900 4972 posuimus.

2310 4993 2473 5058 Ibid.,
2503 4993 2598 5048 lin.
2623 4993 2712 5048 54.
2747 4990 3155 5058 Ἇποξενώσας
3177 4991 3264 5047 δέ.
3287 4990 3598 5060 Artapanus
3621 4992 3806 5046 :‘Am—

2240 5084 2589 5154 ξενωσάντων
2618 5085 2676 5139 δὲ
2716 5083 2877 5139 αὐτὸν
2917 5083 3026 5138 τῶν
3061 5082 3392 5152 Αἰγυπτίων,
3427 5082 3802 5153 ,ὁρκομοτῆσαι

2237 5181 2364 5243 τοὺς
2402 5179 2592 5250 φίλους
2629 5177 2704 5249 μὴ
2738 5176 3046 5245 ἐξαγγεῖλαι
3092 5174 3173 5246 τῷ
3202 5175 3422 5246 Μωῢσῳ
3454 5174 3556 5246 τὴν
3589 5176 3804 5227 ἐπισυν-

2241 5272 2536 5344 ισταμένην
2570 5270 2716 5341 αὐτῷ
2769 5269 3078 5341 ἐπιϐουλὴν,
3133 5269 3226 5322 καὶ
3273 5266 3641 5340 προϐαλέσθαι
3681 5266 3804 5327 τοὺς

2237 5365 2630 5438 ἀναιρήσοντας
2652 5362 2832 5416 αὐτόν.
2859 5360 3104 5431 Μηδενδς
3129 5360 3174 5413 δ’
3203 5359 3637 5424 ὑπακούσαντος,
3666 5358 3798 5411 ὀνει-

2237 5457 2380 5512 δίσαι
2410 5455 2502 5510 τὸν
2527 5453 2810 5524 Χενεφρῆν
2837 5450 3182 5523 Χανενὼθην,
3231 5451 3323 5504 τὸν
3367 5449 3600 5522 μάλιστα
3641 5463 3802 5522 προσ-

2235 5548 2631 5621 αγορευόμενον
2669 5543 2761 5599 ὑπ’
2798 5543 2986 5614 αὑτοῦ.
3010 5543 3114 5596 Τὸν
3143 5542 3222 5610 δὲ,
3251 5540 3642 5608 ὀνειδισθέντα,
3674 5541 3802 5595 ὐπο-

2237 5640 2458 5714 σχέσθαι
2483 5639 2584 5710 τὴν
2612 5637 2874 5704 ἐπίθεσιν,
2906 5634 3139 5689 λαϐόντα
3169 5635 3378 5706 καιρόν.

2302 5733 2463 5800 lbid.,
2493 5731 2592 5788 lin.
2621 5729 2710 5788 59.
2749 5730 2883 5785 Τότε
2908 5727 2984 5797 δὴ
3007 5729 3106 5784 καί
3133 5728 3263 5798 τῆς.
3286 5726 3596 5797 Artapanus
3622 5742 3637 5780 :
3670 5722 3805 5778 Ύπδ

2235 5829 2292 5884 δὶ
2332 5825 2516 5882 τοῦτον
2553 5824 2643 5880 τὸν
2688 5822 2876 5893 καιρὸν
2923 5820 3018 5890 τῆς
3066 5820 3333 5891 Μέῤῥιδος
3380 5817 3817 5888 τελευτησάσηςση
