4064 6290
300 361 439 418 1053

1239 369 1308 424 ΙΝ
1347 369 1711 426 EUSTATHH
1749 370 2216 433 HEXAEMERON
2254 378 2480 438 NOTM.

3388 396 3522 451 105$

299 472 626 544 ὑποσχέσθαι
659 473 750 528 τδν
773 477 1055 551 Χενεφρῆν
1082 478 1160 550 τῷ
1186 497 1246 534 τε
1277 483 1494 553 Μωΰσῳ
1521 485 1614 538 καὶ
1637 483 1716 554 τῷ
1745 486 1855 538 Χα-

1958 487 2145 555 phanti
2179 509 2198 545 :
2231 478 2381 562 cujus
2418 497 2738 551 naturaliter
2763 499 2921 565 dura,
2953 510 3002 556 et
3032 519 3217 571 aspera
3245 507 3397 576 pellis
3427 528 3523 565 na-

297 565 505 639 νενὼθῃ
528 566 589 618 τὸ
620 566 797 638 σῶμα,
837 567 998 636 ὥστε,
1029 573 1448 644 διακομίσαντας
1474 577 1552 639 είς
1573 577 1699 639 τοὺς
1721 577 1858 647 ὑπὲρ

296 658 571 730 Αἴγυπτον
600 661 816 728 τόπους,
868 663 1052 734 θάψαι,
1105 665 1443 721 ὑπολαϐόντα
1486 667 1579 721 τὸν
1629 668 1858 722 Μώῦσον

298 750 405 806 ὑπὸ
439 751 532 806 τοῦ
562 751 815 807 Χανενὼθ
861 755 1330 828 ἀναιρεθήσεσθαι.
1377 759 1762 831 Πορευομένων
1803 759 1860 812 δὲ

297 845 499 911 αὐτῶν,
540 845 636 917 τὴν
669 847 958 918 ἐπιϐουλὴν
985 849 1062 920 τῷ
1093 851 1310 922 Μωΰσῳ
1357 851 1665 922 ἐξαγγεῖλαι
1714 869 1855 906 τινα.

299 937 402 992 Τὸν
425 937 482 996 δὲ
514 938 852 1008 φυλάσσοντα
879 941 1038 995 αὐτὸν
1068 942 1166 1012 τὴν
1196 944 1290 1014 μὲν
1319 945 1528 1016 Μέρριν
1559 944 1745 1014 θάψαι,
1769 945 1860 1000 τὸν

297 1030 355 1084 δὲ
393 1031 654 1101 ποταμὸν,
698 1032 792 1084 καὶ
826 1031 920 1103 τὴν
946 1035 1003 1086 ἐν
1037 1034 1227 1105 ἐκείνῳ
1252 1035 1404 1088 πόλιν
1436 1037 1653 1108 Μερόην
1689 1055 1860 1110 προσ-

257 1184 266 1201 .
299 1122 614 1195 αγορεῦσαι.
640 1124 911 1194 Τιμᾶσθαι
943 1125 1000 1177 δὲ
1038 1125 1136 1197 τὴν
1170 1126 1378 1200 Μέρριν
1405 1128 1605 1198 ταύτην
1630 1128 1734 1182 ὑπὸ
1753 1129 1860 1184 τῶν

299 1216 580 1287 ἐγχωρίων
620 1216 720 1269 οὐκ
763 1216 978 1272 ἔλαττον
1008 1218 1040 1288 ἢ
1070 1218 1168 1289 τὴν
1198 1220 1352 1277 Ἰσιν.
1403 1219 1679 1286 Omnium,
1723 1235 1861 1290 quas

298 1306 456 1363 Nilus
499 1307 667 1362 ambit
709 1308 945 1362 maxima
986 1317 1041 1364 et
1073 1310 1439 1380 pulcherrima
1471 1312 1671 1367 insula.
1707 1311 1859 1365 Multi

297 1399 682 1454 existimarunt
725 1399 869 1454 inter
914 1415 1051 1469 quos
1098 1399 1368 1471 Josephus
1404 1403 1501 1460 lib.
1531 1418 1569 1457 ιι
1598 1401 1858 1473 Antiquit.

295 1489 513 1545 Judaic.
559 1491 754 1548 nomen
803 1507 834 1546 a
887 1493 1065 1549 Meroe
1100 1495 1384 1566 Cambysis
1420 1510 1626 1556 sorore,
1665 1495 1769 1562 vel,
1801 1503 1861 1550 ut

299 1581 568 1640 Diodorus
597 1585 692 1651 ait,
725 1593 900 1642 matre
936 1587 1009 1641 ibi
1052 1598 1287 1654 mortua,
1318 1603 1440 1643 cum
1474 1587 1542 1641 ad
1572 1587 1861 1658 IEthiOpas

295 1672 581 1743 ingressus
603 1684 770 1739 esset,
793 1674 1090 1743 habuisse;
1114 1675 1235 1746 ejus
1259 1677 1506 1732 meminit
1527 1675 1858 1732 Herodotus.

295 1760 374 1820 De
394 1778 457 1819 ea
483 1763 757 1829 Lucanus,
788 1765 882 1822 lib.
911 1782 944 1820 ιι
980 1783 994 1820 :

434 1875 680 1948 émbitur
713 1876 886 1948 nigris
903 1875 1078 1932 Meroe
1104 1879 1331 1948 fecunda
1359 1875 1556 1932 colonis

436 1943 584 1998 Laeta
613 1943 783 2000 comis
804 1947 1007 2011 hebeni,
1040 1943 1144 2002 etc.

287 2033 419 2089 Fuit
460 2036 631 2106 regia.
676 2045 730 2092 et
779 2040 1094 2108 metropolis
1140 2039 1477 2111 Ethiopum.
1511 2041 1855 2107 Heliodorus,

285 2125 388 2178 lib.
408 2141 440 2179 ι
465 2126 561 2180 τἨ
581 2127 688 2196 γάρ
710 2127 772 2198 δὴ
792 2128 998 2200 Μερόη,
1030 2131 1361 2202 μητρόπολις
1389 2127 1522 2184 οὖσα
1541 2132 1651 2184 τῶν
1676 2133 1858 2185 Αἰθιό-

287 2232 431 2282 πων,
459 2216 528 2275 τὰ
560 2217 659 2287 μὲν
679 2217 814 2271 ἄλλα
839 2219 955 2270 ἐστὶ
983 2220 1144 2289 νῆσος
1181 2221 1577 2292 τριγωνίζουσα
1597 2225 1858 2294 ποταμοῖς

287 2306 370 2380 τῷ
404 2325 462 2360 τε
501 2309 679 2380 Νείλῳ
717 2311 810 2370 καὶ
852 2309 932 2380 τῷ
982 2310 1304 2382 Ἀσταϐόρα,
1346 2313 1438 2365 καὶ
1473 2312 1551 2383 τῷ
1593 2313 1858 2386 Ἀσασόϐᾳ

286 2399 711 2470 περιρῤεομένη,
755 2400 846 2454 τοῦ
888 2401 987 2471 μὲν
1035 2403 1175 2457 κατὰ
1211 2403 1456 2475 κορυφὴν
1498 2404 1858 2475 ἐμπίπτοντος

284 2488 384 2542 τοῦ
423 2489 636 2553 Νείλου,
678 2490 773 2549 καὶ
805 2491 940 2563 πρὸς
974 2493 1210 2565 ἑκάτερα
1238 2493 1574 2565 σχιζομένου,
1607 2495 1714 2549 τῶν
1739 2495 1857 2549 ἐτέ-

290 2599 401 2654 ρων
444 2581 500 2635 δὲ
549 2582 691 2636 δυοῖν
722 2583 863 2642 κατὰ
893 2585 1130 2656 πλευρὰν
1159 2588 1421 2659 ἑκατέραν
1454 2588 1680 2660 θατέρου
1711 2606 1855 2661 παρ-

288 2673 650 2744 αμειϐόντων,
693 2676 787 2728 καὶ
819 2671 974 2740 αὖθις
1003 2676 1250 2746 ἀλλήλοις
1280 2678 1716 2749 συμπιπτόντων,
1763 2678 1857 2732 καὶ

289 2771 373 2832 είς
409 2768 507 2822 ἕνα
537 2768 630 2826 τὸν
665 2768 856 2822 Νεῖλον
883 2770 944 2823 τό
973 2788 1032 2823 τε
1055 2771 1234 2843 ῥεῦμα
1264 2771 1326 2824 τό
1352 2789 1412 2824 τε
1440 2772 1608 2843 ὄνομα
1633 2774 1858 2825 ἐκνικω-

295 2862 496 2932 μένων.

361 2953 478 3008 Col.
503 2954 626 3017 785,
657 2955 752 3009 lin.
797 2955 850 3010 8.
887 2956 1080 3022 Αὐτὸς
1117 2954 1185 3010 δὲ
1231 2957 1300 3010 ἐκ
1334 2955 1467 3026 μέν.
1513 2955 1854 3025 Artapanus:

304 3044 552 3115 Ἀαρῶνα
591 3046 648 3098 δέ
681 3046 770 3099 τὸν
807 3046 900 3099 τοῦ
932 3048 1166 3101 Μωΰσου
1206 3046 1452 3116 ἀδελφὸν,
1495 3045 1567 3100 τὰ
1604 3048 1732 3117 περὶ
1758 3046 1857 3117 τὴν

288 3135 580 3207 ἐπιϐουλὴν
625 3137 936 3206 ἐπιγνόντα,
973 3139 1369 3210 συμϐουλεῦσαι
1399 3137 1475 3209 τῷ
1513 3138 1726 3209 ἀδελφῷ
1755 3155 1855 3208 φυ-
1880 3162 1927 3223 6

287 3229 407 3295 γεῖν
429 3229 508 3291 είς
537 3229 641 3300 τὴν
673 3231 947 3301 Ἀραϐίαν.
983 3232 1088 3285 Τὸν
1124 3231 1202 3296 δὲ,
1235 3231 1546 3293 πεισθέντα,
1572 3231 1678 3283 ἀπὸ
1704 3231 1855 3301 Μέμ-

287 3335 434 3390 φεως
468 3322 559 3374 τὸν
595 3323 784 3376 Νεῖλον
827 3323 1244 3388 διαπλεύσαντα,
1292 3322 1728 3378 ἀπαλλάσσεσθαι
1775 3325 1855 3385 είς

282 3409 388 3480 τὴν
437 3412 713 3482 Ἀραϐίαν.
760 3413 864 3466 Τὸν
907 3414 964 3466 δέ
1008 3412 1354 3485 Χανεθώθην,
1409 3413 1706 3484 πυθόμενον
1760 3411 1852 3464 τοῦ

284 3503 524 3557 Μωΰσου
576 3505 674 3575 τὴν
727 3505 923 3577 φυγὴν,
985 3505 1281 3577 ἐνεδρεύειν
1342 3505 1417 3568 ὡς
1471 3506 1851 3577 ἀναιρήσοντα.

298 3589 500 3645 ’ἰδόντα
539 3591 594 3652 δέ
637 3592 946 3663 ἐρχόμενον,
990 3594 1298 3649 σπάσασθαι
1328 3595 1427 3666 τὴν
1465 3586 1737 3667 μάχαιραν
1767 3597 1853 3649 ἐπ’

281 3678 472 3732 αὐτόν.
526 3680 628 3731 Τὸν
671 3681 732 3738 δὲ,
774 3681 1026 3746 Μώῦσον,
1067 3683 1613 3754 προκατασχήσαντα,
1654 3684 1754 3753 τήν
1793 3701 1854 3736 τε

280 3773 448 3842 χεῖρα
490 3775 782 3847 κατασχεῖν
815 3773 1000 3838 αὑτοῦ,
1050 3774 1142 3827 καὶ
1187 3774 1529 3843 σπασάμενον
1572 3775 1632 3826 τὸ
1682 3773 1853 3842 ξίφος,

281 3861 544 3937 φονεῦσαι
569 3863 658 3921 τὸν
685 3862 1026 3934 Χανεθὼθην.
1051 3864 1371 3934 Διεκδράναι
1394 3865 1452 3916 δὲ
1475 3867 1554 3928 είς
1577 3864 1670 3936 τὴν
1705 3867 1856 3936 Ἀρα-

282 3953 412 4008 ϐίαν
435 3954 528 4008 καὶ
566 3955 874 4026 Ῥαγουήλῳ
895 3954 971 4025 τῷ
992 3954 1098 4007 τῶν
1121 3956 1299 4009 τόπων
1322 3955 1539 4028 ἄρχοντι
1566 3956 1850 4028 συμϐιοῦν,

284 4046 519 4101 λαϐόντα
550 4046 647 4118 τὴν
681 4048 887 4101 ἐκείνου
919 4046 1214 4116 θυγατέρα.

354 4138 516 4196 lbid..
549 4138 644 4192 lin.
669 4139 758 4194 25.
793 4139 1027 4207 Πρῶτος
1053 4139 1162 4209 γάρ
1186 4151 1329 4196 παν.
1349 4138 1658 4207 Artapanus
1686 4139 1854 4192 εὙπὸ

285 4227 347 4282 δὲ
372 4227 462 4280 τὸν
491 4227 650 4281 αὐτὸν
683 4227 873 4299 χρόνον
914 4229 1008 4281 καὶ
1045 4227 1326 4298 Χενεφρῆν
1359 4227 1572 4299 πρῶτον
1604 4229 1854 4287 ἁπάντων

283 4321 588 4393 ἀνθρώπων
616 4325 1072 4393 ἐλεφαντιάσαντα
1104 4325 1448 4397 μεταλλάξαι.
1483 4326 1668 4398 Τούτῳ
1696 4327 1752 4380 δὲ
1775 4326 1855 4398 τῷ

284 4414 448 4470 πάθει
501 4420 814 4488 περιπεσεῖν
859 4417 944 4471 διὰ
985 4418 1045 4471 τὸ
1083 4419 1172 4471 τοῦ
1221 4419 1504 4483 Ἰουδαίους
1549 4419 1852 4490 προστάξαι

1961 598 2077 635 men
2102 584 2281 638 morbo
2303 587 2356 639 in
2387 587 2684 643 hominibus
2712 591 2856 644 dedit
2882 608 2901 647 :
2933 594 3056 663 quia
3089 600 3318 666 corporis
3344 617 3524 670 super-

1961 673 2130 741 ﬁciem
2172 675 2397 729 similem
2430 678 2561 745 facit
2607 679 3000 748 elephantorum
3043 687 3152 738 cuti
3195 703 3212 739 :
3261 690 3364 743 sive
3399 694 3523 760 quia

1959 765 2138 833 ingens
2163 767 2344 833 passio
2372 777 2468 832 est,
2495 769 2630 822 sicut
2654 771 2855 825 animal
2882 774 3074 842 ipsum,
3107 792 3171 828 ea:
3201 794 3300 846 quo
3323 780 3526 836 deriva-

1963 865 2073 908 tum
2111 857 2255 910 ducit
2299 876 2508 916 nomen.
2552 861 2766 928 Celsus,
2818 865 2913 918 lib.
2965 881 3048 929 ιιι,
3097 882 3216 937 cap.
3253 869 3342 936 25,
3390 886 3524 940 pene

1961 946 2204 1016 ignotum
2247 949 2301 1002 in
2345 948 2501 1004 Italia
2545 953 2817 1018 morbum,
2850 955 2943 1020 ait,
2985 956 3038 1009 in
3078 958 3400 1027 quibusdam
3435 978 3524 1017 re-

1961 1037 2214 1108 gionibus
2266 1037 2792 1110 frequentissimum.
2845 1044 3148 1112 Lucretius,
3203 1049 3298 1104 lib.
3349 1067 3402 1105 vi
3450 1051 3526 1106 De

1959 1147 2154 1185 rerum.
2212 1142 2416 1198 natur.,
2469 1136 2638 1190 solam
2695 1136 2989 1208 Egyptum
3051 1141 3360 1209 molestare,
3423 1161 3524 1200 nec

1961 1223 2122 1277 aliam
2153 1225 2428 1294 regionem
2461 1243 2690 1298 usquam
2719 1247 2732 1282 :

1997 1313 2096 1390 Est
2119 1315 2339 1390 elephas
2357 1318 2593 1383 morbus,
2627 1321 2715 1390 qui
2743 1332 2955 1390 propter
2981 1324 3205 1390 [Iuntina
3240 1324 3358 1380 Nili

1998 1383 2245 1455 Gignitur
2267 1386 2498 1458 ZEgypto
2526 1391 2580 1443 in
2608 1383 2801 1457 media,
2824 1383 2991 1461 neque.
3008 1405 3259 1460 prwterea
3279 1413 3522 1467 usquam.

1960 1477 2189 1544 Plinius,
2224 1479 2319 1534 lib.
2354 1497 2500 1545 χχιχ,
2533 1498 2653 1552 cap.
2681 1484 2732 1547 l,
2768 1486 2957 1540 scribit
2997 1487 3217 1558 [Egypti
3254 1493 3526 1559 peculiare

1961 1571 2064 1626 hoc
2096 1575 2318 1638 malum,
2351 1576 2403 1629 in
2439 1576 2588 1629 Italia
2614 1592 2830 1645 quoque
2864 1587 3149 1648 vagatum;
3183 1581 3323 1636 vide.

2031 1660 2190 1727 lbid.,
2227 1665 2325 1721 lin.
2359 1664 2448 1720 56.
2493 1667 2622 1720 Ἐπὶ
2656 1665 2806 1736 γοῦν
2825 1666 2900 1735 τῇ
2925 1670 3188 1739 τοιαύτῃ.
3216 1669 3527 1742 Artapanus

1962 1755 2102 1822 apud
2129 1752 2439 1814 Eusebium.
2479 1755 2729 1812 Clemens
2765 1759 3166 1816 Alexandrinus
3196 1778 3262 1816 ex
3295 1764 3520 1818 eodem:

1882 1823 1933 1885 Β
1972 1845 2304 1916 Ἀρτάπανος
2328 1847 2458 1914 γοῦν
2478 1850 2537 1901 ἐν
2562 1848 2640 1919 τῷ
2674 1850 2801 1920 περὶ
2841 1850 3106 1905 Ἰουδαίων
3137 1855 3526 1925 συγγράμματι

1961 1937 2160 2008 ἱστορεῖ
2186 1939 2638 1993 κατακλεισθέντα
2691 1943 2772 2004 εἰς
2826 1942 3072 2014 φυλακὴν
3125 1946 3365 1999 Μωῦσέα
3421 1948 3528 2000 ὑπὸ

1957 2029 2279 2100 Νεχεφρέως
2309 2031 2401 2084 τοῦ
2428 2033 2738 2101 Αἰγυπτίων
2779 2034 3061 2104 βασιλέως,
3094 2039 3184 2090 ἐπὶ
3216 2039 3296 2108 τῷ
3328 2057 3527 2111 παραι-

1955 2120 2163 2173 τεῖσθαι
2209 2120 2301 2174 τὸν
2345 2120 2469 2176 λαὸν
2511 2122 2570 2187 ἐξ
2608 2123 2881 2191 Αἰγύπτου
2927 2126 3280 2198 ἀπολυθῆναι,
3311 2129 3526 2200 νύκτωρ

1957 2212 2290 2282 ἀνοιχθέντος
2323 2213 2416 2266 τοῦ
2437 2215 2806 2287 δεσμωτηρίου
2834 2218 2971 2270 κατὰ
3000 2217 3248 2288 βούλησιν
3274 2220 3367 2272 τοῦ
3389 2219 3524 2274 Θεοῦ

1957 2303 2259 2372 ἐξελθόντα,
2292 2307 2385 2358 καὶ
2412 2309 2490 2370 εἰς
2517 2307 2583 2360 τὰ
2605 2306 2849 2377 βασίλεια
2868 2309 3204 2380 παρελθόντα
3239 2312 3524 2383 ἐπιστῆναι

1957 2397 2285 2468 κοιμωμένῳ
2309 2398 2386 2468 τῷ
2421 2398 2645 2468 βασιλεῖ,
2678 2401 2771 2454 καὶ
2799 2400 3066 2472 ἐξεγεῖραι
3101 2404 3281 2457 αὐτόν.
3319 2405 3420 2458 Τὸν
3445 2405 3522 2460 δὲ.

1958 2488 2375 2556 καταπλαγέντα
2406 2489 2482 2560 τῷ
2516 2491 2780 2558 γεγονότι,
2824 2491 3075 2545 κελεῦσαι
3108 2492 3185 2564 τῷ
3222 2495 3428 2566 Μωῢσῇ
3463 2496 3527 2549 τὸ

1956 2578 2050 2633 τοῦ
2096 2579 2408 2650 πέμψαντος
2459 2583 2630 2634 εἰπεῖν
2679 2582 2848 2653 ϐνομα
2895 2583 3049 2637 Θεοῦ.
3103 2587 3213 2637 Καὶ
3255 2586 3346 2639 τὸν
3403 2587 3522 2658 μὲν,

1957 2672 2348 2742 προσκύψαντα
2383 2672 2517 2744 πρὸς
2540 2672 2600 2725 τὸ
2628 2669 2741 2737 οῦς,
2769 2676 2961 2727 εἰπεῖν·
3002 2676 3309 2730 ἀκούσαντα
3348 2677 3405 2730 δέ
3435 2678 3524 2732 τδν

1961 2764 2184 2834 βασιλέα
2227 2764 2440 2834 ἄφωνον
2485 2770 2689 2820 πεσεῖν’
2734 2767 3163 2838 διακρατηθέντα
3194 2769 3252 2824 δὲ
3287 2770 3392 2823 ὑπὸ
3429 2770 3524 2824 τοῦ

1956 2857 2234 2921 Μωῢσέως
2263 2857 2424 2910 πάλιν
2451 2858 2766 2914 ἀναϐιῶναι.
2802 2858 2858 2914 Id
2882 2860 3021 2914 idem
3053 2869 3107 2914 et
3134 2859 3526 2918 Graecisl'abu-

1956 2950 2131 3004 larum
2186 2949 2485 3005 involucris
2537 2953 2809 3019 innotuit,
2861 2953 2918 3006 ὐ
2968 2953 3292 3024 Ἐνδυμίων,
3351 2957 3526 3027 inquit

1956 3038 2196 3095 Joannes
2226 3040 2603 3096 Antiochenus
2630 3043 2685 3096 in
2710 3041 3096 3113 Archwologia,
3123 3044 3208 3098 διὰ
3251 3047 3526 3116 μυστικῶν

1957 3133 2128 3204 εύχῶν
2164 3132 2270 3186 ἀπὸ
2299 3133 2397 3204 τῆς
2427 3134 2656 3206 σελήνης
2685 3135 2933 3188 ἐϐούλετο
2963 3136 3151 3205 μαθεῖν
3180 3137 3242 3190 τὸ
3269 3139 3363 3191 τοῦ
3390 3138 3524 3192 Θεοῦ

1955 3225 2146 3296 ὄνομα,
2176 3227 2272 3279 καὶ
2298 3226 2364 3279 δι’
2398 3226 2603 3296 ὀνείρου
2637 3226 2822 3296 μαθὼν
2855 3227 3148 3296 ἀπέψυξεν.
3185 3229 3243 3282 'O
3275 3228 3331 3282 δὲ
3357 3229 3526 3300 μῦθός

1957 3333 2118 3387 φησιν
2149 3316 2308 3370 αὐτὸν
2346 3316 2449 3370 ὑπὸ
2484 3318 2582 3388 τῆς
2611 3317 2846 3388 Σελήνης
2875 3317 3161 3386 φιλεῖσθαι.
3192 3317 3398 3373 Nomen
3425 3319 3524 3376 Dei

1956 3408 2101 3474 Ioth,
2137 3409 2220 3470 he,
2252 3426 2372 3472 vau,
2415 3409 2496 3472 he,
2532 3409 2677 3478 quod
2720 3411 2930 3480 antiqui
2969 3411 3225 3466 dixerunt
3262 3411 3522 3484 ἄρρητον,

1955 3496 2354 3567 ἀνεκφώνητον,
2407 3497 2697 3552 ineﬂ‘abilc.
2747 3498 2831 3552 An
2870 3501 3017 3570 quod
3047 3500 3198 3556 ell‘ari
3236 3501 3372 3556 illud
3413 3518 3524 3558 non

1955 3597 2198 3660 possent,
2243 3604 2312 3643 an
2352 3590 2497 3659 quod
2539 3589 2798 3661 religione
2827 3592 3061 3661 quadam
3099 3592 3167 3647 ab
3205 3607 3270 3648 eo
3308 3592 3524 3648 etfando

1955 3683 2310 3747 abstinerent,
2363 3684 2414 3738 id
2457 3683 2620 3754 prisci
2655 3700 2843 3740 omnes
2888 3685 3210 3755 interpretes
3237 3687 3524 3760 diligenter

1955 3781 2262 3838 servarunt,
2299 3789 2396 3842 pro
2424 3789 2490 3827 eo
2513 3773 2660 3827 aliud
2687 3775 2922 3846 legentes
2949 3784 3002 3830 et
3025 3775 3198 3830 Graeci
3221 3779 3350 3832 olim
3375 3779 3523 3848 quod

1955 3868 2215 3938 scriptum
2268 3874 2384 3920 erat
2435 3865 2717 3922 Hebraicis
2767 3867 3178 3924 characteribus
3231 3869 3385 3936 loth,
3438 3872 3520 3932 he,

1953 3973 2076 4016 vau,
2114 3955 2195 4019 he,
2229 3965 2369 4018 m'n,
2413 3965 2633 4028 propter
2673 3957 3078 4014 similitudinem
3109 3961 3355 4031 legebant
3393 3965 3520 4031 pipi,

1953 4048 2096 4118 quod
2145 4055 2326 4102 tamen
2377 4063 2482 4102 non
2513 4049 2705 4118 probat
2737 4049 3102 4124 Hieronymus
3135 4055 3352 4124 epistol.
3389 4055 3516 4109 £56:

1955 4131 2159 4185 Nomen
2189 4135 2700 4206 τετραγράμματον,
2731 4139 2866 4208 quod
2895 4140 3296 4212 ἁνεκφώνητον,
3327 4143 3384 4197 id
3418 4155 3519 4212 est,

1954 4225 2549 4295 ineffabile-putaverunt
2586 4228 2723 4298 quod
2762 4231 2842 4284 his
2871 4230 3062 4286 litteris
3089 4235 3359 4301 scribitur,
3396 4236 3516 4300 Iod,

1953 4315 2035 4381 Ite,
2067 4333 2186 4384 vau,
2215 4318 2277 4371 Ite
2304 4335 2322 4372 :
2349 4319 2504 4390 quod}
2527 4321 2742 4390 quidam
2786 4340 2889 4377 non
2920 4326 3269 4398 intelligentes
3299 4341 3520 4400 propter

1952 4409 2321 4465 elementorum
2351 4412 2772 4480 similitudinem,
2805 4432 2921 4469 cum
2952 4419 3006 4471 in
3036 4416 3234 4474 Graecis
3262 4421 3414 4477 libris
3436 4441 3520 4478 re-

286 4507 527 4571 σινδόνας
558 4510 971 4580 ἀμφιέννυσθαι,
1005 4513 1163 4584 ἐρεᾶν
1195 4513 1240 4565 δ’
1268 4513 1470 4584 ἐσθῆτα
1498 4513 1571 4584 μὴ
1605 4513 1851 4585 ἀμπέχε-

1954 4505 2195 4571 pererint,
2249 4504 2357 4573 pipi
2416 4505 2580 4576 legere
2627 4519 3021 4566 consueverunt.
3079 4510 3280 4568 Verum
3307 4529 3426 4568 cum
3453 4517 3521 4572 de

286 4597 434 4661 σθαι,
483 4600 630 4664 ὅπως
671 4601 823 4664 ὅντες
857 4603 1114 4674 ἐπίσημοι
1147 4601 1480 4668 κολάζωνται
1530 4605 1620 4658 ὑπ’
1662 4605 1847 4661 αὐτοῦ.

283 4691 364 4746 Eo
397 4693 608 4756 morbo,
636 4702 692 4747 ut
716 4693 880 4749 refert
909 4695 1194 4751 Cornelius
1227 4695 1438 4760 Celsus,
1471 4707 1523 4750 et
1547 4698 1660 4760 alii,
1685 4707 1852 4751 totum

281 4797 468 4852 corpus
505 4785 728 4853 afﬁcitur
755 4786 831 4838 ita
869 4794 926 4838 ut
967 4802 1088 4839 ossa
1115 4802 1314 4856 quoque
1353 4788 1534 4841 vitiari
1577 4788 1844 4854 dicantur,

280 4890 489 4929 summa
509 4892 634 4944 pars
668 4878 900 4945 corporis
933 4876 1142 4930 crebras
1169 4878 1406 4932 maculas
1435 4877 1742 4949 crebrosque
1766 4889 1850 4931 tu-

281 4979 451 5018 mores
479 4965 652 5021 Itabet.
681 4965 862 5020 Rubor
889 4967 1076 5020 harum
1103 4967 1365 5034 paulatim
1394 4968 1450 5020 in
1483 4976 1658 5020 atrum
1693 4968 1851 5022 colo-

281 5071 390 5109 rem
418 5058 755 5123 convertitur,
783 5075 989 5112 summa
1021 5059 1154 5112 cutis
1176 5059 1510 5129 inaequaliter
1538 5077 1740 5125 crassa,
1773 5069 1851 5113 te-

279 5146 422 5210 nuis,
448 5147 605 5209 dura,
637 5148 912 5218 mollisque
936 5149 1088 5218 quasi
1121 5149 1354 5219 squamis
1381 5148 1693 5219 quibusdam
1721 5165 1848 5204 ema-

278 5244 543 5303 speratur,
574 5252 762 5305 corpus
791 5239 1115 5307 emacrescit,
1151 5257 1230 5303 os,
1259 5256 1421 5306 sane,
1454 5240 1606 5310 pedes
1623 5242 1846 5296 intume—

275 5336 452 5391 scunt,
488 5334 595 5382 etc.
631 5327 696 5394 Q.
731 5328 972 5386 Serenus
1004 5328 1421 5386 Sammonicus:

349 5438 448 5514 list
479 5440 685 5514 elephas
716 5443 928 5497 morbus
953 5444 1116 5498 tristis
1145 5460 1345 5514 quoque
1373 5445 1578 5500 nomine
1601 5444 1772 5514 dirus,

351 5509 475 5583 {Van
501 5512 673 5566 solum
697 5522 916 5580 turpans
939 5509 1173 5568 infandis
1199 5509 1292 5568 ora
1313 5515 1547 5583 papillis,

349 5581 455 5636 Sed
484 5583 586 5636 cito
617 5585 952 5653 prcecipitans
978 5584 1185 5654 funesto
1207 5581 1322 5654 fata
1353 5581 1561 5641 veneno.

281 5689 544 5760 Isidorus,
589 5697 684 5752 lib.
719 5712 794 5762 iv,
833 5712 953 5768 cap.
998 5697 1053 5761 8,
1101 5699 1338 5755 nominis
1371 5715 1589 5756 causam
1614 5700 1792 5756 reddit
1823 5719 1837 5754 :

284 5780 671 5844 Eleohantiasis
719 5789 931 5844 morbus
993 5790 1188 5844 dicitur
1235 5807 1297 5846 ea:
1341 5792 1686 5848 similitudine
1731 5792 1839 5848 ele-

1957 4594 2177 4648 nomine
2205 4594 2472 4650 inelfabili
2520 4611 2701 4651 sermo
2760 4598 2851 4661 sit,
2889 4601 3194 4654 conandum
3243 4611 3326 4658 est
3357 4606 3520 4658 etiam

1956 4686 2113 4740 nobis
2147 4686 2192 4740 si
2231 4687 2361 4757 quid
2408 4687 2670 4742 habemus
2702 4703 2800 4757 pro
2827 4687 3064 4755 Irenaeo,
3096 4692 3190 4746 lib.
3222 4709 3238 4746 ι
3269 4694 3520 4751 adversus

1955 4780 2142 4834 hwres.
2175 4796 2296 4849 cap.
2331 4780 2419 4844 12,
2455 4782 2526 4835 ita
2557 4783 2700 4835 enim
2730 4782 2895 4837 habet
2924 4801 2937 4836 :
2975 4783 3152 4852 Hujus
3189 4796 3364 4840 autem
3387 4806 3521 4858 qua-

1957 4871 2264 4923 ternationis
2296 4870 2569 4924 universus
2599 4887 2844 4923 numerus
2885 4880 2961 4924 est
3006 4871 3304 4926 litterarum
3337 4875 3521 4945 viginti

1953 4969 2179 5031 quatuor
2206 4977 2224 5014 :
2253 4960 2489 5032 ἄρῤητος
2529 4961 2666 5013 enim
2715 4976 2901 5014 nomen
2947 4960 3152 5016 litteras
3195 4961 3349 5017 habet
3379 4966 3434 5018 in
3463 4982 3520 5019 se

1953 5065 2165 5125 septem,
2214 5056 2337 5126 σιγή
2385 5056 2627 5124 quinque,
2662 5055 2843 5124 πατήρ
2875 5055 3115 5126 quinque,
3162 5054 3386 5128 ἀλήθεια
3436 5072 3519 5110 se-

1950 5160 2108 5219 ptem,
2133 5163 2247 5219 qare
2269 5147 2559 5216 composita
2592 5146 2646 5198 in
2673 5163 2726 5199 se
2760 5145 2838 5199 bis
2868 5147 3110 5217 quinque,
3137 5156 3186 5202 et
3221 5149 3298 5201 bis
3324 5157 3514 5203 sentem

1951 5257 2080 5295 xxxv
2124 5255 2398 5294 numerum
2444 5237 2888 5306 adimpleverum;
2947 5239 3161 5294 videtur
3206 5240 3348 5294 enim
3398 5237 3515 5292 falli

1949 5334 2206 5396 lrenaeus,
2257 5339 2350 5384 aut
2400 5346 2598 5385 nomen
2654 5329 2784 5385 illud
2831 5332 2954 5403 σιγή
2989 5347 3097 5386 una
3136 5331 3317 5386 littera
3353 5331 3515 5386 debet

1949 5427 2070 5482 ﬁeri
2105 5425 2336 5487 auctior,
2370 5439 2400 5477 a
2427 5423 2626 5495 quibus
2661 5439 2770 5478 non
2811 5423 3138 5479 dissentiunt
3173 5422 3356 5478 Graeca
3381 5422 3513 5492 Epi-

1947 5516 2154 5588 phanii.
2194 5515 2424 5582 Quidam
2459 5515 2686 5579 haerent,
2730 5531 2834 5571 nec
2876 5515 3062 5570 vident
3114 5514 3245 5584 quid
3297 5515 3367 5570 de
3417 5515 3513 5570 illo

1949 5607 2073 5677 σιγή
2103 5605 2340 5673 faciant;
2372 5605 2623 5660 dubitant
2649 5621 2718 5662 an
2751 5605 3031 5660 addendus
3063 5605 3327 5660 articulus
3356 5613 3416 5658 ut
3437 5605 3515 5662 sit

1947 5699 1980 5768 ἡ
2020 5696 2165 5768 σιγή,
2206 5711 2274 5750 an
2324 5697 2505 5767 potius
2542 5700 2924 5768 σιγῇν-ιιοιιιθιι
2953 5710 3019 5749 ex
3047 5693 3280 5761 inﬁnito;
3315 5707 3372 5751 ut
3404 5696 3516 5757 illis

1949 5807 2058 5847 non
2090 5789 2378 5857 satisfacit,
2430 5791 2502 5846 ita
2548 5805 2648 5846 nec
2692 5789 2854 5856 mihi;
2912 5788 3175 5846 articulus
3215 5806 3245 5845 a
3289 5791 3533 5848 nomine.
