  <div class='ocr_page' id='page_1' title='image "/cluster/home/n/w/nwhite01/storage/ocr_20150623/18/mdp.39015008168943/554.png"; bbox 0 0 4064 6290; ppageno 0'>
   <div class='ocr_carea' id='block_1_1' title="bbox 319 346 461 405">
    <p class='ocr_par' dir='ltr' id='par_1_1' title="bbox 319 346 461 405">
     <span class='ocr_line' id='line_1_1' title="bbox 319 346 461 405; baseline -0.014 0"><span class='ocrx_word' id='word_1_1' title='bbox 319 346 461 405; x_wconf 73' lang='grc'>1057</span> 
     </span>
    </p>
   </div>
   <div class='ocr_carea' id='block_1_2' title="bbox 1300 328 2548 406">
    <p class='ocr_par' dir='ltr' id='par_1_2' title="bbox 1300 328 2548 406">
     <span class='ocr_line' id='line_1_2' title="bbox 1300 328 2548 406; baseline -0.002 -1"><span class='ocrx_word' id='word_1_2' title='bbox 1300 349 1367 405; x_wconf 80' lang='lat' dir='ltr'>m</span> <span class='ocrx_word' id='word_1_3' title='bbox 1394 348 1770 406; x_wconf 77' lang='lat' dir='ltr'>EUSTATBII</span> <span class='ocrx_word' id='word_1_4' title='bbox 1802 328 2274 405; x_wconf 67' lang='lat' dir='ltr'><strong>nexaeusnou</strong></span> <span class='ocrx_word' id='word_1_5' title='bbox 2317 347 2548 404; x_wconf 71' lang='lat' dir='ltr'><strong>sum.</strong></span> 
     </span>
    </p>
   </div>
   <div class='ocr_carea' id='block_1_3' title="bbox 3438 353 3578 410">
    <p class='ocr_par' dir='ltr' id='par_1_3' title="bbox 3438 353 3578 410">
     <span class='ocr_line' id='line_1_3' title="bbox 3438 353 3578 410; baseline 0.029 -4"><span class='ocrx_word' id='word_1_6' title='bbox 3438 353 3578 410; x_wconf 69' lang='lat'>1058</span> 
     </span>
    </p>
   </div>
   <div class='ocr_carea' id='block_1_4' title="bbox 313 460 1880 541">
    <p class='ocr_par' dir='ltr' id='par_1_4' title="bbox 313 464 1880 538">
     <span class='ocr_line' id='line_1_4' title="bbox 313 464 1880 538; baseline -0.001 -16"><span class='ocrx_word' id='word_1_7' title='bbox 313 466 386 523; x_wconf 85' lang='lat' dir='ltr'>iis</span> <span class='ocrx_word' id='word_1_8' title='bbox 404 464 498 537; x_wconf 85' lang='lat' dir='ltr'><strong>qui</strong></span> <span class='ocrx_word' id='word_1_9' title='bbox 526 480 558 521; x_wconf 91' lang='lat' dir='ltr'>e</span> <span class='ocrx_word' id='word_1_10' title='bbox 580 465 801 538; x_wconf 74' lang='lat' dir='ltr'><strong>regione</strong></span> <span class='ocrx_word' id='word_1_11' title='bbox 827 465 930 522; x_wconf 84' lang='lat' dir='ltr'>sub</span> <span class='ocrx_word' id='word_1_12' title='bbox 953 464 1165 521; x_wconf 66' lang='lat' dir='ltr'><strong>brumae</strong></span> <span class='ocrx_word' id='word_1_13' title='bbox 1185 464 1394 523; x_wconf 83' lang='lat' dir='ltr'><strong>circulo</strong></span> <span class='ocrx_word' id='word_1_14' title='bbox 1414 467 1639 538; x_wconf 82' lang='lat' dir='ltr'><strong>degunt,</strong></span> <span class='ocrx_word' id='word_1_15' title='bbox 1661 467 1880 523; x_wconf 82' lang='lat' dir='ltr'><strong>hiemen</strong></span> 
     </span>
    </p>
   </div>
   <div class='ocr_carea' id='block_1_5' title="bbox 1982 460 3575 541">
    <p class='ocr_par' dir='ltr' id='par_1_5' title="bbox 2002 460 3575 537">
     <span class='ocr_line' id='line_1_5' title="bbox 2002 460 3575 537; baseline 0 -18"><span class='ocrx_word' id='word_1_16' title='bbox 2002 481 2096 529; x_wconf 88' lang='grc' dir='ltr'>τος</span> <span class='ocrx_word' id='word_1_17' title='bbox 2152 465 2406 537; x_wconf 86' lang='grc' dir='ltr'>μέγιστον</span> <span class='ocrx_word' id='word_1_18' title='bbox 2435 460 2669 535; x_wconf 76' lang='grc' dir='ltr'>ὤρυξαν·</span> <span class='ocrx_word' id='word_1_19' title='bbox 2710 460 2948 534; x_wconf 78' lang='grc' dir='ltr'>ὖπιγμος</span> <span class='ocrx_word' id='word_1_20' title='bbox 2975 463 3084 534; x_wconf 84' lang='grc' dir='ltr'>γάρ</span> <span class='ocrx_word' id='word_1_21' title='bbox 3135 463 3284 516; x_wconf 86' lang='grc' dir='ltr'>ἐστιν</span> <span class='ocrx_word' id='word_1_22' title='bbox 3332 465 3361 516; x_wconf 88' lang='grc' dir='ltr'>ό</span> <span class='ocrx_word' id='word_1_23' title='bbox 3390 465 3575 528; x_wconf 79' lang='grc' dir='ltr'>τόπος.</span> 
     </span>
    </p>
   </div>
   <div class='ocr_carea' id='block_1_6' title="bbox 309 557 1896 629">
    <p class='ocr_par' dir='ltr' id='par_1_6' title="bbox 309 557 1896 629">
     <span class='ocr_line' id='line_1_6' title="bbox 309 557 1896 629; baseline 0 -15"><span class='ocrx_word' id='word_1_24' title='bbox 309 572 459 621; x_wconf 81' lang='lat' dir='ltr'><strong>esse,</strong></span> <span class='ocrx_word' id='word_1_25' title='bbox 497 572 527 611; x_wconf 90' lang='lat' dir='ltr'>a</span> <span class='ocrx_word' id='word_1_26' title='bbox 560 557 762 627; x_wconf 88' lang='lat' dir='ltr'>quibus</span> <span class='ocrx_word' id='word_1_27' title='bbox 786 566 899 611; x_wconf 88' lang='lat' dir='ltr'>tum</span> <span class='ocrx_word' id='word_1_28' title='bbox 926 557 1212 614; x_wconf 83' lang='lat' dir='ltr'><strong>exundans</strong></span> <span class='ocrx_word' id='word_1_29' title='bbox 1240 572 1381 629; x_wconf 77' lang='lat' dir='ltr'><strong>aqua</strong></span> <span class='ocrx_word' id='word_1_30' title='bbox 1409 559 1746 629; x_wconf 77' lang='lat' dir='ltr'><strong>prorumpit;</strong></span> <span class='ocrx_word' id='word_1_31' title='bbox 1774 573 1896 629; x_wconf 70' lang='lat' dir='ltr'><strong>quae</strong></span> 
     </span>
    </p>
   </div>
   <div class='ocr_carea' id='block_1_7' title="bbox 309 646 1895 718">
    <p class='ocr_par' dir='ltr' id='par_1_7' title="bbox 309 646 1895 718">
     <span class='ocr_line' id='line_1_7' title="bbox 309 646 1895 718; baseline -0.001 -14"><span class='ocrx_word' id='word_1_32' title='bbox 309 646 417 704; x_wconf 77' lang='lat' dir='ltr'><strong>fuit</strong></span> <span class='ocrx_word' id='word_1_33' title='bbox 465 650 631 703; x_wconf 84' lang='lat' dir='ltr'><strong>etiam</strong></span> <span class='ocrx_word' id='word_1_34' title='bbox 676 648 862 718; x_wconf 83' lang='lat' dir='ltr'><strong>opinio</strong></span> <span class='ocrx_word' id='word_1_35' title='bbox 896 646 1197 716; x_wconf 76' lang='lat' dir='ltr'><strong>Plutarchi,</strong></span> <span class='ocrx_word' id='word_1_36' title='bbox 1238 649 1335 704; x_wconf 89' lang='lat' dir='ltr'><strong>lib.</strong></span> <span class='ocrx_word' id='word_1_37' title='bbox 1369 649 1508 717; x_wconf 82' lang='grc' dir='ltr'>Περί</span> <span class='ocrx_word' id='word_1_38' title='bbox 1543 648 1761 715; x_wconf 82' lang='grc' dir='ltr'>Ἴσιδος</span> <span class='ocrx_word' id='word_1_39' title='bbox 1794 649 1895 703; x_wconf 78' lang='grc' dir='ltr'>καί</span> 
     </span>
    </p>
   </div>
   <div class='ocr_carea' id='block_1_8' title="bbox 325 740 1897 813">
    <p class='ocr_par' dir='ltr' id='par_1_8' title="bbox 325 740 1897 813">
     <span class='ocr_line' id='line_1_8' title="bbox 325 740 1897 813; baseline 0.001 -18"><span class='ocrx_word' id='word_1_40' title='bbox 325 740 629 812; x_wconf 72' lang='grc' dir='ltr'>Ὀσίριδος¹</span> <span class='ocrx_word' id='word_1_41' title='bbox 658 741 798 795; x_wconf 85' lang='lat' dir='ltr'><strong>hanc</strong></span> <span class='ocrx_word' id='word_1_42' title='bbox 826 740 966 797; x_wconf 85' lang='lat' dir='ltr'><strong>forte</strong></span> <span class='ocrx_word' id='word_1_43' title='bbox 1010 743 1320 813; x_wconf 86' lang='lat' dir='ltr'><strong>opinionem</strong></span> <span class='ocrx_word' id='word_1_44' title='bbox 1352 740 1617 799; x_wconf 75' lang='lat' dir='ltr'><strong>Martialis</strong></span> <span class='ocrx_word' id='word_1_45' title='bbox 1641 757 1768 798; x_wconf 92' lang='lat' dir='ltr'>cum</span> <span class='ocrx_word' id='word_1_46' title='bbox 1799 742 1897 797; x_wconf 88' lang='lat' dir='ltr'><strong>ha-</strong></span> 
     </span>
    </p>
   </div>
   <div class='ocr_carea' id='block_1_9' title="bbox 309 832 1896 905">
    <p class='ocr_par' dir='ltr' id='par_1_9' title="bbox 309 832 1896 905">
     <span class='ocr_line' id='line_1_9' title="bbox 309 832 1896 905; baseline 0 -16"><span class='ocrx_word' id='word_1_47' title='bbox 309 832 472 890; x_wconf 83' lang='lat' dir='ltr'><strong>beret</strong></span> <span class='ocrx_word' id='word_1_48' title='bbox 523 835 578 889; x_wconf 90' lang='lat' dir='ltr'>in</span> <span class='ocrx_word' id='word_1_49' title='bbox 626 835 831 897; x_wconf 89' lang='lat' dir='ltr'><strong>animo,</strong></span> <span class='ocrx_word' id='word_1_50' title='bbox 876 834 1005 889; x_wconf 90' lang='lat' dir='ltr'>dum</span> <span class='ocrx_word' id='word_1_51' title='bbox 1055 835 1172 891; x_wconf 66' lang='lat' dir='ltr'><strong>haec</strong></span> <span class='ocrx_word' id='word_1_52' title='bbox 1227 835 1513 898; x_wconf 86' lang='lat' dir='ltr'><strong>scriberet,</strong></span> <span class='ocrx_word' id='word_1_53' title='bbox 1559 836 1896 905; x_wconf 85' lang='lat' dir='ltr'><strong>nuncupavit</strong></span> 
     </span>
    </p>
   </div>
   <div class='ocr_carea' id='block_1_10' title="bbox 308 924 1894 999">
    <p class='ocr_par' dir='ltr' id='par_1_10' title="bbox 308 924 1894 999">
     <span class='ocr_line' id='line_1_10' title="bbox 308 924 1894 999; baseline 0 -18"><span class='ocrx_word' id='word_1_54' title='bbox 308 924 494 981; x_wconf 84' lang='lat' dir='ltr'><strong>Nilum</strong></span> <span class='ocrx_word' id='word_1_55' title='bbox 532 926 895 994; x_wconf 82' lang='lat' dir='ltr'><strong>imbriferum,</strong></span> <span class='ocrx_word' id='word_1_56' title='bbox 929 943 1039 982; x_wconf 91' lang='lat' dir='ltr'>non</span> <span class='ocrx_word' id='word_1_57' title='bbox 1071 928 1220 999; x_wconf 91' lang='lat' dir='ltr'><strong>quod</strong></span> <span class='ocrx_word' id='word_1_58' title='bbox 1253 927 1375 983; x_wconf 89' lang='lat' dir='ltr'><strong>loco</strong></span> <span class='ocrx_word' id='word_1_59' title='bbox 1402 926 1661 981; x_wconf 86' lang='lat' dir='ltr'><strong>imbrium</strong></span> <span class='ocrx_word' id='word_1_60' title='bbox 1688 934 1743 981; x_wconf 91' lang='lat' dir='ltr'>et</span> <span class='ocrx_word' id='word_1_61' title='bbox 1771 928 1894 997; x_wconf 87' lang='lat' dir='ltr'><strong>plu-</strong></span> 
     </span>
    </p>
   </div>
   <div class='ocr_carea' id='block_1_11' title="bbox 308 1018 1897 1092">
    <p class='ocr_par' dir='ltr' id='par_1_11' title="bbox 308 1018 1897 1092">
     <span class='ocr_line' id='line_1_11' title="bbox 308 1018 1897 1092; baseline 0.002 -20"><span class='ocrx_word' id='word_1_62' title='bbox 308 1018 529 1073; x_wconf 78' lang='lat' dir='ltr'><strong>viarum</strong></span> <span class='ocrx_word' id='word_1_63' title='bbox 566 1020 659 1083; x_wconf 85' lang='lat' dir='ltr'><strong>sit.</strong></span> <span class='ocrx_word' id='word_1_64' title='bbox 701 1021 797 1075; x_wconf 89' lang='lat' dir='ltr'>sed</span> <span class='ocrx_word' id='word_1_65' title='bbox 836 1020 981 1091; x_wconf 92' lang='lat' dir='ltr'><strong>quod</strong></span> <span class='ocrx_word' id='word_1_66' title='bbox 1009 1021 1228 1088; x_wconf 84' lang='lat' dir='ltr'><strong>imbres,</strong></span> <span class='ocrx_word' id='word_1_67' title='bbox 1260 1029 1315 1076; x_wconf 90' lang='lat' dir='ltr'>et</span> <span class='ocrx_word' id='word_1_68' title='bbox 1345 1021 1557 1092; x_wconf 89' lang='lat' dir='ltr'><strong>pluvias</strong></span> <span class='ocrx_word' id='word_1_69' title='bbox 1590 1020 1792 1091; x_wconf 89' lang='lat' dir='ltr'><strong>quibus</strong></span> <span class='ocrx_word' id='word_1_70' title='bbox 1818 1021 1897 1075; x_wconf 89' lang='lat' dir='ltr'><strong>in-</strong></span> 
     </span>
    </p>
   </div>
   <div class='ocr_carea' id='block_1_12' title="bbox 311 1111 1899 1185">
    <p class='ocr_par' dir='ltr' id='par_1_12' title="bbox 311 1111 1899 1185">
     <span class='ocr_line' id='line_1_12' title="bbox 311 1111 1899 1185; baseline 0.001 -20"><span class='ocrx_word' id='word_1_71' title='bbox 311 1112 578 1167; x_wconf 83' lang='lat' dir='ltr'><strong>tumescit</strong></span> <span class='ocrx_word' id='word_1_72' title='bbox 602 1111 1010 1184; x_wconf 82' lang='lat' dir='ltr'><strong>ell‘unditurque</strong></span> <span class='ocrx_word' id='word_1_73' title='bbox 1034 1120 1188 1167; x_wconf 71' lang='lat' dir='ltr'><strong>extra</strong></span> <span class='ocrx_word' id='word_1_74' title='bbox 1219 1114 1390 1185; x_wconf 88' lang='lat' dir='ltr'><strong>ripas,</strong></span> <span class='ocrx_word' id='word_1_75' title='bbox 1424 1121 1480 1167; x_wconf 89' lang='lat' dir='ltr'>et</span> <span class='ocrx_word' id='word_1_76' title='bbox 1503 1112 1756 1169; x_wconf 86' lang='lat' dir='ltr'><strong>eluvione</strong></span> <span class='ocrx_word' id='word_1_77' title='bbox 1782 1119 1899 1167; x_wconf 91' lang='lat' dir='ltr'><strong>tan-</strong></span> 
     </span>
    </p>
   </div>
   <div class='ocr_carea' id='block_1_13' title="bbox 310 1201 1897 1275">
    <p class='ocr_par' dir='ltr' id='par_1_13' title="bbox 310 1201 1897 1275">
     <span class='ocr_line' id='line_1_13' title="bbox 310 1201 1897 1275; baseline 0.002 -21"><span class='ocrx_word' id='word_1_78' title='bbox 310 1216 477 1271; x_wconf 88' lang='lat' dir='ltr'><strong>quam</strong></span> <span class='ocrx_word' id='word_1_79' title='bbox 503 1203 641 1257; x_wconf 86' lang='lat' dir='ltr'><strong>mari</strong></span> <span class='ocrx_word' id='word_1_80' title='bbox 662 1202 900 1274; x_wconf 91' lang='lat' dir='ltr'><strong>quodam</strong></span> <span class='ocrx_word' id='word_1_81' title='bbox 926 1201 1222 1275; x_wconf 68' lang='lat' dir='ltr'><strong>Egyptum</strong></span> <span class='ocrx_word' id='word_1_82' title='bbox 1249 1204 1503 1274; x_wconf 89' lang='lat' dir='ltr'><strong>operiens</strong></span> <span class='ocrx_word' id='word_1_83' title='bbox 1535 1202 1769 1258; x_wconf 90' lang='lat' dir='ltr'><strong>adventu</strong></span> <span class='ocrx_word' id='word_1_84' title='bbox 1795 1216 1897 1258; x_wconf 89' lang='lat' dir='ltr'>suo</span> 
     </span>
    </p>
   </div>
   <div class='ocr_carea' id='block_1_14' title="bbox 314 1290 1898 1358">
    <p class='ocr_par' dir='ltr' id='par_1_14' title="bbox 314 1290 1898 1358">
     <span class='ocr_line' id='line_1_14' title="bbox 314 1290 1898 1358; baseline 0.002 -10"><span class='ocrx_word' id='word_1_85' title='bbox 314 1290 601 1358; x_wconf 84' lang='lat' dir='ltr'><strong>fecundat,</strong></span> <span class='ocrx_word' id='word_1_86' title='bbox 651 1294 810 1350; x_wconf 89' lang='lat' dir='ltr'><strong>ferat.</strong></span> <span class='ocrx_word' id='word_1_87' title='bbox 851 1293 927 1350; x_wconf 83' lang='lat' dir='ltr'><strong>De</strong></span> <span class='ocrx_word' id='word_1_88' title='bbox 960 1293 1065 1349; x_wconf 88' lang='lat' dir='ltr'><strong>Nili</strong></span> <span class='ocrx_word' id='word_1_89' title='bbox 1100 1304 1281 1349; x_wconf 91' lang='lat' dir='ltr'><strong>autem</strong></span> <span class='ocrx_word' id='word_1_90' title='bbox 1314 1295 1677 1357; x_wconf 90' lang='lat' dir='ltr'><strong>incremento,</strong></span> <span class='ocrx_word' id='word_1_91' title='bbox 1722 1303 1777 1349; x_wconf 91' lang='lat' dir='ltr'>et</span> <span class='ocrx_word' id='word_1_92' title='bbox 1803 1294 1898 1351; x_wconf 92' lang='lat' dir='ltr'><strong>de—</strong></span> 
     </span>
    </p>
   </div>
   <div class='ocr_carea' id='block_1_15' title="bbox 309 1383 1897 1455">
    <p class='ocr_par' dir='ltr' id='par_1_15' title="bbox 309 1383 1897 1455">
     <span class='ocr_line' id='line_1_15' title="bbox 309 1383 1897 1455; baseline 0.001 -19"><span class='ocrx_word' id='word_1_93' title='bbox 309 1392 617 1448; x_wconf 89' lang='lat' dir='ltr'><strong>cremento,</strong></span> <span class='ocrx_word' id='word_1_94' title='bbox 650 1393 702 1440; x_wconf 90' lang='lat' dir='ltr'>et</span> <span class='ocrx_word' id='word_1_95' title='bbox 730 1384 851 1453; x_wconf 80' lang='lat' dir='ltr'><strong>ejus</strong></span> <span class='ocrx_word' id='word_1_96' title='bbox 881 1385 1065 1439; x_wconf 81' lang='lat' dir='ltr'><strong>causis</strong></span> <span class='ocrx_word' id='word_1_97' title='bbox 1094 1383 1424 1439; x_wconf 84' lang='lat' dir='ltr'><strong>Plutarchus</strong></span> <span class='ocrx_word' id='word_1_98' title='bbox 1448 1384 1514 1439; x_wconf 84' lang='lat' dir='ltr'>de</span> <span class='ocrx_word' id='word_1_99' title='bbox 1537 1384 1754 1454; x_wconf 89' lang='lat' dir='ltr'><strong>placitis</strong></span> <span class='ocrx_word' id='word_1_100' title='bbox 1782 1383 1897 1455; x_wconf 87' lang='lat' dir='ltr'><strong>phi-</strong></span> 
     </span>
    </p>
   </div>
   <div class='ocr_carea' id='block_1_16' title="bbox 312 1470 1896 1544">
    <p class='ocr_par' dir='ltr' id='par_1_16' title="bbox 312 1470 1896 1544">
     <span class='ocr_line' id='line_1_16' title="bbox 312 1470 1896 1544; baseline -0.001 -16"><span class='ocrx_word' id='word_1_101' title='bbox 312 1472 671 1543; x_wconf 82' lang='lat' dir='ltr'><strong>losophorum</strong></span> <span class='ocrx_word' id='word_1_102' title='bbox 700 1473 797 1527; x_wconf 91' lang='lat' dir='ltr'><strong>lib.</strong></span> <span class='ocrx_word' id='word_1_103' title='bbox 826 1488 899 1539; x_wconf 80' lang='lat' dir='ltr'><strong>Iv,</strong></span> <span class='ocrx_word' id='word_1_104' title='bbox 924 1488 1047 1544; x_wconf 89' lang='lat' dir='ltr'><strong>cap.</strong></span> <span class='ocrx_word' id='word_1_105' title='bbox 1082 1473 1106 1527; x_wconf 87' lang='lat' dir='ltr'>l</span> <span class='ocrx_word' id='word_1_106' title='bbox 1131 1491 1145 1539; x_wconf 90' lang='lat'>;</span> <span class='ocrx_word' id='word_1_107' title='bbox 1178 1470 1723 1537; x_wconf 57' lang='lat' dir='ltr'><strong>Diodorus-Siculus,</strong></span> <span class='ocrx_word' id='word_1_108' title='bbox 1750 1473 1844 1527; x_wconf 92' lang='lat' dir='ltr'><strong>lib.</strong></span> <span class='ocrx_word' id='word_1_109' title='bbox 1879 1479 1896 1517; x_wconf 86' lang='grc' dir='ltr'>ι</span> 
     </span>
    </p>
   </div>
   <div class='ocr_carea' id='block_1_17' title="bbox 309 1562 1900 1635">
    <p class='ocr_par' dir='ltr' id='par_1_17' title="bbox 309 1562 1900 1635">
     <span class='ocr_line' id='line_1_17' title="bbox 309 1562 1900 1635; baseline -0.001 -16"><span class='ocrx_word' id='word_1_110' title='bbox 309 1562 567 1620; x_wconf 85' lang='lat' dir='ltr'><strong>Biblioth.</strong></span> <span class='ocrx_word' id='word_1_111' title='bbox 591 1564 714 1618; x_wconf 82' lang='lat' dir='ltr'><strong>Itist.</strong></span> <span class='ocrx_word' id='word_1_112' title='bbox 736 1580 755 1629; x_wconf 88' lang='lat'>;</span> <span class='ocrx_word' id='word_1_113' title='bbox 777 1565 1064 1631; x_wconf 82' lang='lat' dir='ltr'><strong>Aristides,</strong></span> <span class='ocrx_word' id='word_1_114' title='bbox 1104 1566 1342 1618; x_wconf 84' lang='lat' dir='ltr'><strong>oratione</strong></span> <span class='ocrx_word' id='word_1_115' title='bbox 1370 1563 1725 1635; x_wconf 63' lang='lat' dir='ltr'><strong>Egyptiaca;</strong></span> <span class='ocrx_word' id='word_1_116' title='bbox 1750 1563 1900 1619; x_wconf 63' lang='lat' dir='ltr'><strong>Strao</strong></span> 
     </span>
    </p>
   </div>
   <div class='ocr_carea' id='block_1_18' title="bbox 313 1654 1898 1727">
    <p class='ocr_par' dir='ltr' id='par_1_18' title="bbox 313 1654 1898 1727">
     <span class='ocr_line' id='line_1_18' title="bbox 313 1654 1898 1727; baseline -0.001 -14"><span class='ocrx_word' id='word_1_117' title='bbox 313 1656 411 1721; x_wconf 85' lang='lat' dir='ltr'>bo,</span> <span class='ocrx_word' id='word_1_118' title='bbox 434 1658 530 1712; x_wconf 87' lang='lat' dir='ltr'><strong>lih.</strong></span> <span class='ocrx_word' id='word_1_119' title='bbox 549 1673 658 1712; x_wconf 80' lang='lat' dir='ltr'><strong>xvu</strong></span> <span class='ocrx_word' id='word_1_120' title='bbox 680 1674 694 1723; x_wconf 90' lang='lat'>;</span> <span class='ocrx_word' id='word_1_121' title='bbox 711 1655 950 1712; x_wconf 82' lang='lat' dir='ltr'><strong>Joannes</strong></span> <span class='ocrx_word' id='word_1_122' title='bbox 962 1655 1274 1727; x_wconf 80' lang='lat' dir='ltr'><strong>Xiphilinus</strong></span> <span class='ocrx_word' id='word_1_123' title='bbox 1290 1657 1345 1711; x_wconf 86' lang='lat' dir='ltr'>in</span> <span class='ocrx_word' id='word_1_124' title='bbox 1360 1655 1506 1724; x_wconf 88' lang='lat' dir='ltr'><strong>Epit.</strong></span> <span class='ocrx_word' id='word_1_125' title='bbox 1524 1655 1772 1727; x_wconf 62' lang='grc' dir='ltr'>Πίονινεά</span> <span class='ocrx_word' id='word_1_126' title='bbox 1801 1654 1898 1711; x_wconf 83' lang='lat' dir='ltr'>He-</span> 
     </span>
    </p>
   </div>
   <div class='ocr_carea' id='block_1_19' title="bbox 311 1747 1893 1820">
    <p class='ocr_par' dir='ltr' id='par_1_19' title="bbox 311 1747 1893 1820">
     <span class='ocr_line' id='line_1_19' title="bbox 311 1747 1893 1820; baseline -0.002 -17"><span class='ocrx_word' id='word_1_127' title='bbox 311 1749 587 1813; x_wconf 89' lang='lat' dir='ltr'><strong>liodorus.</strong></span> <span class='ocrx_word' id='word_1_128' title='bbox 631 1748 873 1820; x_wconf 78' lang='grc' dir='ltr'>ΑΞιΙιὶορ.</span> <span class='ocrx_word' id='word_1_129' title='bbox 915 1750 1012 1806; x_wconf 88' lang='lat' dir='ltr'><strong>lib.</strong></span> <span class='ocrx_word' id='word_1_130' title='bbox 1057 1763 1131 1816; x_wconf 87' lang='lat' dir='ltr'>ll;</span> <span class='ocrx_word' id='word_1_131' title='bbox 1176 1747 1557 1803; x_wconf 85' lang='lat' dir='ltr'><strong>Theodoretus</strong></span> <span class='ocrx_word' id='word_1_132' title='bbox 1591 1747 1667 1801; x_wconf 84' lang='lat' dir='ltr'><strong>De</strong></span> <span class='ocrx_word' id='word_1_133' title='bbox 1718 1756 1893 1802; x_wconf 82' lang='lat' dir='ltr'><strong>curat.</strong></span> 
     </span>
    </p>
   </div>
   <div class='ocr_carea' id='block_1_20' title="bbox 1995 553 3577 627">
    <p class='ocr_par' dir='ltr' id='par_1_20' title="bbox 1995 553 3577 627">
     <span class='ocr_line' id='line_1_20' title="bbox 1995 553 3577 627; baseline 0.002 -19"><span class='ocrx_word' id='word_1_134' title='bbox 1995 555 2181 610; x_wconf 88' lang='grc' dir='ltr'>Ταῦτα</span> <span class='ocrx_word' id='word_1_135' title='bbox 2213 554 2270 609; x_wconf 83' lang='grc' dir='ltr'>δὲ</span> <span class='ocrx_word' id='word_1_136' title='bbox 2301 554 2477 608; x_wconf 90' lang='grc' dir='ltr'>πάντα</span> <span class='ocrx_word' id='word_1_137' title='bbox 2532 554 2796 626; x_wconf 87' lang='grc' dir='ltr'>ἐποίησαν</span> <span class='ocrx_word' id='word_1_138' title='bbox 2831 553 3144 620; x_wconf 76' lang='grc' dir='ltr'>ἐλπίζοντες</span> <span class='ocrx_word' id='word_1_139' title='bbox 3198 553 3334 624; x_wconf 83' lang='grc' dir='ltr'>μετὰ</span> <span class='ocrx_word' id='word_1_140' title='bbox 3359 554 3461 627; x_wconf 83' lang='grc' dir='ltr'>τὴν</span> <span class='ocrx_word' id='word_1_141' title='bbox 3488 556 3577 612; x_wconf 77' lang='grc' dir='ltr'>ἐν·</span> 
     </span>
    </p>
   </div>
   <div class='ocr_carea' id='block_1_21' title="bbox 1993 646 3575 722">
    <p class='ocr_par' dir='ltr' id='par_1_21' title="bbox 1993 646 3575 722">
     <span class='ocr_line' id='line_1_21' title="bbox 1993 646 3575 722; baseline 0.003 -21"><span class='ocrx_word' id='word_1_142' title='bbox 1993 648 2187 701; x_wconf 82' lang='grc' dir='ltr'>τεῦθεν</span> <span class='ocrx_word' id='word_1_143' title='bbox 2215 649 2393 702; x_wconf 79' lang='grc' dir='ltr'>ἐκεῖσε</span> <span class='ocrx_word' id='word_1_144' title='bbox 2420 646 2601 717; x_wconf 79' lang='grc' dir='ltr'>ἄφιξιν</span> <span class='ocrx_word' id='word_1_145' title='bbox 2627 650 2685 701; x_wconf 89' lang='grc' dir='ltr'>ἐν</span> <span class='ocrx_word' id='word_1_146' title='bbox 2710 646 2884 718; x_wconf 86' lang='grc' dir='ltr'>τούτῳ</span> <span class='ocrx_word' id='word_1_147' title='bbox 2904 646 2981 719; x_wconf 83' lang='grc' dir='ltr'>τῷ</span> <span class='ocrx_word' id='word_1_148' title='bbox 3002 646 3316 720; x_wconf 80' lang='grc' dir='ltr'>παραδείσῳ</span> <span class='ocrx_word' id='word_1_149' title='bbox 3339 650 3575 722; x_wconf 81' lang='grc' dir='ltr'>τρυφᾷν.</span> 
     </span>
    </p>
   </div>
   <div class='ocr_carea' id='block_1_22' title="bbox 1995 740 3575 812">
    <p class='ocr_par' dir='ltr' id='par_1_22' title="bbox 1995 740 3575 812">
     <span class='ocr_line' id='line_1_22' title="bbox 1995 740 3575 812; baseline 0.001 -16"><span class='ocrx_word' id='word_1_150' title='bbox 1995 741 2062 796; x_wconf 90' lang='grc' dir='ltr'>Ει</span> <span class='ocrx_word' id='word_1_151' title='bbox 2084 741 2311 797; x_wconf 83' lang='lat' dir='ltr'><strong>inferius</strong></span> <span class='ocrx_word' id='word_1_152' title='bbox 2336 760 2352 796; x_wconf 89' lang='lat'><strong>:</strong></span> <span class='ocrx_word' id='word_1_153' title='bbox 2390 741 2615 810; x_wconf 86' lang='grc' dir='ltr'>Ἔλεγεν</span> <span class='ocrx_word' id='word_1_154' title='bbox 2641 740 2698 795; x_wconf 89' lang='grc' dir='ltr'>δέ</span> <span class='ocrx_word' id='word_1_155' title='bbox 2731 743 2760 796; x_wconf 88' lang='grc' dir='ltr'>ό</span> <span class='ocrx_word' id='word_1_156' title='bbox 2791 740 2965 809; x_wconf 82' lang='grc' dir='ltr'>ἆγιος,</span> <span class='ocrx_word' id='word_1_157' title='bbox 2991 742 3094 806; x_wconf 81' lang='grc' dir='ltr'>ὅτι,</span> <span class='ocrx_word' id='word_1_158' title='bbox 3125 740 3442 811; x_wconf 87' lang='grc' dir='ltr'>ἐγγίσαντός</span> <span class='ocrx_word' id='word_1_159' title='bbox 3473 760 3575 812; x_wconf 87' lang='grc' dir='ltr'>μου</span> 
     </span>
    </p>
   </div>
   <div class='ocr_carea' id='block_1_23' title="bbox 1998 835 3578 909">
    <p class='ocr_par' dir='ltr' id='par_1_23' title="bbox 1998 835 3578 909">
     <span class='ocr_line' id='line_1_23' title="bbox 1998 835 3578 909; baseline 0.001 -18"><span class='ocrx_word' id='word_1_160' title='bbox 1998 837 2157 908; x_wconf 89' lang='grc' dir='ltr'>μόνον</span> <span class='ocrx_word' id='word_1_161' title='bbox 2184 835 2263 907; x_wconf 80' lang='grc' dir='ltr'>τῷ</span> <span class='ocrx_word' id='word_1_162' title='bbox 2306 836 2652 908; x_wconf 82' lang='grc' dir='ltr'>κηποταφίῳ,</span> <span class='ocrx_word' id='word_1_163' title='bbox 2679 837 2773 891; x_wconf 86' lang='grc' dir='ltr'>ἀπ’</span> <span class='ocrx_word' id='word_1_164' title='bbox 2805 836 2971 890; x_wconf 82' lang='grc' dir='ltr'>αὐτοῦ</span> <span class='ocrx_word' id='word_1_165' title='bbox 3015 835 3236 909; x_wconf 71' lang='grc' dir='ltr'>ἐξῆλθον</span> <span class='ocrx_word' id='word_1_166' title='bbox 3272 839 3351 901; x_wconf 90' lang='grc' dir='ltr'>είς</span> <span class='ocrx_word' id='word_1_167' title='bbox 3385 838 3578 893; x_wconf 86' lang='grc' dir='ltr'>συνάν-</span> 
     </span>
    </p>
   </div>
   <div class='ocr_carea' id='block_1_24' title="bbox 1994 927 3567 1001">
    <p class='ocr_par' dir='ltr' id='par_1_24' title="bbox 1994 927 3567 1001">
     <span class='ocr_line' id='line_1_24' title="bbox 1994 927 3567 1001; baseline 0.001 -20"><span class='ocrx_word' id='word_1_168' title='bbox 1994 929 2152 998; x_wconf 82' lang='grc' dir='ltr'>τησιν</span> <span class='ocrx_word' id='word_1_169' title='bbox 2178 945 2278 998; x_wconf 89' lang='grc' dir='ltr'>μου</span> <span class='ocrx_word' id='word_1_170' title='bbox 2293 927 2660 999; x_wconf 82' lang='grc' dir='ltr'>ἐϐδομήκοντα</span> <span class='ocrx_word' id='word_1_171' title='bbox 2671 928 2921 999; x_wconf 91' lang='grc' dir='ltr'>δαίμονες</span> <span class='ocrx_word' id='word_1_172' title='bbox 2944 929 3181 1000; x_wconf 79' lang='grc' dir='ltr'>παντοίῳ</span> <span class='ocrx_word' id='word_1_173' title='bbox 3200 928 3278 1000; x_wconf 85' lang='grc' dir='ltr'>τῷ</span> <span class='ocrx_word' id='word_1_174' title='bbox 3307 934 3567 1001; x_wconf 77' lang='grc' dir='ltr'>σχήματι,</span> 
     </span>
    </p>
   </div>
   <div class='ocr_carea' id='block_1_25' title="bbox 1994 1017 3579 1094">
    <p class='ocr_par' dir='ltr' id='par_1_25' title="bbox 1994 1017 3579 1094">
     <span class='ocr_line' id='line_1_25' title="bbox 1994 1017 3579 1094; baseline 0.002 -22"><span class='ocrx_word' id='word_1_175' title='bbox 1994 1021 2042 1072; x_wconf 90' lang='grc' dir='ltr'>οἱ</span> <span class='ocrx_word' id='word_1_176' title='bbox 2059 1020 2155 1090; x_wconf 86' lang='grc' dir='ltr'>μὲν</span> <span class='ocrx_word' id='word_1_177' title='bbox 2174 1017 2423 1088; x_wconf 86' lang='grc' dir='ltr'>βοῶντες,</span> <span class='ocrx_word' id='word_1_178' title='bbox 2450 1019 2563 1072; x_wconf 85' lang='grc' dir='ltr'>οίδὲ</span> <span class='ocrx_word' id='word_1_179' title='bbox 2577 1018 2869 1089; x_wconf 84' lang='grc' dir='ltr'>πηδῶντες,</span> <span class='ocrx_word' id='word_1_180' title='bbox 2885 1021 2934 1072; x_wconf 80' lang='grc' dir='ltr'>οἱ</span> <span class='ocrx_word' id='word_1_181' title='bbox 2949 1019 3007 1073; x_wconf 87' lang='grc' dir='ltr'>δέ</span> <span class='ocrx_word' id='word_1_182' title='bbox 3027 1019 3162 1090; x_wconf 81' lang='grc' dir='ltr'>μετὰ</span> <span class='ocrx_word' id='word_1_183' title='bbox 3190 1019 3427 1090; x_wconf 83' lang='grc' dir='ltr'>μεγάλου</span> <span class='ocrx_word' id='word_1_184' title='bbox 3455 1022 3579 1094; x_wconf 85' lang='grc' dir='ltr'>βρυ·</span> 
     </span>
    </p>
   </div>
   <div class='ocr_carea' id='block_1_26' title="bbox 1995 1108 3576 1185">
    <p class='ocr_par' dir='ltr' id='par_1_26' title="bbox 1995 1108 3576 1185">
     <span class='ocr_line' id='line_1_26' title="bbox 1995 1108 3576 1185; baseline 0.003 -23"><span class='ocrx_word' id='word_1_185' title='bbox 1995 1109 2137 1181; x_wconf 84' lang='grc' dir='ltr'>γμοῦ</span> <span class='ocrx_word' id='word_1_186' title='bbox 2165 1108 2453 1182; x_wconf 80' lang='grc' dir='ltr'>τρύζοντες</span> <span class='ocrx_word' id='word_1_187' title='bbox 2487 1114 2608 1165; x_wconf 80' lang='grc' dir='ltr'>κατ’</span> <span class='ocrx_word' id='word_1_188' title='bbox 2636 1110 2771 1181; x_wconf 86' lang='grc' dir='ltr'>ἐμοῦ</span> <span class='ocrx_word' id='word_1_189' title='bbox 2802 1112 2929 1173; x_wconf 82' lang='grc' dir='ltr'>τοὺς</span> <span class='ocrx_word' id='word_1_190' title='bbox 2955 1111 3203 1176; x_wconf 80' lang='grc' dir='ltr'>ὀδόντας·</span> <span class='ocrx_word' id='word_1_191' title='bbox 3233 1112 3482 1185; x_wconf 80' lang='grc' dir='ltr'>’ἑτεροιδε</span> <span class='ocrx_word' id='word_1_192' title='bbox 3501 1115 3576 1181; x_wconf 81' lang='grc' dir='ltr'>ὡς</span> 
     </span>
    </p>
   </div>
   <div class='ocr_carea' id='block_1_27' title="bbox 1998 1200 3572 1277">
    <p class='ocr_par' dir='ltr' id='par_1_27' title="bbox 1998 1200 3572 1277">
     <span class='ocr_line' id='line_1_27' title="bbox 1998 1200 3572 1277; baseline 0.003 -24"><span class='ocrx_word' id='word_1_193' title='bbox 1998 1200 2233 1272; x_wconf 88' lang='grc' dir='ltr'>κόρακες</span> <span class='ocrx_word' id='word_1_194' title='bbox 2261 1204 2687 1274; x_wconf 83' lang='grc' dir='ltr'>πτερυσσόμενοι</span> <span class='ocrx_word' id='word_1_195' title='bbox 2713 1202 2949 1274; x_wconf 79' lang='grc' dir='ltr'>ἐτόλμων</span> <span class='ocrx_word' id='word_1_196' title='bbox 2971 1203 3113 1257; x_wconf 78' lang='grc' dir='ltr'>κατὰ</span> <span class='ocrx_word' id='word_1_197' title='bbox 3132 1204 3231 1275; x_wconf 89' lang='grc' dir='ltr'>τῆς</span> <span class='ocrx_word' id='word_1_198' title='bbox 3268 1204 3443 1274; x_wconf 63' lang='grc' dir='ltr'>ὄψεώς</span> <span class='ocrx_word' id='word_1_199' title='bbox 3472 1224 3572 1277; x_wconf 88' lang='grc' dir='ltr'>μου</span> 
     </span>
    </p>
   </div>
   <div class='ocr_carea' id='block_1_28' title="bbox 1996 1291 3571 1366">
    <p class='ocr_par' dir='ltr' id='par_1_28' title="bbox 1996 1291 3571 1366">
     <span class='ocr_line' id='line_1_28' title="bbox 1996 1291 3571 1366; baseline 0.007 -23"><span class='ocrx_word' id='word_1_200' title='bbox 1996 1291 2262 1360; x_wconf 88' lang='grc' dir='ltr'>λέγοντες.</span> <span class='ocrx_word' id='word_1_201' title='bbox 2301 1293 2367 1348; x_wconf 86' lang='lat' dir='ltr'>Et</span> <span class='ocrx_word' id='word_1_202' title='bbox 2412 1295 2692 1350; x_wconf 87' lang='lat' dir='ltr'><strong>nonnullis</strong></span> <span class='ocrx_word' id='word_1_203' title='bbox 2753 1296 3054 1366; x_wconf 73' lang='lat' dir='ltr'><strong>interiectis</strong></span> <span class='ocrx_word' id='word_1_204' title='bbox 3090 1317 3104 1350; x_wconf 91' lang='lat'><strong>:</strong></span> <span class='ocrx_word' id='word_1_205' title='bbox 3140 1298 3411 1352; x_wconf 75' lang='grc' dir='ltr'>Εἰσελθὼν</span> <span class='ocrx_word' id='word_1_206' title='bbox 3455 1297 3571 1361; x_wconf 78' lang='grc' dir='ltr'>οὖν,</span> 
     </span>
    </p>
   </div>
   <div class='ocr_carea' id='block_1_29' title="bbox 1999 1383 3574 1462">
    <p class='ocr_par' dir='ltr' id='par_1_29' title="bbox 1999 1383 3574 1462">
     <span class='ocr_line' id='line_1_29' title="bbox 1999 1383 3574 1462; baseline 0.006 -27"><span class='ocrx_word' id='word_1_207' title='bbox 1999 1385 2185 1455; x_wconf 75' lang='grc' dir='ltr'>φησὶν,</span> <span class='ocrx_word' id='word_1_208' title='bbox 2212 1385 2524 1458; x_wconf 79' lang='grc' dir='ltr'>ἐθεασάμην</span> <span class='ocrx_word' id='word_1_209' title='bbox 2564 1385 2635 1439; x_wconf 83' lang='grc' dir='ltr'>τὰ</span> <span class='ocrx_word' id='word_1_210' title='bbox 2660 1387 2857 1451; x_wconf 89' lang='grc' dir='ltr'>πάντα,</span> <span class='ocrx_word' id='word_1_211' title='bbox 2890 1390 2948 1442; x_wconf 85' lang='grc' dir='ltr'>ἐν</span> <span class='ocrx_word' id='word_1_212' title='bbox 2996 1384 3078 1451; x_wconf 73' lang='grc' dir='ltr'>οἷς</span> <span class='ocrx_word' id='word_1_213' title='bbox 3107 1383 3265 1462; x_wconf 75' lang='grc' dir='ltr'>εὖρον</span> <span class='ocrx_word' id='word_1_214' title='bbox 3292 1392 3384 1445; x_wconf 75' lang='grc' dir='ltr'>καὶ</span> <span class='ocrx_word' id='word_1_215' title='bbox 3414 1392 3574 1446; x_wconf 82' lang='grc' dir='ltr'>κάδον</span> 
     </span>
    </p>
   </div>
   <div class='ocr_carea' id='block_1_30' title="bbox 1996 1475 3575 1556">
    <p class='ocr_par' dir='ltr' id='par_1_30' title="bbox 1996 1475 3575 1556">
     <span class='ocr_line' id='line_1_30' title="bbox 1996 1475 3575 1556; baseline 0.006 -28"><span class='ocrx_word' id='word_1_216' title='bbox 1996 1475 2232 1546; x_wconf 75' lang='grc' dir='ltr'>χαλκοῦν</span> <span class='ocrx_word' id='word_1_217' title='bbox 2264 1476 2451 1531; x_wconf 84' lang='grc' dir='ltr'>ἁλύσει</span> <span class='ocrx_word' id='word_1_218' title='bbox 2494 1477 2690 1550; x_wconf 84' lang='grc' dir='ltr'>σιδηρᾷ</span> <span class='ocrx_word' id='word_1_219' title='bbox 2727 1481 3074 1552; x_wconf 81' lang='grc' dir='ltr'>κρεμάμενον</span> <span class='ocrx_word' id='word_1_220' title='bbox 3110 1482 3251 1536; x_wconf 85' lang='grc' dir='ltr'>κατὰ</span> <span class='ocrx_word' id='word_1_221' title='bbox 3281 1484 3375 1537; x_wconf 92' lang='grc' dir='ltr'>τοῦ</span> <span class='ocrx_word' id='word_1_222' title='bbox 3409 1486 3575 1556; x_wconf 83' lang='grc' dir='ltr'>φρέα-</span> 
     </span>
    </p>
   </div>
   <div class='ocr_carea' id='block_1_31' title="bbox 1995 1568 3573 1647">
    <p class='ocr_par' dir='ltr' id='par_1_31' title="bbox 1995 1568 3573 1647">
     <span class='ocr_line' id='line_1_31' title="bbox 1995 1568 3573 1647; baseline 0.006 -27"><span class='ocrx_word' id='word_1_223' title='bbox 1995 1584 2088 1630; x_wconf 94' lang='grc' dir='ltr'>τος</span> <span class='ocrx_word' id='word_1_224' title='bbox 2118 1568 2303 1621; x_wconf 87' lang='grc' dir='ltr'>λοιπὸν</span> <span class='ocrx_word' id='word_1_225' title='bbox 2324 1569 2403 1640; x_wconf 83' lang='grc' dir='ltr'>τῷ</span> <span class='ocrx_word' id='word_1_226' title='bbox 2441 1570 2617 1641; x_wconf 85' lang='grc' dir='ltr'>χρόνῳ</span> <span class='ocrx_word' id='word_1_227' title='bbox 2643 1570 3006 1637; x_wconf 86' lang='grc' dir='ltr'>ἀναλωθέντα,</span> <span class='ocrx_word' id='word_1_228' title='bbox 3036 1574 3131 1627; x_wconf 72' lang='grc' dir='ltr'>καὶ</span> <span class='ocrx_word' id='word_1_229' title='bbox 3165 1574 3375 1646; x_wconf 80' lang='grc' dir='ltr'>καρπὸν</span> <span class='ocrx_word' id='word_1_230' title='bbox 3410 1577 3573 1647; x_wconf 72' lang='grc' dir='ltr'>ῥοιῶν</span> 
     </span>
    </p>
   </div>
   <div class='ocr_carea' id='block_1_32' title="bbox 1996 1658 3571 1736">
    <p class='ocr_par' dir='ltr' id='par_1_32' title="bbox 1996 1658 3571 1736">
     <span class='ocr_line' id='line_1_32' title="bbox 1996 1658 3571 1736; baseline 0.004 -24"><span class='ocrx_word' id='word_1_231' title='bbox 1996 1659 2096 1713; x_wconf 83' lang='grc' dir='ltr'>οὐκ</span> <span class='ocrx_word' id='word_1_232' title='bbox 2126 1658 2363 1730; x_wconf 76' lang='grc' dir='ltr'>ἐχουσῶν</span> <span class='ocrx_word' id='word_1_233' title='bbox 2386 1660 2531 1713; x_wconf 77' lang='grc' dir='ltr'>ἔνδον</span> <span class='ocrx_word' id='word_1_234' title='bbox 2557 1662 2732 1717; x_wconf 78' lang='grc' dir='ltr'>οὐδέν·</span> <span class='ocrx_word' id='word_1_235' title='bbox 2752 1663 3010 1735; x_wconf 74' lang='grc' dir='ltr'>ἐξήραντο</span> <span class='ocrx_word' id='word_1_236' title='bbox 3032 1663 3142 1736; x_wconf 81' lang='grc' dir='ltr'>γὰρ</span> <span class='ocrx_word' id='word_1_237' title='bbox 3167 1665 3271 1719; x_wconf 78' lang='grc' dir='ltr'>ὑπὸ</span> <span class='ocrx_word' id='word_1_238' title='bbox 3286 1663 3380 1718; x_wconf 90' lang='grc' dir='ltr'>τοῦ</span> <span class='ocrx_word' id='word_1_239' title='bbox 3401 1666 3571 1736; x_wconf 80' lang='grc' dir='ltr'>ἡλίου.</span> 
     </span>
    </p>
   </div>
   <div class='ocr_carea' id='block_1_33' title="bbox 2067 1746 3575 1823">
    <p class='ocr_par' dir='ltr' id='par_1_33' title="bbox 2067 1746 3575 1823">
     <span class='ocr_line' id='line_1_33' title="bbox 2067 1746 3575 1823; baseline 0.006 -23"><span class='ocrx_word' id='word_1_240' title='bbox 2067 1746 2228 1813; x_wconf 75' lang='lat' dir='ltr'><strong>ibid,</strong></span> <span class='ocrx_word' id='word_1_241' title='bbox 2261 1749 2357 1803; x_wconf 94' lang='lat' dir='ltr'><strong>lin.</strong></span> <span class='ocrx_word' id='word_1_242' title='bbox 2400 1751 2491 1803; x_wconf 69' lang='lat'>25.</span> <span class='ocrx_word' id='word_1_243' title='bbox 2527 1752 2636 1805; x_wconf 79' lang='grc' dir='ltr'>Καὶ</span> <span class='ocrx_word' id='word_1_244' title='bbox 2676 1752 2953 1819; x_wconf 78' lang='grc' dir='ltr'>πένθους.</span> <span class='ocrx_word' id='word_1_245' title='bbox 2987 1753 3295 1823; x_wconf 84' lang='lat' dir='ltr'><strong>Artapanus</strong></span> <span class='ocrx_word' id='word_1_246' title='bbox 3324 1772 3337 1807; x_wconf 89' lang='lat'><strong>:</strong></span> <span class='ocrx_word' id='word_1_247' title='bbox 3381 1754 3575 1809; x_wconf 88' lang='grc' dir='ltr'>Τελευ-</span> 
     </span>
    </p>
   </div>
   <div class='ocr_carea' id='block_1_34' title="bbox 310 1835 1880 1915">
    <p class='ocr_par' dir='ltr' id='par_1_34' title="bbox 310 1838 1880 1912">
     <span class='ocr_line' id='line_1_34' title="bbox 310 1838 1880 1912; baseline -0.002 -16"><span class='ocrx_word' id='word_1_248' title='bbox 310 1840 486 1897; x_wconf 75' lang='grc' dir='ltr'>ϐνωο.</span> <span class='ocrx_word' id='word_1_249' title='bbox 506 1843 787 1911; x_wconf 74' lang='lat' dir='ltr'><strong>affectuum</strong></span> <span class='ocrx_word' id='word_1_250' title='bbox 806 1842 842 1896; x_wconf 93' lang='lat' dir='ltr'>l.</span> <span class='ocrx_word' id='word_1_251' title='bbox 864 1858 914 1896; x_wconf 83' lang='lat' dir='ltr'>iv</span> <span class='ocrx_word' id='word_1_252' title='bbox 934 1857 948 1907; x_wconf 92' lang='lat'>;</span> <span class='ocrx_word' id='word_1_253' title='bbox 968 1839 1166 1896; x_wconf 87' lang='lat' dir='ltr'><strong>Herod.</strong></span> <span class='ocrx_word' id='word_1_254' title='bbox 1206 1840 1244 1894; x_wconf 94' lang='lat' dir='ltr'>l.</span> <span class='ocrx_word' id='word_1_255' title='bbox 1273 1838 1793 1912; x_wconf 79' lang='lat' dir='ltr'><strong>1|;Theuphylactus</strong></span> <span class='ocrx_word' id='word_1_256' title='bbox 1812 1838 1880 1894; x_wconf 85' lang='lat' dir='ltr'>Si-</span> 
     </span>
    </p>
   </div>
   <div class='ocr_carea' id='block_1_35' title="bbox 1982 1835 3575 1915">
    <p class='ocr_par' dir='ltr' id='par_1_35' title="bbox 1995 1839 3575 1915">
     <span class='ocr_line' id='line_1_35' title="bbox 1995 1839 3575 1915; baseline 0.004 -23"><span class='ocrx_word' id='word_1_257' title='bbox 1995 1841 2143 1893; x_wconf 86' lang='grc' dir='ltr'>ταῖον</span> <span class='ocrx_word' id='word_1_258' title='bbox 2174 1839 2454 1903; x_wconf 85' lang='grc' dir='ltr'>τοιαύταις</span> <span class='ocrx_word' id='word_1_259' title='bbox 2484 1846 2788 1914; x_wconf 77' lang='grc' dir='ltr'>συμφοραῖς</span> <span class='ocrx_word' id='word_1_260' title='bbox 2828 1844 3192 1915; x_wconf 83' lang='grc' dir='ltr'>περιπεσόντα</span> <span class='ocrx_word' id='word_1_261' title='bbox 3218 1844 3309 1899; x_wconf 84' lang='grc' dir='ltr'>τὸν</span> <span class='ocrx_word' id='word_1_262' title='bbox 3352 1844 3575 1915; x_wconf 76' lang='grc' dir='ltr'>βασιλέα</span> 
     </span>
    </p>
   </div>
   <div class='ocr_carea' id='block_1_36' title="bbox 304 1932 1894 2005">
    <p class='ocr_par' dir='ltr' id='par_1_36' title="bbox 304 1932 1894 2005">
     <span class='ocr_line' id='line_1_36' title="bbox 304 1932 1894 2005; baseline 0 -18"><span class='ocrx_word' id='word_1_263' title='bbox 304 1944 578 1999; x_wconf 79' lang='lat' dir='ltr'><strong>mocatus,</strong></span> <span class='ocrx_word' id='word_1_264' title='bbox 602 1934 743 1989; x_wconf 76' lang='lat' dir='ltr'><strong>Hist.</strong></span> <span class='ocrx_word' id='word_1_265' title='bbox 762 1934 856 1989; x_wconf 93' lang='lat' dir='ltr'><strong>lib.</strong></span> <span class='ocrx_word' id='word_1_266' title='bbox 874 1948 971 2001; x_wconf 87' lang='lat' dir='ltr'>vn,</span> <span class='ocrx_word' id='word_1_267' title='bbox 990 1948 1111 2005; x_wconf 89' lang='lat' dir='ltr'><strong>cap.</strong></span> <span class='ocrx_word' id='word_1_268' title='bbox 1131 1933 1220 1997; x_wconf 84' lang='grc'>17,</span> <span class='ocrx_word' id='word_1_269' title='bbox 1239 1932 1334 2004; x_wconf 91' lang='lat' dir='ltr'>qui</span> <span class='ocrx_word' id='word_1_270' title='bbox 1352 1933 1536 1987; x_wconf 88' lang='lat' dir='ltr'><strong>omnia</strong></span> <span class='ocrx_word' id='word_1_271' title='bbox 1557 1947 1656 1987; x_wconf 90' lang='lat' dir='ltr'>sua</span> <span class='ocrx_word' id='word_1_272' title='bbox 1677 1932 1894 2002; x_wconf 88' lang='lat' dir='ltr'><strong>scripsit</strong></span> 
     </span>
    </p>
   </div>
   <div class='ocr_carea' id='block_1_37' title="bbox 303 2024 1893 2095">
    <p class='ocr_par' dir='ltr' id='par_1_37' title="bbox 303 2024 1893 2095">
     <span class='ocr_line' id='line_1_37' title="bbox 303 2024 1893 2095; baseline -0.001 -14"><span class='ocrx_word' id='word_1_273' title='bbox 303 2026 423 2083; x_wconf 81' lang='lat' dir='ltr'><strong>fere</strong></span> <span class='ocrx_word' id='word_1_274' title='bbox 442 2027 719 2095; x_wconf 78' lang='grc' dir='ltr'>αύτολεξεὶ</span> <span class='ocrx_word' id='word_1_275' title='bbox 748 2044 814 2082; x_wconf 78' lang='lat' dir='ltr'><strong>ex</strong></span> <span class='ocrx_word' id='word_1_276' title='bbox 830 2026 1065 2082; x_wconf 90' lang='lat' dir='ltr'><strong>Diodoro</strong></span> <span class='ocrx_word' id='word_1_277' title='bbox 1084 2024 1272 2080; x_wconf 90' lang='lat' dir='ltr'><strong>Siculo</strong></span> <span class='ocrx_word' id='word_1_278' title='bbox 1288 2026 1433 2080; x_wconf 91' lang='lat' dir='ltr'><strong>bono</strong></span> <span class='ocrx_word' id='word_1_279' title='bbox 1449 2026 1543 2079; x_wconf 92' lang='lat' dir='ltr'><strong>illo</strong></span> <span class='ocrx_word' id='word_1_280' title='bbox 1569 2026 1687 2079; x_wconf 86' lang='lat' dir='ltr'><strong>viro</strong></span> <span class='ocrx_word' id='word_1_281' title='bbox 1708 2041 1774 2080; x_wconf 91' lang='lat' dir='ltr'>ne</span> <span class='ocrx_word' id='word_1_282' title='bbox 1794 2041 1893 2079; x_wconf 92' lang='lat' dir='ltr'><strong>no-</strong></span> 
     </span>
    </p>
   </div>
   <div class='ocr_carea' id='block_1_38' title="bbox 302 2114 1887 2189">
    <p class='ocr_par' dir='ltr' id='par_1_38' title="bbox 302 2114 1887 2189">
     <span class='ocr_line' id='line_1_38' title="bbox 302 2114 1887 2189; baseline -0.002 -16"><span class='ocrx_word' id='word_1_283' title='bbox 302 2119 515 2174; x_wconf 87' lang='lat' dir='ltr'><strong>minato</strong></span> <span class='ocrx_word' id='word_1_284' title='bbox 537 2120 783 2189; x_wconf 86' lang='lat' dir='ltr'><strong>quidem;</strong></span> <span class='ocrx_word' id='word_1_285' title='bbox 813 2116 1040 2181; x_wconf 88' lang='lat' dir='ltr'><strong>Seneca,</strong></span> <span class='ocrx_word' id='word_1_286' title='bbox 1068 2116 1305 2173; x_wconf 82' lang='lat' dir='ltr'><strong>Joannes</strong></span> <span class='ocrx_word' id='word_1_287' title='bbox 1330 2117 1461 2182; x_wconf 87' lang='lat' dir='ltr'><strong>Leo,</strong></span> <span class='ocrx_word' id='word_1_288' title='bbox 1483 2127 1538 2173; x_wconf 92' lang='lat' dir='ltr'>et</span> <span class='ocrx_word' id='word_1_289' title='bbox 1561 2114 1747 2187; x_wconf 87' lang='lat' dir='ltr'><strong>plures</strong></span> <span class='ocrx_word' id='word_1_290' title='bbox 1773 2117 1887 2171; x_wconf 92' lang='lat' dir='ltr'><strong>alii.</strong></span> 
     </span>
    </p>
   </div>
   <div class='ocr_carea' id='block_1_39' title="bbox 360 2208 1888 2281">
    <p class='ocr_par' dir='ltr' id='par_1_39' title="bbox 360 2208 1888 2281">
     <span class='ocr_line' id='line_1_39' title="bbox 360 2208 1888 2281; baseline -0.003 -15"><span class='ocrx_word' id='word_1_291' title='bbox 360 2210 607 2271; x_wconf 83' lang='lat' dir='ltr'><strong>Col.788.</strong></span> <span class='ocrx_word' id='word_1_292' title='bbox 625 2211 721 2265; x_wconf 92' lang='lat' dir='ltr'><strong>lin.</strong></span> <span class='ocrx_word' id='word_1_293' title='bbox 750 2210 831 2265; x_wconf 85' lang='grc' dir='ltr'>ιο.</span> <span class='ocrx_word' id='word_1_294' title='bbox 850 2211 903 2262; x_wconf 88' lang='lat'>&#39;0</span> <span class='ocrx_word' id='word_1_295' title='bbox 920 2210 1066 2281; x_wconf 80' lang='grc' dir='ltr'>γοῦν</span> <span class='ocrx_word' id='word_1_296' title='bbox 1081 2209 1307 2278; x_wconf 82' lang='grc' dir='ltr'>Φαραώ.</span> <span class='ocrx_word' id='word_1_297' title='bbox 1325 2208 1634 2280; x_wconf 82' lang='lat' dir='ltr'><strong>Artapanus</strong></span> <span class='ocrx_word' id='word_1_298' title='bbox 1653 2225 1665 2260; x_wconf 92' lang='lat'><strong>:</strong></span> <span class='ocrx_word' id='word_1_299' title='bbox 1686 2208 1888 2263; x_wconf 81' lang='grc' dir='ltr'>Τούτου</span> 
     </span>
    </p>
   </div>
   <div class='ocr_carea' id='block_1_40' title="bbox 300 2299 1885 2374">
    <p class='ocr_par' dir='ltr' id='par_1_40' title="bbox 300 2299 1885 2374">
     <span class='ocr_line' id='line_1_40' title="bbox 300 2299 1885 2374; baseline -0.003 -17"><span class='ocrx_word' id='word_1_300' title='bbox 300 2302 361 2357; x_wconf 82' lang='grc' dir='ltr'>δὲ</span> <span class='ocrx_word' id='word_1_301' title='bbox 388 2303 702 2374; x_wconf 84' lang='grc' dir='ltr'>γενομένου,</span> <span class='ocrx_word' id='word_1_302' title='bbox 721 2301 811 2355; x_wconf 82' lang='grc' dir='ltr'>τὸν</span> <span class='ocrx_word' id='word_1_303' title='bbox 844 2300 1065 2371; x_wconf 82' lang='grc' dir='ltr'>βασιλέα</span> <span class='ocrx_word' id='word_1_304' title='bbox 1084 2301 1211 2365; x_wconf 75' lang='grc' dir='ltr'>τοὺς</span> <span class='ocrx_word' id='word_1_305' title='bbox 1228 2301 1371 2373; x_wconf 80' lang='grc' dir='ltr'>ὑπὲρ</span> <span class='ocrx_word' id='word_1_306' title='bbox 1396 2300 1617 2370; x_wconf 81' lang='grc' dir='ltr'>Μέμφιν</span> <span class='ocrx_word' id='word_1_307' title='bbox 1637 2299 1885 2367; x_wconf 87' lang='grc' dir='ltr'>καλέσαι,</span> 
     </span>
    </p>
   </div>
   <div class='ocr_carea' id='block_1_41' title="bbox 301 2392 1884 2467">
    <p class='ocr_par' dir='ltr' id='par_1_41' title="bbox 301 2392 1884 2467">
     <span class='ocr_line' id='line_1_41' title="bbox 301 2392 1884 2467; baseline -0.001 -19"><span class='ocrx_word' id='word_1_308' title='bbox 301 2395 401 2448; x_wconf 74' lang='grc' dir='ltr'>καὶ</span> <span class='ocrx_word' id='word_1_309' title='bbox 417 2394 581 2464; x_wconf 83' lang='grc' dir='ltr'>φάναι</span> <span class='ocrx_word' id='word_1_310' title='bbox 596 2393 794 2457; x_wconf 77' lang='grc' dir='ltr'>αὐτοὺς</span> <span class='ocrx_word' id='word_1_311' title='bbox 811 2394 1006 2465; x_wconf 82' lang='grc' dir='ltr'>άναιρή</span> <span class='ocrx_word' id='word_1_312' title='bbox 1014 2410 1148 2456; x_wconf 88' lang='grc' dir='ltr'>σειν,</span> <span class='ocrx_word' id='word_1_313' title='bbox 1166 2393 1260 2447; x_wconf 66' lang='grc' dir='ltr'>καί¹</span> <span class='ocrx_word' id='word_1_314' title='bbox 1273 2393 1341 2446; x_wconf 83' lang='grc' dir='ltr'>τὰ</span> <span class='ocrx_word' id='word_1_315' title='bbox 1363 2396 1405 2447; x_wconf 90' lang='grc' dir='ltr'>ἰε</span> <span class='ocrx_word' id='word_1_316' title='bbox 1413 2393 1482 2467; x_wconf 84' lang='grc' dir='ltr'>ρὰ</span> <span class='ocrx_word' id='word_1_317' title='bbox 1493 2392 1884 2464; x_wconf 79' lang='grc' dir='ltr'>κατασκάψειν,</span> 
     </span>
    </p>
   </div>
   <div class='ocr_carea' id='block_1_42' title="bbox 302 2485 1886 2559">
    <p class='ocr_par' dir='ltr' id='par_1_42' title="bbox 302 2485 1886 2559">
     <span class='ocr_line' id='line_1_42' title="bbox 302 2485 1886 2559; baseline -0.001 -17"><span class='ocrx_word' id='word_1_318' title='bbox 302 2488 405 2542; x_wconf 75' lang='grc' dir='ltr'>ἐὰν</span> <span class='ocrx_word' id='word_1_319' title='bbox 432 2488 507 2559; x_wconf 83' lang='grc' dir='ltr'>μὴ</span> <span class='ocrx_word' id='word_1_320' title='bbox 538 2488 632 2542; x_wconf 74' lang='grc' dir='ltr'>καὶ</span> <span class='ocrx_word' id='word_1_321' title='bbox 660 2487 814 2541; x_wconf 74' lang='grc' dir='ltr'>αὐτοὶ</span> <span class='ocrx_word' id='word_1_322' title='bbox 842 2488 1345 2559; x_wconf 81' lang='grc' dir='ltr'>τερατουργήσωσι.</span> <span class='ocrx_word' id='word_1_323' title='bbox 1385 2487 1523 2550; x_wconf 78' lang='grc' dir='ltr'>Τοὺς</span> <span class='ocrx_word' id='word_1_324' title='bbox 1554 2485 1611 2539; x_wconf 88' lang='grc' dir='ltr'>δέ</span> <span class='ocrx_word' id='word_1_325' title='bbox 1640 2486 1762 2540; x_wconf 88' lang='grc' dir='ltr'>τότε</span> <span class='ocrx_word' id='word_1_326' title='bbox 1796 2486 1886 2541; x_wconf 80' lang='grc' dir='ltr'>διά</span> 
     </span>
    </p>
   </div>
   <div class='ocr_carea' id='block_1_43' title="bbox 301 2578 1883 2650">
    <p class='ocr_par' dir='ltr' id='par_1_43' title="bbox 301 2578 1883 2650">
     <span class='ocr_line' id='line_1_43' title="bbox 301 2578 1883 2650; baseline -0.002 -16"><span class='ocrx_word' id='word_1_327' title='bbox 301 2596 468 2634; x_wconf 85' lang='grc' dir='ltr'>τινων</span> <span class='ocrx_word' id='word_1_328' title='bbox 502 2579 799 2650; x_wconf 89' lang='grc' dir='ltr'>μαγγάνων</span> <span class='ocrx_word' id='word_1_329' title='bbox 817 2579 911 2633; x_wconf 74' lang='grc' dir='ltr'>καὶ</span> <span class='ocrx_word' id='word_1_330' title='bbox 932 2578 1197 2633; x_wconf 87' lang='grc' dir='ltr'>ἐπαοιδῶν</span> <span class='ocrx_word' id='word_1_331' title='bbox 1226 2578 1495 2650; x_wconf 90' lang='grc' dir='ltr'>δράκοντα</span> <span class='ocrx_word' id='word_1_332' title='bbox 1524 2579 1766 2650; x_wconf 81' lang='grc' dir='ltr'>ποιῆσαι,</span> <span class='ocrx_word' id='word_1_333' title='bbox 1787 2578 1883 2632; x_wconf 65' lang='grc' dir='ltr'>καλ⁵</span> 
     </span>
    </p>
   </div>
   <div class='ocr_carea' id='block_1_44' title="bbox 302 2669 1883 2742">
    <p class='ocr_par' dir='ltr' id='par_1_44' title="bbox 302 2669 1883 2742">
     <span class='ocr_line' id='line_1_44' title="bbox 302 2669 1883 2742; baseline 0 -18"><span class='ocrx_word' id='word_1_334' title='bbox 302 2669 399 2724; x_wconf 79' lang='grc' dir='ltr'>τὸν</span> <span class='ocrx_word' id='word_1_335' title='bbox 435 2671 677 2742; x_wconf 83' lang='grc' dir='ltr'>ποταμὸν</span> <span class='ocrx_word' id='word_1_336' title='bbox 709 2670 1078 2742; x_wconf 67' lang='grc' dir='ltr'>μεταχριῖωαι.</span> <span class='ocrx_word' id='word_1_337' title='bbox 1106 2671 1209 2724; x_wconf 83' lang='grc' dir='ltr'>Τὸν</span> <span class='ocrx_word' id='word_1_338' title='bbox 1231 2671 1288 2723; x_wconf 85' lang='grc' dir='ltr'>δὲ</span> <span class='ocrx_word' id='word_1_339' title='bbox 1318 2670 1561 2741; x_wconf 82' lang='grc' dir='ltr'>βασιλέα,</span> <span class='ocrx_word' id='word_1_340' title='bbox 1616 2688 1883 2742; x_wconf 79' lang='grc' dir='ltr'>φρόνιμα-</span> 
     </span>
    </p>
   </div>
   <div class='ocr_carea' id='block_1_45' title="bbox 303 2763 1881 2837">
    <p class='ocr_par' dir='ltr' id='par_1_45' title="bbox 303 2763 1881 2837">
     <span class='ocr_line' id='line_1_45' title="bbox 303 2763 1881 2837; baseline -0.001 -19"><span class='ocrx_word' id='word_1_341' title='bbox 303 2764 558 2819; x_wconf 85' lang='grc' dir='ltr'>τισθέντα</span> <span class='ocrx_word' id='word_1_342' title='bbox 594 2764 686 2817; x_wconf 71' lang='grc' dir='ltr'>ἐπὶ</span> <span class='ocrx_word' id='word_1_343' title='bbox 702 2763 778 2835; x_wconf 80' lang='grc' dir='ltr'>τῷ</span> <span class='ocrx_word' id='word_1_344' title='bbox 804 2764 1072 2834; x_wconf 85' lang='grc' dir='ltr'>γεγονότι,</span> <span class='ocrx_word' id='word_1_345' title='bbox 1100 2763 1249 2837; x_wconf 80' lang='grc' dir='ltr'>πάσῃ</span> <span class='ocrx_word' id='word_1_346' title='bbox 1272 2764 1513 2835; x_wconf 77' lang='grc' dir='ltr'>τιμωρίᾳ</span> <span class='ocrx_word' id='word_1_347' title='bbox 1536 2763 1631 2816; x_wconf 70' lang='grc' dir='ltr'>καὶ</span> <span class='ocrx_word' id='word_1_348' title='bbox 1662 2763 1881 2817; x_wconf 86' lang='grc' dir='ltr'>κολάσει</span> 
     </span>
    </p>
   </div>
   <div class='ocr_carea' id='block_1_46' title="bbox 305 2855 1878 2921">
    <p class='ocr_par' dir='ltr' id='par_1_46' title="bbox 305 2855 1878 2921">
     <span class='ocr_line' id='line_1_46' title="bbox 305 2855 1878 2921; baseline -0.001 -9"><span class='ocrx_word' id='word_1_349' title='bbox 305 2857 645 2921; x_wconf 76' lang='grc' dir='ltr'>καταικίζειν</span> <span class='ocrx_word' id='word_1_350' title='bbox 678 2858 803 2920; x_wconf 84' lang='grc' dir='ltr'>τοὺς</span> <span class='ocrx_word' id='word_1_351' title='bbox 834 2856 1139 2920; x_wconf 89' lang='grc' dir='ltr'>Ἰουδαίους.</span> <span class='ocrx_word' id='word_1_352' title='bbox 1190 2857 1292 2910; x_wconf 86' lang='grc' dir='ltr'>Τὸν</span> <span class='ocrx_word' id='word_1_353' title='bbox 1324 2856 1383 2910; x_wconf 87' lang='grc' dir='ltr'>δὲ</span> <span class='ocrx_word' id='word_1_354' title='bbox 1411 2856 1661 2920; x_wconf 83' lang='grc' dir='ltr'>Μὼὓσον,</span> <span class='ocrx_word' id='word_1_355' title='bbox 1704 2855 1878 2910; x_wconf 86' lang='grc' dir='ltr'>ταῦτα</span> 
     </span>
    </p>
   </div>
   <div class='ocr_carea' id='block_1_47' title="bbox 304 2946 1877 3020">
    <p class='ocr_par' dir='ltr' id='par_1_47' title="bbox 304 2946 1877 3020">
     <span class='ocr_line' id='line_1_47' title="bbox 304 2946 1877 3020; baseline -0.003 -16"><span class='ocrx_word' id='word_1_356' title='bbox 304 2948 539 3019; x_wconf 73' lang='grc' dir='ltr'>ὁρῶντα,</span> <span class='ocrx_word' id='word_1_357' title='bbox 564 2948 700 3003; x_wconf 85' lang='grc' dir='ltr'>ἄλλα</span> <span class='ocrx_word' id='word_1_358' title='bbox 725 2966 785 3002; x_wconf 90' lang='grc' dir='ltr'>τε</span> <span class='ocrx_word' id='word_1_359' title='bbox 810 2951 1010 3020; x_wconf 87' lang='grc' dir='ltr'>σημεῖα</span> <span class='ocrx_word' id='word_1_360' title='bbox 1038 2947 1280 3020; x_wconf 79' lang='grc' dir='ltr'>ποιῆσαι,</span> <span class='ocrx_word' id='word_1_361' title='bbox 1316 2949 1410 3003; x_wconf 74' lang='grc' dir='ltr'>καὶ</span> <span class='ocrx_word' id='word_1_362' title='bbox 1441 2947 1757 3012; x_wconf 79' lang='grc' dir='ltr'>πατάξαντα</span> <span class='ocrx_word' id='word_1_363' title='bbox 1778 2946 1877 3017; x_wconf 85' lang='grc' dir='ltr'>τὴν</span> 
     </span>
    </p>
   </div>
   <div class='ocr_carea' id='block_1_48' title="bbox 303 3036 1875 3110">
    <p class='ocr_par' dir='ltr' id='par_1_48' title="bbox 303 3036 1875 3110">
     <span class='ocr_line' id='line_1_48' title="bbox 303 3036 1875 3110; baseline 0.001 -20"><span class='ocrx_word' id='word_1_364' title='bbox 303 3036 409 3110; x_wconf 75' lang='grc' dir='ltr'>γῆν</span> <span class='ocrx_word' id='word_1_365' title='bbox 436 3040 502 3109; x_wconf 79' lang='grc' dir='ltr'>τῇ</span> <span class='ocrx_word' id='word_1_366' title='bbox 536 3037 734 3110; x_wconf 79' lang='grc' dir='ltr'>ῥάϐδῳ,</span> <span class='ocrx_word' id='word_1_367' title='bbox 755 3038 891 3104; x_wconf 79' lang='grc' dir='ltr'>ζῶόν</span> <span class='ocrx_word' id='word_1_368' title='bbox 912 3055 965 3091; x_wconf 89' lang='grc' dir='ltr'>τι</span> <span class='ocrx_word' id='word_1_369' title='bbox 991 3038 1191 3108; x_wconf 81' lang='grc' dir='ltr'>πτηνὸν</span> <span class='ocrx_word' id='word_1_370' title='bbox 1218 3040 1447 3102; x_wconf 85' lang='grc' dir='ltr'>ἀνεῖναι,</span> <span class='ocrx_word' id='word_1_371' title='bbox 1474 3036 1502 3090; x_wconf 84' lang='grc' dir='ltr'>δ</span> <span class='ocrx_word' id='word_1_372' title='bbox 1529 3037 1875 3108; x_wconf 85' lang='grc' dir='ltr'>λυμήνασθαι</span> 
     </span>
    </p>
   </div>
   <div class='ocr_carea' id='block_1_49' title="bbox 303 3129 1871 3202">
    <p class='ocr_par' dir='ltr' id='par_1_49' title="bbox 303 3129 1871 3202">
     <span class='ocr_line' id='line_1_49' title="bbox 303 3129 1871 3202; baseline -0.001 -19"><span class='ocrx_word' id='word_1_373' title='bbox 303 3131 432 3194; x_wconf 76' lang='grc' dir='ltr'>τοὺς</span> <span class='ocrx_word' id='word_1_374' title='bbox 465 3131 818 3200; x_wconf 83' lang='grc' dir='ltr'>Αἰγυπτίους,</span> <span class='ocrx_word' id='word_1_375' title='bbox 850 3131 1024 3185; x_wconf 89' lang='grc' dir='ltr'>πάντα</span> <span class='ocrx_word' id='word_1_376' title='bbox 1050 3148 1110 3183; x_wconf 90' lang='grc' dir='ltr'>τε</span> <span class='ocrx_word' id='word_1_377' title='bbox 1139 3130 1501 3202; x_wconf 80' lang='grc' dir='ltr'>ἐξελκωθῆναι</span> <span class='ocrx_word' id='word_1_378' title='bbox 1529 3129 1600 3183; x_wconf 82' lang='grc' dir='ltr'>τὰ</span> <span class='ocrx_word' id='word_1_379' title='bbox 1626 3129 1871 3201; x_wconf 85' lang='grc' dir='ltr'>σώματα.</span> 
     </span>
    </p>
   </div>
   <div class='ocr_carea' id='block_1_50' title="bbox 302 3222 1877 3295">
    <p class='ocr_par' dir='ltr' id='par_1_50' title="bbox 302 3222 1877 3295">
     <span class='ocr_line' id='line_1_50' title="bbox 302 3222 1877 3295; baseline 0 -20"><span class='ocrx_word' id='word_1_380' title='bbox 302 3222 425 3276; x_wconf 88' lang='grc' dir='ltr'>Τῶν</span> <span class='ocrx_word' id='word_1_381' title='bbox 462 3223 519 3277; x_wconf 83' lang='grc' dir='ltr'>δὲ</span> <span class='ocrx_word' id='word_1_382' title='bbox 551 3223 749 3295; x_wconf 77' lang='grc' dir='ltr'>ἰατρῶν</span> <span class='ocrx_word' id='word_1_383' title='bbox 793 3224 866 3295; x_wconf 82' lang='grc' dir='ltr'>μὴ</span> <span class='ocrx_word' id='word_1_384' title='bbox 914 3222 1225 3295; x_wconf 79' lang='grc' dir='ltr'>δυναμένων</span> <span class='ocrx_word' id='word_1_385' title='bbox 1271 3223 1450 3277; x_wconf 85' lang='grc' dir='ltr'>ίᾶσθαι</span> <span class='ocrx_word' id='word_1_386' title='bbox 1483 3223 1609 3286; x_wconf 70' lang='grc' dir='ltr'>τοὺς</span> <span class='ocrx_word' id='word_1_387' title='bbox 1643 3222 1877 3293; x_wconf 81' lang='grc' dir='ltr'>κάμνον-</span> 
     </span>
    </p>
   </div>
   <div class='ocr_carea' id='block_1_51' title="bbox 300 3311 1879 3385">
    <p class='ocr_par' dir='ltr' id='par_1_51' title="bbox 300 3311 1879 3385">
     <span class='ocr_line' id='line_1_51' title="bbox 300 3311 1879 3385; baseline -0.001 -18"><span class='ocrx_word' id='word_1_388' title='bbox 300 3330 422 3379; x_wconf 87' lang='grc' dir='ltr'>τας,</span> <span class='ocrx_word' id='word_1_389' title='bbox 457 3312 598 3367; x_wconf 71' lang='grc' dir='ltr'>οὕτω</span> <span class='ocrx_word' id='word_1_390' title='bbox 630 3313 791 3367; x_wconf 88' lang='grc' dir='ltr'>πάλιν</span> <span class='ocrx_word' id='word_1_391' title='bbox 813 3313 1048 3378; x_wconf 83' lang='grc' dir='ltr'>ἀνέσεως</span> <span class='ocrx_word' id='word_1_392' title='bbox 1076 3315 1258 3385; x_wconf 86' lang='grc' dir='ltr'>τυχεῖν</span> <span class='ocrx_word' id='word_1_393' title='bbox 1276 3315 1402 3379; x_wconf 83' lang='grc' dir='ltr'>τοὺς</span> <span class='ocrx_word' id='word_1_394' title='bbox 1429 3311 1734 3377; x_wconf 86' lang='grc' dir='ltr'>Ἰουδαίους.</span> <span class='ocrx_word' id='word_1_395' title='bbox 1770 3312 1879 3365; x_wconf 84' lang='lat' dir='ltr'>Ho-</span> 
     </span>
    </p>
   </div>
   <div class='ocr_carea' id='block_1_52' title="bbox 300 3401 1881 3475">
    <p class='ocr_par' dir='ltr' id='par_1_52' title="bbox 300 3401 1881 3475">
     <span class='ocr_line' id='line_1_52' title="bbox 300 3401 1881 3475; baseline -0.003 -17"><span class='ocrx_word' id='word_1_396' title='bbox 300 3420 423 3459; x_wconf 92' lang='lat' dir='ltr'>rum</span> <span class='ocrx_word' id='word_1_397' title='bbox 464 3405 810 3460; x_wconf 85' lang='lat' dir='ltr'><strong>sacerdotum</strong></span> <span class='ocrx_word' id='word_1_398' title='bbox 853 3403 1129 3475; x_wconf 85' lang='lat' dir='ltr'><strong>principes</strong></span> <span class='ocrx_word' id='word_1_399' title='bbox 1184 3404 1335 3459; x_wconf 89' lang='lat' dir='ltr'><strong>fuere</strong></span> <span class='ocrx_word' id='word_1_400' title='bbox 1366 3403 1572 3459; x_wconf 84' lang='lat' dir='ltr'><strong>Jaunes</strong></span> <span class='ocrx_word' id='word_1_401' title='bbox 1606 3410 1660 3458; x_wconf 92' lang='lat' dir='ltr'><strong>et</strong></span> <span class='ocrx_word' id='word_1_402' title='bbox 1710 3401 1881 3455; x_wconf 78' lang='lat' dir='ltr'><strong>Mam-</strong></span> 
     </span>
    </p>
   </div>
   <div class='ocr_carea' id='block_1_53' title="bbox 297 3496 1877 3567">
    <p class='ocr_par' dir='ltr' id='par_1_53' title="bbox 297 3496 1877 3567">
     <span class='ocr_line' id='line_1_53' title="bbox 297 3496 1877 3567; baseline -0.004 -12"><span class='ocrx_word' id='word_1_403' title='bbox 297 3497 421 3561; x_wconf 85' lang='lat' dir='ltr'><strong>bre,</strong></span> <span class='ocrx_word' id='word_1_404' title='bbox 448 3496 489 3551; x_wconf 88' lang='lat' dir='ltr'><strong>Il</strong></span> <span class='ocrx_word' id='word_1_405' title='bbox 519 3497 850 3560; x_wconf 59' lang='lat' dir='ltr'><strong>Timotlnm,</strong></span> <span class='ocrx_word' id='word_1_406' title='bbox 880 3496 948 3552; x_wconf 88' lang='lat' dir='ltr'>de</span> <span class='ocrx_word' id='word_1_407' title='bbox 979 3513 1210 3567; x_wconf 86' lang='lat' dir='ltr'><strong>quorum</strong></span> <span class='ocrx_word' id='word_1_408' title='bbox 1242 3497 1493 3567; x_wconf 88' lang='lat' dir='ltr'><strong>sepulcro</strong></span> <span class='ocrx_word' id='word_1_409' title='bbox 1525 3497 1660 3551; x_wconf 87' lang='lat' dir='ltr'><strong>mira</strong></span> <span class='ocrx_word' id='word_1_410' title='bbox 1690 3503 1877 3551; x_wconf 84' lang='lat' dir='ltr'><strong>narrat</strong></span> 
     </span>
    </p>
   </div>
   <div class='ocr_carea' id='block_1_54' title="bbox 298 3585 1875 3643">
    <p class='ocr_par' dir='ltr' id='par_1_54' title="bbox 298 3585 1875 3643">
     <span class='ocr_line' id='line_1_54' title="bbox 298 3585 1875 3643; baseline -0.004 0"><span class='ocrx_word' id='word_1_411' title='bbox 298 3586 578 3643; x_wconf 86' lang='lat' dir='ltr'><strong>Palladius</strong></span> <span class='ocrx_word' id='word_1_412' title='bbox 609 3588 661 3642; x_wconf 93' lang='lat' dir='ltr'>in</span> <span class='ocrx_word' id='word_1_413' title='bbox 697 3587 939 3641; x_wconf 82' lang='lat' dir='ltr'><strong>Historia</strong></span> <span class='ocrx_word' id='word_1_414' title='bbox 971 3586 1238 3640; x_wconf 82' lang='lat' dir='ltr'><strong>Lausiaca</strong></span> <span class='ocrx_word' id='word_1_415' title='bbox 1268 3586 1324 3641; x_wconf 90' lang='lat' dir='ltr'>in</span> <span class='ocrx_word' id='word_1_416' title='bbox 1371 3585 1609 3640; x_wconf 84' lang='lat' dir='ltr'><strong>Macario</strong></span> <span class='ocrx_word' id='word_1_417' title='bbox 1634 3586 1875 3639; x_wconf 76' lang='lat' dir='ltr'><strong>Alexan-</strong></span> 
     </span>
    </p>
   </div>
   <div class='ocr_carea' id='block_1_55' title="bbox 296 3676 1876 3749">
    <p class='ocr_par' dir='ltr' id='par_1_55' title="bbox 296 3676 1876 3749">
     <span class='ocr_line' id='line_1_55' title="bbox 296 3676 1876 3749; baseline -0.004 -12"><span class='ocrx_word' id='word_1_418' title='bbox 296 3681 483 3743; x_wconf 81' lang='lat' dir='ltr'><strong>drino,</strong></span> <span class='ocrx_word' id='word_1_419' title='bbox 511 3679 580 3733; x_wconf 90' lang='lat' dir='ltr'>ab</span> <span class='ocrx_word' id='word_1_420' title='bbox 605 3694 671 3734; x_wconf 90' lang='lat' dir='ltr'>eo</span> <span class='ocrx_word' id='word_1_421' title='bbox 692 3679 807 3734; x_wconf 89' lang='lat' dir='ltr'><strong>visa</strong></span> <span class='ocrx_word' id='word_1_422' title='bbox 831 3686 886 3733; x_wconf 91' lang='lat' dir='ltr'>et</span> <span class='ocrx_word' id='word_1_423' title='bbox 918 3686 1194 3749; x_wconf 88' lang='lat' dir='ltr'><strong>comperta</strong></span> <span class='ocrx_word' id='word_1_424' title='bbox 1219 3695 1234 3744; x_wconf 91' lang='lat'>;</span> <span class='ocrx_word' id='word_1_425' title='bbox 1267 3678 1478 3732; x_wconf 84' lang='lat' dir='ltr'><strong>scilicet</strong></span> <span class='ocrx_word' id='word_1_426' title='bbox 1509 3676 1752 3746; x_wconf 85' lang='lat' dir='ltr'><strong>sepultos</strong></span> <span class='ocrx_word' id='word_1_427' title='bbox 1780 3690 1876 3731; x_wconf 91' lang='lat' dir='ltr'>eos</span> 
     </span>
    </p>
   </div>
   <div class='ocr_carea' id='block_1_56' title="bbox 306 3767 1876 3849">
    <p class='ocr_par' dir='ltr' id='par_1_56' title="bbox 306 3767 1876 3849">
     <span class='ocr_line' id='line_1_56' title="bbox 306 3767 1876 3849; baseline -0.005 -20"><span class='ocrx_word' id='word_1_428' title='bbox 306 3788 434 3830; x_wconf 89' lang='lat' dir='ltr'><strong>esse</strong></span> <span class='ocrx_word' id='word_1_429' title='bbox 452 3774 517 3849; x_wconf 77' lang='lat' dir='ltr'>in</span> <span class='ocrx_word' id='word_1_430' title='bbox 554 3771 750 3838; x_wconf 88' lang='lat' dir='ltr'><strong>hortis,</strong></span> <span class='ocrx_word' id='word_1_431' title='bbox 778 3771 833 3824; x_wconf 92' lang='lat' dir='ltr'>in</span> <span class='ocrx_word' id='word_1_432' title='bbox 871 3770 1072 3839; x_wconf 89' lang='lat' dir='ltr'><strong>quibus</strong></span> <span class='ocrx_word' id='word_1_433' title='bbox 1104 3770 1207 3839; x_wconf 90' lang='lat' dir='ltr'><strong>ipsi</strong></span> <span class='ocrx_word' id='word_1_434' title='bbox 1248 3767 1378 3822; x_wconf 91' lang='lat' dir='ltr'>dum</span> <span class='ocrx_word' id='word_1_435' title='bbox 1408 3769 1673 3831; x_wconf 81' lang='lat' dir='ltr'><strong>viverent,</strong></span> <span class='ocrx_word' id='word_1_436' title='bbox 1699 3768 1876 3822; x_wconf 90' lang='lat' dir='ltr'><strong>omnis</strong></span> 
     </span>
    </p>
   </div>
   <div class='ocr_carea' id='block_1_57' title="bbox 298 3859 1877 3932">
    <p class='ocr_par' dir='ltr' id='par_1_57' title="bbox 298 3859 1877 3932">
     <span class='ocr_line' id='line_1_57' title="bbox 298 3859 1877 3932; baseline -0.003 -14"><span class='ocrx_word' id='word_1_437' title='bbox 298 3864 519 3932; x_wconf 72' lang='lat' dir='ltr'><strong>generis</strong></span> <span class='ocrx_word' id='word_1_438' title='bbox 571 3862 794 3916; x_wconf 90' lang='lat' dir='ltr'><strong>arbores</strong></span> <span class='ocrx_word' id='word_1_439' title='bbox 845 3861 1245 3931; x_wconf 87' lang='lat' dir='ltr'><strong>plantaverant,</strong></span> <span class='ocrx_word' id='word_1_440' title='bbox 1291 3870 1571 3930; x_wconf 81' lang='lat' dir='ltr'><strong>sperantes</strong></span> <span class='ocrx_word' id='word_1_441' title='bbox 1622 3859 1758 3924; x_wconf 79' lang='lat' dir='ltr'><strong>fore,</strong></span> <span class='ocrx_word' id='word_1_442' title='bbox 1817 3868 1877 3913; x_wconf 91' lang='lat' dir='ltr'>ut</span> 
     </span>
    </p>
   </div>
   <div class='ocr_carea' id='block_1_58' title="bbox 301 3949 1877 4027">
    <p class='ocr_par' dir='ltr' id='par_1_58' title="bbox 301 3949 1877 4027">
     <span class='ocr_line' id='line_1_58' title="bbox 301 3949 1877 4027; baseline -0.003 -18"><span class='ocrx_word' id='word_1_443' title='bbox 301 3965 426 4027; x_wconf 89' lang='lat' dir='ltr'><strong>post</strong></span> <span class='ocrx_word' id='word_1_444' title='bbox 455 3962 683 4010; x_wconf 88' lang='lat' dir='ltr'><strong>mortem</strong></span> <span class='ocrx_word' id='word_1_445' title='bbox 705 3954 759 4007; x_wconf 91' lang='lat' dir='ltr'>iu</span> <span class='ocrx_word' id='word_1_446' title='bbox 791 3953 884 4008; x_wconf 89' lang='lat' dir='ltr'><strong>illo</strong></span> <span class='ocrx_word' id='word_1_447' title='bbox 909 3951 1063 4023; x_wconf 85' lang='lat' dir='ltr'><strong>quasi</strong></span> <span class='ocrx_word' id='word_1_448' title='bbox 1093 3949 1355 4005; x_wconf 66' lang='lat' dir='ltr'><strong>Paraliso</strong></span> <span class='ocrx_word' id='word_1_449' title='bbox 1386 3950 1595 4006; x_wconf 89' lang='lat' dir='ltr'><strong>deliciis</strong></span> <span class='ocrx_word' id='word_1_450' title='bbox 1628 3949 1877 4005; x_wconf 82' lang='lat' dir='ltr'><strong>frueren-</strong></span> 
     </span>
    </p>
   </div>
   <div class='ocr_carea' id='block_1_59' title="bbox 299 4043 1872 4121">
    <p class='ocr_par' dir='ltr' id='par_1_59' title="bbox 299 4043 1872 4121">
     <span class='ocr_line' id='line_1_59' title="bbox 299 4043 1872 4121; baseline -0.006 -16"><span class='ocrx_word' id='word_1_451' title='bbox 299 4060 414 4106; x_wconf 88' lang='lat' dir='ltr'><strong>tur.</strong></span> <span class='ocrx_word' id='word_1_452' title='bbox 451 4048 549 4103; x_wconf 90' lang='lat' dir='ltr'><strong>Hic</strong></span> <span class='ocrx_word' id='word_1_453' title='bbox 578 4055 756 4102; x_wconf 88' lang='lat' dir='ltr'><strong>autem</strong></span> <span class='ocrx_word' id='word_1_454' title='bbox 791 4047 944 4103; x_wconf 89' lang='lat' dir='ltr'><strong>locus</strong></span> <span class='ocrx_word' id='word_1_455' title='bbox 982 4047 1269 4101; x_wconf 88' lang='lat' dir='ltr'><strong>tenebatur</strong></span> <span class='ocrx_word' id='word_1_456' title='bbox 1310 4059 1340 4098; x_wconf 90' lang='lat' dir='ltr'>a</span> <span class='ocrx_word' id='word_1_457' title='bbox 1368 4044 1726 4121; x_wconf 68' lang='lat' dir='ltr'><strong>dwmonibus,</strong></span> <span class='ocrx_word' id='word_1_458' title='bbox 1780 4043 1872 4113; x_wconf 91' lang='lat' dir='ltr'>qui</span> 
     </span>
    </p>
   </div>
   <div class='ocr_carea' id='block_1_60' title="bbox 298 4133 1871 4215">
    <p class='ocr_par' dir='ltr' id='par_1_60' title="bbox 298 4133 1871 4215">
     <span class='ocr_line' id='line_1_60' title="bbox 298 4133 1871 4215; baseline -0.008 -18"><span class='ocrx_word' id='word_1_459' title='bbox 298 4141 529 4215; x_wconf 84' lang='lat' dir='ltr'><strong>proinde</strong></span> <span class='ocrx_word' id='word_1_460' title='bbox 568 4138 865 4193; x_wconf 80' lang='lat' dir='ltr'><strong>Maearium</strong></span> <span class='ocrx_word' id='word_1_461' title='bbox 915 4152 1040 4192; x_wconf 89' lang='lat' dir='ltr'>eum</span> <span class='ocrx_word' id='word_1_462' title='bbox 1092 4133 1486 4206; x_wconf 76' lang='lat' dir='ltr'><strong>ingredientem</strong></span> <span class='ocrx_word' id='word_1_463' title='bbox 1536 4134 1871 4198; x_wconf 89' lang='lat' dir='ltr'><strong>invaserunt,</strong></span> 
     </span>
    </p>
   </div>
   <div class='ocr_carea' id='block_1_61' title="bbox 301 4223 1875 4302">
    <p class='ocr_par' dir='ltr' id='par_1_61' title="bbox 301 4223 1875 4302">
     <span class='ocr_line' id='line_1_61' title="bbox 301 4223 1875 4302; baseline -0.008 -12"><span class='ocrx_word' id='word_1_464' title='bbox 301 4234 398 4290; x_wconf 84' lang='lat' dir='ltr'>sed</span> <span class='ocrx_word' id='word_1_465' title='bbox 429 4233 497 4288; x_wconf 91' lang='lat' dir='ltr'>ab</span> <span class='ocrx_word' id='word_1_466' title='bbox 521 4247 587 4287; x_wconf 89' lang='lat' dir='ltr'><strong>eo</strong></span> <span class='ocrx_word' id='word_1_467' title='bbox 616 4232 773 4302; x_wconf 83' lang='lat' dir='ltr'><strong>signo</strong></span> <span class='ocrx_word' id='word_1_468' title='bbox 803 4230 985 4285; x_wconf 80' lang='lat' dir='ltr'><strong>erucis</strong></span> <span class='ocrx_word' id='word_1_469' title='bbox 1040 4227 1207 4298; x_wconf 79' lang='lat' dir='ltr'><strong>fugati</strong></span> <span class='ocrx_word' id='word_1_470' title='bbox 1242 4234 1392 4281; x_wconf 89' lang='lat' dir='ltr'><strong>sunt.</strong></span> <span class='ocrx_word' id='word_1_471' title='bbox 1448 4223 1719 4281; x_wconf 80' lang='lat' dir='ltr'><strong>Macarius</strong></span> <span class='ocrx_word' id='word_1_472' title='bbox 1746 4240 1875 4279; x_wconf 89' lang='lat' dir='ltr'><strong>vero</strong></span> 
     </span>
    </p>
   </div>
   <div class='ocr_carea' id='block_1_62' title="bbox 301 4319 1873 4395">
    <p class='ocr_par' dir='ltr' id='par_1_62' title="bbox 301 4319 1873 4395">
     <span class='ocr_line' id='line_1_62' title="bbox 301 4319 1873 4395; baseline -0.006 -15"><span class='ocrx_word' id='word_1_473' title='bbox 301 4325 515 4395; x_wconf 80' lang='lat' dir='ltr'><strong>singula</strong></span> <span class='ocrx_word' id='word_1_474' title='bbox 545 4324 787 4378; x_wconf 88' lang='lat' dir='ltr'><strong>lustrans</strong></span> <span class='ocrx_word' id='word_1_475' title='bbox 825 4321 1031 4376; x_wconf 86' lang='lat' dir='ltr'><strong>invenit</strong></span> <span class='ocrx_word' id='word_1_476' title='bbox 1080 4321 1317 4375; x_wconf 91' lang='lat' dir='ltr'><strong>fructum</strong></span> <span class='ocrx_word' id='word_1_477' title='bbox 1351 4319 1618 4372; x_wconf 87' lang='lat' dir='ltr'><strong>malorum</strong></span> <span class='ocrx_word' id='word_1_478' title='bbox 1646 4319 1873 4388; x_wconf 85' lang='lat' dir='ltr'><strong>punico-</strong></span> 
     </span>
    </p>
   </div>
   <div class='ocr_carea' id='block_1_63' title="bbox 301 4407 1872 4484">
    <p class='ocr_par' dir='ltr' id='par_1_63' title="bbox 301 4407 1872 4484">
     <span class='ocr_line' id='line_1_63' title="bbox 301 4407 1872 4484; baseline -0.007 -12"><span class='ocrx_word' id='word_1_479' title='bbox 301 4432 445 4480; x_wconf 87' lang='lat' dir='ltr'><strong>rum,</strong></span> <span class='ocrx_word' id='word_1_480' title='bbox 465 4430 585 4484; x_wconf 82' lang='lat' dir='ltr'><strong>quae</strong></span> <span class='ocrx_word' id='word_1_481' title='bbox 608 4414 739 4468; x_wconf 83' lang='lat' dir='ltr'><strong>nihil</strong></span> <span class='ocrx_word' id='word_1_482' title='bbox 764 4414 912 4467; x_wconf 88' lang='lat' dir='ltr'><strong>intus</strong></span> <span class='ocrx_word' id='word_1_483' title='bbox 942 4410 1250 4477; x_wconf 87' lang='lat' dir='ltr'><strong>habebant;</strong></span> <span class='ocrx_word' id='word_1_484' title='bbox 1276 4418 1434 4464; x_wconf 88' lang='lat' dir='ltr'><strong>erant</strong></span> <span class='ocrx_word' id='word_1_485' title='bbox 1461 4408 1604 4463; x_wconf 88' lang='lat' dir='ltr'><strong>enim</strong></span> <span class='ocrx_word' id='word_1_486' title='bbox 1637 4407 1872 4461; x_wconf 81' lang='lat' dir='ltr'><strong>arefacta</strong></span> 
     </span>
    </p>
   </div>
   <div class='ocr_carea' id='block_1_64' title="bbox 1994 1931 3589 2009">
    <p class='ocr_par' dir='ltr' id='par_1_64' title="bbox 1994 1931 3589 2009">
     <span class='ocr_line' id='line_1_64' title="bbox 1994 1931 3589 2009; baseline 0.005 -26"><span class='ocrx_word' id='word_1_487' title='bbox 1994 1933 2119 1995; x_wconf 82' lang='grc' dir='ltr'>τοὺς</span> <span class='ocrx_word' id='word_1_488' title='bbox 2152 1931 2438 1995; x_wconf 87' lang='grc' dir='ltr'>Ἰουδαίους</span> <span class='ocrx_word' id='word_1_489' title='bbox 2466 1932 2900 1996; x_wconf 81' lang='grc' dir='ltr'>άπολῦσαι.Τοὺς</span> <span class='ocrx_word' id='word_1_490' title='bbox 2926 1933 2981 1987; x_wconf 84' lang='grc' dir='ltr'>δέ</span> <span class='ocrx_word' id='word_1_491' title='bbox 3011 1935 3394 2006; x_wconf 79' lang='grc' dir='ltr'>χρησαμένους</span> <span class='ocrx_word' id='word_1_492' title='bbox 3420 1937 3589 2009; x_wconf 31' lang='grc' dir='ltr'>παράε</span> 
     </span>
    </p>
   </div>
   <div class='ocr_carea' id='block_1_65' title="bbox 1991 2022 3569 2099">
    <p class='ocr_par' dir='ltr' id='par_1_65' title="bbox 1991 2022 3569 2099">
     <span class='ocr_line' id='line_1_65' title="bbox 1991 2022 3569 2099; baseline 0.005 -23"><span class='ocrx_word' id='word_1_493' title='bbox 1991 2022 2101 2076; x_wconf 90' lang='grc' dir='ltr'>τῶν</span> <span class='ocrx_word' id='word_1_494' title='bbox 2126 2024 2437 2091; x_wconf 70' lang='grc' dir='ltr'>Αἰγυπτίων</span> <span class='ocrx_word' id='word_1_495' title='bbox 2472 2024 2643 2078; x_wconf 86' lang='grc' dir='ltr'>πολλὰ</span> <span class='ocrx_word' id='word_1_496' title='bbox 2684 2026 2780 2096; x_wconf 82' lang='grc' dir='ltr'>μὲν</span> <span class='ocrx_word' id='word_1_497' title='bbox 2809 2026 3131 2097; x_wconf 81' lang='grc' dir='ltr'>ἐκπώματα,</span> <span class='ocrx_word' id='word_1_498' title='bbox 3166 2029 3265 2081; x_wconf 81' lang='grc' dir='ltr'>οὐκ</span> <span class='ocrx_word' id='word_1_499' title='bbox 3308 2029 3485 2099; x_wconf 82' lang='grc' dir='ltr'>ὀλίγον</span> <span class='ocrx_word' id='word_1_500' title='bbox 3513 2030 3569 2086; x_wconf 77' lang='grc' dir='ltr'>δὲ</span> 
     </span>
    </p>
   </div>
   <div class='ocr_carea' id='block_1_66' title="bbox 1994 2115 3569 2188">
    <p class='ocr_par' dir='ltr' id='par_1_66' title="bbox 1994 2115 3569 2188">
     <span class='ocr_line' id='line_1_66' title="bbox 1994 2115 3569 2188; baseline 0.005 -21"><span class='ocrx_word' id='word_1_501' title='bbox 1994 2115 2309 2186; x_wconf 73' lang='grc' dir='ltr'>ἱματισμὸν,</span> <span class='ocrx_word' id='word_1_502' title='bbox 2328 2115 2492 2187; x_wconf 77' lang='grc' dir='ltr'>ἄλλην</span> <span class='ocrx_word' id='word_1_503' title='bbox 2507 2133 2565 2169; x_wconf 90' lang='grc' dir='ltr'>τε</span> <span class='ocrx_word' id='word_1_504' title='bbox 2591 2117 2891 2188; x_wconf 84' lang='grc' dir='ltr'>παμπληθῆ</span> <span class='ocrx_word' id='word_1_505' title='bbox 2919 2119 3110 2187; x_wconf 79' lang='grc' dir='ltr'>γάζαν,</span> <span class='ocrx_word' id='word_1_506' title='bbox 3129 2119 3422 2184; x_wconf 87' lang='grc' dir='ltr'>διαϐάντας</span> <span class='ocrx_word' id='word_1_507' title='bbox 3442 2122 3569 2183; x_wconf 82' lang='grc' dir='ltr'>τοὺς</span> 
     </span>
    </p>
   </div>
   <div class='ocr_carea' id='block_1_67' title="bbox 1990 2207 3569 2281">
    <p class='ocr_par' dir='ltr' id='par_1_67' title="bbox 1990 2207 3569 2281">
     <span class='ocr_line' id='line_1_67' title="bbox 1990 2207 3569 2281; baseline 0.004 -20"><span class='ocrx_word' id='word_1_508' title='bbox 1990 2208 2131 2262; x_wconf 82' lang='grc' dir='ltr'>κατὰ</span> <span class='ocrx_word' id='word_1_509' title='bbox 2174 2207 2273 2279; x_wconf 86' lang='grc' dir='ltr'>τὴν</span> <span class='ocrx_word' id='word_1_510' title='bbox 2306 2208 2561 2279; x_wconf 81' lang='grc' dir='ltr'>Ἀραϐίαν</span> <span class='ocrx_word' id='word_1_511' title='bbox 2594 2213 2893 2281; x_wconf 70' lang='grc' dir='ltr'>ποταμοὺς,</span> <span class='ocrx_word' id='word_1_512' title='bbox 2933 2211 3027 2263; x_wconf 79' lang='grc' dir='ltr'>καὶ</span> <span class='ocrx_word' id='word_1_513' title='bbox 3068 2210 3357 2276; x_wconf 84' lang='grc' dir='ltr'>διαϐάντας</span> <span class='ocrx_word' id='word_1_514' title='bbox 3383 2214 3569 2268; x_wconf 83' lang='grc' dir='ltr'>ίκανδν</span> 
     </span>
    </p>
   </div>
   <div class='ocr_carea' id='block_1_68' title="bbox 1986 2299 3564 2374">
    <p class='ocr_par' dir='ltr' id='par_1_68' title="bbox 1986 2299 3564 2374">
     <span class='ocr_line' id='line_1_68' title="bbox 1986 2299 3564 2374; baseline 0.003 -19"><span class='ocrx_word' id='word_1_515' title='bbox 1986 2301 2171 2366; x_wconf 88' lang='grc' dir='ltr'>τόπον,</span> <span class='ocrx_word' id='word_1_516' title='bbox 2202 2301 2293 2354; x_wconf 73' lang='grc' dir='ltr'>ἐπί⁸</span> <span class='ocrx_word' id='word_1_517' title='bbox 2323 2300 2421 2372; x_wconf 85' lang='grc' dir='ltr'>τὴν</span> <span class='ocrx_word' id='word_1_518' title='bbox 2445 2299 2708 2374; x_wconf 79' lang='grc' dir='ltr'>Ἐρυθρὰν</span> <span class='ocrx_word' id='word_1_519' title='bbox 2743 2302 3019 2373; x_wconf 90' lang='grc' dir='ltr'>τριταίους</span> <span class='ocrx_word' id='word_1_520' title='bbox 3063 2303 3233 2358; x_wconf 77' lang='grc' dir='ltr'>ἐλθεῖν</span> <span class='ocrx_word' id='word_1_521' title='bbox 3268 2303 3564 2360; x_wconf 88' lang='grc' dir='ltr'>θάλασσαν.</span> 
     </span>
    </p>
   </div>
   <div class='ocr_carea' id='block_1_69' title="bbox 2060 2389 3567 2463">
    <p class='ocr_par' dir='ltr' id='par_1_69' title="bbox 2060 2389 3567 2463">
     <span class='ocr_line' id='line_1_69' title="bbox 2060 2389 3567 2463; baseline 0.005 -19"><span class='ocrx_word' id='word_1_522' title='bbox 2060 2390 2218 2456; x_wconf 86' lang='lat' dir='ltr'><strong>Ibid.,</strong></span> <span class='ocrx_word' id='word_1_523' title='bbox 2253 2389 2350 2445; x_wconf 86' lang='lat' dir='ltr'><strong>lin.</strong></span> <span class='ocrx_word' id='word_1_524' title='bbox 2377 2391 2466 2447; x_wconf 75' lang='grc'>55.</span> <span class='ocrx_word' id='word_1_525' title='bbox 2524 2391 2746 2460; x_wconf 76' lang='grc' dir='ltr'>Μηδεὶς</span> <span class='ocrx_word' id='word_1_526' title='bbox 2774 2391 2826 2444; x_wconf 82' lang='grc' dir='ltr'>δ’</span> <span class='ocrx_word' id='word_1_527' title='bbox 2852 2392 3151 2463; x_wconf 76' lang='grc' dir='ltr'>ὑπολάϐῃ.</span> <span class='ocrx_word' id='word_1_528' title='bbox 3200 2392 3310 2450; x_wconf 81' lang='lat' dir='ltr'>Res</span> <span class='ocrx_word' id='word_1_529' title='bbox 3343 2397 3457 2451; x_wconf 81' lang='lat' dir='ltr'><strong>haec</strong></span> <span class='ocrx_word' id='word_1_530' title='bbox 3486 2401 3567 2451; x_wconf 79' lang='lat' dir='ltr'><strong>al-</strong></span> 
     </span>
    </p>
   </div>
   <div class='ocr_carea' id='block_1_70' title="bbox 1988 2481 3568 2556">
    <p class='ocr_par' dir='ltr' id='par_1_70' title="bbox 1988 2481 3568 2556">
     <span class='ocr_line' id='line_1_70' title="bbox 1988 2481 3568 2556; baseline 0.006 -22"><span class='ocrx_word' id='word_1_531' title='bbox 1988 2481 2182 2535; x_wconf 86' lang='lat' dir='ltr'><strong>tiorem</strong></span> <span class='ocrx_word' id='word_1_532' title='bbox 2220 2483 2451 2552; x_wconf 92' lang='lat' dir='ltr'><strong>requirit</strong></span> <span class='ocrx_word' id='word_1_533' title='bbox 2484 2482 2816 2552; x_wconf 76' lang='lat' dir='ltr'><strong>indaginem,</strong></span> <span class='ocrx_word' id='word_1_534' title='bbox 2862 2500 3034 2555; x_wconf 87' lang='lat' dir='ltr'><strong>quare</strong></span> <span class='ocrx_word' id='word_1_535' title='bbox 3075 2486 3164 2541; x_wconf 93' lang='lat' dir='ltr'>hic</span> <span class='ocrx_word' id='word_1_536' title='bbox 3210 2488 3367 2556; x_wconf 88' lang='lat' dir='ltr'><strong>plura</strong></span> <span class='ocrx_word' id='word_1_537' title='bbox 3396 2488 3568 2543; x_wconf 88' lang='lat' dir='ltr'><strong>addu-</strong></span> 
     </span>
    </p>
   </div>
   <div class='ocr_carea' id='block_1_71' title="bbox 1985 2571 3567 2648">
    <p class='ocr_par' dir='ltr' id='par_1_71' title="bbox 1985 2571 3567 2648">
     <span class='ocr_line' id='line_1_71' title="bbox 1985 2571 3567 2648; baseline 0.005 -22"><span class='ocrx_word' id='word_1_538' title='bbox 1985 2587 2108 2627; x_wconf 90' lang='lat' dir='ltr'><strong>cere</strong></span> <span class='ocrx_word' id='word_1_539' title='bbox 2136 2572 2490 2643; x_wconf 87' lang='lat' dir='ltr'><strong>supersedeo.</strong></span> <span class='ocrx_word' id='word_1_540' title='bbox 2522 2571 2659 2629; x_wconf 80' lang='lat' dir='ltr'><strong>Vide</strong></span> <span class='ocrx_word' id='word_1_541' title='bbox 2681 2575 3054 2644; x_wconf 78' lang='lat' dir='ltr'><strong>expositiones</strong></span> <span class='ocrx_word' id='word_1_542' title='bbox 3101 2592 3238 2648; x_wconf 90' lang='lat' dir='ltr'><strong>quas</strong></span> <span class='ocrx_word' id='word_1_543' title='bbox 3267 2576 3420 2633; x_wconf 68' lang='lat' dir='ltr'><strong>all‘ert</strong></span> <span class='ocrx_word' id='word_1_544' title='bbox 3442 2576 3567 2634; x_wconf 87' lang='lat' dir='ltr'><strong>Ori-</strong></span> 
     </span>
    </p>
   </div>
   <div class='ocr_carea' id='block_1_72' title="bbox 1983 2664 3560 2739">
    <p class='ocr_par' dir='ltr' id='par_1_72' title="bbox 1983 2664 3560 2739">
     <span class='ocr_line' id='line_1_72' title="bbox 1983 2664 3560 2739; baseline 0.004 -21"><span class='ocrx_word' id='word_1_545' title='bbox 1983 2679 2149 2735; x_wconf 72' lang='lat' dir='ltr'><strong>genes</strong></span> <span class='ocrx_word' id='word_1_546' title='bbox 2174 2664 2242 2718; x_wconf 90' lang='lat' dir='ltr'>ad</span> <span class='ocrx_word' id='word_1_547' title='bbox 2274 2665 2419 2719; x_wconf 90' lang='lat' dir='ltr'><strong>hunc</strong></span> <span class='ocrx_word' id='word_1_548' title='bbox 2466 2666 2646 2720; x_wconf 90' lang='lat' dir='ltr'><strong>locum</strong></span> <span class='ocrx_word' id='word_1_549' title='bbox 2674 2669 2730 2721; x_wconf 90' lang='lat' dir='ltr'>in</span> <span class='ocrx_word' id='word_1_550' title='bbox 2758 2666 3084 2729; x_wconf 85' lang='lat' dir='ltr'><strong>Philocalia,</strong></span> <span class='ocrx_word' id='word_1_551' title='bbox 3138 2669 3306 2739; x_wconf 89' lang='lat' dir='ltr'><strong>capit.</strong></span> <span class='ocrx_word' id='word_1_552' title='bbox 3346 2671 3560 2725; x_wconf 87' lang='lat' dir='ltr'><strong>ultimo.</strong></span> 
     </span>
    </p>
   </div>
   <div class='ocr_carea' id='block_1_73' title="bbox 2053 2753 3565 2832">
    <p class='ocr_par' dir='ltr' id='par_1_73' title="bbox 2053 2753 3565 2832">
     <span class='ocr_line' id='line_1_73' title="bbox 2053 2753 3565 2832; baseline 0.005 -25"><span class='ocrx_word' id='word_1_553' title='bbox 2053 2753 2212 2820; x_wconf 88' lang='lat' dir='ltr'><strong>lbid.,</strong></span> <span class='ocrx_word' id='word_1_554' title='bbox 2248 2755 2346 2809; x_wconf 89' lang='lat' dir='ltr'><strong>lin.</strong></span> <span class='ocrx_word' id='word_1_555' title='bbox 2378 2755 2468 2810; x_wconf 80' lang='lat'>&#39;57.</span> <span class='ocrx_word' id='word_1_556' title='bbox 2511 2755 2691 2810; x_wconf 78' lang='grc' dir='ltr'>Ἀλλὰ</span> <span class='ocrx_word' id='word_1_557' title='bbox 2740 2756 3091 2827; x_wconf 82' lang='grc' dir='ltr'>γινωσκέτω.</span> <span class='ocrx_word' id='word_1_558' title='bbox 3138 2756 3293 2824; x_wconf 85' lang='lat' dir='ltr'><strong>Quod</strong></span> <span class='ocrx_word' id='word_1_559' title='bbox 3330 2775 3393 2815; x_wconf 91' lang='lat' dir='ltr'>ea</span> <span class='ocrx_word' id='word_1_560' title='bbox 3443 2778 3565 2832; x_wconf 67' lang='lat' dir='ltr'><strong>qua:</strong></span> 
     </span>
    </p>
   </div>
   <div class='ocr_carea' id='block_1_74' title="bbox 1980 2844 3561 2921">
    <p class='ocr_par' dir='ltr' id='par_1_74' title="bbox 1980 2844 3561 2921">
     <span class='ocr_line' id='line_1_74' title="bbox 1980 2844 3561 2921; baseline 0.005 -21"><span class='ocrx_word' id='word_1_561' title='bbox 1980 2844 2048 2901; x_wconf 89' lang='lat' dir='ltr'>de</span> <span class='ocrx_word' id='word_1_562' title='bbox 2071 2844 2181 2902; x_wconf 85' lang='lat' dir='ltr'><strong>Deo</strong></span> <span class='ocrx_word' id='word_1_563' title='bbox 2205 2845 2467 2901; x_wconf 91' lang='lat' dir='ltr'><strong>dicuntur</strong></span> <span class='ocrx_word' id='word_1_564' title='bbox 2489 2846 2545 2901; x_wconf 90' lang='lat' dir='ltr'>in</span> <span class='ocrx_word' id='word_1_565' title='bbox 2574 2845 2857 2918; x_wconf 87' lang='lat' dir='ltr'><strong>Scriptura</strong></span> <span class='ocrx_word' id='word_1_566' title='bbox 2888 2848 3092 2903; x_wconf 91' lang='lat' dir='ltr'><strong>absona</strong></span> <span class='ocrx_word' id='word_1_567' title='bbox 3121 2865 3366 2921; x_wconf 81' lang='lat' dir='ltr'><strong>congruo</strong></span> <span class='ocrx_word' id='word_1_568' title='bbox 3395 2868 3561 2910; x_wconf 82' lang='lat' dir='ltr'><strong>sensu</strong></span> 
     </span>
    </p>
   </div>
   <div class='ocr_carea' id='block_1_75' title="bbox 1979 2939 3562 3012">
    <p class='ocr_par' dir='ltr' id='par_1_75' title="bbox 1979 2939 3562 3012">
     <span class='ocr_line' id='line_1_75' title="bbox 1979 2939 3562 3012; baseline 0.005 -19"><span class='ocrx_word' id='word_1_569' title='bbox 1979 2939 2089 2995; x_wconf 87' lang='lat' dir='ltr'><strong>dici</strong></span> <span class='ocrx_word' id='word_1_570' title='bbox 2120 2940 2455 2995; x_wconf 84' lang='lat' dir='ltr'><strong>censendum</strong></span> <span class='ocrx_word' id='word_1_571' title='bbox 2488 2939 2580 3003; x_wconf 92' lang='lat' dir='ltr'><strong>sit,</strong></span> <span class='ocrx_word' id='word_1_572' title='bbox 2624 2941 2731 2996; x_wconf 88' lang='lat' dir='ltr'><strong>late</strong></span> <span class='ocrx_word' id='word_1_573' title='bbox 2764 2940 2959 3012; x_wconf 85' lang='lat' dir='ltr'><strong>probat</strong></span> <span class='ocrx_word' id='word_1_574' title='bbox 2988 2940 3251 3012; x_wconf 79' lang='lat' dir='ltr'><strong>Origenes</strong></span> <span class='ocrx_word' id='word_1_575' title='bbox 3279 2944 3473 3001; x_wconf 90' lang='lat' dir='ltr'><strong>homil.</strong></span> <span class='ocrx_word' id='word_1_576' title='bbox 3494 2947 3562 3001; x_wconf 71' lang='lat' dir='ltr'><strong>i9</strong></span> 
     </span>
    </p>
   </div>
   <div class='ocr_carea' id='block_1_76' title="bbox 1978 3029 3558 3106">
    <p class='ocr_par' dir='ltr' id='par_1_76' title="bbox 1978 3029 3558 3106">
     <span class='ocr_line' id='line_1_76' title="bbox 1978 3029 3558 3106; baseline 0.004 -21"><span class='ocrx_word' id='word_1_577' title='bbox 1978 3032 2032 3085; x_wconf 91' lang='lat' dir='ltr'>in</span> <span class='ocrx_word' id='word_1_578' title='bbox 2076 3031 2209 3086; x_wconf 92' lang='lat' dir='ltr'><strong>illud</strong></span> <span class='ocrx_word' id='word_1_579' title='bbox 2240 3029 2509 3096; x_wconf 65' lang='lat' dir='ltr'><strong>Jeremim,</strong></span> <span class='ocrx_word' id='word_1_580' title='bbox 2534 3030 2794 3101; x_wconf 70' lang='lat' dir='ltr'><strong>Decepisti</strong></span> <span class='ocrx_word' id='word_1_581' title='bbox 2813 3050 2914 3094; x_wconf 85' lang='lat' dir='ltr'>me.</span> <span class='ocrx_word' id='word_1_582' title='bbox 2938 3033 3182 3099; x_wconf 81' lang='lat' dir='ltr'><strong>Domine,</strong></span> <span class='ocrx_word' id='word_1_583' title='bbox 3212 3043 3265 3091; x_wconf 75' lang='lat' dir='ltr'>et</span> <span class='ocrx_word' id='word_1_584' title='bbox 3314 3038 3558 3106; x_wconf 70' lang='grc' dir='ltr'>ἀει-θρίω</span> 
     </span>
    </p>
   </div>
   <div class='ocr_carea' id='block_1_77' title="bbox 1978 3125 3559 3194">
    <p class='ocr_par' dir='ltr' id='par_1_77' title="bbox 1978 3125 3559 3194">
     <span class='ocr_line' id='line_1_77' title="bbox 1978 3125 3559 3194; baseline 0.007 -19"><span class='ocrx_word' id='word_1_585' title='bbox 1978 3139 2117 3187; x_wconf 80' lang='lat' dir='ltr'><strong>sum,</strong></span> <span class='ocrx_word' id='word_1_586' title='bbox 2152 3140 2315 3194; x_wconf 87' lang='lat' dir='ltr'><strong>quam</strong></span> <span class='ocrx_word' id='word_1_587' title='bbox 2350 3140 2455 3179; x_wconf 91' lang='lat' dir='ltr'>una</span> <span class='ocrx_word' id='word_1_588' title='bbox 2501 3139 2625 3178; x_wconf 87' lang='lat' dir='ltr'>cum</span> <span class='ocrx_word' id='word_1_589' title='bbox 2657 3125 2781 3179; x_wconf 90' lang='lat' dir='ltr'><strong>aliis</strong></span> <span class='ocrx_word' id='word_1_590' title='bbox 2836 3141 2865 3179; x_wconf 90' lang='lat' dir='ltr'>a</span> <span class='ocrx_word' id='word_1_591' title='bbox 2899 3127 3058 3183; x_wconf 83' lang='lat' dir='ltr'><strong>nobis</strong></span> <span class='ocrx_word' id='word_1_592' title='bbox 3111 3126 3337 3185; x_wconf 88' lang='lat' dir='ltr'><strong>Latinas</strong></span> <span class='ocrx_word' id='word_1_593' title='bbox 3387 3130 3559 3186; x_wconf 84' lang='lat' dir='ltr'><strong>factas</strong></span> 
     </span>
    </p>
   </div>
   <div class='ocr_carea' id='block_1_78' title="bbox 1981 3214 3558 3277">
    <p class='ocr_par' dir='ltr' id='par_1_78' title="bbox 1981 3214 3558 3277">
     <span class='ocr_line' id='line_1_78' title="bbox 1981 3214 3558 3277; baseline 0.003 -7"><span class='ocrx_word' id='word_1_594' title='bbox 1981 3215 2153 3270; x_wconf 90' lang='lat' dir='ltr'><strong>edidit</strong></span> <span class='ocrx_word' id='word_1_595' title='bbox 2197 3215 2425 3271; x_wconf 80' lang='lat' dir='ltr'><strong>Michael</strong></span> <span class='ocrx_word' id='word_1_596' title='bbox 2452 3214 2757 3272; x_wconf 84' lang='lat' dir='ltr'><strong>Ghislerius</strong></span> <span class='ocrx_word' id='word_1_597' title='bbox 2793 3219 2909 3272; x_wconf 90' lang='lat' dir='ltr'><strong>suis</strong></span> <span class='ocrx_word' id='word_1_598' title='bbox 2957 3217 3014 3271; x_wconf 85' lang='lat' dir='ltr'>in</span> <span class='ocrx_word' id='word_1_599' title='bbox 3066 3217 3351 3274; x_wconf 82' lang='lat' dir='ltr'><strong>Jeremiam</strong></span> <span class='ocrx_word' id='word_1_600' title='bbox 3392 3220 3558 3277; x_wconf 57' lang='lat' dir='ltr'><strong>Come</strong></span> 
     </span>
    </p>
   </div>
   <div class='ocr_carea' id='block_1_79' title="bbox 1981 3307 2293 3362">
    <p class='ocr_par' dir='ltr' id='par_1_79' title="bbox 1981 3307 2293 3362">
     <span class='ocr_line' id='line_1_79' title="bbox 1981 3307 2293 3362; baseline 0.003 -2"><span class='ocrx_word' id='word_1_601' title='bbox 1981 3307 2293 3362; x_wconf 87' lang='lat' dir='ltr'><strong>meutariis.</strong></span> 
     </span>
    </p>
   </div>
   <div class='ocr_carea' id='block_1_80' title="bbox 2046 3395 3552 3470">
    <p class='ocr_par' dir='ltr' id='par_1_80' title="bbox 2046 3395 3552 3470">
     <span class='ocr_line' id='line_1_80' title="bbox 2046 3395 3552 3470; baseline 0.003 -20"><span class='ocrx_word' id='word_1_602' title='bbox 2046 3395 2163 3450; x_wconf 88' lang='lat' dir='ltr'><strong>Col.</strong></span> <span class='ocrx_word' id='word_1_603' title='bbox 2196 3396 2320 3460; x_wconf 88' lang='lat'>789,</span> <span class='ocrx_word' id='word_1_604' title='bbox 2353 3397 2449 3453; x_wconf 90' lang='lat' dir='ltr'><strong>lin.</strong></span> <span class='ocrx_word' id='word_1_605' title='bbox 2476 3396 2529 3452; x_wconf 90' lang='lat'><strong>8.</strong></span> <span class='ocrx_word' id='word_1_606' title='bbox 2551 3400 2615 3451; x_wconf 82' lang='lat' dir='ltr'>Ol</span> <span class='ocrx_word' id='word_1_607' title='bbox 2644 3396 2733 3461; x_wconf 83' lang='grc' dir='ltr'>δὲ,</span> <span class='ocrx_word' id='word_1_608' title='bbox 2770 3395 3188 3466; x_wconf 81' lang='grc' dir='ltr'>διαιρεθείσης.</span> <span class='ocrx_word' id='word_1_609' title='bbox 3207 3400 3515 3470; x_wconf 87' lang='lat' dir='ltr'><strong>Artapanus</strong></span> <span class='ocrx_word' id='word_1_610' title='bbox 3542 3419 3552 3455; x_wconf 91' lang='lat'>:</span> 
     </span>
    </p>
   </div>
   <div class='ocr_carea' id='block_1_81' title="bbox 1989 3487 3556 3562">
    <p class='ocr_par' dir='ltr' id='par_1_81' title="bbox 1989 3487 3556 3562">
     <span class='ocr_line' id='line_1_81' title="bbox 1989 3487 3556 3562; baseline 0.002 -20"><span class='ocrx_word' id='word_1_611' title='bbox 1989 3487 2400 3553; x_wconf 86' lang='grc' dir='ltr'>Ἦλιουπολίτας</span> <span class='ocrx_word' id='word_1_612' title='bbox 2420 3487 2478 3543; x_wconf 84' lang='grc' dir='ltr'>δὲ</span> <span class='ocrx_word' id='word_1_613' title='bbox 2513 3488 2691 3559; x_wconf 90' lang='grc' dir='ltr'>λέγειν</span> <span class='ocrx_word' id='word_1_614' title='bbox 2720 3490 3181 3561; x_wconf 88' lang='grc' dir='ltr'>ἐπικαταδραμεῖν</span> <span class='ocrx_word' id='word_1_615' title='bbox 3212 3490 3302 3544; x_wconf 77' lang='grc' dir='ltr'>τὸν</span> <span class='ocrx_word' id='word_1_616' title='bbox 3332 3491 3556 3562; x_wconf 85' lang='grc' dir='ltr'>βασιλέα</span> 
     </span>
    </p>
   </div>
   <div class='ocr_carea' id='block_1_82' title="bbox 1980 3577 3556 3653">
    <p class='ocr_par' dir='ltr' id='par_1_82' title="bbox 1980 3577 3556 3653">
     <span class='ocr_line' id='line_1_82' title="bbox 1980 3577 3556 3653; baseline 0.003 -22"><span class='ocrx_word' id='word_1_617' title='bbox 1980 3577 2117 3650; x_wconf 82' lang='grc' dir='ltr'>μετὰ</span> <span class='ocrx_word' id='word_1_618' title='bbox 2153 3578 2355 3650; x_wconf 82' lang='grc' dir='ltr'>πολλῆς</span> <span class='ocrx_word' id='word_1_619' title='bbox 2392 3579 2673 3651; x_wconf 89' lang='grc' dir='ltr'>δυνάμεως</span> <span class='ocrx_word' id='word_1_620' title='bbox 2711 3579 2826 3650; x_wconf 74' lang='grc' dir='ltr'>ἅμα</span> <span class='ocrx_word' id='word_1_621' title='bbox 2855 3581 2950 3633; x_wconf 71' lang='grc' dir='ltr'>καί⁸</span> <span class='ocrx_word' id='word_1_622' title='bbox 2981 3582 3096 3643; x_wconf 88' lang='grc' dir='ltr'>τοῖς</span> <span class='ocrx_word' id='word_1_623' title='bbox 3129 3578 3556 3653; x_wconf 88' lang='grc' dir='ltr'>καθιερωμένοις</span> 
     </span>
    </p>
   </div>
   <div class='ocr_carea' id='block_1_83' title="bbox 1978 3670 3554 3749">
    <p class='ocr_par' dir='ltr' id='par_1_83' title="bbox 1978 3670 3554 3749">
     <span class='ocr_line' id='line_1_83' title="bbox 1978 3670 3554 3749; baseline 0.002 -25"><span class='ocrx_word' id='word_1_624' title='bbox 1978 3670 2158 3736; x_wconf 79' lang='grc' dir='ltr'>ζώοις,</span> <span class='ocrx_word' id='word_1_625' title='bbox 2187 3670 2275 3724; x_wconf 85' lang='grc' dir='ltr'>διὰ</span> <span class='ocrx_word' id='word_1_626' title='bbox 2305 3671 2367 3725; x_wconf 85' lang='grc' dir='ltr'>τὸ</span> <span class='ocrx_word' id='word_1_627' title='bbox 2414 3671 2513 3742; x_wconf 77' lang='grc' dir='ltr'>τὴν</span> <span class='ocrx_word' id='word_1_628' title='bbox 2562 3671 2796 3749; x_wconf 78' lang='grc' dir='ltr'>ὓπαρξιν</span> <span class='ocrx_word' id='word_1_629' title='bbox 2829 3674 2955 3737; x_wconf 85' lang='grc' dir='ltr'>τοὺς</span> <span class='ocrx_word' id='word_1_630' title='bbox 2993 3672 3278 3735; x_wconf 86' lang='grc' dir='ltr'>Ἰουδαίους</span> <span class='ocrx_word' id='word_1_631' title='bbox 3323 3674 3431 3727; x_wconf 89' lang='grc' dir='ltr'>τῶν</span> <span class='ocrx_word' id='word_1_632' title='bbox 3456 3675 3554 3727; x_wconf 77' lang='grc' dir='ltr'>Δί-</span> 
     </span>
    </p>
   </div>
   <div class='ocr_carea' id='block_1_84' title="bbox 1976 3763 3554 3838">
    <p class='ocr_par' dir='ltr' id='par_1_84' title="bbox 1976 3763 3554 3838">
     <span class='ocr_line' id='line_1_84' title="bbox 1976 3763 3554 3838; baseline 0.002 -21"><span class='ocrx_word' id='word_1_633' title='bbox 1976 3765 2226 3834; x_wconf 86' lang='grc' dir='ltr'>γυπτίων</span> <span class='ocrx_word' id='word_1_634' title='bbox 2260 3765 2639 3837; x_wconf 82' lang='grc' dir='ltr'>χρησαμένους</span> <span class='ocrx_word' id='word_1_635' title='bbox 2665 3763 3016 3837; x_wconf 77' lang='grc' dir='ltr'>διακομίζειν.</span> <span class='ocrx_word' id='word_1_636' title='bbox 3040 3764 3130 3837; x_wconf 83' lang='grc' dir='ltr'>Τῷ</span> <span class='ocrx_word' id='word_1_637' title='bbox 3158 3766 3375 3838; x_wconf 80' lang='grc' dir='ltr'>Μωΰσῳ</span> <span class='ocrx_word' id='word_1_638' title='bbox 3406 3766 3554 3820; x_wconf 87' lang='grc' dir='ltr'>θείαν</span> 
     </span>
    </p>
   </div>
   <div class='ocr_carea' id='block_1_85' title="bbox 1975 3857 3553 3932">
    <p class='ocr_par' dir='ltr' id='par_1_85' title="bbox 1975 3857 3553 3932">
     <span class='ocr_line' id='line_1_85' title="bbox 1975 3857 3553 3932; baseline 0.001 -21"><span class='ocrx_word' id='word_1_639' title='bbox 1975 3857 2158 3931; x_wconf 82' lang='grc' dir='ltr'>φωνὴν</span> <span class='ocrx_word' id='word_1_640' title='bbox 2176 3858 2428 3927; x_wconf 86' lang='grc' dir='ltr'>γενέσθαι</span> <span class='ocrx_word' id='word_1_641' title='bbox 2463 3857 2699 3923; x_wconf 83' lang='grc' dir='ltr'>πατάξαι</span> <span class='ocrx_word' id='word_1_642' title='bbox 2722 3859 2820 3931; x_wconf 83' lang='grc' dir='ltr'>τὴν</span> <span class='ocrx_word' id='word_1_643' title='bbox 2846 3857 3117 3913; x_wconf 86' lang='grc' dir='ltr'>θάλασσαν</span> <span class='ocrx_word' id='word_1_644' title='bbox 3142 3862 3207 3931; x_wconf 79' lang='grc' dir='ltr'>τῇ</span> <span class='ocrx_word' id='word_1_645' title='bbox 3233 3859 3433 3932; x_wconf 80' lang='grc' dir='ltr'>ῥάϐδῳ.</span> <span class='ocrx_word' id='word_1_646' title='bbox 3450 3859 3553 3914; x_wconf 83' lang='grc' dir='ltr'>Τὸν</span> 
     </span>
    </p>
   </div>
   <div class='ocr_carea' id='block_1_86' title="bbox 1974 3948 3551 4022">
    <p class='ocr_par' dir='ltr' id='par_1_86' title="bbox 1974 3948 3551 4022">
     <span class='ocr_line' id='line_1_86' title="bbox 1974 3948 3551 4022; baseline 0.001 -19"><span class='ocrx_word' id='word_1_647' title='bbox 1974 3949 2031 4003; x_wconf 83' lang='grc' dir='ltr'>δὲ</span> <span class='ocrx_word' id='word_1_648' title='bbox 2050 3948 2283 4003; x_wconf 78' lang='grc' dir='ltr'>Μώῠσον</span> <span class='ocrx_word' id='word_1_649' title='bbox 2302 3949 2608 4003; x_wconf 85' lang='grc' dir='ltr'>ἀκούσαντα</span> <span class='ocrx_word' id='word_1_650' title='bbox 2638 3949 2903 4019; x_wconf 87' lang='grc' dir='ltr'>ἐπιθίγειν</span> <span class='ocrx_word' id='word_1_651' title='bbox 2922 3952 2989 4022; x_wconf 87' lang='grc' dir='ltr'>τῇ</span> <span class='ocrx_word' id='word_1_652' title='bbox 3017 3950 3194 4022; x_wconf 77' lang='grc' dir='ltr'>ῥάϐδῳ</span> <span class='ocrx_word' id='word_1_653' title='bbox 3217 3949 3311 4004; x_wconf 88' lang='grc' dir='ltr'>τοῦ</span> <span class='ocrx_word' id='word_1_654' title='bbox 3340 3949 3551 4014; x_wconf 75' lang='grc' dir='ltr'>ὓδατος,</span> 
     </span>
    </p>
   </div>
   <div class='ocr_carea' id='block_1_87' title="bbox 1974 4041 3551 4115">
    <p class='ocr_par' dir='ltr' id='par_1_87' title="bbox 1974 4041 3551 4115">
     <span class='ocr_line' id='line_1_87' title="bbox 1974 4041 3551 4115; baseline 0 -20"><span class='ocrx_word' id='word_1_655' title='bbox 1974 4044 2069 4095; x_wconf 77' lang='grc' dir='ltr'>καὶ</span> <span class='ocrx_word' id='word_1_656' title='bbox 2097 4041 2239 4095; x_wconf 76' lang='grc' dir='ltr'>οὕτω</span> <span class='ocrx_word' id='word_1_657' title='bbox 2267 4041 2329 4095; x_wconf 82' lang='grc' dir='ltr'>τὸ</span> <span class='ocrx_word' id='word_1_658' title='bbox 2348 4042 2443 4113; x_wconf 85' lang='grc' dir='ltr'>μὲν</span> <span class='ocrx_word' id='word_1_659' title='bbox 2472 4044 2621 4112; x_wconf 83' lang='grc' dir='ltr'>νᾶμα</span> <span class='ocrx_word' id='word_1_660' title='bbox 2655 4042 2961 4111; x_wconf 83' lang='grc' dir='ltr'>διαστῆναι,</span> <span class='ocrx_word' id='word_1_661' title='bbox 2994 4043 3091 4115; x_wconf 73' lang='grc' dir='ltr'>τὴν</span> <span class='ocrx_word' id='word_1_662' title='bbox 3121 4042 3177 4097; x_wconf 82' lang='grc' dir='ltr'>δὲ</span> <span class='ocrx_word' id='word_1_663' title='bbox 3205 4041 3433 4113; x_wconf 85' lang='grc' dir='ltr'>δύναμιν</span> <span class='ocrx_word' id='word_1_664' title='bbox 3463 4042 3551 4096; x_wconf 69' lang='grc' dir='ltr'>διὰ</span> 
     </span>
    </p>
   </div>
   <div class='ocr_carea' id='block_1_88' title="bbox 1974 4133 3549 4207">
    <p class='ocr_par' dir='ltr' id='par_1_88' title="bbox 1974 4133 3549 4207">
     <span class='ocr_line' id='line_1_88' title="bbox 1974 4133 3549 4207; baseline 0 -20"><span class='ocrx_word' id='word_1_665' title='bbox 1974 4133 2146 4207; x_wconf 76' lang='grc' dir='ltr'>ξηρᾶς</span> <span class='ocrx_word' id='word_1_666' title='bbox 2176 4133 2295 4188; x_wconf 84' lang='grc' dir='ltr'>όδοῦ</span> <span class='ocrx_word' id='word_1_667' title='bbox 2340 4133 2684 4206; x_wconf 88' lang='grc' dir='ltr'>πορεύεσθαι.</span> <span class='ocrx_word' id='word_1_668' title='bbox 2748 4134 3133 4205; x_wconf 81' lang='grc' dir='ltr'>Συνεμϐάντων</span> <span class='ocrx_word' id='word_1_669' title='bbox 3177 4135 3234 4188; x_wconf 85' lang='grc' dir='ltr'>δέ</span> <span class='ocrx_word' id='word_1_670' title='bbox 3290 4135 3399 4188; x_wconf 87' lang='grc' dir='ltr'>τῶν</span> <span class='ocrx_word' id='word_1_671' title='bbox 3453 4136 3549 4188; x_wconf 60' lang='grc' dir='ltr'>Δία</span> 
     </span>
    </p>
   </div>
   <div class='ocr_carea' id='block_1_89' title="bbox 1972 4226 3547 4299">
    <p class='ocr_par' dir='ltr' id='par_1_89' title="bbox 1972 4226 3547 4299">
     <span class='ocr_line' id='line_1_89' title="bbox 1972 4226 3547 4299; baseline 0 -20"><span class='ocrx_word' id='word_1_672' title='bbox 1972 4226 2215 4296; x_wconf 86' lang='grc' dir='ltr'>γυπτίων</span> <span class='ocrx_word' id='word_1_673' title='bbox 2246 4226 2339 4279; x_wconf 73' lang='grc' dir='ltr'>καὶ</span> <span class='ocrx_word' id='word_1_674' title='bbox 2367 4227 2691 4292; x_wconf 83' lang='grc' dir='ltr'>διωκόντων,</span> <span class='ocrx_word' id='word_1_675' title='bbox 2719 4228 2853 4299; x_wconf 77' lang='grc' dir='ltr'>φησὶ</span> <span class='ocrx_word' id='word_1_676' title='bbox 2880 4227 2991 4299; x_wconf 89' lang='grc' dir='ltr'>πῦρ</span> <span class='ocrx_word' id='word_1_677' title='bbox 3028 4229 3210 4290; x_wconf 80' lang='grc' dir='ltr'>αὐτοῖς</span> <span class='ocrx_word' id='word_1_678' title='bbox 3226 4231 3290 4281; x_wconf 90' lang='grc' dir='ltr'>ἐκ</span> <span class='ocrx_word' id='word_1_679' title='bbox 3316 4226 3422 4280; x_wconf 85' lang='grc' dir='ltr'>τῶν</span> <span class='ocrx_word' id='word_1_680' title='bbox 3452 4227 3547 4298; x_wconf 77' lang='grc' dir='ltr'>ἔμ-</span> 
     </span>
    </p>
   </div>
   <div class='ocr_carea' id='block_1_90' title="bbox 1974 4317 3550 4391">
    <p class='ocr_par' dir='ltr' id='par_1_90' title="bbox 1974 4317 3550 4391">
     <span class='ocr_line' id='line_1_90' title="bbox 1974 4317 3550 4391; baseline 0.001 -22"><span class='ocrx_word' id='word_1_681' title='bbox 1974 4317 2207 4388; x_wconf 87' lang='grc' dir='ltr'>προσθεν</span> <span class='ocrx_word' id='word_1_682' title='bbox 2239 4318 2535 4389; x_wconf 60' lang='grc' dir='ltr'>ἐκλάμψαι,</span> <span class='ocrx_word' id='word_1_683' title='bbox 2560 4318 2660 4391; x_wconf 76' lang='grc' dir='ltr'>τὴν</span> <span class='ocrx_word' id='word_1_684' title='bbox 2692 4319 2749 4372; x_wconf 86' lang='grc' dir='ltr'>δέ</span> <span class='ocrx_word' id='word_1_685' title='bbox 2788 4317 3061 4373; x_wconf 88' lang='grc' dir='ltr'>θάλασσαν</span> <span class='ocrx_word' id='word_1_686' title='bbox 3096 4319 3257 4374; x_wconf 85' lang='grc' dir='ltr'>πάλιν</span> <span class='ocrx_word' id='word_1_687' title='bbox 3306 4318 3402 4391; x_wconf 81' lang='grc' dir='ltr'>τὴν</span> <span class='ocrx_word' id='word_1_688' title='bbox 3432 4320 3550 4373; x_wconf 68' lang='grc' dir='ltr'>ὁδὸν</span> 
     </span>
    </p>
   </div>
   <div class='ocr_carea' id='block_1_91' title="bbox 1973 4407 3545 4481">
    <p class='ocr_par' dir='ltr' id='par_1_91' title="bbox 1973 4407 3545 4481">
     <span class='ocr_line' id='line_1_91' title="bbox 1973 4407 3545 4481; baseline 0.001 -20"><span class='ocrx_word' id='word_1_689' title='bbox 1973 4407 2285 4463; x_wconf 84' lang='grc' dir='ltr'>ἐπικλύσαι.</span> <span class='ocrx_word' id='word_1_690' title='bbox 2343 4411 2483 4474; x_wconf 77' lang='grc' dir='ltr'>Τοὺς</span> <span class='ocrx_word' id='word_1_691' title='bbox 2539 4409 2597 4464; x_wconf 87' lang='grc' dir='ltr'>δὲ</span> <span class='ocrx_word' id='word_1_692' title='bbox 2648 4410 2973 4479; x_wconf 73' lang='grc' dir='ltr'>Αἰγυπτίους</span> <span class='ocrx_word' id='word_1_693' title='bbox 3014 4410 3118 4463; x_wconf 82' lang='grc' dir='ltr'>ὑπό</span> <span class='ocrx_word' id='word_1_694' title='bbox 3150 4428 3208 4463; x_wconf 89' lang='grc' dir='ltr'>τε</span> <span class='ocrx_word' id='word_1_695' title='bbox 3246 4409 3339 4463; x_wconf 85' lang='grc' dir='ltr'>τοῦ</span> <span class='ocrx_word' id='word_1_696' title='bbox 3380 4410 3545 4481; x_wconf 76' lang='grc' dir='ltr'>πυρδ,</span> 
     </span>
    </p>
   </div>
   <div class='ocr_carea' id='block_1_92' title="bbox 300 4498 1880 4576">
    <p class='ocr_par' dir='ltr' id='par_1_92' title="bbox 300 4498 1871 4576">
     <span class='ocr_line' id='line_1_92' title="bbox 300 4498 1871 4576; baseline -0.006 -15"><span class='ocrx_word' id='word_1_697' title='bbox 300 4524 332 4561; x_wconf 89' lang='lat' dir='ltr'>a</span> <span class='ocrx_word' id='word_1_698' title='bbox 373 4507 508 4569; x_wconf 77' lang='lat' dir='ltr'><strong>sale,</strong></span> <span class='ocrx_word' id='word_1_699' title='bbox 556 4506 787 4576; x_wconf 88' lang='lat' dir='ltr'><strong>plurima</strong></span> <span class='ocrx_word' id='word_1_700' title='bbox 842 4504 967 4559; x_wconf 90' lang='lat' dir='ltr'><strong>item</strong></span> <span class='ocrx_word' id='word_1_701' title='bbox 1009 4516 1174 4557; x_wconf 88' lang='lat' dir='ltr'><strong>aurea</strong></span> <span class='ocrx_word' id='word_1_702' title='bbox 1222 4500 1494 4556; x_wconf 89' lang='lat' dir='ltr'><strong>donaria:</strong></span> <span class='ocrx_word' id='word_1_703' title='bbox 1532 4498 1871 4571; x_wconf 81' lang='grc' dir='ltr'>Ἐπεθύμησέ</span> 
     </span>
    </p>
   </div>
   <div class='ocr_carea' id='block_1_93' title="bbox 1982 4498 3547 4576">
    <p class='ocr_par' dir='ltr' id='par_1_93' title="bbox 1982 4500 3547 4575">
     <span class='ocr_line' id='line_1_93' title="bbox 1982 4500 3547 4575; baseline 0.001 -21"><span class='ocrx_word' id='word_1_704' title='bbox 1982 4502 2070 4555; x_wconf 74' lang='grc' dir='ltr'>καὶ</span> <span class='ocrx_word' id='word_1_705' title='bbox 2110 4502 2211 4573; x_wconf 81' lang='grc' dir='ltr'>τῆς</span> <span class='ocrx_word' id='word_1_706' title='bbox 2241 4501 2618 4575; x_wconf 83' lang='grc' dir='ltr'>πλημμυρίδος</span> <span class='ocrx_word' id='word_1_707' title='bbox 2654 4502 2862 4566; x_wconf 87' lang='grc' dir='ltr'>πάντας</span> <span class='ocrx_word' id='word_1_708' title='bbox 2887 4500 3273 4575; x_wconf 76' lang='grc' dir='ltr'>διαφθαρῆναι.</span> <span class='ocrx_word' id='word_1_709' title='bbox 3303 4500 3547 4556; x_wconf 81' lang='lat' dir='ltr'><strong>Gentiles</strong></span> 
     </span>
    </p>
   </div>
   <div class='ocr_carea' id='block_1_94' title="bbox 299 4594 1871 4666">
    <p class='ocr_par' dir='ltr' id='par_1_94' title="bbox 299 4594 1871 4666">
     <span class='ocr_line' id='line_1_94' title="bbox 299 4594 1871 4666; baseline -0.008 -10"><span class='ocrx_word' id='word_1_710' title='bbox 299 4618 430 4656; x_wconf 84' lang='grc' dir='ltr'>ποτε</span> <span class='ocrx_word' id='word_1_711' title='bbox 465 4594 617 4663; x_wconf 72' lang='grc' dir='ltr'>οὗτος</span> <span class='ocrx_word' id='word_1_712' title='bbox 664 4601 692 4652; x_wconf 89' lang='grc' dir='ltr'>ό</span> <span class='ocrx_word' id='word_1_713' title='bbox 726 4597 909 4662; x_wconf 78' lang='grc' dir='ltr'>αὐτὸς,</span> <span class='ocrx_word' id='word_1_714' title='bbox 946 4596 1022 4660; x_wconf 82' lang='grc' dir='ltr'>ὡς</span> <span class='ocrx_word' id='word_1_715' title='bbox 1067 4596 1227 4660; x_wconf 80' lang='grc' dir='ltr'>αὐτὸς</span> <span class='ocrx_word' id='word_1_716' title='bbox 1269 4597 1400 4666; x_wconf 77' lang='grc' dir='ltr'>ἡμῖν</span> <span class='ocrx_word' id='word_1_717' title='bbox 1445 4595 1759 4665; x_wconf 85' lang='grc' dir='ltr'>διηγήσατο,</span> <span class='ocrx_word' id='word_1_718' title='bbox 1792 4594 1871 4654; x_wconf 84' lang='grc' dir='ltr'>εἰς</span> 
     </span>
    </p>
   </div>
   <div class='ocr_carea' id='block_1_95' title="bbox 297 4682 1870 4766">
    <p class='ocr_par' dir='ltr' id='par_1_95' title="bbox 297 4682 1870 4766">
     <span class='ocr_line' id='line_1_95' title="bbox 297 4682 1870 4766; baseline -0.01 -15"><span class='ocrx_word' id='word_1_719' title='bbox 297 4696 361 4751; x_wconf 81' lang='grc' dir='ltr'>τὸ</span> <span class='ocrx_word' id='word_1_720' title='bbox 395 4692 733 4766; x_wconf 86' lang='grc' dir='ltr'>κηποτάφιον</span> <span class='ocrx_word' id='word_1_721' title='bbox 772 4688 1031 4743; x_wconf 79' lang='grc' dir='ltr'>εἰσελθεῖν</span> <span class='ocrx_word' id='word_1_722' title='bbox 1074 4688 1168 4742; x_wconf 91' lang='grc' dir='ltr'>τοῦ</span> <span class='ocrx_word' id='word_1_723' title='bbox 1228 4686 1429 4742; x_wconf 84' lang='grc' dir='ltr'>ἰαννοῦ</span> <span class='ocrx_word' id='word_1_724' title='bbox 1464 4687 1558 4740; x_wconf 76' lang='grc' dir='ltr'>καὶ</span> <span class='ocrx_word' id='word_1_725' title='bbox 1618 4682 1870 4755; x_wconf 85' lang='grc' dir='ltr'>Ἰαμϐροῦ</span> 
     </span>
    </p>
   </div>
   <div class='ocr_carea' id='block_1_96' title="bbox 298 4775 1871 4859">
    <p class='ocr_par' dir='ltr' id='par_1_96' title="bbox 298 4775 1871 4859">
     <span class='ocr_line' id='line_1_96' title="bbox 298 4775 1871 4859; baseline -0.01 -16"><span class='ocrx_word' id='word_1_726' title='bbox 298 4788 409 4843; x_wconf 88' lang='grc' dir='ltr'>τῶν</span> <span class='ocrx_word' id='word_1_727' title='bbox 441 4788 632 4859; x_wconf 85' lang='grc' dir='ltr'>μάγων</span> <span class='ocrx_word' id='word_1_728' title='bbox 661 4785 769 4839; x_wconf 86' lang='grc' dir='ltr'>τῶν</span> <span class='ocrx_word' id='word_1_729' title='bbox 799 4783 891 4837; x_wconf 75' lang='grc' dir='ltr'>ἐπὶ</span> <span class='ocrx_word' id='word_1_730' title='bbox 917 4782 1011 4836; x_wconf 90' lang='grc' dir='ltr'>τοῦ</span> <span class='ocrx_word' id='word_1_731' title='bbox 1034 4778 1233 4851; x_wconf 79' lang='grc' dir='ltr'>Φαραὼ</span> <span class='ocrx_word' id='word_1_732' title='bbox 1260 4780 1420 4851; x_wconf 87' lang='grc' dir='ltr'>χάριν</span> <span class='ocrx_word' id='word_1_733' title='bbox 1449 4777 1685 4848; x_wconf 84' lang='grc' dir='ltr'>ἱστορίας</span> <span class='ocrx_word' id='word_1_734' title='bbox 1714 4775 1747 4847; x_wconf 75' lang='grc' dir='ltr'>ἢ</span> <span class='ocrx_word' id='word_1_735' title='bbox 1778 4775 1871 4828; x_wconf 70' lang='grc' dir='ltr'>καὶ</span> 
     </span>
    </p>
   </div>
   <div class='ocr_carea' id='block_1_97' title="bbox 301 4864 1869 4945">
    <p class='ocr_par' dir='ltr' id='par_1_97' title="bbox 301 4864 1869 4945">
     <span class='ocr_line' id='line_1_97' title="bbox 301 4864 1869 4945; baseline -0.008 -17"><span class='ocrx_word' id='word_1_736' title='bbox 301 4874 587 4945; x_wconf 86' lang='grc' dir='ltr'>συντυχίας</span> <span class='ocrx_word' id='word_1_737' title='bbox 618 4871 726 4925; x_wconf 88' lang='grc' dir='ltr'>τῶν</span> <span class='ocrx_word' id='word_1_738' title='bbox 771 4873 947 4925; x_wconf 79' lang='grc' dir='ltr'>ἐκεῖσε</span> <span class='ocrx_word' id='word_1_739' title='bbox 987 4868 1276 4940; x_wconf 86' lang='grc' dir='ltr'>δαιμόνων.</span> <span class='ocrx_word' id='word_1_740' title='bbox 1309 4866 1555 4934; x_wconf 86' lang='grc' dir='ltr'>Ἐλέγετο</span> <span class='ocrx_word' id='word_1_741' title='bbox 1582 4864 1689 4936; x_wconf 84' lang='grc' dir='ltr'>γὰρ</span> <span class='ocrx_word' id='word_1_742' title='bbox 1719 4882 1869 4932; x_wconf 70' lang='grc' dir='ltr'>παμ-</span> 
     </span>
    </p>
   </div>
   <div class='ocr_carea' id='block_1_98' title="bbox 300 4954 1870 5035">
    <p class='ocr_par' dir='ltr' id='par_1_98' title="bbox 300 4954 1870 5035">
     <span class='ocr_line' id='line_1_98' title="bbox 300 4954 1870 5035; baseline -0.009 -15"><span class='ocrx_word' id='word_1_743' title='bbox 300 4966 527 5029; x_wconf 84' lang='grc' dir='ltr'>πόλλους</span> <span class='ocrx_word' id='word_1_744' title='bbox 569 4965 663 5019; x_wconf 75' lang='grc' dir='ltr'>καὶ</span> <span class='ocrx_word' id='word_1_745' title='bbox 700 4962 967 5035; x_wconf 83' lang='grc' dir='ltr'>χαλεποὺς</span> <span class='ocrx_word' id='word_1_746' title='bbox 1002 4956 1494 5029; x_wconf 84' lang='grc' dir='ltr'>ἀποκεκληρῶσθαι</span> <span class='ocrx_word' id='word_1_747' title='bbox 1540 4956 1668 5030; x_wconf 84' lang='grc' dir='ltr'>παρ’</span> <span class='ocrx_word' id='word_1_748' title='bbox 1694 4954 1870 5007; x_wconf 72' lang='grc' dir='ltr'>αὐτῶν</span> 
     </span>
    </p>
   </div>
   <div class='ocr_carea' id='block_1_99' title="bbox 299 5044 1873 5127">
    <p class='ocr_par' dir='ltr' id='par_1_99' title="bbox 299 5044 1873 5127">
     <span class='ocr_line' id='line_1_99' title="bbox 299 5044 1873 5127; baseline -0.01 -16"><span class='ocrx_word' id='word_1_749' title='bbox 299 5058 522 5113; x_wconf 80' lang='grc' dir='ltr'>ἐκείνων</span> <span class='ocrx_word' id='word_1_750' title='bbox 534 5055 610 5127; x_wconf 82' lang='grc' dir='ltr'>τῷ</span> <span class='ocrx_word' id='word_1_751' title='bbox 623 5054 773 5124; x_wconf 86' lang='grc' dir='ltr'>τόπῳ</span> <span class='ocrx_word' id='word_1_752' title='bbox 788 5052 979 5123; x_wconf 86' lang='grc' dir='ltr'>ἐκείνῳ</span> <span class='ocrx_word' id='word_1_753' title='bbox 988 5050 1243 5121; x_wconf 84' lang='grc' dir='ltr'>δαίμονας</span> <span class='ocrx_word' id='word_1_754' title='bbox 1255 5049 1320 5102; x_wconf 79' lang='grc' dir='ltr'>δι’</span> <span class='ocrx_word' id='word_1_755' title='bbox 1336 5049 1437 5100; x_wconf 84' lang='grc' dir='ltr'>ὑπε</span> <span class='ocrx_word' id='word_1_756' title='bbox 1447 5045 1638 5118; x_wconf 81' lang='grc' dir='ltr'>ρϐολὴν</span> <span class='ocrx_word' id='word_1_757' title='bbox 1653 5044 1754 5114; x_wconf 81' lang='grc' dir='ltr'>τῆς</span> <span class='ocrx_word' id='word_1_758' title='bbox 1764 5045 1873 5097; x_wconf 83' lang='grc' dir='ltr'>ἀτί-</span> 
     </span>
    </p>
   </div>
   <div class='ocr_carea' id='block_1_100' title="bbox 302 5135 1866 5221">
    <p class='ocr_par' dir='ltr' id='par_1_100' title="bbox 302 5135 1866 5221">
     <span class='ocr_line' id='line_1_100' title="bbox 302 5135 1866 5221; baseline -0.01 -18"><span class='ocrx_word' id='word_1_759' title='bbox 302 5167 403 5221; x_wconf 88' lang='grc' dir='ltr'>μου</span> <span class='ocrx_word' id='word_1_760' title='bbox 421 5149 613 5220; x_wconf 82' lang='grc' dir='ltr'>τέχνης</span> <span class='ocrx_word' id='word_1_761' title='bbox 633 5143 1006 5200; x_wconf 77' lang='grc' dir='ltr'>αὐτῶν.Τοῦτο</span> <span class='ocrx_word' id='word_1_762' title='bbox 1022 5141 1078 5195; x_wconf 85' lang='grc' dir='ltr'>δὲ</span> <span class='ocrx_word' id='word_1_763' title='bbox 1099 5142 1159 5194; x_wconf 85' lang='grc' dir='ltr'>τὸ</span> <span class='ocrx_word' id='word_1_764' title='bbox 1174 5142 1508 5213; x_wconf 87' lang='grc' dir='ltr'>κηποτάφιον</span> <span class='ocrx_word' id='word_1_765' title='bbox 1524 5137 1713 5207; x_wconf 87' lang='grc' dir='ltr'>γέγονε</span> <span class='ocrx_word' id='word_1_766' title='bbox 1740 5135 1866 5207; x_wconf 80' lang='grc' dir='ltr'>παρ’</span> 
     </span>
    </p>
   </div>
   <div class='ocr_carea' id='block_1_101' title="bbox 299 5227 1871 5305">
    <p class='ocr_par' dir='ltr' id='par_1_101' title="bbox 299 5227 1871 5305">
     <span class='ocr_line' id='line_1_101' title="bbox 299 5227 1871 5305; baseline -0.011 -10"><span class='ocrx_word' id='word_1_767' title='bbox 299 5238 463 5297; x_wconf 80' lang='grc' dir='ltr'>αὐτοῦ</span> <span class='ocrx_word' id='word_1_768' title='bbox 483 5239 576 5293; x_wconf 92' lang='grc' dir='ltr'>τοῦ</span> <span class='ocrx_word' id='word_1_769' title='bbox 593 5236 794 5292; x_wconf 86' lang='grc' dir='ltr'>Ἰαννοῦ</span> <span class='ocrx_word' id='word_1_770' title='bbox 813 5236 907 5289; x_wconf 71' lang='grc' dir='ltr'>καὶ</span> <span class='ocrx_word' id='word_1_771' title='bbox 933 5230 1189 5305; x_wconf 88' lang='grc' dir='ltr'>Ἰαμϐροῦ</span> <span class='ocrx_word' id='word_1_772' title='bbox 1214 5230 1322 5284; x_wconf 87' lang='grc' dir='ltr'>τῶν</span> <span class='ocrx_word' id='word_1_773' title='bbox 1352 5227 1613 5298; x_wconf 84' lang='grc' dir='ltr'>ἀδελφῶν,</span> <span class='ocrx_word' id='word_1_774' title='bbox 1628 5227 1694 5281; x_wconf 86' lang='grc' dir='ltr'>δι’</span> <span class='ocrx_word' id='word_1_775' title='bbox 1713 5227 1871 5297; x_wconf 82' lang='grc' dir='ltr'>ὑπερ-</span> 
     </span>
    </p>
   </div>
   <div class='ocr_carea' id='block_1_102' title="bbox 299 5319 1868 5405">
    <p class='ocr_par' dir='ltr' id='par_1_102' title="bbox 299 5319 1868 5405">
     <span class='ocr_line' id='line_1_102' title="bbox 299 5319 1868 5405; baseline -0.01 -19"><span class='ocrx_word' id='word_1_776' title='bbox 299 5332 460 5405; x_wconf 80' lang='grc' dir='ltr'>ϐολὴν</span> <span class='ocrx_word' id='word_1_777' title='bbox 490 5331 589 5402; x_wconf 84' lang='grc' dir='ltr'>τῆς</span> <span class='ocrx_word' id='word_1_778' title='bbox 626 5329 867 5403; x_wconf 84' lang='grc' dir='ltr'>μαγικῆς</span> <span class='ocrx_word' id='word_1_779' title='bbox 906 5325 1101 5396; x_wconf 79' lang='grc' dir='ltr'>τέχνης</span> <span class='ocrx_word' id='word_1_780' title='bbox 1138 5323 1207 5378; x_wconf 82' lang='grc' dir='ltr'>τὰ</span> <span class='ocrx_word' id='word_1_781' title='bbox 1248 5321 1438 5395; x_wconf 87' lang='grc' dir='ltr'>πρῶτα</span> <span class='ocrx_word' id='word_1_782' title='bbox 1478 5321 1709 5392; x_wconf 85' lang='grc' dir='ltr'>ἐχόντων</span> <span class='ocrx_word' id='word_1_783' title='bbox 1748 5319 1868 5372; x_wconf 86' lang='grc' dir='ltr'>κατ’</span> 
     </span>
    </p>
   </div>
   <div class='ocr_carea' id='block_1_103' title="bbox 298 5413 1871 5497">
    <p class='ocr_par' dir='ltr' id='par_1_103' title="bbox 298 5413 1871 5497">
     <span class='ocr_line' id='line_1_103' title="bbox 298 5413 1871 5497; baseline -0.009 -18"><span class='ocrx_word' id='word_1_784' title='bbox 298 5428 502 5480; x_wconf 80' lang='grc' dir='ltr'>ἐκεῖνον</span> <span class='ocrx_word' id='word_1_785' title='bbox 519 5422 711 5497; x_wconf 82' lang='grc' dir='ltr'>καιροῦ</span> <span class='ocrx_word' id='word_1_786' title='bbox 732 5420 881 5493; x_wconf 84' lang='grc' dir='ltr'>παρὰ</span> <span class='ocrx_word' id='word_1_787' title='bbox 901 5419 977 5491; x_wconf 80' lang='grc' dir='ltr'>τῷ</span> <span class='ocrx_word' id='word_1_788' title='bbox 996 5414 1213 5492; x_wconf 77' lang='grc' dir='ltr'>Φαραὼ,</span> <span class='ocrx_word' id='word_1_789' title='bbox 1229 5416 1427 5487; x_wconf 79' lang='grc' dir='ltr'>πολλὴν</span> <span class='ocrx_word' id='word_1_790' title='bbox 1439 5432 1604 5487; x_wconf 87' lang='grc' dir='ltr'>κεκτη</span> <span class='ocrx_word' id='word_1_791' title='bbox 1613 5413 1762 5485; x_wconf 82' lang='grc' dir='ltr'>μένοι</span> <span class='ocrx_word' id='word_1_792' title='bbox 1782 5413 1871 5466; x_wconf 89' lang='grc' dir='ltr'>δυ-</span> 
     </span>
    </p>
   </div>
   <div class='ocr_carea' id='block_1_104' title="bbox 296 5505 1863 5588">
    <p class='ocr_par' dir='ltr' id='par_1_104' title="bbox 296 5505 1863 5588">
     <span class='ocr_line' id='line_1_104' title="bbox 296 5505 1863 5588; baseline -0.01 -13"><span class='ocrx_word' id='word_1_793' title='bbox 296 5515 548 5575; x_wconf 81' lang='grc' dir='ltr'>ναστείαν</span> <span class='ocrx_word' id='word_1_794' title='bbox 566 5516 664 5588; x_wconf 81' lang='grc' dir='ltr'>τὴν</span> <span class='ocrx_word' id='word_1_795' title='bbox 683 5517 740 5569; x_wconf 86' lang='grc' dir='ltr'>ἐν</span> <span class='ocrx_word' id='word_1_796' title='bbox 765 5512 1024 5583; x_wconf 79' lang='grc' dir='ltr'>Αἰγύπτῳ</span> <span class='ocrx_word' id='word_1_797' title='bbox 1035 5508 1181 5580; x_wconf 80' lang='grc' dir='ltr'>ἐν’τῷ</span> <span class='ocrx_word' id='word_1_798' title='bbox 1200 5511 1298 5578; x_wconf 84' lang='grc' dir='ltr'>τῆς</span> <span class='ocrx_word' id='word_1_799' title='bbox 1323 5507 1467 5577; x_wconf 79' lang='grc' dir='ltr'>ζωῆς</span> <span class='ocrx_word' id='word_1_800' title='bbox 1482 5505 1657 5560; x_wconf 85' lang='grc' dir='ltr'>αὐτῶν</span> <span class='ocrx_word' id='word_1_801' title='bbox 1670 5506 1863 5577; x_wconf 86' lang='grc' dir='ltr'>χρόνῳ.</span> 
     </span>
    </p>
   </div>
   <div class='ocr_carea' id='block_1_105' title="bbox 310 5594 1866 5681">
    <p class='ocr_par' dir='ltr' id='par_1_105' title="bbox 310 5594 1866 5681">
     <span class='ocr_line' id='line_1_105' title="bbox 310 5594 1866 5681; baseline -0.01 -17"><span class='ocrx_word' id='word_1_802' title='bbox 310 5609 406 5663; x_wconf 85' lang='grc' dir='ltr'>Ἕκ</span> <span class='ocrx_word' id='word_1_803' title='bbox 418 5606 761 5681; x_wconf 83' lang='grc' dir='ltr'>τετραπέδων</span> <span class='ocrx_word' id='word_1_804' title='bbox 774 5604 935 5658; x_wconf 83' lang='grc' dir='ltr'>λίθων</span> <span class='ocrx_word' id='word_1_805' title='bbox 953 5602 1171 5656; x_wconf 78' lang='grc' dir='ltr'>ἔκτισαν</span> <span class='ocrx_word' id='word_1_806' title='bbox 1186 5599 1246 5652; x_wconf 83' lang='grc' dir='ltr'>τὸ</span> <span class='ocrx_word' id='word_1_807' title='bbox 1264 5598 1422 5670; x_wconf 74' lang='grc' dir='ltr'>ἔργον</span> <span class='ocrx_word' id='word_1_808' title='bbox 1438 5599 1630 5661; x_wconf 87' lang='grc' dir='ltr'>ἐκεῖνο,</span> <span class='ocrx_word' id='word_1_809' title='bbox 1646 5597 1703 5649; x_wconf 92' lang='grc' dir='ltr'>ἐν</span> <span class='ocrx_word' id='word_1_810' title='bbox 1718 5594 1866 5667; x_wconf 76' lang='grc' dir='ltr'>αὐτῷ</span> 
     </span>
    </p>
   </div>
   <div class='ocr_carea' id='block_1_106' title="bbox 302 5688 1862 5770">
    <p class='ocr_par' dir='ltr' id='par_1_106' title="bbox 302 5688 1862 5770">
     <span class='ocr_line' id='line_1_106' title="bbox 302 5688 1862 5770; baseline -0.004 -18"><span class='ocrx_word' id='word_1_811' title='bbox 302 5698 489 5770; x_wconf 83' lang='grc' dir='ltr'>μνῆμα</span> <span class='ocrx_word' id='word_1_812' title='bbox 521 5697 899 5766; x_wconf 80' lang='grc' dir='ltr'>πεποιηκότες,</span> <span class='ocrx_word' id='word_1_813' title='bbox 940 5693 1035 5747; x_wconf 75' lang='grc' dir='ltr'>καὶ</span> <span class='ocrx_word' id='word_1_814' title='bbox 1076 5689 1275 5764; x_wconf 82' lang='grc' dir='ltr'>χρυσὸν</span> <span class='ocrx_word' id='word_1_815' title='bbox 1307 5688 1473 5744; x_wconf 79' lang='grc' dir='ltr'>πολὺν</span> <span class='ocrx_word' id='word_1_816' title='bbox 1515 5689 1862 5761; x_wconf 83' lang='grc' dir='ltr'>ἀποθέμενοι.</span> 
     </span>
    </p>
   </div>
   <div class='ocr_carea' id='block_1_107' title="bbox 330 5782 1863 5861">
    <p class='ocr_par' dir='ltr' id='par_1_107' title="bbox 330 5782 1863 5861">
     <span class='ocr_line' id='line_1_107' title="bbox 330 5782 1863 5861; baseline -0.006 -16"><span class='ocrx_word' id='word_1_817' title='bbox 330 5790 645 5861; x_wconf 80' lang='grc' dir='ltr'>Εφύτευσαν</span> <span class='ocrx_word' id='word_1_818' title='bbox 664 5785 754 5844; x_wconf 81' lang='grc' dir='ltr'>οῦν</span> <span class='ocrx_word' id='word_1_819' title='bbox 778 5789 871 5844; x_wconf 69' lang='grc' dir='ltr'>καὶ</span> <span class='ocrx_word' id='word_1_820' title='bbox 902 5785 1091 5857; x_wconf 80' lang='grc' dir='ltr'>δένδρα</span> <span class='ocrx_word' id='word_1_821' title='bbox 1120 5786 1366 5849; x_wconf 83' lang='grc' dir='ltr'>παντοῖα,</span> <span class='ocrx_word' id='word_1_822' title='bbox 1412 5785 1504 5839; x_wconf 65' lang='grc' dir='ltr'>καὶ</span> <span class='ocrx_word' id='word_1_823' title='bbox 1535 5784 1709 5855; x_wconf 82' lang='grc' dir='ltr'>φρέαρ</span> <span class='ocrx_word' id='word_1_824' title='bbox 1740 5782 1863 5836; x_wconf 74' lang='grc' dir='ltr'>ὓδα-</span> 
     </span>
    </p>
   </div>
   <div class='ocr_carea' id='block_1_108' title="bbox 1974 4592 3548 4662">
    <p class='ocr_par' dir='ltr' id='par_1_108' title="bbox 1974 4592 3548 4662">
     <span class='ocr_line' id='line_1_108' title="bbox 1974 4592 3548 4662; baseline 0.001 -16"><span class='ocrx_word' id='word_1_825' title='bbox 1974 4593 2121 4647; x_wconf 89' lang='lat' dir='ltr'><strong>hunc</strong></span> <span class='ocrx_word' id='word_1_826' title='bbox 2173 4594 2466 4647; x_wconf 88' lang='lat' dir='ltr'><strong>transitum</strong></span> <span class='ocrx_word' id='word_1_827' title='bbox 2504 4593 2850 4648; x_wconf 71' lang='lat' dir='ltr'><strong>Hebraeorum</strong></span> <span class='ocrx_word' id='word_1_828' title='bbox 2897 4593 3045 4647; x_wconf 88' lang='lat' dir='ltr'><strong>sicco</strong></span> <span class='ocrx_word' id='word_1_829' title='bbox 3078 4592 3213 4662; x_wconf 85' lang='lat' dir='ltr'><strong>pede</strong></span> <span class='ocrx_word' id='word_1_830' title='bbox 3267 4607 3363 4662; x_wconf 76' lang='lat' dir='ltr'>per</span> <span class='ocrx_word' id='word_1_831' title='bbox 3397 4607 3548 4648; x_wconf 84' lang='lat' dir='ltr'><strong>mare</strong></span> 
     </span>
    </p>
   </div>
   <div class='ocr_carea' id='block_1_109' title="bbox 1972 4682 3543 4753">
    <p class='ocr_par' dir='ltr' id='par_1_109' title="bbox 1972 4682 3543 4753">
     <span class='ocr_line' id='line_1_109' title="bbox 1972 4682 3543 4753; baseline 0.001 -18"><span class='ocrx_word' id='word_1_832' title='bbox 1972 4683 2277 4753; x_wconf 88' lang='lat' dir='ltr'><strong>ascripsere</strong></span> <span class='ocrx_word' id='word_1_833' title='bbox 2306 4698 2415 4738; x_wconf 91' lang='lat' dir='ltr'>non</span> <span class='ocrx_word' id='word_1_834' title='bbox 2451 4684 2734 4749; x_wconf 89' lang='lat' dir='ltr'><strong>miraculo,</strong></span> <span class='ocrx_word' id='word_1_835' title='bbox 2768 4683 2863 4738; x_wconf 87' lang='lat' dir='ltr'>sed</span> <span class='ocrx_word' id='word_1_836' title='bbox 2899 4682 3318 4752; x_wconf 77' lang='lat' dir='ltr'><strong>reciprocationi</strong></span> <span class='ocrx_word' id='word_1_837' title='bbox 3354 4685 3543 4737; x_wconf 87' lang='lat' dir='ltr'><strong>maris.</strong></span> 
     </span>
    </p>
   </div>
   <div class='ocr_carea' id='block_1_110' title="bbox 1972 4774 3541 4846">
    <p class='ocr_par' dir='ltr' id='par_1_110' title="bbox 1972 4774 3541 4846">
     <span class='ocr_line' id='line_1_110' title="bbox 1972 4774 3541 4846; baseline 0.003 -17"><span class='ocrx_word' id='word_1_838' title='bbox 1972 4775 2115 4829; x_wconf 89' lang='lat' dir='ltr'><strong>Idem</strong></span> <span class='ocrx_word' id='word_1_839' title='bbox 2152 4774 2413 4829; x_wconf 82' lang='lat' dir='ltr'><strong>dixerunt</strong></span> <span class='ocrx_word' id='word_1_840' title='bbox 2466 4774 2758 4846; x_wconf 79' lang='lat' dir='ltr'><strong>Mernphite</strong></span> <span class='ocrx_word' id='word_1_841' title='bbox 2795 4775 2985 4829; x_wconf 86' lang='lat' dir='ltr'><strong>eodem</strong></span> <span class='ocrx_word' id='word_1_842' title='bbox 3030 4778 3308 4845; x_wconf 83' lang='lat' dir='ltr'><strong>Artapano</strong></span> <span class='ocrx_word' id='word_1_843' title='bbox 3367 4785 3541 4833; x_wconf 88' lang='lat' dir='ltr'><strong>teste:</strong></span> 
     </span>
    </p>
   </div>
   <div class='ocr_carea' id='block_1_111' title="bbox 1970 4866 3546 4939">
    <p class='ocr_par' dir='ltr' id='par_1_111' title="bbox 1970 4866 3546 4939">
     <span class='ocr_line' id='line_1_111' title="bbox 1970 4866 3546 4939; baseline 0.003 -20"><span class='ocrx_word' id='word_1_844' title='bbox 1970 4868 2079 4920; x_wconf 80' lang='grc' dir='ltr'>Καὶ</span> <span class='ocrx_word' id='word_1_845' title='bbox 2099 4869 2180 4921; x_wconf 88' lang='grc' dir='ltr'>Με</span> <span class='ocrx_word' id='word_1_846' title='bbox 2189 4868 2388 4939; x_wconf 71' lang='grc' dir='ltr'>μερίτας</span> <span class='ocrx_word' id='word_1_847' title='bbox 2416 4868 2511 4938; x_wconf 86' lang='grc' dir='ltr'>μὲν</span> <span class='ocrx_word' id='word_1_848' title='bbox 2539 4866 2715 4935; x_wconf 90' lang='grc' dir='ltr'>λέγειν</span> <span class='ocrx_word' id='word_1_849' title='bbox 2758 4866 3016 4938; x_wconf 81' lang='grc' dir='ltr'>ἔμπειρον</span> <span class='ocrx_word' id='word_1_850' title='bbox 3041 4867 3167 4920; x_wconf 77' lang='grc' dir='ltr'>ὄντα</span> <span class='ocrx_word' id='word_1_851' title='bbox 3195 4868 3286 4922; x_wconf 70' lang='grc' dir='ltr'>τὶν</span> <span class='ocrx_word' id='word_1_852' title='bbox 3315 4868 3546 4925; x_wconf 80' lang='grc' dir='ltr'>Μὼὓσον</span> 
     </span>
    </p>
   </div>
   <div class='ocr_carea' id='block_1_112' title="bbox 1968 4957 3544 5034">
    <p class='ocr_par' dir='ltr' id='par_1_112' title="bbox 1968 4957 3544 5034">
     <span class='ocr_line' id='line_1_112' title="bbox 1968 4957 3544 5034; baseline 0.001 -22"><span class='ocrx_word' id='word_1_853' title='bbox 1968 4958 2071 5028; x_wconf 79' lang='grc' dir='ltr'>τῆς</span> <span class='ocrx_word' id='word_1_854' title='bbox 2103 4957 2305 5031; x_wconf 81' lang='grc' dir='ltr'>χώρας,</span> <span class='ocrx_word' id='word_1_855' title='bbox 2330 4959 2425 5030; x_wconf 85' lang='grc' dir='ltr'>τὴν</span> <span class='ocrx_word' id='word_1_856' title='bbox 2454 4960 2705 5030; x_wconf 78' lang='grc' dir='ltr'>ἄμπωτιν</span> <span class='ocrx_word' id='word_1_857' title='bbox 2732 4960 3070 5031; x_wconf 78' lang='grc' dir='ltr'>τηρήσαντα,</span> <span class='ocrx_word' id='word_1_858' title='bbox 3122 4958 3211 5013; x_wconf 79' lang='grc' dir='ltr'>διὰ</span> <span class='ocrx_word' id='word_1_859' title='bbox 3240 4958 3410 5032; x_wconf 81' lang='grc' dir='ltr'>ξηρᾶς</span> <span class='ocrx_word' id='word_1_860' title='bbox 3444 4963 3544 5034; x_wconf 78' lang='grc' dir='ltr'>τῆς</span> 
     </span>
    </p>
   </div>
   <div class='ocr_carea' id='block_1_113' title="bbox 1971 5050 3543 5124">
    <p class='ocr_par' dir='ltr' id='par_1_113' title="bbox 1971 5050 3543 5124">
     <span class='ocr_line' id='line_1_113' title="bbox 1971 5050 3543 5124; baseline 0.002 -21"><span class='ocrx_word' id='word_1_861' title='bbox 1971 5050 2244 5123; x_wconf 87' lang='grc' dir='ltr'>θαλάσσης</span> <span class='ocrx_word' id='word_1_862' title='bbox 2274 5051 2336 5105; x_wconf 83' lang='grc' dir='ltr'>τὸ</span> <span class='ocrx_word' id='word_1_863' title='bbox 2364 5051 2569 5121; x_wconf 78' lang='grc' dir='ltr'>πλῆθος</span> <span class='ocrx_word' id='word_1_864' title='bbox 2589 5051 2917 5123; x_wconf 89' lang='grc' dir='ltr'>περαιῶσαι.</span> <span class='ocrx_word' id='word_1_865' title='bbox 2952 5051 3102 5107; x_wconf 82' lang='lat' dir='ltr'><strong>Hanc</strong></span> <span class='ocrx_word' id='word_1_866' title='bbox 3118 5054 3399 5124; x_wconf 76' lang='lat' dir='ltr'><strong>gentilium</strong></span> <span class='ocrx_word' id='word_1_867' title='bbox 3423 5054 3543 5123; x_wconf 54' lang='lat' dir='ltr'><strong>opi-</strong></span> 
     </span>
    </p>
   </div>
   <div class='ocr_carea' id='block_1_114' title="bbox 1971 5141 3538 5199">
    <p class='ocr_par' dir='ltr' id='par_1_114' title="bbox 1971 5141 3538 5199">
     <span class='ocr_line' id='line_1_114' title="bbox 1971 5141 3538 5199; baseline 0.002 -6"><span class='ocrx_word' id='word_1_868' title='bbox 1971 5141 2187 5196; x_wconf 90' lang='lat' dir='ltr'><strong>nionem</strong></span> <span class='ocrx_word' id='word_1_869' title='bbox 2228 5142 2414 5197; x_wconf 86' lang='lat' dir='ltr'><strong>multis</strong></span> <span class='ocrx_word' id='word_1_870' title='bbox 2449 5141 2647 5195; x_wconf 79' lang='lat' dir='ltr'><strong>refellit</strong></span> <span class='ocrx_word' id='word_1_871' title='bbox 2668 5141 2952 5199; x_wconf 82' lang='lat' dir='ltr'><strong>&#39;lliodorus</strong></span> <span class='ocrx_word' id='word_1_872' title='bbox 2985 5142 3189 5199; x_wconf 88' lang='lat' dir='ltr'><strong>Catena</strong></span> <span class='ocrx_word' id='word_1_873' title='bbox 3218 5144 3271 5197; x_wconf 90' lang='lat' dir='ltr'>in</span> <span class='ocrx_word' id='word_1_874' title='bbox 3306 5144 3488 5198; x_wconf 80' lang='lat' dir='ltr'><strong>Cenes.</strong></span> <span class='ocrx_word' id='word_1_875' title='bbox 3519 5160 3538 5196; x_wconf 85' lang='grc'>.-</span> 
     </span>
    </p>
   </div>
   <div class='ocr_carea' id='block_1_115' title="bbox 1982 5233 3539 5307">
    <p class='ocr_par' dir='ltr' id='par_1_115' title="bbox 1982 5233 3539 5307">
     <span class='ocr_line' id='line_1_115' title="bbox 1982 5233 3539 5307; baseline -0.001 -19"><span class='ocrx_word' id='word_1_876' title='bbox 1982 5234 2197 5306; x_wconf 82' lang='grc' dir='ltr'>Ἐπειδὴ</span> <span class='ocrx_word' id='word_1_877' title='bbox 2241 5233 2361 5306; x_wconf 75' lang='grc' dir='ltr'>ἴχνη</span> <span class='ocrx_word' id='word_1_878' title='bbox 2396 5233 2491 5288; x_wconf 88' lang='grc' dir='ltr'>τοῦ</span> <span class='ocrx_word' id='word_1_879' title='bbox 2524 5233 2645 5287; x_wconf 88' lang='grc' dir='ltr'>τότε</span> <span class='ocrx_word' id='word_1_880' title='bbox 2673 5234 3036 5306; x_wconf 81' lang='grc' dir='ltr'>γεγενημένου</span> <span class='ocrx_word' id='word_1_881' title='bbox 3067 5235 3338 5307; x_wconf 85' lang='grc' dir='ltr'>θαύματος</span> <span class='ocrx_word' id='word_1_882' title='bbox 3371 5235 3539 5288; x_wconf 82' lang='grc' dir='ltr'>εἰσέτι</span> 
     </span>
    </p>
   </div>
   <div class='ocr_carea' id='block_1_116' title="bbox 1970 5311 3548 5400">
    <p class='ocr_par' dir='ltr' id='par_1_116' title="bbox 1970 5311 3548 5400">
     <span class='ocr_line' id='line_1_116' title="bbox 1970 5311 3548 5400; baseline 0.001 -22"><span class='ocrx_word' id='word_1_883' title='bbox 1970 5325 2065 5379; x_wconf 73' lang='grc' dir='ltr'>καὶ</span> <span class='ocrx_word' id='word_1_884' title='bbox 2104 5324 2198 5379; x_wconf 91' lang='grc' dir='ltr'>νῦν</span> <span class='ocrx_word' id='word_1_885' title='bbox 2235 5325 2504 5379; x_wconf 86' lang='grc' dir='ltr'>δείκνυται</span> <span class='ocrx_word' id='word_1_886' title='bbox 2531 5326 2628 5398; x_wconf 81' lang='grc' dir='ltr'>τῆς</span> <span class='ocrx_word' id='word_1_887' title='bbox 2675 5327 2937 5399; x_wconf 83' lang='grc' dir='ltr'>Ἐρυθρᾶς</span> <span class='ocrx_word' id='word_1_888' title='bbox 2973 5327 3410 5400; x_wconf 78' lang='grc' dir='ltr'>ἀμπωτιζούσης,</span> <span class='ocrx_word' id='word_1_889' title='bbox 3442 5311 3548 5380; x_wconf 56' lang='grc' dir='ltr'>καί</span> 
     </span>
    </p>
   </div>
   <div class='ocr_carea' id='block_1_117' title="bbox 1968 5417 3537 5493">
    <p class='ocr_par' dir='ltr' id='par_1_117' title="bbox 1968 5417 3537 5493">
     <span class='ocr_line' id='line_1_117' title="bbox 1968 5417 3537 5493; baseline 0 -22"><span class='ocrx_word' id='word_1_890' title='bbox 1968 5418 2069 5489; x_wconf 81' lang='grc' dir='ltr'>τῆς</span> <span class='ocrx_word' id='word_1_891' title='bbox 2092 5419 2448 5491; x_wconf 83' lang='grc' dir='ltr'>ὑπηργμένης</span> <span class='ocrx_word' id='word_1_892' title='bbox 2470 5421 2619 5490; x_wconf 78' lang='grc' dir='ltr'>παρὰ</span> <span class='ocrx_word' id='word_1_893' title='bbox 2638 5418 2729 5472; x_wconf 89' lang='grc' dir='ltr'>τοῦ</span> <span class='ocrx_word' id='word_1_894' title='bbox 2746 5419 2878 5473; x_wconf 84' lang='grc' dir='ltr'>Θεοῦ</span> <span class='ocrx_word' id='word_1_895' title='bbox 2904 5420 3108 5493; x_wconf 81' lang='grc' dir='ltr'>δωρεᾶς</span> <span class='ocrx_word' id='word_1_896' title='bbox 3130 5421 3240 5482; x_wconf 84' lang='grc' dir='ltr'>τοῖς</span> <span class='ocrx_word' id='word_1_897' title='bbox 3266 5417 3537 5487; x_wconf 69' lang='grc' dir='ltr'>Ἐϐραίξις</span> 
     </span>
    </p>
   </div>
   <div class='ocr_carea' id='block_1_118' title="bbox 1970 5507 3535 5582">
    <p class='ocr_par' dir='ltr' id='par_1_118' title="bbox 1970 5507 3535 5582">
     <span class='ocr_line' id='line_1_118' title="bbox 1970 5507 3535 5582; baseline -0.001 -20"><span class='ocrx_word' id='word_1_898' title='bbox 1970 5509 2274 5581; x_wconf 85' lang='grc' dir='ltr'>ἀνάμνησιν</span> <span class='ocrx_word' id='word_1_899' title='bbox 2324 5509 2686 5582; x_wconf 76' lang='grc' dir='ltr'>παρεχούσης.</span> <span class='ocrx_word' id='word_1_900' title='bbox 2705 5510 2960 5581; x_wconf 82' lang='grc' dir='ltr'>’Έλληνες</span> <span class='ocrx_word' id='word_1_901' title='bbox 3001 5511 3061 5563; x_wconf 84' lang='grc' dir='ltr'>τὺ</span> <span class='ocrx_word' id='word_1_902' title='bbox 3088 5507 3366 5579; x_wconf 90' lang='grc' dir='ltr'>γινόμενον</span> <span class='ocrx_word' id='word_1_903' title='bbox 3400 5509 3535 5580; x_wconf 74' lang='grc' dir='ltr'>πρό-</span> 
     </span>
    </p>
   </div>
   <div class='ocr_carea' id='block_1_119' title="bbox 1970 5598 3536 5673">
    <p class='ocr_par' dir='ltr' id='par_1_119' title="bbox 1970 5598 3536 5673">
     <span class='ocr_line' id='line_1_119' title="bbox 1970 5598 3536 5673; baseline -0.001 -18"><span class='ocrx_word' id='word_1_904' title='bbox 1970 5618 2132 5671; x_wconf 86' lang='grc' dir='ltr'>φασιν</span> <span class='ocrx_word' id='word_1_905' title='bbox 2162 5601 2525 5673; x_wconf 89' lang='grc' dir='ltr'>λαμϐάνουσιν</span> <span class='ocrx_word' id='word_1_906' title='bbox 2561 5601 2841 5665; x_wconf 76' lang='grc' dir='ltr'>εὐσεϐείας</span> <span class='ocrx_word' id='word_1_907' title='bbox 2874 5605 2930 5655; x_wconf 83' lang='grc' dir='ltr'>ἐν</span> <span class='ocrx_word' id='word_1_908' title='bbox 2965 5600 3172 5653; x_wconf 89' lang='grc' dir='ltr'>πλείοσι</span> <span class='ocrx_word' id='word_1_909' title='bbox 3192 5600 3291 5670; x_wconf 83' lang='grc' dir='ltr'>τῆς</span> <span class='ocrx_word' id='word_1_910' title='bbox 3334 5598 3536 5654; x_wconf 85' lang='grc' dir='ltr'>θαλάσ-</span> 
     </span>
    </p>
   </div>
   <div class='ocr_carea' id='block_1_120' title="bbox 1971 5688 3533 5764">
    <p class='ocr_par' dir='ltr' id='par_1_120' title="bbox 1971 5688 3533 5764">
     <span class='ocr_line' id='line_1_120' title="bbox 1971 5688 3533 5764; baseline 0.015 -22"><span class='ocrx_word' id='word_1_911' title='bbox 1971 5708 2069 5764; x_wconf 85' lang='grc' dir='ltr'>σης</span> <span class='ocrx_word' id='word_1_912' title='bbox 2099 5693 2282 5757; x_wconf 87' lang='grc' dir='ltr'>τόποις</span> <span class='ocrx_word' id='word_1_913' title='bbox 2313 5691 2617 5756; x_wconf 82' lang='grc' dir='ltr'>δεικνύντες</span> <span class='ocrx_word' id='word_1_914' title='bbox 2646 5692 3057 5764; x_wconf 70' lang='grc' dir='ltr'>ἁμπωτισμοὺςτ</span> <span class='ocrx_word' id='word_1_915' title='bbox 3096 5688 3309 5759; x_wconf 66' lang='grc' dir='ltr'>φύσεως</span> <span class='ocrx_word' id='word_1_916' title='bbox 3353 5691 3533 5762; x_wconf 68' lang='grc' dir='ltr'>ἔργονς</span> 
     </span>
    </p>
   </div>
   <div class='ocr_carea' id='block_1_121' title="bbox 1970 5768 3545 5857">
    <p class='ocr_par' dir='ltr' id='par_1_121' title="bbox 1970 5768 3545 5857">
     <span class='ocr_line' id='line_1_121' title="bbox 1970 5768 3545 5857; baseline -0.003 -19"><span class='ocrx_word' id='word_1_917' title='bbox 1970 5787 2029 5839; x_wconf 72' lang='grc' dir='ltr'>οὐ</span> <span class='ocrx_word' id='word_1_918' title='bbox 2074 5784 2216 5840; x_wconf 87' lang='grc' dir='ltr'>θείου</span> <span class='ocrx_word' id='word_1_919' title='bbox 2246 5784 2540 5857; x_wconf 84' lang='grc' dir='ltr'>θαύματος.</span> <span class='ocrx_word' id='word_1_920' title='bbox 2580 5785 2766 5853; x_wconf 83' lang='grc' dir='ltr'>Ἡμεῖς</span> <span class='ocrx_word' id='word_1_921' title='bbox 2805 5783 3248 5854; x_wconf 80' lang='grc' dir='ltr'>συγχωρήσαντες</span> <span class='ocrx_word' id='word_1_922' title='bbox 3278 5784 3458 5848; x_wconf 80' lang='grc' dir='ltr'>αὐτοῖς</span> <span class='ocrx_word' id='word_1_923' title='bbox 3504 5768 3545 5833; x_wconf 58' lang='grc'>3³</span> 
     </span>
    </p>
   </div>
  </div>
