4064 6290
520 332 543 383 1
553 331 656 384 059

1839 315 2085 371 LEONIS
2121 312 2396 367 ALLATII

3601 305 3746 360 {060

522 449 799 520 βούλονται
833 452 989 513 νοεῖν,
1020 448 1115 500 καὶ
1151 447 1248 514 τῆς
1292 445 1502 515 φύσεως
1548 439 1686 496 εἷναι
1711 441 1802 494 τὸν
1832 441 2081 510 άμπωτιο

2201 450 2302 488 :um
2328 439 2432 489 hoc
2459 434 2784 489 miraculum
2818 441 3061 502 tempore
3080 428 3368 484 Theodosii
3397 428 3750 498 imperatoris

525 542 662 614 σμὺν
689 541 827 596 κατὰ
850 541 974 602 τοὺς
1007 539 1222 604 τόπους,
1270 539 1326 589 ὲν
1364 532 1446 598 οἷς
1485 533 1763 588 ἀπώλοντο
1792 531 1890 602 μὲν
1914 531 1966 582 οἱ
1995 531 2093 604 Αξτ

521 635 761 705 γύπτιοι,
799 630 1134 703 διεσώθησαν
1163 631 1222 684 δὲ
1257 632 1305 682 οἱ
1333 629 1590 699 Ἐὃραῖοι,
1643 623 1940 695 πυθώμεθα
1988 623 2085 674 αὑ-

521 727 631 780 τῶν
661 727 714 777 εἴ
737 741 838 777 που
866 724 965 793 τῆς
995 723 1267 792 θαλάσσης
1301 715 1662 791 άμπωτισμδς
1709 715 1870 785 μέσον
1897 713 2085 782 τέμνει

523 817 998 888 καὶ’κόλπον,μαὶ
1039 814 1226 867 τοῦτον
1272 808 1638 882 σχοινοτενῶς,
1669 807 1809 860 ὥστε
1847 804 2086 875 γυμνοῦν

518 907 608 960 τὸν
631 906 1003 977 κρυπτόμενον
1035 905 1218 966 αὐτοῖς
1245 904 1429 964 τόπον,
1467 901 1560 953 καὶ
1603 901 1774 951 ποιεῖν
1808 897 1926 948 ὁδὸν
1960 895 2089 948 πλα-

518 999 686 1060 τεῖαν,
715 997 912 1067 μᾶλλον
932 998 986 1050 δὲ
1012 995 1161 1058 ὀδοὺς
1180 993 1412 1054 εὐθείας,
1440 992 1576 1062 ὅπερ
1598 988 1725 1052 τοῦς
1751 987 2087 1059 Ἰσραηλίτας

527 1085 768 1155 παρέσχε
805 1084 937 1146 Θεὸς
980 1084 1120 1137 κατὰ
1170 1083 1260 1134 τὸν
1304 1081 1409 1133 Δὰδ
1444 1080 1694 1147 λέγοντα·
1736 1096 1756 1128 ι
1793 1076 1884 1146 Τῷ
1929 1091 2090 1128 κατα-

519 1175 743 1229 διελόντι
773 1175 871 1245 τὴν
907 1173 1170 1245 Ἐρυθρὰν
1191 1173 1460 1225 Θάλασσαν
1490 1171 1570 1232 είς
1597 1167 1887 1240 διαιρέσεις
1906 1186 1920 1198 ’
1942 1187 1961 1216 ι
1996 1166 2090 1219 καὶ

519 1269 598 1330 είς
636 1267 695 1320 τὸ
721 1267 1002 1321 θαλάττιον
1036 1266 1208 1337 ὕδωρ,
1249 1263 1462 1334 σχισθὲν
1506 1265 1570 1314 ἐκ
1599 1261 1786 1326 δεξιῶν
1821 1279 1880 1315 τε
1907 1264 1998 1312 καὶ
2033 1259 2090 1326 ἐξ

519 1359 832 1428 εὐωνύμων,
869 1358 1028 1426 φύσιν
1057 1358 1166 1428 ἔχει
1199 1358 1389 1426 στῆναι
1428 1354 1582 1424 δίκην
1613 1353 1804 1422 τειχῶν
1831 1352 2087 1424 ἀῤῥαγὲς,

521 1450 654 1522 ὅπερ
678 1451 770 1502 ἐπὶ
792 1450 897 1503 τῶν
931 1449 1275 1521 Ἰσραηλιτῶν
1295 1448 1515 1515 γέγονεν
1537 1445 1640 1512 ὀδῷ
1660 1448 1770 1508 τοῖς
1790 1443 2092 1505 θαλαττίοις

519 1543 705 1606 τόποις
756 1543 1070 1613 χρωμένων.
1128 1543 1190 1595 Εἰ
1225 1543 1283 1595 δὲ
1316 1544 1590 1595 ὰπιστεῖεν
1639 1541 1720 1592 ὅτι
1757 1537 1930 1591 ταῦτά
1963 1551 2092 1589 ποτε

521 1632 736 1700 γέγονε,
754 1633 840 1685 διὰ
861 1633 912 1684 τί
943 1633 1036 1702 μὴ,
1063 1633 1152 1702 τῆς
1176 1631 1316 1684 κατὰ
1337 1632 1501 1703 μέρος
1519 1629 1823 1698 ἀντιλογίας
1843 1629 2091 1696 ἀφέντες,

2182 527 2382 580 imitari
2412 527 2680 581 volentem
2717 525 2902 579 multis
2931 523 3169 577 Hebraeis
3191 522 3399 577 excidio
3427 519 3616 585 fuisse,
3643 519 3747 575 So-

2183 626 2383 682 crates,
2415 618 2505 672 lib.
2536 634 2611 672 vu
2647 617 2817 680 Hist.,
2844 632 2962 685 cap.
2995 615 3083 670 58.

2252 711 2364 765 Col.
2392 711 2519 775 789,
2545 711 2641 764 lin.
2670 709 2756 764 l9.
2789 707 2896 762 Kal
2917 711 2950 761 ό
2977 703 3356 776 Ῥαγουῆλος.
3389 703 3463 758 De
3477 701 3742 774 Raguelo,

2185 810 2238 856 et
2267 803 2384 870 ejus
2410 801 2727 871 parentibus
2757 802 2909 870 plura
2940 799 3206 854 Eusebius
3259 797 3335 850 De
3360 793 3774 864 prteparatione'

2185 907 2388 960 evang.,
2410 892 2503 944 lib.
2528 905 2605 955 lx,
2647 908 2710 945 ex
2735 889 3017 944 Ezechielo
3041 898 3093 944 et
3121 887 3408 952 Demetrio,
3437 888 3526 957 qui
3556 885 3747 942 Jolhor

2189 990 2242 1035 et
2281 979 2579 1051 Raguelum
2611 982 2858 1035 diversos
2902 979 3050 1045 facit,
3107 979 3269 1033 tradit
3297 981 3440 1033 enim
3473 980 3746 1035 Abraham

2189 1089 2254 1126 ex
2284 1073 2518 1126 Cethura
2547 1072 2799 1142 genuisse
2826 1072 3101 1138 Jexan,ex
3123 1087 3230 1142 quo
3252 1080 3412 1126 natus
3432 1080 3515 1128 est
3542 1072 3746 1140 Dadan,

2192 1175 2222 1214 a
2249 1177 2357 1230 quo
2388 1161 2664 1231 Raguelus
2707 1170 2857 1230 pater
2884 1159 3064 1223 Jetho,
3115 1160 3274 1229 cujus
3321 1159 3484 1212 filiam
3537 1158 3750 1230 Moyses

2191 1253 2400 1322 accepit
2433 1268 2674 1307 uxorem.
2704 1251 2930 1314 Hebrmi,
2962 1251 3209 1322 Lyranus
3237 1258 3291 1305 et
3320 1251 3610 1306 Abulensis
3637 1259 3745 1305 tra-

2193 1341 2350 1404 dunt,
2380 1342 2678 1412 Raguelum
2708 1343 2874 1398 fuisse
2908 1341 3369 1410 quadrinomium.
3399 1340 3583 1397 Primo
3606 1343 3749 1396 enim

2192 1435 2492 1488 vocabatur
2539 1434 2759 1506 Raguel,
2800 1435 2969 1488 Exod.
2999 1449 3037 1486 ιι
3069 1441 3122 1486 ει
3175 1449 3255 1497 ιιι,
3309 1433 3519 1499 Jethro,
3567 1433 3620 1487 id
3669 1443 3748 1489 est

2193 1525 2424 1590 Addens,
2462 1526 2577 1596 ipse
2608 1527 2751 1581 enim
2782 1527 2989 1581 addidit
3018 1540 3184 1579 unum
3215 1531 3372 1594 caput
3395 1524 3540 1596 Legi,
3574 1525 3641 1580 de
3664 1541 3753 1580 or-

2194 1618 2473 1675 dinatione
2521 1620 2704 1690 populi
2749 1636 2844 1689 per
2879 1619 3151 1681 tribunos,
3196 1619 3567 1679 centuriones,
3592 1619 3751 1688 quin-

523 1724 654 1777 αὐτὸ
681 1724 838 1776 τοῦτο
880 1724 1101 1793 ζητοῦσι
1136 1724 1270 1794 πρὸς
1294 1726 1440 1794 ἡμᾶς
1489 1722 1796 1792 διδασκάλῳ
1826 1719 2095 1791 χρώμενοι

2201 1727 2474 1781 quagenos
2501 1720 2555 1766 et
2576 1713 2833 1776 decanos,
2853 1711 3022 1766 Exod.
3067 1727 3220 1766 xviii.
3243 1709 3482 1764 Vocatur
3519 1711 3751 1775 (linteas,

525 1819 594 1888 τῇ
634 1777 904 1886 ἀληθείᾳ..
931 1777 1147 1869 Μᾶλλον
1179 1777 1384 1885 ⁸δὲ’τίὶῖιν
1412 1777 1667 1885 άλήθειαν
1711 1777 1778 1866 ex.
1822 1777 2097 1865 τῶνάπο-

2201 1777 2377 1856 ludio.
2424 1819 2498 1856 IV.
2530 1799 2770 1857 Tandem
2804 1811 3031 1856 vocatur
3083 1801 3291 1865 Hobab,
3331 1803 3383 1856 id
3414 1811 3498 1858 est
3535 1804 3750 1870 Amans,

529 1909 893 1978 δεικνυμένων
926 1909 1264 1979 πραγμάτων
1299 1907 1690 1976 διδασκόμενοι,
1719 1905 1980 1974 Ἐγχωρεῖ
1998 1903 2096 1974 τὴν

541 1997 808 2068 Ἐρυθρὰν
845 1999 1202 2067 ἀμπωτίζειν,
1239 1997 1312 2067 πὴ
1349 1998 1444 2067 μὲν
1475 1997 1882 2066 ἐπιτρέχουσαν,
2041 1995 2097 2047 δὲ

528 2083 947 2161 ἀναχωροῦσαν;
986 2090 1120 2142 Ἀλλ’
1148 2090 1239 2142 ἐπὶ
1263 2089 1370 2142 τῶν
1402 2088 1743 2160 Ἰσραηλιτῶν
1772 2088 1870 2140 οὐκ
1890 2083 1957 2158 ἦν
1987 2089 2094 2158 ἀμ-

527 2181 827 2250 πωτισμός.
885 2179 1008 2244 Πῶς
1057 2180 1163 2252 γὰρ
1210 2180 1271 2232 τὸ
1323 2179 1604 2250 σχισθῆναι
1658 2179 1756 2248 τὴν
1797 2177 2093 2240 θάλασσαν,

528 2272 620 2325 καὶ
675 2272 914 2342 παγῆναι
964 2274 1042 2335 είς
1095 2271 1286 2340 τειχῶν
1348 2271 1536 2324 στάσιν
1594 2271 1679 2340 εἴη
1728 2271 1792 2324 ἂν
1846 2269 2095 2340 ἀμπωτι-

530 2363 700 2433 σμός;
757 2361 1028 2433 Josephus
1084 2363 1318 2425 dubitat,
1365 2378 1432 2415 an
1493 2360 1690 2416 divisio
1757 2364 1869 2415 haec
1936 2360 2099 2414 fuerit

530 2456 878 2518 miraculosa,
919 2457 1000 2509 vel
1047 2456 1332 2510 naturalis.
1381 2453 1526 2508 Nam
1579 2467 1626 2508 et
1663 2453 1952 2507 Alexandri
1991 2470 2098 2505 ma-

530 2545 620 2615 gni
644 2546 826 2609 ductu,
861 2546 1057 2614 inquit,
1089 2563 1231 2600 mare
1267 2544 1666 2616 Pamphylicum
1693 2547 1867 2608 cessit,
1905 2554 1953 2597 et
1997 2547 2096 2598 iter

532 2638 760 2704 aperuit,
800 2654 917 2690 cum
955 2636 1092 2691 Deus
1128 2637 1240 2705 ejus
1270 2652 1425 2704 opera
1457 2638 1525 2688 ad
1557 2635 1927 2690 destruendum
1969 2637 2093 2691 Per-

531 2744 717 2779 sarum
763 2729 1042 2796 imperium
1098 2730 1176 2781 uti
1226 2727 1553 2782 decrevisset.
1618 2728 1829 2784 Hebraei
1879 2737 2096 2799 negant,

533 2835 669 2874 suos
707 2821 943 2887 majores
972 2829 1145 2875 totum
1180 2837 1327 2876 mare
1355 2820 1601 2875 Rubrum
1632 2829 1898 2887 tranasse,
1929 2825 2044 2877 sive
2067 2838 2096 2876 a

531 2915 715 2968 littore
749 2913 1004 2984 rEgyptio
1036 2916 1088 2968 in
1119 2916 1272 2970 littus
1303 2915 1615 2979 Arabicum,
1647 2916 1738 2970 sed
1773 2917 1914 2986 quod
1937 2932 2098 2988 gran-

533 3005 658 3060 dius
692 3013 796 3066 cst,
837 3012 896 3057 ut
950 3004 1117 3059 refert
1150 3005 1553 3070 Genebrardns,
1614 3007 1960 3071 miraculum,
2029 3008 2093 3062 ad

2196 1894 2324 1963 quia
2369 1893 2555 1947 dilexit
2595 1895 2762 1964 legem
2810 1895 2924 1961 Dei,
2953 1903 3007 1948 et
3041 1898 3106 1948 ad
3135 1893 3472 1950 Judaismum
3513 1903 3599 1950 est
3627 1911 3753 1950 con-

2196 2001 2407 2048 versus,
2431 1993 2490 2038 ut
2511 1984 2682 2039 Exod.
2718 2003 2864 2040 xvui.
2903 1987 3007 2039 Alii
3039 1987 3373 2056 probabilius
3407 1995 3617 2056 putant,
3647 1986 3754 2043 Ho-

2195 2077 2314 2142 bab.
2352 2095 2460 2133 non
2489 2095 2627 2134 esse
2666 2078 2990 2151 Raguelum,
3042 2077 3267 2150 Ragueli
3317 2081 3506 2139 lilium.
3551 2082 3618 2137 de
3649 2097 3754 2153 quo

2197 2167 2416 2225 Numer.
2435 2187 2490 2224 Υ.

2267 2263 2428 2328 lbid.,
2478 2264 2574 2318 lin.
2624 2264 2715 2319 20.
2747 2265 3162 2336 Ἐπαγόμενος.
3222 2267 3434 2338 Moyses
3481 2269 3645 2333 enim,
3699 2278 3758 2324 ιιι

2196 2351 2551 2424 Epiphanius,
2585 2354 2777 2410 haeres.
2818 2356 2904 2417 78,
2949 2357 3132 2420 tradit,
3163 2365 3446 2426 postquam
3487 2359 3758 2429 prophetae

2197 2463 2396 2502 munus
2429 2449 2688 2516 suscepit,
2721 2449 2907 2502 uxoris
2946 2448 3139 2501 notitia
3165 2449 3450 2512 abstinuit,
3501 2458 3561 2504 ut
3591 2467 3756 2521 purus

2196 2546 2304 2590 tam
2337 2544 2538 2590 sancta:
2565 2535 2831 2590 functioni
2864 2545 3111 2600 vacaret;
3147 2538 3290 2606 quod
3330 2539 3552 2592 totidem
3584 2541 3757 2594 verbis

2197 2644 2256 2683 se
2303 2636 2489 2697 postea
2519 2629 2789 2697 reperisse
2819 2627 2877 2681 in
2913 2627 3310 2681 Traditionibus
3337 2626 3574 2684 Hebraeis
3599 2631 3760 2684 tradit

2196 2716 2600 2772 Genebrardus.

2266 2809 2422 2874 lbid.,
2454 2811 2551 2863 lin.
2580 2809 2667 2865 50.
2685 2809 2737 2862 '0
2757 2809 3018 2878 Μωῠσῆς
3034 2811 3757 2879 ἐτελεύτησεᾼιῐιιποεῖυε.

2198 2901 2292 2956 lib.
2321 2919 2337 2955 1
2363 2902 2437 2955 De
2460 2901 2593 2957 Cain
2619 2911 2667 2956 et
2695 2902 2844 2969 Abel,
2876 2918 2928 2957 c.
2951 2903 3005 2967 2,
3035 2905 3229 2958 asserit
3267 2904 3505 2976 Moysem
3525 2906 3758 2960 nondum

2197 3004 2470 3050 mortuum
2499 3013 2640 3065 esse,
2679 2999 2772 3053 sed
2799 2998 3124 3052 translatum
3151 2999 3216 3054 ad
3248 3001 3528 3055 meliorem
3560 3001 3718 3053 vitam
3744 3018 3758 3063 ;

534 3098 674 3152 idem
725 3098 899 3164 littus,
959 3097 1123 3153 ducto
1179 3099 1321 3152 intra
1356 3114 1503 3154 mare
1556 3099 1716 3170 longo
1761 3101 2016 3164 circuitu,
2045 3110 2098 3156 et

2201 3097 2255 3143 et
2284 3103 2406 3142 cum
2447 3088 2707 3158 scriptum
2737 3096 2841 3153 est,
2873 3105 2997 3143 eum
3031 3104 3153 3144 esse
3194 3096 3492 3154 mortuum,
3541 3087 3761 3158 intelligi

534 3189 693 3259 quasi
729 3191 1092 3252 semicirculo,
1126 3192 1269 3245 unde
1295 3191 1528 3260 ingressi
1569 3191 1782 3246 fuerant
1812 3196 2102 3248 revertisse

535 3281 786 3351 probant.
846 3281 983 3347 Quia
1027 3282 1304 3337 haerebant
1351 3282 1428 3341 lin
1478 3284 1694 3338 deserto
1758 3284 1930 3339 Ethan
1979 3294 2104 3341 ante

534 3370 851 3433 transitum,
893 3372 1088 3427 deinde
1130 3380 1252 3440 post
1300 3373 1590 3429 transitum
1628 3375 1681 3428 in
1713 3375 1899 3428 eodem
1932 3392 1989 3430 se
2017 3391 2106 3430 re-

536 3462 789 3530 periunt;
820 3461 912 3516 ubi
950 3478 1045 3531 per
1077 3471 1189 3517 tres
1213 3462 1330 3518 dies
1357 3465 1534 3534 vagati
1580 3476 1759 3520 castra
1787 3475 1995 3535 ponunt
2050 3467 2105 3520 in

536 3550 708 3617 Mara,
731 3552 1031 3607 Exod.ui.
1055 3554 1256 3609 Deinde
1278 3571 1428 3611 mare
1458 3554 1701 3611 Hubrum
1733 3556 2106 3628 dividitAEgy-

536 3651 686 3715 ptum
719 3646 787 3698 ab
822 3645 1044 3708 Arabia,
1077 3661 1183 3700 non
1207 3663 1237 3700 a
1268 3655 1413 3702 terra
1445 3655 1654 3703 sancta.
1711 3647 1823 3703 lmo
1845 3664 1972 3703 vero
1997 3665 2105 3703 non

536 3733 636 3788 fuit
676 3750 900 3790 necesse
939 3744 996 3788 ut
1045 3736 1460 3804 ingrederentur
1510 3752 1680 3799 mare,
1712 3738 1818 3792 nisi
1868 3746 1926 3791 ut
1977 3739 2105 3794 sub-

537 3836 876 3896 mergeretur
902 3825 1136 3881 Pharao.
1169 3827 1438 3897 Josephus
1471 3839 1521 3883 et
1549 3830 1720 3883 nostri
1755 3830 1821 3884 de
1845 3830 2024 3884 littore
2050 3830 2104 3882 in

535 3915 710 3972 littus.
760 3918 888 3980 Alii,
952 3933 1090 3986 quos
1144 3919 1393 3988 sequitur
1445 3918 1708 3990 Origenes
1759 3921 1944 3976 liomil.
1979 3923 2012 3976 5
2055 3925 2106 3976 in

538 4005 800 4071 Exodum,
835 4007 1216 4064 Genebrardus
1251 4011 1304 4064 in
1337 4011 1739 4079 psalm.cxxxv,
1773 4011 2107 4082 Epiphanius

537 4099 729 4152 hmres.
752 4099 839 4165 64,
872 4099 1161 4166 allirmant,
1194 4117 1344 4158 mare
1387 4101 1632 4159 Rubrum
1675 4104 1844 4160 fuisse
1874 4106 2106 4159 divisum

535 4189 594 4242 in
625 4189 910 4243 duodecim
943 4191 1238 4256 sectione's,
1264 4195 1334 4247 ita
1371 4196 1487 4264 pari
1518 4213 1706 4265 gressu
1741 4213 1836 4267 per
1869 4199 2000 4251 illud
2027 4200 2109 4251 in-

537 4279 790 4334 cederent
853 4282 1138 4338 duodecim
1201 4285 1410 4352 tribus,
1487 4289 1738 4356 quaelibet
1805 4291 1946 4344 enim
2011 4307 2107 4345 sua

538 4371 780 4426 sectione
807 4372 1116 4430 incedebat.
1157 4374 1314 4431 Philo
1341 4389 1544 4441 tamen,
1573 4378 1968 4445 Tlieodoretus,
2000 4383 2109 4436 Eu-

2205 3197 2315 3237 non
2346 3181 2412 3234 de
2442 3180 2660 3234 interitu
2691 3181 2782 3251 qui
2838 3179 2896 3233 ﬁt
2934 3197 3029 3250 per
3081 3181 3477 3252 separationem
3506 3181 3694 3234 animae
3730 3194 3760 3232 a

2207 3287 2457 3342 corpore,
2492 3271 2585 3326 sed
2620 3272 2687 3327 de
2717 3272 3074 3328 translatione
3107 3273 3175 3326 ad
3213 3272 3424 3327 felicem
3465 3278 3517 3326 et
3548 3271 3758 3325 beatam

2205 3364 2392 3417 vitam.
2431 3361 2511 3415 llli
2562 3363 2862 3417 assentitur
2889 3361 3125 3419 Hilarius
3160 3362 3512 3418 Pictaviensis
3539 3363 3590 3414 in
3618 3361 3759 3414 Hat-

2209 3455 2422 3518 tharum,
2453 3471 2576 3509 can.
2606 3454 2697 3509 20.
2730 3454 2873 3508 Idem
2901 3471 2967 3509 ex
3009 3456 3402 3510 recentioribus
3438 3452 3601 3508 tradit
3635 3454 3761 3507 Am—

2207 3546 2424 3600 brosius
2443 3545 2771 3602 Catlierinus
2799 3547 2854 3600 in
2875 3546 3004 3602 illud
3027 3545 3116 3611 Ill,
3135 3546 3204 3600 24
3223 3545 3419 3602 Cenes.
3447 3566 3459 3601 :
3481 3545 3766 3600 Collocavit

2207 3651 2328 3691 ante
2377 3637 2684 3706 paradisum
2741 3639 3022 3707 voluptatis
3084 3640 3349 3694 cherubin.
3416 3638 3483 3693 Et
3536 3641 3590 3694 in
3638 3638 3768 3693 illud

2206 3727 2338 3783 Gen.
2355 3745 2409 3793 ιι,
2433 3730 2464 3782 8
2485 3728 2852 3784 :Plantaverat
2877 3729 3133 3785 Dominus
3152 3731 3457 3800 paradisum
3479 3730 3646 3786 Eden.
3675 3731 3770 3787 He-

2211 3822 2369 3888 braei,
2425 3837 2548 3876 eum
2597 3823 2923 3877 translatum
2968 3827 3152 3878 vivum
3199 3826 3538 3888 existimant,
3605 3840 3768 3894 quare

2209 3912 2366 3966 Philo
2409 3915 2717 3982 sepulcrum
2767 3915 2888 3983 ejus
2939 3930 3048 3970 non
3079 3917 3313 3971 inveniri
3365 3918 3560 3972 scribit
3604 3916 3769 3987 εΠερὶ

2209 3999 2284 4059 ὧν
2319 4007 2688 4078 ἱερουργοῦσιν
2715 4007 2880 4060 ’Ἅϐελ
2910 4025 2969 4060 τε
2994 4008 3088 4061 καὶ
3118 4009 3255 4062 Κάῐν
3287 4007 3478 4078 δίδωμί
3509 4025 3591 4068 σε.
3617 4007 3764 4078 φησὶ,

2208 4097 2338 4151 Θεὸν
2363 4097 2580 4168 Φαραώ.
2616 4098 2747 4162 Θεὸς
2791 4099 2847 4152 δὲ
2877 4097 3108 4168 ἔλλειψιν
3146 4098 3176 4167 ἢ
3230 4097 3518 4170 πρόσθεσιν
3553 4097 3652 4150 οὐκ
3682 4097 3768 4149 ἀν-

2209 4189 2388 4260 έχεται
2407 4189 2637 4260 πλήρης,
2653 4191 2746 4243 καὶ
2776 4191 3044 4253 ίσαίτατης
3063 4188 3136 4242 ῶν
3152 4188 3349 4258 ἑαυτῷ.
3369 4189 3506 4259 Παρ⁹
3522 4189 3551 4241 ὅ
3573 4189 3664 4242 καὶ
3679 4187 3766 4257 τὴν

2209 4281 2382 4350 ταφὴν
2406 4280 2620 4348 λέγεται
2663 4279 2794 4350 μηδὲ
2839 4275 2918 4344 εἷς
2945 4280 3137 4334 εἰδέναι
3169 4279 3379 4332 τούτου.
3427 4279 3523 4344 Τίς
3567 4278 3674 4351 γὰρ
3707 4279 3766 4333 ἂν

2211 4368 2416 4438 γένοιτο
2447 4369 2627 4432 ἱκανὸς
2653 4371 2750 4441 τὴν
2775 4370 2908 4440 πρὸς
2934 4370 3004 4423 τὰ
3024 4371 3152 4424 ὄντα
3181 4369 3578 4441 μετανάστασιν
3603 4370 3767 4440 ψυχῆς

538 4460 778 4531 thymius
801 4461 854 4514 in
889 4463 1079 4530 psalm.
1112 4478 1287 4519 cxxxv
1320 4466 1536 4519 unicam
1557 4475 1767 4521 tantum
1796 4469 1965 4526 fuisse
1997 4479 2099 4524 tra-

2210 4463 2418 4523 τελείας
2441 4463 2766 4533 κατανοῆσαι
2794 4480 2809 4526 ;
2839 4462 2980 4516 idem
3004 4465 3201 4532 repetit
3226 4465 3278 4516 in
3311 4462 3415 4517 line
3446 4463 3541 4518 lib.
3574 4462 3650 4517 De
3672 4464 3767 4515 vita

539 4551 695 4606 dunt.
723 4552 814 4608 Sic
842 4554 1003 4607 etiam
1036 4553 1384 4610 Hebraeorum
1416 4558 1506 4612 illa
1534 4561 1755 4614 traditio
1771 4570 1874 4625 est,
1905 4564 2105 4617 tribum

537 4641 698 4706 Juda,
728 4643 1086 4715 ejusdemque
1115 4647 1306 4702 ducem
1331 4650 1658 4715 Aminadab,
1696 4656 1909 4710 exteris
1935 4658 2105 4726 trepi-

539 4736 818 4802 dantibus,
875 4739 1108 4808 primum
1160 4741 1465 4812 ingressum
1497 4761 1618 4799 esse
1669 4761 1841 4810 mare,
1880 4747 2107 4818 ideoque

544 4827 746 4880 tribum
776 4826 913 4881 Juda
932 4830 1184 4900 deinceps
1220 4830 1389 4887 fuisse
1419 4832 1672 4901 primam,
1704 4844 1756 4888 et
1785 4835 1976 4889 ducem
2007 4837 2108 4890 ali—

544 4933 722 4980 arum,
742 4922 1095 4992 meritamque
1109 4940 1230 4979 esse
1258 4940 1504 4993 regnum,
1529 4932 1584 4980 et
1615 4925 1720 4980 huc
1751 4927 1916 4982 alludi
1944 4928 2106 4986 Cant.

541 5027 617 5077 νι,
638 5011 694 5064 ll
733 5013 955 5066 :Anima
978 5030 1091 5067 mea
1109 5015 1437 5070 conturbavit
1465 5034 1545 5071 me
1571 5029 1780 5088 propter
1817 5021 2104 5092 quadrigas

543 5102 860 5167 Aminadab;
889 5113 942 5159 et
967 5103 1118 5161 056:8
1152 5124 1226 5170 χι,
1263 5110 1328 5163 12
1360 5129 1374 5164 :
1416 5108 1588 5165 Judas
1631 5121 1805 5166 autem
1841 5114 2106 5168 descendit

545 5195 691 5249 testis
725 5211 841 5248 cum
876 5195 1005 5260 Deo,
1041 5205 1090 5250 et
1129 5216 1245 5252 cum
1279 5203 1476 5257 sanctis
1503 5203 1696 5273 ﬁdelis.
1740 5204 2106 5276 Hieronymus

545 5288 892 5344 traditionem
939 5290 1079 5344 hanc
1117 5291 1352 5347 fabulam
1399 5305 1577 5352 vocat.
1634 5297 1808 5368 Hujus
1842 5301 2107 5356 transitus

544 5382 798 5452 vestigia,
838 5389 893 5436 et
940 5389 1148 5438 tractus
1203 5400 1462 5441 curruum
1510 5397 1863 5461 rotarumque
1897 5393 2106 5446 orbitas

545 5489 786 5538 manere,
841 5477 1193 5546 repararique
1243 5485 1356 5532 tum
1388 5497 1442 5533 ιη
1482 5482 1678 5546 littore,
1717 5491 1830 5537 tum
1884 5483 1940 5538 in
1989 5484 2109 5554 ipso

545 5566 682 5619 mari
732 5565 919 5622 Rubro
961 5569 1128 5624 tradit
1155 5568 1402 5636 Orosius,
1445 5573 1536 5628 lib.
1589 5591 1641 5638 ι,
1667 5590 1786 5644 cap.
1821 5576 1920 5642 10;
1967 5577 2108 5632 idem

547 5653 784 5711 insinuat
833 5657 1102 5716 Diodorus
1141 5662 1194 5715 in
1221 5661 1437 5718 Catena.
1479 5661 1611 5717 lllud
1645 5666 1770 5719 item
1821 5667 2108 5723 ridiculum

545 5751 650 5810 cst,
701 5747 1169 5821 pseudo-Moysem
1208 5753 1495 5823 quemdam
1535 5752 1872 5824 Cretensem,
1912 5757 2109 5814 Mosai-

2207 4552 2410 4623 Moysis
2430 4593 2443 4614 ,
2470 4563 2523 4607 et
2554 4554 2707 4607 rabbi
2738 4553 2956 4608 Samuel
3001 4554 3409 4609 Marrochianus
3437 4555 3534 4610 lib.
3571 4555 3645 4608 De
3679 4554 3766 4608 ad-

2206 4656 2357 4700 ventu
2401 4644 2630 4708 Messiw,
2666 4661 2824 4715 quem
2853 4645 3022 4700 ειυᾱωί
3064 4657 3265 4701 temere
3294 4655 3635 4716 exspectant.
3663 4647 3766 4701 haec

2206 4738 2368 4792 habet
2396 4752 2513 4806 cap.
2542 4735 2608 4790 12
2643 4755 2656 4790 :
2693 4736 2762 4790 De
2791 4737 2970 4808 Moyse
2994 4739 3151 4791 etiam
3180 4749 3372 4792 nonest
3405 4737 3766 4801 dubitandum,

2205 4829 2328 4900 quin
2351 4830 2417 4882 sit
2459 4829 2512 4882 in
2553 4829 2678 4883 cado
2711 4831 2766 4883 in
2811 4846 3025 4899 corpore
3061 4840 3108 4883 et
3137 4833 3333 4893 anima,
3375 4839 3430 4882 ut
3471 4829 3599 4883 dicit
3639 4830 3769 4884 Deu-

2209 4930 2306 4974 ter.
2337 4936 2519 4987 xxxrv,
2545 4920 2577 4974 6
2604 4937 2615 4972 :
2656 4940 2674 4972 ι
2701 4921 2849 4974 Dixit
2868 4921 3006 4976 Deus
3034 4921 3101 4974 ad
3141 4921 3375 4991 Moysem
3413 4937 3430 4974 :
3461 4922 3692 4976 Ascende
3718 4923 3768 4974 in

2208 5023 2434 5067 montem
2458 5024 2628 5078 nocte,
2649 5024 2698 5068 et
2723 5031 2921 5068 morere
2942 5013 3034 5079 ibi,
3051 5023 3099 5069 et
3123 5015 3355 5068 ascendit
3378 5015 3429 5067 in
3449 5024 3693 5078 montem,
3723 5024 3766 5068 et

2207 5115 2443 5158 mortuus
2465 5114 2539 5159 est
2558 5104 2628 5157 ibi
2653 5121 2670 5170 ;
2693 5115 2741 5158 et
2769 5106 2980 5159 nescivit
2995 5105 3145 5158 homo
3168 5107 3462 5175 sepulcrum
3482 5107 3594 5174 ejus
3616 5120 3770 5176 usque

2207 5197 2261 5250 in
2293 5196 2600 5250 hodiernum
2634 5197 2792 5253 diem.
2823 5215 2841 5246 ι
2873 5195 2938 5249 Et
2972 5197 3098 5266 quid
3123 5197 3414 5266 signiﬁcat,
3443 5197 3580 5266 quod
3603 5195 3772 5263 sepul-

2205 5303 2353 5342 crum
2375 5287 2487 5355 ejus
2514 5295 2590 5340 est
2614 5287 2847 5356 ignotum
2865 5288 2918 5339 in
2941 5295 3103 5350 terra,
3127 5303 3244 5339 cum
3267 5287 3375 5355 ipse
3397 5287 3496 5355 fuit
3527 5285 3772 5354 propheta

2208 5381 2401 5449 major,
2443 5389 2492 5435 et
2522 5381 2754 5434 sanctior
2785 5378 2928 5445 aliis,
2970 5380 3079 5436 nisi
3113 5378 3250 5445 quod
3276 5379 3417 5434 Deus
3447 5379 3771 5433 resuscitavit

2207 5489 2345 5538 eum,
2375 5481 2424 5526 et
2465 5472 2749 5540 assumpsit
2786 5488 2904 5525 eum
2944 5473 2997 5526 in
3040 5489 3273 5542 corpore,
3321 5481 3371 5525 et
3415 5473 3616 5537 anima,
3641 5472 3774 5526 sicut

2210 5565 2344 5618 alios
2362 5564 2536 5633 justas
2569 5565 2871 5631 assumpsit,
2903 5574 2951 5618 et
2978 5563 3194 5618 elevavit
3216 5563 3285 5616 ad
3311 5564 3481 5616 locum
3504 5563 3593 5615 ubi
3619 5562 3774 5615 sunt?

2281 5657 2439 5719 lbid.,
2492 5658 2588 5711 lin.
2622 5657 2710 5710 5'2.
2767 5657 2876 5712 Kal
2912 5657 3109 5727 ἐξάγει
3152 5658 3276 5710 τόν.
3332 5657 3641 5725 Artapanus
3674 5652 3777 5706 He-

2212 5755 2386 5810 braeos
2421 5770 2515 5824 per
2549 5753 2768 5824 triginta
2801 5769 2972 5810 annos
3017 5755 3069 5808 in
3107 5755 3320 5810 deserto
3351 5759 3576 5822 vagatus
3611 5749 3778 5806 fuisse
