4064 6290
283 329 413 386 ίοδι

1306 325 1371 380 IN
1409 325 1780 382 EUSTATHII
1813 324 2284 382 HEXAEMEBON
2324 325 2557 381 NOTAE.

3406 329 3427 381 ί
3439 326 3542 381 069.

281 441 473 497 scribit
503 460 518 496 :
549 441 688 504 Τοὺς
723 439 782 493 δὲ
819 439 1124 506 Ἰουδαίους,
1181 440 1545 510 διαφυγόντας
1608 444 1700 498 τὸν
1750 444 1829 498 xlv

1928 491 1932 507 ,
1965 457 2216 513 superior
2236 442 2501 508 substitit,
2519 450 2574 498 et
2597 442 2882 507 intumuit,
2899 443 3122 499 assidue
3142 445 3300 514 aquis
3320 443 3545 501 al'ﬂuen’

277 535 455 600 δυνον,
495 531 791 604 τριάκοντα
821 530 918 602 ἐτη
963 531 1022 582 ὲν
1048 533 1115 601 τῇ
1166 531 1360 602 ἐρήμῳ
1389 531 1690 603 διατρίψαι,
1738 531 1829 604 βρέ

1965 534 2145 602 tibus;
2175 549 2299 590 cum
2326 549 2457 590 vero
2484 535 2816 590 transissent
2839 533 3050 590 Hebraei
3075 549 3186 589 non
3212 535 3420 601 subito,
3444 537 3540 592 sed

275 641 466 696 χοντος
489 625 673 687 αὐτοῖς
691 621 784 676 τοῦ
813 621 950 676 Θεοῦ
980 623 1208 694 κρίμνον
1241 623 1426 694 ὅμοιον
1460 621 1666 695 ὲλύμῳ,
1721 625 1861 693 χιόνι

275 717 664 790 παραπλήσιον
693 715 793 788 τὴν
825 715 1012 786 χρόαν.

1963 626 2168 681 sensim
2217 625 2511 692 detumuit,
2549 633 2604 682 et
2657 625 2903 692 deﬂuxit,
2948 641 3019 680 ne
3063 626 3212 696 ripas
3234 636 3288 680 et
3316 642 3542 700 campos

1960 717 2251 784 obrueret;
2301 718 2486 784 tertio,
2524 718 2582 774 in
2623 718 2763 774 mari
2802 717 3078 773 submersi
3109 727 3238 772 sunt
3269 717 3534 790 Egyptii,

347 809 466 863 Col.
489 808 613 873 789,
641 807 718 861 lin
764 807 854 862 54.
878 810 942 862 οι
969 809 1080 879 γὰρ
1096 807 1292 878 χάριν.
1313 809 1610 880 Antiquum
1636 826 1862 882 peregre
1960 809 2144 864 nullus
2172 823 2300 864 vero
2327 824 2542 865 mersus
2575 817 2661 865 est
2695 810 2751 864 in
2778 806 3050 876 Iordane;
3077 816 3294 879 quarto,
3322 810 3376 863 in
3401 810 3539 864 mari

275 899 552 972 proficisci
611 897 894 970 religionis
951 914 1082 972 ergo
1140 902 1386 956 meminit
1457 910 1511 958 et
1566 902 1859 973 Gregorius

275 993 558 1066 Nyssenus
601 993 680 1048 De
716 993 840 1048 Vita
865 992 926 1049 S.
955 993 1212 1050 Macrino:
1255 997 1475 1067 virginis
1497 1013 1516 1052 :
1539 998 1764 1063 Πάντως
1801 999 1857 1052 δὲ

272 1086 378 1140 οὐκ
417 1086 756 1156 ἀμνημονεϊς
801 1085 902 1156 τῆς
940 1086 1254 1158 συντυχίας,
1305 1089 1395 1142 ὅτε
1446 1089 1568 1143 κατ’
1593 1089 1758 1162 εὐχὴν
1799 1093 1858 1144 ὲν

283 1174 701 1250 Ἱεροσολύμοις,
752 1177 1037 1248 ὲπιφοιτᾷν
1083 1177 1314 1250 μέλλων,
1345 1175 1497 1249 ὲφ’ᾧ
1541 1179 1612 1234 τὰ
1655 1184 1856 1252 σημεῖα

268 1266 376 1338 τῆς
401 1267 494 1322 τοῦ
517 1267 725 1339 Κυρίου
763 1266 852 1320 διὰ
884 1268 1086 1339 σαρκὸς
1119 1269 1412 1340 ἐπιδημίας
1438 1272 1497 1326 ὲν
1521 1273 1633 1336 τοῖς
1663 1269 1854 1336 τύποις

274 1357 407 1413 ἰδεῖν
446 1356 778 1430 σννέδραμόν
809 1373 890 1410 σοι
921 1357 1066 1412 κατὰ
1089 1358 1206 1431 τὴν·
1225 1360 1501 1431 Ἀντιόχου
1529 1361 1706 1414 πόλιν.

342 1447 503 1513 lbid.,
533 1448 631 1504 lin.
665 1447 752 1505 57.
791 1447 864 1500 Τό
890 1464 954 1501 τε
982 1449 1228 1504 Σιναῖον
1254 1449 1411 1518 ὄρος.
1449 1449 1526 1506 De
1555 1459 1740 1508 monte
1773 1450 1854 1508 Si-

266 1540 386 1604 nai,
431 1540 659 1612 ejusque
703 1540 839 1596 locis
875 1541 1051 1596 sacris
1105 1541 1264 1610 plura
1307 1540 1505 1598 Petrus
1547 1542 1847 1606 Bellonius,

269 1631 710 1689 Observationum
731 1632 828 1687 lib.
865 1647 920 1698 u,
938 1646 1060 1704 cap.
1093 1632 1164 1687 62
1186 1640 1241 1688 et
1271 1649 1412 1704 seq.,
1438 1636 1507 1690 de
1537 1649 1649 1706 quo
1677 1636 1848 1690 multa

265 1739 443 1782 sacra:
462 1725 919 1796 litteraa,insignis
945 1725 1036 1780 ille
1059 1726 1277 1796 quidem
1301 1732 1356 1782 et
1389 1724 1485 1781 Dei
1509 1741 1635 1780 cum
1663 1725 1848 1798 Moyse

1960 898 2104 956 Deus
2132 901 2360 956 immisit
2392 910 2636 969 ventum,
2670 901 2738 956 ad
2775 899 3004 956 fundum
3032 900 3287 956 limosum
3320 901 3538 957 siccan-

1957 993 2106 1058 dum,
2132 993 2186 1048 id
2211 1010 2342 1050 vero
2364 1009 2474 1050 non
2505 993 2634 1049 fecit
2664 995 2721 1049 in
2751 991 3010 1059 Iordane,
3036 992 3166 1063 quia
3196 992 3318 1063 ejus
3348 994 3538 1050 alveus

1957 1094 2042 1141 est
2075 1101 2304 1156 parvus,
2332 1095 2386 1143 et
2420 1102 2708 1143 arenosus.

2025 1175 2186 1246 lbid.,
2239 1179 2337 1234 lin.
2396 1179 2446 1234 7.
2510 1179 2782 1249 Ἐπὶτὴν
2815 1179 3058 1248 ’Ῑεριχώ.
3089 1177 3360 1250 Iosephus
3381 1177 3535 1233 Anti-

1953 1269 2084 1338 quit.
2117 1268 2212 1324 lib.
2254 1284 2328 1334 tv,
2368 1285 2490 1341 cap.
2519 1271 2552 1326 5
2578 1289 2590 1325 :
2626 1271 2788 1334 Πόλις
2808 1269 2864 1322 δέ
2891 1272 3037 1322 ἐστιν
3065 1268 3332 1340 εὐδαίμων
3374 1269 3534 1341 αῦτη,

1953 1360 2201 1428 φοίνικάς
2243 1379 2303 1415 τε
2335 1362 2519 1434 φέρειν
2576 1361 2775 1434 ἀγαθὴ,
2805 1361 2899 1414 καὶ
2933 1360 3210 1431 βάλσαμον
3236 1361 3534 1433 νεμομένη.

1951 1449 2208 1522 Ejusdem
2266 1455 2679 1526 topographiam
2733 1453 2904 1509 habes
2960 1454 3105 1523 apud
3152 1459 3402 1510 eumdem
3457 1454 3534 1510 De

1951 1544 2084 1600 bello
2103 1543 2234 1600 Iud.
2267 1546 2304 1601 l.
2327 1563 2380 1611 v,
2410 1562 2465 1603 c.
2504 1546 2608 1610 26;
2637 1545 2946 1600 Brocardus
2997 1545 3298 1602 monachus
3345 1545 3399 1600 in
3431 1544 3530 1600 De-

1949 1636 2231 1704 scriptione
2277 1635 2452 1690 Terra:
2477 1644 2677 1690 sancta
2712 1652 2731 1689 :
2764 1634 2902 1689 Item
2937 1651 2971 1688 a
2995 1632 3219 1707 Galgala
3256 1651 3347 1703 per
3371 1653 3528 1691 unam

1949 1727 2150 1782 leucam
2175 1738 2362 1783 contra
2393 1730 2646 1784 orientem
2677 1738 2753 1783 est
2783 1729 2890 1784 sita
2918 1726 3154 1794 Iericho,
3183 1731 3368 1784 civitas
3403 1730 3530 1785 olim

260 1817 580 1889 colloquiis,
611 1826 660 1872 et
681 1817 814 1873 locis
845 1817 950 1887 piis
998 1819 1284 1888 sacrisque
1315 1818 1386 1873 ad
1417 1819 1565 1873 hunc
1586 1819 1730 1874 diem
1751 1817 1849 1874 llo-
1880 1787 1921 1846 Β
1951 1819 2183 1888 famosa,
2235 1837 2373 1876 nunc
2427 1830 2604 1876 autem
2634 1820 2786 1876 habet
2816 1830 2933 1876 octo
2972 1819 3184 1890 domos,
3216 1822 3302 1876 vix
3340 1837 3528 1878 nomen

259 1909 544 1974 rentibus,
581 1923 684 1964 nec
711 1923 822 1963 non
853 1910 1050 1965 nobilis
1079 1910 1220 1965 diva:
1249 1909 1557 1966 Catherinae
1593 1927 1842 1981 corpore,

253 2007 325 2054 et
357 2000 589 2054 aliorum
615 2009 930 2055 sanctorum
965 2001 1184 2058 duobus
1235 2001 1616 2057 cacuminibus
1651 2001 1846 2058 divisis

252 2095 505 2165 assurgit
537 2093 713 2150 solido
739 2109 896 2158 saxo,
919 2102 974 2149 et
1002 2095 1278 2150 variorum
1301 2097 1546 2150 colorum
1577 2097 1843 2167 granulis,

249 2202 391 2261 qua:
431 2188 678 2242 diversas
719 2188 922 2258 ﬁguras
954 2185 1196 2242 eﬂiciunt
1241 2185 1523 2252 distincto,
1576 2187 1846 2243 excelsior

254 2295 396 2351 pars
437 2295 636 2335 nomen
695 2280 869 2348 Sinai,
903 2278 1218 2350 depressior
1265 2275 1448 2334 lioreb
1478 2287 1730 2350 occupat.
1781 2276 1842 2333 in

258 2371 450 2428 Horcb
481 2370 654 2444 Moysi
693 2372 779 2427 lex
809 2371 957 2439 data,
993 2372 1050 2425 in
1081 2384 1193 2442 quo
1230 2377 1285 2426 et
1315 2371 1494 2426 adhuc
1523 2371 1578 2425 in
1606 2385 1843 2426 marmo-

259 2477 361 2518 reo
391 2461 567 2530 lapide
617 2459 818 2531 Moysis
859 2459 1060 2531 eﬂigies
1106 2461 1442 2531 conspicitur
1465 2460 1534 2514 ad
1576 2462 1840 2516 amussim

259 2553 557 2622 impressa.
593 2552 647 2604 ln
681 2549 812 2605 Sina
843 2565 1044 2621 corpus
1084 2559 1289 2607 sanctae
1319 2550 1630 2606 Catberinae
1651 2552 1721 2607 ab
1743 2567 1840 2607 an-

257 2645 401 2716 gelis
429 2643 772 2712 deportatum
801 2650 905 2709 est,
937 2643 1081 2713 quod
1113 2659 1406 2714 progressu
1435 2643 1695 2713 temporis
1721 2658 1839 2698 mo-

257 2735 426 2790 nachi
453 2733 654 2790 montis
683 2733 886 2788 accolae
911 2734 968 2787 in
997 2736 1162 2788 imam
1191 2743 1400 2804 partem
1426 2733 1626 2788 montis
1659 2731 1838 2789 Horeb

257 2828 622 2898 deportarunt
672 2835 732 2881 ut
759 2834 937 2881 tutum
994 2827 1064 2880 ab
1105 2826 1358 2881 hostibus
1401 2833 1831 2881 conservarent:

257 2922 438 2974 multa
465 2929 594 2976 sunt
629 2919 685 2974 in
717 2921 820 2974 hoc
865 2927 1050 2974 monte
1091 2918 1430 2973 admirabilia
1471 2917 1566 2972 illa
1593 2917 1832 2989 quidem,

258 3012 609 3082 maximaque
646 3027 753 3066 non
794 3011 1016 3083 indigna
1058 3009 1552 3067 animadversione.
1593 3009 1719 3066 Haec
1758 3011 1836 3066 le-

256 3113 382 3158 ctor
421 3105 518 3161 tibi
573 3105 918 3160 communico
975 3110 1104 3175 typo
1147 3104 1371 3170 montis,
1420 3118 1583 3174 quem
1638 3104 1767 3158 olim
1801 3117 1830 3156 a

255 3197 546 3251 monachis
583 3196 708 3252 inde
745 3195 973 3250 Romam
1005 3195 1347 3251 venientibus
1375 3196 1582 3266 accepi,
1613 3201 1668 3251 et
1696 3195 1830 3248 alio-

252 3305 380 3343 rum
422 3289 755 3352 testimonio,
801 3288 895 3358 qui
934 3288 1055 3344 loca
1083 3288 1175 3342 illa
1215 3289 1538 3353 inviserunt,
1587 3290 1829 3360 apprime

253 3380 402 3444 ﬁdo;
451 3381 568 3436 loca
605 3381 1061 3452 quemadmodum
1107 3381 1193 3436 his
1233 3381 1568 3452 temporibus
1615 3397 1828 3436 nuncu-

247 3480 456 3540 pantur
488 3469 543 3524 in
581 3471 728 3526 calce
759 3469 1008 3540 exposui.

325 3559 490 3622 lbid.,
525 3559 620 3613 lin.
655 3560 744 3614 57.
791 3561 935 3627 Παρ’
962 3552 1012 3624 ᾧ
1049 3559 1158 3628 τὰς
1185 3560 1564 3630 νομοθεσίας.
1591 3559 1825 3617 Crassus

246 3667 412 3708 error
465 3650 756 3705 Alexandri
811 3651 1192 3721 Polyliistoris,
1240 3653 1334 3722 Qui
1385 3653 1480 3716 ait,
1525 3653 1667 3722 apud
1719 3653 1825 3708 He-

248 3743 431 3799 braeos
470 3741 752 3794 mulierem
791 3739 1080 3808 quamdam
1124 3740 1290 3810 μωσὼ
1327 3740 1519 3805 fuisse,
1552 3757 1674 3811 quae
1704 3758 1822 3797 eam

245 3834 426 3902 legem
468 3829 708 3898 scripsit,
745 3842 853 3897 qua
897 3825 1074 3882 Iudaei
1121 3837 1373 3893 utuntur,
1412 3829 1518 3883 hoc
1567 3837 1652 3885 est
1711 3829 1824 3884 Mo-

246 3925 456 3978 saicam
481 3922 649 3990 legem
679 3917 991 3972 Iudaeorum
1033 3932 1142 3971 non
1171 3932 1203 3970 a
1223 3917 1427 3987 Moyse,
1449 3931 1608 3985 quem
1642 3917 1822 3974 nullus

246 4014 336 4067 vel
367 4011 434 4067 de
463 4011 618 4080 plebe
656 4010 935 4072 minimus,
985 4009 1079 4080 qui
1115 4007 1333 4080 quidem
1370 4007 1586 4063 Iudaeos
1616 4019 1818 4073 nosset,

247 4107 508 4175 ignorare
538 4103 734 4174 potuit,
765 4103 863 4160 sed
892 4104 962 4160 ab
1002 4103 1106 4158 hac
1139 4101 1370 4156 muliere
1397 4100 1597 4155 dictam
1627 4101 1818 4156 fuisse.

319 4193 482 4263 lbid.,
521 4196 618 4252 lin.
658 4196 750 4253 40.
798 4195 1098 4267 Ζητητέον
1135 4193 1204 4248 δὲ
1237 4195 1292 4248 ol
1319 4193 1370 4250 ἐ.
1402 4192 1565 4248 Plura
1614 4193 1682 4248 de
1719 4194 1820 4248 hac

244 4289 644 4353 controversia,
692 4296 749 4345 et
801 4306 1067 4345 annorum
1122 4286 1514 4359 supputatione
1561 4285 1820 4342 eruditis-

243 4383 386 4439 sime
434 4381 624 4436 scribit
669 4380 924 4436 Pererius
963 4383 1020 4434 in
1055 4397 1173 4451 cap.
1233 4397 1303 4436 xv
1365 4378 1547 4435 Cenes.
1600 4379 1654 4433 in
1711 4395 1816 4449 qua

1950 1912 2090 1968 uillae
2127 1914 2341 1968 sortita.

2017 2003 2178 2069 lbid.,
2210 2006 2309 2060 lin.
2347 2005 2432 2060 14.
2476 2003 2589 2060 Kal
2615 2003 2785 2059 πᾶσα
2826 2002 2907 2068 τῷ
2954 2005 3169 2073 Κυρίῳ.
3225 2003 3523 2076 Iosephus.

1945 2096 2124 2166 Antiq.
2160 2080 2257 2151 lib.
2285 2112 2341 2160 v,
2375 2111 2498 2168 cap.
2530 2099 2558 2151 1
2593 2098 2892 2168 εἈπειρον
2917 2095 2973 2149 δέ
3013 2089 3299 2167 τιλπλῆθος
3333 2100 3397 2150 ἐκ
3423 2096 3525 2166 τῆς

1942 2183 2194 2250 ἁλώσεως
2219 2185 2630 2258 συναθροίζεται
2669 2185 2909 2260 ἀργύρου
2950 2204 3011 2240 τε
3042 2186 3137 2240 καὶ
3168 2185 3392 2258 χρυσοῦ,
3429 2187 3525 2240 καὶ

1943 2275 2165 2346 προσέτι
2197 2276 2420 2346 χαλκοῦ,
2467 2277 2692 2348 μηδενὸς
2726 2277 3072 2349 παραϐάντος
3107 2276 3177 2332 τὰ
3224 2276 3523 2348 δεδογμένα

1943 2365 2066 2436 μηδ’
2123 2366 2204 2430 είς
2244 2367 2378 2422 ίδίαν
2424 2367 2690 2436 ὠφέλειαν
2729 2369 2868 2424 αὐτὰ
2915 2368 3379 2440 διαπερσαμένων.
3411 2369 3522 2424 Καὶ

1939 2456 2114 2510 ταῦτα
2149 2457 2248 2527 μὲν
2282 2457 2489 2530 Ἰησοῦς
2520 2462 2632 2524 τοῖς
2665 2459 2898 2532 ἱερεῦσιν
2943 2462 3023 2523 είς
3057 2461 3186 2524 τοὺς
3210 2459 3519 2532 θησαυροὺς

1939 2548 2273 2619 παραδίδωσι
2303 2549 2655 2603 καταθέσθαι.

2005 2638 2168 2705 lbid.,
2204 2640 2302 2694 lin.
2337 2640 2422 2696 15.
2462 2640 2582 2710 Τὴν
2608 2643 2788 2696 πόλιν
2819 2643 2981 2697 Οὺαΐ.
3020 2641 3161 2698 Fuse
3189 2642 3303 2698 haec
3334 2644 3516 2697 omnia

1936 2731 2287 2801 prosequitur
2311 2729 2605 2802 Iosephus,
2632 2734 2831 2802 Antiq.,
2866 2732 2985 2787 loco
3017 2733 3073 2788 d.

2004 2819 2166 2885 lbid.,
2187 2819 2392 2876 lin.21.
2415 2825 2480 2875 Ol
2507 2821 2575 2875 δὲ
2606 2820 3206 2879 ΓαϐαωνῖταιΈιιᾶρω
3237 2823 3398 2879 habet
3418 2821 3512 2878 Io-

1936 2911 2166 2981 sephus,
2195 2911 2368 2968 latius
2399 2921 2578 2968 tamen
2611 2929 2673 2969 ea
2701 2923 2910 2970 narrat.

2002 3002 2164 3070 lbid.,
2193 3003 2290 3059 lin.
2314 3005 2404 3062 40.
2427 3006 2750 3076 Ὀργισθεὶς
2775 3005 2864 3062 δέ.
2891 3005 3090 3060 Eadem
3101 3005 3371 3078 Iosephus
3393 3008 3512 3063 loco

1933 3090 2100 3148 dicto.

2001 3181 2166 3250 lbid.,
2184 3185 2284 3240 lin.
2307 3185 2396 3242 52.
2423 3185 2636 3243 Ἵναδὲ
2651 3187 2879 3243 τέλεον.
2903 3187 3204 3259 Iosephus:
3225 3188 3392 3244 Ἔνθα
3417 3191 3509 3243 καὶ

1927 3274 2027 3346 τὴν
2059 3276 2151 3330 τοῦ
2186 3277 2319 3331 Θεοῦ
2339 3280 2660 3350 συνεργεὶαν
2689 3279 2910 3351 ἔμαθεν,
2932 3281 3302 3353 ὲπιμήναντος
3330 3281 3504 3335 αὑτοῦ

1930 3367 2175 3440 βρονταῖς
2202 3387 2260 3423 τε
2289 3370 2384 3424 καὶ
2410 3371 2693 3440 κεραυνῶν
2725 3373 2938 3442 ἀφέσει,
2964 3373 3055 3425 καὶ
3076 3373 3318 3444 χαλάζης
3341 3391 3508 3427 κατα·

1927 3461 2067 3532 φορᾷ
2089 3459 2329 3531 μείζονος
2350 3461 2451 3531 τῆς
2478 3462 2890 3534 συνήθους.Ἔτι
2913 3480 2977 3532 γε
3004 3465 3109 3535 μὴν
3139 3466 3234 3518 καὶ
3252 3466 3351 3537 τὴν
3371 3467 3505 3536 ἡμέ-

1928 3569 2026 3623 ραν
2050 3551 2346 3624 αὐξηθῆναι
2377 3552 2558 3620 πλέον,
2580 3555 2726 3608 ὡσὰν
2763 3553 2835 3627 μὴ
2857 3555 3233 3610 καταλαϐοῦσα
3257 3557 3354 3625 νὺξ
3384 3559 3504 3611 ἐπι-

1926 3645 2072 3714 σχεῖν
2105 3643 2201 3714 τὴν
2229 3643 2339 3698 τῶν
2363 3645 2627 3717 Ἐϐραίων
2658 3646 2968 3719 προθυμίαν
2993 3649 3304 3705 συνέπεσεν.
3341 3650 3500 3702 Ὥστε

1924 3737 2017 3788 καὶ
2049 3735 2312 3807 λαμϐάνει
2355 3737 2456 3790 οὐκ
2487 3737 2743 3807 βασιλέας
2785 3739 2990 3809 Ἰησοῦς
3021 3739 3078 3792 ἐν
3124 3757 3229 3794 τινι
3260 3757 3497 3810 κρυπτο-

1924 3826 2117 3897 μένους
2148 3827 2400 3898 σπηλαίῳ
2424 3827 2565 3881 κατὰ
2592 3827 2866 3899 Μακχιδὰ,
2890 3828 2984 3883 καὶ
3021 3828 3236 3894 κολάζει
3271 3829 3496 3893 πάντας.

1924 3918 2045 3969 Ὅτι
2085 3918 2142 3971 δὲ
2171 3917 2232 3970 τὸ
2263 3920 2436 3988 μῆκος
2473 3917 2572 3986 τῆς
2615 3918 2828 3988 ἡμέρας
2867 3918 3107 3973 ἐπέδωκε
3139 3919 3258 3972 τότε
3283 3920 3379 3972 καὶ
3402 3921 3497 3972 τοῦ

1924 4008 2188 4080 συνήθους
2228 4010 2522 4063 ἐπλεόνασε
2555 4008 2807 4080 δηλοῦται
2847 4009 2935 4063 διὰ
2982 4008 3090 4063 τῶν
3127 4010 3496 4083 ἀνακειμένων

1920 4101 1978 4154 ὲν
1997 4099 2074 4170 τῷ
2103 4099 2234 4171 ἱερῷ
2270 4100 2635 4172 γραμμάτων.

1988 4191 2148 4257 lbid.,
2205 4193 2299 4246 lin.
2329 4192 2417 4248 54.
2454 4191 2694 4260 Στήσας
2731 4192 2838 4246 τὸν
2869 4193 3065 4262 ἣλιον.
3097 4192 3338 4251 Ioannes
3380 4193 3489 4250 Ke-

1918 4284 2101 4353 plerus
2135 4285 2189 4338 in
2224 4283 2628 4340 introductione
2656 4285 2723 4340 ad
2758 4299 2914 4340 suam
2953 4287 3348 4342 Astronomiam
3391 4305 3486 4342 no-

1917 4393 2054 4441 vam,
2077 4384 2136 4431 ut
2174 4377 2428 4446 probaret
2469 4384 2671 4432 terram
2701 4379 2926 4443 moveri,
2947 4379 3116 4435 solem
3135 4387 3304 4445 stare,
3335 4379 3488 4442 dicit.

245 4474 487 4542 reliquas
531 4473 761 4526 aliorum
806 4473 1103 4526 sententias
1141 4470 1504 4526 examinando
1536 4470 1614 4524 uti
1650 4469 1815 4525 falsas
1848 4483 1890 4538 ῐ)
1918 4468 2160 4539 quotidie
2191 4483 2290 4523 nos
2316 4468 2486 4523 multa
2523 4469 2668 4538 loqui
2698 4483 2822 4523 cum
2850 4470 3131 4525 oculorum
3157 4487 3344 4536 sensu,
3369 4487 3490 4542 quin

239 4575 297 4620 et
349 4565 416 4618 ad
463 4563 832 4619 dillicultatem
870 4564 976 4618 loci
1019 4563 1166 4619 illius
1215 4561 1592 4634 explicandam
1627 4576 1816 4633 parum

241 4662 469 4716 idoneas
509 4661 724 4725 refellit,
769 4670 824 4714 et
869 4661 1014 4716 hanc
1042 4660 1218 4716 nostri
1249 4661 1494 4716 auctoris
1524 4660 1602 4715 uti
1643 4660 1818 4731 legiti-

241 4755 456 4817 timam,
503 4769 797 4822 veramque
841 4751 1104 4817 defendit,
1151 4752 1345 4808 solidis
1397 4752 1720 4814 rationibus,
1763 4759 1815 4805 et

239 4851 559 4899 sanctorum
612 4843 832 4898 Patrum
884 4843 1305 4898 auctoritatibus
1361 4842 1628 4898 adductis.
1678 4839 1813 4896 Vide

236 4936 402 4990 etiam
433 4934 864 5004 Genebrardum,
895 4943 949 4991 et
985 4935 1221 4990 Delrium
1265 4935 1320 4988 in
1349 4951 1462 5004 cap.
1499 4949 1571 5009 xv
1625 4931 1806 4986 Genes.

304 5025 422 5081 Col.
457 5027 577 5092 793,
621 5027 720 5081 lin.
767 5027 820 5082 '5.
869 5025 973 5081 Διὰ
999 5025 1106 5081 τοῦ
1128 5024 1452 5094 Ἰορδάνου.
1481 5023 1806 5080 Divisionem

236 5123 409 5174 maris
439 5117 612 5173 Rubri
651 5127 887 5188 quatuor
921 5117 1230 5172 rationibus
1251 5116 1570 5172 dissimilem
1607 5130 1637 5168 a
1665 5115 1806 5168 divi-

237 5208 398 5262 sione
444 5207 546 5261 bac
585 5222 851 5278 aquarum
907 5205 1162 5262 Iordanis
1211 5205 1383 5259 tradit
1438 5201 1726 5265 Cornelius
1775 5217 1807 5256 a

236 5297 441 5370 Lapide
469 5299 524 5352 in
553 5313 646 5354 xtv
673 5315 790 5369 cap.
820 5295 993 5355 Exod.
1014 5296 1236 5351 :Primo
1266 5297 1321 5350 in
1339 5310 1406 5350 eo
1425 5293 1572 5365 quod
1607 5293 1806 5348 divisio

235 5391 408 5446 maris
451 5389 596 5446 facta
637 5400 722 5446 est
754 5406 851 5462 per
885 5389 1123 5461 Moysem
1167 5386 1550 5442 extendentem
1584 5385 1640 5439 in
1670 5384 1803 5438 illud

235 5497 391 5538 suam
447 5483 690 5553 virgam;
723 5482 921 5537 divisio
965 5496 1094 5536 vero
1121 5477 1379 5534 Iordanis
1420 5476 1563 5531 facta
1594 5485 1678 5534 est
1706 5492 1802 5546 per

234 5574 580 5644 praesentiam
627 5589 768 5629 arcas
805 5571 1057 5640 Domini;
1091 5569 1354 5633 secundo,
1387 5569 1444 5623 in
1494 5568 1631 5622 mari
1662 5567 1801 5622 divi-

235 5683 308 5722 sae
341 5683 494 5738 aquae
519 5667 775 5738 utrinque
797 5666 955 5736 quasi
984 5663 1125 5718 muri
1165 5662 1560 5726 constiterunt;
1607 5659 1660 5714 in
1684 5657 1800 5714 Ior-

233 5760 372 5818 dane
413 5775 542 5818 vero
579 5759 805 5816 inferior
829 5772 957 5830 pars
997 5755 1218 5814 deﬂuxit
1241 5755 1294 5810 in
1321 5769 1472 5811 mare
1502 5751 1794 5820 Mortuum,

1919 4569 2070 4614 certo
2096 4560 2302 4616 scimus
2331 4560 2490 4616 aliter
2522 4575 2582 4615 se
2613 4561 2812 4616 habere
2840 4580 2855 4627 ;
2887 4569 2942 4618 et
2970 4561 3114 4617 hunc
3158 4563 3378 4616 modum
3407 4563 3487 4616 lo-

1917 4651 2119 4723 quendi
2153 4652 2317 4706 etiam
2348 4665 2471 4706 esse
2495 4651 2734 4716 Christo,
2763 4659 2816 4706 et
2841 4651 3038 4707 divina:
3066 4653 3363 4722 Scriptum
3404 4653 3488 4707 Γει-

1914 4742 2211 4809 miliarem;
2243 4743 2542 4813 loquuntur
2573 4744 2720 4798 enim
2743 4758 2867 4798 cum
2895 4742 3210 4798 hominibus
3245 4743 3489 4799 humano

1915 4835 2098 4902 modo,
2127 4846 2186 4891 ut
2212 4835 2280 4890 ab
2304 4835 2620 4890 hominibus
2647 4834 3041 4904 percipiantur,
3076 4843 3132 4889 et
3155 4843 3382 4891 utuntur
3416 4838 3485 4891 iis

1915 4942 2034 4996 qua:
2061 4937 2188 4983 sunt
2219 4927 2362 4998 apud
2389 4927 2634 4981 homines
2665 4926 2720 4979 in
2747 4925 3022 4990 confesso,
3053 4925 3118 4980 ad
3152 4926 3481 4983 insinuanda

1913 5019 2018 5074 alia
2073 5019 2392 5074 sublimiora
2433 5027 2488 5073 et
2519 5017 2724 5082 divina,
2755 5025 2810 5071 et
2841 5017 3104 5088 exemplis
3125 5034 3294 5074 sacrae
3333 5017 3485 5074 Scri-

1909 5115 2083 5178 pturae
2116 5109 2494 5164 demonstrare
2540 5115 2807 5174 conatur;
2835 5109 2977 5164 inter
3024 5124 3088 5165 ea
3143 5110 3219 5164 ita
3248 5111 3480 5182 explicat

1909 5200 2057 5254 hunc
2098 5199 2304 5264 locum,
2331 5209 2390 5253 ut
2413 5199 2595 5270 potius
2625 5200 2962 5254 contrarium
2985 5215 3108 5257 esse
3131 5201 3366 5272 quisque
3389 5201 3475 5255 in-

1906 5293 2147 5362 telligat;
2185 5292 2462 5347 concludit
2497 5292 2646 5347 enim
2677 5301 2810 5347 tunc
2841 5301 3044 5349 terram
3080 5295 3320 5357 stetisse,
3353 5309 3475 5366 qua.

1904 5383 2129 5454 perenni
2158 5392 2307 5438 motu
2347 5384 2686 5450 movebatur,
2717 5400 2828 5440 non
2869 5385 2999 5441 item
3055 5387 3247 5442 solem.
3295 5383 3472 5440 Verba

1902 5477 2021 5546 ejus
2052 5485 2178 5532 sunt
2205 5495 2218 5530 ε
2254 5473 2436 5529 Facile
2469 5485 2643 5530 autem
2663 5475 2805 5531 Deus
2843 5493 2907 5532 ea:
2935 5477 3100 5532 Iosue
3145 5475 3470 5546 verbis,quid

1902 5569 1947 5623 is
1983 5568 2152 5630 vellet,
2191 5567 2454 5622 intellexit
2486 5570 2875 5639 :prtestititque
2913 5567 3129 5622 inhibito
3172 5576 3316 5620 motu
3361 5577 3486 5629 ter-,

1901 5677 1995 5726 rw,
2031 5671 2086 5714 ut
2122 5660 2206 5714 illi
2229 5669 2374 5715 stare
2398 5661 2657 5715 videretur
2680 5663 2780 5716 sol.
2814 5660 3094 5716 Petitionis
3118 5659 3254 5713 enim
3287 5657 3468 5712 .losua:

1902 5768 2109 5806 summa
2159 5751 2258 5808 huc
2284 5751 2509 5820 redibat,
2540 5762 2598 5806 ut
2649 5752 2746 5806 hoc
2799 5752 2873 5807 sic
2925 5749 3029 5804 sibi
3071 5749 3234 5805 videri
3268 5760 3465 5821 posset,
