4064 6290
556 355 694 412 1063

1870 343 2118 401 LEOle
2159 341 2435 397 ALLATll

3657 323 3799 380 ιοοι

550 470 806 542 quidquid
836 471 1045 524 interim
1078 479 1249 533 esset;
1277 468 1464 538 quippe
1496 466 1590 519 hoc
1630 463 1793 516 videri
1819 477 2031 524 vanum,
2075 467 2125 513 et
2155 475 2201 526 Α
2227 457 2315 511 ubi
2384 454 2688 524 prodigiosa
2750 449 3064 542 Adargartis
3126 442 3400 542 [emendat
3454 439 3801 542 lia-miresitts

555 564 764 617 irritum
788 578 888 614 non
917 561 1039 628 fuit,
1081 558 1170 613 sed
1203 560 1539 629 conjunctum
1573 572 1690 609 cum
1712 553 1896 622 effectu
1923 561 2120 620 optato.

556 655 702 708 Dura
733 668 863 708 sane
911 652 1221 704 divinarum
1250 653 1554 704 litterarum
1604 644 1894 716 expositio,
1931 651 1984 696 et
2011 641 2124 696 dis-

557 754 728 811 torta;
781 744 1034 814 quamvis
1089 745 1236 798 enim
1302 744 1583 804 sciamus,
1645 738 1946 808 saepissime
2009 749 2123 795 eas,

559 851 710 891 more
738 836 1016 890 hominum
1048 836 1217 888 multa
1252 833 1518 904 proferre.
1546 846 1669 902 quae
1715 828 1869 882 aliter
1901 840 2024 880 esse
2069 839 2128 878 re

560 937 707 984 certa
757 927 1142 997 comperimus,
1196 934 1377 978 tamen
1411 922 1681 979 sententia
1723 933 1936 988 semper
1975 917 2127 970 ﬁrma

561 1023 854 1094 ﬁguratum
896 1038 958 1076 ac
992 1021 1328 1076 schematum
1353 1018 1544 1072 modos
1570 1015 1916 1086 exponimus,
1941 1012 2129 1078 sicque

560 1117 724 1172 rebus
751 1130 872 1169 esse
904 1111 1299 1168 conformatam
1322 1106 1803 1179 deprehendimus,
1832 1113 1886 1156 at
1908 1102 1964 1156 in
1996 1115 2130 1154 con-

559 1210 787 1262 trarium
817 1222 1036 1262 sensum
1069 1205 1392 1272 detorquere
1415 1203 1536 1272 quis
1564 1213 1710 1253 sanae
1734 1195 1932 1252 mentis
1959 1192 2127 1275 aude-

558 1300 672 1354 bit?
705 1298 796 1352 Sol
827 1306 955 1362 stat,
992 1297 1043 1351 id
1073 1303 1176 1358 est,
1201 1304 1346 1348 terra
1377 1299 1504 1357 stat,
1539 1291 1662 1361 quis
1706 1289 1761 1342 id
1784 1286 1999 1341 credet?
2030 1283 2131 1338 Sa—

557 1392 787 1450 nissima
812 1405 1026 1459 semper
1056 1396 1369 1442 sanctorum
1407 1384 1630 1437 Patrum
1663 1379 2129 1450 expositio,quam

559 1486 704 1540 sicut
747 1489 801 1535 et
853 1482 908 1534 in
959 1481 1081 1544 hoc,
1111 1479 1183 1532 ita
1206 1483 1258 1531 et
1294 1475 1349 1527 in
1382 1474 1504 1527 aliis
1538 1485 1752 1528 summa
1783 1467 2131 1524 veneratione

561 1589 644 1627 am
655 1573 962 1642 plectimur.

550 1647 556 1655 '
631 1665 748 1720 Col.
775 1664 898 1725 τοι,
936 1664 1032 1716 lin.
1065 1662 1114 1715 7.
1156 1659 1345 1727 Ἀσὼρ
1374 1657 1442 1711 δὲ
1478 1660 1508 1711 δ
1532 1657 1637 1721 βα.
1661 1653 1734 1708 De
1761 1653 1846 1708 his
1876 1650 2132 1706 omnibus

560 1755 682 1808 vide
706 1753 999 1821 Josephum
1045 1752 1190 1804 dicto
1225 1751 1344 1803 loco
1372 1765 1386 1814 ;
1416 1747 1483 1801 de
1513 1745 1782 1800 divisione
1809 1751 1966 1797 terra:
1991 1740 2133 1795 Cha-

2229 541 2537 614 Adargatis]
2573 539 2773 594 Gra’cis
2813 549 2988 590 autem
3019 534 3241 588 Derceto
3270 531 3416 583 dicta
3443 528 3653 582 colitur.
3693 525 3802 580 Sa-

2227 613 2450 702 natque,
2478 613 2538 684 ut
2594 631 2712 698 ipse
2769 625 3065 685 existimat,
3095 623 3275 675 locum
3303 617 3448 671 Petri
3479 613 3668 669 Criniti
3701 613 3798 666 lib.

2228 700 2458 775 XIV—De
2529 717 2749 770 honesta
2795 714 3006 780 discip.,
3057 725 3175 778 cap.
3221 707 3289 770 8,
3367 703 3645 774 Syriarum
3699 700 3804 754 dea

2227 812 2536 883 Adagartis,
2585 805 2847 861 mutando
2891 805 2948 858 in
2996 800 3302 870 Adargatis.
3351 795 3482 862 Quae
3530 791 3804 847 correctio

2229 905 2479 976 quamvis
2533 909 2713 964 acuta,
2760 897 2924 953 nimis
2968 911 3101 951 sane
3146 891 3530 962 superstitiosa
3560 885 3800 941 videtur.

2232 996 2322 1050 Sic
2369 996 2512 1049 enim
2542 1001 2722 1048 textus
2757 1005 2945 1045 omnes
2990 988 3338 1056 antiquorum
3389 988 3574 1036 essent
3618 980 3800 1032 inver-

2230 1089 2401 1152 tendi,
2441 1093 2502 1141 ut
2557 1101 2725 1140 unum
2780 1084 2867 1138 vel
2907 1082 3138 1136 alterum
3187 1076 3626 1137 emendat-emus,
3675 1086 3805 1124 cum

2230 1186 2414 1231 tamen
2447 1175 2596 1229 nttlla
2624 1173 2928 1228 necessitas
2984 1178 3196 1240 urgeat.
3248 1166 3448 1220 Demus
3479 1162 3623 1218 enim
3661 1158 3806 1229 apud

2233 1267 2420 1341 Syrios
2449 1266 2737 1335 Adardaga
2766 1263 2873 1318 dici
2898 1263 3123 1332 piscem,
3157 1259 3351 1313 ideone
3375 1264 3428 1310 ct
3469 1256 3607 1308 hanc
3643 1254 3804 1308 deam

2231 1361 2305 1415 ita
2351 1366 2720 1428 nuncupatam
2770 1353 3187 1414 allirmabitnus,
3222 1348 3372 1402 nulla
3412 1346 3611 1407 littera,
3653 1342 3803 1396 nulla

2232 1452 2438 1524 syllaba
2492 1447 2818 1504 immutata?
2869 1444 2974 1500 Sed
3017 1450 3135 1498 esto
3178 1442 3285 1505 ita;
3328 1438 3518 1493 ideone
3563 1444 3618 1490 et
3660 1433 3802 1505 apud

2232 1540 2468 1605 Graecos,
2507 1538 2622 1594 sive
2652 1539 2815 1592 etiam
2847 1534 3124 1588 Romanos
3154 1533 3304 1601 ipsos
3333 1529 3408 1582 ita
3443 1527 3640 1582 debere
3677 1540 3802 1595 pro-

2233 1633 2475 1688 nuntiari
2517 1627 3086 1688 evincemur?.Verha
3129 1626 3266 1679 dura
3303 1638 3368 1676 ac
3407 1635 3599 1692 aspera
3635 1619 3804 1674 emol-

2233 1725 2372 1778 liunt
2407 1720 2602 1786 Gnaei,
2637 1719 2998 1788 Romanique,
3031 1724 3086 1770 et
3135 1713 3420 1769 barbarica
3468 1712 3560 1765 illa
3603 1711 3658 1764 in
3687 1724 3800 1764 me-

562 1860 704 1899 naan
728 1843 984 1897 distincte
1016 1842 1197 1895 omnia
1245 1841 1497 1909 leguntur
1531 1838 1584 1890 in
1617 1835 1790 1890 sacris
1833 1833 2072 1887 Litteris.

2242 1819 2410 1872 iorem
2452 1816 2659 1885 frugem
2716 1813 3005 1876 reducunt,
3064 1807 3540 1878 politioribusquc,
3585 1812 3647 1856 ut
3697 1803 3800 1873 ipsi

635 1933 903 1996 lbid.,llin.
922 1932 1010 1986 45.
1042 1929 1120 1998 Τῇ
1136 1929 1442 1997 Ἀστάρτῃ.
1464 1923 2132 1988 Astarte,vetustissnnum

564 2025 734 2096 Syriae
789 2037 992 2077 numen
1048 2021 1218 2075 fuisse
1258 2026 1409 2072 notat
1435 2017 1826 2079 Tertullianus,
1859 2013 2132 2083 Apologet.

561 2135 683 2189 cap.
708 2117 798 2182 24,
838 2115 1123 2184 Unicuique
1172 2114 1331 2167 etiam
1383 2111 1666 2180 provinciae
1695 2120 1742 2163 et
1777 2108 1978 2162 civitati
2007 2122 2134 2160 suus

563 2215 690 2266 deus
737 2219 837 2274 est,
888 2218 945 2261 ut
992 2206 1164 2277 Syria:
1208 2208 1470 2260 Astartes.
1499 2202 1880 2266 Artemidorus
1915 2200 2137 2257 Oueiro-

564 2307 685 2360 crit.
738 2304 836 2357 lib.
880 2318 917 2366 ι,
951 2316 1051 2370 cap
1115 2299 1170 2363 9,
1215 2297 1426 2368 Ἰχθύας
1477 2297 1674 2358 πάντες
1723 2293 2136 2364 ἐσθίουσιπλὴν

563 2397 749 2469 Σύρων
781 2395 942 2447 τινῶν
965 2393 1072 2445 τῶν
1117 2391 1212 2462 τὴν
1243 2391 1544 2461 Ἀστάρτην
1566 2387 1892 2457 σεϐομένων.
1912 2385 2138 2440 Constat

565 2501 631 2541 ex
657 2485 968 2550 Plutarcho_
1003 2483 1169 2553 Syros
1213 2481 1424 2552 Syriam
1457 2479 1612 2533 deam
1664 2479 1923 2540 coluisse,
1978 2477 2137 2544 cujus

566 2579 674 2633 ﬁlia
728 2593 852 2632 cum
899 2577 1012 2630 haec
1055 2575 1387 2637 crederetur,
1419 2573 1557 2627 nihil
1590 2571 1788 2624 mirum
1824 2571 1992 2641 Syros
2019 2585 2138 2624 eam

567 2670 820 2723 coluisse.
892 2666 1242 2721 thnicibus
1295 2672 1349 2719 et
1398 2664 1638 2718 Sidoniis
1701 2663 1794 2717 alii
1871 2663 2137 2716 tribuunt.

567 2762 803 2816 Achilles
837 2759 1027 2813 Tatius
1054 2758 1208 2811 initio
1235 2757 1329 2811 lib.
1360 2773 1374 2810 ι
1419 2775 1432 2810 :
1466 2755 1728 2809 Ἐνταῦθα
1755 2771 1904 2825 ηκων
1925 2754 1990 2806 ὲκ
2017 2753 2144 2806 πολ-

567 2853 656 2906 λοῦ
694 2850 978 2922 χειμῶνος,
1012 2849 1319 2920 Σώστρατε,
1358 2847 1511 2900 ἔθυον
1538 2847 1755 2917 ἐμαυτῷ
1788 2849 1852 2918 τῇ
1880 2846 1988 2900 τῶν
2019 2848 2141 2899 Φοι-

569 2945 748 2997 νίκων·
791 2941 1044 2995 καλοῦσιν
1091 2939 1259 3011 αὐτὴν
1299 2939 1597 3011 Ἀστάρτην
1629 2941 1677 2992 οἱ
1712 2937 1969 2993 Σιδώνιοι.
2019 2936 2143 2991 Sui--

568 3035 665 3088 das
700 3053 711 3087 :
749 3033 1014 3103 Ἀστάρτη
1052 3033 1084 3100 ἡ
1113 3030 1244 3101 παρ’
1266 3029 1518 3099 ’Ἓλλησιν
1551 3027 1831 3099 Ἀφροδίτη
1854 3027 2139 3098 λεγομένη,

569 3123 689 3186 θεὸς
725 3123 1010 3175 Σιδωνίων.
1037 3119 1273 3174 Joannes
1301 3119 1611 3188 Xiphilinus
1643 3119 1891 3172 oratione
1920 3118 1994 3171 De
2016 3118 2142 3171 ado-

2235 1908 2578 1980 politissimis
2624 1913 2753 1960 sunt
2805 1903 3089 1966 moribus,
3150 1899 3492 1955 vestimentis
3549 1896 3803 1957 induunt.

2237 2009 2461 2055 accentu
2512 1998 2742 2060 scilicet,
2803 2009 2962 2059 sono,
3010 1991 3477 2064 pronuntiatione,
3534 1987 3801 2040 numeris.

2237 2091 2378 2158 Quid
2426 2091 2624 2145 mirum
2677 2089 2724 2144 si
2759 2087 3026 2159 Syrorum
3074 2082 3382 2152 Adardaga,
3417 2082 3470 2135 itt
3505 2079 3806 2149 Atargatim

2238 2185 2454 2251 abierit,
2493 2181 2793 2254 prmsertitn
2849 2181 2923 2233 ita
2968 2178 3241 2233 scribente
3274 2174 3447 2228 Plinio
3478 2173 3596 2226 loco
3637 2173 3802 2237 dicto,

2238 2283 2293 2332 et
2323 2284 2450 2330 ante
2493 2290 2617 2330 eutn
2649 2272 2918 2327 Strabone
2968 2271 3064 2324 lib.
3100 2284 3211 2331 1m,
3241 2283 3308 2323 ex
3350 2281 3459 2336 quo
3489 2279 3588 2319 sua
3624 2264 3810 2319 Itahuit

2237 2368 2478 2424 Plinius:
2498 2367 2843 2438 Ὑπέρκειται
2876 2365 2933 2418 δὲ
2963 2363 3054 2416 τοῦ
3083 2360 3326 2431 ποταμοῦ
3363 2359 3604 2430 σχοίνους
3627 2357 3811 2410 τέττα-

2243 2479 2339 2534 ρας
2373 2460 2622 2531 διέχουσα
2645 2460 2676 2528 ὴ
2699 2455 2984 2527 Βαμϐύκη,
3008 2456 3072 2526 ἣν
3109 2455 3202 2508 καὶ⁸
3227 2453 3509 2515 Ἔδεσσαν,
3542 2451 3636 2504 καὶ
3663 2450 3808 2520 ἱερὰν

2240 2551 2393 2604 πόλιν
2445 2547 2720 2610 καλοῦσιν,
2766 2548 2825 2600 ὲν
2945 2545 3146 2616 τιμῶσι
3187 2545 3275 2597 τὸν
3303 2543 3500 2614 Συρίαν
3552 2540 3670 2594 θεὸν
3713 2539 3808 2611 τὴν

2252 2641 2591 2712 Ἀταργάτιν,
2621 2655 2722 2694 nec
2745 2638 3001 2694 dissimili
3035 2637 3248 2690 ratione
3283 2651 3480 2690 nomen
3506 2635 3669 2689 etiam
3708 2631 3808 2702 ipsi

2239 2749 2308 2789 ex
2338 2733 2562 2804 Syriaco
2596 2731 2920 2797 deﬂectunt;
2956 2745 3022 2784 ex
3051 2727 3337 2798 Adardaga
3379 2741 3615 2796 namque
3649 2727 3808 2779 Atar-

2239 2826 2405 2895 gatim
2434 2825 2662 2888 faciunt,
2701 2823 2910 2877 meliori
2940 2836 3078 2877 sono
3115 2832 3276 2892 atque
3313 2820 3659 2874 formatione.
3701 2816 3812 2873 Nec

2242 2919 2348 2972 alia
2402 2918 2616 2972 ratione
2669 2917 2931 2980 voluisse,
2963 2916 3050 2970 vel
3081 2915 3324 2985 potuisse
3357 2913 3599 2968 scribere
3638 2911 3814 2966 Crini-

2243 3019 2382 3078 tum,
2429 3019 2484 3064 et
2541 3011 2700 3075 alios,
2735 3011 2826 3080 qui
2860 3011 2915 3064 in
2947 3011 3038 3064 illo
3072 3010 3252 3080 capite
3295 3008 3609 3072 laudantur,
3635 3008 3718 3061 vel
3746 3021 3812 3063 ex

2245 3119 2310 3158 eo
2359 3104 2480 3158 solo
2535 3103 2884 3158 manifestum
2937 3110 3043 3166 est,
3079 3100 3224 3172 quod
3277 3101 3565 3154 Strabonis
3611 3100 3808 3161 lerunt,

570 3215 772 3266 ratione
797 3212 1008 3272 crucis,
1061 3208 1165 3262 Καὶ
1215 3208 1666 3280 προσκυνήσασαν
1709 3209 1774 3278 τῇ
1836 3206 2134 3278 Ἀστάρτῃ,

2242 3210 2402 3266 quem
2429 3209 2595 3265 supra
2625 3196 2970 3264 scripsimus,
2994 3194 3122 3248 dum
3153 3193 3242 3245 illa
3265 3192 3586 3256 scriberent,
3609 3189 3813 3245 habue-

568 3305 662 3358 καὶ
689 3304 765 3372 τῷ
791 3296 1013 3372 Χαμὼς,
1046 3301 1073 3353 ὅ
1113 3301 1228 3352 ἐστι
1259 3299 1523 3353 Σιδωνίων
1557 3297 1847 3368 βδέλυγμα.
1876 3297 2136 3368 Augusti~

569 3411 674 3449 nus
727 3393 939 3454 asserit,
979 3393 1162 3461 lingua
1206 3389 1432 3453 Punica,
1463 3405 1581 3459 quae
1609 3405 1676 3443 ex
1715 3389 1940 3443 Hebraea
1988 3399 2134 3453 nata,

567 3486 832 3541 Junonetr.
877 3485 993 3538 sine
1017 3483 1354 3538 dubitatione
1377 3483 1560 3536 vocari
1589 3483 1883 3544 Astartem,
1911 3482 2007 3536 lib.
2040 3497 2136 3546 vit,

569 3585 761 3650 quaest.
794 3575 878 3629 16.
905 3575 1084 3628 Multae
1112 3572 1354 3628 Junones
1390 3573 1689 3640 veteribus,
1712 3572 1852 3627 sicut
1882 3582 1934 3626 et
1957 3570 2138 3635 Joves,

568 3676 624 3724 ct
653 3668 906 3733 Veneres,
949 3667 1072 3721 inde
1106 3665 1331 3729 lactant,
1368 3671 1429 3719 ut
1478 3672 1673 3733 quarta
1729 3662 1913 3718 Venus
1936 3681 1963 3717 a
1989 3663 2141 3734 Syris

570 3765 805 3826 Astarte,
835 3776 931 3815 seu
969 3759 1224 3813 Astareth
1251 3757 1420 3830 Syriae
1451 3767 1502 3812 et
1527 3755 1654 3828 Tyri
1693 3757 1799 3810 ﬁlia
1835 3766 2139 3821 vocaretur,

572 3865 708 3912 teri:
736 3855 998 3908 Cicerone
1031 3853 1124 3905 lib.
1148 3867 1207 3905 ιιι
1240 3850 1315 3904 De
1335 3862 1446 3903 nat.
1470 3850 1616 3903 deor.
1655 3849 2000 3915 Quibusdam
2028 3849 2142 3903 hanc

572 3948 744 4012 Luna,
776 3963 870 4002 seu
895 3947 1063 3998 Diana
1087 3945 1312 3999 credita.
1340 3943 1479 3997 Sunt
1502 3945 1593 4014 qui
1628 3953 1819 4014 putant
1852 3959 1969 3999 eam
1999 3959 2140 4007 esse,

571 4052 692 4106 quae
738 4036 792 4088 in
842 4037 1014 4090 sacris
1046 4033 1269 4088 Litteris
1299 4040 1350 4087 et
1395 4035 1664 4102 pra-cipue
1696 4033 1948 4087 Jutlieum
1989 4050 2044 4098 ι,
2087 4034 2141 4098 6,

573 4127 830 4180 Asmroth
861 4127 1082 4191 dicitur,
1119 4133 1172 4179 et
1211 4125 1304 4178 ubi
1344 4123 1409 4177 1V
1443 4123 1573 4194 Reg.
1601 4141 1769 4186 XXIII,
1799 4126 1863 4178 l3
1905 4125 2139 4195 legitur:

577 4216 709 4282 Qua;
743 4216 1094 4283 aediﬁcaverat
1123 4213 1373 4269 Salomon
1399 4230 1491 4266 rex
1512 4214 1685 4268 Israel
1712 4215 1966 4268 Astaroth
2002 4216 2144 4270 idolo

577 4306 942 4369 Sidoniorum,
981 4306 1334 4375 Septuaginta
1368 4313 1606 4368 vertunt,
1624 4305 1682 4359 ὃν
1707 4305 2018 4377 ᾠκοδόμησε
2044 4309 2147 4360 Σα-

576 4397 754 4469 λομὼν
787 4397 1036 4467 βασιλεὺς
1072 4396 1283 4466 Ἰσραὴλ
1324 4399 1390 4466 τῇ
1435 4397 1722 4468 Ἀστάρτῃ,
1753 4398 1832 4450 sic
1861 4399 2006 4451 enim
2047 4414 2145 4466 pu-

2238 3286 2348 3341 rint
2371 3301 2480 3356 prae
2505 3287 2714 3354 oculis;
2741 3287 2814 3341 ibi
2843 3287 2986 3341 enim
2999 3284 3274 3355 Atargatis
3291 3283 3500 3354 legitur.
3519 3281 3595 3335 En
3619 3282 3809 3350 singu-

2238 3380 2353 3434 lare
2376 3379 2444 3434 de
2470 3379 2575 3433 hac
2602 3380 2900 3432 mutatione
2920 3378 3206 3433 Strabonis
3225 3376 3584 3430 testimonium
3618 3375 3672 3428 in
3699 3374 3806 3429 line

2239 3470 2368 3524 dicti
2400 3470 2550 3532 libri,
2582 3472 2646 3523 Ai
2671 3471 2726 3522 δὲ
2746 3470 2852 3522 τῶν
2870 3470 3144 3540 ὀνομάτων
3174 3467 3560 3540 μεταπτώσεις,
3580 3467 3675 3520 ’καὶ
3707 3467 3809 3537 μά-

2239 3561 2396 3616 λιστα
2409 3561 2516 3615 τῶν
2543 3561 2887 3634 βαρϐαρικῶν
2923 3563 3133 3624 πολλαὶ,
3161 3561 3410 3630 καθάπερ
3426 3560 3516 3613 τὸν
3538 3561 3813 3631 Δαριήκην

2239 3655 2462 3725 Δαρεῖον
2489 3653 2772 3719 ἐκάλεσαν,
2801 3653 2898 3724 τὴν
2920 3653 2976 3707 δὲ
3005 3653 3261 3726 Πάρςιλιν
3279 3652 3816 3725 Παρυσάτιν,Ἀταρ-

2240 3745 2412 3815 γατὴν
2434 3743 2490 3796 δὲ
2520 3745 2661 3815 (lego
2695 3744 3041 3815 Ἀταργάτιν,
3071 3745 3156 3799 vel
3203 3743 3551 3814 Ἀτεργάτιν,
3576 3750 3636 3796 ιιι
3655 3756 3812 3810 supe—

2241 3835 2356 3888 rius
2409 3835 2525 3903 ipse
2570 3835 2886 3904 scripserat,
2936 3837 3041 3892 nisi
3091 3837 3226 3891 velis
3285 3836 3655 3906 Ἀταργάτην)
3713 3835 3808 3905 τὴν

2255 3924 2512 3996 Ἀθάραν,
2535 3924 2784 3996 Δερκετὼ
2810 3925 2866 3979 δὲ
2893 3927 3059 3996 αὐτὴν
3097 3926 3341 3996 Κτησίας
3372 3925 3546 3978 καλεῖ.
3571 3927 3809 3979 Astartes

2243 4014 2371 4069 item
2411 4016 2711 4070 meminere
2760 4015 3034 4078 AElianus,
3079 4015 3271 4070 Cicero
3316 4014 3390 4069 De
3439 4023 3620 4068 natur.
3643 4014 3807 4078 deor.,

2244 4104 2611 4161 Tertullianus
2668 4107 2722 4160 in
2769 4107 2986 4176 Apotog.
3020 4121 3139 4176 cap.
3183 4105 3276 4166 24.
3305 4104 3579 4174 Josephus
3629 4114 3806 4158 contra

2244 4196 2833 4265 Appiunem.Eusebius
2860 4198 2935 4252 De
2973 4200 3354 4268 prmparatione
3398 4197 3627 4267 evangel.
3657 4197 3745 4250 lib.
3769 4210 3804 4260 ι,

2244 4303 2366 4355 cap.
2419 4288 2472 4341 2.
2545 4287 2880 4357 Epiphanius
2929 4305 2995 4342 ex
3046 4290 3276 4343 aliorum
3327 4289 3585 4357 Opinione
3636 4288 3807 4358 prodit

2247 4389 2453 4448 patrem
2483 4378 2875 4433 Melchisedech
2914 4379 3120 4434 dictum
3165 4379 3333 4435 fuisse
3362 4378 3670 4443 Heraclam,
3700 4393 3809 4433 nta-

577 4497 692 4542 tant
726 4487 1032 4558 legendum,
1066 4502 1172 4540 non
1207 4486 1455 4557 Ἀσάλτῃ.
1488 4487 1609 4550 Et,l
1636 4487 1764 4556 Reg.
1790 4505 1940 4551 XXXI,
1962 4489 2057 4543 1οε
2080 4487 2138 4541 Et

2249 4480 2382 4524 trem
2407 4485 2534 4524 vero
2572 4472 2852 4524 Astaroth.

575 4587 857 4648 posuerunt
905 4593 1056 4631 arma
1101 4577 1214 4640 eius
1252 4579 1305 4630 in
1347 4581 1532 4644 tenplo
1566 4578 1871 4633 Astharoth.
1909 4580 2132 4650 Septua-

577 4669 884 4738 gittta,’Kat
917 4667 1184 4739 ἀνέθηκαν
1208 4666 1276 4718 τὰ
1300 4668 1464 4738 σκεύη
1492 4669 1655 4722 αὐτοῦ
1696 4672 1774 4731 εἰς
1809 4670 1870 4722 τὸ
1917 4671 2143 4744 Ἀσταρ-

579 4760 740 4822 τεῖον,
771 4758 858 4811 ubi
895 4755 1076 4810 Schol.
1110 4759 1188 4820 εἰς
1216 4757 1274 4809 τὸ
1311 4756 1452 4828 ἱερὸν
1478 4757 1576 4827 τῆς
1617 4758 1932 4828 Ἀστάρτης.
1982 4759 2150 4815 Sonat

581 4847 900 4903 Phoenicum
955 4849 1137 4920 lingua
1189 4847 1398 4919 Greges,
1438 4849 1600 4919 μῆλα,
1629 4857 1682 4903 et
1720 4850 1863 4919 apud
1895 4850 2149 4907 Hebraeos

581 4940 768 4994 eadem
799 4954 928 4993 voce
958 4940 1331 5009 proferuntur,
1357 4939 1567 5008 Greges,
1591 4948 1644 4995 et
1672 4943 1956 5006 Astarotlt;
1982 4961 2150 5014 quare

583 5028 752 5082 David
791 5027 990 5090 Kitnhi,
1045 5037 1098 5083 et
1141 5028 1385 5085 Marinus
1440 5029 1733 5086 Brixianus
1798 5034 2150 5102 suspicantur

583 5121 786 5176 idolum
827 5119 996 5174 fuisse
1032 5119 1199 5186 ﬁgura
1236 5123 1376 5184 ovis,
1414 5123 1487 5175 ita
1527 5121 1798 5177 referente
1826 5123 2034 5180 Joanne
2062 5125 2150 5179 Pi-

583 5209 721 5266 neda
752 5209 842 5264 lib.
866 5226 938 5262 vn
961 5208 1034 5262 De
1052 5210 1201 5264 rebus
1236 5210 1459 5275 Salom.,
1489 5227 1540 5267 c.
1567 5214 1653 5278 ll,
1678 5231 1826 5268 nutn.
1862 5217 1916 5273 2.
1947 5216 2148 5275 Graecis

584 5303 804 5356 Derceto
858 5301 964 5354 dici
1014 5302 1226 5364 volunt,
1279 5318 1412 5358 voce
1448 5305 1703 5359 nimirum
1737 5307 1944 5362 detorta
1981 5327 2008 5364 a
2050 5311 2150 5382 Sy-

584 5394 731 5446 riaca
786 5391 1098 5462 Adardaga,
1154 5408 1260 5462 qua
1333 5395 1410 5446 illi
1486 5395 1685 5464 piscem
1740 5399 2144 5466 significabant.

583 5483 765 5548 Quare
809 5481 1136 5538 Laurentius
1183 5483 1517 5540 Ramiresius
1564 5488 1617 5541 itt
1677 5489 2144 5561 Peutccontarcho,

585 5591 704 5642 cap.
735 5576 825 5640 21,
862 5578 1087 5648 corrigit
1124 5575 1480 5637 Macrobium.
1518 5579 1611 5632 lib.
1640 5597 1678 5645 t,
1716 5597 1834 5651 cap.
1869 5587 1958 5652 2i,
1994 5591 2146 5656 Apud

586 5681 711 5732 quos
745 5666 954 5723 Veneris
989 5667 1298 5732 Architidis,
1327 5679 1375 5723 et
1401 5669 1598 5725 Adonis
1633 5677 1880 5740 maxime,
1915 5688 2020 5732 etc.
2069 5683 2142 5734 lix

588 5752 746 5807 Plinii
771 5757 867 5812 lib.
896 5773 950 5812 γι
989 5756 1120 5815 Nat.
1153 5758 1302 5826 hist,
1338 5775 1386 5815 c.
1429 5762 1519 5833 23,
1562 5763 1734 5833 Syriis
1769 5784 1886 5822 vero
1925 5768 2140 5843 Magog,

2320 4561 2478 4626 lbid.,
2539 4563 2636 4615 lin.
2684 4563 2774 4616 45.
2833 4563 2930 4630 Ὠς
2979 4564 3077 4618 ἐπὶ
3115 4566 3442 4620 πολύκατα.
3467 4565 3525 4618 In
3557 4564 3718 4619 malis
3756 4574 3806 4620 et

2250 4654 2650 4709 calamitatibus
2691 4655 2760 4708 ad
2799 4653 2965 4709 Deum
3009 4657 3369 4724 caelestesque
3417 4656 3604 4710 auxilii
3648 4667 3805 4710 causa

2249 4745 2616 4814 confugimus,
2649 4746 2861 4816 hocque
2889 4747 3129 4803 solemne
3151 4755 3237 4803 est
3258 4748 3534 4804 omnibus.
3554 4746 3807 4819 Virgilius

2249 4837 2464 4892 Eneid.
2489 4839 2583 4896 lib.
2613 4855 2666 4896 ιι

2253 4949 2464 5024 ]_nt_ere_a
2493 4950 2561 5024 ad
2594 4955 2840 5024 templum
2875 4971 2977 5008 non
3013 4969 3174 5024 requa:
3203 4951 3448 5024 Palladis
3493 4952 3640 5006 ibant

2251 5020 2499 5093 grinibus
2532 5020 2734 5078 Iliades
2759 5025 2953 5092 passis,
2993 5020 3298 5093 peplumque
3327 5023 3584 5092 ferebant,

2251 5089 2567 5158 Suppliciter
2605 5089 2802 5162 tristes,
2833 5104 2883 5147 et
2919 5089 3085 5150 tunsa:
3115 5089 3336 5163 pectora
3359 5094 3570 5162 palmis.

2251 5181 2316 5234 Et
2345 5183 2420 5236 lib
2467 5198 2506 5235 ιι
2540 5202 2552 5236 :

2252 5271 2362 5346 δερ
2393 5291 2497 5346 non
2525 5274 2593 5326 ad
2624 5276 2891 5343 templum,
2918 5293 3250 5346 summasque
3283 5276 3352 5329 ad
3394 5275 3639 5330 Palladis
3668 5291 3807 5328 arces

2250 5341 2561 5417 Subreltitur
2590 5341 2780 5417 magna
2812 5357 3037 5401 matrum
3072 5341 3250 5417 regina
3280 5358 3491 5400 caterva

2248 5411 2401 5487 Qona
2430 5413 2619 5487 ferens,
2649 5411 2909 5487 juxtaque
2942 5434 3110 5472 comes
3127 5411 3361 5471 lavinia
3404 5417 3546 5486 virgo

2249 5481 2428 5536 Causa
2460 5483 2587 5536 ntali
2616 5481 2770 5541 tanti.

2251 5594 2541 5650 Sallustius
2588 5598 2642 5649 in
2676 5596 2951 5667 Conjurat.
2977 5599 3227 5654 Catilinm
3258 5618 3275 5655 :
3309 5603 3392 5655 Ad
3421 5601 3516 5655 hoc
3544 5599 3804 5656 mulieres.

2246 5685 2430 5754 quibus
2464 5704 2557 5755 pro
2595 5691 2949 5757 magnitudine
2983 5692 3102 5745 belli
3152 5693 3310 5746 timor
3351 5694 3598 5747 insolitus
3642 5692 3808 5745 inces-

2247 5788 2408 5844 serat,
2435 5780 2698 5848 afﬂictare
2726 5801 2854 5850 sese,
2883 5802 3065 5839 uiantis
3097 5788 3352 5853 supplices
3384 5785 3451 5839 ad
3478 5787 3662 5841 emtum
3699 5797 3808 5840 trn-
