4064 6290
389 329 529 384 1065

1451 329 1658 384 TITUS
1695 327 2140 386 BOSTRENSIS.
2172 363 2240 372 -—
2273 330 2570 386 NOTITIA.

3482 335 3622 392 ιοοο

377 441 522 505 dere,
571 442 814 496 miserari
845 459 1036 512 parvos
1093 444 1303 505 liberos,
1353 447 1604 530 rogitare,
1628 449 1808 502 omnia
1845 463 1944 514 pa-
1973 459 2020 512 Α
2046 452 2215 503 moria
2257 450 2524 504 hominum
2557 451 2784 506 elabitur
2805 493 2820 516 ,
2846 469 2962 505 cum
2992 453 3251 523 beneﬁciis
3285 453 3398 524 ejus
3435 462 3616 522 [ruen-

378 545 517 592 uere,
547 531 791 598 superbia
825 541 979 600 atque
1028 532 1229 588 deliciis
1265 535 1498 600 omissis,
1535 537 1637 590 sibi
1665 540 1952 607 patrithue

384 619 632 690 difﬁdere.
667 619 1106 693 TheOpbylactus
1145 623 1489 696 Symocattus
1545 627 1710 686 Hist.,
1759 629 1853 682 lib.
1889 650 1900 680 I
1935 647 1949 684 :

386 713 683 786 Τοιγαροῦν
723 715 933 786 ἡμέρας
987 717 1291 790 κλινούσης,
1333 719 1555 772 ἐδινεῖτο
1605 721 1667 773 τὸ
1706 721 1948 792 κέντρον,

375 808 474 858 καὶ
510 809 538 860 ὁ
567 806 727 875 φόϐος
751 807 984 872 ἐξαίσιος
1012 805 1100 880 ἦν,
1127 810 1202 872 ὡς
1225 811 1319 863 καὶ
1345 811 1473 875 τοὺς
1508 811 1952 882 ἱππομανοῦντας

380 897 485 950 ὑπὸ
530 898 622 952 τοῦ
667 899 820 963 δέους
853 899 1044 972 ἀθρόον
1081 901 1435 971 μεθάλλεσθαι
1479 903 1614 975 πρὸς
1645 905 1706 957 τὸ
1736 904 1950 976 σῶφρον

371 989 531 1061 δίκην
553 991 756 1044 παίδων
780 993 837 1044 ἐν
857 992 1043 1064 παιδιᾷ
1062 993 1241 1046 κύϐων
1264 995 1594 1065 ἀφικομένου
1625 994 1950 1062 ἐξαπιναίως

377 1081 473 1136 τοῦ
500 1083 865 1154 παιδοτρίϐου.
893 1086 1023 1138 Τότε
1061 1087 1468 1158 παραπέτασμα
1495 1088 1558 1140 τὸ
1596 1089 1702 1158 πρὸ
1733 1089 1828 1142 τοῦ
1853 1105 1951 1156 γυ-

380 1175 605 1245 μνασίου
650 1175 759 1228 τῶν
792 1177 1029 1229 ἱππικῶν
1078 1178 1492 1250 ἀγωνισμάτων,
1534 1179 1562 1232 ὃ
1605 1179 1668 1251 δὴ
1702 1180 1951 1251 σύνθημα

377 1265 478 1333 τῆς
503 1265 718 1338 ἱλαρίας
733 1267 1020 1337 ἐτύγχανεν
1043 1269 1124 1331 ὃν,
1156 1275 1514 1342 περιαιρεῖται
1536 1271 1623 1325 διὰ
1644 1272 1733 1325 τὸν
1756 1273 1950 1341 ἀδόκη-

373 1373 466 1409 τον
532 1358 796 1413 κίνδυνον.
859 1361 1138 1424 Ἃπαντάς
1178 1379 1237 1415 τε
1301 1365 1579 1418 συνέϐαινε
1638 1365 1772 1435 πρὸς
1823 1365 1948 1427 τοὺς

372 1449 557 1519 ἱεροὺς
586 1450 782 1520 σηκοὺς
817 1453 1275 1523 ἐντεμενίξεσθαι,
1300 1456 1672 1526 ὀρρωδοῦντας
1713 1457 1805 1508 τὸν
1854 1456 1942 1509 θά-

376 1556 554 1592 νατον.

452 1633 784 1688 Concludam
810 1635 914 1690 bas
953 1635 1497 1707 notas'pulcherrima
1529 1637 1796 1693 Lactantii
1825 1653 1952 1692 sen-

373 1727 539 1780 tentia
568 1727 660 1781 lib.
697 1743 757 1792 l'l,
797 1744 846 1782 ο.
884 1729 907 1781 1
941 1749 954 1782 :
993 1729 1132 1783 Nam
1167 1739 1275 1784 tum
1308 1732 1534 1784 maxime
1560 1731 1701 1784 Deus
1743 1741 1814 1786 ατ
1844 1746 1950 1782 me-

2053 554 2150 606 tes,
2179 543 2425 596 honorem
2465 543 2593 598 dare
2633 543 2822 598 divina:
2873 545 3214 614 indulgentia:
3245 545 3505 600 deberent.
3551 549 3622 600 At

2052 653 2168 690 vero
2203 639 2250 691 si
2287 654 2391 707 qua
2430 638 2711 691 necessitas
2767 639 2944 709 gravis
2991 640 3262 706 presserit,
3287 650 3410 693 tunc
3453 638 3623 692 Deum

2051 729 2394 783 retardantur
2429 747 2446 783 :
2478 731 2524 783 si
2557 729 2679 783 belli
2719 739 2889 784 terror
2934 729 3284 798 infremuerit,
3318 731 3366 784 si
3407 734 3621 784 morbo-

2052 836 2168 872 rum
2206 819 2452 888 pestifera
2507 821 2583 873 vis
2632 819 2947 880 incubuerit,
2996 819 3043 872 si
3093 819 3360 872 alimenta.
3381 819 3619 889 frugibus

2053 912 2209 981 longa
2259 913 2472 966 siccitas
2519 912 2869 982 denegaverit,
2919 913 2965 965 si
3027 929 3167 966 sceva
3218 920 3519 980 tempestas,
3572 910 3621 964 si

2049 1006 2252 1077 grando
2277 1008 2570 1078 ingruerit:
2607 1008 2675 1061 ad
2717 1007 2881 1061 Deum
2909 1008 3236 1077 confugiunt,
3275 1023 3308 1059 a
3351 1005 3460 1059 Deo
3481 1008 3617 1076 peti-

2051 1108 2140 1152 tur
2187 1100 2634 1164 auzilium,Deus
2681 1111 2738 1154 ut
2787 1101 3057 1154 subueniat
3109 1111 3328 1154 oratur:
3353 1099 3401 1153 si
3420 1100 3534 1169 quis
3563 1099 3620 1152 in

2051 1193 2189 1246 mari
2231 1200 2378 1246 uento
2417 1193 2658 1245 saeviente
2699 1191 2960 1260 jactatur,
2993 1191 3129 1244 hunc
3183 1191 3410 1252 invocat,
3431 1190 3479 1242 si
3502 1190 3616 1258 quis

2051 1288 2232 1357 aliqua
2256 1286 2304 1338 vi
2326 1285 2630 1356 amictatur,
2659 1283 2796 1336 hunc
2823 1285 3064 1354 protinus
3087 1283 3339 1352 implorat
3372 1296 3390 1334 :
3421 1282 3466 1334 si
3499 1282 3615 1351 quis

2051 1377 2119 1429 ad
2171 1387 2460 1430 extremam
2514 1374 2847 1428 mndicandi
2920 1375 3279 1428 necessitatem
3341 1371 3616 1434 deductus,

2051 1469 2254 1520 victum
2275 1466 2510 1535 precibus
2549 1467 2803 1535 exposcit,
2835 1465 2998 1519 Deum
3027 1464 3196 1519 solum
3230 1464 3540 1523 obtestatur,
3566 1469 3617 1514 et

2049 1577 2140 1629 per
2180 1561 2294 1630 ejus
2345 1560 2578 1613 divinum
2623 1570 2779 1628 atque
2825 1575 3038 1611 unicum
3101 1573 3290 1611 numen
3346 1556 3615 1608 hominum

2049 1653 2150 1708 sibi
2191 1651 2607 1707 misericordiam
2647 1651 2858 1721 quterit.
2898 1648 3178 1718 Nunquam
3205 1648 3367 1718 igitur
3390 1644 3484 1698 Dei
3510 1660 3616 1696 me-

2052 1748 2338 1808 minerunt,
2375 1747 2474 1799 nisi
2514 1745 2638 1798 dum
2669 1746 2720 1798 in
2754 1745 2910 1798 malis
2946 1753 3086 1796 sunt.

1501 2107 1638 2147 ANNO
1674 2107 1860 2146 DOIINI
1897 2106 2422 2146 CCCXXXVll'l-LXXVII
2432 2108 2469 2147 Ι.

669 2272 1157 2502 nus
1249 2196 2276 2503 nonanus
2375 2271 3314 2506 llPlSllllPllS.

1588 2791 2380 2949 NOTITIA

1148 3055 1449 3117 manuum,
1471 3051 1765 3105 Bibliotheca
1797 3061 1884 3106 uet.
1915 3056 2079 3114 Patr.,
2107 3063 2139 3105 t.
2164 3056 2225 3116 V,
2250 3070 2297 3119 p.
2328 3070 2459 3116 xxw,
2483 3063 2602 3119 etp.
2624 3055 2757 3117 269.)

422 3333 471 3396 ἶ.
505 3331 902 3394 Τῑιιιεῦοςῑι-ατ
941 3336 1000 3392 in
1053 3336 1249 3394 Arabia
1309 3336 1612 3397 Ecclesiam
1662 3339 1925 3410 regebat,
1962 3353 2000 3408 Β
2024 3339 2265 3412 jusmodi
2292 3339 2483 3395 Patres
2507 3379 2522 3405 ,
2553 3339 2876 3395 bonestatur
2907 3347 3096 3395 noster
3126 3338 3358 3395 antistes
3414 3341 3470 3394 in
3523 3357 3610 3397 re-

358 3447 472 3501 quo
500 3440 744 3501 tempore
790 3431 1088 3501 imperator
1131 3432 1483 3488 renuntiatus
1521 3441 1606 3488 est
1654 3429 1952 3491 Julianus...

355 3523 562 3578 Rerum
613 3525 820 3595 potitus
889 3524 982 3579 ille
1043 3531 1327 3593 apostata,
1381 3540 1508 3581 cum
1562 3524 1929 3582 Ecclesiarum

358 3619 620 3688 praesules
655 3618 1002 3686 potissimum
1036 3634 1103 3672 ex
1153 3619 1382 3674 urbibus
1420 3620 1724 3689 ejiciendos
1769 3635 1931 3674 cura-

355 3717 472 3773 ret,
513 3707 804 3762 Bostrenos
831 3709 993 3762 etiam
1024 3709 1182 3763 malis
1207 3710 1419 3764 artibus
1451 3711 1701 3765 hortatus
1731 3720 1834 3774 est,
1871 3719 1930 3764 ut

355 3798 539 3854 Titum
568 3800 885 3870 episcopum
930 3809 1188 3870 tanquam
1235 3803 1436 3856 civium
1487 3802 1783 3856 delatorem
1830 3819 1928 3858 ex-

353 3891 618 3962 pellerent
653 3890 921 3946 clamante
962 3906 1228 3958 praacone.
1275 3891 1408 3944 Rem
1445 3900 1635 3946 narrat
1672 3890 1930 3948 Sozome-

349 3998 460 4038 nus
482 3984 581 4054 (a),
604 3982 963 4053 edisseritque
983 3985 1248 4039 Baronius
1277 3984 1375 4055 (b).
1409 3985 1599 4040 Exstat
1627 3987 1927 4041 etiamnum

353 4076 469 4130 haec
496 4074 700 4130 Iuliani
735 4077 965 4145 epistola
990 4075 1270 4131 Bostrenis
1299 4077 1562 4147 inscripta
1591 4080 1658 4150 (ε)
1685 4119 1700 4144 ,
1744 4081 1796 4134 in
1823 4095 1928 4148 qua

349 4167 516 4221 verba
551 4169 809 4222 nonnulla
844 4167 1009 4222 refert
1038 4169 1238 4238 quibus
1261 4185 1393 4224 usus
1419 4179 1536 4224 erat
1568 4179 1752 4226 noster
1786 4188 1926 4242 pra:-

345 4259 437 4311 sul
464 4257 770 4314 Bostrensis
807 4259 861 4312 in
895 4259 1075 4314 libello
1106 4259 1174 4313 ad
1206 4261 1384 4329 ipsum
1411 4260 1690 4316 Julianum
1715 4263 1888 4318 misso
1909 4303 1924 4327 ,

349 4348 496 4402 unde
525 4350 868 4418 postmodum
893 4351 1188 4420 imperator
1202 4352 1376 4408 cidcm
1405 4353 1735 4408 calumniam
1769 4363 1919 4408 stru-

350 4444 450 4495 xit.
502 4439 670 4496 Porro
702 4444 977 4498 exstincto
1009 4441 1227 4498 .luliano
1249 4485 1267 4508 ,
1328 4444 1395 4498 ad
1427 4443 1695 4516 synodum
1731 4447 1926 4501 Antio-

342 4534 578 4588 chenam
605 4548 664 4589 se
693 4537 924 4589 contulit
952 4552 1098 4591 anno
1141 4537 1245 4592 365
1299 4552 1329 4590 a
1380 4536 1595 4593 Μοιριίο
1636 4549 1924 4606 coactam,

2030 3434 2116 3504 gia
2138 3432 2459 3487 veneranda:
2485 3431 2824 3501 antiquitatis
2862 3443 3054 3486 catena
3097 3430 3610 3487 Commentariorum

2032 3529 2084 3580 in
2119 3523 2342 3591 Lucam,
2387 3524 2646 3580 consulas
2679 3525 2724 3578 si
2756 3524 2934 3593 placet
2961 3523 3347 3579 Combelisium
3373 3525 3460 3595 (Γ).
3503 3523 3610 3579 Ne-

2026 3635 2136 3689 que
2167 3619 2325 3672 aliter
2355 3617 2410 3671 in
2447 3615 2731 3670 Parallelis
2763 3614 3159 3668 Damascenicis
3193 3615 3605 3688 appellatur(g).

2099 3708 2160 3762 ll.
2193 3707 2300 3761 Titi
2332 3706 2644 3761 Bostrensis
2677 3705 2984 3758 doctrinam
3021 3705 3245 3759 maximi
3273 3705 3482 3782 ducunt
3519 3723 3611 3760 ve-

2029 3809 2193 3854 teres.
2220 3799 2362 3854 lnter
2391 3814 2486 3854 eos
2512 3797 2701 3852 Patres
2733 3797 2909 3865 ipsum
2949 3796 3116 3852 refert
3135 3795 3494 3868 Hieronymus
3513 3798 3608 3867 (Ιι),

2029 3892 2118 3961 qui
2142 3892 2202 3943 in
2235 3901 2434 3944 tantum
2465 3889 2894 3959 philosophorum
2929 3887 3186 3943 doctrinis
3215 3899 3371 3960 atque
3412 3899 3612 3945 senten-

2031 3985 2118 4036 tiis
2152 4000 2272 4037 suos
2313 3985 2600 4052 refarciunt
2647 3983 2838 4047 libros,
2884 3991 2940 4033 ut
2983 3983 3183 4035 nescias
3229 3983 3352 4054 quid
3401 3984 3454 4036 in
3500 3983 3608 4038 illis

2028 4078 2254 4145 primum
2306 4077 2564 4130 admirari
2622 4077 2845 4139 debeas,
2913 4077 3262 4130 eruditionem
3312 4078 3492 4131 steculi
3539 4095 3609 4131 an

2028 4170 2305 4222 scientiam
2372 4170 2789 4238 Scripturarum.
2875 4167 2942 4223 Et
3003 4169 3340 4225 Sozomenus
3405 4171 3607 4225 multos

2029 4261 2249 4330 quidem
2301 4263 2462 4316 tradit
2516 4262 2577 4333 (i)
2619 4278 2682 4317 ea
2735 4269 3056 4334 tempestate
3102 4263 3158 4316 in
3201 4261 3462 4320 Ecclesiis
3509 4263 3608 4319 ﬂo-

2024 4355 2208 4412 ruisse
2244 4355 2538 4410 admodum
2571 4354 2764 4410 doctos
2818 4365 2872 4410 et
2906 4355 3226 4425 eloquentes
3269 4355 3452 4422 viros;
3511 4357 3606 4412 sed

2029 4464 2139 4520 pra:
2194 4449 2406 4502 caeteris
2462 4447 2642 4501 Titum
2705 4447 3085 4510 Bostrensem,
3163 4448 3603 4519 ἐπισημότατον,

2027 4540 2412 4593 celeberrimum
2450 4541 2726 4610 pradicat.
2789 4539 3023 4610 Scripsit
3068 4550 3248 4594 autem
3279 4541 3603 4612 prec-clarum

340 4627 508 4694 cujus
534 4628 698 4682 etiam
731 4629 1039 4699 synodicae,
1095 4631 1162 4684 ad
1206 4628 1496 4686 Iovianum
1542 4632 1923 4702 imperatorem
1967 4699 1992 4703 Α
2025 4649 2162 4702 opus
2211 4634 2459 4687 adversus
2513 4632 2837 4687 Manichteos
2892 4634 3245 4688 doctissimus
3291 4632 3451 4688 Pater
3483 4641 3607 4703 post

347 4719 544 4774 oblata:
584 4720 938 4790 subscripsit;
977 4724 1203 4791 ejusque
1259 4739 1456 4778 nomen
1507 4699 1648 4779 inter
1689 4725 1919 4779 aliorum
1951 4699 1994 4758 ε
2021 4699 2221 4779 Juliani
2253 4726 2452 4779 caedem
2485 4734 2648 4796 atque
2677 4726 2976 4794 imperante
3024 4725 3161 4780 forte
3201 4723 3464 4789 Joviano,
3510 4733 3606 4778 aut

341 4813 731 4882 episcoporum
767 4815 1201 4884 subscriptiones
1229 4825 1509 4884 comparet
1544 4815 1686 4885 apud
1717 4816 1920 4870 Socrao

350 4912 458 4958 tem
488 4904 586 4976 (ά).
625 4907 855 4958 Moritur
889 4916 1063 4960 autem
1093 4907 1186 4959 sub
1243 4906 1474 4969 Valente,
1509 4908 1680 4976 inquit
1733 4907 1922 4962 Hiero-

347 5011 545 5066 nymus
585 4998 692 5069 (e);
729 4999 780 5053 id
823 5008 928 5062 est,
960 5000 1151 5054 saltem
1183 5008 1309 5055 ante
1332 5016 1534 5054 annum
1565 5001 1688 5056 578.
1733 5000 1805 5056 De
1854 5001 1924 5053 tio

344 5089 462 5142 tulo
501 5088 686 5143 Sancti
721 5106 830 5160 quo
863 5091 1089 5160 perinde
1119 5106 1182 5144 ac
1229 5090 1459 5146 lremeus
1492 5091 1882 5163 Lugdunensis
1908 5133 1922 5153 ,

344 5179 809 5252 Cbrysoétomus,
860 5183 1097 5254 Cyrillus
1133 5183 1532 5238 Alexandrinus
1576 5184 1777 5254 aliique
1819 5185 1921 5236 hu-

439 5332 495 5406 a)
537 5334 754 5394 Sozom.
787 5337 934 5392 Hist.
968 5338 1096 5392 eccl.
1127 5339 1223 5393 lib.
1255 5355 1305 5400 ν,
1332 5353 1452 5407 cap.
1486 5337 1574 5393 15.

439 5407 489 5479 b_)
533 5407 730 5479 Baron.
774 5412 840 5462 ad
873 5409 1166 5479 ann._562.
1204 5407 1230 5479 §
1262 5425 1426 5464 cun.

377 5477 725 5603 Julian.
774 5481 937 5549 epist.
972 5477 1062 5544 52,
1096 5477 1239 5534 inter
1289 5480 1410 5548 ejus
1458 5477 1596 5548 Opp.
1649 5493 1772 5549 pag.
1813 5478 1916 5531 455

413 5564 474 5603 t.
552 5566 654 5603 IDS.

340 5563 474 5604 emt.
506 5563 654 5604 LIDS.

434 5566 746 5678 illbslliirat.
781 5617 1079 5688 Ilistteccl.
1113 5619 1208 5673 lib.
1240 5633 1322 5681 ιιι,
1353 5634 1479 5688 cap.
1521 5618 1610 5672 ΞΒ.

435 5691 482 5758 e)
528 5690 746 5745 llierou.
784 5690 877 5742 lib.
916 5687 990 5742 De
1028 5692 1125 5743 vir.
1160 5689 1355 5743 illustr.
1392 5687 1514 5758 cap.
1554 5688 1668 5744 l0‘2.

414 5758 482 5830 (Γ)
524 5760 768 5816 Combni.
834 5758 1063 5816 Recens.
1129 5769 1274 5812 auct.
1348 5760 1414 5812 ad
1477 5759 1616 5813 Bibl.
1678 5759 1915 5814 concion.

780 5857 1048 5916 Ρηειοι.
1091 5854 1207 5915 Gn.
1261 5853 1486 5914 XVIII.

2023 4830 2171 4872 certe
2205 4819 2306 4873 sub
2332 4819 2547 4871 initium
2596 4817 2806 4887 imperii
2844 4817 3122 4881 Valentis,
3168 4829 3228 4870 ut
3262 4833 3327 4872 ex
3359 4817 3427 4871 iis
3471 4831 3606 4871 con-

2024 4915 2132 4960 stat
2157 4923 2276 4976 qua:
2313 4908 2478 4961 tradit
2519 4909 2747 4976 ipsemet
2781 4915 2972 4960 auctor
3021 4907 3075 4961 in
3126 4909 3240 4962 haec
3295 4908 3461 4962 verba
3514 4907 3600 4978 ω.

2029 5017 2048 5048 ‹
2090 4998 2226 5064 Etsi,
2253 4999 2449 5069 inquit,
2475 4999 2724 5053 civitates
2769 5000 3080 5061 concidant,
3106 5001 3248 5055 sicut
3277 5016 3447 5055 uersa
3475 5014 3605 5056 con-

2023 5092 2167 5160 tigit,
2198 5107 2320 5146 cum
2361 5093 2450 5145 ille
2500 5092 2855 5157 impiissimus
2911 5095 3239 5164 (apostata)
3293 5095 3602 5149 dominare—

2029 5193 2139 5246 t‘ttr,
2171 5179 2258 5236 οἷα
2287 5183 2351 5252 δὴ
2381 5183 2472 5234 καὶ
2504 5184 2736 5252 ΠΡῼΗΝ
2794 5184 2886 5236 ἐπὶ⁸
2908 5184 3001 5237 τοῦ
3045 5185 3165 5238 λίαν
3212 5186 3598 5255 ἁσεὸήσαντος,

2023 5346 2156 5390 tom.
2190 5337 2230 5395 l.
2255 5353 2308 5406 p.
2344 5337 2433 5392 49.

2095 5409 2171 5529 (ἕξ
2212 5408 2464 5487 Damasc.
2500 5406 2705 5490 Parall.
2739 5409 2899 5463 infra.

2096 5482 2108 5529 l
2216 5478 2434 5529 Hieron.
2475 5488 2632 5529 emst.
2674 5478 2758 5529 70.
2791 5482 2899 5529 aL.|

2096 5478 2171 5549 (ἡ)
2205 5478 2434 5549 νΙΙίθιὉη.
2475 5481 2632 5547 epist.
2674 5478 2758 5542 70,
2791 5482 2860 5531 al.
2892 5481 2994 5542 84,
3033 5479 3096 5533 ad
3134 5479 3383 5549 Magnum
3428 5487 3596 5544 or..t.,

2031 5547 2056 5619 ᾗ
2093 5547 2162 5611 IV,
2187 5548 2322 5617 Opp.
2361 5556 2491 5603 tom.
2529 5549 2567 5609 l,
2600 5565 2721 5619 pag.
2751 5551 2854 5604 4‘27
2883 5551 3011 5604 edit.
3052 5547 3250 5604 Veron.

2096 5619 2158 5685 (ί)
2201 5619 2416 5674 Sozom.
2451 5619 2591 5674 Hist.
2625 5621 2751 5675 ecrl.
2786 5622 2875 5672 lib.
2914 5636 2995 5672 Ill.
3035 5636 3153 5687 cap.
3199 5621 3278 5674 l4.

2100 5690 2164 5760 (j)
2206 5690 2310 5746 Tit.
2343 5693 2436 5745 lib.
2470 5706 2507 5744 ll
2542 5691 2657 5745 adv.
2693 5690 2947 5752 Manil-IL,
2977 5689 3003 5760 ᾗ
3035 5706 3139 5742 xw.

3290 5850 3369 5914 3h
