4064 6290
525 252 547 304 1
559 251 655 304 067

1725 249 1858 304 TlTl
1902 247 2332 304 BOSTRENSIS
2370 248 2676 304 EPISCOPI

3630 255 3766 313 1068

521 380 576 427 et
602 386 846 427 errorem
879 369 1195 425 idololatriae
1218 369 1482 424 recoleret
1511 383 1574 424 ac
1594 380 1902 429 renovaret.
1929 389 1948 421 ι
1973 380 2082 426 etc.
2115 377 2161 432 A
2188 387 2312 426 nam
2360 381 2414 429 et
2455 387 2578 426 cum
2620 369 2773 423 Novo
2819 369 3167 425 Testamento
3229 385 3531 442 congruere
3578 370 3762 435 docet,

597 462 680 517 Ill.
752 461 918 517 Porro
979 463 1033 515 in
1095 470 1329 531 quatuor
1376 461 1549 516 libros
1605 461 1903 531 dispescuit
1953 477 2091 532 Opus

523 569 683 608 suum
713 551 1019 609 Bostrensis
1047 551 1295 617 antistes,
1326 568 1465 622 quos
1508 552 1668 620 forte:
1700 553 1938 623 appellat
1968 552 2094 608 Hie-

526 661 784 717 ronymus
812 643 911 714 (a),
937 651 991 698 et
1018 643 1214 715 legisse
1258 643 1473 699 videtur
1507 643 1842 715 Epiphanius
1875 644 1952 715 (b)
2000 645 2093 714 qui

527 737 798 793 scribebat
827 751 972 790 anno
1002 735 1142 801 576,
1190 743 1249 789 ut
1291 735 1523 790 advertit
1579 733 1966 790 Tillemontius
1999 734 2090 805 (c).

525 831 630 885 Eos
677 829 804 883 item
849 835 1121 882 memorat
1176 825 1318 897 apud
1371 825 1620 881 Photium
1665 825 1741 897 (ά)
1788 824 2095 896 Stephanus

524 921 770 976 Gobarus
798 917 1040 972 tritheita
1065 957 1081 981 ,
1127 918 1220 988 qui
1275 924 1330 972 et
1387 917 1648 971 nonnulla
1691 917 1818 972 inde
1851 917 2092 986 profert;

521 1023 735 1064 necnon
768 1006 1124 1062 Hcraclianus
1167 1005 1630 1064 Chalcedonensis
1666 1007 1986 1078 episcopus,
2037 1016 2096 1062 ut

523 1111 714 1157 auctor
740 1112 826 1157 est
865 1101 1006 1155 idem
1040 1098 1266 1156 Photius
1301 1099 1391 1170 (ε).
1441 1098 1646 1155 Verum
1702 1115 1810 1154 non
1845 1109 1947 1171 est
2007 1101 2096 1156 hic

519 1194 658 1250 illud
692 1193 1110 1262 _omittendum,
1162 1191 1307 1260 quod
1361 1191 1585 1247 adnotat
1635 1191 1938 1264 Basnagius
1983 1193 2094 1263 (οε

522 1287 669 1342 hunc
699 1285 956 1339 nimirum
975 1285 1263 1354 pmsulem
1279 1283 1805 1349 Chalcedoneusem,
1826 1285 1922 1355 qui
1948 1285 2097 1340 circa

522 1389 766 1449 tempora
795 1377 1073 1431 Anastasii
1115 1375 1466 1449 imperatoris
1493 1377 1760 1432 claruisse
1797 1374 1971 1431 fertur
1997 1376 2094 1446 (g),

520 1479 575 1525 et
605 1471 765 1540 cujus
797 1469 1059 1523 doctrinae
1087 1469 1285 1538 placita
1313 1478 1501 1523 sancto
1529 1467 1766 1523 Maximo
1792 1467 1938 1521 haud
1973 1481 2097 1536 pro-

519 1563 646 1616 bata
682 1561 854 1615 fuisse
885 1559 1250 1630 comperimus
1282 1559 1380 1629 (It),
1410 1559 1592 1614 Titum
1626 1557 1973 1612 Bostreusem
2012 1572 2099 1612 re-

523 1656 808 1724 darguere,
839 1652 984 1721 quod
1019 1651 1267 1705 scribens
1294 1651 1556 1706 adversus
1609 1647 1820 1704 Addam
1867 1663 1965 1704 seu
2001 1663 2098 1718 po-

522 1745 631 1799 tius
669 1742 932 1806 Buddam,
963 1758 1021 1797 se
1069 1739 1395 1797 Manichaeos
1447 1740 1693 1796 refellere
1739 1739 2088 1796 existimarit.
2121 1730 2165 1784 Β

522 1835 714 1905 Iniqua
769 1833 927 1903 plane
976 1847 1227 1887 censura.
1281 1831 1389 1886 Fac
1433 1833 1618 1894 enim,
1663 1811 1904 1885 Buddam
1963 1837 2087 1885 ante

523 1928 700 1995 ipsum
723 1923 988 1978 Manetem
1025 1922 1293 1977 haereseos
1318 1921 1666 1976 Manichaicaz
1692 1920 1968 1977 exstitisse
1989 1934 2087 1973 an-

523 2028 753 2082 ctorem,
778 2026 873 2072 aut
901 2016 947 2071 si
993 2015 1189 2083 mavis,
1221 2030 1390 2070 unum
1426 2030 1492 2070 ex
1521 2013 1809 2070 duodecim
1840 2011 2084 2083 ejusdem

526 2107 750 2162 Manetis
785 2105 1068 2176 discipulis
1098 2103 1287 2168 fuisse,
1321 2112 1380 2158 ut
1408 2120 1474 2159 ex
1513 2103 1676 2159 Petro
1702 2103 1889 2158 Siculo
1933 2104 1999 2173 (i)
2032 2110 2087 2156 et

524 2201 715 2254 Photio
765 2199 830 2268 (j)
878 2198 1160 2254 erudimur
1183 2217 1200 2252 :
1237 2214 1362 2252 cum
1399 2209 1578 2253 tamen
1613 2197 1866 2268 discipuli
1897 2210 2088 2250 erran-

521 2303 630 2346 tem
658 2290 911 2345 assectati
948 2289 1300 2361 magistrum,
1368 2291 1421 2343 in
1476 2289 1775 2358 prmcipuis.
1818 2287 2087 2357 capitibus

520 2382 866 2446 conveniant,
893 2381 1136 2451 adeoque
1180 2380 1365 2436 Manes
1413 2395 1524 2434 non
1576 2395 1733 2434 secus
1772 2393 1836 2433 ac
1869 2379 2086 2434 Buddas

520 2474 799 2536 docuerit;
838 2487 944 2525 non
993 2481 1110 2527 erat
1157 2473 1434 2527 enimvero
1463 2487 1562 2526 cur
1591 2470 1747 2527 Titus
1775 2486 1841 2526 eo
1870 2472 2087 2526 nomine

523 2565 1006 2635 reprehenderetur
1035 2604 1049 2629 ,
1113 2565 1204 2634 qui
1265 2563 1392 2618 dum
1441 2562 1684 2617 Buddam
1730 2563 2085 2634 perstrinxit,

523 2656 784 2710 Manetcm
820 2671 1034 2725 quoque
1086 2655 1262 2724 ipsum
1295 2655 1524 2725 ejusque
1556 2663 1851 2711 sectatores
1895 2657 2088 2711 confu-

519 2755 664 2802 tasse
691 2748 814 2817 jure
845 2748 1048 2817 optimo
1073 2747 1434 2802 existimatur.

590 2837 678 2891 ιν.
719 2837 800 2891 Ad
843 2837 1138 2892 editionem
1188 2836 1334 2907 quod
1381 2837 1577 2892 attinet
1622 2836 1728 2891 Titi
1778 2837 2087 2895 Bostrensis

519 2930 700 3000 operis
739 2930 986 2984 adversus
1019 2928 1361 2994 Manichwos,
1394 2930 1562 2985 libros
1587 2937 1698 2985 tres
1729 2931 1936 3001 priores
1963 2945 2087 2985 cum

521 3023 745 3090 integris
775 3021 1032 3074 librorum
1067 3027 1304 3089 quatuor
1337 3021 1692 3090 argumentis,
1727 3021 1938 3090 primus
1969 3020 2082 3076 edi-

518 3112 599 3165 dit
632 3126 696 3166 ex
729 3110 979 3166 versione
1018 3108 1298 3164 Francisci
1329 3108 1584 3163 Turriani
1618 3109 1888 3166 Henricus
1916 3109 2082 3164 Cani-

517 3204 637 3257 sius
677 3202 748 3273 (k)
790 3221 801 3254 :
835 3199 1020 3256 Gratca
1058 3216 1190 3255 vero
1223 3199 1461 3256 Jacobus
1495 3199 1798 3270 Basnagius
1833 3202 1897 3274 (ι)
1921 3241 1936 3266 ,
1985 3203 2080 3272 qui

516 3311 580 3349 ea
609 3310 674 3349 ex
694 3293 1030 3348 bibliotheca:
1056 3291 1419 3347 llolsteniana:
1448 3292 1871 3364 Hamburgensis
1894 3294 2080 3350 codice

515 3388 811 3459 descripta,
859 3385 1053 3440 Joanni
1101 3383 1378 3440 Friderico
1430 3385 1746 3441 Wincklcro
1787 3385 1954 3442 refert
1984 3401 2079 3442 ac-

509 3487 711 3548 cepta:
758 3495 866 3549 quo
910 3479 1130 3549 quidem
1175 3477 1230 3532 in
1267 3479 1457 3534 codice
1492 3478 1634 3532 haud
1669 3480 1823 3548 plura
1862 3487 2079 3534 exstare

516 3570 785 3633 novim‘us,
821 3585 982 3640 quam
1015 3585 1133 3640 quae
1165 3570 1326 3625 vertit
1359 3569 1609 3625 laudatus
1636 3568 1942 3626 Turrianns
1969 3587 1984 3636 ;
2020 3580 2080 3625 ut

516 3670 800 3732 propterea
834 3663 1101 3733 interpres
1129 3663 1212 3719 vel
1243 3678 1307 3719 eo
1335 3662 1453 3733 ipso
1493 3664 1818 3734 exemplari,
1860 3664 1948 3718 vel
1999 3663 2078 3718 ei-

513 3755 635 3808 dem
669 3755 834 3811 simili
869 3772 1001 3811 usus
1029 3757 1198 3813 fuisse
1227 3757 1496 3813 videatur.
1525 3756 1763 3823 Quartus
1805 3740 1985 3826 porro”
2013 3757 2078 3810 li-

515 3848 609 3902 ber
635 3855 781 3904 totus
819 3849 1117 3904 intercidit.
1172 3849 1323 3906 Hanc
1354 3859 1534 3906 autem
1575 3847 1830 3920 Basnagii
1880 3847 2077 3903 editio-

514 3956 637 3995 nem
663 3940 843 3996 minus
873 3950 1126 3998 accurate
1155 3941 1324 3998 fuisse
1358 3941 1696 4005 adornatam,
1730 3939 1925 3995 merito
1950 3956 2078 3995 cen-

513 4035 624 4088 suit
673 4032 866 4089 Petrus
903 4033 1296 4106 Wesselingius
1336 4033 1401 4090 ν.
1451 4035 1512 4089 C.
1556 4035 1640 4090 his
1687 4034 1869 4090 verbis
1907 4032 2004 4104 (γη)
2059 4051 2071 4086 :

519 4143 537 4175 ι
585 4123 779 4178 lnserti
808 4134 954 4184 sunt.
988 4127 1191 4197 inquit,
1233 4126 1542 4182 Canisianis
1587 4125 1920 4181 Lectionibus
1965 4124 2075 4179 Titi

515 4215 844 4282 Bostrensis,
895 4218 996 4274 viri
1033 4219 1104 4287 pii
1139 4227 1192 4274 et
1212 4220 1424 4291 egregie
1453 4219 1633 4284 docti,
1665 4220 1720 4272 in
1750 4217 2072 4272 Manichwos

510 4308 702 4378 scripti
737 4309 892 4374 libri;
927 4309 1051 4372 sed,
1092 4311 1236 4379 quod
1272 4312 1541 4376 dolemus,
1589 4311 1752 4367 laceri
1797 4320 1849 4366 et
1879 4309 2072 4380 spissis

2192 478 2316 519 esse
2367 464 2622 524 alienam,
2680 461 2982 532 referrique
3041 474 3290 533 oportere
3349 462 3416 517 ad
3455 477 3577 517 eam
3639 462 3765 517 libri

2193 554 2353 622 primi
2391 562 2624 622 partem,
2665 567 2772 620 qua
2813 552 2923 606 duo
2968 551 3207 621 ingenita
3247 552 3540 622 principia,
3596 552 3766 609 duas-

2193 659 2300 714 que
2333 644 2567 705 radices,
2600 643 2798 696 bonam
2830 641 3080 707 alteram,
3114 642 3339 697 alteram
3369 643 3590 706 malam,
3622 643 3768 697 unde

2194 734 2377 789 omnia
2416 734 2561 788 bona
2587 734 2837 804 malaque
2869 733 3191 802 prodierint,
3225 743 3520 806 oppugnat,
3559 735 3768 790 obiter-

2193 841 2300 896 que
2333 826 2604 881 hominem
2641 825 2733 880 Dei
2765 826 2954 896 Optimi
2987 827 3209 880 maximi
3252 842 3375 891 esse
3405 842 3546 898 Opus
3579 837 3768 882 osten-

2195 918 2294 974 dit.
2352 919 2490 974 Addi
2523 919 2688 973 etiam
2725 926 2780 974 et
2821 918 3114 974 editionem
3153 920 3522 975 condecorare
3550 921 3767 990 potuis-

2195 1019 2318 1069 sent
2365 1011 2667 1083 fragmenta
2694 1027 2760 1067 ex
2803 1011 2907 1065 hoc
2950 1009 3059 1064 Titi
3095 1027 3260 1081 opere
3297 1026 3329 1066 a
3358 1010 3562 1067 Graecis
3604 1012 3765 1068 nobis

2195 1112 2410 1162 servata
2445 1123 2459 1159 :
2490 1103 2796 1174 eujusmodi
2831 1111 2958 1157 sunt
2999 1103 3054 1156 in
3084 1103 3276 1173 primis
3312 1118 3377 1158 ea
3409 1119 3530 1175 qua:
3555 1105 3765 1160 exscri-

2195 1198 2304 1269 psit
2366 1204 2558 1252 auctor
2613 1196 3002 1251 Parallelorum
3061 1213 3369 1262 sacrorum,
3422 1213 3542 1269 quae
3604 1200 3762 1271 vulgo

2195 1285 2392 1342 Joanni
2415 1286 2748 1344 Damasceno
2769 1288 3104 1352 tribuuntur,
3155 1298 3213 1344 et
3261 1305 3292 1345 e
3325 1287 3758 1360 Rupefucaldino

2195 1381 2386 1436 codice
2420 1381 2638 1452 vulgata
2675 1389 2804 1436 sunt
2847 1395 2876 1433 a
2911 1379 2968 1432 D.
3005 1379 3265 1436 Michaele
3296 1380 3562 1452 Lequien.
3596 1425 3611 1438 .
3651 1424 3665 1440 .
3688 1419 3706 1438 .
3736 1423 3754 1436 .

2196 1471 2332 1528 Esse
2379 1480 2558 1530 autem
2589 1473 2643 1527 in
2677 1471 2956 1528 Parallelis
2995 1474 3240 1542 quaedam
3266 1475 3608 1531 emendatius
3635 1490 3755 1546 per-

2198 1565 2422 1634 scripta,
2472 1580 2582 1619 non
2609 1571 2693 1620 est
2720 1572 2779 1618 ut
2812 1579 3059 1620 moneam
3085 1584 3099 1620 :
3128 1566 3244 1635 ipsa
3273 1566 3516 1620 locorum
3542 1567 3757 1622 collatio

2197 1670 2310 1710 rem
2335 1655 2723 1720 canifestabit,
2768 1674 2788 1708 ι
2821 1664 2929 1714 etc.

2264 1783 2328 1839 V.
2371 1784 2500 1839 Viro
2530 1785 2691 1840 docto
2721 1787 2964 1841 monenti
2991 1801 3198 1842 morem
3230 1789 3521 1859 gessimus.
3553 1787 3619 1843 Et
3649 1789 3756 1859 pri-

2184 1891 2334 1931 mum
2374 1877 2590 1947 quidem
2619 1877 2804 1931 omnia
2830 1880 3222 1950 exscripsimus
3259 1897 3378 1951 qua:
3423 1881 3477 1934 in
3517 1866 3754 1936 Paralle-

2189 1968 2256 2022 lis
2290 1966 2742 2038 Rupefucaldinis
2783 1978 3102 2037 occurrunt,
3157 1972 3226 2026 ad
3259 1980 3465 2027 textum
3498 1973 3606 2028 Titi
3656 1974 3757 2032 Bo-

2189 2060 2420 2116 strensis
2463 2058 2713 2114 adversus
2747 2058 3070 2116 Manichwos
3107 2063 3413 2134 evulgatum
3453 2064 3564 2118 sive
3597 2064 3758 2118 casti-

2188 2152 2423 2222 gandum
2456 2151 2571 2207 sive
2607 2153 3001 2223 supplendum;
3028 2170 3201 2224 eaque
3225 2154 3292 2208 ad
3323 2156 3527 2210 calcem
3567 2156 3754 2225 rcjecio

2189 2263 2312 2302 mus
2347 2265 2359 2300 :
2399 2261 2506 2316 quo
2536 2247 2750 2302 scilicet
2777 2247 3009 2317 quisque
3043 2248 3285 2302 locorum
3335 2248 3623 2302 collatione
3671 2249 3754 2302 in-

2189 2338 2402 2403 stituta,
2421 2338 2488 2394 de
2504 2339 2797 2393 lectionum
2822 2339 3050 2392 veritate
3075 2337 3342 2406 judicium
3371 2338 3528 2394 ferat.
3553 2337 3755 2392 Deinde

2190 2431 2406 2485 notulas
2446 2430 2618 2485 textui
2663 2429 3016 2498 subjecimus,
3062 2429 3259 2499 quibus
3299 2435 3417 2484 tum
3461 2427 3755 2483 Parallelo-

2189 2534 2306 2571 rum
2356 2518 2473 2572 loca
2528 2517 2859 2584 indicantur,
2909 2527 3022 2572 tum
3057 2520 3220 2574 etiam
3262 2519 3396 2574 locis
3427 2519 3633 2573 vexatis
3665 2527 3752 2572 aut

2188 2611 2462 2681 corruptis
2505 2611 2599 2664 lux
2634 2610 2953 2672 affunditur,
2996 2621 3088 2665 aut
3111 2611 3396 2680 integritas
3425 2612 3748 2666 restituitur.

2189 2698 2246 2754 In
2295 2701 2435 2755 idem
2493 2710 2754 2771 praeterea
2799 2701 3088 2757 consilium
3132 2701 3396 2755 nonnulla
3455 2716 3645 2757 sumus
3687 2716 3752 2756 ex

2187 2790 2383 2846 Photio
2409 2793 2659 2847 mutuati.
2710 2792 2794 2846 Ad
2837 2793 2952 2847 haec
2982 2801 3219 2862 quatuor
3248 2792 3514 2847 librorum
3553 2793 3749 2863 integri

2188 2884 2370 2953 operis
2413 2883 2521 2936 Titi
2557 2894 2878 2954 argumenta
2923 2883 3287 2938 subdidimus.
3318 2883 3558 2954 Denique
3589 2885 3749 2938 trium

2189 2973 2542 3042 superstitum
2589 2973 2850 3027 librorum
2894 2973 3148 3028 lemmata
3191 2974 3607 3040 contexuimus,
3634 2973 3751 3044 qni-

2113 3065 2159 3124 C
2191 3065 2293 3119 bus
2326 3071 2651 3134 conspectus
2677 3065 2843 3120 totius
2873 3064 3056 3135 operis
3090 3065 3400 3120 exhibetur.

2252 3197 2341 3256 Vl.
2383 3199 2478 3256 His
2523 3214 2688 3271 porro
2739 3199 2921 3254 addita
2957 3206 3040 3255 est
3085 3199 3273 3256 Oratio
3299 3201 3354 3254 in
3393 3200 3588 3256 Ramos
3625 3203 3743 3269 pal-

2183 3306 2410 3356 marum,
2462 3307 2583 3362 qua:
2629 3291 2733 3346 sub
2765 3290 2875 3345 Titi
2907 3290 3220 3348 Bostrensis
3251 3295 3472 3348 nomine
3515 3293 3747 3348 circum-

2179 3381 2371 3439 fertur.
2427 3383 2532 3450 Qui
2577 3399 2644 3439 ex
2687 3383 2878 3439 codice
2924 3385 3075 3454 regio
3107 3399 3226 3440 eam
3278 3383 3448 3440 edidit
3484 3385 3745 3442 Combeli-

2182 3474 2295 3529 sius
2329 3473 2404 3545 (η)
2434 3513 2448 3538 ,
2486 3474 2700 3529 dubitat
2736 3474 2856 3543 ejus
2887 3489 2955 3530 ne
2989 3475 3062 3531 sit
3089 3475 3157 3531 de
3180 3491 3292 3546 quo
3320 3477 3408 3532 hic
3446 3493 3646 3542 sermo,
3675 3493 3742 3533 an

2179 3581 2310 3620 vero
2344 3567 2567 3622 alterius
2604 3567 2864 3636 junioris.
2912 3569 3072 3638 cujus
3118 3566 3498 3624 Commentarii
3545 3573 3601 3625 in
3636 3570 3740 3625 Lu-

2180 3673 2296 3711 cam
2345 3674 2469 3714 esse
2512 3658 2784 3716 feruntur.
2834 3659 3104 3715 Nimirum
3141 3661 3281 3718 duos
3319 3662 3409 3718 ille
3446 3662 3599 3719 Titos
3641 3663 3741 3716 Bo-

2179 3760 2488 3805 strenorum
2532 3751 2819 3821 episcopos
2853 3759 3196 3808 commentus
3231 3763 3357 3820 est;
3403 3769 3528 3808 cum
3563 3761 3740 3810 tamen

2177 3849 2389 3897 veteres
2419 3824 2607 3896 ununi~
2624 3851 2836 3897 tantum
2866 3852 3184 3915 agnoscant.
3208 3846 3352 3900 Alibi
3393 3855 3572 3902 autem
3597 3847 3737 3901 idem

2177 3932 2354 3988 editor
2385 3934 2520 3988 nihil
2557 3943 2741 3992 vetare
2765 3936 2842 3990 ait
2877 3936 2948 4008 (ο
2973 3935 3016 4009 ),
3046 3939 3125 3992 uti
3157 3953 3258 3993 nec
3285 3937 3492 4009 aliquid
3515 3952 3733 4008 cogere,

2178 4026 2310 4096 quin
2347 4027 2463 4081 haec
2493 4027 2610 4098 ipsa
2649 4029 2826 4083 oratio
2851 4031 3053 4084 seniori
3085 4030 3262 4090 detur.
3295 4029 3576 4102 Simulque
3606 4031 3737 4086 suh-

2177 4119 2254 4173 dit
2297 4140 2307 4172 :
2363 4139 2381 4171 (
2427 4119 2815 4192 Cujuscunque
2858 4137 2989 4177 vero
3027 4122 3118 4186 sit,
3151 4137 3288 4193 opus
3326 4130 3410 4178 est
3443 4124 3730 4188 eruditum,

2175 4213 2405 4282 egregiis
2449 4212 2707 4268 refertum
2752 4215 2950 4279 sensis,
2992 4228 3055 4269 ac
3098 4215 3365 4286 dogmatis
3399 4227 3729 4279 accuratum,

2176 4309 2235 4356 ut
2285 4303 2517 4374 quisque
2551 4305 2836 4376 theologus
2867 4307 2985 4375 ipsa
3021 4306 3205 4360 statim
3240 4307 3472 4364 lectione
3514 4309 3728 4364 videbit.

508 4400 743 4456 maculis
775 4401 1066 4470 deturpati.
1096 4401 1275 4457 Facile
1302 4403 1497 4458 fuisset
1536 4403 1604 4458 ad
1641 4403 2075 4457 animadverten-
2105 4393 2149 4447 D
2176 4392 2350 4449 Locos
2395 4394 2691 4466 Scriptura:
2719 4399 2857 4453 scite
2886 4398 3176 4454 admodum
3205 4401 3426 4470 exponit
3465 4415 3530 4456 ac
3567 4401 3731 4471 appli-

501 4492 662 4555 .dum,
703 4493 865 4546 modo
887 4494 1004 4548 viro
1035 4494 1200 4548 docto
1230 4494 1318 4549 cui
1350 4494 1536 4551 Graeca
1571 4495 1851 4559 debemus,
1884 4495 2076 4550 libuis-

496 4590 615 4645 set,
653 4584 912 4639 intextam
966 4593 1210 4640 extremo
1259 4586 1399 4642 libro
1442 4588 1602 4642 tertio
1653 4587 2074 4656 disputationem

509 4671 576 4726 dc
611 4670 844 4727 hominis
876 4676 1170 4735 creatione,
1202 4689 1366 4744 quam
1395 4675 1500 4730 Titi
1525 4677 1822 4731 adversarii
1855 4676 2071 4731 diabolo

497 4773 784 4835 .acceptam
825 4767 1085 4833 ferebant,
1140 4769 1208 4823 ab
1236 4784 1302 4824 eo
1336 4770 1454 4824 loco
1491 4785 1600 4841 quo
1628 4771 1798 4840 legem
1827 4785 1948 4827 esse
1975 4771 2072 4826 bo-

674 4940 914 5019 _l_licron._
937 4943 1010 4999 De
1039 4947 1137 5001 vir.
1171 4948 1392 5012 illuslr.,
1419 4963 1539 5019 cap.
1574 4949 1694 5004 102.

574 5013 646 5083 (b)
674 5012 868 5088 Epiph.
903 5016 1032 5088 haer.
1066 5032 1211 5081 LXVI,
1243 5034 1362 5088 cap.
1397 5019 1484 5072 21.

574 5091 642 5160 (cj
686 5083 1088 5160 rl‘illem.__1lf_em.
1117 5089 1244 5160 ζει-ι.
1273 5083 1405 5145 tom.
1437 5089 1548 5153 Vll,
1582 5105 1704 5160 pag.
1735 5089 1861 5145 385.

500 5221 544 5276 Β
573 5121 648 5276 23")
688 5121 1890 5232 ῥὶξὸῖῗϊῑίῖίῗ’ἒέιᾶῗὲοέἴὲἓξὶιξᾖέεἷῖῗίυέἔᾷ.
1932 5121 2060 5218 edit.

551 5241 579 5274 o
645 5240 752 5278 om.

571 5295 639 5368 (e)
681 5295 759 5368 l_d.
797 5296 930 5350 ibid.
961 5296 1316 5368 COtILLXUW,
1343 5314 1466 5368 pag.
1491 5300 1618 5354 205.

569 5366 636 5434 (ﬂ)
681 5365 906 5438 Basnag.
963 5368 1029 5420 ad
1082 5367 1232 5421 Thes.
1288 5365 1474 5424 canis.
1521 5381 1654 5425 tom.
1689 5369 1747 5435 l,
1797 5387 1918 5445 pag.
1956 5375 2058 5441 57,

502 5434 531 5504 ἓ
571 5452 654 5581 ἔξ).
681 5505 1062 5581 [_._cquien._0r.
1093 5508 1295 5581 Christ.
1315 5515 1443 5563 tom.
1480 5511 1521 5572 1,
1543 5526 1662 5581 pag.
1691 5513 1811 5570 602.

571 5576 646 5641 (lt)
689 5576 903 5632 Maxim.
939 5577 1078 5650 Opp.
1116 5589 1245 5636 tom.
1279 5578 1343 5648 ll,
1388 5595 1509 5652 pag.
1545 5576 1634 5636 65.

2177 4493 2285 4549 cat,
2330 4495 2391 4540 ut
2423 4488 2556 4542 nihil
2586 4489 2887 4545 desiderari
2927 4491 3198 4547 videatur.
3233 4510 3252 4542 ι
3291 4489 3397 4546 Sed
3445 4492 3559 4547 [nec
3605 4493 3728 4549 satis

2175 4577 2243 4632 de
2286 4577 2412 4632 Tito
2457 4578 2759 4636 Bostrensi.
2806 4579 3076 4637 Caeterum
3125 4583 3194 4638 de
3235 4580 3641 4637 Commentariis
3679 4583 3727 4635 in

2173 4667 2373 4723 Lucam
2409 4670 2530 4741 ejus
2582 4674 2803 4729 nomine
2851 4673 3165 4745 inscriptis,
3226 4689 3331 4732 nos
3371 4674 3508 4730 alias
3537 4688 3727 4746 oppor-

2171 4761 2360 4818 tunius

2345 4937 2491 5016 ἒβη.
2519 4939 2625 5016 Sic.
2670 4940 2814 5016 Hist:
2863 4942 3098 5016 Maniclt.
3129 4986 3144 5010 ,
3171 4960 3296 5016 pag.
3329 4945 3416 5000 50.

2241 5008 2317 5088 (λ),
2346 5009 2503 5088 Phot.
2535 5013 2658 5088 ‘lih_.
2716 5027 2732 5065 ι
2772 5013 2956 5088 Contr.
3012 5008 3287 5088 Maneat,
3333 5016 3360 5087 §
3428 5031 3540 5080 xlv,
3586 5015 3724 5088 apud

2168 5075 2336 5156 Wolf.
2357 5079 2697 5156 ιᾼηεξσάκϐν.
2735 5089 2872 5156 tom.
2901 5080 2942 5151 1,
2985 5101 3108 5156 pag.
3131 5086 3238 5156 ~54.

2239 5148 2311 5226 (lit)
2343 5149 2537 5226 gauis.
2570 5149 2712 5226 Lc_cl_.
2763 5148 2936 5226 antiq.
2960 5148 3091 5210 toni.
3131 5154 3174 5206 V
3198 5198 3215 5226 ,
3240 5169 3398 5225 pagg.
3429 5155 3498 5209 ‘56
3538 5171 3688 5226 seqq.

2239 5217 2582 5296 (l)AB_a_§nag._
2630 5222 2781 5296 Thes.
2817 5217 3000 5296 Canis.
3034 5235 3167 5280 tom.
3201 5217 3258 5288 l,
3288 5217 3444 5295 pagg.
3477 5226 3547 5280 59
3571 5217 3717 5296 εὲιέςις

2237 5287 2332 5358 (ηι)
2373 5287 2608 5347 Ἣθεεέὶ.
2638 5291 2868 5346 Probab.
2891 5293 2981 5348 lib.
3018 5300 3152 5366 sing.
3185 5287 3310 5366 cap.
3331 5287 3420 5360 Ξῡζ
3439 5311 3596 5367 pagg.
3625 5287 3721 5351 {6'6

2165 5371 2320 5495 seu).
2353 5427 2598 5511 Combef.
2629 5432 2780 5487 Auct.
2814 5449 2931 5489 nov.
2969 5441 3102 5488 tom.
3137 5433 3176 5498 l,
3213 5451 3334 5560 pag.
3375 5436 3480 5490 635
3508 5465 3535 5475 -
3557 5432 3678 5489 65L

2235 5498 2309 5560 (ο)
2348 5497 2425 5553 Id.
2479 5517 2532 5556 Ill
2555 5517 2764 5560 recens.
2816 5513 2961 5559 auct.
3000 5504 3067 5558 ad
3110 5512 3242 5560 tom.
3354 5506 3493 5560 Bibl.
3536 5519 3678 5560 conc.

3354 5506 3493 5560 Bibl.
3536 5519 3681 5561 conc.
3699 5542 3716 5569 ,

2235 5498 2309 5568 (ο)
2348 5497 2425 5553 Id.
2479 5501 2532 5556 in
2555 5517 2764 5560 recens.
2816 5513 2961 5559 auct.
3000 5504 3067 5558 ad
3110 5497 3242 5562 tom‘.

2163 5581 2286 5639 pag.
2319 5569 2408 5623 49.
