4064 6290
299 303 441 363 meo
1097 261 1161 272 ﬂ

1374 317 1740 374 ADVERSUS
1776 315 2200 375 MANICHXEOS
2237 318 2365 373 LIB.
2403 316 2448 375 1.

3404 313 3543 370 1070

314 444 3524 474 Mm

633 601 1026 755 TITI
1105 599 2274 759 BOSTRENSIS
2334 604 3198 761 EPISCOPI

545 877 919 991 LIBRI
1053 873 1418 989 TBES
1460 876 2238 995 .ADVERSUS

2366 879 3287 995 MANICH/EOS.

1143 1116 1550 1162 ιητιιιιιιιιετε
1590 1100 2042 1165 FRANClSCO
2077 1102 2488 1167 TU-RRIANO
2522 1105 2587 1165 S.
2631 1105 2689 1165 Ι,

1459 1381 1820 1470 LIBER
1891 1381 2378 1472 PRIMUD.

1503 1638 1627 1695 ΟΑΡ.
1667 1639 1707 1696 ι.
1741 1642 1906 1716 Origo
1943 1642 2347 1701 Hanichwismi.

372 1756 518 1812 Πᾶσι
550 1757 645 1828 μὲν
676 1750 754 1819 οἷς
777 1750 972 1824 ’γέγονε
1019 1753 1108 1809 διὰ
1149 1754 1383 1828 σπουδῆς
1414 1757 1523 1813 τῶν
1558 1762 1617 1814 ἐν
1655 1761 1868 1834 ἀνθρώ·
1898 1820 1905 1834 Α

2039 1764 2250 1832 Quibus
2270 1761 2523 1818 studium
2552 1767 2637 1816 est
2667 1773 2864 1816 causas
2895 1773 3083 1814 eorum
3119 1773 3250 1829 qua:
3291 1758 3542 1814 homines

300 1866 429 1913 ποις
456 1847 914 1920 ἁμαρτανομένων
946 1846 1045 1911 τὰς
1081 1847 1256 1912 αἰτίας
1289 1848 1492 1914 ἐξελεῖν
1536 1851 1692 1921 Θεοῦ,
1732 1853 1875 1919 ὅσιός

296 1953 360 1995 τε
395 1943 492 1995 καὶ
527 1941 730 2012 ἀληθὴς
777 1940 968 2010 γέγονε
1017 1940 1162 1994 κατὰ
1206 1941 1364 1994 τοῦτο
1409 1941 1520 1997 τῶν
1561 1944 1816 2000 τοιούτων
1847 1950 1878 2001 ὁ

291 2034 508 2098 ’σκοπός
527 2049 541 2063 ³
569 2033 682 2102 εῐγε
730 2033 805 2104 μὴ
831 2033 1182 2103 διαφυγόντες
1226 2034 1288 2088 τὸ
1319 2037 1568 2106 προνοεῖν
1615 2037 1724 2092 τῶν
1755 2040 1875 2093 καθ’

293 2127 454 2198 ἡμᾶς
485 2125 574 2179 τὸν
615 2125 767 2192 Θεὸν,
809 2125 1047 2193 εὐλόγως
1087 2127 1184 2180 καὶ
1231 2126 1535 2199 φιλαλήθως
1572 2129 1878 2200 ἀνθρώποις

291 2221 578 2290 ’ἀνέθηκαν
624 2219 694 2272 τὰ
737 2218 886 2288 σφῶν
932 2217 1110 2273 αὐτῶν
1158 2221 1576 2292 ἁμαρτήματα·Δ
1609 2223 1878 2293 ὲπείτοιγε

295 2313 504 2385 ’μικρὸν
545 2313 725 2366 ἰᾶσθαί
756 2330 808 2365 τι
861 2311 1230 2382 βουληθέντες,
1267 2313 1474 2384 μείζονι
1518 2316 1612 2368 καὶ
1660 2316 1879 2387 χαλεπῷ

299 2408 572 2477 νοσήματι
609 2407 707 2476 τῆς
738 2403 990 2469 ἀσεϐείας
1022 2405 1366 2475 περιέπεσον,
1399 2407 1478 2470 εἰς
1519 2407 1748 2480 ἄρνησιν
1780 2407 1879 2477 τῆς

302 2501 362 2551 ὲν
399 2498 564 2550 παντὶ
595 2497 922 2568 φαινομένης
948 2496 1041 2550 τοῦ
1075 2496 1210 2551 Θεοῦ
1244 2499 1500 2569 προνοίας
1526 2500 1875 2570 ἐμπεσόντες.

315 2591 376 2642 '0
433 2589 492 2642 δὲ
528 2589 716 2660 μανεὶς
758 2591 822 2641 ἐκ
866 2588 1153 2660 βαρϐάρων
1193 2591 1287 2644 καὶ
1328 2591 1425 2660 τῆς
1473 2588 1667 2662 μανίας
1707 2591 1880 2662 αὐτῆς

297 2680 613 2752 ἐπώνυμος,
642 2679 722 2733 ἔτι
748 2679 883 2750 πρὸς
907 2680 1159 2735 ἀσέϐειαν
1188 2680 1576 2754 βλαϐερωτέρῳ
1603 2684 1880 2754 φαρμάκῳ

307 2774 684 2844 κατεχρήσατο
707 2789 720 2803 ·
777 2771 972 2836 κακίας
1021 2772 1131 2844 γὰρ
1180 2773 1418 2829 ἀναίτιον
1470 2775 1745 2840 ἀποδεῖξαι
1789 2773 1881 2827 τὸν

296 2863 444 2916 ’Θεὸν
494 2861 793 2932 βουληθεὶς,
831 2862 1026 2916 κακίαν
1074 2863 1279 2936 προῖὼν
1331 2864 1657 2935 ἀντέστησεν
1700 2865 1876 2937 αύτῷ⁶

311 2957 627 3029 ἀγέννητον,
645 2956 719 3020 ῶς
734 2973 916 3028 φησιν,
947 2957 1245 3027 ἀγεννήτῳ,
1268 2953 1446 3023 ζῶσαν
1470 2957 1654 3024 ζῶντι,
1673 2958 1758 3011 ἀεὶ
1783 2958 1882 3029 μιν

310 3049 748 3126 ἐπανισταμένην
782 3050 874 3103 καὶ
909 3050 1239 3122 μαχομένην,
1272 3051 1366 3103 καὶ
1412 3049 1605 3104 οὕποτε
1652 3051 1726 3122 μὴ
1760 3052 1882 3122 οὐχὶ

1976 1862 2239 1926 peccant,
2271 1867 2303 1906 a
2333 1852 2443 1907 Deo
2471 1865 2782 1915 removere,
2816 1850 2969 1904 aiunt
2996 1857 3246 1905 sanctum
3276 1858 3329 1904 et
3355 1866 3540 1905 verum

1969 1964 2099 2004 esse
2122 1947 2295 2001 Deum
2324 1965 2338 2000 :
2373 1947 2481 2000 huc
2513 1951 2762 2015 spectant
2790 1945 2928 1998 tales
2950 1981 2965 2006 ,
2994 1952 3048 1997 et
3077 1942 3182 1997 hoc
3224 1942 3304 1996 eis
3343 1958 3544 2013 propo-

1969 2042 2144 2095 situm
2168 2047 2254 2095 est
2285 2038 2451 2092 tueri.
2475 2036 2618 2091 Cum
2657 2037 2802 2089 enim
2846 2049 2954 2088 non
3000 2042 3202 2105 negant
3248 2049 3547 2104 procurare

1979 2129 2148 2185 Deum
2170 2144 2264 2184 res
2289 2137 2510 2184 nostras
2527 2168 2542 2192 ,
2568 2136 2714 2182 recte
2740 2140 2803 2180 ac
2830 2141 2956 2181 vere
2983 2126 3294 2182 hominibus
3321 2135 3547 2197 peccata

1978 2235 2167 2276 eorum
2188 2221 2484 2292 assignant
2509 2236 2523 2284 ;
2549 2218 2768 2289 |alioqui
2808 2233 3000 2288 parum
3043 2219 3173 2288 quid
3211 2233 3412 2273 sanare
3453 2220 3547 2288 qui

1973 2314 2270 2368 ‘voluerunt
2290 2355 2304 2379 ,
2338 2313 2393 2366 in
2423 2311 2727 2382 graviorem
2759 2318 2813 2366 et
2855 2309 3219 2366 dilﬁciliorem
3253 2311 3548 2382 impietatis

1979 2406 2352 2476 aegritudinem
2386 2403 2730 2468 inciderunt,
2764 2402 2856 2457 Dei
2887 2403 3314 2472 providentiam.
3345 2420 3465 2474 quae
3491 2405 3551 2459 in

1973 2499 2334 2554 universitate
2361 2511 2542 2550 rerum
2573 2497 2840 2558 cernitur,
2889 2504 3172 2566 negantes.
3219 2497 3548 2552 Manichmus

1979 2605 2141 2657 vero,
2168 2589 2263 2660 qui
2293 2603 2325 2642 a
2349 2588 2603 2643 barbarie
2631 2597 2685 2642 et
2716 2587 2896 2642 furore
2918 2603 3115 2643 nomen
3143 2588 3329 2654 ducit,
3353 2605 3551 2645 nocen-

1980 2683 2120 2737 tiore
2143 2681 2323 2736 adhuc
2347 2687 2541 2734 contra
2572 2678 2902 2748 impietatem
2928 2679 3169 2734 remedio
3193 2679 3398 2736 abusus
3427 2687 3512 2734 est
3533 2699 3557 2736 ι

1982 2789 2107 2829 cum
2147 2773 2290 2831 enim
2331 2775 2709 2828 demonstrare
2750 2773 3012 2828 voluisset
3057 2787 3166 2827 non
3212 2789 3334 2829 esse
3380 2773 3552 2829 Deum

1983 2874 2259 2920 auctorem
2290 2864 2449 2928 mali,
2482 2864 2686 2918 malum
2714 2864 2766 2918 ei
2795 2865 3086 2934 opposuit,
3121 2865 3422 2936 ingenitum
3445 2905 3459 2930 ,
3493 2877 3556 2920 ut

1982 2958 2087 3024 ait,
2120 2957 2362 3028 ingenito
2381 2999 2395 3022 ,
2427 2957 2610 3012 vivum
2637 2957 2761 3012 vivo
2781 2997 2798 3016 .
2828 2972 3044 3028 semper
3071 2959 3348 3016 obsistens
3378 2974 3441 3014 ac
3467 2975 3556 3014 re-

1983 3063 2264 3120 pugnans,
2295 3057 2348 3104 et
2387 3064 2666 3119 nunquam
2713 3063 2822 3103 non
2856 3051 3136 3119 negotium
3182 3058 3236 3106 et
3276 3052 3555 3108 molestias

311 3142 614 3213 πράγματα
659 3141 1001 3212 παρέχουσαν
1043 3141 1222 3213 αύτῷ·
1267 3140 1614 3212 ἀναιρεθῆναι
1646 3141 1702 3194 δὲ
1744 3142 1880 3213 πρὸς

1983 3143 2226 3198 inferens
2253 3161 2267 3209 ;
2298 3142 2552 3212 quodque
2584 3143 2653 3195 ab
2680 3157 2746 3195 eo
2789 3141 3034 3197 funditus
3067 3143 3345 3213 exstingui
3375 3151 3430 3198 et
3470 3145 3558 3197 in—

308 3231 473 3286 αὖτοῦ
503 3232 779 3296 παντελῶς
806 3232 880 3303 μὴ
902 3233 1226 3305 δυναμένην,
1248 3234 1323 3298 ὡς
1346 3233 1514 3288 ἀΐδιον
1538 3251 1597 3287 τε
1621 3234 1715 3288 καὶ⁵
1745 3251 1882 3305 συμ-

308 3323 748 3396 πεπληρωμένην
778 3325 878 3395 τὴν
921 3325 1108 3379 οὐσίαν
1157 3326 1252 3378 καὶ
1301 3325 1594 3398 ἀγένητονο
1641 3327 1735 3382 καὶ
1779 3341 1884 3382 κα-

305 3416 488 3481 πνὸν,
517 3416 592 3481 ῶς
625 3435 776 3487 φασι,
815 3420 1070 3488 φεύγων,
1106 3418 1488 3488 ἐμπέπτωκεν
1521 3422 1608 3486 είς
1645 3421 1709 3474 τὸ
1738 3421 1877 3491 πῑφ.

304 3510 429 3563 Ἵνα
459 3510 565 3582 γὰρ
609 3512 683 3582 μὴ
714 3509 822 3564 τῶν
853 3513 981 3583 παρ’
1014 3513 1166 3583 ἡμῖν,
1195 3510 1270 3575 ὡς
1307 3513 1496 3579 οἴεται,
1541 3512 1726 3566 κακῶν
1775 3515 1880 3566 ὐπ-

305 3602 454 3674 έχειν
489 3603 618 3676 δοκῇ
651 3603 750 3669 τὰς
775 3605 951 3668 αἰτίας
975 3606 1002 3657 6
1018 3605 1169 3669 Θεὸς,
1193 3605 1355 3668 αὐτὸς
1381 3623 1444 3674 γε
1474 3606 1600 3678 ὅλης
1625 3607 1766 3671 τινὸς
1789 3607 1883 3660 καὶ

303 3693 604 3764 ὁλοκλήρου
638 3697 767 3766 παρ’
807 3695 953 3766 αὐτῷ
978 3696 1175 3760 κακίας
1211 3694 1636 3768 παραπολαύειν.
1670 3698 1734 3751 Τί
1772 3699 1881 3769 γὰρ

300 3787 369 3837 "si,
390 3784 760 3856 μακροθύμως
786 3786 880 3838 καὶ
905 3785 1105 3854 σοφῶς,
1131 3786 1206 3848 ὥς
1231 3803 1382 3855 φησι,
1417 3787 1879 3859 μεταχειρίζεται;

305 3876 426 3931 ἀλλ’
451 3877 601 3947 ὅμως
620 3876 719 3929 οὐκ
745 3876 1086 3948 ἀπολέμητος
1117 3877 1184 3930 ἂν
1214 3878 1296 3948 εἴη
1329 3879 1469 3933 κατά
1484 3895 1546 3946 γε
1574 3879 1672 3950 τὴν
1699 3880 1882 3933 τοιαύ-

300 3985 412 4040 την
447 3968 701 4021 ὑπόθεσιν
719 3984 732 3996 ·
761 3961 821 4022 οῦ
852 3967 904 4020 τί
927 3968 992 4022 ἄν
1021 3968 1230 4038 γένοιτο
1267 3969 1374 4021 τῶν
1406 3974 1727 4040 πρεπόντων
1754 3973 1884 4044 περὶ

301 4058 448 4112 ’Θεοῦ
469 4058 741 4130 λογισμῶν
767 4059 1184 4132 ἀλλοτριώτερον
1204 4077 1216 4125 ;

1987 3235 2153 3290 terire
2184 3243 2452 3302 nequeat,
2480 3241 2667 3300 utpote
2694 3240 2897 3288 περι-ηε
2923 3240 2977 3287 et
2999 3230 3267 3303 cempleta
3298 3235 3557 3291 substan-

1985 3328 2062 3380 tia
2083 3366 2097 3390 ,
2129 3336 2385 3395 tanquam
2415 3323 2657 3394 ingenita
2687 3343 2700 3378 :
2733 3325 2813 3379 sic
2836 3324 3037 3394 fugiens
3082 3323 3287 3386 fumum
3310 3365 3324 3386 ,
3373 3332 3432 3377 ut
3471 3332 3559 3380 est

1984 3419 2043 3473 in
2073 3418 2396 3481 Proverbio,
2431 3419 2485 3470 in
2517 3419 2688 3488 ignem
2730 3416 2936 3471 incidit.
2966 3415 3175 3470 Etenim
3219 3433 3290 3470 ne
3311 3416 3558 3471 videatur

1984 3511 2162 3576 Deus,
2206 3517 2268 3564 ut
2308 3509 2639 3564 Manichacus
2685 3509 2995 3571 existimat,
3042 3519 3357 3562 nostrorum
3387 3509 3558 3562 malo-

1984 3615 2105 3658 rum
2128 3618 2250 3659 esse
2275 3603 2332 3657 in
2361 3615 2527 3656 causa
2553 3640 2568 3663 ,
2596 3616 2660 3655 ex
2688 3605 2805 3655 toto
2829 3600 3065 3669 quodam
3095 3607 3150 3654 et
3179 3601 3386 3671 integro
3413 3601 3557 3654 malo

1989 3697 2132 3766 apud
2163 3711 2222 3751 se
2252 3694 2486 3748 fructum
2515 3693 2666 3764 lingit
2692 3692 2992 3762 percipere.
3023 3691 3166 3757 Quid
3191 3693 3333 3746 enim
3354 3732 3371 3758 ,
3395 3693 3440 3748 si
3467 3707 3558 3748 res

1989 3797 2188 3844 tractat
2216 3787 2395 3849 Deus,
2429 3795 2486 3840 ut
2514 3785 2844 3840 Manichacus
2889 3784 2996 3848 ait,
3043 3784 3339 3840 toleranter
3383 3793 3437 3839 et
3469 3799 3558 3840 sa-

1989 3880 2241 3950 pienter?
2273 3889 2326 3932 at
2357 3894 2667 3948 nunquam,
2696 3876 2953 3946 opinione
2987 3877 3178 3945 hujus,
3210 3877 3350 3932 bello
3374 3888 3428 3932 et
3456 3893 3558 3946 pu-

1991 3985 2094 4041 gna
2137 3970 2384 4025 carebit:
2420 3985 2530 4040 quo
2569 3969 2703 4038 quid
2745 3975 2921 4039 potest
2950 3969 3016 4024 de
3041 3969 3150 4023 Deo
3185 3969 3328 4039 quod
3375 3969 3557 4027 minus

1992 4077 2115 4116 eum
2147 4061 2340 4115 deceat
2357 4101 2372 4124 ,
2406 4061 2636 4132 cogitari
2663 4058 2685 4112 ?

1441 4177 1568 4232 Car.
1610 4177 1676 4231 Il.
1706 4178 2103 4233 Catholicorum
2130 4178 2408 4230 sententia.

385 4270 507 4324 Ὅτι
555 4271 652 4340 μὲν
697 4269 804 4342 γὰρ
843 4269 1067 4335 εὐσεϐὲς
1097 4270 1203 4324 τῶν
1245 4270 1396 4340 παρὰ
1439 4268 1744 4343 ἀνθρώποις
1769 4269 1883 4326 ἁδι-

2055 4268 2212 4337 Quod
2246 4270 2395 4339 pium
2428 4269 2648 4339 quidem
2675 4269 2748 4324 sit
2777 4268 2921 4340 apud
2952 4269 3202 4324 homines
3223 4308 3238 4332 ,
3269 4268 3401 4324 totis
3426 4268 3558 4322 vir-i-

313 4380 383 4433 κη
393 4360 574 4432 μάτων
607 4362 844 4417 ἀναίτιον
889 4363 1049 4417 παντὶ
1078 4361 1253 4416 σθένει
1291 4362 1381 4415 τὸν
1421 4363 1552 4416 Θεὸν
1584 4361 1882 4432 ὁμολογεῖν,

314 4451 530 4522 πρῶτος
556 4452 876 4524 πρεσϐεύειν
898 4452 1196 4508 ἐσπούδακε
1220 4453 1320 4524 τῆς
1339 4453 1632 4524 καθολικῆς
1667 4453 1889 4524 Ἐκκλη-

316 4545 436 4609 σίας
462 4546 492 4598 ὁ
519 4545 675 4614 λόγος
693 4563 707 4577 ·
727 4544 1054 4618 ζητουμένου
1073 4547 1149 4612 δὲ,
1177 4548 1296 4600 τίνα
1319 4547 1517 4618 τρόπον
1538 4547 1644 4619 πλη
1654 4547 1889 4620 μμελοῦ-

315 4654 419 4709 μεν
454 4640 636 4709 ἡμεῖς,
663 4638 756 4690 τοῦ
789 4638 923 4692 Θεοῦ
958 4640 1034 4710 μὴ
1069 4639 1410 4710 βουλομένου,
1437 4641 1498 4692 οὐ
1542 4641 1672 4711 περὶ
1704 4639 1887 4710 μειζό-

313 4747 422 4784 νων
466 4728 879 4801 κατηγοροῦμεν
920 4728 1077 4794 Θεοῦ,
1127 4732 1252 4802 περὶ
1302 4732 1658 4803 μικροτέρων,
1700 4730 1890 4806 ὥσπερ

315 4823 539 4884 ἐκεῖνος,
560 4820 944 4889 ἀπολογεῖσθαι
977 4820 1284 4892 βουλόμενοι
1302 4821 1397 4891 (1).

400 4909 535 4963 Ἀλλ’
567 4909 735 4982 αὐτὴν
757 4911 854 4980 τῆς
877 4909 1131 4981 ἀληθείας
1154 4911 1253 4979 τὴν
1273 4910 1410 4973 ὁδὸν,
1442 4909 1505 4963 ἐκ
1519 4927 1576 4963 τε
1592 4909 1698 4962 τῶν
1720 4909 1889 4979 ἁγίων

314 5002 549 5075 Γραφῶν
589 5004 683 5056 καὶ
722 5001 829 5056 τῶν
874 5000 1069 5055 κοινῶν
1115 5001 1330 5054 ἐννοιῶν
1363 5000 1594 5070 ἔχοντες,
1634 5001 1890 5070 ἀσφαλῶς

312 5093 568 5165 όδεύομεν
590 5093 688 5164 (Γ)
709 5092 846 5164 πρὸς
862 5093 958 5164 τὴν
973 5092 1226 5163 τοιαύτην
1249 5092 1493 5164 ζήτησιν,
1516 5091 1594 5163 τῷ
1617 5109 1680 5160 γε
1707 5093 1890 5154 αὐτοῖς

318 5181 624 5254 φιλαλήθως
661 5183 1075 5255 προσεγκαλεῖν,
1113 5182 1307 5253 εὐσεϐῆ
1357 5183 1456 5254 τὴν
1499 5182 1771 5248 ἀπόδειξιν
1789 5181 1890 5252 τὴν

317 5273 460 5345 ὑπὲρ
497 5272 631 5327 Θεοῦ
674 5273 1025 5344 ποιούμενοι·
1078 5276 1138 5327 οὐ
1179 5273 1287 5346 γὰρ
1333 5274 1423 5329 ἵνα
1466 5273 1544 5346 τῷ
1591 5273 1735 5345 λόγῳ
1777 5273 1891 5326 δια-

316 5361 627 5432 φεύγωμεν,
652 5355 726 5416 ὧν
754 5366 832 5426 είς
857 5363 1115 5434 ἀλλήλους
1144 5361 1568 5435 πλημμελοῦμεν
1599 5362 1667 5417 τὰ
1697 5363 1892 5434 ἐγκλή-

321 5471 487 5526 ματα,
551 5456 826 5527 προσῆκεν
877 5459 956 5520 είς
1011 5456 1141 5510 Θεὸν
1193 5455 1428 5521 ἀσεϐεῖν,
1484 5459 1888 5528 πραττομένους

318 5549 448 5618 παρ’
477 5547 642 5602 αὐτοῦ
673 5549 743 5602 τὰ
781 5549 997 5604 πάντων
1027 5548 1459 5622 ύϐριστικώτερα
1497 5552 1590 5604 καὶ
1626 5549 1889 5622 μηδαμῶς

318 5637 446 5692 ὄντα

393 5751 467 5822 (1)
496 5753 674 5826 Vulg.,
705 5756 1053 5829 Βουλόμενος.
1094 5759 1250 5816 Ευιτ.
1581 5757 1614 5770 -ρ
1655 5745 1699 5768 ι.

1986 4361 2091 4418 bus
2121 4361 2365 4416 conﬁteri
2385 4403 2399 4427 ,
2435 4361 2598 4417 Deum
2628 4377 2735 4416 non
2766 4377 2890 4417 esse
2919 4361 3243 4432 injuriarum
3271 4370 3324 4416 et
3350 4361 3559 4418 maleﬁ-

1985 4455 2197 4510 ciorum
2229 4464 2508 4509 auctorem
2532 4497 2546 4518 ,
2578 4455 2754 4524 prima
2789 4454 3041 4510 doctrina
3072 4455 3331 4511 Ecclesiae
3372 4456 3560 4510 catho-

1987 4545 2106 4600 licae
2152 4539 2366 4600 studuit
2394 4546 2662 4616 proﬁteri.
2695 4546 2832 4602 Cum
2865 4556 3047 4602 autem
3081 4549 3378 4618 qumrimus
3419 4565 3558 4618 quo-

1985 4637 2150 4692 modo
2195 4653 2297 4692 nos
2336 4653 2625 4708 peccemus
2667 4640 2886 4695 nolente
2926 4639 3099 4705 Deo,“
3125 4649 3185 4694 ut
3234 4655 3559 4710 peccemus,

1987 4726 2055 4782 de
2087 4729 2433 4798 gravioribus
2463 4744 2569 4782 non
2602 4728 2770 4784 Deum
2799 4747 3144 4796 accusamus,
3177 4748 3303 4789 cum
3335 4749 3364 4788 a
3394 4734 3562 4790 levio-

1987 4820 2139 4875 ribus
2165 4836 2287 4875 eum
2305 4859 2321 4884 ,
2355 4821 2499 4874 sicut
2528 4822 2651 4883 ille,
2682 4822 2975 4878 defendere
3001 4827 3275 4882 volumus.

2061 4912 2119 4966 Si
2146 4913 2239 4982 qui
2267 4913 2410 4966 viam
2444 4913 2690 4968 veritatis
2719 4929 2784 4969 ex
2815 4917 3025 4971 sanctis
3068 4915 3369 4989 Scripturis
3410 4928 3464 4976 et
3494 4937 3562 4975 ex

1989 5004 2370 5058 communibus
2401 5005 2720 5061 notionibus
2749 5007 3020 5076 cognitam
3047 5009 3335 5074 habemus,
3362 5027 3559 5081 perga-

1987 5110 2112 5149 mus
2143 5093 2294 5149 ﬁrme
2323 5094 2390 5147 ad
2421 5095 2582 5149 talem
2613 5098 2994 5165 quastionem,
3029 5100 3170 5170 piam
3215 5111 3562 5171 argumenta-

1993 5188 2191 5241 tionem
2241 5201 2341 5255 pro
2387 5185 2498 5239 Deo
2548 5188 2976 5256 concludentes,
3028 5207 3130 5246 nos
3178 5194 3327 5262 ipsos
3378 5189 3560 5246 studio

1989 5276 2244 5332 veritatis
2274 5277 2588 5332 accusando
2619 5297 2632 5333 :
2664 5296 2776 5334 non
2802 5283 2946 5337 enim
2979 5292 3038 5337 ut
3063 5285 3227 5338 verbo
3253 5285 3560 5338 accusatio-

1990 5383 2113 5424 nem
2143 5382 2331 5423 eorum
2355 5408 2370 5433 ,
2402 5384 2523 5441 quae
2554 5371 2608 5424 in
2639 5387 2741 5429 nos
2771 5375 2913 5431 inter
2956 5392 3057 5431 nos
3100 5391 3424 5446 peccamus.
3463 5377 3561 5430 de-

1990 5463 2288 5527 clinemus,
2316 5463 2544 5520 decebat
2569 5466 2624 5520 in
2656 5468 2821 5523 Deum
2857 5471 3053 5540 impios
3078 5485 3235 5532 esse,
3267 5478 3558 5540 poscentes

1992 5553 2060 5607 ab
2098 5567 2164 5606 eo
2204 5569 2325 5622 quae
2366 5565 2494 5610 sunt
2522 5559 3004 5615 contumeliosiora
3031 5560 3284 5617 omnibus
3304 5602 3319 5627 ,
3353 5569 3407 5617 et
3435 5579 3559 5634 qute

1991 5659 2329 5714 nequaquam
2357 5657 2499 5703 sunt.

2062 5762 2158 5833 (IT)
2192 5761 2372 5829 Forte,
2412 5766 2699 5836 ὁδεύωμεν.
2736 5768 2886 5822 Emr.
