4064 6290
539 349 669 407 ἱοῖι

1649 344 1785 399 TlTl
1819 343 2248 399 BOSTRENSIS
2285 343 2590 400 EPISCOPI

3617 347 3748 403 i073

604 465 872 522 Praeterea
900 464 992 535 qui
1028 464 1403 518 existimamus
1425 471 1652 533 peccata
1678 463 1819 532 apud
1847 461 2095 516 homines

2264 460 2408 531 Πρὸς
2434 460 2491 514 δὲ
2523 460 2730 523 τούτοις
2761 460 2952 531 tam:
2982 461 3049 514 τά
3076 461 3224 533 παρά
3255 461 3556 533 ἀνθρώποις
3580 463 3751 533 ἀμαρ-

541 559 803 617 sanabilia
831 573 952 612 esse
971 596 986 620 ,
1020 563 1207 626 utpote
1234 569 1354 624 que
1381 571 1490 609 non
1517 570 1547 607 a
1571 554 1839 624 principio
1862 552 2094 623 quodam

541 658 730 704 contra
762 662 855 701 eos
883 645 1135 708 eiﬂuant,
1166 645 1262 700 sed
1307 645 1416 699 alio
1467 645 1629 700 modo
1675 659 1708 698 a
1757 645 1916 698 nobis
1967 643 2097 696 ﬁant

546 745 741 811 (quem
784 737 1080 809 disputatio
1119 753 1220 792 suo
1265 746 1506 807 tempore
1549 737 1943 807 explanabit),
1989 750 2094 790 uon

544 833 714 886 solum
751 846 860 886 non
903 847 1092 886 sumus
1134 830 1190 884 in
1234 828 1404 884 Deum
1450 829 1635 899 impii,
1675 845 1785 883 non
1825 829 2097 881 audentes

542 925 910 994 conjecturam
943 923 1151 988 facere,
1180 938 1288 976 non
1317 936 1480 991 posse
1508 919 1677 975 Deum
1707 929 1930 991 propter
1959 919 2098 974 (ΙίΠὶ-

544 1019 798 1072 cultatem
826 1015 1083 1070 resistere
1103 1015 1236 1068 vitio
1265 1013 1410 1083 quod
1438 1013 1488 1067 ei
1515 1028 1622 1066 non
1643 1012 1793 1066 inest
1811 1051 1826 1074 ,
1858 1012 1954 1067 sed
1977 1025 2098 1081 quae

543 1129 575 1163 a
621 1109 780 1164 nobis
833 1107 1026 1162 vitiose
1071 1115 1327 1177 aguntur,
1373 1105 1602 1158 nitimur
1631 1104 1684 1158 in
1725 1103 1806 1159 eis
1837 1118 2094 1169 cessare;

537 1215 669 1254 cum
689 1200 756 1253 iis
783 1198 876 1268 qui
904 1198 1221 1259 advertunt,
1248 1195 1688 1250 demoustramus
1704 1235 1720 1257 ,
1745 1209 1864 1264 qua:
1886 1210 1916 1248 a
1937 1194 2098 1248 nobis

544 1291 871 1362 principium
916 1291 1155 1355 ducunt,
1197 1295 1257 1342 ut
1291 1287 1456 1353 ﬁant,
1500 1302 1597 1356 per
1640 1301 1741 1340 nos
1789 1288 1984 1350 etiam,
2028 1302 2097 1340 ne

545 1383 702 1444 ﬁant,
732 1382 893 1436 tinem
919 1379 1169 1448 assequi,
1198 1382 1413 1433 tametsi
1436 1394 1542 1432 non
1566 1379 1707 1448 apud
1731 1393 1960 1446 omnes;
1990 1393 2096 1432 non

545 1475 689 1528 enim
719 1473 825 1528 hoc
853 1473 1104 1543 generale
1131 1471 1187 1524 in
1215 1471 1446 1540 singulis
1475 1479 1560 1525 est
1580 1511 1595 1534 ,
1629 1471 1722 1525 sed
1773 1471 1826 1523 in
1870 1471 2098 1540 singulis

539 1579 731 1618 eorum
758 1564 852 1632 qui
882 1562 1121 1617 studium
1163 1561 1526 1616 adhibuerunt
1568 1565 1586 1629 (
1607 1561 1874 1630 judicium
1921 1573 2096 1615 tamen

546 1656 786 1709 universi
812 1663 933 1717 est,
968 1668 1130 1724 posse
1153 1669 1277 1708 esse
1307 1654 1361 1705 in
1393 1652 1683 1723 singulis).
1710 1653 2097 1707 Verumtamen

537 1748 640 1818 qui
667 1747 894 1800 barbare
935 1760 1060 1799 cum
1107 1745 1435 1815 impietatem
1481 1746 1845 1816 excogitavit,
1891 1745 2099 1815 ﬁngens

548 1839 752 1892 malum
786 1837 905 1892 sine
935 1837 1205 1906 principio
1224 1876 1240 1900 ,
1267 1845 1457 1890 contra
1481 1835 1650 1890 Deum
1678 1853 1803 1892 vere
1830 1838 2101 1908 principio
2132 1818 2174 1876 Β

537 1937 858 1994 carentem,
891 1943 954 1982 ac
984 1928 1160 1982 solum
1179 1967 1195 1991 ,
1225 1936 1279 1982 et
1311 1928 1414 1982 hoc
1444 1929 1742 1983 secundum
1774 1930 2102 1998 principium

551 2025 740 2078 insane
767 2021 1136 2083 constituens,
1168 2035 1277 2074 non
1322 2022 1498 2075 solum
1545 2021 1745 2074 malum
1789 2021 2020 2074 collocat
2049 2021 2104 2074 iu

550 2112 740 2168 ordine
780 2111 973 2181 aquali
1022 2109 1164 2174 Deo,
1209 2119 1463 2180 tanquam
1508 2112 1614 2166 hoc
1642 2112 1911 2166 honorare
1939 2112 2103 2174 velit,

548 2203 693 2274 quod
720 2203 929 2258 scilicet
956 2201 1112 2266 odit;
1143 2201 1238 2256 sed
1285 2202 1448 2265 mala,
1491 2218 1611 2271 quae
1656 2218 1724 2258 ex
1775 2203 1918 2256 malo
1959 2202 2106 2272 quod

546 2293 816 2366 principio
842 2302 1030 2356 caret,
1064 2293 1389 2347 insanabilia
1421 2295 1640 2362 penitus
1669 2308 1824 2356 esse,
1857 2307 1981 2347 cum
2016 2307 2108 2346 ne-

541 2383 789 2437 cessario
815 2381 1046 2436 afﬁrmat
1064 2421 1079 2444 ,
1109 2381 1238 2435 facit
1262 2382 1524 2438 insidiose
1545 2423 1560 2446 ,
1589 2391 1649 2437 ut
1671 2384 1987 2438 existiment
2013 2384 2107 2452 qui

549 2480 600 2532 ei
640 2477 905 2540 credunt,
949 2475 1271 2544 iniustitiam
1314 2490 1420 2529 non
1462 2490 1624 2544 posse
1666 2477 1809 2544 apud
1854 2476 2108 2529 homines

549 2567 770 2636 corrigi.
794 2566 869 2618 Ita
890 2572 952 2619 ut
979 2565 1272 2632 anticipata
1301 2563 1578 2632 voluptate
1604 2574 1946 2634 peccatorum
1968 2603 1983 2626 ,
2008 2580 2109 2634 pro

552 2658 908 2712 conversione
938 2656 1245 2724 desperatio
1274 2655 1605 2723 obiiciatur;
1638 2655 1796 2724 quasi
1839 2655 1956 2710 ﬁeri
2001 2672 2108 2710 non

554 2752 760 2818 possit,
793 2757 851 2802 ut
878 2750 1112 2819 impetus
1138 2748 1254 2800 vitii
1280 2748 1423 2816 quod
1456 2748 1724 2817 principio
1749 2759 1928 2812 caret,
1957 2764 2111 2804 coer-

553 2855 759 2899 ceatur.
791 2843 1154 2912 Praeterquam
1183 2843 1226 2896 si
1250 2843 1374 2912 quis
1393 2842 1690 2911 cupiditate
1713 2843 1898 2912 gloriae
1918 2882 1934 2905 ,
1961 2845 2108 2914 quod

556 2935 678 3003 plus
716 2933 880 2994 boni,
931 2939 991 2985 ut
1032 2932 1120 2986 isti
1165 2931 1403 3000 ﬁngunt,
1449 2931 1647 2985 habere
1689 2931 1958 2994 videatur.
1992 2941 2111 2987 stu-

556 3025 705 3078 dium
736 3023 989 3077 adhibeat
1007 3061 1023 3084 ,
1048 3030 1143 3084 ut,
1169 3021 1346 3091 quoad
1375 3023 1490 3075 ﬁeri
1519 3030 1731 3091 potest,
1759 3039 1866 3076 non
1891 3031 2108 3092 peccet,

558 3123 617 3168 ut
649 3114 995 3168 manifestum
1027 3112 1220 3177 faciat,
1253 3128 1363 3167 non
1393 3113 1612 3167 aliunde
1643 3129 1808 3183 quam
1837 3129 1868 3167 a
1898 3129 1957 3169 se
1984 3127 2112 3183 pec-

555 3213 735 3261 catum
767 3205 1058 3274 proﬁcisci.
1090 3203 1504 3259 Existimabitur
1546 3214 1726 3260 tamen
1775 3206 1914 3276 apud
1961 3207 2111 3276 ipsos
2137 3226 2178 3282 ε
2209 3215 2289 3267 λει
2309 3233 2323 3246 ο

555 3295 744 3350 melior
772 3311 894 3350 esse
924 3303 1145 3365 propter
1171 3295 1548 3349 admistionem
1579 3303 1823 3358 natum,
1867 3297 1958 3366 qui
1998 3311 2109 3350 non

555 3396 785 3452 natura,
815 3387 910 3443 sed
937 3387 1120 3441 labore
1148 3395 1202 3442 et
1225 3385 1426 3441 sudore
1457 3402 1590 3440 usus
1619 3394 1738 3452 est,
1768 3387 1860 3456 qui
1890 3388 2109 3456 quidem

555 3481 765 3551 putabit
793 3495 852 3535 se
879 3479 1125 3541 laudari,
1157 3493 1278 3532 cum
1311 3479 1512 3547 alioqui
1557 3493 1685 3532 vera
1729 3478 1888 3533 laude
1931 3480 2114 3549 prive-

557 3585 667 3630 tur.
699 3573 894 3628 Veram
923 3573 1066 3628 enim
1095 3572 1320 3640 gloriam
1353 3586 1420 3625 ex
1464 3571 1651 3624 labore
1688 3585 1752 3624 ac
1795 3572 1977 3626 studio
2006 3573 2115 3626 vir-

557 3667 691 3722 tutis
730 3665 1162 3736 proliciscentem
1199 3662 1535 3730 relinquens,
1585 3662 1629 3716 si
1663 3664 1881 3733 quidem
1927 3664 2112 3733 pietati

553 3773 682 3828 erga
709 3756 876 3810 Deum
901 3753 1188 3814 studebat,
1216 3753 1598 3807 necessitatem
1629 3763 1836 3808 natura:
1865 3756 2111 3824 rapinam

557 3865 679 3904 eSse
707 3849 845 3904 falso
868 3847 1055 3910 ducit,
1085 3846 1180 3914 qui
1208 3845 1497 3898 utilitatem
1524 3845 1804 3901 industria:
1828 3847 1896 3901 ad
1923 3848 2115 3916 impie-

559 3948 730 3994 tatem
761 3941 817 3994 in
846 3937 1014 3993 Deum
1045 3937 1263 3990 adhibet
1289 3953 1305 4000 ;
1339 3944 1398 3988 ut
1433 3951 1532 3989 nec
1563 3938 1779 3991 animus
1807 3938 2034 4008 ignaviae
2062 3948 2115 3992 et

559 4030 769 4084 inertia:
796 4029 1042 4090 deditus,
1069 4041 1192 4079 cum
1225 4025 1365 4078 male
1393 4027 1537 4095 agit,
1571 4036 1861 4098 pungatur,
1905 4029 1951 4082 si
1988 4031 2114 4098 qui-

555 4120 684 4173 dem
738 4119 894 4172 alteri
947 4119 1162 4172 cuidam
1223 4118 1493 4184 principio
1547 4120 1790 4173 actiones
1845 4121 2111 4174 ascribit:

563 4225 735 4278 neque
781 4211 874 4280 qui
924 4208 1102 4263 studio
1145 4207 1338 4270 utitur,
1384 4207 1545 4262 laude
1585 4209 1784 4279 dignus
1827 4211 2112 4276 habeatur,

560 4303 757 4372 quippe
796 4301 887 4371 qui
928 4301 982 4353 in
1025 4300 1077 4353 id
1123 4298 1446 4367 cogitatione
1481 4300 1800 4367 incumbat,
1851 4304 1993 4371 quod
2032 4312 2117 4357 est

558 4393 800 4447 omnium
837 4387 1237 4442 atrocissimum
1259 4425 1273 4448 ,
1309 4386 1523 4442 institui
1559 4390 1770 4444 scilicet
1803 4390 1871 4443 ad
1924 4392 2116 4460 impie-

558 4492 725 4539 tatem
755 4482 1013 4535 adversus
1045 4477 1233 4532 Deum.

2196 558 2413 628 τήματα
2456 556 2785 627 νομίζοντες,
2822 556 2916 608 ἆτε
2948 555 3012 626 δὴ
3043 555 3117 626 μὴ
3152 555 3228 618 ὡς
3253 553 3361 607 ἀπό
3399 571 3542 616 τινος
3582 553 3748 624 ἀρχῆς

2196 649 2317 701 καθ’
2362 647 2519 719 ἡμῶν
2561 648 2750 718 ῥέοντα
2773 689 2789 711 ,
2835 647 2948 699 ἀλλ’
2988 647 3173 717 ἕτερόν
3213 663 3331 698 τινα
3378 645 3577 718 τρόπον
3619 644 3747 716 πρὸς

2196 739 2352 810 ἡμῶν
2394 740 2737 810 πραττόμενα
2771 738 2848 807 (ὃν
2889 740 2918 790 ὁ
2958 738 3114 806 λόγος
3153 735 3338 806 σαφῶς
3387 735 3528 790 κατά
3568 735 3748 808 καιρὺν

2202 829 2573 902 ἑρμηνεύσει),
2610 831 2675 883 ού
2706 831 2864 901 μόνον
2904 831 2983 893 είς
3014 830 3145 882 Θεὸν
3185 831 3285 882 ούκ
3317 827 3640 897 ἀσεϐοὖμεν,
3681 826 3748 899 μὴ

2195 919 2498 989 τολμῶντες
2547 918 2709 973 αὐτοῦ
2749 918 3238 990 καταστοχάζεσθαι
3279 916 3518 988 χαλεπὴν
3563 916 3748 969 ἀδυνα-

2201 1010 2349 1080 μίαν,
2380 1010 2474 1063 τοῦ
2503 1011 2830 1063 ἀνθεστάναι
2873 1010 3040 1080 κακίᾳ
3077 1011 3141 1080 τῇ
3184 1009 3258 1079 μὴ
3299 1008 3455 1078 οὔσῃ,
3488 1006 3624 1060 ἀλλά
3666 1007 3751 1060 καὶ

2197 1101 2265 1154 τά
2285 1101 2630 1173 πραττόμενα
2654 1101 2788 1173 πρὸς
2814 1101 2968 1171 ἡμῶν
2994 1101 3190 1164 κακίας
3423 1099 3613 1152 παύειν
3639 1099 3751 1152 ἐπι-

2197 1194 2484 1266 χειροῦμεν
2508 1237 2523 1262 ,
2563 1195 2640 1264 τῷ
2687 1212 2737 1263 γε
2772 1195 2959 1263 σαφῶς
3003 1195 3114 1256 τοῖς
3160 1192 3516 1263 προσέχουσιν
3547 1191 3753 1244 ἀποδει-

2199 1293 2408 1358 κνύναι,
2438 1291 2514 1355 ὡς
2558 1291 2625 1343 τὰ
2659 1291 2795 1362 πρὸς
2843 1290 3000 1360 ἡμῶν
3037 1287 3291 1359 ἀλήθειαν
3336 1287 3527 1358 ἔχοντα
3553 1285 3644 1338 τοῦ
3671 1286 3751 1354 γί-

2197 1383 2418 1452 γνεσθαι
2454 1384 2553 1453 τὴν
2585 1383 2780 1453 ἀρχὴν,
2827 1379 3071 1450 smper;
3099 1379 3166 1432 ἂν
3213 1378 3308 1431 καὶ
3351 1378 3500 1440 τέλος·
3548 1376 3641 1428 τοῦ
3684 1377 3751 1446 μὴ

2197 1475 2477 1543 γίγνεσθαι
2506 1474 2683 1535 λάϐοι,
2714 1476 2763 1526 εί
2795 1474 2889 1526 καὶ
2925 1459 2998 1542 μή
3042 1470 3192 1543 παρά
3220 1473 3383 1522 πᾶσιν
3404 1488 3418 1500 ο
3445 1471 3506 1522 οὐ
3547 1469 3654 1540 γάρ
3676 1470 3752 1537 ἐφ’

2199 1568 2411 1637 ἑκάστῳ
2437 1567 2496 1620 τὸ
2518 1567 2766 1628 καθόλου,
2796 1565 2932 1618 ἀλλά
2955 1581 3016 1632 γε
3048 1566 3176 1634 παρ’
3203 1564 3416 1632 ἑκάστῳ
3442 1563 3547 1615 τῶν
3574 1564 3755 1614 ἐσπου-

2197 1660 2436 1713 δακότων
2476 1659 2691 1728 (δεῖγμα
2969 1655 3063 1708 τοῦ
3107 1655 3356 1718 καθόλου,
3409 1654 3469 1706 τὺ
3516 1653 3601 1721 ἐφ’
3640 1653 3755 1706 ἐκά-

2203 1767 2327 1803 στου
2375 1747 2763 1818 ἐνδεχόμενον).
2815 1748 2874 1799 '0
2909 1745 3089 1814 μέντοι
3134 1742 3473 1814 βαρϐαρικὴν
3516 1741 3757 1794 ἀσέϐειαν

2199 1839 2513 1909 ἐπινοήσας,
2548 1839 2780 1908 ἄναρχον
2826 1835 3023 1888 κακίαν
3075 1833 3215 1886 κατὰ
3259 1832 3349 1884 τοῦ
3392 1829 3527 1884 Θεοῦ
3557 1829 3759 1901 ἀληθῶς

2202 1931 2436 2001 ἀνάρχου
2459 1930 2551 1983 καὶ
2580 1929 2739 1999 μόνου
2769 1927 3135 1996 πλασάμενος,
3167 1923 3264 1978 καὶ
3293 1923 3549 1995 δευτέραν
3592 1922 3755 1993 ἀρχὴν

2202 2024 2405 2094 ταύτην
2449 2021 2687 2093 μανικῶς
2730 2020 3074 2090 ὁρισάμενος,
3108 2018 3168 2070 ού
3206 2017 3364 2088 μόνον
3403 2017 3461 2068 ἐν
3507 2016 3597 2088 [an
3619 2013 3758 2078 τάξει

2203 2114 2383 2184 τίθησι
2414 2113 2612 2166 κακίαν
2658 2111 2798 2180 Θεῷ,
2840 2110 3027 2180 ὥσπερ
3056 2109 3284 2179 τιμῆσαι
3314 2108 3515 2177 ταύτην
3559 2110 3587 2160 ὁ
3609 2106 3762 2176 δῆθεν

2209 2206 2380 2277 μισῶν
2427 2203 2806 2275 προελόμενος,
2848 2202 2984 2256 ἀλλά
3020 2202 3114 2255 καὶ
3155 2202 3352 2255 ἀνίατα
3386 2201 3556 2270 πάντη
3597 2198 3663 2250 τά
3702 2199 3761 2250 ἐκ

2204 2301 2304 2369 τῆς
2334 2299 2570 2368 ἀνάρχου
2596 2296 2786 2367 ῥέοντα
2811 2294 2956 2348 κακὰ
2982 2295 3288 2360 ἐπάναγκες
3310 2291 3553 2359 φάσκων,
3579 2287 3762 2358 ἀδιὼρ-

2207 2391 2375 2443 θωτον
2424 2390 2573 2460 παρά
2608 2386 2913 2459 ἀνθρώποις
2955 2387 3053 2456 τὴν
3085 2385 3299 2438 ἀδικίαν
3329 2382 3624 2444 ἐπιϐούλως
3661 2382 3761 2433 οίε-

2211 2482 2332 2534 σθαι
2367 2483 2509 2532 ποιεί
2552 2481 2678 2542 τοὺς
2717 2477 3067 2548 πειθομένους
3104 2474 3252 2544 αὐτῷ
3274 2492 3288 2504 ·
3325 2473 3462 2526 ὥστε
3509 2470 3762 2542 προλήψει

2207 2572 2305 2642 τῆς
2330 2570 2437 2623 τῶν
2463 2569 2871 2640 ἁμαρτημάτων
2900 2567 3090 2636 ἡδονῆς
3117 2563 3508 2636 πῳϐάλλεσθαι
3534 2562 3651 2614 ἀντὶ
3673 2561 3764 2629 τῆς

2208 2663 2542 2734 ἐπιστροφῆς
2574 2663 2671 2732 τὴν
2711 2661 3097 2730 ἀπαγόρευσιν.
3129 2658 3202 2720 ὡς
3243 2655 3498 2708 ἀδύνατον
3540 2653 3762 2724 ἀνάρχου

2209 2756 2402 2819 κακίας
2445 2757 2685 2824 ἐπισχεῖν
2866 2751 3064 2821 φοράν·
3102 2750 3240 2819 πλὴν
3283 2749 3330 2799 εί
3368 2748 3441 2816 μή
3473 2763 3556 2808 1t;
3586 2743 3766 2796 ἐπιθυ-

2212 2848 2310 2918 μία
2336 2847 2492 2915 δόξης
2534 2844 2626 2896 τοῦ
2659 2845 2834 2896 δοκεῖν
2866 2843 2927 2894 τὸ
2967 2842 3129 2894 πλέον
3161 2842 3225 2891 ἐκ
3252 2836 3344 2889 τοῦ
3375 2835 3579 2905 ἀγαθοῦ
3611 2835 3764 2904 ἔχειν,

2208 2938 2282 3001 ὡς
2327 2937 2391 3007 δὴ
2448 2934 2817 3006 μυθολογοῦσι,
2872 2933 3174 2994 σπουδάσας
3220 2930 3338 3002 μὲν,
3385 2927 3767 2999 κατορθώσειεν

2209 3029 2284 3094 ὡς
2317 3026 2427 3083 οἷόν
2471 3046 2533 3081 τε
2574 3029 2636 3081 τὸ
2677 3029 2751 3098 μὴ
2794 3028 3145 3098 ἁμαρτάνειν,
3183 3024 3258 3086 ὡς
3302 3021 3528 3075 αὐτόθεν
3555 3018 3767 3089 ποιῆσαι

2209 3123 2386 3192 δῆλον,
2430 3121 2506 3184 ὡς
2526 3121 2623 3190 οὐχ
2656 3119 2938 3190 ἑτέρωθεν,
2969 3117 3104 3172 ἀλλά
3133 3117 3261 3187 παρ’
3296 3113 3461 3167 αὑτοῦ
3491 3110 3767 3183 ἐπλημμέ-

2372 3215 2522 3284 δμως
2567 3214 2612 3267 δ’
2654 3211 3022 3282 ἀπενέγκηταί
3054 3227 3174 3262 τινα
3208 3208 3365 3273 δόξαν
3400 3209 3532 3277 παρ’
3571 3207 3767 3268 αὐτοῖς,

2212 3307 2288 3370 ὡς
2317 3306 2414 3376 τὴν
2441 3306 2636 3376 κρᾶσιν
2666 3305 2750 3374 εἴη
2784 3302 3005 3373 βελτίων
3027 3301 3128 3371 τῆς
3155 3299 3390 3369 φύσεως,
3423 3300 3454 3350 ὁ
3491 3296 3564 3367 μὴ
3596 3294 3766 3364 φύσει,

2212 3399 2361 3468 πόνῳ
2405 3397 2461 3449 δὲ
2503 3397 2597 3448 καὶ
2645 3395 2828 3467 ἱδρῶτι
2868 3393 3184 3465 χρώμενος’
3231 3391 3292 3454 ὃς
3321 3391 3387 3460 δὴ
3419 3389 3515 3442 καὶ¹
3545 3387 3772 3441 ἐπαινεῖ-

2215 3489 2339 3543 σθαι
2367 3488 2514 3542 οἴοιτ’
2541 3487 2628 3551 ἂν,
2652 3486 2745 3538 τοῦ
2766 3485 2997 3556 ἀληθοῦς
3017 3484 3239 3538 ἐπαίνου
3271 3478 3772 3553 στερούμενος.Τὴν

2213 3580 2320 3650 γὰρ
2353 3577 2593 3642 εὐδοξίαν
2623 3575 2717 3629 τοῦ
2763 3575 2925 3628 πονου
2962 3574 3061 3645 τῆς
3101 3572 3322 3643 ἀρετῆς,
3362 3572 3473 3637 είγε
3507 3568 3607 3637 τῆς
3626 3567 3774 3620 εὐσε-

2214 3671 2365 3733 ϐείας
2392 3670 2490 3738 τῆς
2513 3667 2646 3738 πρὸς
2663 3665 2792 3719 Θεὸν
2812 3665 3024 3734 ἠνύετο,
3041 3662 3486 3731 καταλιμπάνων,
3510 3658 3772 3729 ἅρπαγμα

2212 3760 2419 3832 ψευδῶς
2447 3760 2506 3812 τὸ
2534 3759 2827 3826 ἀναγκαῖον
2859 3757 2954 3827 τῆς
2997 3754 3210 3824 φύσεως
3238 3755 3472 3823 ἡγεῖται,
3504 3751 3565 3805 τὸ
3588 3751 3773 3821 χρήσι-

2218 3871 2315 3923 μον
2340 3853 2441 3921 τῆς
2463 3849 2771 3919 φιλοπονίας
2800 3849 2933 3918 :90;
2959 3847 3210 3900 ἀσέϐειαν
3239 3844 3380 3898 κατά
3413 3843 3546 3897 Θεοῦ
3581 3859 3770 3914 μετερ-

2215 3947 2463 4015 χόμενος·
2489 3944 2564 4006 ὡς
2591 3944 2726 4012 μήτε
2767 3941 2855 3992 τὸν
2909 3939 3158 4011 ῥαστώνῃ
3188 3939 3575 4009 προσκείμενον
3607 3934 3775 4005 πλήτ-

2215 4033 2400 4085 τεσθαι
2443 4032 2534 4083 τὸν
2569 4031 2690 4083 νοῦν
2719 4027 3191 4100 κακοπραγοῦντα,
3229 4028 3344 4094 εἴγε
3536 4029 3600 4096 τῇ
3627 4026 3769 4096 ἀρχῇ

2216 4125 2476 4190 λογίζοιτο
2514 4124 2580 4175 τά
2618 4121 2980 4192 πραττόμεναν
3023 4120 3157 4190 μήτε
3186 4119 3275 4171 τδν
3321 4119 3519 4188 σπωδῇ
3562 4116 3771 4187 Χρὼμε’

2217 4234 2304 4267 νον
2336 4216 2483 4278 ἄξιον
2517 4211 2653 4267 εἶναι
2699 4213 3102 4283 θαυμάζεσθαι,
3161 4212 3334 4264 καίτοι
3387 4209 3625 4279 λογισμῷ
3673 4224 3770 4259 m-

2215 4307 2409 4360 νοῦντα
2437 4307 2569 4377 πρὸς
2600 4307 2661 4358 τὸ
2684 4305 2792 4358 τῶν
2826 4305 3040 4357 πάντων
3063 4302 3459 4373 χαλεπώτατον,
3491 4301 3624 4374 πρὸς
3649 4298 3770 4353 ἀσέ-

2216 4397 2368 4450 ϐειαν
2398 4397 2540 4450 κατά
2563 4395 2697 4449 Θεοῦ
2728 4395 3227 4464 παιδαγωγηθῆναι.

1460 4593 1591 4650 CAP.
1632 4593 1719 4648 lll.
1756 4593 1890 4647 Mali
1924 4597 2159 4664 deﬁnitio
2198 4602 2478 4652 secundum
2511 4599 2849 4654 Manichazoa.

629 4714 762 4768 Cum
794 4728 921 4767 vero
949 4711 1228 4766 )Ianichaei
1259 4712 1524 4765 rationem
1551 4711 1843 4766 creatiouis
1867 4714 2052 4768 mundi
2080 4730 2108 4767 a

2282 4719 2372 4786 Μὴ
2412 4717 2678 4780 συνιέντες
2710 4718 2766 4770 δὲ
2803 4720 2851 4771 οἱ
2894 4719 2985 4771 ἀπ’
3025 4717 3233 4770 ἐκείνου
3268 4717 3365 4787 τῆς
3389 4716 3480 4769 τοῦ
3522 4716 3655 4771 Θεοῦ
3681 4718 3769 4786 51';-

557 4807 669 4862 Deo
698 4807 826 4862 facti
859 4824 965 4860 non
994 4806 1388 4875 intelligerent,
1417 4818 1528 4858 non
1551 4805 1725 4857 solum
1754 4807 1996 4861 actiones
2023 4807 2118 4860 ho-

559 4901 766 4951 minum
814 4914 844 4951 a
893 4899 1103 4951 ratione
1157 4912 1379 4951 aversas
1425 4898 1795 4958 excutientes,
1843 4911 1910 4951 eo
1952 4898 2115 4952 modo

553 5004 720 5058 quem
778 4987 1053 5050 diximus,
1103 4989 1238 5056 lapsi
1288 4994 1457 5051 sunt,
1501 4987 1596 5040 sed
1639 4987 1802 5039 etiam
1853 4990 2115 5056 plurimas

555 5091 841 5133 creaturas
864 5119 879 5141 ,
911 5079 1020 5132 imo
1053 5078 1164 5133 fere
1191 5079 1370 5132 omnia
1413 5079 1466 5131 in
1506 5077 1710 5132 crimen
1748 5091 2113 5147 vocaverunt,

555 5187 677 5242 quae
705 5171 907 5224 nullam
939 5180 1114 5222 tamen
1144 5172 1593 5240 vituperationem
1625 5185 1747 5224 vere
1778 5171 2070 5225 admittunt
2095 5192 2109 5238 ;

558 5260 700 5311 mala
726 5265 904 5312 autem
930 5258 1042 5310 h:ec
1061 5259 1492 5325 appellaverunt,
1523 5259 1580 5311 in
1605 5259 1726 5313 aliis
1753 5260 1973 5328 quidem
2004 5262 2109 5314 mi—

551 5351 790 5405 stionetn
819 5350 1255 5413 contrariorum,
1301 5351 1431 5404 boni
1475 5353 1686 5406 scilicet
1733 5365 1787 5408 et
1836 5356 2004 5418 mali,
2055 5367 2112 5410 ut

555 5442 869 5510 loquuntur,
905 5441 1269 5504 mentientes;
1300 5441 1356 5493 in
1400 5441 1520 5496 aliis
1566 5459 1694 5497 vero
1741 5445 1940 5498 malum
1981 5447 2114 5500 sim-

557 5535 678 5602 pler
707 5547 762 5588 et
789 5534 954 5588 unius
989 5532 1175 5586 formae
1204 5533 1660 5603 reprehendentes
1689 5555 1704 5588 :
1751 5547 1807 5592 et
1849 5547 2112 5606 quantum

557 5625 609 5674 in
633 5625 767 5691 ipsis
797 5625 896 5678 fuit
916 5666 931 5687 ,
960 5626 1140 5678 omnia
1168 5624 1550 5688 confuderunt,
1579 5629 1912 5696 appellantes
1942 5631 2104 5695 mala,

557 5731 675 5784 qua:
701 5719 919 5772 minime
949 5721 1084 5772 mala
1117 5728 1260 5774 sunt.
1297 5716 1353 5772 Si
1387 5719 1532 5774 enim
1559 5720 1884 5788 iniustitiam
1915 5725 1970 5778 in
1997 5741 2105 5794 qua

2216 4810 2498 4879 μιουργίας
2543 4810 2633 4862 τὸν
2677 4811 2853 4878 λόγον,
2883 4811 2942 4862 ού
2976 4811 3135 4879 μόνον
3176 4808 3283 4862 τῶν
3675 4810 3769 4871 τὰς

2215 4903 2553 4973 παραλόγους
2582 4905 2804 4975 πράξεις
2827 4905 3198 4968 ἐξετάσαντες,
3221 4903 3315 4956 τὸν
3352 4903 3637 4972 εἰρημένον
3660 4902 3771 4971 τῴ-

2215 5011 2315 5046 πον
2345 4995 2675 5062 ἐσφάλησαν,
2711 4997 2844 5048 ἀλλὰ
2872 4998 2966 5048 καὶ
2991 4995 3213 5047 πλεῖστα
3237 4995 3343 5046 τῶν
3365 4994 3772 5066 δημιουργημά-

2214 5104 2321 5138 των
2341 5104 2356 5116 ·
2392 5087 2588 5156 μᾶλλον
2624 5089 2716 5140 καὶ
2761 5089 2942 5158 σχεδον
2975 5089 3208 5152 ᾶπαντα,
3233 5087 3396 5155 ψόγον
3423 5087 3611 5138 ούδὲνα
3636 5085 3772 5138 κατά

2218 5180 2279 5232 τὺ
2326 5180 2522 5250 ἀληθὲς
2570 5181 2943 5250 ἐπιδεχόμενα,
2978 5181 3220 5233 διέϐαλον
3245 5197 3258 5208 ·
3307 5179 3453 5231 κακά
3498 5179 3556 5232 δὲ
3607 5177 3776 5231 ταῦτα

2219 5277 2537 5343 προσεῖπον,
2563 5274 2670 5326 τῶν
2714 5275 2811 5343 μὲν
2838 5275 3032 5343 κρᾶσιν
3078 5274 3186 5326 τῶν
3211 5273 3485 5333 ἐναντίων,
3523 5271 3598 5335 ὥς
3622 5286 3775 5340 φασι,

2218 5364 2387 5416 κακοῦ
2417 5381 2479 5417 τε
2521 5366 2613 5417 καὶ
2653 5364 2855 5432 ἀγαθοῦ
2899 5365 3388 5435 καταψευσάμενοι,
3427 5364 3534 5417 τῶν
3573 5363 3630 5416 δὲ
3677 5378 3777 5432 μο-

2217 5455 2393 5526 νοειδῆ
2428 5457 2625 5511 κακίαν
2669 5458 3037 5521 κατειπόντες,
3086 5459 3179 5511 καὶ
3228 5457 3483 5527 συνέχεαν
3525 5457 3648 5524 τόγε
3687 5454 3779 5505 ἐπ’

2218 5549 2401 5610 αὐτοῖς
2427 5548 2494 5599 τά
2514 5548 2709 5610 πάντα,
2736 5548 2881 5602 κακά
2905 5548 2975 5601 τὰ
3003 5548 3267 5619 μηδαμῶς
3289 5547 3434 5600 κακά
3465 5542 3786 5616 προσειπόν-

2212 5654 2322 5700 τες.
2357 5639 2419 5690 ΕΞ
2450 5639 2546 5707 μὲν
2579 5639 2685 5710 γὰρ
2712 5639 2810 5709 τὴν
2839 5642 2989 5712 παρὰ
3017 5639 3323 5711 ἀνθρώποις
3362 5638 3574 5692 ἀδικίαν
3612 5636 3786 5706 μόνην

2213 5721 2376 5779 οὖσαν
2418 5727 2629 5780 ἀδικίαν
2670 5729 2913 5783 διέϐαλον
2955 5734 3034 5794 εἰς
3076 5733 3294 5795 κακίαν,
3342 5729 3508 5799 ἐχρῆν
3549 5728 3646 5798 μὲν
3685 5725 3788 5779 καὶ
