  <div class='ocr_page' id='page_1' title='image "/cluster/home/n/w/nwhite01/storage/ocr_20150623/18/mdp.39015008168943/562.png"; bbox 0 0 4064 6290; ppageno 0'>
   <div class='ocr_carea' id='block_1_1' title="bbox 304 353 438 409">
    <p class='ocr_par' dir='ltr' id='par_1_1' title="bbox 304 353 438 409">
     <span class='ocr_line' id='line_1_1' title="bbox 304 353 438 409; baseline -0.022 0"><span class='ocrx_word' id='word_1_1' title='bbox 304 353 438 409; x_wconf 72' lang='grc' dir='ltr'><strong>10Ῑό</strong></span> 
     </span>
    </p>
   </div>
   <div class='ocr_carea' id='block_1_2' title="bbox 1364 345 2431 406">
    <p class='ocr_par' dir='ltr' id='par_1_2' title="bbox 1364 345 2431 406">
     <span class='ocr_line' id='line_1_2' title="bbox 1364 345 2431 406; baseline -0.007 -1"><span class='ocrx_word' id='word_1_2' title='bbox 1364 349 1731 406; x_wconf 83' lang='lat' dir='ltr'><strong>ADVERSUS</strong></span> <span class='ocrx_word' id='word_1_3' title='bbox 1769 345 2184 403; x_wconf 69' lang='lat' dir='ltr'><strong>MANICHA‘IOS</strong></span> <span class='ocrx_word' id='word_1_4' title='bbox 2221 345 2347 400; x_wconf 90' lang='lat' dir='ltr'><strong>LIB.</strong></span> <span class='ocrx_word' id='word_1_5' title='bbox 2393 345 2431 399; x_wconf 89' lang='grc' dir='ltr'><strong>Ι.</strong></span> 
     </span>
    </p>
   </div>
   <div class='ocr_carea' id='block_1_3' title="bbox 3385 344 3521 398">
    <p class='ocr_par' dir='ltr' id='par_1_3' title="bbox 3385 344 3521 398">
     <span class='ocr_line' id='line_1_3' title="bbox 3385 344 3521 398; baseline 0.015 -2"><span class='ocrx_word' id='word_1_6' title='bbox 3385 344 3482 397; x_wconf 74' lang='grc' dir='ltr'><strong>1θῖ</strong></span> <span class='ocrx_word' id='word_1_7' title='bbox 3493 346 3521 398; x_wconf 81' lang='grc' dir='ltr'><strong>ι</strong></span> 
     </span>
    </p>
   </div>
   <div class='ocr_carea' id='block_1_4' title="bbox 301 452 1863 533">
    <p class='ocr_par' dir='ltr' id='par_1_4' title="bbox 301 458 1863 533">
     <span class='ocr_line' id='line_1_4' title="bbox 301 458 1863 533; baseline -0.003 -17"><span class='ocrx_word' id='word_1_8' title='bbox 301 462 472 524; x_wconf 76' lang='grc' dir='ltr'>οὕτως</span> <span class='ocrx_word' id='word_1_9' title='bbox 500 458 892 529; x_wconf 77' lang='grc' dir='ltr'>ἀσφαλίζεσθαι</span> <span class='ocrx_word' id='word_1_10' title='bbox 921 461 968 513; x_wconf 88' lang='grc' dir='ltr'>τ’</span> <span class='ocrx_word' id='word_1_11' title='bbox 999 459 1169 531; x_wconf 73' lang='grc' dir='ltr'>ὄνομα</span> <span class='ocrx_word' id='word_1_12' title='bbox 1198 461 1291 516; x_wconf 75' lang='grc' dir='ltr'>καὶ</span> <span class='ocrx_word' id='word_1_13' title='bbox 1317 461 1414 532; x_wconf 82' lang='grc' dir='ltr'>τὴν</span> <span class='ocrx_word' id='word_1_14' title='bbox 1440 463 1565 533; x_wconf 64' lang='grc' dir='ltr'><strong>περὶ¹</strong></span> <span class='ocrx_word' id='word_1_15' title='bbox 1597 462 1763 531; x_wconf 79' lang='grc' dir='ltr'>αὐτῆς</span> <span class='ocrx_word' id='word_1_16' title='bbox 1789 461 1863 513; x_wconf 92' lang='grc' dir='ltr'>δό-</span> 
     </span>
    </p>
   </div>
   <div class='ocr_carea' id='block_1_5' title="bbox 1963 452 3524 533">
    <p class='ocr_par' dir='ltr' id='par_1_5' title="bbox 1975 452 3524 524">
     <span class='ocr_line' id='line_1_5' title="bbox 1975 452 3524 524; baseline -0.001 -13"><span class='ocrx_word' id='word_1_17' title='bbox 1975 458 2220 513; x_wconf 79' lang='lat' dir='ltr'><strong>homines</strong></span> <span class='ocrx_word' id='word_1_18' title='bbox 2248 463 2406 518; x_wconf 87' lang='lat' dir='ltr'><strong>sunt,</strong></span> <span class='ocrx_word' id='word_1_19' title='bbox 2438 469 2556 524; x_wconf 68' lang='lat' dir='ltr'><strong>quae</strong></span> <span class='ocrx_word' id='word_1_20' title='bbox 2585 454 2700 508; x_wconf 90' lang='lat' dir='ltr'><strong>sola</strong></span> <span class='ocrx_word' id='word_1_21' title='bbox 2731 460 2815 509; x_wconf 91' lang='lat' dir='ltr'><strong>est</strong></span> <span class='ocrx_word' id='word_1_22' title='bbox 2858 452 3123 522; x_wconf 85' lang='lat' dir='ltr'><strong>injustitia</strong></span> <span class='ocrx_word' id='word_1_23' title='bbox 3148 493 3162 517; x_wconf 91' lang='lat'><strong>,</strong></span> <span class='ocrx_word' id='word_1_24' title='bbox 3201 466 3524 510; x_wconf 77' lang='lat' dir='ltr'><strong>accusarent</strong></span> 
     </span>
    </p>
   </div>
   <div class='ocr_carea' id='block_1_6' title="bbox 302 551 1864 624">
    <p class='ocr_par' dir='ltr' id='par_1_6' title="bbox 302 551 1864 624">
     <span class='ocr_line' id='line_1_6' title="bbox 302 551 1864 624; baseline -0.004 -14"><span class='ocrx_word' id='word_1_25' title='bbox 302 555 418 622; x_wconf 79' lang='grc' dir='ltr'>ξαν,</span> <span class='ocrx_word' id='word_1_26' title='bbox 449 553 524 616; x_wconf 86' lang='grc' dir='ltr'>ὡς</span> <span class='ocrx_word' id='word_1_27' title='bbox 543 551 890 622; x_wconf 74' lang='grc' dir='ltr'><strong>ὑπαρχούσης</strong></span> <span class='ocrx_word' id='word_1_28' title='bbox 910 553 1002 605; x_wconf 76' lang='grc' dir='ltr'><strong>καὶ</strong></span> <span class='ocrx_word' id='word_1_29' title='bbox 1038 552 1110 624; x_wconf 84' lang='grc' dir='ltr'>μὴ</span> <span class='ocrx_word' id='word_1_30' title='bbox 1133 553 1498 623; x_wconf 71' lang='grc' dir='ltr'><strong>ὑπαρχούσης,</strong></span> <span class='ocrx_word' id='word_1_31' title='bbox 1525 553 1580 606; x_wconf 77' lang='grc' dir='ltr'><strong>ἐν</strong></span> <span class='ocrx_word' id='word_1_32' title='bbox 1601 571 1659 606; x_wconf 89' lang='grc' dir='ltr'><strong>τε</strong></span> <span class='ocrx_word' id='word_1_33' title='bbox 1686 554 1758 623; x_wconf 72' lang='lat'><strong>(2)</strong></span> <span class='ocrx_word' id='word_1_34' title='bbox 1789 553 1864 623; x_wconf 84' lang='grc' dir='ltr'><strong>τῷ</strong></span> 
     </span>
    </p>
   </div>
   <div class='ocr_carea' id='block_1_7' title="bbox 302 644 1866 717">
    <p class='ocr_par' dir='ltr' id='par_1_7' title="bbox 302 644 1866 717">
     <span class='ocr_line' id='line_1_7' title="bbox 302 644 1866 717; baseline -0.002 -15"><span class='ocrx_word' id='word_1_35' title='bbox 302 645 658 717; x_wconf 84' lang='grc' dir='ltr'>πράττεσθαι,</span> <span class='ocrx_word' id='word_1_36' title='bbox 705 645 797 697; x_wconf 81' lang='grc' dir='ltr'><strong>καὶ</strong></span> <span class='ocrx_word' id='word_1_37' title='bbox 845 644 920 715; x_wconf 87' lang='grc' dir='ltr'>μὴ</span> <span class='ocrx_word' id='word_1_38' title='bbox 957 644 1323 714; x_wconf 86' lang='grc' dir='ltr'>πράττεσθαι·</span> <span class='ocrx_word' id='word_1_39' title='bbox 1363 646 1560 716; x_wconf 72' lang='grc' dir='ltr'>ἥκιστα</span> <span class='ocrx_word' id='word_1_40' title='bbox 1597 646 1652 698; x_wconf 86' lang='grc' dir='ltr'>δὲ</span> <span class='ocrx_word' id='word_1_41' title='bbox 1695 647 1866 716; x_wconf 80' lang='grc' dir='ltr'>ἀρχὴν</span> 
     </span>
    </p>
   </div>
   <div class='ocr_carea' id='block_1_8' title="bbox 303 733 1868 806">
    <p class='ocr_par' dir='ltr' id='par_1_8' title="bbox 303 733 1868 806">
     <span class='ocr_line' id='line_1_8' title="bbox 303 733 1868 806; baseline -0.003 -15"><span class='ocrx_word' id='word_1_42' title='bbox 303 738 613 805; x_wconf 75' lang='grc' dir='ltr'><strong>ἐπεισάγειν</strong></span> <span class='ocrx_word' id='word_1_43' title='bbox 659 735 827 805; x_wconf 78' lang='grc' dir='ltr'>αὐτὴν</span> <span class='ocrx_word' id='word_1_44' title='bbox 854 733 1025 804; x_wconf 42' lang='grc' dir='ltr'>έκατά</span> <span class='ocrx_word' id='word_1_45' title='bbox 1078 735 1245 788; x_wconf 87' lang='grc' dir='ltr'>Θεοῦ·</span> <span class='ocrx_word' id='word_1_46' title='bbox 1303 736 1451 806; x_wconf 84' lang='grc' dir='ltr'>ὅμως</span> <span class='ocrx_word' id='word_1_47' title='bbox 1497 735 1540 788; x_wconf 92' lang='grc' dir='ltr'>δ’</span> <span class='ocrx_word' id='word_1_48' title='bbox 1583 735 1648 788; x_wconf 86' lang='grc' dir='ltr'><strong>ἂν</strong></span> <span class='ocrx_word' id='word_1_49' title='bbox 1684 736 1868 798; x_wconf 80' lang='grc' dir='ltr'>αὐτοῖς</span> 
     </span>
    </p>
   </div>
   <div class='ocr_carea' id='block_1_9' title="bbox 303 822 1868 900">
    <p class='ocr_par' dir='ltr' id='par_1_9' title="bbox 303 822 1868 900">
     <span class='ocr_line' id='line_1_9' title="bbox 303 822 1868 900; baseline -0.002 -18"><span class='ocrx_word' id='word_1_50' title='bbox 303 828 736 900; x_wconf 86' lang='grc' dir='ltr'>εὑπερίγραπτον</span> <span class='ocrx_word' id='word_1_51' title='bbox 780 822 848 896; x_wconf 82' lang='grc' dir='ltr'>ἦν</span> <span class='ocrx_word' id='word_1_52' title='bbox 874 828 934 879; x_wconf 77' lang='grc' dir='ltr'>τὸ</span> <span class='ocrx_word' id='word_1_53' title='bbox 976 827 1212 898; x_wconf 51' lang='grc' dir='ltr'>σφάλμα,</span> <span class='ocrx_word' id='word_1_54' title='bbox 1254 828 1388 882; x_wconf 73' lang='grc' dir='ltr'>Νυνὶ</span> <span class='ocrx_word' id='word_1_55' title='bbox 1424 828 1480 882; x_wconf 87' lang='grc' dir='ltr'>δὲ</span> <span class='ocrx_word' id='word_1_56' title='bbox 1516 827 1696 897; x_wconf 77' lang='grc' dir='ltr'>σχεδὸν</span> <span class='ocrx_word' id='word_1_57' title='bbox 1728 827 1868 880; x_wconf 83' lang='grc' dir='ltr'>ἀπα-</span> 
     </span>
    </p>
   </div>
   <div class='ocr_carea' id='block_1_10' title="bbox 304 919 1865 992">
    <p class='ocr_par' dir='ltr' id='par_1_10' title="bbox 304 919 1865 992">
     <span class='ocr_line' id='line_1_10' title="bbox 304 919 1865 992; baseline -0.002 -18"><span class='ocrx_word' id='word_1_58' title='bbox 304 939 403 974; x_wconf 91' lang='grc' dir='ltr'><strong>σαν</strong></span> <span class='ocrx_word' id='word_1_59' title='bbox 449 921 547 992; x_wconf 81' lang='grc' dir='ltr'><strong>τὴν</strong></span> <span class='ocrx_word' id='word_1_60' title='bbox 596 919 955 991; x_wconf 71' lang='grc' dir='ltr'><strong>δημιουργίαν</strong></span> <span class='ocrx_word' id='word_1_61' title='bbox 1008 921 1356 984; x_wconf 82' lang='grc' dir='ltr'><strong>κακίσαντες,</strong></span> <span class='ocrx_word' id='word_1_62' title='bbox 1415 919 1716 992; x_wconf 79' lang='grc' dir='ltr'>ὑπέρογκον</span> <span class='ocrx_word' id='word_1_63' title='bbox 1769 919 1865 990; x_wconf 88' lang='grc' dir='ltr'>τὴν</span> 
     </span>
    </p>
   </div>
   <div class='ocr_carea' id='block_1_11' title="bbox 306 1007 1864 1088">
    <p class='ocr_par' dir='ltr' id='par_1_11' title="bbox 306 1007 1864 1088">
     <span class='ocr_line' id='line_1_11' title="bbox 306 1007 1864 1088; baseline 0.001 -27"><span class='ocrx_word' id='word_1_64' title='bbox 306 1009 650 1080; x_wconf 71' lang='grc' dir='ltr'><strong>βλασφημίαν</strong></span> <span class='ocrx_word' id='word_1_65' title='bbox 685 1008 823 1062; x_wconf 87' lang='grc' dir='ltr'><strong>κατά</strong></span> <span class='ocrx_word' id='word_1_66' title='bbox 853 1007 986 1061; x_wconf 88' lang='grc' dir='ltr'>Θεοῦ</span> <span class='ocrx_word' id='word_1_67' title='bbox 1021 1009 1362 1079; x_wconf 78' lang='grc' dir='ltr'>πεποίηνται,</span> <span class='ocrx_word' id='word_1_68' title='bbox 1395 1010 1489 1062; x_wconf 78' lang='grc' dir='ltr'><strong>καὶ</strong></span> <span class='ocrx_word' id='word_1_69' title='bbox 1530 1011 1864 1088; x_wconf 62' lang='grc' dir='ltr'>παράγουσιγ</span> 
     </span>
    </p>
   </div>
   <div class='ocr_carea' id='block_1_12' title="bbox 303 1100 1865 1174">
    <p class='ocr_par' dir='ltr' id='par_1_12' title="bbox 303 1100 1865 1174">
     <span class='ocr_line' id='line_1_12' title="bbox 303 1100 1865 1174; baseline 0.001 -20"><span class='ocrx_word' id='word_1_70' title='bbox 303 1103 378 1165; x_wconf 87' lang='grc' dir='ltr'>ὡς</span> <span class='ocrx_word' id='word_1_71' title='bbox 403 1101 804 1171; x_wconf 78' lang='grc' dir='ltr'>ὁμολογούμενα</span> <span class='ocrx_word' id='word_1_72' title='bbox 835 1100 910 1170; x_wconf 84' lang='grc' dir='ltr'>τῷ</span> <span class='ocrx_word' id='word_1_73' title='bbox 947 1101 1088 1172; x_wconf 84' lang='grc' dir='ltr'>λόγῳ</span> <span class='ocrx_word' id='word_1_74' title='bbox 1131 1102 1223 1154; x_wconf 77' lang='grc' dir='ltr'><strong>καὶ</strong></span> <span class='ocrx_word' id='word_1_75' title='bbox 1267 1103 1440 1156; x_wconf 81' lang='grc' dir='ltr'>πάντα</span> <span class='ocrx_word' id='word_1_76' title='bbox 1475 1103 1540 1156; x_wconf 78' lang='grc' dir='ltr'><strong>τὰ</strong></span> <span class='ocrx_word' id='word_1_77' title='bbox 1573 1102 1734 1174; x_wconf 83' lang='grc' dir='ltr'>θηρία</span> <span class='ocrx_word' id='word_1_78' title='bbox 1771 1104 1865 1156; x_wconf 77' lang='grc' dir='ltr'><strong>καὶ</strong></span> 
     </span>
    </p>
   </div>
   <div class='ocr_carea' id='block_1_13' title="bbox 305 1191 1863 1264">
    <p class='ocr_par' dir='ltr' id='par_1_13' title="bbox 305 1191 1863 1264">
     <span class='ocr_line' id='line_1_13' title="bbox 305 1191 1863 1264; baseline 0.002 -20"><span class='ocrx_word' id='word_1_79' title='bbox 305 1192 372 1245; x_wconf 74' lang='grc' dir='ltr'>τὰ</span> <span class='ocrx_word' id='word_1_80' title='bbox 395 1191 658 1257; x_wconf 83' lang='grc' dir='ltr'>κνώδαλα,</span> <span class='ocrx_word' id='word_1_81' title='bbox 687 1192 784 1244; x_wconf 81' lang='grc' dir='ltr'><strong>οὑκ</strong></span> <span class='ocrx_word' id='word_1_82' title='bbox 821 1192 1050 1261; x_wconf 83' lang='grc' dir='ltr'>οἰόμενοι</span> <span class='ocrx_word' id='word_1_83' title='bbox 1079 1192 1274 1263; x_wconf 76' lang='grc' dir='ltr'>χρῆναι</span> <span class='ocrx_word' id='word_1_84' title='bbox 1297 1193 1432 1264; x_wconf 75' lang='grc' dir='ltr'>πρὸς</span> <span class='ocrx_word' id='word_1_85' title='bbox 1461 1192 1660 1262; x_wconf 82' lang='grc' dir='ltr'>ἀγαθοῦ</span> <span class='ocrx_word' id='word_1_86' title='bbox 1692 1194 1863 1248; x_wconf 82' lang='grc' dir='ltr'>ταῦτα</span> 
     </span>
    </p>
   </div>
   <div class='ocr_carea' id='block_1_14' title="bbox 307 1283 1864 1355">
    <p class='ocr_par' dir='ltr' id='par_1_14' title="bbox 307 1283 1864 1355">
     <span class='ocr_line' id='line_1_14' title="bbox 307 1283 1864 1355; baseline 0.001 -18"><span class='ocrx_word' id='word_1_87' title='bbox 307 1284 651 1355; x_wconf 84' lang='grc' dir='ltr'>γεγενῆσθαι,</span> <span class='ocrx_word' id='word_1_88' title='bbox 706 1284 804 1336; x_wconf 86' lang='grc' dir='ltr'><strong>οὑκ</strong></span> <span class='ocrx_word' id='word_1_89' title='bbox 850 1283 1094 1354; x_wconf 84' lang='grc' dir='ltr'>ἀχρηστα</span> <span class='ocrx_word' id='word_1_90' title='bbox 1144 1283 1323 1355; x_wconf 86' lang='grc' dir='ltr'>μόνον,</span> <span class='ocrx_word' id='word_1_91' title='bbox 1373 1284 1448 1347; x_wconf 88' lang='grc' dir='ltr'>ὼς</span> <span class='ocrx_word' id='word_1_92' title='bbox 1509 1284 1864 1355; x_wconf 81' lang='grc' dir='ltr'>ὑπειλήφασιν</span> 
     </span>
    </p>
   </div>
   <div class='ocr_carea' id='block_1_15' title="bbox 307 1372 1861 1446">
    <p class='ocr_par' dir='ltr' id='par_1_15' title="bbox 307 1372 1861 1446">
     <span class='ocr_line' id='line_1_15' title="bbox 307 1372 1861 1446; baseline 0.002 -20"><span class='ocrx_word' id='word_1_93' title='bbox 307 1374 455 1440; x_wconf 81' lang='grc' dir='ltr'>ὄντα,</span> <span class='ocrx_word' id='word_1_94' title='bbox 482 1373 617 1428; x_wconf 75' lang='grc' dir='ltr'>ἀλλὰ</span> <span class='ocrx_word' id='word_1_95' title='bbox 643 1375 735 1427; x_wconf 79' lang='grc' dir='ltr'><strong>καὶ</strong></span> <span class='ocrx_word' id='word_1_96' title='bbox 757 1372 873 1426; x_wconf 89' lang='grc' dir='ltr'>λίαν</span> <span class='ocrx_word' id='word_1_97' title='bbox 897 1372 1198 1446; x_wconf 86' lang='grc' dir='ltr'>ἀνθρώποις</span> <span class='ocrx_word' id='word_1_98' title='bbox 1228 1374 1626 1446; x_wconf 82' lang='grc' dir='ltr'>βλαϐερώτατα·</span> <span class='ocrx_word' id='word_1_99' title='bbox 1656 1377 1861 1431; x_wconf 88' lang='grc' dir='ltr'>καίτοι-</span> 
     </span>
    </p>
   </div>
   <div class='ocr_carea' id='block_1_16' title="bbox 306 1464 1864 1538">
    <p class='ocr_par' dir='ltr' id='par_1_16' title="bbox 306 1464 1864 1538">
     <span class='ocr_line' id='line_1_16' title="bbox 306 1464 1864 1538; baseline 0.001 -20"><span class='ocrx_word' id='word_1_100' title='bbox 306 1483 370 1535; x_wconf 91' lang='grc' dir='ltr'><strong>γε</strong></span> <span class='ocrx_word' id='word_1_101' title='bbox 398 1465 672 1536; x_wconf 83' lang='grc' dir='ltr'><strong>δειχθῆναι</strong></span> <span class='ocrx_word' id='word_1_102' title='bbox 699 1464 992 1535; x_wconf 85' lang='grc' dir='ltr'>δυνάμενα,</span> <span class='ocrx_word' id='word_1_103' title='bbox 1024 1464 1098 1528; x_wconf 85' lang='grc' dir='ltr'>ὼς</span> <span class='ocrx_word' id='word_1_104' title='bbox 1130 1465 1327 1534; x_wconf 80' lang='grc' dir='ltr'>μᾶλλον</span> <span class='ocrx_word' id='word_1_105' title='bbox 1353 1465 1741 1538; x_wconf 84' lang='grc' dir='ltr'>ὠφελιμώτερα</span> <span class='ocrx_word' id='word_1_106' title='bbox 1771 1469 1864 1522; x_wconf 67' lang='grc' dir='ltr'><strong>καί¹</strong></span> 
     </span>
    </p>
   </div>
   <div class='ocr_carea' id='block_1_17' title="bbox 306 1553 1866 1627">
    <p class='ocr_par' dir='ltr' id='par_1_17' title="bbox 306 1553 1866 1627">
     <span class='ocr_line' id='line_1_17' title="bbox 306 1553 1866 1627; baseline -0.001 -16"><span class='ocrx_word' id='word_1_107' title='bbox 306 1554 694 1627; x_wconf 85' lang='grc' dir='ltr'>χρησιμώτερα</span> <span class='ocrx_word' id='word_1_108' title='bbox 739 1553 1024 1624; x_wconf 83' lang='grc' dir='ltr'>τυγχάνει,</span> <span class='ocrx_word' id='word_1_109' title='bbox 1063 1554 1205 1624; x_wconf 86' lang='grc' dir='ltr'>’ήπερ</span> <span class='ocrx_word' id='word_1_110' title='bbox 1241 1553 1310 1607; x_wconf 85' lang='grc' dir='ltr'>τὰ</span> <span class='ocrx_word' id='word_1_111' title='bbox 1349 1554 1515 1618; x_wconf 77' lang='grc' dir='ltr'>ὅντως</span> <span class='ocrx_word' id='word_1_112' title='bbox 1563 1555 1866 1627; x_wconf 86' lang='grc' dir='ltr'>ἀνθρώποις</span> 
     </span>
    </p>
   </div>
   <div class='ocr_carea' id='block_1_18' title="bbox 305 1644 1866 1718">
    <p class='ocr_par' dir='ltr' id='par_1_18' title="bbox 305 1644 1866 1718">
     <span class='ocr_line' id='line_1_18' title="bbox 305 1644 1866 1718; baseline 0.001 -20"><span class='ocrx_word' id='word_1_113' title='bbox 305 1646 598 1699; x_wconf 81' lang='grc' dir='ltr'>λυσιτελεῖν</span> <span class='ocrx_word' id='word_1_114' title='bbox 636 1644 890 1698; x_wconf 80' lang='grc' dir='ltr'>δοκοῦντα</span> <span class='ocrx_word' id='word_1_115' title='bbox 913 1662 928 1676; x_wconf 77' lang='grc' dir='ltr'><strong><em>ο</em></strong></span> <span class='ocrx_word' id='word_1_116' title='bbox 970 1646 1061 1700; x_wconf 77' lang='grc' dir='ltr'><strong>καὶ</strong></span> <span class='ocrx_word' id='word_1_117' title='bbox 1095 1644 1261 1699; x_wconf 84' lang='grc' dir='ltr'>πολλά</span> <span class='ocrx_word' id='word_1_118' title='bbox 1295 1645 1390 1716; x_wconf 85' lang='grc' dir='ltr'>μὲν</span> <span class='ocrx_word' id='word_1_119' title='bbox 1419 1647 1512 1698; x_wconf 71' lang='grc' dir='ltr'><strong>καὶ</strong></span> <span class='ocrx_word' id='word_1_120' title='bbox 1543 1646 1704 1718; x_wconf 74' lang='grc' dir='ltr'>ἕτερα</span> <span class='ocrx_word' id='word_1_121' title='bbox 1745 1665 1866 1701; x_wconf 88' lang='grc' dir='ltr'>συν-</span> 
     </span>
    </p>
   </div>
   <div class='ocr_carea' id='block_1_19' title="bbox 304 1733 1861 1806">
    <p class='ocr_par' dir='ltr' id='par_1_19' title="bbox 304 1733 1861 1806">
     <span class='ocr_line' id='line_1_19' title="bbox 304 1733 1861 1806; baseline 0.003 -20"><span class='ocrx_word' id='word_1_122' title='bbox 304 1735 543 1805; x_wconf 89' lang='grc' dir='ltr'>είρουσιν</span> <span class='ocrx_word' id='word_1_123' title='bbox 573 1735 652 1798; x_wconf 85' lang='grc' dir='ltr'><strong>είς</strong></span> <span class='ocrx_word' id='word_1_124' title='bbox 680 1733 928 1806; x_wconf 77' lang='grc' dir='ltr'>διαϐολὴν</span> <span class='ocrx_word' id='word_1_125' title='bbox 959 1733 1066 1789; x_wconf 86' lang='grc' dir='ltr'>τῶν</span> <span class='ocrx_word' id='word_1_126' title='bbox 1094 1734 1280 1800; x_wconf 74' lang='grc' dir='ltr'>ὄντων,</span> <span class='ocrx_word' id='word_1_127' title='bbox 1314 1735 1406 1788; x_wconf 81' lang='grc' dir='ltr'><strong>καὶ</strong></span> <span class='ocrx_word' id='word_1_128' title='bbox 1443 1734 1542 1805; x_wconf 82' lang='grc' dir='ltr'>τῆς</span> <span class='ocrx_word' id='word_1_129' title='bbox 1580 1735 1688 1790; x_wconf 85' lang='grc' dir='ltr'>τῶν</span> <span class='ocrx_word' id='word_1_130' title='bbox 1727 1737 1861 1791; x_wconf 84' lang='grc' dir='ltr'>ὅλων</span> 
     </span>
    </p>
   </div>
   <div class='ocr_carea' id='block_1_20' title="bbox 300 1825 634 1897">
    <p class='ocr_par' dir='ltr' id='par_1_20' title="bbox 300 1825 634 1897">
     <span class='ocr_line' id='line_1_20' title="bbox 300 1825 634 1897; baseline 0 -19"><span class='ocrx_word' id='word_1_131' title='bbox 300 1825 634 1897; x_wconf 82' lang='grc' dir='ltr'>διοικήσεως.</span> 
     </span>
    </p>
   </div>
   <div class='ocr_carea' id='block_1_21' title="bbox 1969 544 3526 617">
    <p class='ocr_par' dir='ltr' id='par_1_21' title="bbox 1969 544 3526 617">
     <span class='ocr_line' id='line_1_21' title="bbox 1969 544 3526 617; baseline -0.001 -15"><span class='ocrx_word' id='word_1_132' title='bbox 1969 559 2225 617; x_wconf 82' lang='lat' dir='ltr'><strong>tanquam</strong></span> <span class='ocrx_word' id='word_1_133' title='bbox 2253 548 2452 601; x_wconf 90' lang='lat' dir='ltr'><strong>malum</strong></span> <span class='ocrx_word' id='word_1_134' title='bbox 2481 563 2495 612; x_wconf 90' lang='lat'><strong>;</strong></span> <span class='ocrx_word' id='word_1_135' title='bbox 2525 547 2605 599; x_wconf 92' lang='lat' dir='ltr'><strong>sic</strong></span> <span class='ocrx_word' id='word_1_136' title='bbox 2625 545 2788 599; x_wconf 90' lang='lat' dir='ltr'><strong>etiam</strong></span> <span class='ocrx_word' id='word_1_137' title='bbox 2812 544 3093 613; x_wconf 73' lang='lat' dir='ltr'><strong>Oportebat</strong></span> <span class='ocrx_word' id='word_1_138' title='bbox 3113 560 3305 599; x_wconf 88' lang='lat' dir='ltr'><strong>nomen</strong></span> <span class='ocrx_word' id='word_1_139' title='bbox 3327 554 3381 600; x_wconf 91' lang='lat' dir='ltr'><strong>et</strong></span> <span class='ocrx_word' id='word_1_140' title='bbox 3407 549 3526 616; x_wconf 85' lang='lat' dir='ltr'><strong>Opi-</strong></span> 
     </span>
    </p>
   </div>
   <div class='ocr_carea' id='block_1_22' title="bbox 1967 637 3524 706">
    <p class='ocr_par' dir='ltr' id='par_1_22' title="bbox 1967 637 3524 706">
     <span class='ocr_line' id='line_1_22' title="bbox 1967 637 3524 706; baseline -0.001 -12"><span class='ocrx_word' id='word_1_141' title='bbox 1967 642 2184 696; x_wconf 87' lang='lat' dir='ltr'><strong>nionem</strong></span> <span class='ocrx_word' id='word_1_142' title='bbox 2212 639 2279 695; x_wconf 91' lang='lat' dir='ltr'><strong>de</strong></span> <span class='ocrx_word' id='word_1_143' title='bbox 2302 653 2364 693; x_wconf 89' lang='lat' dir='ltr'><strong>ea</strong></span> <span class='ocrx_word' id='word_1_144' title='bbox 2394 639 2625 701; x_wconf 84' lang='lat' dir='ltr'><strong>munire,</strong></span> <span class='ocrx_word' id='word_1_145' title='bbox 2657 643 2911 706; x_wconf 89' lang='lat' dir='ltr'><strong>tanquam</strong></span> <span class='ocrx_word' id='word_1_146' title='bbox 2941 652 3060 706; x_wconf 66' lang='lat' dir='ltr'><strong>quae</strong></span> <span class='ocrx_word' id='word_1_147' title='bbox 3087 646 3261 703; x_wconf 89' lang='lat' dir='ltr'><strong>esset,</strong></span> <span class='ocrx_word' id='word_1_148' title='bbox 3284 637 3412 691; x_wconf 88' lang='lat' dir='ltr'><strong>dum</strong></span> <span class='ocrx_word' id='word_1_149' title='bbox 3440 647 3524 694; x_wconf 84' lang='lat' dir='ltr'><strong>est</strong></span> 
     </span>
    </p>
   </div>
   <div class='ocr_carea' id='block_1_23' title="bbox 1966 727 3522 799">
    <p class='ocr_par' dir='ltr' id='par_1_23' title="bbox 1966 727 3522 799">
     <span class='ocr_line' id='line_1_23' title="bbox 1966 727 3522 799; baseline -0.002 -12"><span class='ocrx_word' id='word_1_150' title='bbox 1966 735 2143 799; x_wconf 89' lang='lat' dir='ltr'><strong>actio;</strong></span> <span class='ocrx_word' id='word_1_151' title='bbox 2175 739 2268 787; x_wconf 90' lang='lat' dir='ltr'><strong>aut</strong></span> <span class='ocrx_word' id='word_1_152' title='bbox 2289 745 2397 786; x_wconf 91' lang='lat' dir='ltr'><strong>non</strong></span> <span class='ocrx_word' id='word_1_153' title='bbox 2422 740 2595 792; x_wconf 90' lang='lat' dir='ltr'><strong>esset,</strong></span> <span class='ocrx_word' id='word_1_154' title='bbox 2623 727 2751 782; x_wconf 91' lang='lat' dir='ltr'><strong>dum</strong></span> <span class='ocrx_word' id='word_1_155' title='bbox 2773 743 2883 782; x_wconf 89' lang='lat' dir='ltr'><strong>non</strong></span> <span class='ocrx_word' id='word_1_156' title='bbox 2912 735 2995 782; x_wconf 92' lang='lat' dir='ltr'><strong>est</strong></span> <span class='ocrx_word' id='word_1_157' title='bbox 3019 727 3185 782; x_wconf 85' lang='lat' dir='ltr'><strong>actio:</strong></span> <span class='ocrx_word' id='word_1_158' title='bbox 3210 743 3316 782; x_wconf 90' lang='lat' dir='ltr'><strong>non</strong></span> <span class='ocrx_word' id='word_1_159' title='bbox 3344 735 3522 784; x_wconf 85' lang='lat' dir='ltr'><strong>autem</strong></span> 
     </span>
    </p>
   </div>
   <div class='ocr_carea' id='block_1_24' title="bbox 1965 821 3522 898">
    <p class='ocr_par' dir='ltr' id='par_1_24' title="bbox 1965 821 3522 898">
     <span class='ocr_line' id='line_1_24' title="bbox 1965 821 3522 898; baseline -0.003 -16"><span class='ocrx_word' id='word_1_160' title='bbox 1965 827 2254 898; x_wconf 74' lang='lat' dir='ltr'><strong>oportebat</strong></span> <span class='ocrx_word' id='word_1_161' title='bbox 2322 824 2670 879; x_wconf 83' lang='lat' dir='ltr'><strong>introducere</strong></span> <span class='ocrx_word' id='word_1_162' title='bbox 2729 821 3056 890; x_wconf 87' lang='lat' dir='ltr'><strong>principium</strong></span> <span class='ocrx_word' id='word_1_163' title='bbox 3104 821 3281 890; x_wconf 90' lang='lat' dir='ltr'><strong>ipsum</strong></span> <span class='ocrx_word' id='word_1_164' title='bbox 3333 831 3522 878; x_wconf 87' lang='lat' dir='ltr'><strong>contra</strong></span> 
     </span>
    </p>
   </div>
   <div class='ocr_carea' id='block_1_25' title="bbox 1965 914 3524 975">
    <p class='ocr_par' dir='ltr' id='par_1_25' title="bbox 1965 914 3524 975">
     <span class='ocr_line' id='line_1_25' title="bbox 1965 914 3524 975; baseline -0.002 -3"><span class='ocrx_word' id='word_1_165' title='bbox 1965 918 2133 975; x_wconf 91' lang='lat' dir='ltr'><strong>Deum</strong></span> <span class='ocrx_word' id='word_1_166' title='bbox 2165 939 2176 974; x_wconf 92' lang='lat'>:</span> <span class='ocrx_word' id='word_1_167' title='bbox 2209 919 2402 974; x_wconf 78' lang='lat' dir='ltr'><strong>fuisset</strong></span> <span class='ocrx_word' id='word_1_168' title='bbox 2432 925 2608 971; x_wconf 90' lang='lat' dir='ltr'><strong>tamen</strong></span> <span class='ocrx_word' id='word_1_169' title='bbox 2644 929 2831 970; x_wconf 91' lang='lat' dir='ltr'><strong>eorum</strong></span> <span class='ocrx_word' id='word_1_170' title='bbox 2860 929 3015 970; x_wconf 88' lang='lat' dir='ltr'><strong>error</strong></span> <span class='ocrx_word' id='word_1_171' title='bbox 3051 914 3254 968; x_wconf 71' lang='lat' dir='ltr'><strong>affatim</strong></span> <span class='ocrx_word' id='word_1_172' title='bbox 3291 915 3524 969; x_wconf 89' lang='lat' dir='ltr'><strong>circum-</strong></span> 
     </span>
    </p>
   </div>
   <div class='ocr_carea' id='block_1_26' title="bbox 1967 1004 3523 1080">
    <p class='ocr_par' dir='ltr' id='par_1_26' title="bbox 1967 1004 3523 1080">
     <span class='ocr_line' id='line_1_26' title="bbox 1967 1004 3523 1080; baseline -0.004 -14"><span class='ocrx_word' id='word_1_173' title='bbox 1967 1011 2205 1080; x_wconf 89' lang='lat' dir='ltr'><strong>scriptus</strong></span> <span class='ocrx_word' id='word_1_174' title='bbox 2231 1019 2284 1064; x_wconf 93' lang='lat' dir='ltr'><strong>et</strong></span> <span class='ocrx_word' id='word_1_175' title='bbox 2309 1009 2651 1065; x_wconf 87' lang='lat' dir='ltr'><strong>terminatus.</strong></span> <span class='ocrx_word' id='word_1_176' title='bbox 2681 1004 2834 1060; x_wconf 84' lang='lat' dir='ltr'><strong>Nunc</strong></span> <span class='ocrx_word' id='word_1_177' title='bbox 2863 1017 3039 1060; x_wconf 88' lang='lat' dir='ltr'><strong>autem</strong></span> <span class='ocrx_word' id='word_1_178' title='bbox 3065 1022 3186 1061; x_wconf 88' lang='lat' dir='ltr'><strong>cum</strong></span> <span class='ocrx_word' id='word_1_179' title='bbox 3213 1005 3324 1061; x_wconf 84' lang='lat' dir='ltr'><strong>fere</strong></span> <span class='ocrx_word' id='word_1_180' title='bbox 3343 1007 3523 1060; x_wconf 89' lang='lat' dir='ltr'><strong>omnia</strong></span> 
     </span>
    </p>
   </div>
   <div class='ocr_carea' id='block_1_27' title="bbox 1965 1097 3523 1170">
    <p class='ocr_par' dir='ltr' id='par_1_27' title="bbox 1965 1097 3523 1170">
     <span class='ocr_line' id='line_1_27' title="bbox 1965 1097 3523 1170; baseline -0.002 -16"><span class='ocrx_word' id='word_1_181' title='bbox 1965 1116 2085 1170; x_wconf 65' lang='lat' dir='ltr'><strong>quae</strong></span> <span class='ocrx_word' id='word_1_182' title='bbox 2111 1101 2372 1155; x_wconf 82' lang='lat' dir='ltr'><strong>fabricata</strong></span> <span class='ocrx_word' id='word_1_183' title='bbox 2395 1106 2552 1162; x_wconf 91' lang='lat' dir='ltr'><strong>sunt,</strong></span> <span class='ocrx_word' id='word_1_184' title='bbox 2581 1099 2722 1150; x_wconf 90' lang='lat' dir='ltr'><strong>mala</strong></span> <span class='ocrx_word' id='word_1_185' title='bbox 2746 1112 2866 1152; x_wconf 89' lang='lat' dir='ltr'><strong>esse</strong></span> <span class='ocrx_word' id='word_1_186' title='bbox 2888 1098 3069 1151; x_wconf 82' lang='lat' dir='ltr'><strong>dicant</strong></span> <span class='ocrx_word' id='word_1_187' title='bbox 3095 1137 3112 1162; x_wconf 91' lang='lat'><strong>,</strong></span> <span class='ocrx_word' id='word_1_188' title='bbox 3138 1097 3523 1165; x_wconf 81' lang='lat' dir='ltr'><strong>blasphemiam</strong></span> 
     </span>
    </p>
   </div>
   <div class='ocr_carea' id='block_1_28' title="bbox 1965 1188 3524 1258">
    <p class='ocr_par' dir='ltr' id='par_1_28' title="bbox 1965 1188 3524 1258">
     <span class='ocr_line' id='line_1_28' title="bbox 1965 1188 3524 1258; baseline -0.003 -12"><span class='ocrx_word' id='word_1_189' title='bbox 1965 1193 2020 1246; x_wconf 89' lang='lat' dir='ltr'><strong>in</strong></span> <span class='ocrx_word' id='word_1_190' title='bbox 2051 1192 2217 1247; x_wconf 87' lang='lat' dir='ltr'><strong>Deum</strong></span> <span class='ocrx_word' id='word_1_191' title='bbox 2247 1192 2301 1246; x_wconf 90' lang='lat' dir='ltr'><strong>in</strong></span> <span class='ocrx_word' id='word_1_192' title='bbox 2330 1191 2596 1245; x_wconf 81' lang='lat' dir='ltr'><strong>inﬁnitum</strong></span> <span class='ocrx_word' id='word_1_193' title='bbox 2625 1199 2925 1252; x_wconf 73' lang='lat' dir='ltr'><strong>auxerunt,</strong></span> <span class='ocrx_word' id='word_1_194' title='bbox 2968 1197 3021 1244; x_wconf 87' lang='lat' dir='ltr'><strong>et</strong></span> <span class='ocrx_word' id='word_1_195' title='bbox 3064 1188 3369 1258; x_wconf 87' lang='lat' dir='ltr'><strong>producunt</strong></span> <span class='ocrx_word' id='word_1_196' title='bbox 3407 1199 3524 1242; x_wconf 85' lang='lat' dir='ltr'><strong>tan-</strong></span> 
     </span>
    </p>
   </div>
   <div class='ocr_carea' id='block_1_29' title="bbox 1963 1281 3524 1358">
    <p class='ocr_par' dir='ltr' id='par_1_29' title="bbox 1963 1281 3524 1358">
     <span class='ocr_line' id='line_1_29' title="bbox 1963 1281 3524 1358; baseline -0.004 -16"><span class='ocrx_word' id='word_1_197' title='bbox 1963 1303 2126 1358; x_wconf 87' lang='lat' dir='ltr'><strong>quam</strong></span> <span class='ocrx_word' id='word_1_198' title='bbox 2171 1295 2320 1341; x_wconf 91' lang='lat' dir='ltr'><strong>certa</strong></span> <span class='ocrx_word' id='word_1_199' title='bbox 2359 1292 2412 1340; x_wconf 92' lang='lat' dir='ltr'><strong>et</strong></span> <span class='ocrx_word' id='word_1_200' title='bbox 2453 1284 2660 1338; x_wconf 86' lang='lat' dir='ltr'><strong>ratione</strong></span> <span class='ocrx_word' id='word_1_201' title='bbox 2702 1296 2766 1336; x_wconf 89' lang='lat' dir='ltr'><strong>ac</strong></span> <span class='ocrx_word' id='word_1_202' title='bbox 2802 1281 3010 1352; x_wconf 88' lang='lat' dir='ltr'><strong>judicio</strong></span> <span class='ocrx_word' id='word_1_203' title='bbox 3042 1281 3266 1349; x_wconf 88' lang='lat' dir='ltr'><strong>probata</strong></span> <span class='ocrx_word' id='word_1_204' title='bbox 3290 1321 3304 1344; x_wconf 96' lang='lat'><strong>,</strong></span> <span class='ocrx_word' id='word_1_205' title='bbox 3335 1296 3524 1336; x_wconf 85' lang='lat' dir='ltr'><strong>omnes</strong></span> 
     </span>
    </p>
   </div>
   <div class='ocr_carea' id='block_1_30' title="bbox 1966 1371 3525 1443">
    <p class='ocr_par' dir='ltr' id='par_1_30' title="bbox 1966 1371 3525 1443">
     <span class='ocr_line' id='line_1_30' title="bbox 1966 1371 3525 1443; baseline -0.003 -10"><span class='ocrx_word' id='word_1_206' title='bbox 1966 1379 2170 1434; x_wconf 86' lang='lat' dir='ltr'><strong>bestias</strong></span> <span class='ocrx_word' id='word_1_207' title='bbox 2200 1387 2253 1432; x_wconf 91' lang='lat' dir='ltr'><strong>et</strong></span> <span class='ocrx_word' id='word_1_208' title='bbox 2282 1377 2455 1440; x_wconf 74' lang='lat' dir='ltr'><strong>teras,</strong></span> <span class='ocrx_word' id='word_1_209' title='bbox 2487 1390 2597 1429; x_wconf 89' lang='lat' dir='ltr'><strong>non</strong></span> <span class='ocrx_word' id='word_1_210' title='bbox 2629 1383 2881 1443; x_wconf 88' lang='lat' dir='ltr'><strong>putantes</strong></span> <span class='ocrx_word' id='word_1_211' title='bbox 2925 1380 3179 1442; x_wconf 87' lang='lat' dir='ltr'><strong>oportere</strong></span> <span class='ocrx_word' id='word_1_212' title='bbox 3217 1371 3359 1425; x_wconf 79' lang='lat' dir='ltr'><strong>facta</strong></span> <span class='ocrx_word' id='word_1_213' title='bbox 3405 1387 3525 1428; x_wconf 85' lang='lat' dir='ltr'><strong>esse</strong></span> 
     </span>
    </p>
   </div>
   <div class='ocr_carea' id='block_1_31' title="bbox 1965 1464 3519 1534">
    <p class='ocr_par' dir='ltr' id='par_1_31' title="bbox 1965 1464 3519 1534">
     <span class='ocr_line' id='line_1_31' title="bbox 1965 1464 3519 1534; baseline -0.005 -10"><span class='ocrx_word' id='word_1_214' title='bbox 1965 1471 2078 1524; x_wconf 68' lang='lat' dir='ltr'><strong>haec</strong></span> <span class='ocrx_word' id='word_1_215' title='bbox 2109 1485 2139 1522; x_wconf 90' lang='lat' dir='ltr'><strong>a</strong></span> <span class='ocrx_word' id='word_1_216' title='bbox 2167 1469 2344 1534; x_wconf 88' lang='lat' dir='ltr'><strong>bono,</strong></span> <span class='ocrx_word' id='word_1_217' title='bbox 2377 1483 2486 1522; x_wconf 92' lang='lat' dir='ltr'><strong>non</strong></span> <span class='ocrx_word' id='word_1_218' title='bbox 2517 1467 2691 1523; x_wconf 91' lang='lat' dir='ltr'><strong>solum</strong></span> <span class='ocrx_word' id='word_1_219' title='bbox 2734 1479 2922 1521; x_wconf 89' lang='lat' dir='ltr'><strong>eorum</strong></span> <span class='ocrx_word' id='word_1_220' title='bbox 2969 1464 3224 1533; x_wconf 89' lang='lat' dir='ltr'><strong>opinione</strong></span> <span class='ocrx_word' id='word_1_221' title='bbox 3268 1464 3480 1518; x_wconf 84' lang='lat' dir='ltr'><strong>inutilia</strong></span> <span class='ocrx_word' id='word_1_222' title='bbox 3504 1504 3519 1525; x_wconf 87' lang='lat'><em>.</em></span> 
     </span>
    </p>
   </div>
   <div class='ocr_carea' id='block_1_32' title="bbox 1971 1555 3522 1621">
    <p class='ocr_par' dir='ltr' id='par_1_32' title="bbox 1971 1555 3522 1621">
     <span class='ocr_line' id='line_1_32' title="bbox 1971 1555 3522 1621; baseline -0.005 -3"><span class='ocrx_word' id='word_1_223' title='bbox 1971 1561 2066 1618; x_wconf 87' lang='lat' dir='ltr'><strong>sed</strong></span> <span class='ocrx_word' id='word_1_224' title='bbox 2095 1559 2405 1614; x_wconf 88' lang='lat' dir='ltr'><strong>hominibus</strong></span> <span class='ocrx_word' id='word_1_225' title='bbox 2437 1558 2846 1614; x_wconf 88' lang='lat' dir='ltr'><strong>nocentissima.</strong></span> <span class='ocrx_word' id='word_1_226' title='bbox 2873 1555 3132 1621; x_wconf 78' lang='lat' dir='ltr'><strong>Quamvis</strong></span> <span class='ocrx_word' id='word_1_227' title='bbox 3161 1555 3522 1610; x_wconf 84' lang='lat' dir='ltr'><strong>demonstrari</strong></span> 
     </span>
    </p>
   </div>
   <div class='ocr_carea' id='block_1_33' title="bbox 1964 1647 3527 1721">
    <p class='ocr_par' dir='ltr' id='par_1_33' title="bbox 1964 1647 3527 1721">
     <span class='ocr_line' id='line_1_33' title="bbox 1964 1647 3527 1721; baseline -0.004 -16"><span class='ocrx_word' id='word_1_228' title='bbox 1964 1650 2173 1721; x_wconf 85' lang='lat' dir='ltr'><strong>possint</strong></span> <span class='ocrx_word' id='word_1_229' title='bbox 2201 1649 2420 1703; x_wconf 86' lang='lat' dir='ltr'><strong>utiliora</strong></span> <span class='ocrx_word' id='word_1_230' title='bbox 2447 1655 2501 1704; x_wconf 90' lang='lat' dir='ltr'><strong>et</strong></span> <span class='ocrx_word' id='word_1_231' title='bbox 2529 1647 2896 1703; x_wconf 86' lang='lat' dir='ltr'><strong>commodiora</strong></span> <span class='ocrx_word' id='word_1_232' title='bbox 2934 1661 3055 1700; x_wconf 90' lang='lat' dir='ltr'><strong>esse</strong></span> <span class='ocrx_word' id='word_1_233' title='bbox 3096 1660 3257 1715; x_wconf 88' lang='lat' dir='ltr'><strong>quam</strong></span> <span class='ocrx_word' id='word_1_234' title='bbox 3301 1661 3363 1700; x_wconf 90' lang='lat' dir='ltr'><strong>ea</strong></span> <span class='ocrx_word' id='word_1_235' title='bbox 3404 1660 3527 1715; x_wconf 59' lang='lat' dir='ltr'><strong>qua:</strong></span> 
     </span>
    </p>
   </div>
   <div class='ocr_carea' id='block_1_34' title="bbox 1963 1737 3524 1807">
    <p class='ocr_par' dir='ltr' id='par_1_34' title="bbox 1963 1737 3524 1807">
     <span class='ocr_line' id='line_1_34' title="bbox 1963 1737 3524 1807; baseline -0.003 -11"><span class='ocrx_word' id='word_1_236' title='bbox 1963 1757 2089 1796; x_wconf 85' lang='lat' dir='ltr'><strong>vere</strong></span> <span class='ocrx_word' id='word_1_237' title='bbox 2113 1739 2424 1794; x_wconf 90' lang='lat' dir='ltr'><strong>hominibus</strong></span> <span class='ocrx_word' id='word_1_238' title='bbox 2448 1739 2752 1793; x_wconf 87' lang='lat' dir='ltr'><strong>conducere</strong></span> <span class='ocrx_word' id='word_1_239' title='bbox 2778 1737 3103 1799; x_wconf 88' lang='lat' dir='ltr'><strong>videantur;</strong></span> <span class='ocrx_word' id='word_1_240' title='bbox 3134 1751 3198 1790; x_wconf 90' lang='lat' dir='ltr'><strong>ac</strong></span> <span class='ocrx_word' id='word_1_241' title='bbox 3221 1737 3390 1791; x_wconf 90' lang='lat' dir='ltr'><strong>multa</strong></span> <span class='ocrx_word' id='word_1_242' title='bbox 3413 1740 3524 1807; x_wconf 88' lang='lat' dir='ltr'><strong>qui-</strong></span> 
     </span>
    </p>
   </div>
   <div class='ocr_carea' id='block_1_35' title="bbox 1889 1828 3522 1902">
    <p class='ocr_par' dir='ltr' id='par_1_35' title="bbox 1889 1828 3522 1902">
     <span class='ocr_line' id='line_1_35' title="bbox 1889 1828 3522 1902; baseline 0.001 -18"><span class='ocrx_word' id='word_1_243' title='bbox 1889 1831 1930 1884; x_wconf 86' lang='lat' dir='ltr'><strong>B</strong></span> <span class='ocrx_word' id='word_1_244' title='bbox 1960 1838 2078 1887; x_wconf 87' lang='lat' dir='ltr'><strong>dem</strong></span> <span class='ocrx_word' id='word_1_245' title='bbox 2108 1833 2210 1885; x_wconf 89' lang='lat' dir='ltr'><strong>alia</strong></span> <span class='ocrx_word' id='word_1_246' title='bbox 2241 1839 2570 1885; x_wconf 89' lang='lat' dir='ltr'><strong>connectunt</strong></span> <span class='ocrx_word' id='word_1_247' title='bbox 2600 1829 2666 1883; x_wconf 89' lang='lat' dir='ltr'><strong>ad</strong></span> <span class='ocrx_word' id='word_1_248' title='bbox 2698 1828 3101 1884; x_wconf 80' lang='lat' dir='ltr'><strong>accusationem</strong></span> <span class='ocrx_word' id='word_1_249' title='bbox 3133 1843 3311 1885; x_wconf 89' lang='lat' dir='ltr'><strong>rerum</strong></span> <span class='ocrx_word' id='word_1_250' title='bbox 3342 1835 3396 1882; x_wconf 88' lang='lat' dir='ltr'><strong>et</strong></span> <span class='ocrx_word' id='word_1_251' title='bbox 3422 1846 3522 1902; x_wconf 81' lang='lat' dir='ltr'><strong>gu-</strong></span> 
     </span>
    </p>
   </div>
   <div class='ocr_carea' id='block_1_36' title="bbox 1966 1920 2599 1975">
    <p class='ocr_par' dir='ltr' id='par_1_36' title="bbox 1966 1920 2599 1975">
     <span class='ocr_line' id='line_1_36' title="bbox 1966 1920 2599 1975; baseline 0 0"><span class='ocrx_word' id='word_1_252' title='bbox 1966 1920 2302 1975; x_wconf 90' lang='lat' dir='ltr'><strong>bernationis</strong></span> <span class='ocrx_word' id='word_1_253' title='bbox 2335 1921 2599 1975; x_wconf 82' lang='lat' dir='ltr'><strong>universi.</strong></span> 
     </span>
    </p>
   </div>
   <div class='ocr_carea' id='block_1_37' title="bbox 1455 2025 2392 2101">
    <p class='ocr_par' dir='ltr' id='par_1_37' title="bbox 1455 2025 2392 2101">
     <span class='ocr_line' id='line_1_37' title="bbox 1455 2025 2392 2101; baseline 0.006 -21"><span class='ocrx_word' id='word_1_254' title='bbox 1455 2025 1583 2082; x_wconf 68' lang='lat' dir='ltr'><strong>Car.</strong></span> <span class='ocrx_word' id='word_1_255' title='bbox 1628 2027 1716 2085; x_wconf 80' lang='grc' dir='ltr'>ιν.</span> <span class='ocrx_word' id='word_1_256' title='bbox 1759 2028 2037 2087; x_wconf 77' lang='lat' dir='ltr'><strong>Methodus</strong></span> <span class='ocrx_word' id='word_1_257' title='bbox 2069 2031 2392 2101; x_wconf 81' lang='lat' dir='ltr'><strong>disputandi.</strong></span> 
     </span>
    </p>
   </div>
   <div class='ocr_carea' id='block_1_38' title="bbox 385 2119 1863 2194">
    <p class='ocr_par' dir='ltr' id='par_1_38' title="bbox 385 2119 1863 2192">
     <span class='ocr_line' id='line_1_38' title="bbox 385 2119 1863 2192; baseline -0.001 -18"><span class='ocrx_word' id='word_1_258' title='bbox 385 2120 442 2174; x_wconf 83' lang='lat'><strong>&#39;0</strong></span> <span class='ocrx_word' id='word_1_259' title='bbox 480 2119 538 2173; x_wconf 87' lang='grc' dir='ltr'><strong>δὲ</strong></span> <span class='ocrx_word' id='word_1_260' title='bbox 586 2119 743 2189; x_wconf 84' lang='grc' dir='ltr'>λόγος</span> <span class='ocrx_word' id='word_1_261' title='bbox 793 2119 943 2172; x_wconf 80' lang='grc' dir='ltr'>οὐδὲν</span> <span class='ocrx_word' id='word_1_262' title='bbox 987 2119 1368 2173; x_wconf 80' lang='grc' dir='ltr'>ἀναπόδεικτον</span> <span class='ocrx_word' id='word_1_263' title='bbox 1399 2119 1506 2173; x_wconf 83' lang='grc' dir='ltr'><strong>τῶν</strong></span> <span class='ocrx_word' id='word_1_264' title='bbox 1545 2138 1605 2172; x_wconf 90' lang='grc' dir='ltr'><strong>τε</strong></span> <span class='ocrx_word' id='word_1_265' title='bbox 1645 2122 1863 2192; x_wconf 76' lang='grc' dir='ltr'>εἰρημέ-</span> 
     </span>
    </p>
   </div>
   <div class='ocr_carea' id='block_1_39' title="bbox 1963 2119 3522 2194">
    <p class='ocr_par' dir='ltr' id='par_1_39' title="bbox 2040 2120 3522 2194">
     <span class='ocr_line' id='line_1_39' title="bbox 2040 2120 3522 2194; baseline -0.003 -15"><span class='ocrx_word' id='word_1_266' title='bbox 2040 2125 2266 2181; x_wconf 84' lang='lat' dir='ltr'><strong>Dabitur</strong></span> <span class='ocrx_word' id='word_1_267' title='bbox 2299 2140 2426 2179; x_wconf 90' lang='lat' dir='ltr'><strong>vero</strong></span> <span class='ocrx_word' id='word_1_268' title='bbox 2455 2139 2637 2194; x_wconf 79' lang='lat' dir='ltr'><strong>opera,</strong></span> <span class='ocrx_word' id='word_1_269' title='bbox 2676 2131 2732 2177; x_wconf 90' lang='lat' dir='ltr'><strong>ut</strong></span> <span class='ocrx_word' id='word_1_270' title='bbox 2769 2121 2904 2177; x_wconf 86' lang='lat' dir='ltr'><strong>nihil</strong></span> <span class='ocrx_word' id='word_1_271' title='bbox 2941 2129 3051 2176; x_wconf 83' lang='lat' dir='ltr'><strong>tam</strong></span> <span class='ocrx_word' id='word_1_272' title='bbox 3079 2137 3270 2176; x_wconf 81' lang='lat' dir='ltr'><strong>eorum</strong></span> <span class='ocrx_word' id='word_1_273' title='bbox 3291 2137 3409 2191; x_wconf 70' lang='lat' dir='ltr'><strong>qua:</strong></span> <span class='ocrx_word' id='word_1_274' title='bbox 3438 2120 3522 2176; x_wconf 84' lang='lat' dir='ltr'><strong>dl-</strong></span> 
     </span>
    </p>
   </div>
   <div class='ocr_carea' id='block_1_40' title="bbox 290 2209 1863 2289">
    <p class='ocr_par' dir='ltr' id='par_1_40' title="bbox 290 2209 1863 2282">
     <span class='ocr_line' id='line_1_40' title="bbox 290 2209 1863 2282; baseline 0.001 -17"><span class='ocrx_word' id='word_1_275' title='bbox 290 2227 408 2266; x_wconf 86' lang='grc' dir='ltr'><strong>νων</strong></span> <span class='ocrx_word' id='word_1_276' title='bbox 454 2211 548 2265; x_wconf 72' lang='grc' dir='ltr'>καὶ</span> <span class='ocrx_word' id='word_1_277' title='bbox 593 2209 976 2282; x_wconf 77' lang='grc' dir='ltr'>ῥηθησομένων</span> <span class='ocrx_word' id='word_1_278' title='bbox 1017 2210 1330 2264; x_wconf 81' lang='grc' dir='ltr'>καταλιπεῖν</span> <span class='ocrx_word' id='word_1_279' title='bbox 1379 2210 1727 2282; x_wconf 82' lang='grc' dir='ltr'>πειράσεται·</span> <span class='ocrx_word' id='word_1_280' title='bbox 1777 2212 1863 2266; x_wconf 84' lang='grc' dir='ltr'><strong>δύο</strong></span> 
     </span>
    </p>
   </div>
   <div class='ocr_carea' id='block_1_41' title="bbox 1963 2209 3524 2289">
    <p class='ocr_par' dir='ltr' id='par_1_41' title="bbox 1970 2213 3524 2289">
     <span class='ocr_line' id='line_1_41' title="bbox 1970 2213 3524 2289; baseline -0.006 -15"><span class='ocrx_word' id='word_1_281' title='bbox 1970 2227 2077 2285; x_wconf 90' lang='lat' dir='ltr'><strong>cta,</strong></span> <span class='ocrx_word' id='word_1_282' title='bbox 2116 2234 2278 2289; x_wconf 90' lang='lat' dir='ltr'><strong>quam</strong></span> <span class='ocrx_word' id='word_1_283' title='bbox 2316 2231 2437 2287; x_wconf 68' lang='lat' dir='ltr'><strong>quae</strong></span> <span class='ocrx_word' id='word_1_284' title='bbox 2469 2215 2698 2270; x_wconf 89' lang='lat' dir='ltr'><strong>dicenda</strong></span> <span class='ocrx_word' id='word_1_285' title='bbox 2753 2222 2922 2276; x_wconf 93' lang='lat' dir='ltr'><strong>sunt,</strong></span> <span class='ocrx_word' id='word_1_286' title='bbox 2965 2213 3262 2282; x_wconf 87' lang='lat' dir='ltr'><strong>disputatio</strong></span> <span class='ocrx_word' id='word_1_287' title='bbox 3294 2228 3401 2265; x_wconf 91' lang='lat' dir='ltr'><strong>non</strong></span> <span class='ocrx_word' id='word_1_288' title='bbox 3437 2226 3524 2265; x_wconf 88' lang='lat' dir='ltr'><strong>ra-</strong></span> 
     </span>
    </p>
   </div>
   <div class='ocr_carea' id='block_1_42' title="bbox 291 2298 1863 2375">
    <p class='ocr_par' dir='ltr' id='par_1_42' title="bbox 291 2298 1863 2375">
     <span class='ocr_line' id='line_1_42' title="bbox 291 2298 1863 2375; baseline 0 -18"><span class='ocrx_word' id='word_1_289' title='bbox 291 2303 410 2375; x_wconf 73' lang='grc' dir='ltr'>γὰρ</span> <span class='ocrx_word' id='word_1_290' title='bbox 442 2303 695 2358; x_wconf 77' lang='grc' dir='ltr'>ἐναντίων</span> <span class='ocrx_word' id='word_1_291' title='bbox 725 2302 936 2372; x_wconf 82' lang='grc' dir='ltr'>φύσεων</span> <span class='ocrx_word' id='word_1_292' title='bbox 978 2305 1172 2375; x_wconf 77' lang='grc' dir='ltr'>κρᾶσιν</span> <span class='ocrx_word' id='word_1_293' title='bbox 1215 2303 1272 2356; x_wconf 90' lang='grc' dir='ltr'><strong>ἐν</strong></span> <span class='ocrx_word' id='word_1_294' title='bbox 1303 2304 1415 2366; x_wconf 81' lang='grc' dir='ltr'>τοῖς</span> <span class='ocrx_word' id='word_1_295' title='bbox 1454 2298 1572 2356; x_wconf 80' lang='grc' dir='ltr'>οὖσι</span> <span class='ocrx_word' id='word_1_296' title='bbox 1608 2303 1863 2372; x_wconf 71' lang='grc' dir='ltr'>φανταζός</span> 
     </span>
    </p>
   </div>
   <div class='ocr_carea' id='block_1_43' title="bbox 1963 2298 3518 2375">
    <p class='ocr_par' dir='ltr' id='par_1_43' title="bbox 1972 2300 3518 2374">
     <span class='ocr_line' id='line_1_43' title="bbox 1972 2300 3518 2374; baseline -0.005 -13"><span class='ocrx_word' id='word_1_297' title='bbox 1972 2309 2118 2363; x_wconf 88' lang='lat' dir='ltr'><strong>tione</strong></span> <span class='ocrx_word' id='word_1_298' title='bbox 2164 2308 2480 2362; x_wconf 89' lang='lat' dir='ltr'><strong>conclusum</strong></span> <span class='ocrx_word' id='word_1_299' title='bbox 2533 2305 2839 2374; x_wconf 88' lang='lat' dir='ltr'><strong>relinquat:</strong></span> <span class='ocrx_word' id='word_1_300' title='bbox 2874 2301 3084 2372; x_wconf 77' lang='lat' dir='ltr'><strong>lingunt</strong></span> <span class='ocrx_word' id='word_1_301' title='bbox 3120 2302 3265 2356; x_wconf 89' lang='lat' dir='ltr'><strong>enim</strong></span> <span class='ocrx_word' id='word_1_302' title='bbox 3311 2300 3518 2371; x_wconf 87' lang='lat' dir='ltr'><strong>cogita-</strong></span> 
     </span>
    </p>
   </div>
   <div class='ocr_carea' id='block_1_44' title="bbox 296 2391 1863 2467">
    <p class='ocr_par' dir='ltr' id='par_1_44' title="bbox 296 2392 1863 2467">
     <span class='ocr_line' id='line_1_44' title="bbox 296 2392 1863 2467; baseline 0.002 -20"><span class='ocrx_word' id='word_1_303' title='bbox 296 2394 808 2467; x_wconf 75' lang='grc' dir='ltr'>μενοι,διανέμουσι</span> <span class='ocrx_word' id='word_1_304' title='bbox 847 2392 1068 2458; x_wconf 82' lang='grc' dir='ltr'>ταύταις</span> <span class='ocrx_word' id='word_1_305' title='bbox 1106 2392 1178 2448; x_wconf 82' lang='grc' dir='ltr'><strong>τὰ</strong></span> <span class='ocrx_word' id='word_1_306' title='bbox 1225 2394 1354 2447; x_wconf 68' lang='grc' dir='ltr'>ὄντα</span> <span class='ocrx_word' id='word_1_307' title='bbox 1398 2394 1538 2448; x_wconf 86' lang='grc' dir='ltr'>κατὰ</span> <span class='ocrx_word' id='word_1_308' title='bbox 1578 2395 1638 2448; x_wconf 75' lang='grc' dir='ltr'>τὸ</span> <span class='ocrx_word' id='word_1_309' title='bbox 1682 2395 1863 2451; x_wconf 82' lang='grc' dir='ltr'>δοκοῦν</span> 
     </span>
    </p>
   </div>
   <div class='ocr_carea' id='block_1_45' title="bbox 1963 2391 3523 2467">
    <p class='ocr_par' dir='ltr' id='par_1_45' title="bbox 1968 2391 3523 2454">
     <span class='ocr_line' id='line_1_45' title="bbox 1968 2391 3523 2454; baseline -0.006 0"><span class='ocrx_word' id='word_1_310' title='bbox 1968 2400 2114 2454; x_wconf 89' lang='lat' dir='ltr'><strong>tione</strong></span> <span class='ocrx_word' id='word_1_311' title='bbox 2161 2397 2390 2453; x_wconf 87' lang='lat' dir='ltr'><strong>duarum</strong></span> <span class='ocrx_word' id='word_1_312' title='bbox 2437 2406 2754 2451; x_wconf 85' lang='lat' dir='ltr'><strong>naturarum</strong></span> <span class='ocrx_word' id='word_1_313' title='bbox 2787 2395 3184 2449; x_wconf 88' lang='lat' dir='ltr'><strong>contrariarum</strong></span> <span class='ocrx_word' id='word_1_314' title='bbox 3239 2391 3523 2446; x_wconf 89' lang='lat' dir='ltr'><strong>admistio-</strong></span> 
     </span>
    </p>
   </div>
   <div class='ocr_carea' id='block_1_46' title="bbox 297 2485 1865 2561">
    <p class='ocr_par' dir='ltr' id='par_1_46' title="bbox 297 2485 1865 2561">
     <span class='ocr_line' id='line_1_46' title="bbox 297 2485 1865 2561; baseline 0.001 -20"><span class='ocrx_word' id='word_1_315' title='bbox 297 2487 506 2549; x_wconf 72' lang='grc' dir='ltr'>αὐτοῖς.</span> <span class='ocrx_word' id='word_1_316' title='bbox 543 2486 732 2550; x_wconf 82' lang='grc' dir='ltr'>Πόθεν,</span> <span class='ocrx_word' id='word_1_317' title='bbox 761 2485 1026 2554; x_wconf 87' lang='grc' dir='ltr'>λέγοντες,</span> <span class='ocrx_word' id='word_1_318' title='bbox 1055 2485 1125 2539; x_wconf 85' lang='grc' dir='ltr'><strong>τά</strong></span> <span class='ocrx_word' id='word_1_319' title='bbox 1151 2486 1316 2551; x_wconf 75' lang='grc' dir='ltr'>κακὰ,</span> <span class='ocrx_word' id='word_1_320' title='bbox 1333 2489 1382 2540; x_wconf 86' lang='grc' dir='ltr'><strong>εί</strong></span> <span class='ocrx_word' id='word_1_321' title='bbox 1412 2488 1484 2560; x_wconf 80' lang='grc' dir='ltr'>μὴ</span> <span class='ocrx_word' id='word_1_322' title='bbox 1510 2487 1572 2542; x_wconf 77' lang='grc' dir='ltr'><strong>ἐκ</strong></span> <span class='ocrx_word' id='word_1_323' title='bbox 1597 2505 1741 2552; x_wconf 85' lang='grc' dir='ltr'>τινος</span> <span class='ocrx_word' id='word_1_324' title='bbox 1765 2490 1865 2561; x_wconf 82' lang='grc' dir='ltr'>ἀρ·-</span> 
     </span>
    </p>
   </div>
   <div class='ocr_carea' id='block_1_47' title="bbox 300 2575 1857 2651">
    <p class='ocr_par' dir='ltr' id='par_1_47' title="bbox 300 2575 1857 2651">
     <span class='ocr_line' id='line_1_47' title="bbox 300 2575 1857 2651; baseline 0.003 -22"><span class='ocrx_word' id='word_1_325' title='bbox 300 2578 404 2648; x_wconf 80' lang='grc' dir='ltr'>χῆς</span> <span class='ocrx_word' id='word_1_326' title='bbox 431 2576 523 2630; x_wconf 74' lang='grc' dir='ltr'>καὶ</span> <span class='ocrx_word' id='word_1_327' title='bbox 553 2575 726 2631; x_wconf 83' lang='grc' dir='ltr'>ταῦτα</span> <span class='ocrx_word' id='word_1_328' title='bbox 750 2576 1033 2647; x_wconf 74' lang='grc' dir='ltr'>τυγχάνεις</span> <span class='ocrx_word' id='word_1_329' title='bbox 1059 2578 1122 2629; x_wconf 84' lang='lat' dir='ltr'><strong>El</strong></span> <span class='ocrx_word' id='word_1_330' title='bbox 1153 2576 1208 2632; x_wconf 78' lang='grc' dir='ltr'>δέ</span> <span class='ocrx_word' id='word_1_331' title='bbox 1233 2595 1316 2641; x_wconf 91' lang='grc' dir='ltr'><strong>τις</strong></span> <span class='ocrx_word' id='word_1_332' title='bbox 1345 2579 1657 2651; x_wconf 83' lang='grc' dir='ltr'>ἐρωτήσειε·</span> <span class='ocrx_word' id='word_1_333' title='bbox 1694 2581 1857 2647; x_wconf 69' lang='lat' dir='ltr'><strong>notat;</strong></span> 
     </span>
    </p>
   </div>
   <div class='ocr_carea' id='block_1_48' title="bbox 303 2668 1863 2743">
    <p class='ocr_par' dir='ltr' id='par_1_48' title="bbox 303 2668 1863 2743">
     <span class='ocr_line' id='line_1_48' title="bbox 303 2668 1863 2743; baseline 0.003 -21"><span class='ocrx_word' id='word_1_334' title='bbox 303 2669 607 2739; x_wconf 83' lang='grc' dir='ltr'>συνείρουσι</span> <span class='ocrx_word' id='word_1_335' title='bbox 641 2668 710 2722; x_wconf 89' lang='grc' dir='ltr'><strong>τά</strong></span> <span class='ocrx_word' id='word_1_336' title='bbox 748 2669 857 2724; x_wconf 83' lang='grc' dir='ltr'><strong>τῶν</strong></span> <span class='ocrx_word' id='word_1_337' title='bbox 906 2669 1204 2742; x_wconf 80' lang='grc' dir='ltr'>ἀνθρώπων</span> <span class='ocrx_word' id='word_1_338' title='bbox 1246 2673 1614 2743; x_wconf 83' lang='grc' dir='ltr'>ἁμαρτήματα</span> <span class='ocrx_word' id='word_1_339' title='bbox 1659 2674 1752 2726; x_wconf 74' lang='grc' dir='ltr'><strong>καὶ</strong></span> <span class='ocrx_word' id='word_1_340' title='bbox 1793 2674 1863 2726; x_wconf 71' lang='grc' dir='ltr'>τὰ</span> 
     </span>
    </p>
   </div>
   <div class='ocr_carea' id='block_1_49' title="bbox 297 2759 1864 2835">
    <p class='ocr_par' dir='ltr' id='par_1_49' title="bbox 297 2759 1864 2835">
     <span class='ocr_line' id='line_1_49' title="bbox 297 2759 1864 2835; baseline 0.003 -22"><span class='ocrx_word' id='word_1_341' title='bbox 297 2759 394 2813; x_wconf 91' lang='grc' dir='ltr'><strong>τοῦ</strong></span> <span class='ocrx_word' id='word_1_342' title='bbox 419 2759 552 2814; x_wconf 87' lang='grc' dir='ltr'>Θεοῦ</span> <span class='ocrx_word' id='word_1_343' title='bbox 585 2760 1056 2832; x_wconf 83' lang='grc' dir='ltr'>δημιουργήματα,</span> <span class='ocrx_word' id='word_1_344' title='bbox 1076 2762 1170 2817; x_wconf 72' lang='grc' dir='ltr'><strong>καὶ</strong></span> <span class='ocrx_word' id='word_1_345' title='bbox 1197 2763 1365 2834; x_wconf 82' lang='grc' dir='ltr'>αὑτὴν</span> <span class='ocrx_word' id='word_1_346' title='bbox 1386 2763 1512 2834; x_wconf 84' lang='grc' dir='ltr'>ὃλην</span> <span class='ocrx_word' id='word_1_347' title='bbox 1544 2765 1642 2835; x_wconf 81' lang='grc' dir='ltr'>τὴν</span> <span class='ocrx_word' id='word_1_348' title='bbox 1668 2764 1864 2817; x_wconf 83' lang='grc' dir='ltr'>πάνσο-</span> 
     </span>
    </p>
   </div>
   <div class='ocr_carea' id='block_1_50' title="bbox 302 2853 1869 2923">
    <p class='ocr_par' dir='ltr' id='par_1_50' title="bbox 302 2853 1869 2923">
     <span class='ocr_line' id='line_1_50' title="bbox 302 2853 1869 2923; baseline 0.003 -19"><span class='ocrx_word' id='word_1_349' title='bbox 302 2868 401 2920; x_wconf 86' lang='grc' dir='ltr'><strong>φον</strong></span> <span class='ocrx_word' id='word_1_350' title='bbox 432 2853 738 2923; x_wconf 74' lang='grc' dir='ltr'>οἰκονομίαν</span> <span class='ocrx_word' id='word_1_351' title='bbox 770 2854 1079 2919; x_wconf 80' lang='grc' dir='ltr'>κακίζουσιν</span> <span class='ocrx_word' id='word_1_352' title='bbox 1100 2873 1111 2884; x_wconf 94' lang='grc'><strong>·</strong></span> <span class='ocrx_word' id='word_1_353' title='bbox 1153 2856 1228 2918; x_wconf 84' lang='grc' dir='ltr'>ὡς</span> <span class='ocrx_word' id='word_1_354' title='bbox 1271 2855 1324 2906; x_wconf 81' lang='grc' dir='ltr'><strong>εἴ</strong></span> <span class='ocrx_word' id='word_1_355' title='bbox 1351 2872 1435 2918; x_wconf 89' lang='grc' dir='ltr'><strong>τις</strong></span> <span class='ocrx_word' id='word_1_356' title='bbox 1473 2855 1659 2922; x_wconf 82' lang='grc' dir='ltr'>δείξειε</span> <span class='ocrx_word' id='word_1_357' title='bbox 1695 2857 1869 2910; x_wconf 85' lang='grc' dir='ltr'>πάντα</span> 
     </span>
    </p>
   </div>
   <div class='ocr_carea' id='block_1_51' title="bbox 302 2941 1866 3016">
    <p class='ocr_par' dir='ltr' id='par_1_51' title="bbox 302 2941 1866 3016">
     <span class='ocr_line' id='line_1_51' title="bbox 302 2941 1866 3016; baseline 0.005 -21"><span class='ocrx_word' id='word_1_358' title='bbox 302 2941 480 3005; x_wconf 84' lang='grc' dir='ltr'>καλῶς</span> <span class='ocrx_word' id='word_1_359' title='bbox 517 2944 610 2996; x_wconf 84' lang='grc' dir='ltr'>καὶ</span> <span class='ocrx_word' id='word_1_360' title='bbox 650 2944 956 3012; x_wconf 85' lang='grc' dir='ltr'>ἀναγκαίως</span> <span class='ocrx_word' id='word_1_361' title='bbox 994 2945 1270 3014; x_wconf 80' lang='grc' dir='ltr'>γεγονέναι</span> <span class='ocrx_word' id='word_1_362' title='bbox 1317 2947 1411 2999; x_wconf 75' lang='grc' dir='ltr'>καὶ</span> <span class='ocrx_word' id='word_1_363' title='bbox 1452 2946 1747 3016; x_wconf 85' lang='grc' dir='ltr'>γίγνεσθαι,</span> <span class='ocrx_word' id='word_1_364' title='bbox 1788 2950 1866 3002; x_wconf 79' lang='grc' dir='ltr'><strong>οῖ-</strong></span> 
     </span>
    </p>
   </div>
   <div class='ocr_carea' id='block_1_52' title="bbox 300 3035 1866 3112">
    <p class='ocr_par' dir='ltr' id='par_1_52' title="bbox 300 3035 1866 3112">
     <span class='ocr_line' id='line_1_52' title="bbox 300 3035 1866 3112; baseline 0.006 -28"><span class='ocrx_word' id='word_1_365' title='bbox 300 3049 452 3102; x_wconf 88' lang='grc' dir='ltr'>χεται</span> <span class='ocrx_word' id='word_1_366' title='bbox 483 3035 664 3098; x_wconf 83' lang='grc' dir='ltr'>αὐτοῖς</span> <span class='ocrx_word' id='word_1_367' title='bbox 691 3035 747 3100; x_wconf 84' lang='grc' dir='ltr'><strong>ἐξ</strong></span> <span class='ocrx_word' id='word_1_368' title='bbox 773 3035 1013 3108; x_wconf 83' lang='grc' dir='ltr'>ἀνάγκης</span> <span class='ocrx_word' id='word_1_369' title='bbox 1055 3036 1084 3088; x_wconf 87' lang='grc' dir='ltr'><strong>ό</strong></span> <span class='ocrx_word' id='word_1_370' title='bbox 1124 3038 1249 3108; x_wconf 80' lang='grc' dir='ltr'>περὶ</span> <span class='ocrx_word' id='word_1_371' title='bbox 1287 3038 1385 3108; x_wconf 85' lang='grc' dir='ltr'>τῆς</span> <span class='ocrx_word' id='word_1_372' title='bbox 1420 3039 1665 3103; x_wconf 83' lang='grc' dir='ltr'>ἐναντίας</span> <span class='ocrx_word' id='word_1_373' title='bbox 1693 3042 1866 3112; x_wconf 86' lang='grc' dir='ltr'>ἀρχῆς</span> 
     </span>
    </p>
   </div>
   <div class='ocr_carea' id='block_1_53' title="bbox 299 3123 1866 3200">
    <p class='ocr_par' dir='ltr' id='par_1_53' title="bbox 299 3123 1866 3200">
     <span class='ocr_line' id='line_1_53' title="bbox 299 3123 1866 3200; baseline 0.005 -24"><span class='ocrx_word' id='word_1_374' title='bbox 299 3123 475 3191; x_wconf 83' lang='grc' dir='ltr'>λόγος.</span> <span class='ocrx_word' id='word_1_375' title='bbox 508 3125 602 3196; x_wconf 80' lang='grc' dir='ltr'><strong>Μὴ</strong></span> <span class='ocrx_word' id='word_1_376' title='bbox 623 3126 729 3198; x_wconf 85' lang='grc' dir='ltr'>γὰρ</span> <span class='ocrx_word' id='word_1_377' title='bbox 755 3127 1041 3191; x_wconf 82' lang='grc' dir='ltr'>συνιέντες,</span> <span class='ocrx_word' id='word_1_378' title='bbox 1075 3129 1221 3192; x_wconf 81' lang='grc' dir='ltr'>ὅπως</span> <span class='ocrx_word' id='word_1_379' title='bbox 1258 3128 1366 3200; x_wconf 79' lang='grc' dir='ltr'>ἔχει</span> <span class='ocrx_word' id='word_1_380' title='bbox 1394 3129 1462 3183; x_wconf 89' lang='grc' dir='ltr'><strong>τά</strong></span> <span class='ocrx_word' id='word_1_381' title='bbox 1505 3131 1672 3196; x_wconf 86' lang='grc' dir='ltr'>κάτω,</span> <span class='ocrx_word' id='word_1_382' title='bbox 1701 3131 1866 3184; x_wconf 84' lang='grc' dir='ltr'>ἐπλά-</span> 
     </span>
    </p>
   </div>
   <div class='ocr_carea' id='block_1_54' title="bbox 299 3216 1864 3292">
    <p class='ocr_par' dir='ltr' id='par_1_54' title="bbox 299 3216 1864 3292">
     <span class='ocr_line' id='line_1_54' title="bbox 299 3216 1864 3292; baseline 0.006 -26"><span class='ocrx_word' id='word_1_383' title='bbox 299 3231 462 3267; x_wconf 90' lang='grc' dir='ltr'>σαντο</span> <span class='ocrx_word' id='word_1_384' title='bbox 494 3217 620 3286; x_wconf 72' lang='grc' dir='ltr'>περὶ</span> <span class='ocrx_word' id='word_1_385' title='bbox 650 3216 716 3269; x_wconf 88' lang='grc' dir='ltr'><strong>τά</strong></span> <span class='ocrx_word' id='word_1_386' title='bbox 753 3217 864 3271; x_wconf 83' lang='grc' dir='ltr'><strong>ἀνω</strong></span> <span class='ocrx_word' id='word_1_387' title='bbox 881 3234 896 3248; x_wconf 90' lang='grc'><strong>·</strong></span> <span class='ocrx_word' id='word_1_388' title='bbox 936 3219 1068 3290; x_wconf 86' lang='grc' dir='ltr'><strong>μηδέ</strong></span> <span class='ocrx_word' id='word_1_389' title='bbox 1101 3218 1490 3283; x_wconf 81' lang='grc' dir='ltr'>καταλαϐόντες</span> <span class='ocrx_word' id='word_1_390' title='bbox 1513 3221 1634 3274; x_wconf 90' lang='grc' dir='ltr'>τίνα</span> <span class='ocrx_word' id='word_1_391' title='bbox 1664 3221 1864 3292; x_wconf 83' lang='grc' dir='ltr'>τρόπον</span> 
     </span>
    </p>
   </div>
   <div class='ocr_carea' id='block_1_55' title="bbox 294 3304 1868 3382">
    <p class='ocr_par' dir='ltr' id='par_1_55' title="bbox 294 3304 1868 3382">
     <span class='ocr_line' id='line_1_55' title="bbox 294 3304 1868 3382; baseline 0.004 -25"><span class='ocrx_word' id='word_1_392' title='bbox 294 3304 563 3360; x_wconf 85' lang='grc' dir='ltr'>διάκειται</span> <span class='ocrx_word' id='word_1_393' title='bbox 589 3306 656 3360; x_wconf 91' lang='grc' dir='ltr'><strong>τά</strong></span> <span class='ocrx_word' id='word_1_394' title='bbox 683 3307 952 3379; x_wconf 85' lang='grc' dir='ltr'>ὁρώμενα,</span> <span class='ocrx_word' id='word_1_395' title='bbox 981 3310 1422 3382; x_wconf 80' lang='grc' dir='ltr'>ἐσυκοφάντησαν</span> <span class='ocrx_word' id='word_1_396' title='bbox 1454 3311 1515 3363; x_wconf 82' lang='grc' dir='ltr'><strong>τὸ</strong></span> <span class='ocrx_word' id='word_1_397' title='bbox 1555 3310 1628 3382; x_wconf 84' lang='grc' dir='ltr'>μὴ</span> <span class='ocrx_word' id='word_1_398' title='bbox 1657 3309 1868 3382; x_wconf 85' lang='grc' dir='ltr'>ὁρώμε-</span> 
     </span>
    </p>
   </div>
   <div class='ocr_carea' id='block_1_56' title="bbox 293 3390 1863 3474">
    <p class='ocr_par' dir='ltr' id='par_1_56' title="bbox 293 3390 1863 3474">
     <span class='ocr_line' id='line_1_56' title="bbox 293 3390 1863 3474; baseline 0.004 -26"><span class='ocrx_word' id='word_1_399' title='bbox 293 3413 388 3450; x_wconf 87' lang='grc' dir='ltr'><strong>νον</strong></span> <span class='ocrx_word' id='word_1_400' title='bbox 409 3415 426 3430; x_wconf 72' lang='grc' dir='ltr'><strong>ο</strong></span> <span class='ocrx_word' id='word_1_401' title='bbox 473 3399 567 3452; x_wconf 81' lang='grc' dir='ltr'>καὶ</span> <span class='ocrx_word' id='word_1_402' title='bbox 613 3390 813 3468; x_wconf 81' lang='grc' dir='ltr'>γνῶναι</span> <span class='ocrx_word' id='word_1_403' title='bbox 860 3400 1259 3466; x_wconf 88' lang='grc' dir='ltr'>σπουδάσαντες</span> <span class='ocrx_word' id='word_1_404' title='bbox 1306 3401 1393 3455; x_wconf 88' lang='grc' dir='ltr'><strong>διά</strong></span> <span class='ocrx_word' id='word_1_405' title='bbox 1432 3403 1492 3455; x_wconf 88' lang='grc' dir='ltr'><strong>τὸ</strong></span> <span class='ocrx_word' id='word_1_406' title='bbox 1538 3403 1611 3474; x_wconf 83' lang='grc' dir='ltr'>μὴ</span> <span class='ocrx_word' id='word_1_407' title='bbox 1643 3401 1863 3471; x_wconf 85' lang='grc' dir='ltr'>γνῶναι,</span> 
     </span>
    </p>
   </div>
   <div class='ocr_carea' id='block_1_57' title="bbox 291 3489 1865 3566">
    <p class='ocr_par' dir='ltr' id='par_1_57' title="bbox 291 3489 1865 3566">
     <span class='ocr_line' id='line_1_57' title="bbox 291 3489 1865 3566; baseline 0.003 -24"><span class='ocrx_word' id='word_1_408' title='bbox 291 3489 491 3562; x_wconf 81' lang='grc' dir='ltr'>ἀγνοίᾳ</span> <span class='ocrx_word' id='word_1_409' title='bbox 526 3489 728 3562; x_wconf 73' lang='grc' dir='ltr'>μείζονι</span> <span class='ocrx_word' id='word_1_410' title='bbox 765 3493 1090 3563; x_wconf 84' lang='grc' dir='ltr'>περιέπεσον</span> <span class='ocrx_word' id='word_1_411' title='bbox 1115 3509 1130 3524; x_wconf 75' lang='grc' dir='ltr'><strong>ο</strong></span> <span class='ocrx_word' id='word_1_412' title='bbox 1173 3493 1249 3557; x_wconf 84' lang='grc' dir='ltr'>ὡς</span> <span class='ocrx_word' id='word_1_413' title='bbox 1289 3493 1398 3564; x_wconf 87' lang='grc' dir='ltr'>γὰρ</span> <span class='ocrx_word' id='word_1_414' title='bbox 1439 3495 1496 3545; x_wconf 84' lang='grc' dir='ltr'><strong>ἐν</strong></span> <span class='ocrx_word' id='word_1_415' title='bbox 1548 3493 1724 3546; x_wconf 83' lang='grc' dir='ltr'>σκότει</span> <span class='ocrx_word' id='word_1_416' title='bbox 1766 3493 1865 3566; x_wconf 81' lang='grc' dir='ltr'><strong>τὴν</strong></span> 
     </span>
    </p>
   </div>
   <div class='ocr_carea' id='block_1_58' title="bbox 290 3583 1865 3660">
    <p class='ocr_par' dir='ltr' id='par_1_58' title="bbox 290 3583 1865 3660">
     <span class='ocr_line' id='line_1_58' title="bbox 290 3583 1865 3660; baseline 0.003 -25"><span class='ocrx_word' id='word_1_417' title='bbox 290 3583 428 3655; x_wconf 77' lang='grc' dir='ltr'>περὶ</span> <span class='ocrx_word' id='word_1_418' title='bbox 459 3583 568 3638; x_wconf 85' lang='grc' dir='ltr'><strong>τῶν</strong></span> <span class='ocrx_word' id='word_1_419' title='bbox 619 3585 954 3654; x_wconf 85' lang='grc' dir='ltr'>φαινομένων</span> <span class='ocrx_word' id='word_1_420' title='bbox 1011 3585 1213 3640; x_wconf 77' lang='grc' dir='ltr'>ἔννοιαν</span> <span class='ocrx_word' id='word_1_421' title='bbox 1257 3583 1560 3657; x_wconf 79' lang='grc' dir='ltr'>ζητοῦντες,</span> <span class='ocrx_word' id='word_1_422' title='bbox 1605 3586 1665 3639; x_wconf 82' lang='grc' dir='ltr'><strong>οὑ</strong></span> <span class='ocrx_word' id='word_1_423' title='bbox 1708 3587 1865 3660; x_wconf 84' lang='grc' dir='ltr'>μόνον</span> 
     </span>
    </p>
   </div>
   <div class='ocr_carea' id='block_1_59' title="bbox 288 3667 1864 3748">
    <p class='ocr_par' dir='ltr' id='par_1_59' title="bbox 288 3667 1864 3748">
     <span class='ocr_line' id='line_1_59' title="bbox 288 3667 1864 3748; baseline 0.002 -21"><span class='ocrx_word' id='word_1_424' title='bbox 288 3674 394 3744; x_wconf 81' lang='grc' dir='ltr'><strong>οὐχ</strong></span> <span class='ocrx_word' id='word_1_425' title='bbox 429 3667 602 3745; x_wconf 76' lang='grc' dir='ltr'>εὖρον,</span> <span class='ocrx_word' id='word_1_426' title='bbox 631 3675 659 3727; x_wconf 85' lang='grc' dir='ltr'><strong>δ</strong></span> <span class='ocrx_word' id='word_1_427' title='bbox 681 3674 859 3746; x_wconf 82' lang='grc' dir='ltr'>ζητεῖν</span> <span class='ocrx_word' id='word_1_428' title='bbox 885 3675 1120 3743; x_wconf 85' lang='grc' dir='ltr'>ἐδόκουν,</span> <span class='ocrx_word' id='word_1_429' title='bbox 1151 3676 1285 3731; x_wconf 83' lang='grc' dir='ltr'><strong>ἀλλά</strong></span> <span class='ocrx_word' id='word_1_430' title='bbox 1319 3677 1412 3730; x_wconf 71' lang='grc' dir='ltr'>καὶ</span> <span class='ocrx_word' id='word_1_431' title='bbox 1448 3676 1625 3748; x_wconf 77' lang='grc' dir='ltr'>μεῖζον</span> <span class='ocrx_word' id='word_1_432' title='bbox 1657 3679 1864 3741; x_wconf 83' lang='grc' dir='ltr'>ἐαυτοτς</span> 
     </span>
    </p>
   </div>
   <div class='ocr_carea' id='block_1_60' title="bbox 287 3763 1864 3844">
    <p class='ocr_par' dir='ltr' id='par_1_60' title="bbox 287 3763 1864 3844">
     <span class='ocr_line' id='line_1_60' title="bbox 287 3763 1864 3844; baseline 0.004 -26"><span class='ocrx_word' id='word_1_433' title='bbox 287 3765 354 3818; x_wconf 84' lang='grc' dir='ltr'>τὸ</span> <span class='ocrx_word' id='word_1_434' title='bbox 391 3763 580 3828; x_wconf 82' lang='grc' dir='ltr'>σκότος</span> <span class='ocrx_word' id='word_1_435' title='bbox 602 3765 701 3836; x_wconf 85' lang='grc' dir='ltr'>τῆς</span> <span class='ocrx_word' id='word_1_436' title='bbox 727 3766 945 3834; x_wconf 85' lang='grc' dir='ltr'>ἀγνοίας</span> <span class='ocrx_word' id='word_1_437' title='bbox 973 3769 1350 3840; x_wconf 80' lang='grc' dir='ltr'>πεποιήκασιν.</span> <span class='ocrx_word' id='word_1_438' title='bbox 1381 3771 1570 3840; x_wconf 82' lang='grc' dir='ltr'>Ἡμεῖς</span> <span class='ocrx_word' id='word_1_439' title='bbox 1603 3770 1678 3836; x_wconf 91' lang='grc' dir='ltr'><strong>δέ,</strong></span> <span class='ocrx_word' id='word_1_440' title='bbox 1715 3769 1864 3844; x_wconf 83' lang='grc' dir='ltr'>πρῶ-</span> 
     </span>
    </p>
   </div>
   <div class='ocr_carea' id='block_1_61' title="bbox 287 3855 1864 3931">
    <p class='ocr_par' dir='ltr' id='par_1_61' title="bbox 287 3855 1864 3931">
     <span class='ocr_line' id='line_1_61' title="bbox 287 3855 1864 3931; baseline 0.003 -21"><span class='ocrx_word' id='word_1_441' title='bbox 287 3873 386 3910; x_wconf 90' lang='grc' dir='ltr'><strong>τον</strong></span> <span class='ocrx_word' id='word_1_442' title='bbox 438 3855 565 3927; x_wconf 79' lang='grc' dir='ltr'>περὶ</span> <span class='ocrx_word' id='word_1_443' title='bbox 589 3855 696 3909; x_wconf 84' lang='grc' dir='ltr'>τῶν</span> <span class='ocrx_word' id='word_1_444' title='bbox 745 3855 838 3911; x_wconf 85' lang='grc' dir='ltr'><strong>δύο</strong></span> <span class='ocrx_word' id='word_1_445' title='bbox 886 3857 1138 3912; x_wconf 83' lang='grc' dir='ltr'>ἐναντίων</span> <span class='ocrx_word' id='word_1_446' title='bbox 1190 3859 1371 3931; x_wconf 84' lang='grc' dir='ltr'>ἀρχῶν</span> <span class='ocrx_word' id='word_1_447' title='bbox 1411 3860 1478 3923; x_wconf 78' lang='grc' dir='ltr'>ἃς</span> <span class='ocrx_word' id='word_1_448' title='bbox 1526 3861 1864 3915; x_wconf 86' lang='grc' dir='ltr'>ὑποτίθενται</span> 
     </span>
    </p>
   </div>
   <div class='ocr_carea' id='block_1_62' title="bbox 286 3947 1864 4026">
    <p class='ocr_par' dir='ltr' id='par_1_62' title="bbox 286 3947 1864 4026">
     <span class='ocr_line' id='line_1_62' title="bbox 286 3947 1864 4026; baseline 0.002 -24"><span class='ocrx_word' id='word_1_449' title='bbox 286 3947 658 4012; x_wconf 76' lang='grc' dir='ltr'>διαλαϐόντες,</span> <span class='ocrx_word' id='word_1_450' title='bbox 691 3947 860 4012; x_wconf 75' lang='grc' dir='ltr'>οὕτως</span> <span class='ocrx_word' id='word_1_451' title='bbox 887 3948 1090 4020; x_wconf 75' lang='grc' dir='ltr'>ἥξομεν</span> <span class='ocrx_word' id='word_1_452' title='bbox 1127 3951 1262 4021; x_wconf 77' lang='grc' dir='ltr'>πρὸς</span> <span class='ocrx_word' id='word_1_453' title='bbox 1302 3952 1400 4022; x_wconf 80' lang='grc' dir='ltr'>τὴν</span> <span class='ocrx_word' id='word_1_454' title='bbox 1427 3952 1564 4026; x_wconf 87' lang='grc' dir='ltr'>ὑπὲρ</span> <span class='ocrx_word' id='word_1_455' title='bbox 1596 3951 1701 4005; x_wconf 77' lang='grc' dir='ltr'>τῶν</span> <span class='ocrx_word' id='word_1_456' title='bbox 1730 3953 1864 4006; x_wconf 81' lang='grc' dir='ltr'>ὅλων</span> 
     </span>
    </p>
   </div>
   <div class='ocr_carea' id='block_1_63' title="bbox 287 4037 1856 4108">
    <p class='ocr_par' dir='ltr' id='par_1_63' title="bbox 287 4037 1856 4108">
     <span class='ocr_line' id='line_1_63' title="bbox 287 4037 1856 4108; baseline 0 -15"><span class='ocrx_word' id='word_1_457' title='bbox 287 4039 587 4103; x_wconf 81' lang='grc' dir='ltr'>ἀπόδειξιν,</span> <span class='ocrx_word' id='word_1_458' title='bbox 617 4039 692 4102; x_wconf 85' lang='grc' dir='ltr'>ὼς</span> <span class='ocrx_word' id='word_1_459' title='bbox 711 4037 888 4092; x_wconf 87' lang='grc' dir='ltr'>καλῶν</span> <span class='ocrx_word' id='word_1_460' title='bbox 915 4039 1007 4093; x_wconf 81' lang='grc' dir='ltr'>καὶ</span> <span class='ocrx_word' id='word_1_461' title='bbox 1046 4040 1353 4108; x_wconf 84' lang='grc' dir='ltr'>ἀναγκαίων</span> <span class='ocrx_word' id='word_1_462' title='bbox 1377 4041 1544 4096; x_wconf 76' lang='grc' dir='ltr'>ὄντων</span> <span class='ocrx_word' id='word_1_463' title='bbox 1583 4041 1856 4106; x_wconf 82' lang='grc' dir='ltr'>ἁπάντων,</span> 
     </span>
    </p>
   </div>
   <div class='ocr_carea' id='block_1_64' title="bbox 289 4128 1860 4206">
    <p class='ocr_par' dir='ltr' id='par_1_64' title="bbox 289 4128 1860 4206">
     <span class='ocr_line' id='line_1_64' title="bbox 289 4128 1860 4206; baseline -0.001 -18"><span class='ocrx_word' id='word_1_464' title='bbox 289 4133 390 4188; x_wconf 76' lang='grc' dir='ltr'><strong>καὶ</strong></span> <span class='ocrx_word' id='word_1_465' title='bbox 418 4131 655 4197; x_wconf 82' lang='grc' dir='ltr'>ἐκείνων,</span> <span class='ocrx_word' id='word_1_466' title='bbox 673 4132 747 4194; x_wconf 84' lang='grc' dir='ltr'>ὡς</span> <span class='ocrx_word' id='word_1_467' title='bbox 781 4131 1064 4203; x_wconf 78' lang='grc' dir='ltr'>προλαϐὼν</span> <span class='ocrx_word' id='word_1_468' title='bbox 1095 4132 1253 4203; x_wconf 76' lang='grc' dir='ltr'>ἔφην,</span> <span class='ocrx_word' id='word_1_469' title='bbox 1276 4134 1506 4203; x_wconf 83' lang='grc' dir='ltr'>μάλιστα</span> <span class='ocrx_word' id='word_1_470' title='bbox 1530 4132 1649 4186; x_wconf 91' lang='grc' dir='ltr'>καθ’</span> <span class='ocrx_word' id='word_1_471' title='bbox 1681 4128 1860 4206; x_wconf 86' lang='grc' dir='ltr'>ὧνπερ</span> 
     </span>
    </p>
   </div>
   <div class='ocr_carea' id='block_1_65' title="bbox 289 4221 1862 4298">
    <p class='ocr_par' dir='ltr' id='par_1_65' title="bbox 289 4221 1862 4298">
     <span class='ocr_line' id='line_1_65' title="bbox 289 4221 1862 4298; baseline 0.004 -24"><span class='ocrx_word' id='word_1_472' title='bbox 289 4221 556 4292; x_wconf 79' lang='grc' dir='ltr'>πλείστην</span> <span class='ocrx_word' id='word_1_473' title='bbox 597 4223 937 4296; x_wconf 79' lang='grc' dir='ltr'>καταδρομὴν</span> <span class='ocrx_word' id='word_1_474' title='bbox 970 4224 1266 4289; x_wconf 83' lang='grc' dir='ltr'>ποιοῦνται,</span> <span class='ocrx_word' id='word_1_475' title='bbox 1309 4228 1383 4290; x_wconf 85' lang='grc' dir='ltr'>ὡς</span> <span class='ocrx_word' id='word_1_476' title='bbox 1424 4227 1862 4298; x_wconf 86' lang='grc' dir='ltr'>ὁμολογουμένων</span> 
     </span>
    </p>
   </div>
   <div class='ocr_carea' id='block_1_66' title="bbox 288 4313 1863 4390">
    <p class='ocr_par' dir='ltr' id='par_1_66' title="bbox 288 4313 1863 4390">
     <span class='ocr_line' id='line_1_66' title="bbox 288 4313 1863 4390; baseline 0.001 -21"><span class='ocrx_word' id='word_1_477' title='bbox 288 4313 514 4369; x_wconf 79' lang='grc' dir='ltr'>κακῶνο</span> <span class='ocrx_word' id='word_1_478' title='bbox 551 4313 628 4367; x_wconf 77' lang='grc' dir='ltr'>ἔτι</span> <span class='ocrx_word' id='word_1_479' title='bbox 660 4315 715 4369; x_wconf 88' lang='grc' dir='ltr'><strong>δέ</strong></span> <span class='ocrx_word' id='word_1_480' title='bbox 764 4318 858 4369; x_wconf 69' lang='grc' dir='ltr'>καὶ</span> <span class='ocrx_word' id='word_1_481' title='bbox 904 4316 1002 4387; x_wconf 81' lang='grc' dir='ltr'>τῆς</span> <span class='ocrx_word' id='word_1_482' title='bbox 1057 4316 1164 4370; x_wconf 82' lang='grc' dir='ltr'><strong>τῶν</strong></span> <span class='ocrx_word' id='word_1_483' title='bbox 1213 4317 1346 4370; x_wconf 83' lang='grc' dir='ltr'>ὅλων</span> <span class='ocrx_word' id='word_1_484' title='bbox 1386 4318 1719 4390; x_wconf 83' lang='grc' dir='ltr'>διοικήσεως,</span> <span class='ocrx_word' id='word_1_485' title='bbox 1770 4319 1863 4376; x_wconf 77' lang='grc' dir='ltr'><strong>καὶ</strong></span> 
     </span>
    </p>
   </div>
   <div class='ocr_carea' id='block_1_67' title="bbox 287 4402 1858 4482">
    <p class='ocr_par' dir='ltr' id='par_1_67' title="bbox 287 4402 1858 4482">
     <span class='ocr_line' id='line_1_67' title="bbox 287 4402 1858 4482; baseline 0 -20"><span class='ocrx_word' id='word_1_486' title='bbox 287 4409 361 4462; x_wconf 82' lang='grc' dir='ltr'>δι’</span> <span class='ocrx_word' id='word_1_487' title='bbox 404 4402 479 4461; x_wconf 86' lang='grc' dir='ltr'>ὧν</span> <span class='ocrx_word' id='word_1_488' title='bbox 529 4408 750 4478; x_wconf 84' lang='grc' dir='ltr'>πικρίαν</span> <span class='ocrx_word' id='word_1_489' title='bbox 796 4408 962 4479; x_wconf 82' lang='grc' dir='ltr'>αὐτῆς</span> <span class='ocrx_word' id='word_1_490' title='bbox 1001 4409 1327 4480; x_wconf 84' lang='grc' dir='ltr'>ἀγνωμόνως</span> <span class='ocrx_word' id='word_1_491' title='bbox 1377 4409 1858 4482; x_wconf 78' lang='grc' dir='ltr'>καταψηφίζονται,</span> 
     </span>
    </p>
   </div>
   <div class='ocr_carea' id='block_1_68' title="bbox 1971 2483 3518 2557">
    <p class='ocr_par' dir='ltr' id='par_1_68' title="bbox 1971 2483 3518 2557">
     <span class='ocr_line' id='line_1_68' title="bbox 1971 2483 3518 2557; baseline -0.005 -11"><span class='ocrx_word' id='word_1_492' title='bbox 1971 2505 2116 2557; x_wconf 88' lang='lat' dir='ltr'><strong>nem,</strong></span> <span class='ocrx_word' id='word_1_493' title='bbox 2137 2498 2191 2546; x_wconf 91' lang='lat' dir='ltr'><strong>et</strong></span> <span class='ocrx_word' id='word_1_494' title='bbox 2212 2489 2319 2554; x_wconf 86' lang='lat' dir='ltr'><strong>bis,</strong></span> <span class='ocrx_word' id='word_1_495' title='bbox 2349 2496 2409 2543; x_wconf 90' lang='lat' dir='ltr'><strong>ut</strong></span> <span class='ocrx_word' id='word_1_496' title='bbox 2435 2489 2516 2544; x_wconf 89' lang='lat' dir='ltr'><strong>eis</strong></span> <span class='ocrx_word' id='word_1_497' title='bbox 2545 2489 2776 2555; x_wconf 87' lang='lat' dir='ltr'><strong>videtur,</strong></span> <span class='ocrx_word' id='word_1_498' title='bbox 2807 2504 2896 2544; x_wconf 90' lang='lat' dir='ltr'><strong>res</strong></span> <span class='ocrx_word' id='word_1_499' title='bbox 2943 2500 3132 2542; x_wconf 89' lang='lat' dir='ltr'><strong>omnes</strong></span> <span class='ocrx_word' id='word_1_500' title='bbox 3164 2483 3518 2539; x_wconf 86' lang='lat' dir='ltr'><strong>distribuunt.</strong></span> 
     </span>
    </p>
   </div>
   <div class='ocr_carea' id='block_1_69' title="bbox 1969 2577 3522 2652">
    <p class='ocr_par' dir='ltr' id='par_1_69' title="bbox 1969 2577 3522 2652">
     <span class='ocr_line' id='line_1_69' title="bbox 1969 2577 3522 2652; baseline -0.005 -15"><span class='ocrx_word' id='word_1_501' title='bbox 1969 2581 2268 2647; x_wconf 89' lang='lat' dir='ltr'><strong>Undenam,</strong></span> <span class='ocrx_word' id='word_1_502' title='bbox 2293 2581 2564 2652; x_wconf 88' lang='lat' dir='ltr'><strong>inquiunt,</strong></span> <span class='ocrx_word' id='word_1_503' title='bbox 2601 2581 2776 2645; x_wconf 89' lang='lat' dir='ltr'><strong>mala,</strong></span> <span class='ocrx_word' id='word_1_504' title='bbox 2822 2581 2868 2636; x_wconf 93' lang='lat' dir='ltr'><strong>si</strong></span> <span class='ocrx_word' id='word_1_505' title='bbox 2917 2580 3028 2634; x_wconf 65' lang='lat' dir='ltr'><strong>haec</strong></span> <span class='ocrx_word' id='word_1_506' title='bbox 3080 2593 3187 2632; x_wconf 92' lang='lat' dir='ltr'><strong>non</strong></span> <span class='ocrx_word' id='word_1_507' title='bbox 3235 2593 3301 2631; x_wconf 84' lang='lat' dir='ltr'><strong>ex</strong></span> <span class='ocrx_word' id='word_1_508' title='bbox 3342 2577 3522 2646; x_wconf 90' lang='lat' dir='ltr'><strong>aliquo</strong></span> 
     </span>
    </p>
   </div>
   <div class='ocr_carea' id='block_1_70' title="bbox 1965 2668 3523 2745">
    <p class='ocr_par' dir='ltr' id='par_1_70' title="bbox 1965 2668 3523 2745">
     <span class='ocr_line' id='line_1_70' title="bbox 1965 2668 3523 2745; baseline -0.005 -17"><span class='ocrx_word' id='word_1_509' title='bbox 1965 2674 2233 2745; x_wconf 91' lang='lat' dir='ltr'><strong>principio</strong></span> <span class='ocrx_word' id='word_1_510' title='bbox 2261 2674 2420 2730; x_wconf 86' lang='lat' dir='ltr'><strong>sunt?</strong></span> <span class='ocrx_word' id='word_1_511' title='bbox 2477 2673 2534 2727; x_wconf 91' lang='lat' dir='ltr'><strong>Si</strong></span> <span class='ocrx_word' id='word_1_512' title='bbox 2576 2673 2699 2743; x_wconf 89' lang='lat' dir='ltr'><strong>quis</strong></span> <span class='ocrx_word' id='word_1_513' title='bbox 2735 2687 2863 2727; x_wconf 87' lang='lat' dir='ltr'><strong>vero</strong></span> <span class='ocrx_word' id='word_1_514' title='bbox 2909 2677 3288 2740; x_wconf 85' lang='lat' dir='ltr'><strong>percontetur,</strong></span> <span class='ocrx_word' id='word_1_515' title='bbox 3341 2668 3523 2738; x_wconf 84' lang='lat' dir='ltr'><strong>qualia</strong></span> 
     </span>
    </p>
   </div>
   <div class='ocr_carea' id='block_1_71' title="bbox 1970 2760 3521 2836">
    <p class='ocr_par' dir='ltr' id='par_1_71' title="bbox 1970 2760 3521 2836">
     <span class='ocr_line' id='line_1_71' title="bbox 1970 2760 3521 2836; baseline -0.006 -15"><span class='ocrx_word' id='word_1_516' title='bbox 1970 2773 2188 2836; x_wconf 89' lang='lat' dir='ltr'><strong>peccata</strong></span> <span class='ocrx_word' id='word_1_517' title='bbox 2218 2766 2273 2820; x_wconf 89' lang='lat' dir='ltr'><strong>in</strong></span> <span class='ocrx_word' id='word_1_518' title='bbox 2322 2764 2570 2820; x_wconf 88' lang='lat' dir='ltr'><strong>homines</strong></span> <span class='ocrx_word' id='word_1_519' title='bbox 2615 2762 2917 2817; x_wconf 81' lang='lat' dir='ltr'><strong>confertis?</strong></span> <span class='ocrx_word' id='word_1_520' title='bbox 2960 2761 3306 2830; x_wconf 73' lang='lat' dir='ltr'><strong>Quaecunque</strong></span> <span class='ocrx_word' id='word_1_521' title='bbox 3353 2760 3521 2814; x_wconf 81' lang='lat' dir='ltr'><strong>fabri-</strong></span> 
     </span>
    </p>
   </div>
   <div class='ocr_carea' id='block_1_72' title="bbox 1966 2851 3522 2924">
    <p class='ocr_par' dir='ltr' id='par_1_72' title="bbox 1966 2851 3522 2924">
     <span class='ocr_line' id='line_1_72' title="bbox 1966 2851 3522 2924; baseline -0.004 -13"><span class='ocrx_word' id='word_1_522' title='bbox 1966 2865 2120 2912; x_wconf 91' lang='lat' dir='ltr'><strong>catus</strong></span> <span class='ocrx_word' id='word_1_523' title='bbox 2147 2865 2230 2912; x_wconf 81' lang='lat' dir='ltr'><strong>est</strong></span> <span class='ocrx_word' id='word_1_524' title='bbox 2258 2857 2420 2919; x_wconf 88' lang='lat' dir='ltr'><strong>Deus,</strong></span> <span class='ocrx_word' id='word_1_525' title='bbox 2451 2863 2505 2910; x_wconf 89' lang='lat' dir='ltr'><strong>et</strong></span> <span class='ocrx_word' id='word_1_526' title='bbox 2536 2863 2711 2924; x_wconf 69' lang='lat' dir='ltr'><strong>totam</strong></span> <span class='ocrx_word' id='word_1_527' title='bbox 2744 2855 2917 2924; x_wconf 89' lang='lat' dir='ltr'><strong>ipsam</strong></span> <span class='ocrx_word' id='word_1_528' title='bbox 2945 2869 3128 2908; x_wconf 90' lang='lat' dir='ltr'><strong>rerum</strong></span> <span class='ocrx_word' id='word_1_529' title='bbox 3182 2851 3522 2921; x_wconf 86' lang='lat' dir='ltr'><strong>sapientissi-</strong></span> 
     </span>
    </p>
   </div>
   <div class='ocr_carea' id='block_1_73' title="bbox 1967 2944 3521 3019">
    <p class='ocr_par' dir='ltr' id='par_1_73' title="bbox 1967 2944 3521 3019">
     <span class='ocr_line' id='line_1_73' title="bbox 1967 2944 3521 3019; baseline -0.005 -16"><span class='ocrx_word' id='word_1_530' title='bbox 1967 2965 2110 3003; x_wconf 89' lang='lat' dir='ltr'><strong>mam</strong></span> <span class='ocrx_word' id='word_1_531' title='bbox 2172 2949 2619 3019; x_wconf 89' lang='lat' dir='ltr'><strong>compositionem</strong></span> <span class='ocrx_word' id='word_1_532' title='bbox 2682 2962 2747 3002; x_wconf 88' lang='lat' dir='ltr'><strong>ac</strong></span> <span class='ocrx_word' id='word_1_533' title='bbox 2807 2945 3250 3017; x_wconf 80' lang='lat' dir='ltr'><strong>gubernationem</strong></span> <span class='ocrx_word' id='word_1_534' title='bbox 3309 2944 3521 3011; x_wconf 86' lang='lat' dir='ltr'><strong>vitupe-</strong></span> 
     </span>
    </p>
   </div>
   <div class='ocr_carea' id='block_1_74' title="bbox 1965 3035 3522 3111">
    <p class='ocr_par' dir='ltr' id='par_1_74' title="bbox 1965 3035 3522 3111">
     <span class='ocr_line' id='line_1_74' title="bbox 1965 3035 3522 3111; baseline -0.007 -15"><span class='ocrx_word' id='word_1_535' title='bbox 1965 3050 2124 3097; x_wconf 89' lang='lat' dir='ltr'><strong>rant:</strong></span> <span class='ocrx_word' id='word_1_536' title='bbox 2161 3049 2218 3096; x_wconf 90' lang='lat' dir='ltr'><strong>ut</strong></span> <span class='ocrx_word' id='word_1_537' title='bbox 2259 3042 2371 3111; x_wconf 86' lang='lat' dir='ltr'><strong>jam</strong></span> <span class='ocrx_word' id='word_1_538' title='bbox 2432 3042 2478 3096; x_wconf 93' lang='lat' dir='ltr'><strong>si</strong></span> <span class='ocrx_word' id='word_1_539' title='bbox 2515 3040 2638 3109; x_wconf 89' lang='lat' dir='ltr'><strong>quis</strong></span> <span class='ocrx_word' id='word_1_540' title='bbox 2683 3038 3020 3094; x_wconf 83' lang='lat' dir='ltr'><strong>demonstret</strong></span> <span class='ocrx_word' id='word_1_541' title='bbox 3065 3037 3247 3092; x_wconf 83' lang='lat' dir='ltr'><strong>omnia</strong></span> <span class='ocrx_word' id='word_1_542' title='bbox 3301 3035 3438 3090; x_wconf 87' lang='lat' dir='ltr'><strong>bene</strong></span> <span class='ocrx_word' id='word_1_543' title='bbox 3469 3043 3522 3087; x_wconf 76' lang='lat' dir='ltr'><strong>et</strong></span> 
     </span>
    </p>
   </div>
   <div class='ocr_carea' id='block_1_75' title="bbox 1966 3127 3522 3194">
    <p class='ocr_par' dir='ltr' id='par_1_75' title="bbox 1966 3127 3522 3194">
     <span class='ocr_line' id='line_1_75' title="bbox 1966 3127 3522 3194; baseline -0.007 -4"><span class='ocrx_word' id='word_1_544' title='bbox 1966 3135 2277 3190; x_wconf 72' lang='lat' dir='ltr'><strong>necessario</strong></span> <span class='ocrx_word' id='word_1_545' title='bbox 2307 3133 2449 3187; x_wconf 72' lang='lat' dir='ltr'><strong>facta</strong></span> <span class='ocrx_word' id='word_1_546' title='bbox 2473 3147 2595 3187; x_wconf 88' lang='lat' dir='ltr'><strong>esse</strong></span> <span class='ocrx_word' id='word_1_547' title='bbox 2627 3138 2680 3184; x_wconf 91' lang='lat' dir='ltr'><strong>et</strong></span> <span class='ocrx_word' id='word_1_548' title='bbox 2715 3129 2828 3184; x_wconf 83' lang='lat' dir='ltr'><strong>ﬁeri</strong></span> <span class='ocrx_word' id='word_1_549' title='bbox 2854 3169 2868 3194; x_wconf 92' lang='lat'><strong>,</strong></span> <span class='ocrx_word' id='word_1_550' title='bbox 2921 3143 3142 3183; x_wconf 82' lang='lat' dir='ltr'><strong>necesse</strong></span> <span class='ocrx_word' id='word_1_551' title='bbox 3188 3135 3270 3182; x_wconf 85' lang='lat' dir='ltr'><strong>est</strong></span> <span class='ocrx_word' id='word_1_552' title='bbox 3309 3127 3522 3181; x_wconf 77' lang='lat' dir='ltr'><strong>excidat</strong></span> 
     </span>
    </p>
   </div>
   <div class='ocr_carea' id='block_1_76' title="bbox 1965 3219 3522 3290">
    <p class='ocr_par' dir='ltr' id='par_1_76' title="bbox 1965 3219 3522 3290">
     <span class='ocr_line' id='line_1_76' title="bbox 1965 3219 3522 3290; baseline -0.008 -10"><span class='ocrx_word' id='word_1_553' title='bbox 1965 3227 2041 3281; x_wconf 89' lang='lat' dir='ltr'><strong>eis</strong></span> <span class='ocrx_word' id='word_1_554' title='bbox 2067 3235 2122 3280; x_wconf 88' lang='lat' dir='ltr'><strong>et</strong></span> <span class='ocrx_word' id='word_1_555' title='bbox 2143 3225 2318 3280; x_wconf 86' lang='lat' dir='ltr'><strong>avolet</strong></span> <span class='ocrx_word' id='word_1_556' title='bbox 2339 3223 2479 3278; x_wconf 88' lang='lat' dir='ltr'><strong>ratio</strong></span> <span class='ocrx_word' id='word_1_557' title='bbox 2510 3222 2769 3276; x_wconf 85' lang='lat' dir='ltr'><strong>contrarii</strong></span> <span class='ocrx_word' id='word_1_558' title='bbox 2816 3219 3092 3290; x_wconf 89' lang='lat' dir='ltr'><strong>principii.</strong></span> <span class='ocrx_word' id='word_1_559' title='bbox 3117 3219 3251 3273; x_wconf 83' lang='lat' dir='ltr'><strong>Cum</strong></span> <span class='ocrx_word' id='word_1_560' title='bbox 3282 3219 3425 3272; x_wconf 87' lang='lat' dir='ltr'><strong>enim</strong></span> <span class='ocrx_word' id='word_1_561' title='bbox 3459 3232 3522 3269; x_wconf 85' lang='lat' dir='ltr'><strong>ea</strong></span> 
     </span>
    </p>
   </div>
   <div class='ocr_carea' id='block_1_77' title="bbox 1963 3308 3523 3388">
    <p class='ocr_par' dir='ltr' id='par_1_77' title="bbox 1963 3308 3523 3388">
     <span class='ocr_line' id='line_1_77' title="bbox 1963 3308 3523 3388; baseline -0.008 -16"><span class='ocrx_word' id='word_1_562' title='bbox 1963 3333 2083 3388; x_wconf 72' lang='lat' dir='ltr'><strong>quae</strong></span> <span class='ocrx_word' id='word_1_563' title='bbox 2135 3315 2276 3370; x_wconf 81' lang='lat' dir='ltr'><strong>infra</strong></span> <span class='ocrx_word' id='word_1_564' title='bbox 2318 3325 2465 3376; x_wconf 89' lang='lat' dir='ltr'><strong>sunt,</strong></span> <span class='ocrx_word' id='word_1_565' title='bbox 2514 3329 2622 3368; x_wconf 91' lang='lat' dir='ltr'><strong>non</strong></span> <span class='ocrx_word' id='word_1_566' title='bbox 2658 3311 3075 3375; x_wconf 79' lang='lat' dir='ltr'><strong>intellexissent,</strong></span> <span class='ocrx_word' id='word_1_567' title='bbox 3102 3309 3373 3381; x_wconf 88' lang='lat' dir='ltr'><strong>quomodo</strong></span> <span class='ocrx_word' id='word_1_568' title='bbox 3426 3308 3523 3361; x_wconf 54' lang='lat' dir='ltr'><strong>ha-</strong></span> 
     </span>
    </p>
   </div>
   <div class='ocr_carea' id='block_1_78' title="bbox 1963 3403 3524 3479">
    <p class='ocr_par' dir='ltr' id='par_1_78' title="bbox 1963 3403 3524 3479">
     <span class='ocr_line' id='line_1_78' title="bbox 1963 3403 3524 3479; baseline -0.008 -11"><span class='ocrx_word' id='word_1_569' title='bbox 1963 3414 2127 3468; x_wconf 87' lang='lat' dir='ltr'><strong>beant</strong></span> <span class='ocrx_word' id='word_1_570' title='bbox 2153 3411 2219 3465; x_wconf 90' lang='lat' dir='ltr'><strong>de</strong></span> <span class='ocrx_word' id='word_1_571' title='bbox 2248 3410 2314 3464; x_wconf 89' lang='lat' dir='ltr'><strong>iis</strong></span> <span class='ocrx_word' id='word_1_572' title='bbox 2337 3423 2456 3479; x_wconf 66' lang='lat' dir='ltr'><strong>quae</strong></span> <span class='ocrx_word' id='word_1_573' title='bbox 2477 3415 2605 3463; x_wconf 81' lang='lat' dir='ltr'><strong>sunt</strong></span> <span class='ocrx_word' id='word_1_574' title='bbox 2634 3421 2818 3476; x_wconf 91' lang='lat' dir='ltr'><strong>supra,</strong></span> <span class='ocrx_word' id='word_1_575' title='bbox 2845 3413 2972 3461; x_wconf 89' lang='lat' dir='ltr'><strong>sunt</strong></span> <span class='ocrx_word' id='word_1_576' title='bbox 3003 3403 3316 3465; x_wconf 85' lang='lat' dir='ltr'><strong>commenti.</strong></span> <span class='ocrx_word' id='word_1_577' title='bbox 3349 3417 3524 3470; x_wconf 87' lang='lat' dir='ltr'><strong>neque</strong></span> 
     </span>
    </p>
   </div>
   <div class='ocr_carea' id='block_1_79' title="bbox 1965 3494 3523 3574">
    <p class='ocr_par' dir='ltr' id='par_1_79' title="bbox 1965 3494 3523 3574">
     <span class='ocr_line' id='line_1_79' title="bbox 1965 3494 3523 3574; baseline -0.006 -17"><span class='ocrx_word' id='word_1_578' title='bbox 1965 3502 2334 3574; x_wconf 88' lang='lat' dir='ltr'><strong>percepissent</strong></span> <span class='ocrx_word' id='word_1_579' title='bbox 2363 3501 2632 3570; x_wconf 93' lang='lat' dir='ltr'><strong>quomodo</strong></span> <span class='ocrx_word' id='word_1_580' title='bbox 2664 3516 2726 3555; x_wconf 89' lang='lat' dir='ltr'><strong>ea</strong></span> <span class='ocrx_word' id='word_1_581' title='bbox 2771 3514 2891 3570; x_wconf 72' lang='lat' dir='ltr'><strong>qua:</strong></span> <span class='ocrx_word' id='word_1_582' title='bbox 2921 3496 3168 3552; x_wconf 86' lang='lat' dir='ltr'><strong>videntur</strong></span> <span class='ocrx_word' id='word_1_583' title='bbox 3191 3536 3205 3562; x_wconf 92' lang='lat'><strong>,</strong></span> <span class='ocrx_word' id='word_1_584' title='bbox 3260 3494 3523 3564; x_wconf 83' lang='lat' dir='ltr'><strong>disposita</strong></span> 
     </span>
    </p>
   </div>
   <div class='ocr_carea' id='block_1_80' title="bbox 1962 3589 3520 3664">
    <p class='ocr_par' dir='ltr' id='par_1_80' title="bbox 1962 3589 3520 3664">
     <span class='ocr_line' id='line_1_80' title="bbox 1962 3589 3520 3664; baseline -0.006 -15"><span class='ocrx_word' id='word_1_585' title='bbox 1962 3595 2093 3659; x_wconf 89' lang='lat' dir='ltr'><strong>sint,</strong></span> <span class='ocrx_word' id='word_1_586' title='bbox 2118 3594 2170 3648; x_wconf 88' lang='lat' dir='ltr'><strong>id</strong></span> <span class='ocrx_word' id='word_1_587' title='bbox 2201 3593 2344 3664; x_wconf 88' lang='lat' dir='ltr'><strong>quod</strong></span> <span class='ocrx_word' id='word_1_588' title='bbox 2376 3608 2484 3647; x_wconf 93' lang='lat' dir='ltr'><strong>non</strong></span> <span class='ocrx_word' id='word_1_589' title='bbox 2507 3593 2738 3657; x_wconf 87' lang='lat' dir='ltr'><strong>videtur,</strong></span> <span class='ocrx_word' id='word_1_590' title='bbox 2767 3589 3084 3646; x_wconf 89' lang='lat' dir='ltr'><strong>calumniati</strong></span> <span class='ocrx_word' id='word_1_591' title='bbox 3115 3594 3282 3654; x_wconf 90' lang='lat' dir='ltr'><strong>sunt;</strong></span> <span class='ocrx_word' id='word_1_592' title='bbox 3317 3594 3370 3642; x_wconf 86' lang='lat' dir='ltr'><strong>et</strong></span> <span class='ocrx_word' id='word_1_593' title='bbox 3396 3603 3520 3640; x_wconf 90' lang='lat' dir='ltr'><strong>cum</strong></span> 
     </span>
    </p>
   </div>
   <div class='ocr_carea' id='block_1_81' title="bbox 1963 3676 3524 3753">
    <p class='ocr_par' dir='ltr' id='par_1_81' title="bbox 1963 3676 3524 3753">
     <span class='ocr_line' id='line_1_81' title="bbox 1963 3676 3524 3753; baseline -0.008 -11"><span class='ocrx_word' id='word_1_594' title='bbox 1963 3685 2181 3742; x_wconf 80' lang='lat' dir='ltr'><strong>studere</strong></span> <span class='ocrx_word' id='word_1_595' title='bbox 2203 3684 2535 3749; x_wconf 84' lang='lat' dir='ltr'><strong>viderentur,</strong></span> <span class='ocrx_word' id='word_1_596' title='bbox 2561 3691 2618 3738; x_wconf 93' lang='lat' dir='ltr'><strong>ut</strong></span> <span class='ocrx_word' id='word_1_597' title='bbox 2641 3689 3063 3753; x_wconf 79' lang='lat' dir='ltr'><strong>cognoscerent,</strong></span> <span class='ocrx_word' id='word_1_598' title='bbox 3116 3676 3242 3749; x_wconf 90' lang='lat' dir='ltr'><strong>quia</strong></span> <span class='ocrx_word' id='word_1_599' title='bbox 3292 3692 3399 3730; x_wconf 94' lang='lat' dir='ltr'><strong>non</strong></span> <span class='ocrx_word' id='word_1_600' title='bbox 3432 3691 3524 3730; x_wconf 91' lang='lat' dir='ltr'><strong>co-</strong></span> 
     </span>
    </p>
   </div>
   <div class='ocr_carea' id='block_1_82' title="bbox 1961 3769 3520 3849">
    <p class='ocr_par' dir='ltr' id='par_1_82' title="bbox 1961 3769 3520 3849">
     <span class='ocr_line' id='line_1_82' title="bbox 1961 3769 3520 3849; baseline -0.005 -17"><span class='ocrx_word' id='word_1_601' title='bbox 1961 3785 2292 3849; x_wconf 78' lang='lat' dir='ltr'><strong>gnoverunt,</strong></span> <span class='ocrx_word' id='word_1_602' title='bbox 2351 3776 2413 3836; x_wconf 82' lang='lat' dir='ltr'><strong>iu</strong></span> <span class='ocrx_word' id='word_1_603' title='bbox 2449 3775 2708 3848; x_wconf 70' lang='lat' dir='ltr'><strong>majorem</strong></span> <span class='ocrx_word' id='word_1_604' title='bbox 2769 3771 3134 3847; x_wconf 74' lang='lat' dir='ltr'><strong>ignorantiam</strong></span> <span class='ocrx_word' id='word_1_605' title='bbox 3175 3769 3520 3826; x_wconf 81' lang='lat' dir='ltr'><strong>inciderunt:</strong></span> 
     </span>
    </p>
   </div>
   <div class='ocr_carea' id='block_1_83' title="bbox 1963 3863 3525 3939">
    <p class='ocr_par' dir='ltr' id='par_1_83' title="bbox 1963 3863 3525 3939">
     <span class='ocr_line' id='line_1_83' title="bbox 1963 3863 3525 3939; baseline -0.006 -13"><span class='ocrx_word' id='word_1_606' title='bbox 1963 3871 2161 3926; x_wconf 89' lang='lat' dir='ltr'><strong>etenim</strong></span> <span class='ocrx_word' id='word_1_607' title='bbox 2185 3870 2351 3925; x_wconf 90' lang='lat' dir='ltr'><strong>veluti</strong></span> <span class='ocrx_word' id='word_1_608' title='bbox 2383 3870 2437 3923; x_wconf 94' lang='lat' dir='ltr'><strong>in</strong></span> <span class='ocrx_word' id='word_1_609' title='bbox 2461 3870 2699 3924; x_wconf 87' lang='lat' dir='ltr'><strong>tenebris</strong></span> <span class='ocrx_word' id='word_1_610' title='bbox 2730 3873 3053 3939; x_wconf 73' lang='lat' dir='ltr'><strong>quaererent,</strong></span> <span class='ocrx_word' id='word_1_611' title='bbox 3079 3879 3198 3934; x_wconf 75' lang='lat' dir='ltr'><strong>quae</strong></span> <span class='ocrx_word' id='word_1_612' title='bbox 3228 3863 3293 3918; x_wconf 91' lang='lat' dir='ltr'><strong>de</strong></span> <span class='ocrx_word' id='word_1_613' title='bbox 3315 3863 3380 3916; x_wconf 91' lang='lat' dir='ltr'><strong>iis</strong></span> <span class='ocrx_word' id='word_1_614' title='bbox 3405 3877 3525 3931; x_wconf 76' lang='lat' dir='ltr'><strong>qua:</strong></span> 
     </span>
    </p>
   </div>
   <div class='ocr_carea' id='block_1_84' title="bbox 1964 3953 3520 4031">
    <p class='ocr_par' dir='ltr' id='par_1_84' title="bbox 1964 3953 3520 4031">
     <span class='ocr_line' id='line_1_84' title="bbox 1964 3953 3520 4031; baseline -0.007 -16"><span class='ocrx_word' id='word_1_615' title='bbox 1964 3969 2246 4031; x_wconf 89' lang='lat' dir='ltr'><strong>apparent,</strong></span> <span class='ocrx_word' id='word_1_616' title='bbox 2275 3959 2620 4030; x_wconf 85' lang='lat' dir='ltr'><strong>ignorabant,</strong></span> <span class='ocrx_word' id='word_1_617' title='bbox 2667 3973 2777 4012; x_wconf 91' lang='lat' dir='ltr'><strong>non</strong></span> <span class='ocrx_word' id='word_1_618' title='bbox 2813 3957 2988 4013; x_wconf 86' lang='lat' dir='ltr'><strong>solum</strong></span> <span class='ocrx_word' id='word_1_619' title='bbox 3019 3970 3128 4009; x_wconf 90' lang='lat' dir='ltr'><strong>non</strong></span> <span class='ocrx_word' id='word_1_620' title='bbox 3161 3953 3520 4013; x_wconf 84' lang='lat' dir='ltr'><strong>invenerunt,</strong></span> 
     </span>
    </p>
   </div>
   <div class='ocr_carea' id='block_1_85' title="bbox 1964 4042 3522 4123">
    <p class='ocr_par' dir='ltr' id='par_1_85' title="bbox 1964 4042 3522 4123">
     <span class='ocr_line' id='line_1_85' title="bbox 1964 4042 3522 4123; baseline -0.007 -16"><span class='ocrx_word' id='word_1_621' title='bbox 1964 4051 2109 4123; x_wconf 89' lang='lat' dir='ltr'><strong>quod</strong></span> <span class='ocrx_word' id='word_1_622' title='bbox 2142 4067 2387 4122; x_wconf 70' lang='lat' dir='ltr'><strong>quaerere</strong></span> <span class='ocrx_word' id='word_1_623' title='bbox 2439 4051 2804 4115; x_wconf 86' lang='lat' dir='ltr'><strong>videbantur;</strong></span> <span class='ocrx_word' id='word_1_624' title='bbox 2867 4047 2998 4118; x_wconf 87' lang='lat' dir='ltr'><strong>quin</strong></span> <span class='ocrx_word' id='word_1_625' title='bbox 3059 4046 3239 4116; x_wconf 88' lang='lat' dir='ltr'><strong>potius</strong></span> <span class='ocrx_word' id='word_1_626' title='bbox 3287 4042 3522 4111; x_wconf 86' lang='lat' dir='ltr'><strong>majores</strong></span> 
     </span>
    </p>
   </div>
   <div class='ocr_carea' id='block_1_86' title="bbox 1963 4135 3525 4216">
    <p class='ocr_par' dir='ltr' id='par_1_86' title="bbox 1963 4135 3525 4216">
     <span class='ocr_line' id='line_1_86' title="bbox 1963 4135 3525 4216; baseline -0.006 -18"><span class='ocrx_word' id='word_1_627' title='bbox 1963 4145 2284 4216; x_wconf 66' lang='lat' dir='ltr'><strong>ignorantiae</strong></span> <span class='ocrx_word' id='word_1_628' title='bbox 2317 4144 2567 4199; x_wconf 89' lang='lat' dir='ltr'><strong>tenebras</strong></span> <span class='ocrx_word' id='word_1_629' title='bbox 2613 4142 2715 4197; x_wconf 88' lang='lat' dir='ltr'><strong>sibi</strong></span> <span class='ocrx_word' id='word_1_630' title='bbox 2748 4140 3076 4195; x_wconf 75' lang='lat' dir='ltr'><strong>oiIuderunt.</strong></span> <span class='ocrx_word' id='word_1_631' title='bbox 3125 4136 3234 4192; x_wconf 82' lang='lat' dir='ltr'><strong>Nos</strong></span> <span class='ocrx_word' id='word_1_632' title='bbox 3262 4152 3389 4191; x_wconf 86' lang='lat' dir='ltr'><strong>vero</strong></span> <span class='ocrx_word' id='word_1_633' title='bbox 3420 4135 3525 4206; x_wconf 82' lang='lat' dir='ltr'><strong>pri-</strong></span> 
     </span>
    </p>
   </div>
   <div class='ocr_carea' id='block_1_87' title="bbox 1965 4231 3521 4304">
    <p class='ocr_par' dir='ltr' id='par_1_87' title="bbox 1965 4231 3521 4304">
     <span class='ocr_line' id='line_1_87' title="bbox 1965 4231 3521 4304; baseline -0.006 -16"><span class='ocrx_word' id='word_1_634' title='bbox 1965 4250 2056 4290; x_wconf 92' lang='lat' dir='ltr'><strong>mo</strong></span> <span class='ocrx_word' id='word_1_635' title='bbox 2083 4235 2149 4289; x_wconf 91' lang='lat' dir='ltr'><strong>de</strong></span> <span class='ocrx_word' id='word_1_636' title='bbox 2179 4235 2392 4289; x_wconf 88' lang='lat' dir='ltr'><strong>duobus</strong></span> <span class='ocrx_word' id='word_1_637' title='bbox 2443 4233 2726 4304; x_wconf 89' lang='lat' dir='ltr'><strong>principiis</strong></span> <span class='ocrx_word' id='word_1_638' title='bbox 2766 4231 3088 4292; x_wconf 85' lang='lat' dir='ltr'><strong>contrariis,</strong></span> <span class='ocrx_word' id='word_1_639' title='bbox 3124 4242 3246 4299; x_wconf 62' lang='lat' dir='ltr'><strong>quae</strong></span> <span class='ocrx_word' id='word_1_640' title='bbox 3295 4235 3521 4297; x_wconf 90' lang='lat' dir='ltr'><strong>ponunt,</strong></span> 
     </span>
    </p>
   </div>
   <div class='ocr_carea' id='block_1_88' title="bbox 1962 4319 3525 4394">
    <p class='ocr_par' dir='ltr' id='par_1_88' title="bbox 1962 4319 3525 4394">
     <span class='ocr_line' id='line_1_88' title="bbox 1962 4319 3525 4394; baseline -0.006 -12"><span class='ocrx_word' id='word_1_641' title='bbox 1962 4328 2313 4394; x_wconf 88' lang='lat' dir='ltr'><strong>disserentes,</strong></span> <span class='ocrx_word' id='word_1_642' title='bbox 2355 4327 2422 4382; x_wconf 92' lang='lat' dir='ltr'><strong>ad</strong></span> <span class='ocrx_word' id='word_1_643' title='bbox 2469 4327 2872 4386; x_wconf 86' lang='lat' dir='ltr'><strong>conclusionem</strong></span> <span class='ocrx_word' id='word_1_644' title='bbox 2931 4322 3412 4394; x_wconf 82' lang='lat' dir='ltr'><strong>argumentationis</strong></span> <span class='ocrx_word' id='word_1_645' title='bbox 3458 4319 3525 4373; x_wconf 88' lang='lat' dir='ltr'><strong>de</strong></span> 
     </span>
    </p>
   </div>
   <div class='ocr_carea' id='block_1_89' title="bbox 1966 4416 3524 4473">
    <p class='ocr_par' dir='ltr' id='par_1_89' title="bbox 1966 4416 3524 4473">
     <span class='ocr_line' id='line_1_89' title="bbox 1966 4416 3524 4473; baseline -0.004 -3"><span class='ocrx_word' id='word_1_646' title='bbox 1966 4417 2221 4473; x_wconf 86' lang='lat' dir='ltr'><strong>universo</strong></span> <span class='ocrx_word' id='word_1_647' title='bbox 2249 4419 2567 4473; x_wconf 83' lang='lat' dir='ltr'><strong>veniemus:</strong></span> <span class='ocrx_word' id='word_1_648' title='bbox 2604 4434 2724 4473; x_wconf 88' lang='lat' dir='ltr'><strong>esse</strong></span> <span class='ocrx_word' id='word_1_649' title='bbox 2769 4417 2976 4473; x_wconf 84' lang='lat' dir='ltr'><strong>scilicet</strong></span> <span class='ocrx_word' id='word_1_650' title='bbox 3006 4416 3147 4469; x_wconf 90' lang='lat' dir='ltr'><strong>bona</strong></span> <span class='ocrx_word' id='word_1_651' title='bbox 3184 4420 3238 4467; x_wconf 87' lang='lat' dir='ltr'><strong>et</strong></span> <span class='ocrx_word' id='word_1_652' title='bbox 3273 4425 3524 4467; x_wconf 89' lang='lat' dir='ltr'><strong>necessa-</strong></span> 
     </span>
    </p>
   </div>
   <div class='ocr_carea' id='block_1_90' title="bbox 285 4499 1863 4583">
    <p class='ocr_par' dir='ltr' id='par_1_90' title="bbox 285 4499 1860 4573">
     <span class='ocr_line' id='line_1_90' title="bbox 285 4499 1860 4573; baseline 0.001 -20"><span class='ocrx_word' id='word_1_653' title='bbox 285 4499 363 4553; x_wconf 82' lang='grc' dir='ltr'><strong>τά</strong></span> <span class='ocrx_word' id='word_1_654' title='bbox 416 4499 809 4570; x_wconf 86' lang='grc' dir='ltr'>ἀναγκαιότερα</span> <span class='ocrx_word' id='word_1_655' title='bbox 855 4499 1259 4571; x_wconf 84' lang='grc' dir='ltr'>οίκονομούσης,</span> <span class='ocrx_word' id='word_1_656' title='bbox 1319 4503 1380 4555; x_wconf 86' lang='grc' dir='ltr'><strong>οὑ</strong></span> <span class='ocrx_word' id='word_1_657' title='bbox 1438 4503 1542 4573; x_wconf 82' lang='grc' dir='ltr'>μὴν</span> <span class='ocrx_word' id='word_1_658' title='bbox 1587 4501 1721 4560; x_wconf 87' lang='grc' dir='ltr'><strong>ἀλλά</strong></span> <span class='ocrx_word' id='word_1_659' title='bbox 1766 4503 1860 4556; x_wconf 76' lang='grc' dir='ltr'>καὶ</span> 
     </span>
    </p>
   </div>
   <div class='ocr_carea' id='block_1_91' title="bbox 1963 4499 3523 4583">
    <p class='ocr_par' dir='ltr' id='par_1_91' title="bbox 1963 4502 3523 4576">
     <span class='ocr_line' id='line_1_91' title="bbox 1963 4502 3523 4576; baseline -0.004 -14"><span class='ocrx_word' id='word_1_660' title='bbox 1963 4508 2043 4562; x_wconf 92' lang='lat' dir='ltr'><strong>ria</strong></span> <span class='ocrx_word' id='word_1_661' title='bbox 2072 4509 2274 4572; x_wconf 89' lang='lat' dir='ltr'><strong>omnia,</strong></span> <span class='ocrx_word' id='word_1_662' title='bbox 2303 4517 2357 4564; x_wconf 89' lang='lat' dir='ltr'><strong>et</strong></span> <span class='ocrx_word' id='word_1_663' title='bbox 2392 4509 2484 4562; x_wconf 88' lang='lat' dir='ltr'><strong>illa</strong></span> <span class='ocrx_word' id='word_1_664' title='bbox 2515 4509 2767 4568; x_wconf 72' lang='lat' dir='ltr'><strong>maxime,</strong></span> <span class='ocrx_word' id='word_1_665' title='bbox 2799 4515 2859 4563; x_wconf 90' lang='lat' dir='ltr'><strong>ut</strong></span> <span class='ocrx_word' id='word_1_666' title='bbox 2884 4507 3137 4576; x_wconf 88' lang='lat' dir='ltr'><strong>superius</strong></span> <span class='ocrx_word' id='word_1_667' title='bbox 3167 4503 3299 4566; x_wconf 81' lang='lat' dir='ltr'><strong>dixi,</strong></span> <span class='ocrx_word' id='word_1_668' title='bbox 3326 4502 3523 4572; x_wconf 76' lang='lat' dir='ltr'><strong>inqua:</strong></span> 
     </span>
    </p>
   </div>
   <div class='ocr_carea' id='block_1_92' title="bbox 287 4588 1863 4664">
    <p class='ocr_par' dir='ltr' id='par_1_92' title="bbox 287 4588 1863 4664">
     <span class='ocr_line' id='line_1_92' title="bbox 287 4588 1863 4664; baseline 0.002 -21"><span class='ocrx_word' id='word_1_669' title='bbox 287 4588 425 4660; x_wconf 71' lang='grc' dir='ltr'>περὶ</span> <span class='ocrx_word' id='word_1_670' title='bbox 455 4588 561 4642; x_wconf 83' lang='grc' dir='ltr'>τῶν</span> <span class='ocrx_word' id='word_1_671' title='bbox 595 4589 743 4660; x_wconf 80' lang='grc' dir='ltr'>παρὰ</span> <span class='ocrx_word' id='word_1_672' title='bbox 770 4591 1072 4663; x_wconf 86' lang='grc' dir='ltr'>ἀνθρώποις</span> <span class='ocrx_word' id='word_1_673' title='bbox 1116 4593 1485 4664; x_wconf 84' lang='grc' dir='ltr'>ἀδικημάτων,</span> <span class='ocrx_word' id='word_1_674' title='bbox 1521 4593 1595 4656; x_wconf 83' lang='grc' dir='ltr'>ὡς</span> <span class='ocrx_word' id='word_1_675' title='bbox 1629 4593 1748 4646; x_wconf 84' lang='grc' dir='ltr'>οὑδὲ</span> <span class='ocrx_word' id='word_1_676' title='bbox 1773 4593 1863 4647; x_wconf 83' lang='grc' dir='ltr'>διὰ</span> 
     </span>
    </p>
   </div>
   <div class='ocr_carea' id='block_1_93' title="bbox 284 4679 1863 4756">
    <p class='ocr_par' dir='ltr' id='par_1_93' title="bbox 284 4679 1863 4756">
     <span class='ocr_line' id='line_1_93' title="bbox 284 4679 1863 4756; baseline 0.002 -21"><span class='ocrx_word' id='word_1_677' title='bbox 284 4679 467 4735; x_wconf 87' lang='grc' dir='ltr'>ταῦτα</span> <span class='ocrx_word' id='word_1_678' title='bbox 503 4681 743 4752; x_wconf 83' lang='grc' dir='ltr'>προσῆκε</span> <span class='ocrx_word' id='word_1_679' title='bbox 789 4683 985 4747; x_wconf 87' lang='grc' dir='ltr'>κακίας</span> <span class='ocrx_word' id='word_1_680' title='bbox 1022 4683 1194 4756; x_wconf 85' lang='grc' dir='ltr'>ἀρχὴν</span> <span class='ocrx_word' id='word_1_681' title='bbox 1244 4683 1380 4740; x_wconf 88' lang='grc' dir='ltr'><strong>κατά</strong></span> <span class='ocrx_word' id='word_1_682' title='bbox 1428 4683 1562 4737; x_wconf 90' lang='grc' dir='ltr'>Θεοῦ</span> <span class='ocrx_word' id='word_1_683' title='bbox 1601 4684 1863 4752; x_wconf 81' lang='grc' dir='ltr'>φαντάζε-</span> 
     </span>
    </p>
   </div>
   <div class='ocr_carea' id='block_1_94' title="bbox 288 4771 1860 4849">
    <p class='ocr_par' dir='ltr' id='par_1_94' title="bbox 288 4771 1860 4849">
     <span class='ocr_line' id='line_1_94' title="bbox 288 4771 1860 4849; baseline 0.005 -24"><span class='ocrx_word' id='word_1_684' title='bbox 288 4772 450 4825; x_wconf 80' lang='grc' dir='ltr'>σθαι’</span> <span class='ocrx_word' id='word_1_685' title='bbox 485 4771 822 4843; x_wconf 85' lang='grc' dir='ltr'>δειχθήσεται</span> <span class='ocrx_word' id='word_1_686' title='bbox 854 4774 959 4847; x_wconf 84' lang='grc' dir='ltr'>γὰρ</span> <span class='ocrx_word' id='word_1_687' title='bbox 990 4775 1064 4838; x_wconf 83' lang='grc' dir='ltr'>ὡς</span> <span class='ocrx_word' id='word_1_688' title='bbox 1093 4777 1188 4830; x_wconf 77' lang='grc' dir='ltr'><strong>καὶ</strong></span> <span class='ocrx_word' id='word_1_689' title='bbox 1233 4775 1404 4830; x_wconf 89' lang='grc' dir='ltr'>ταῦτα</span> <span class='ocrx_word' id='word_1_690' title='bbox 1445 4775 1538 4830; x_wconf 86' lang='grc' dir='ltr'><strong>τοῦ</strong></span> <span class='ocrx_word' id='word_1_691' title='bbox 1572 4780 1860 4849; x_wconf 87' lang='grc' dir='ltr'>πεποιηκό-</span> 
     </span>
    </p>
   </div>
   <div class='ocr_carea' id='block_1_95' title="bbox 283 4863 1860 4938">
    <p class='ocr_par' dir='ltr' id='par_1_95' title="bbox 283 4863 1860 4938">
     <span class='ocr_line' id='line_1_95' title="bbox 283 4863 1860 4938; baseline 0.004 -21"><span class='ocrx_word' id='word_1_692' title='bbox 283 4881 383 4927; x_wconf 84' lang='grc' dir='ltr'><strong>τος</strong></span> <span class='ocrx_word' id='word_1_693' title='bbox 423 4863 570 4934; x_wconf 80' lang='grc' dir='ltr'>ἡμᾶς</span> <span class='ocrx_word' id='word_1_694' title='bbox 609 4864 858 4933; x_wconf 81' lang='grc' dir='ltr'>ἐμφαίνει</span> <span class='ocrx_word' id='word_1_695' title='bbox 904 4867 1002 4938; x_wconf 79' lang='grc' dir='ltr'><strong>τήν</strong></span> <span class='ocrx_word' id='word_1_696' title='bbox 1049 4866 1388 4938; x_wconf 73' lang='grc' dir='ltr'>ἀγαθότητασ</span> <span class='ocrx_word' id='word_1_697' title='bbox 1433 4869 1525 4922; x_wconf 78' lang='grc' dir='ltr'><strong>καὶ</strong></span> <span class='ocrx_word' id='word_1_698' title='bbox 1571 4869 1692 4922; x_wconf 75' lang='grc' dir='ltr'>οὔτε</span> <span class='ocrx_word' id='word_1_699' title='bbox 1720 4872 1860 4925; x_wconf 88' lang='grc' dir='ltr'><strong>κατά</strong></span> 
     </span>
    </p>
   </div>
   <div class='ocr_carea' id='block_1_96' title="bbox 284 4952 1858 5028">
    <p class='ocr_par' dir='ltr' id='par_1_96' title="bbox 284 4952 1858 5028">
     <span class='ocr_line' id='line_1_96' title="bbox 284 4952 1858 5028; baseline 0.004 -23"><span class='ocrx_word' id='word_1_700' title='bbox 284 4952 546 5024; x_wconf 76' lang='grc' dir='ltr'>βούλησιν</span> <span class='ocrx_word' id='word_1_701' title='bbox 591 4954 754 5008; x_wconf 82' lang='grc' dir='ltr'>αὑτοῦ</span> <span class='ocrx_word' id='word_1_702' title='bbox 804 4956 938 5027; x_wconf 83' lang='grc' dir='ltr'>πρὸς</span> <span class='ocrx_word' id='word_1_703' title='bbox 981 4955 1278 5028; x_wconf 84' lang='grc' dir='ltr'>ἀνθρώπων</span> <span class='ocrx_word' id='word_1_704' title='bbox 1322 4959 1582 5026; x_wconf 82' lang='grc' dir='ltr'>γίγνεται,</span> <span class='ocrx_word' id='word_1_705' title='bbox 1628 4956 1748 5011; x_wconf 76' lang='grc' dir='ltr'>οὔτε</span> <span class='ocrx_word' id='word_1_706' title='bbox 1793 4958 1858 5013; x_wconf 77' lang='grc' dir='ltr'><strong>ἐκ</strong></span> 
     </span>
    </p>
   </div>
   <div class='ocr_carea' id='block_1_97' title="bbox 279 5045 1522 5122">
    <p class='ocr_par' dir='ltr' id='par_1_97' title="bbox 279 5045 1522 5122">
     <span class='ocr_line' id='line_1_97' title="bbox 279 5045 1522 5122; baseline 0.004 -24"><span class='ocrx_word' id='word_1_707' title='bbox 279 5061 436 5106; x_wconf 82' lang='grc' dir='ltr'>τινος</span> <span class='ocrx_word' id='word_1_708' title='bbox 466 5045 644 5109; x_wconf 87' lang='grc' dir='ltr'>αίτίας</span> <span class='ocrx_word' id='word_1_709' title='bbox 680 5045 906 5119; x_wconf 74' lang='grc' dir='ltr'>ἢάρχῆς</span> <span class='ocrx_word' id='word_1_710' title='bbox 937 5047 1056 5101; x_wconf 85' lang='grc' dir='ltr'>καθ’</span> <span class='ocrx_word' id='word_1_711' title='bbox 1095 5049 1251 5120; x_wconf 86' lang='grc' dir='ltr'>ἡμῶν</span> <span class='ocrx_word' id='word_1_712' title='bbox 1283 5050 1522 5122; x_wconf 79' lang='grc' dir='ltr'>φέρεται.</span> 
     </span>
    </p>
   </div>
   <div class='ocr_carea' id='block_1_98' title="bbox 1964 4595 3523 4672">
    <p class='ocr_par' dir='ltr' id='par_1_98' title="bbox 1964 4595 3523 4672">
     <span class='ocr_line' id='line_1_98' title="bbox 1964 4595 3523 4672; baseline -0.006 -16"><span class='ocrx_word' id='word_1_713' title='bbox 1964 4603 2256 4656; x_wconf 82' lang='lat' dir='ltr'><strong>maximum</strong></span> <span class='ocrx_word' id='word_1_714' title='bbox 2286 4603 2544 4672; x_wconf 86' lang='lat' dir='ltr'><strong>impetum</strong></span> <span class='ocrx_word' id='word_1_715' title='bbox 2576 4609 2630 4656; x_wconf 89' lang='lat' dir='ltr'><strong>ct</strong></span> <span class='ocrx_word' id='word_1_716' title='bbox 2651 4602 2932 4656; x_wconf 90' lang='lat' dir='ltr'><strong>incursum</strong></span> <span class='ocrx_word' id='word_1_717' title='bbox 2960 4598 3186 4662; x_wconf 82' lang='lat' dir='ltr'><strong>faciunt,</strong></span> <span class='ocrx_word' id='word_1_718' title='bbox 3217 4595 3375 4666; x_wconf 90' lang='lat' dir='ltr'><strong>quasi</strong></span> <span class='ocrx_word' id='word_1_719' title='bbox 3405 4609 3523 4648; x_wconf 92' lang='lat' dir='ltr'><strong>om-</strong></span> 
     </span>
    </p>
   </div>
   <div class='ocr_carea' id='block_1_99' title="bbox 1961 4685 3521 4760">
    <p class='ocr_par' dir='ltr' id='par_1_99' title="bbox 1961 4685 3521 4760">
     <span class='ocr_line' id='line_1_99' title="bbox 1961 4685 3521 4760; baseline -0.007 -13"><span class='ocrx_word' id='word_1_720' title='bbox 1961 4695 2110 4747; x_wconf 87' lang='lat' dir='ltr'><strong>nium</strong></span> <span class='ocrx_word' id='word_1_721' title='bbox 2145 4709 2406 4749; x_wconf 87' lang='lat' dir='ltr'><strong>concessu</strong></span> <span class='ocrx_word' id='word_1_722' title='bbox 2438 4693 2581 4749; x_wconf 87' lang='lat' dir='ltr'><strong>mala</strong></span> <span class='ocrx_word' id='word_1_723' title='bbox 2611 4693 2748 4758; x_wconf 78' lang='lat' dir='ltr'><strong>sint;</strong></span> <span class='ocrx_word' id='word_1_724' title='bbox 2780 4700 3035 4760; x_wconf 62' lang='lat' dir='ltr'><strong>praeterea</strong></span> <span class='ocrx_word' id='word_1_725' title='bbox 3071 4689 3232 4743; x_wconf 82' lang='lat' dir='ltr'><strong>etiam</strong></span> <span class='ocrx_word' id='word_1_726' title='bbox 3279 4685 3521 4740; x_wconf 86' lang='lat' dir='ltr'><strong>omnium</strong></span> 
     </span>
    </p>
   </div>
   <div class='ocr_carea' id='block_1_100' title="bbox 1962 4773 3524 4853">
    <p class='ocr_par' dir='ltr' id='par_1_100' title="bbox 1962 4773 3524 4853">
     <span class='ocr_line' id='line_1_100' title="bbox 1962 4773 3524 4853; baseline -0.007 -15"><span class='ocrx_word' id='word_1_727' title='bbox 1962 4800 2141 4838; x_wconf 87' lang='lat' dir='ltr'><strong>rerum</strong></span> <span class='ocrx_word' id='word_1_728' title='bbox 2175 4785 2646 4853; x_wconf 75' lang='lat' dir='ltr'><strong>gubernationem,</strong></span> <span class='ocrx_word' id='word_1_729' title='bbox 2683 4793 2844 4852; x_wconf 86' lang='lat' dir='ltr'><strong>atque</strong></span> <span class='ocrx_word' id='word_1_730' title='bbox 2885 4782 2976 4836; x_wconf 90' lang='lat' dir='ltr'><strong>illa</strong></span> <span class='ocrx_word' id='word_1_731' title='bbox 3015 4781 3070 4836; x_wconf 91' lang='lat' dir='ltr'><strong>in</strong></span> <span class='ocrx_word' id='word_1_732' title='bbox 3092 4778 3292 4849; x_wconf 91' lang='lat' dir='ltr'><strong>quibus</strong></span> <span class='ocrx_word' id='word_1_733' title='bbox 3315 4773 3524 4832; x_wconf 84' lang='lat' dir='ltr'><strong>severi-</strong></span> 
     </span>
    </p>
   </div>
   <div class='ocr_carea' id='block_1_101' title="bbox 1962 4865 3523 4944">
    <p class='ocr_par' dir='ltr' id='par_1_101' title="bbox 1962 4865 3523 4944">
     <span class='ocr_line' id='line_1_101' title="bbox 1962 4865 3523 4944; baseline -0.007 -16"><span class='ocrx_word' id='word_1_734' title='bbox 1962 4881 2127 4930; x_wconf 86' lang='lat' dir='ltr'><strong>tatem</strong></span> <span class='ocrx_word' id='word_1_735' title='bbox 2162 4875 2546 4944; x_wconf 82' lang='lat' dir='ltr'><strong>providentiae,</strong></span> <span class='ocrx_word' id='word_1_736' title='bbox 2602 4890 2706 4943; x_wconf 88' lang='lat' dir='ltr'><strong>qua</strong></span> <span class='ocrx_word' id='word_1_737' title='bbox 2734 4913 2748 4934; x_wconf 92' lang='lat'><strong>,</strong></span> <span class='ocrx_word' id='word_1_738' title='bbox 2808 4888 2928 4942; x_wconf 67' lang='lat' dir='ltr'><strong>qua:</strong></span> <span class='ocrx_word' id='word_1_739' title='bbox 2981 4871 3153 4939; x_wconf 84' lang='lat' dir='ltr'><strong>magis</strong></span> <span class='ocrx_word' id='word_1_740' title='bbox 3213 4865 3523 4922; x_wconf 85' lang='lat' dir='ltr'><strong>necessaria</strong></span> 
     </span>
    </p>
   </div>
   <div class='ocr_carea' id='block_1_102' title="bbox 1963 4957 3516 5035">
    <p class='ocr_par' dir='ltr' id='par_1_102' title="bbox 1963 4957 3516 5035">
     <span class='ocr_line' id='line_1_102' title="bbox 1963 4957 3516 5035; baseline -0.005 -17"><span class='ocrx_word' id='word_1_741' title='bbox 1963 4973 2112 5027; x_wconf 90' lang='lat' dir='ltr'><strong>sunt,</strong></span> <span class='ocrx_word' id='word_1_742' title='bbox 2147 4978 2529 5035; x_wconf 88' lang='lat' dir='ltr'><strong>procurantur,</strong></span> <span class='ocrx_word' id='word_1_743' title='bbox 2563 4965 2904 5035; x_wconf 87' lang='lat' dir='ltr'><strong>improbant;</strong></span> <span class='ocrx_word' id='word_1_744' title='bbox 2946 4971 3000 5017; x_wconf 90' lang='lat' dir='ltr'><strong>et</strong></span> <span class='ocrx_word' id='word_1_745' title='bbox 3043 4977 3149 5015; x_wconf 91' lang='lat' dir='ltr'><strong>non</strong></span> <span class='ocrx_word' id='word_1_746' title='bbox 3181 4960 3358 5016; x_wconf 89' lang='lat' dir='ltr'><strong>solum</strong></span> <span class='ocrx_word' id='word_1_747' title='bbox 3382 4957 3516 5020; x_wconf 67' lang='lat' dir='ltr'><strong>haec,</strong></span> 
     </span>
    </p>
   </div>
   <div class='ocr_carea' id='block_1_103' title="bbox 1961 5051 3521 5127">
    <p class='ocr_par' dir='ltr' id='par_1_103' title="bbox 1961 5051 3521 5127">
     <span class='ocr_line' id='line_1_103' title="bbox 1961 5051 3521 5127; baseline -0.006 -17"><span class='ocrx_word' id='word_1_748' title='bbox 1961 5055 2054 5111; x_wconf 90' lang='lat' dir='ltr'><strong>sed</strong></span> <span class='ocrx_word' id='word_1_749' title='bbox 2070 5057 2137 5111; x_wconf 90' lang='lat' dir='ltr'><strong>de</strong></span> <span class='ocrx_word' id='word_1_750' title='bbox 2155 5058 2222 5112; x_wconf 86' lang='lat' dir='ltr'><strong>iis</strong></span> <span class='ocrx_word' id='word_1_751' title='bbox 2243 5057 2404 5112; x_wconf 91' lang='lat' dir='ltr'><strong>etiam</strong></span> <span class='ocrx_word' id='word_1_752' title='bbox 2417 5073 2537 5127; x_wconf 68' lang='lat' dir='ltr'><strong>quas</strong></span> <span class='ocrx_word' id='word_1_753' title='bbox 2558 5058 2698 5127; x_wconf 89' lang='lat' dir='ltr'><strong>apud</strong></span> <span class='ocrx_word' id='word_1_754' title='bbox 2733 5056 2980 5112; x_wconf 85' lang='lat' dir='ltr'><strong>homines</strong></span> <span class='ocrx_word' id='word_1_755' title='bbox 3007 5053 3207 5123; x_wconf 85' lang='lat' dir='ltr'><strong>injuste</strong></span> <span class='ocrx_word' id='word_1_756' title='bbox 3237 5051 3393 5113; x_wconf 85' lang='lat' dir='ltr'><strong>ﬁunt,</strong></span> <span class='ocrx_word' id='word_1_757' title='bbox 3425 5063 3521 5101; x_wconf 88' lang='lat' dir='ltr'><strong>ne-</strong></span> 
     </span>
    </p>
   </div>
   <div class='ocr_carea' id='block_1_104' title="bbox 284 5140 3516 5228">
    <p class='ocr_par' dir='ltr' id='par_1_104' title="bbox 284 5140 3516 5228">
     <span class='ocr_line' id='line_1_104' title="bbox 284 5140 3516 5228; baseline 0 -36"><span class='ocrx_word' id='word_1_758' title='bbox 284 5153 400 5208; x_wconf 88' lang='lat' dir='ltr'><strong>que</strong></span> <span class='ocrx_word' id='word_1_759' title='bbox 427 5140 787 5228; x_wconf 71' lang='lat' dir='ltr'><strong>propter_haac</strong></span> <span class='ocrx_word' id='word_1_760' title='bbox 813 5142 1134 5212; x_wconf 86' lang='lat' dir='ltr'><strong>principium</strong></span> <span class='ocrx_word' id='word_1_761' title='bbox 1160 5144 1285 5197; x_wconf 89' lang='lat' dir='ltr'><strong>mali</strong></span> <span class='ocrx_word' id='word_1_762' title='bbox 1317 5151 1504 5198; x_wconf 87' lang='lat' dir='ltr'><strong>contra</strong></span> <span class='ocrx_word' id='word_1_763' title='bbox 1534 5143 1701 5200; x_wconf 89' lang='lat' dir='ltr'><strong>Deum</strong></span> <span class='ocrx_word' id='word_1_764' title='bbox 1739 5154 1990 5215; x_wconf 87' lang='lat' dir='ltr'><strong>oportere</strong></span> <span class='ocrx_word' id='word_1_765' title='bbox 2025 5151 2264 5220; x_wconf 87' lang='lat' dir='ltr'><strong>cogitare</strong></span> <span class='ocrx_word' id='word_1_766' title='bbox 2290 5170 2303 5205; x_wconf 91' lang='lat'><strong>:</strong></span> <span class='ocrx_word' id='word_1_767' title='bbox 2338 5151 2658 5206; x_wconf 88' lang='lat' dir='ltr'><strong>docebimus</strong></span> <span class='ocrx_word' id='word_1_768' title='bbox 2683 5151 2826 5206; x_wconf 86' lang='lat' dir='ltr'><strong>enim</strong></span> <span class='ocrx_word' id='word_1_769' title='bbox 2877 5151 2990 5205; x_wconf 69' lang='lat' dir='ltr'><strong>haec</strong></span> <span class='ocrx_word' id='word_1_770' title='bbox 3019 5150 3178 5204; x_wconf 91' lang='lat' dir='ltr'><strong>etiam</strong></span> <span class='ocrx_word' id='word_1_771' title='bbox 3222 5145 3516 5202; x_wconf 88' lang='lat' dir='ltr'><strong>bonitatem</strong></span> 
     </span>
    </p>
   </div>
   <div class='ocr_carea' id='block_1_105' title="bbox 284 5230 3518 5309">
    <p class='ocr_par' dir='ltr' id='par_1_105' title="bbox 284 5230 3518 5309">
     <span class='ocr_line' id='line_1_105' title="bbox 284 5230 3518 5309; baseline 0.002 -26"><span class='ocrx_word' id='word_1_772' title='bbox 284 5230 389 5285; x_wconf 88' lang='lat' dir='ltr'><strong>Dei</strong></span> <span class='ocrx_word' id='word_1_773' title='bbox 429 5231 522 5299; x_wconf 91' lang='lat' dir='ltr'><strong>qui</strong></span> <span class='ocrx_word' id='word_1_774' title='bbox 553 5247 652 5288; x_wconf 92' lang='lat' dir='ltr'><strong>nos</strong></span> <span class='ocrx_word' id='word_1_775' title='bbox 685 5231 838 5299; x_wconf 80' lang='lat' dir='ltr'><strong>fecit,</strong></span> <span class='ocrx_word' id='word_1_776' title='bbox 877 5234 1186 5302; x_wconf 89' lang='lat' dir='ltr'><strong>declarare;</strong></span> <span class='ocrx_word' id='word_1_777' title='bbox 1235 5246 1288 5291; x_wconf 89' lang='lat' dir='ltr'><strong>et</strong></span> <span class='ocrx_word' id='word_1_778' title='bbox 1322 5251 1496 5307; x_wconf 90' lang='lat' dir='ltr'><strong>neque</strong></span> <span class='ocrx_word' id='word_1_779' title='bbox 1523 5237 1592 5292; x_wconf 92' lang='lat' dir='ltr'><strong>ab</strong></span> <span class='ocrx_word' id='word_1_780' title='bbox 1617 5236 1926 5295; x_wconf 87' lang='lat' dir='ltr'><strong>hominibus</strong></span> <span class='ocrx_word' id='word_1_781' title='bbox 1965 5241 2076 5298; x_wconf 77' lang='lat' dir='ltr'><strong>fieri</strong></span> <span class='ocrx_word' id='word_1_782' title='bbox 2104 5245 2401 5300; x_wconf 89' lang='lat' dir='ltr'><strong>secundum</strong></span> <span class='ocrx_word' id='word_1_783' title='bbox 2454 5246 2786 5302; x_wconf 86' lang='lat' dir='ltr'><strong>voluntatem</strong></span> <span class='ocrx_word' id='word_1_784' title='bbox 2827 5242 2958 5309; x_wconf 92' lang='lat' dir='ltr'><strong>Dei,</strong></span> <span class='ocrx_word' id='word_1_785' title='bbox 3005 5258 3103 5298; x_wconf 90' lang='lat' dir='ltr'><strong>nec</strong></span> <span class='ocrx_word' id='word_1_786' title='bbox 3135 5256 3202 5296; x_wconf 82' lang='lat' dir='ltr'><strong>ex</strong></span> <span class='ocrx_word' id='word_1_787' title='bbox 3251 5233 3518 5308; x_wconf 86' lang='lat' dir='ltr'><strong>principio</strong></span> 
     </span>
    </p>
   </div>
   <div class='ocr_carea' id='block_1_106' title="bbox 281 5324 1252 5394">
    <p class='ocr_par' dir='ltr' id='par_1_106' title="bbox 281 5324 1252 5394">
     <span class='ocr_line' id='line_1_106' title="bbox 281 5324 1252 5394; baseline 0.006 -17"><span class='ocrx_word' id='word_1_788' title='bbox 281 5324 552 5394; x_wconf 85' lang='lat' dir='ltr'><strong>quopiam</strong></span> <span class='ocrx_word' id='word_1_789' title='bbox 583 5327 860 5382; x_wconf 88' lang='lat' dir='ltr'><strong>contrario</strong></span> <span class='ocrx_word' id='word_1_790' title='bbox 888 5329 942 5382; x_wconf 88' lang='lat' dir='ltr'><strong>in</strong></span> <span class='ocrx_word' id='word_1_791' title='bbox 975 5343 1075 5382; x_wconf 89' lang='lat' dir='ltr'><strong>nos</strong></span> <span class='ocrx_word' id='word_1_792' title='bbox 1101 5327 1252 5384; x_wconf 78' lang='lat' dir='ltr'><strong>ferri.</strong></span> 
     </span>
    </p>
   </div>
   <div class='ocr_carea' id='block_1_107' title="bbox 1378 5419 2439 5492">
    <p class='ocr_par' dir='ltr' id='par_1_107' title="bbox 1378 5419 2439 5492">
     <span class='ocr_line' id='line_1_107' title="bbox 1378 5419 2439 5492; baseline 0 -17"><span class='ocrx_word' id='word_1_793' title='bbox 1378 5421 1505 5475; x_wconf 72' lang='lat' dir='ltr'><strong>CAP.</strong></span> <span class='ocrx_word' id='word_1_794' title='bbox 1547 5419 1609 5474; x_wconf 84' lang='lat' dir='ltr'><strong>V.</strong></span> <span class='ocrx_word' id='word_1_795' title='bbox 1643 5424 1723 5476; x_wconf 76' lang='lat' dir='ltr'><strong>An</strong></span> <span class='ocrx_word' id='word_1_796' title='bbox 1753 5423 1855 5476; x_wconf 87' lang='lat' dir='ltr'><strong>duo</strong></span> <span class='ocrx_word' id='word_1_797' title='bbox 1892 5423 2147 5492; x_wconf 82' lang='lat' dir='ltr'><strong>principia</strong></span> <span class='ocrx_word' id='word_1_798' title='bbox 2181 5423 2439 5490; x_wconf 76' lang='lat' dir='ltr'><strong>opposita.</strong></span> 
     </span>
    </p>
   </div>
   <div class='ocr_carea' id='block_1_108' title="bbox 355 5537 1855 5613">
    <p class='ocr_par' dir='ltr' id='par_1_108' title="bbox 355 5537 1855 5613">
     <span class='ocr_line' id='line_1_108' title="bbox 355 5537 1855 5613; baseline 0.003 -23"><span class='ocrx_word' id='word_1_799' title='bbox 355 5537 659 5604; x_wconf 85' lang='grc' dir='ltr'>Τοιγαροῦν</span> <span class='ocrx_word' id='word_1_800' title='bbox 703 5538 884 5591; x_wconf 81' lang='grc' dir='ltr'>λοιπὸν</span> <span class='ocrx_word' id='word_1_801' title='bbox 937 5540 1028 5593; x_wconf 73' lang='grc' dir='ltr'><strong>ἐπὶ</strong></span> <span class='ocrx_word' id='word_1_802' title='bbox 1073 5540 1169 5611; x_wconf 84' lang='grc' dir='ltr'><strong>τὴν</strong></span> <span class='ocrx_word' id='word_1_803' title='bbox 1219 5541 1388 5612; x_wconf 81' lang='grc' dir='ltr'>ἀρχὴν</span> <span class='ocrx_word' id='word_1_804' title='bbox 1432 5542 1529 5612; x_wconf 75' lang='grc' dir='ltr'>τῆς</span> <span class='ocrx_word' id='word_1_805' title='bbox 1582 5541 1855 5613; x_wconf 80' lang='grc' dir='ltr'>μυθώδους</span> 
     </span>
    </p>
   </div>
   <div class='ocr_carea' id='block_1_109' title="bbox 281 5626 1856 5708">
    <p class='ocr_par' dir='ltr' id='par_1_109' title="bbox 281 5626 1856 5708">
     <span class='ocr_line' id='line_1_109' title="bbox 281 5626 1856 5708; baseline 0.004 -25"><span class='ocrx_word' id='word_1_806' title='bbox 281 5626 542 5690; x_wconf 75' lang='grc' dir='ltr'>ἀσεϐείας</span> <span class='ocrx_word' id='word_1_807' title='bbox 578 5627 754 5682; x_wconf 83' lang='grc' dir='ltr'>αὐτῶν</span> <span class='ocrx_word' id='word_1_808' title='bbox 796 5629 1057 5701; x_wconf 76' lang='grc' dir='ltr'>ἔλθωμεν,</span> <span class='ocrx_word' id='word_1_809' title='bbox 1107 5632 1476 5700; x_wconf 75' lang='grc' dir='ltr'>ἐξετάζοντες,</span> <span class='ocrx_word' id='word_1_810' title='bbox 1525 5638 1571 5689; x_wconf 88' lang='grc' dir='ltr'>εἰ</span> <span class='ocrx_word' id='word_1_811' title='bbox 1624 5637 1856 5708; x_wconf 81' lang='grc' dir='ltr'>παραδέ-</span> 
     </span>
    </p>
   </div>
   <div class='ocr_carea' id='block_1_110' title="bbox 361 5737 995 5810">
    <p class='ocr_par' dir='ltr' id='par_1_110' title="bbox 361 5737 995 5810">
     <span class='ocr_line' id='line_1_110' title="bbox 361 5737 995 5810; baseline 0.013 -20"><span class='ocrx_word' id='word_1_812' title='bbox 361 5739 439 5810; x_wconf 82' lang='lat'><strong>(‘2)</strong></span> <span class='ocrx_word' id='word_1_813' title='bbox 467 5737 631 5809; x_wconf 86' lang='lat' dir='ltr'><strong>Editi,</strong></span> <span class='ocrx_word' id='word_1_814' title='bbox 661 5741 801 5798; x_wconf 82' lang='grc' dir='ltr'>εύτε.</span> <span class='ocrx_word' id='word_1_815' title='bbox 838 5743 995 5800; x_wconf 78' lang='lat' dir='ltr'><strong>Eutr.</strong></span> 
     </span>
    </p>
   </div>
   <div class='ocr_carea' id='block_1_111' title="bbox 2031 5535 3518 5614">
    <p class='ocr_par' dir='ltr' id='par_1_111' title="bbox 2031 5535 3518 5614">
     <span class='ocr_line' id='line_1_111' title="bbox 2031 5535 3518 5614; baseline -0.005 -18"><span class='ocrx_word' id='word_1_816' title='bbox 2031 5544 2198 5614; x_wconf 84' lang='lat' dir='ltr'><strong>Igitur</strong></span> <span class='ocrx_word' id='word_1_817' title='bbox 2247 5543 2621 5614; x_wconf 75' lang='lat' dir='ltr'><strong>aggrediamur</strong></span> <span class='ocrx_word' id='word_1_818' title='bbox 2655 5543 2908 5611; x_wconf 82' lang='lat' dir='ltr'><strong>deinceps</strong></span> <span class='ocrx_word' id='word_1_819' title='bbox 2947 5539 3011 5593; x_wconf 88' lang='lat' dir='ltr'><strong>ad</strong></span> <span class='ocrx_word' id='word_1_820' title='bbox 3056 5535 3374 5607; x_wconf 89' lang='lat' dir='ltr'><strong>principium</strong></span> <span class='ocrx_word' id='word_1_821' title='bbox 3414 5535 3518 5589; x_wconf 54' lang='lat' dir='ltr'><strong>ima</strong></span> 
     </span>
    </p>
   </div>
   <div class='ocr_carea' id='block_1_112' title="bbox 1962 5631 3516 5706">
    <p class='ocr_par' dir='ltr' id='par_1_112' title="bbox 1962 5631 3516 5706">
     <span class='ocr_line' id='line_1_112' title="bbox 1962 5631 3516 5706; baseline -0.007 -15"><span class='ocrx_word' id='word_1_822' title='bbox 1962 5635 2175 5706; x_wconf 88' lang='lat' dir='ltr'><strong>pietatis</strong></span> <span class='ocrx_word' id='word_1_823' title='bbox 2207 5636 2419 5692; x_wconf 88' lang='lat' dir='ltr'><strong>illorum</strong></span> <span class='ocrx_word' id='word_1_824' title='bbox 2441 5635 2819 5692; x_wconf 76' lang='lat' dir='ltr'><strong>commcntitia:</strong></span> <span class='ocrx_word' id='word_1_825' title='bbox 2841 5673 2854 5700; x_wconf 86' lang='lat'><strong>,</strong></span> <span class='ocrx_word' id='word_1_826' title='bbox 2909 5631 3245 5704; x_wconf 80' lang='lat' dir='ltr'><strong>inquirentes</strong></span> <span class='ocrx_word' id='word_1_827' title='bbox 3269 5669 3282 5692; x_wconf 91' lang='lat'><strong>,</strong></span> <span class='ocrx_word' id='word_1_828' title='bbox 3337 5633 3516 5683; x_wconf 67' lang='lat' dir='ltr'><strong>utrum</strong></span> 
     </span>
    </p>
   </div>
  </div>
