4064 6290
565 369 704 430 10ῗῦ

1692 372 1832 428 TITI
1871 375 2302 432 BOSTRENSI‘S
2335 376 2650 433 EPISCOPI‘

3661 370 3808 426 1076

563 493 818 552 notiones
849 491 1120 546 naturales
1147 493 1264 547 duo
1305 494 1581 562 contraria
1623 494 1894 564 principia
1947 513 2132 552 rerum

2238 517 2421 570 χονται
2471 499 2599 568 γοῦν
2641 500 2696 553 αἱ
2729 496 2869 552 κατά
2899 496 3058 566 φύσιν
3086 495 3281 549 ἔννοιαι
3303 493 3394 546 δύο
3425 492 3523 562 (2⁸)
3557 493 3808 554 ἐναντίας

565 586 852 640 admittant
875 602 892 636 :.
919 583 966 636 si
1018 584 1162 638 enim
1208 601 1277 640 ne
1323 586 1729 640 consentientia
1764 588 1982 656 quidem
2038 589 2135 644 ad-

565 677 808 742 mittunt,
837 675 1009 730 multo
1043 683 1227 730 minus
1273 680 1594 746 pugnantia.
1652 679 1912 734 Scriberis
1965 680 2133 750 igitur

561 769 654 822 ille
685 767 804 837 ipse
833 767 1024 825 furens
1051 769 1380 827 Manichaeus
1405 811 1422 836 ,
1474 771 1673 839 ubique
1715 770 1904 840 incipit
1930 789 1942 824 :
2001 770 2134 824 Erat

561 859 704 914 Deus
761 874 812 914 at
846 863 1106 929 materia,
1160 864 1368 928 lumen,
1414 873 1464 918 et
1509 862 1763 926 tenebrat,
1823 862 2015 918 bonum
2081 873 2132 918 et

560 953 780 1016 malum,
806 955 860 1007 in
900 956 1139 1011 omnibus
1192 973 1393 1010 summe
1436 957 1745 1015 contraria;
1788 967 1845 1011 ut
1887 957 1941 1010 in
1981 958 2130 1011 nulla

559 1057 620 1095 re
649 1043 876 1098 alterum
901 1059 1025 1098 cum
1060 1047 1230 1100 altero
1260 1047 1699 1101 communionem
1731 1055 1784 1099 et
1812 1045 2128 1101 societatem

559 1133 805 1197 haberet,
837 1137 998 1191 ambo
1030 1137 1270 1208 ingenita
1311 1147 1365 1193 et
1397 1139 1672 1194 viventia:
1705 1139 1868 1208 igitur
1896 1147 1988 1193 aut
2015 1139 2128 1194 dis-

554 1227 783 1297 jungent
817 1243 912 1293 se;
946 1237 1040 1282 aut
1065 1231 1110 1284 si
1143 1230 1346 1286 fuerint
1371 1231 1564 1294 simul,
1609 1231 1781 1284 amica
1817 1239 1870 1284 ct
1921 1246 2128 1299 nequa-

558 1332 722 1386 quam
770 1321 1044 1374 contraria
1099 1337 1221 1377 esse
1271 1325 1574 1393 apparebit.
1629 1326 1697 1379 At
1745 1335 1894 1394 patet
1945 1327 2127 1381 dicere

557 1424 704 1472 eum,
741 1409 988 1478 sejuncta
1025 1427 1144 1466 esse
1183 1413 1317 1469 haec.
1356 1413 1525 1485 Igitur
1552 1425 1848 1486 utrumque
1879 1432 2003 1470 cum
2047 1418 2126 1471 al.-

559 1510 676 1552 tero
709 1501 919 1554 ﬁnitum
948 1509 1002 1555 et
1027 1503 1378 1558 terminatum
1401 1505 1506 1558 erit
1541 1506 1842 1562 secundum
1867 1507 2126 1562 substan-

557 1589 711 1646 tiam.
742 1598 796 1644 et
828 1598 1085 1645 neutrum
1131 1592 1662 1665 incircumscriptum
1720 1605 1774 1650 et
1808 1597 2079 1652 inﬁnitum
2108 1616 2122 1652 :

557 1679 1010 1737 circumscribere
1063 1693 1242 1740 autem
1305 1684 1472 1740 Deum
1526 1690 1824 1743 secundum
1873 1691 2126 1746 substan-

558 1771 690 1823 tiam
715 1812 729 1832 ,
772 1780 826 1826 et
861 1789 966 1827 non
999 1790 1164 1830 nosse
1220 1785 1274 1831 et
1322 1776 1564 1832 conﬁteri
1619 1780 1892 1834 inﬁnitum
1958 1797 2080 1837 esse
2106 1825 2122 1848 ,

2236 589 2410 661 ἀρχὰς
2456 588 2564 641 τῶν
2603 589 2803 641 ὄντων’
2841 590 2891 640 εί
2923 586 3032 657 γὰρ
3075 584 3205 656 μηδὲ
3265 581 3658 653 συμφωνούσας
3717 581 3807 634 δέ-

2237 682 2404 745 ξαιντ⁹
2423 681 2499 750 (5)
2517 680 2602 743 ἂν,
2622 675 2658 750 ἦ
2677 678 2777 732 πού
2795 694 2858 747 γε
2883 675 3206 748 μαχομένας.
3227 675 3456 746 Γράφων
3471 671 3645 726 τοίνυν
3662 673 3806 724 ἐκεῖ-

2232 788 2321 834 νος
2343 770 2522 836 αὐτὸς,
2552 771 2580 822 ό
2605 766 2960 838 χαλεπώτατα
2995 765 3202 837 μανεὶς,
3240 763 3465 833 ἄρχεται
3495 761 3766 831 πανταχοῦ
3784 779 3800 790 ·

2231 857 2343 915 Ἦν
2374 861 2537 926 Θεὸς,
2591 859 2692 913 καὶ
2737 858 2854 925 ὕλη
2879 875 2892 888 ·
2952 855 3096 928 φῶς,
3127 855 3224 909 καὶ
3265 855 3512 919 σκότος’
3552 853 3806 922 ἀγαθὸν,

2231 955 2329 1008 καὶ
2384 954 2603 1006 κακόν·
2654 953 2725 1006 ἐν
2777 952 2900 1018 τοῖς
2946 949 3134 1006 πᾶσιν
3169 948 3360 1017 ἄκρως
3401 948 3675 1010 ἐναντία,
3724 949 3804 1011 ὡς

2221 1037 2374 1098 ’κατά
2411 1043 2573 1114 μηδὲν
2610 1042 2974 1103 ἐπικοινωνεῖν
3011 1037 3233 1110 θάτερον
3262 1035 3490 1107 θατέρῳ,
3533 1033 3807 1106 ἀγέννητά-

2228 1153 2288 1188 τε
2321 1138 2411 1189 καὶ
2433 1135 2608 1200 ζῶντα
2637 1134 2827 1204 ἄμφω·
2871 1130 3064 1185 οὐκοῦν
3089 1129 3123 1199 ἢ
3149 1129 3371 1201 χωρίσει
3407 1145 3471 1196 γε
3497 1125 3668 1180 ταῦτα
3704 1126 3801 1179 ἀπ’

2230 1227 2504 1298 ἀλλήλων,
2550 1226 2583 1296 ἢ
2633 1225 2728 1280 σὺν
2775 1223 3017 1293 ἀλλήλοις
3063 1221 3194 1275 ὄντα.
3245 1219 3372 1288 φίλα
3415 1219 3508 1272 καὶ
3551 1217 3801 1287 οὐδαμῶς

2228 1318 2448 1372 ἐναντία
2480 1317 2797 1388 φανήσεται.
2843 1313 2998 1367 Ἀλλά
3021 1313 3195 1383 δῆλον,
3213 1315 3294 1366 ὅτι
3317 1312 3483 1382 χωρὶς
3512 1312 3605 1363 ἀπ’
3633 1310 3799 1380 ἀλλή-

2229 1409 2335 1462 λων
2377 1409 2471 1462 καὶ
2519 1408 2678 1471 αὐτὸς
2722 1406 2892 1459 ταῦτα
2935 1405 3070 1458 εἷναί
3118 1422 3310 1475 φησιν·
3340 1404 3427 1474 ἄρ’
3462 1399 3553 1456 οὖν
3589 1419 3800 1472 συμπε-

2228 1501 2567 1573 περασμένον
2594 1500 2850 1577 ἑκάτερον
2885 1497 3093 1569 θατέρῳ
3132 1496 3228 1568 τὴν
3261 1497 3445 1550 οὐσίαν
3490 1495 3668 1560 ἔσται,
3699 1507 3800 1548 κατ

2226 1593 2509 1664 οὐδέτερον
2539 1592 2916 1661 ἀπεριόριστον
2937 1608 2950 1620 ’
3002 1588 3326 1662 περιορίζειν
3372 1589 3428 1642 δὲ
3469 1589 3586 1644 κατ’
3612 1588 3798 1642 οὐσίαν

2228 1685 2320 1740 τὸν
2351 1685 2502 1751 Θεὸν,
2551 1687 2642 1739 καὶ
2687 1684 2760 1756 μὴ
2809 1685 3111 1753 ἀπέραντον
3147 1681 3339 1736 εἰδέναι
3381 1698 3441 1734 τε
3489 1682 3581 1735 καὶ
3615 1681 3801 1750 ὁμολο-

2228 1779 2367 1845 γεῖν,
2401 1777 2518 1839 πῶς
2547 1777 2608 1829 οὺ
2639 1774 3011 1844 λίανιάσεὸἐω
3046 1773 3207 1826 ὁπότε
3233 1774 3292 1826 οὺ
3353 1773 3510 1842 μόνον
3555 1774 3795 1843 περιορί-

557 1865 830 1932 ιιΐιοιηοθο
861 1881 970 1920 non
1001 1875 1085 1922 est
1128 1867 1418 1922 admodum
1460 1869 1722 1940 impium?
1775 1871 2130 1944 Quandoqui‘

2233 1869 2418 1932 ζεσθαι
2470 1866 2609 1932 δόξει
2655 1865 2752 1938 τὴν
2797 1865 2982 1918 οὐσίαν
3020 1865 3112 1916 καὶ
3164 1861 3613 1933 περιγράφεσθαι,
3664 1862 3797 1916 ἀλλὰ

557 1956 678 2009 dem
717 1971 822 2010 non
857 1959 1030 2012 solum
1057 1961 1436 2015 circumscribi
1476 1971 1529 2016 et
1559 1964 1841 2018 terminari
1874 1965 2102 2020 substan

556 2049 631 2100 tia
664 2047 756 2102 Dei
784 2049 1077 2114 videbitur,
1116 2053 1211 2106 sed
1243 2067 1272 2105 a
1305 2054 1466 2117 malo,
1497 2062 1556 2108 ut
1589 2055 1682 2110 ille
1713 2056 1808 2118 ait,
1840 2055 1944 2111 hoc
1985 2057 2130 2111 acci-

557 2154 701 2205 pere.
737 2138 892 2205 Quod
922 2141 1137 2211 quidem
1171 2153 1323 2199 extra
1357 2161 1678 2201 communes
1709 2148 1963 2204 notiones
2003 2157 2087 2206 est
2110 2192 2125 2216 ,

555 2239 675 2292 qua:
698 2227 862 2280 menti
894 2239 1210 2300 suggerunt,
1246 2242 1304 2286 ut
1338 2249 1461 2289 eum
1493 2235 1694 2306 ubique
1731 2252 1852 2293 esse
1894 2247 2125 2306 noscat,

554 2325 608 2369 et
637 2325 831 2371 natura
863 2318 1403 2391 iucompreliensum.

2233 1961 2324 2014 καὶ
2374 1957 2511 2028 πρὸς
2541 1957 2638 2027 τῆς
2677 1955 2895 2019 κακίας,
2941 1954 3016 2018 ὡς
3060 1953 3264 2016 ἐκεῖνός
3308 1969 3459 2022 φησι,
3497 1951 3653 2005 τοῦτο
3691 1953 3792 2005 πά-

2224 2068 2398 2127 σχειν.
2419 2050 2595 2120 Ὅπερ
2623 2046 2831 2118 πρῶτον
2873 2046 2971 2116 μὲν
3016 2043 3124 2097 τῶν
3163 2043 3351 2097 κοινῶν
3378 2042 3594 2096 ἐννοιῶν
3620 2042 3802 2107 ἐκτὸς,

2223 2142 2435 2205 αἵτινες
2465 2138 2850 2194 ὑποϐάλλουσιν
2883 2139 3044 2192 αὐτὸν
3095 2137 3379 2206 γινώσκειν
3415 2131 3553 2189 εἷναί
3580 2151 3637 2188 τε
3665 2151 3800 2188 πανεη

2229 2233 2420 2305 ταχοῦ,
2453 2233 2547 2288 καὶ
2574 2230 2940 2303 ἀπερίληπτον
2967 2231 3228 2302 ὑπάρχειν
3253 2227 3349 2299 τὴν
3378 2227 3559 2297 φύσιν.

1430 2447 1557 2502 Car.
1603 2447 1694 2504 Vl.
1724 2449 1864 2505 Deus
1885 2452 2172 2505 secundum
2201 2450 2403 2519 placita
2432 2445 2768 2500 Hauichaica
2793 2444 2994 2512 ﬁnitus.

628 2529 893 2588 Praeterea
921 2536 1106 2600 etiam,
1141 2539 1188 2593 si
1220 2538 1333 2592 haec
1356 2542 1666 2596 necessario
1693 2557 1723 2596 a
1746 2557 1805 2598 se
1831 2543 2120 2612 dissident,

555 2639 662 2677 non
693 2626 868 2679 solum
897 2627 1062 2694 Deus,
1093 2630 1348 2700 opinione
1371 2633 1516 2687 illius
1549 2633 1762 2701 insana,
1781 2643 1988 2689 naturae
2015 2636 2124 2689 cir-

553 2708 901 2788 cuinscriptaa
943 2735 1066 2776 esse
1119 2721 1428 2788 videbitur,
1486 2725 1582 2780 sed
1635 2726 1691 2780 in
1743 2726 1954 2796 privato
2001 2728 2122 2783 loco

553 2824 696 2872 esse,
727 2817 782 2864 et
809 2812 1048 2867 residere
1078 2829 1245 2885 prope
1272 2817 1631 2886 contrarium.
1669 2818 1800 2884 Quae
1821 2819 1968 2874 enim
2003 2835 2034 2873 a
2063 2835 2122 2875 se

555 2907 744 2958 mutuo
769 2909 1047 2964 arcentur,
1082 2906 1320 2975 propriis
1358 2916 1411 2961 ct
1447 2908 1675 2976 privatis
1721 2909 1858 2965 locis
1886 2911 2122 2965 circum-

555 2991 824 3047 scribunt.
851 2992 1185 3050 Excutienda
1209 2998 1374 3068 igitur
1393 3008 1522 3053 sunt
1555 2999 1690 3064 haec,
1724 3002 1772 3056 si
1801 3003 1963 3057 ambo
1991 3016 2123 3057 con-

555 3086 723 3139 traria
768 3094 1027 3157 tanquam
1087 3091 1325 3160 ingenita
1374 3093 1685 3162 antiquiora
1736 3095 1872 3149 locis
1923 3103 2119 3157 erant,

2303 2541 2424 2593 Ἐτι
2462 2539 2559 2609 μὲν
2587 2539 2637 2591 εί
2683 2536 2854 2590 ταῦτα
2889 2535 3168 2605 διέστηκεν
3206 2531 3513 2602 ἀναγκαίως
3535 2532 3792 2605 ἀλλήλων,

2227 2635 2288 2688 οὐ
2319 2634 2479 2704 μόνον
2518 2628 2653 2683 Θεοῦ
2705 2630 2846 2684 κατὰ
2881 2628 2980 2700 τὴν
3023 2627 3230 2682 ἐκείνου
3273 2625 3468 2697 μανίαν
3516 2626 3656 2691 δόξει
3703 2628 3799 2699 τὴν

2229 2725 2389 2795 φύσιν
2422 2720 2847 2794 περιορίζεσθαι,
2879 2717 3016 2773 ἀλλὰ
3051 2720 3144 2773 καὶ
3185 2719 3242 2771 ἐν
3281 2718 3394 2788 ἰδίῳ
3428 2719 3578 2789 τόπῳ
3604 2723 3800 2792 τυγχὰ-

2231 2838 2360 2883 νεινι,
2396 2817 2488 2871 καὶ
2535 2815 2860 2884 καταμένειν
2903 2810 3295 2883 παραπλησίως
3333 2810 3411 2880 τῷ
3441 2812 3682 2882 ἐναντίῳ.
3721 2812 3799 2866 Τά

2230 2911 2340 2981 γὰρ
2381 2911 2471 2962 ὑπ’
2515 2907 2758 2978 ἀλλήλων
2809 2905 3120 2976 εἰργόμενα,
3168 2905 3355 2968 τόποις
3410 2904 3559 2968 ἰδίοις
3604 2905 3800 2977 δηλαδὴ

2232 3001 2645 3074 περιγράφεται.
2677 3000 2862 3051 Ἔστιν
2888 2992 2983 3050 οὖν
3009 2996 3342 3062 ἐξεταστέον,
3371 2999 3420 3050 εἰ
3451 2996 3548 3066 μὲν
3575 2995 3801 3066 πρεσϐύ-

2229 3115 2362 3169 τερα
2390 3096 2498 3149 τῶν
2527 3094 2708 3147 τόπων
2749 3093 2915 3164 ἄμφω
2959 3089 3030 3143 τὰ
3077 3089 3290 3142 ἐναντία
3327 3087 3405 3150 ὼς
3451 3087 3708 3158 ἀγένητα,
3734 3082 3800 3157 ἦν

553 3176 848 3245 aliquando
885 3193 1079 3235 rursus
1114 3181 1266 3249 prius
1296 3191 1456 3236 erant
1483 3185 1849 3240 communiter
1874 3201 1904 3238 a
1948 3201 2127 3255 pugna

2228 3191 2316 3244 ὅτε
2341 3189 2504 3243 πάλιν
2537 3185 2798 3258 πρότερον
2834 3182 3091 3253 ἐτύγχανε
3124 3183 3273 3251 κοινῇ
3300 3179 3401 3249 τῆς
3433 3180 3801 3248 ἐναντιότητος

554 3266 697 3320 inter
749 3281 809 3321 se
855 3267 1043 3322 libera.
1109 3267 1206 3324 Sin
1263 3285 1394 3325 vero
1449 3272 1744 3340 disjunctio
1808 3275 2126 3329 substantia:

550 3359 842 3429 utriusque
886 3360 1047 3416 simul
1076 3377 1143 3417 ex
1174 3365 1477 3419 aeternitate
1527 3364 1650 3430 fuit,
1683 3366 1962 3436 antiquior
2007 3375 2124 3422 erat

550 3452 708 3506 locus
741 3453 1066 3510 substantia:
1090 3456 1395 3527 utriusque,
1431 3458 1514 3513 vel
1552 3458 1714 3513 simul
1740 3473 1865 3514 cum
1899 3459 2008 3514 illis
2038 3458 2124 3514 in-

550 3542 788 3611 genitus.
826 3543 882 3597 Si
909 3552 1095 3600 autem
1135 3548 1431 3618 antiquior,
1457 3556 1516 3603 ut
1553 3550 1664 3619 jam
1702 3551 1864 3605 a‘mbo
1911 3551 2128 3608 videan-

549 3642 644 3686 tur
672 3636 959 3705 utriusque
989 3637 1093 3690 loci
1121 3639 1468 3710 propagines,
1505 3655 1616 3696 non
1644 3647 1773 3697 sunt
1812 3641 1926 3697 haec
1955 3637 2128 3714 'inge—

551 3726 686 3788 uita,
708 3742 808 3781 nec
828 3736 1030 3785 :eterna
1057 3749 1070 3784 :
1105 3730 1250 3798 quod
1275 3731 1494 3800 quidem
1531 3733 1670 3788 locis
1701 3747 1767 3787 ex
1794 3733 1992 3803 quibus
2011 3735 2127 3790 haec

549 3819 899 3882 exstiterunt,
936 3820 1208 3876 videbitur
1241 3823 1442 3880 inesse.
1489 3821 1547 3878 Si
1587 3837 1718 3879 vero
1744 3825 1898 3881 locus
1948 3833 2032 3882 est
2060 3826 2130 3882 si-

551 3909 667 3962 mul
694 3924 824 3964 cum
854 3911 962 3968 illis
1002 3912 1276 3983 ingenitus
1297 3954 1313 3978 ,
1347 3923 1507 3970 erant
1557 3917 1712 3987 plura
1745 3918 2019 3990 ingenita,
2071 3927 2126 3976 et

552 4014 662 4053 non
690 4001 801 4068 jam
861 4003 1012 4058 duo:
1067 4021 1292 4062 necesse
1335 4009 1480 4063 enim
1512 4017 1616 4076 est,
1652 4018 1710 4064 ut
1741 4011 1847 4066 alia
1895 4015 2005 4067 sint
2032 4013 2126 4066 illa

549 4090 672 4144 ioca
700 4101 895 4161 praeter
923 4093 1036 4149 haec
1063 4111 1185 4165 quae
1211 4097 1271 4150 in
1310 4097 1420 4154 illis
1463 4108 1612 4164 sunt,
1649 4103 1769 4156 sine
1796 4103 1996 4172 quibus
2023 4119 2126 4159 nec

549 4197 674 4238 esse
701 4192 952 4255 possunt.

2229 3281 2648 3354 ἀπηλλαγμένα.
2681 3279 2743 3331 Ei
2776 3276 2834 3330 δὲ
2869 3273 3132 3336 συναΐδιος
3171 3272 3429 3344 ἐκατέρου
3470 3272 3568 3342 τῆς
3614 3272 3802 3335 οὐσίας

2228 3371 2593 3443 όχωρισμὸς,
2640 3366 3060 3440 προγενέστερος
3109 3364 3366 3434 ἐκατέρου
3409 3363 3505 3431 τῆς
3547 3362 3735 3425 οὐσίας
3769 3364 3800 3416 ὁ

2226 3464 2406 3527 τόπος,
2442 3463 2475 3533 ἢ
2510 3461 2914 3530 συναγέννητος.
2970 3455 3106 3509 Ἀλλ’
3157 3457 3204 3508 εί
3233 3455 3329 3526 μὲν
3360 3453 3795 3526 προγενέστερος,

2227 3556 2303 3619 ὡς
2328 3554 2589 3624 ἐκατέρου
2633 3552 2795 3605 τόπου
2828 3550 3112 3622 βλάστημα
3141 3549 3314 3601 δοκεῖν
3347 3542 3489 3600 εἶναι
3518 3547 3793 3618 ἑκάτερον,

2227 3645 2338 3699 οὒτ’
2370 3646 2641 3715 ἀγέννητα
2667 3643 2856 3707 ταῦτα,
2890 3641 3013 3696 οὔτε
3055 3641 3230 3695 ἀΐδια*
3255 3641 3391 3711 ὅπερ
3416 3639 3679 3710 ὑπάρχειν
3711 3639 3794 3692 δό-

2229 3736 2308 3802 ξει
2351 3739 2462 3801 τοῖς
2510 3737 2693 3798 τόποις
2755 3734 2816 3799 ἐξ
2863 3729 2938 3789 ὧν
2983 3733 3187 3788 ταῦτα’
3227 3734 3277 3785 εί
3329 3733 3388 3786 δὲ
3443 3732 3794 3803 πναγένητος

2227 3828 2402 3895 ἔσται,
2431 3829 2619 3894 πλείω,
2649 3829 2742 3882 καὶ
2765 3828 2947 3882 οὐκέτι
2970 3827 3062 3882 δύο
3091 3828 3156 3881 τὰ
3180 3826 3434 3896 ἀγένητα·
3458 3827 3668 3893 ἀνάγκη
3690 3823 3792 3894 γάρ

2228 3920 2392 3992 ἕτερα
2446 3920 2733 3990 τυγχάνειν
2786 3921 2969 3972 ἐκεῖνοι
3020 3917 3169 3988 παρά
3219 3915 3412 3981 ταῦτα,
3462 3917 3520 3969 ἐν
3562 3910 3642 3978 οἷς
3679 3916 3792 3969 ἐστι

2229 4011 2420 4080 ταῦτα,
2453 4003 2527 4066 ὧν
2561 4009 2689 4067 ἀνευ
2720 4010 2841 4066 οὐδὲ
2871 4004 3007 4065 εἶναι
3039 4008 3339 4079 δυνήσεται.

1415 4279 1544 4336 ΟΜ).
1576 4280 1688 4338 Vl].
1719 4282 1964 4354 Spatium
1993 4287 2131 4341 inter
2157 4286 2262 4342 duo
2301 4286 2566 4357 principia
2603 4285 2867 4356 quodnam
2890 4286 2919 4338 1"

620 4369 702 4424 Ad
729 4369 843 4424 lucc
873 4371 1204 4439 poscendum
1234 4381 1318 4428 est
1356 4375 1424 4428 ab
1470 4375 1592 4432 istis
1619 4377 2022 4448 intermedium,
2063 4389 2118 4436 et

2294 4384 2439 4456 Πρὸς
2472 4383 2531 4437 δὲ
2553 4383 2764 4444 τούτοις
2797 4381 2890 4433 καὶ
2933 4377 3183 4450 μεθόριον
3209 4375 3533 4448 ἀμφοτέρων
3564 4375 3789 4466 ἀπαιτη-

546 4465 801 4533 utrisque
854 4462 1232 4533 interjectum,
1291 4465 1438 4536 quod
1485 4468 1712 4525 alterius
1759 4485 1881 4525 cum
1944 4473 2119 4528 altero

548 4555 995 4610 communitatem
1021 4563 1205 4611 arceat
1229 4565 1283 4612 et
1307 4557 1612 4628 prohibeat,
1642 4577 1712 4615 ne
1730 4560 1931 4618 ﬁnibus
1977 4563 2120 4619 inter

548 4659 610 4699 se
641 4647 947 4714 commista,
977 4661 1172 4704 rursus
1209 4649 1476 4704 rationem
1523 4664 1587 4704 ac
1622 4659 1872 4707 naturam
1903 4662 2119 4708 contra-

547 4736 756 4790 riorum
789 4738 998 4796 tollant.
1045 4741 1187 4807 Quid
1214 4741 1380 4813 igitur
1413 4741 1520 4797 erit
1571 4741 1739 4810 istud,
1776 4744 1923 4813 quod
1956 4745 2118 4801 ambo

549 4828 642 4883 illa
663 4828 1026 4896 disterminet,
1057 4840 1111 4887 et
1159 4833 1516 4905 i-utersepiat?
1571 4851 1710 4904 opus
1762 4836 1906 4890 enim
1955 4837 2119 4894 habet

547 4918 693 4988 apud
714 4919 849 4975 istos
867 4920 1152 4991 cujusdam
1182 4924 1327 4979 tertii
1367 4932 1735 4980 commentum
1767 4924 1982 4982 fabulae.
2031 4927 2114 4981 An

546 5010 742 5065 dicturi
769 5019 896 5066 sunt
921 5012 1099 5077 nobis,
1125 5028 1250 5070 esse
1276 5030 1494 5070 murum
1530 5016 1940 5072 adamantinum
1959 5059 1973 5082 ,
2021 5026 2116 5074 aut

547 5101 841 5172 aliudquid
873 5102 1142 5158 delirum?
1173 5103 1470 5174 Cujusnam
1491 5107 1988 5180 veroprovidentia
2012 5109 2116 5165 hoc

546 5194 811 5265 quidquid
841 5196 934 5262 sit,
967 5195 1324 5265 interseptum
1367 5213 1490 5253 esse
1529 5198 1754 5254 dicent?
1787 5201 2116 5270 utricunque

545 5287 688 5342 enim
732 5287 1132 5342 contrariorum
1175 5287 1280 5341 hoc
1314 5289 1598 5360 assignare
1631 5291 1801 5345 velint
1849 5301 2109 5364 tanquam

547 5392 729 5450 postea
782 5382 1126 5444 immissum,
1176 5396 1286 5436 non
1342 5382 1616 5452 reperient
1665 5383 1867 5439 exitum
1911 5385 1966 5440 in
2007 5385 2111 5440 hac

545 5488 736 5540 causa,
765 5490 941 5545 neque
996 5490 1055 5529 se
1093 5473 1221 5528 hinc
1258 5473 1568 5544 expedient.
1623 5473 1898 5532 Revocata
1961 5478 2108 5532 enim

617 5632 718 5694 ιε’)
748 5632 882 5686 Δύο.
919 5629 976 5685 ln
1003 5631 1124 5686 cod.
1163 5638 1414 5702 msLerat
1434 5631 1535 5693 διό,
1557 5632 1708 5685 nullo
1733 5633 1890 5702 plane
1916 5648 2116 5696 sensu;

550 5700 777 5772 ideoque
808 5703 938 5756 illud
966 5704 1226 5757 omiserat
1250 5698 1586 5768 Turrianus;
1614 5698 1956 5772 reposuimus
1986 5703 2111 5770 660‘;

549 5770 656 5825 duo
688 5772 885 5842 quippe
919 5773 1170 5828 tuebatur
1207 5773 1473 5844 principia
1506 5770 1709 5829 Manes.
1742 5773 1901 5827 BASN.

2220 4476 2362 4539 τέον,
2402 4475 2634 4546 διεῖργον
2663 4473 2756 4527 καὶ
2789 4468 3084 4525 διακωλῦον
3124 4468 3370 4539 ἐκατέρῳ
3398 4467 3499 4538 τὴν
3529 4465 3666 4537 πρὸς
3701 4465 3788 4519 θάο

2218 4581 2378 4636 τερον
2419 4563 2722 4628 κοινωνίαν,
2761 4563 2848 4615 ἵνα
2895 4561 2990 4632 μὴ,
3029 4559 3116 4613 διὰ
3157 4557 3265 4612 τῶν
3311 4556 3597 4628 τερμάτων
3642 4551 3784 4616 αὖθις

2220 4655 2469 4726 ἀλλήλοις
2510 4653 2979 4726 καταμιγνύμενα,
3023 4652 3114 4706 τὸν
3156 4651 3255 4722 τῆς
3281 4649 3652 4717 ἐναντιότητος
3681 4647 3784 4699 δια-

2221 4747 2420 4821 φθείρῃ
2455 4748 2632 4816 λόγον.
2683 4747 2749 4800 Τί
2801 4747 2976 4800 τοίνυν
3015 4744 3166 4798 ἐσται
3209 4742 3269 4796 τὺ
3319 4741 3645 4812 διαφράττον
3699 4737 3784 4791 καὶ

2220 4839 2454 4912 διεῖργον
2481 4840 2644 4908 ἄμφω
2669 4856 2682 4904 ;
2725 4838 2905 4910 τρίτου
2939 4837 3047 4907 γάρ
3069 4851 3214 4898 τινος
3251 4833 3370 4887 κατ’
3394 4833 3584 4884 οὐσίαν
3607 4829 3783 4902 χρείαν

2217 4929 2328 5000 ἔχει
2378 4930 2510 5002 παρ’
2551 4930 2734 4992 αὐτοῖς
2778 4928 2878 4999 τῆς
2927 4924 3246 4998 μυθολογίας
3286 4923 3347 4976 τὺ
3402 4921 3646 4991 πλάσμα.
3668 4916 3783 4989 Ἆρ’

2215 5017 2308 5076 οὖν
2334 5021 2395 5074 τὸ
2421 5021 2773 5092 ἀδαμάντινον
2819 5021 2998 5088 τεῖχος·
3021 5016 3233 5084 ἐροῦσιν
3261 5017 3412 5086 ἡμῖν,
3441 5015 3474 5085 ἡ
3512 5031 3564 5066 τι
3586 5013 3780 5082 ἕτερον,

2216 5110 2618 5182 παραπαίοντες
2647 5125 2661 5173 ;
2700 5107 2776 5179 Τῇ
2813 5107 2955 5170 τίνος
2985 5106 3042 5159 δὲ
3073 5105 3298 5177 προνοίᾳ
3327 5102 3471 5156 τοῦθ’
3496 5103 3524 5156 ὅ
3545 5118 3674 5154 ποτε
3690 5100 3784 5169 (5⁸)

2217 5201 2446 5272 φήσουσι
2481 5197 2910 5272 παρεγκεῖσθαι;
2952 5195 3224 5268 Ὀποτέρῳ
3252 5194 3362 5267 γὰρ
3397 5193 3504 5248 τῶν
3535 5191 3786 5246 ἐναντίων

2219 5292 2525 5362 βουληθεῖεν
2553 5290 2828 5348 ἀναθεῖναι
2853 5289 3028 5354 τοῦτο,
3059 5289 3134 5352 ὼς
3158 5287 3380 5359 ὕστερόν
3424 5301 3553 5341 ποτε
3579 5299 3788 5354 παρεμ-

2217 5385 2431 5458 ϐληθὲν,
2467 5384 2669 5456 ἄπορος
2693 5385 2878 5446 αὐτοῖς
2904 5385 2936 5454 ἡ
2975 5381 3227 5444 ὑπόθεσις
3251 5378 3621 5450 εὑρεθήσεται.
3646 5375 3786 5446 Πρὸς

2217 5480 2325 5550 γὰρ
2353 5478 2414 5532 τὸ
2445 5477 2796 5548 ἀρχαιότερον
2841 5473 3047 5538 ἀναϐὰς
3083 5475 3111 5526 ὁ
3155 5473 3309 5541 λόγος
3348 5466 3501 5533 αὖθις
3548 5468 3786 5540 φωράσει

2299 5633 2375 5704 (5)
2396 5633 2579 5704 Vulg.,
2601 5632 2849 5697 δόξαιντ’.
2878 5632 3036 5686 Eot'r.

2292 5693 2392 5776 (δέ)
2422 5693 2605 5770 Forte,
2638 5693 2793 5758 τοῦτό
2827 5720 2976 5768 ποτε,
3003 5703 3084 5758 vel
3119 5697 3284 5766 τοῦθ’,
3314 5700 3341 5752 ὅ
3375 5698 3426 5751 τί
3451 5713 3601 5752 ποτε.
3632 5693 3783 5750 Enn.
