4064 6290
367 423 508 479 1077

1425 410 1794 472 ADVERSUS
1831 413 2251 472 MANICHxEOS
2290 413 2419 467 LIB.
2462 412 2502 469 ι.

3474 407 3605 460 1078

363 540 440 594 τὰ
466 536 680 592 ἐναντία
711 536 956 606 ἀλλήλων
999 535 1297 606 ἀχώριστα,
1323 535 1398 598 ὼς
1429 534 1679 604 οὐδαμῶς
1708 535 1944 588 ἐναντία.

2053 530 2396 587 ascendendo
2431 530 2497 584 ad
2533 527 2812 598 antiquius
2858 523 3156 595 disputatio
3195 536 3387 577 rursus
3414 521 3610 590 depre-

367 635 434 686 Εί
455 632 512 684 δέ
533 629 826 701 μηδετέρου
843 630 1068 700 προνοίᾳ
1086 629 1146 680 τὸ
1162 629 1428 699 μεθόριον,
1443 628 1470 681 ὅ
1489 627 1755 697 δηλοῦσιν,
1776 629 1942 698 ὑπάρ-

371 724 458 789 ξαι
486 722 766 793 φήσουσιν,
786 720 968 791 ἓτερον
988 720 1278 790 ἀγέννητον
1298 719 1675 788 ἐπεισάγοντες
1693 720 1750 784 ἐξ
1775 720 1941 788 ἀνάγ-

371 831 474 885 κης
513 809 864 884 ὁμολογοῦσι,
919 811 1212 884 μηδετέρου
1258 811 1367 864 τῶν
1413 811 1668 864 ἐναντίων
1719 813 1818 883 τῆς
1855 813 1944 864 οὺ-

372 907 496 968 σίας
547 905 802 975 μετέχον,
851 904 939 958 ἵνα
984 903 1062 975 τῷ
1123 904 1299 974 πάντη
1353 903 1688 958 διαλλάττειν
1736 902 1944 976 χωρίζῃ

370 995 543 1051 ταῦτα
565 1012 578 1026 ·
619 991 712 1048 κάι
733 994 1114 1066 εὑρεθήσονται
1140 994 1293 1065 ὅχλον
1317 996 1622 1066 ἀγεννήτων
1651 994 1942 1065 τιθέμενοι,

371 1086 466 1141 δύο
492 1086 763 1158 φήσαντες
794 1080 948 1140 εἶναι.

446 1378 530 1432 Τὰ
556 1378 812 1450 ἀγένητα,
851 1376 912 1430 τὸ
943 1377 1124 1448 μέντοι
1151 1375 1384 1446 διεῖργον
1411 1375 1503 1430 καὶ
1541 1374 1804 1446 μεθόριον,
1837 1373 1946 1427 εἴτε

376 1472 443 1543 δὴ
473 1473 668 1540 τεῖχος,
696 1469 801 1522 εἴτε
835 1468 908 1539 γῆ
937 1469 1138 1532 ἄοικος,
1168 1466 1278 1521 εἴτε
1316 1469 1407 1521 καὶ
1442 1468 1577 1539 ὅπερ
1604 1467 1669 1520 ἂν
1707 1467 1906 1522 θέλοιεν
1929 1483 1944 1498 ·

379 1562 482 1616 ποῦ
512 1563 608 1633 μὲν
641 1557 726 1633 ἆρ’
755 1559 864 1631 ἔχει
916 1559 1012 1632 τὴν
1057 1559 1238 1632 ἕδραν,
1285 1559 1389 1612 ποῦ
1439 1559 1622 1630 δὲτὴν
1667 1560 1944 1630 κορυφήνς

391 1646 550 1710 Ἀλλὰ
591 1655 770 1727 δῆλον,
791 1653 866 1717 ὡς
915 1653 1064 1706 κάτω
1109 1653 1206 1723 μὲν
1256 1652 1352 1723 τὴν
1383 1651 1571 1724 ἕδραν·
1610 1650 1713 1704 ποῦ
1750 1651 1813 1722 δὴ
1855 1651 1950 1704 καὶ

378 1751 544 1804 πόσον
571 1767 584 1815 ;
617 1751 761 1802 Ἀνω
785 1747 842 1801 δέ
889 1747 986 1819 τὴν
1025 1747 1300 1817 κορυφήν·
1331 1745 1434 1798 ποῦ
1484 1745 1578 1798 καὶ
1617 1744 1709 1798 ἐπὶ
1743 1743 1906 1798 πόσον
1934 1761 1948 1810 ;

2045 615 2261 680 Ιιεῐιᾶρι’
2284 621 2559 678 contraria
2593 622 2734 675 inter
2783 633 2842 674 se
2871 624 3142 686 separata,
3174 623 3431 684 tanquam
3460 613 3608 667 nullo

2045 716 2206 770 modo
2229 714 2520 770 contraria.
2558 710 2654 766 Sin
2702 724 2832 765 vero
2874 707 3121 763 neutrius
3154 705 3493 775 providentia
3528 705 3614 756 in-

2043 817 2358 878 terseptum,
2381 807 2526 878 quod
2559 805 2860 869 declarant,
2903 817 3024 858 esse
3065 801 3328 864 dixerint,
3360 812 3613 852 necessa~

2043 901 2128 955 rio
2157 900 2394 955 fatentur
2421 899 2768 954 introducere
2797 912 2856 951 se
2887 894 3090 965 aliquid
3115 893 3435 963 ingenitum,
3468 887 3613 960 quod

2044 993 2296 1048 neutrius
2330 991 2691 1048 substantiam
2745 988 3065 1060 participct,
3119 993 3180 1038 ut
3213 983 3435 1038 omnino
3479 981 3613 1034 diri-

2045 1085 2244 1142 mendo
2280 1093 2495 1155 separet
2533 1084 2680 1148 haec;
2712 1093 2876 1151 atque
2907 1081 2983 1134 ita
3016 1079 3128 1143 ﬁet,
3165 1087 3222 1132 ut
3271 1075 3613 1146 reperiantur

2045 1175 2264 1232 turbam
2291 1176 2655 1247 ingenitorum
2693 1189 2921 1245 ponere,
2959 1174 3051 1243 qui
3077 1171 3187 1226 duo
3216 1169 3456 1250 ingenita
3493 1183 3615 1224 esse

2046 1271 2318 1326 dixerunt.

2117 1385 2371 1438 Attamen
2401 1383 2506 1438 hoc
2542 1383 2685 1452 quod
2734 1381 3112 1443 disterminat,
3151 1385 3203 1433 ct
3258 1377 3615 1445 interseptum

2046 1485 2148 1540 est,
2182 1476 2296 1531 sive
2319 1490 2508 1529 murus
2536 1482 2654 1538 est,
2702 1474 2817 1529 sive
2848 1482 2994 1528 terra
3029 1472 3146 1528 sine
3174 1469 3460 1534 domibus,
3501 1467 3615 1522 sire

2048 1568 2193 1623 aliud
2244 1567 2522 1638 quodlibet
2565 1585 2578 1621 :
2638 1566 2879 1636 nunquid
2935 1564 3130 1618 alicubi
3185 1561 3402 1631 quidem
3454 1559 3617 1614 habet

2048 1661 2244 1724 basim,
2268 1659 2468 1715 alicubi
2498 1673 2630 1714 vero
2665 1658 2920 1713 culmen?
2946 1657 3111 1726 Atqui
3138 1654 3482 1725 perspicuum
3508 1659 3614 1715 est,

2048 1752 2190 1807 infra
2223 1752 2441 1824 quidem
2476 1751 2675 1807 habere
2715 1749 2887 1806 basim
2916 1769 2928 1802 :
2965 1747 3060 1804 sed
3091 1748 3206 1811 ubi,
3242 1754 3296 1802 et
3323 1747 3617 1816 quantam?

377 1843 453 1894 Τὸ
494 1842 601 1912 γάρ
646 1840 756 1894 ἄνω
809 1839 900 1892 καὶ
937 1838 1086 1892 κάτω
1133 1837 1496 1909 δημιουργίας
1538 1835 1796 1906 ὀνόματα,
1841 1835 1948 1906 πρὸ

2054 1844 2230 1916 Supra
2264 1860 2394 1900 vero
2424 1843 2662 1910 culmen,
2691 1842 2784 1898 sed
2816 1842 2908 1896 ubi
2934 1881 2949 1906 ,
3009 1850 3062 1895 et
3092 1838 3387 1910 quantum?
3442 1836 3617 1906 Supra

373 1932 769 2004 δημιουργίας·
797 1930 877 1984 δεῖ
906 1930 1087 2002 μέντοι
1129 1931 1223 1984 καὶ
1263 1929 1555 2001 βαθύτερον
1596 1929 1688 1982 καὶ
1746 1927 1946 1998 ὑψηλό-

373 2043 534 2097 τερον
555 2021 693 2080 εἶναι
713 2024 774 2077 τὸ
809 2023 1054 2095 μεθόριον
1079 2022 1180 2093 τῆς
1204 2021 1310 2076 τῶν
1342 2022 1719 2092 χωριζομένων
1740 2021 1944 2084 οὐσίας·

375 2119 466 2172 ἵνα
513 2117 586 2189 μὴ
627 2116 871 2172 κάτωθεν
917 2115 950 2186 ἢ
996 2115 1199 2169 ἀνωθεν
1245 2114 1514 2184 ἐλλεῐψαν,
1557 2113 1788 2184 πάροδον
1837 2116 1951 2176 τοῖς

373 2209 638 2271 ἐναντίοις
663 2207 918 2279 παράσχῃ
959 2206 1094 2276 πρὸς
1127 2205 1348 2276 ἄλληλα.
1378 2206 1439 2258 El
1460 2204 1516 2257 δέ
1550 2207 1676 2276 σκιᾷ
1699 2205 1792 2258 καὶ
1817 2204 1950 2276 ήλίῳ

378 2301 776 2372 παραϐάλλοιεν
809 2299 836 2352 ὅ
862 2296 1085 2354 καλοῦσι
1127 2295 1392 2366 μεθόριον,
1424 2295 1695 2366 οἰήσονται
1729 2296 1846 2366 μὲν,
1876 2295 1951 2358 ὼς

377 2393 532 2445 οὐδὲν
565 2392 902 2445 ἐπικοινωνεῖ
945 2388 1020 2460 τῷ
1057 2387 1190 2460 ήλίῳ
1232 2390 1266 2459 ή
1305 2387 1448 2450 σκιά,
1488 2386 1950 2458 διελεγχθήσονται

378 2486 436 2539 δὲ
482 2483 730 2554 χαλεπῶς
775 2483 912 2555 πρὸς
957 2481 1050 2535 τοῦ
1101 2480 1375 2543 Μάνεντος
1420 2480 1788 2550 ἠπατημένοι·
1825 2478 1952 2531 σκιά

380 2578 490 2650 γὰρ
525 2577 674 2649 ἡλίου
721 2574 971 2647 κοινωνίᾳ
1015 2575 1108 2628 καὶ
1149 2573 1215 2626 δι’
1277 2572 1395 2626 ὅλου
1444 2571 1717 2640 παρουσίᾳ
1757 2570 1950 2638 γένοιτ’

384 2671 469 2733 ἂν,
503 2669 667 2738 ὅγκου
700 2668 844 2731 τινὸς
869 2667 1149 2736 ἀνέχοντος
1175 2667 1232 2718 ἐν
1266 2663 1414 2737 μέσῳ
1444 2663 1537 2716 καὶ¹
1568 2661 1703 2733 πρὸς
1732 2660 1952 2731 θάτερον

386 2764 550 2835 μέρος
572 2762 740 2833 αὐτὴν
770 2760 1226 2832 παραπέμποντος
1246 2773 1259 2786 ·
1306 2757 1399 2810 καὶ
1444 2754 1568 2807 σκιά
1596 2752 1681 2822 εἴη
1708 2751 1772 2805 ἂν
1801 2751 1952 2805 οὐδὲν

383 2857 588 2928 ἕτερον,
623 2855 656 2926 ἢ
685 2854 980 2924 τεκμήριον
1005 2850 1199 2921 φωτὸς,
1231 2849 1321 2902 διά
1350 2865 1494 2909 τινος
1523 2843 1951 2916 παρεγκειμένου

386 2947 634 3016 σώματος
664 2943 1086 3016 ἐμποδιζομένου
1105 2959 1119 2972 ·
1147 2941 1268 2994 ἐπεί
1295 2957 1375 2993 τοι
1401 2939 1575 3008 φωτὸς
1603 2940 1660 2990 ἐν
1693 2939 1846 2992 νυκτὶ
1878 2938 1953 3010 μὴ

385 3036 669 3107 παρόντος,
724 3034 831 3088 οὐδ’
868 3033 932 3087 ἂν
983 3031 1111 3086 σκιὰ
1159 3031 1358 3102 μερικὴ
1407 3031 1632 3100 γένοιτο.
1677 3033 1796 3103 'Ap’
1838 3028 1950 3097 οὖν,

384 3130 487 3200 ὅπη
522 3126 667 3190 σκιὰ,
711 3128 827 3180 ἐκεῖ
881 3125 1031 3194 φῶς·
1082 3123 1150 3177 τὰ
1193 3122 1301 3194 γάρ
1349 3123 1604 3176 ἐπέκεινα
1638 3123 1738 3193 τῆς
1772 3126 1949 3190 σκιᾶς,

386 3220 523 3288 φωτὶ
563 3219 1007 3287 καταλάμπεται·
1052 3214 1192 3286 πλὴν
1222 3217 1270 3268 εί
1301 3216 1373 3285 μή
1400 3231 1464 3284 γε
1491 3215 1553 3268 τὸ
1584 3213 1804 3278 σκιάζον
1830 3215 1954 3286 ὕψει
1983 3246 2024 3304 C

382 3314 444 3367 τὸ
472 3313 702 3383 φωτίζον
735 3308 1051 3382 παμπληθεῖ
1103 3306 1450 3378 ὑπερϐαίνει·
1499 3306 1602 3361 κᾶν
1646 3306 1720 3379 μὴ
1764 3309 1825 3362 τὸ
1865 3325 1958 3383 γεέ

382 3382 649 3461 λειότατον
687 3407 864 3474 τεῖχος
908 3401 985 3474 τῷ
1035 3400 1328 3474 παραλόγῳ
1370 3399 1532 3471 τεθῇ,
1573 3399 1687 3470 φῶς
1719 3403 1774 3455 ἐν
1819 3382 1958 3471 φωτί

380 3497 705 3568 διαιτωμένη
729 3496 1027 3566 φανήσεται
1055 3496 1090 3565 ὴ
1134 3492 1322 3546 κακία.
1357 3491 1478 3556 Πῶς
1512 3493 1622 3564 γὰρ
1654 3493 1719 3547 ἂν
1750 3494 1956 3563 γένοιτο

384 3591 531 3659 σκιὰ,
560 3590 653 3644 τοῦ
673 3589 848 3659 φωτὸς
887 3589 951 3642 δι’
976 3587 1098 3642 ὅλου
1135 3585 1277 3640 κατὰ
1303 3585 1404 3655 τῆς
1437 3583 1568 3656 ὕλης
1601 3585 1772 3650 ὄντος,
1803 3588 1850 3639 εί
1882 3587 1956 3658 μή

381 3705 437 3740 τι
472 3687 530 3738 ἐν
573 3684 722 3758 μέσῳ
750 3699 815 3751 γε
851 3682 1053 3752 ἀνέχοι,
1097 3680 1191 3734 καὶ
1233 3678 1518 3732 ἀποκλεῖω
1549 3679 1617 3732 δι’
1649 3679 1770 3732 ὅλου
1816 3682 1960 3732 ποιοῖ

385 3776 595 3847 αὐτήνς
661 3767 721 3826 οὗ
776 3772 850 3843 μὴ
903 3772 980 3842 (4)
1035 3767 1468 3840 παρεγκειμένου
1495 3809 1510 3833 ,
1573 3770 1667 3822 καὶ
1712 3768 1959 3822 πλεῖστον

383 3869 508 3920 ὅσον
534 3865 834 3935 ἀνέχοντος,
858 3862 1034 3917 κοινὸν
1076 3861 1258 3924 ἀϊδίως
1297 3859 1446 3913 ἔσται
1476 3861 1569 3914 καὶ
1592 3862 1658 3932 τῇ
1708 3860 1874 3932 κακίᾳ
1900 3861 1960 3914 τὸ

385 3975 523 4030 φως.

2047 1937 2190 1992 enim
2219 1944 2273 1991 et
2298 1935 2438 1990 inl‘ra
2465 1933 2688 1988 nomina
2712 1933 3090 1989 fabricationis
3121 1931 3342 1996 mundi,
3383 1937 3508 1984 ante
3538 1929 3616 1982 la-

2048 2028 2403 2084 brieationem
2440 2036 2568 2082 sunt
2599 2027 2745 2098 apud
2790 2028 2925 2082 istos
2959 2045 2972 2080 :
3018 2025 3168 2094 atqui
3196 2030 3409 2092 oportet
3452 2023 3617 2077 etiam

2049 2119 2405 2190 interseptum
2431 2118 2761 2188 profundius
2791 2125 2844 2172 et
2875 2117 3038 2171 altius
3069 2130 3191 2171 esse
3219 2129 3380 2184 quam
3405 2127 3468 2168 ea
3497 2127 3618 2182 quae

2049 2211 2538 2278 disterminantur;
2569 2225 2636 2265 ne
2667 2211 2714 2265 si
2763 2209 2893 2279 quid
2943 2224 3008 2263 ex
3048 2214 3200 2278 parte
3235 2204 3477 2260 inferiori
3524 2211 3617 2256 aut

2051 2304 2334 2374 superiore
2372 2301 2620 2366 deﬁciat,
2671 2301 2876 2355 aditum
2927 2299 3215 2355 contrariis
3250 2296 3515 2367 praebeat,
3556 2302 3619 2347 ut

2052 2397 2214 2451 simul
2238 2395 2367 2451 sint.
2403 2393 2459 2448 Si
2484 2404 2664 2451 autem
2693 2408 2816 2448 cum
2849 2392 3043 2447 umbra
3077 2399 3132 2446 et
3163 2391 3275 2444 sole
3301 2394 3619 2456 comparent

2053 2489 2206 2551 illud,
2221 2488 2366 2559 quod
2379 2487 2730 2557 interseptum
2744 2493 2958 2549 vocant,
2976 2479 3467 2554 putabuntquidem
3485 2479 3619 2532 nihil

2054 2582 2251 2637 habere
2281 2595 2571 2636 commune
2611 2579 2856 2633 umbram
2904 2591 3028 2630 cum
3078 2575 3229 2640 sole;
3263 2573 3618 2628 convincetur

2053 2680 2257 2736 tamen.
2319 2672 2578 2742 deceptos
2608 2687 2732 2726 esse
2791 2685 2885 2724 eos
2933 2669 3164 2738 turpiler
3207 2683 3238 2719 a
3277 2665 3614 2719 Manichaee:

2054 2766 2244 2820 umbra
2275 2765 2419 2820 enim
2467 2765 2853 2819 communione
2897 2763 3030 2820 solis
3067 2770 3121 2816 et
3172 2759 3458 2830 prmsentia
3504 2758 3615 2812 ﬁeri

2055 2857 2191 2912 solet
2219 2843 2358 2911 mole
2386 2855 2620 2926 quadam
2665 2856 3005 2925 interposita,
3027 2868 3148 2924 qua:
3177 2852 3620 2907 communionem

2053 2958 2107 3006 et
2135 2950 2479 3021 praesentiam
2515 2949 2646 3004 solis
2693 2950 2761 3004 ad
2813 2950 3037 3002 alteram
3091 2957 3300 3018 partem
3337 2943 3622 2998 transmit-
3653 2929 3664 2938 ’

2055 3042 2152 3107 ιίι;
2185 3041 2429 3110 nihilque
2476 3040 2623 3094 aliud
2660 3039 2855 3094 umbra
2894 3045 2998 3104 est,
3023 3053 3186 3108 quam
3245 3036 3506 3090 indicium
3539 3035 3622 3086 lu-

2056 3134 2218 3190 minis
2257 3147 2489 3202 corpore
2512 3133 2764 3202 quopiam
2807 3117 3094 3200 interjecto
3124 3127 3366 3198 impediti
3395 3147 3407 3181 :
3463 3133 3622 3180 nocte

2059 3227 2226 3289 enim,
2259 3239 2384 3280 cum
2418 3239 2526 3278 non
2552 3223 2705 3279 adest
2741 3223 2943 3289 lumen,
2973 3236 3073 3276 nec
3106 3236 3232 3290 pars
3267 3220 3470 3273 umbrae
3500 3233 3624 3272 esse

2057 3319 2256 3380 potest.
2291 3309 2391 3364 Ubi
2422 3310 2584 3380 igitur
2615 3310 2806 3365 umbra
2839 3320 2942 3373 est,
2971 3309 3045 3364 ibi
3079 3309 3294 3374 lumen;
3328 3324 3448 3377 quae
3476 3307 3622 3362 enim

2061 3403 2200 3456 ultra
2232 3401 2479 3456 umbram
2524 3409 2670 3469 sunt,
2702 3403 2905 3456 lumine
2935 3401 3226 3466 collucent,
3262 3408 3625 3469 praeterquam

2058 3509 2183 3548 cum
2217 3495 2268 3549 id
2295 3495 2439 3566 quod
2469 3496 2714 3550 umbram
2769 3494 2933 3560 facit,
2988 3495 3156 3548 multa
3187 3493 3473 3548 altitudine
3533 3508 3624 3548 su-

2024 3577 2034 3586 ’
2061 3593 2214 3655 perat
2241 3586 2294 3640 id
2324 3585 2470 3656 quod
2500 3586 2770 3640 illuminat
2797 3605 2811 3652 ;
2844 3593 2898 3641 et
2928 3586 3129 3641 malum
3176 3585 3230 3638 in
3271 3584 3475 3639 lumine
3521 3583 3622 3636 ba-

2057 3676 2236 3732 bitans
2269 3678 2452 3732 lumen
2481 3693 2603 3734 esse
2627 3679 2927 3748 apparebit,
2961 3678 3068 3734 nisi
3125 3691 3338 3730 murum
3391 3675 3625 3730 maxime

2057 3769 2348 3824 ridiculum
2380 3771 2614 3840 positum
2647 3771 2866 3827 habent.
2921 3770 3206 3837 Quomodo
3234 3771 3377 3825 enim
3432 3769 3626 3822 umbra

2056 3878 2178 3918 esse
2217 3865 2418 3933 poterit
2465 3861 2670 3919 lumine
2721 3864 3001 3918 materiam
3052 3879 3119 3918 ex
3144 3863 3291 3916 onmi
3323 3869 3478 3931 parte
3508 3861 3622 3916 col-

2060 3954 2348 4022 lustrante,
2384 3955 2491 4010 nisi
2527 3956 2655 4026 quid
2703 3957 2758 4010 in
2798 3955 2973 4010 medio
3016 3954 3320 4024 prohibeat,
3357 3963 3409 4009 et
3442 3954 3624 4007 lumen

384 4051 611 4105 omnino
685 4049 753 4103 ab
797 4063 862 4103 ea
927 4048 1222 4104 excludens
1267 4049 1515 4103 umbram
1571 4043 1800 4101 eﬂiciat?
1849 4043 1906 4098 In
1949 4045 2152 4102 lumine
2215 4064 2323 4104 non
2370 4049 2640 4104 videbitur
2688 4049 2934 4120 posuisse
2978 4064 3075 4118 pro
3154 4063 3311 4103 muro
3361 4045 3623 4112 ridiculo;

383 4146 533 4217 quod
571 4145 954 4216 interpositum
985 4143 1171 4201 sinon
1233 4145 1326 4210 sit,
1381 4150 1435 4198 et
1490 4157 1653 4213 quam
1689 4139 1923 4195 maxime
1980 4141 2374 4210 disterminet,
2425 4152 2682 4215 perpetua
2744 4145 2848 4199 erit
2895 4143 3262 4200 communitas
3313 4143 3457 4197 malo
3502 4156 3626 4197 cum

385 4241 611 4298 lumine.

456 4357 621 4425 Αὖθις
662 4361 724 4416 τὸ
771 4360 1136 4434 μεσημϐρινὸν
1181 4362 1341 4434 μέρος
1383 4365 1450 4434 τῇ
1500 4361 1666 4434 κακίᾳ
1707 4363 1957 4429 διδόντες,

383 4454 459 4518 ὡς
489 4453 623 4524 ὅναρ
645 4455 744 4526 τῆς
773 4452 1130 4524 δημιουργίας
1177 4452 1566 4525 διαγράφουσι·
1601 4452 1704 4507 ποῦ
1753 4454 1862 4526 γὰρ
1890 4451 1958 4526 ἦν

2138 4362 2352 4418 Rursus
2376 4400 2389 4426 ,
2434 4359 2791 4414 meridianam
2824 4365 3034 4429 partem
3084 4359 3228 4413 malo
3285 4359 3585 4414 tribuentes
3609 4398 3623 4424 ,

2066 4455 2338 4512 somnium
2374 4453 2596 4507 fabricae
2628 4451 2989 4506 describunt:
3025 4449 3120 4505 ubi
3161 4450 3306 4505 enim
3340 4457 3458 4505 erat
3508 4464 3627 4504 me-

387 4544 702 4640 us‘onpﬁpta
748 4544 855 4616 πρὸ
899 4543 1277 4618 μεσημϐρίας;
1321 4545 1664 4620 Ἀτιμότερος
1703 4547 1760 4600 δέ
1797 4549 1953 4613 τόπος

2066 4549 2231 4605 ridies
2261 4555 2386 4603 ante
2421 4546 2741 4602 meridiem?
2789 4544 2966 4600 Locus
3003 4552 3182 4600 autem
3220 4543 3278 4598 in
3321 4542 3510 4597 mundi
3547 4541 3628 4596 fa-

384 4638 540 4704 ᾰιλλος
571 4637 732 4692 ἄλλου
764 4637 863 4709 τῆς
898 4637 1256 4709 δημιουργίας
1277 4639 1376 4692 οὐκ
1407 4638 1472 4692 ἂν
1494 4639 1702 4708 γένοιτο
1720 4657 1732 4668 ·
1769 4642 1830 4694 τὸ
1854 4642 1962 4714 γὰρ

383 4728 658 4800 εὐώνυμον
681 4727 876 4800 ὁρῶντι
905 4729 1040 4798 πρὸς
1075 4726 1245 4791 δύσιν,
1272 4728 1441 4795 δεξιὸν
1467 4725 1621 4793 αὖθις
1653 4730 1960 4802 εὑρίσκεται

271 4871 280 4878 .
383 4822 519 4894 πρὸς
569 4818 831 4882 ἀνατολὰς
885 4818 1064 4872 ἰδόντι.
1109 4817 1268 4871 Ἀλλά
1327 4817 1550 4891 πλείστη
1600 4820 1696 4890 μὲν
1725 4822 1758 4890 ή
1804 4821 1959 4874 τοῦδε

380 4913 474 4970 τοῦ
510 4910 842 4986 βαρϐαρικοῦ
869 4910 1134 4982 δόγματος
1163 4911 1362 4964 ἀτοπία
1381 4929 1396 4942 ·
1425 4911 1518 4964 δύο
1547 4910 1654 4985 γὰρ
1689 4912 1824 4976 ὅλως
1857 4914 1960 4984 ἀρ-

382 5007 494 5080 χαὶ,
524 5005 640 5070 πῶς
669 5004 735 5058 ἂν
773 5001 903 5068 εἷεν,
930 5002 963 5074 ἢ
999 5002 1246 5075 κληθεῖεν
1275 5004 1468 5076 άρχαί;
1505 5004 1645 5076 ἀρχὴ
1674 5005 1780 5076 γάρ
1809 5007 1959 5060 ἐστιν

379 5101 414 5170 ἦ
435 5117 494 5152 τε
520 5097 628 5150 τῶν
654 5096 789 5150 ὅλων
812 5096 1158 5168 πρεσϐυτέρα
1195 5096 1287 5149 καί¹
1317 5096 1423 5149 τῶν
1447 5095 1697 5149 ἁπάντων
1730 5097 1955 5166 κρατοῦ-

379 5207 481 5243 σα·
517 5182 590 5243 ὧν
623 5188 900 5260 οὐδέτερον
931 5189 1221 5261 ὑπάρξειεν
1251 5190 1321 5244 ἂν.
1346 5189 1630 5260 οὐδετέρῳ.
1678 5189 1953 5261 Σύγχρονα

381 5279 490 5350 γὰρ
546 5280 712 5350 ἄμφω
752 5280 845 5333 καὶ
881 5280 1266 5351 συναγέννητα,
1307 5279 1434 5334 ὅντα
1470 5279 1561 5333 τὸν
1616 5279 1710 5333 τοῦ
1762 5297 1954 5350 προτε-

385 5373 561 5444 ρεύειν
587 5371 834 5443 ἀλλήλοις
868 5371 1168 5444 διαφθείρει
1196 5372 1371 5441 λόγον.
1415 5371 1573 5426 Ἀλλὰ
1600 5373 1692 5425 καὶ
1725 5373 1823 5442 τῆς
1852 5375 1953 5444 ἀρ-

380 5466 538 5534 χικῆς
587 5462 829 5528 ἐξουσίας
875 5463 936 5515 οὐ
992 5462 1151 5532 μόνον
1205 5463 1448 5532 ἀλλήλων
1501 5463 1574 5528 ὡς
1627 5463 1840 5517 ἐναντία
1890 5481 1953 5533 γε

379 5548 551 5610 ταῦτα
603 5553 934 5627 ἐξῃρημένα,
981 5553 1116 5606 ἀλλὰ
1159 5555 1252 5607 καὶ
1296 5554 1452 5623 φύσει
1496 5554 1796 5626 μαχόμενα,
1836 5555 1952 5618 πῶς

383 5647 448 5701 ἂν
469 5648 612 5720 ἔχειν
640 5648 814 5702 διόλου
846 5647 904 5701 τὸ
940 5647 1124 5719 ἄρχειν
1158 5647 1437 5720 νομισθείη
1464 5665 1476 5714 ;
1509 5650 1570 5702 El
1612 5649 1790 5703 τοίνυν
1823 5649 1955 5719 μηδ-

2064 4641 2214 4696 brica
2244 4639 2384 4694 alius
2413 4638 2520 4694 alio
2547 4637 2925 4693 inhonoratior
2948 4652 3058 4692 non
3089 4645 3268 4707 potest
3293 4649 3454 4692 esse:
3482 4635 3627 4705 quod

2065 4733 2210 4788 enim
2243 4732 2310 4786 ad
2349 4731 2538 4787 la:vam
2566 4737 2650 4786 est
2682 4729 2737 4784 in
2760 4744 3018 4784 occasum
3059 4728 3366 4800 aspicienti,
3393 4728 3459 4782 ad
3490 4727 3626 4783 dex-

2059 4831 2202 4880 tram
2237 4841 2428 4880 rursus
2451 4835 2533 4879 eSt
2557 4821 2845 4893 aspicienti
2888 4821 2944 4875 in
2985 4819 3274 4877 orientem.
3307 4818 3504 4875 Verum
3533 4819 3630 4874 ab-

2063 4916 2448 4972 surdissimum
2475 4924 2557 4971 est
2591 4915 2695 4969 hoc
2726 4913 3071 4968 barbaricum
3101 4911 3330 4983 dogma;
3353 4911 3462 4968 duo
3481 4912 3628 4967 enim

2063 5021 2288 5077 prorsus
2325 5004 2590 5077 principia
2622 5000 2895 5073 quomodo
2928 4999 3194 5071 principia
3225 5001 3373 5066 sint,
3407 5009 3500 5053 aut
3532 5013 3628 5067 ap-

2062 5097 2368 5169 pellentur?
2398 5097 2665 5166 siquidem
2699 5094 3028 5167 principium
3062 5101 3166 5158 est,
3200 5092 3343 5163 quod
3375 5089 3628 5147 omnibus

2059 5196 2143 5245 est
2165 5188 2464 5259 antiquius,
2493 5197 2546 5242 et
2572 5187 2816 5242 omnium
2868 5192 3010 5240 tenet
3049 5185 3412 5254 principatum
3445 5190 3498 5236 et
3526 5180 3628 5232 im-

2060 5283 2270 5353 perium
2297 5299 2310 5347 ;
2353 5295 2588 5351 quorum
2640 5290 2892 5334 neutrum
2927 5279 2982 5333 in
3013 5284 3208 5334 neutro
3241 5276 3471 5330 duorum
3504 5289 3628 5329 esse

2062 5382 2259 5447 potest.
2297 5373 2429 5430 Esse
2470 5375 2615 5428 enim
2649 5374 2810 5429 ambo
2861 5373 3104 5444 ejusdem
3141 5367 3401 5440 temporis
3435 5375 3490 5422 et
3533 5382 3630 5421 co-

2059 5475 2242 5542 gnata,
2274 5467 2537 5522 rationem
2566 5482 2756 5522 eorum
2801 5468 2942 5521 inter
2975 5481 3033 5522 se
3061 5464 3400 5534 principatus
3435 5469 3488 5514 et
3532 5475 3627 5513 ex-

2062 5557 2326 5613 cellentia!
2353 5557 2511 5611 tollit.
2551 5554 2662 5609 [mo
2691 5571 2811 5626 quae
2852 5570 2960 5608 non
3015 5552 3187 5608 solum
3243 5565 3271 5602 a
3320 5547 3626 5618 principatu

2065 5646 2350 5719 potestatis
2393 5650 2534 5704 inter
2581 5664 2641 5705 se
2672 5648 2841 5704 libera
2875 5651 3037 5710 sunt,
3093 5649 3274 5712 utpote
3307 5639 3583 5696 contraria
3611 5680 3625 5704 ,

455 5830 532 5898 (ι)
563 5826 644 5888 οὗ
666 5829 772 5900 μή.
804 5829 1000 5886 Deessc
1033 5830 1119 5887 hic
1169 5831 1370 5902 aliquid
1424 5830 1634 5888 videtur
1670 5847 1733 5888 ex
1778 5831 2088 5902 interprete.
2146 5899 2156 5908 _
