4064 6290
542 401 682 458 1079
1705 405 1843 460 TITI
1881 405 2147 462 BOSTRE

2198 407 2315 462 iSlS
2344 408 2648 464 EPISCOPI
3639 410 3803 465 ’1080

540 519 635 574 sed
692 529 887 574 natura
941 525 1214 590 pugnant;
1266 521 1542 590 quomodo
1596 522 1826 592 cogitari
1882 535 2145 594 possunt‘

2214 531 2384 599 ετέρῳ
2431 527 2635 581 τούτων
2689 525 3013 589 διασώζεται
3062 526 3160 597 τῆς
3205 524 3376 595 ἀρχῆς
3408 527 3436 578 ὁ
3472 521 3644 591 λόγος,
3679 526 3803 588 πῶς

540 609 741 665 habere
771 608 996 665 omnino
1015 611 1422 681 principatum?
1453 613 1660 679 Quodsi
1685 617 1824 670 ratio
1843 619 2116 687 prmcipa-

1147 611 1422 681 cipatum?
1453 613 1660 679 Quodsi
1685 617 1824 670 ratio
1843 619 2116 687 prmcipa-
2221 621 2285 674 ἂν
2314 620 2478 691 ἁρχαὶ
2511 619 2752 690 κληθεῖεν

540 707 632 753 tus
664 707 916 753 neutrum
979 699 1176 754 horum
1227 702 1505 758 incolume
1559 714 1780 769 servat,
1837 708 2116 765 quomodo

539 789 803 858 principia
842 791 1230 845 vocabuntur?

1476 907 1605 964 CAP.
1655 909 1788 965 Vlli.
1825 911 1981 967 Ratio
2015 914 2119 969 duo
2143 913 2404 983 principia
2434 928 2535 965 non
2563 911 2814 967 admittit.

607 1024 896 1090 Quomodo
936 1027 1182 1080 rationes
1222 1028 1503 1082 naturales
1541 1028 1851 1096 adtnittent,
1903 1039 1961 1084 ut
2004 1032 2115 1087 sint

2287 1031 2411 1094 Πῶς
2447 1031 2491 1083 δ’
2542 1031 2606 1084 ἂν
2633 1032 2679 1082 οἱ
2747 1027 2964 1095 φυσικοὶ
3009 1027 3258 1098 λογισμοὶ
3305 1025 3686 1098 παραδέξαιντ’
3731 1027 3801 1080 ἂν

536 1118 644 1172 duo
682 1119 984 1173 secundum
1033 1119 1399 1173 substantiam
1447 1123 1748 1188 contraria,
1797 1124 1891 1177 ubi
1936 1123 2113 1193 primo

2217 1123 2481 1197 ὑπάρχειν
2537 1123 2751 1174 ἐναντία
2775 1122 2868 1175 δύο
2912 1123 3029 1175 κατ’
3075 1119 3282 1182 οὐσίαν,
3317 1121 3450 1172 ὅπου
3479 1123 3542 1188 γε
3575 1119 3797 1190 πρῶτον

535 1211 756 1279 quidem
794 1224 996 1264 nomen
1026 1211 1348 1266 substantiae.
1383 1227 1674 1268 commune
1702 1221 1787 1269 est
1821 1214 2113 1284 utrisque?

2219 1215 2318 1285 μὲν
2351 1215 2411 1266 τὸ
2452 1214 2552 1284 τῆς
2578 1214 2765 1277 οὐσίας
2819 1213 3151 1284 ἀμφοτέροις
3179 1212 3346 1282 ὄνομα
3393 1211 3600 1274 κοινόν;
3642 1211 3797 1264 Καϐὸ

535 1300 778 1355 Primum
806 1302 995 1373 igitur,
1029 1313 1305 1374 quatenus
1335 1317 1627 1376 utrumque
1665 1307 1975 1362 substantia
2004 1317 2109 1374 est,

2213 1303 2394 1355 τοίνυν
2425 1303 2636 1373 πρῶτον
2661 1303 2922 1373 ἑκάτερον
2945 1302 3126 1362 οὐσία,
3163 1301 3338 1371 δῆλον,
3358 1301 3434 1364 ὡς
3462 1301 3793 1372 ὁμονοοῦντα

535 1393 892 1462 perspicuum
937 1404 1040 1458 est,
1092 1397 1388 1452 convenire
1417 1397 1561 1451 inter
1607 1413 1687 1460 se,
1745 1405 1800 1453 et
1844 1415 1954 1453 non
1989 1415 2112 1455 esse

2215 1395 2311 1449 atati.
2342 1397 2440 1448 οὐκ
2469 1395 2716 1449 ἐναντία·
2742 1395 2931 1448 ἔπειτα
2967 1395 3082 1459 ζῶα
3109 1395 3300 1463 ἄμφω·
3334 1394 3468 1464 πρὸς
3501 1393 3558 1446 δὲ
3583 1393 3799 1457 τούτοις

534 1485 834 1538 contraria.
885 1484 1091 1540 Deinde
1138 1487 1299 1540 ambo
1344 1495 1472 1540 sunt
1519 1487 1799 1551 animalia,
1848 1497 2110 1558 praterea

2215 1488 2411 1558 ἐπίσης
2439 1488 2724 1558 ἁγέννητα.
2762 1482 2860 1540 ’Ὧν
2889 1487 2946 1540 δέ
2976 1485 3046 1539 τὰ
3079 1485 3216 1539 αὐτὰ
3240 1487 3497 1557 ὀνόματα,
3533 1487 3626 1539 καὶ
3651 1486 3797 1558 αὐτὴ

534 1575 820 1643 aequaliter
844 1575 1106 1645 ingenita.
1138 1576 1381 1643 Quorum
1410 1585 1591 1633 autem
1623 1578 1813 1634 eadem
1857 1592 1985 1635 sunt
2013 1597 2112 1635 no-

2217 1579 2532 1650 ὑπογραφὴ,
2570 1578 2774 1632 τούτων
2818 1577 2937 1640 πῶς
2963 1580 2996 1647 ἠ
3025 1577 3182 1630 οὐσία
3219 1578 3498 1648 μαχομένη
3522 1578 3615 1630 καὶ
3638 1580 3796 1632 ἐναν-

535 1668 709 1729 mina,
749 1674 804 1722 et
833 1669 1020 1723 eadem
1061 1667 1378 1738 descriptio,
1421 1669 1615 1724 horum
1643 1670 1948 1726 substantia
1977 1689 2113 1742 quo-

2215 1673 2339 1736 τία;
2382 1673 2625 1738 καίτοιγε
2656 1671 2723 1724 τὰ
2755 1671 2995 1740 ὀνόματα
3025 1670 3134 1723 τῶν
3181 1670 3517 1741 πραγμάτων
3541 1671 3658 1722 ἐστὶ
3690 1689 3791 1742 ση-

536 1756 702 1810 modo
725 1759 1004 1812 contraria
1037 1768 1132 1814 aut
1165 1776 1415 1831 pugnans
1441 1776 1563 1816 esse
1586 1763 1802 1832 potest?
1833 1761 2111 1832 Siquidem

2221 1765 2479 1836 μαντικά·
2508 1765 2802 1834 κατηγορεῖ
2820 1762 2928 1833 γὰρ
2949 1761 3178 1815 ἑκάστου
3204 1761 3264 1813 τὸ
3289 1761 3342 1814 τί
3365 1763 3510 1814 ἐστιν
3534 1761 3790 1825 ἕκαστον,

537 1851 760 1902 nomina
812 1866 903 1906 res
951 1851 1263 1921 signiﬁcant
1292 1854 1532 1908 :dicitur
1579 1856 1725 1910 enim
1760 1855 1828 1910 de
1869 1871 2117 1925 unoquo-

2216 1857 2292 1920 ὠς
2345 1855 2643 1926 ἐνδέχεται·
2676 1855 3011 1926 γνωρίζομεν
3056 1855 3254 1917 τοίνυν,
3311 1855 3385 1918 ὡς
3417 1854 3645 1924 δύναμις
3674 1857 3794 1918 τοῖς

537 1955 644 2010 que
669 1941 813 2007 quod
853 1943 1281 2013 unumquodque
1307 1952 1411 2008 est,
1449 1953 1509 1998 ut
1541 1961 1663 2001 esse
1693 1953 1895 2014 potest.
1927 1944 2114 2014 ltaque

2213 1950 2440 2020 ὀνόμασι
2465 1948 2534 2002 τὰ
2577 1949 2891 2019 πράγματα.
2932 1949 3054 2019 ’Ἆρ’
3088 1943 3180 2001 οὖν
3211 1947 3467 2018 ἑκάτερον
3501 1946 3606 2001 τῶν
3636 1947 3794 2018 παρὰ

537 2029 925 2098 cognoscimus
977 2032 1086 2084 vim
1141 2031 1424 2086 nominum
1467 2048 1590 2088 esse
1642 2050 1754 2089 res.
1813 2032 2115 2103 Utrumque

2211 2042 2290 2112 τῷ
2321 2041 2557 2095 Μάνεντι
2584 2040 2949 2111 νομιζομένων
2979 2041 3235 2094 ἐναντίων
3261 2039 3414 2094 οὐσία
3436 2037 3585 2102 ζῶσά
3603 2056 3659 2090 τε
3690 2039 3791 2092 καὶ

538 2122 706 2190 igitur
725 2138 915 2178 eorum
955 2140 1076 2195 quae
1104 2124 1436 2181 Manichacus
1465 2126 1744 2181 contraria
1776 2134 1949 2196 putat,
1985 2127 2115 2182 sub-

2215 2134 2504 2204 ἁγέννητος
2535 2132 2891 2202 ὀνομάζεται·
2917 2131 3157 2202 εὐὸηλον,
3192 2133 3267 2195 ὡς
3287 2133 3351 2185 ἐκ
3373 2129 3660 2202 βαρϐάρων
3685 2130 3791 2200 τὴν

538 2215 742 2268 stantia
769 2215 960 2270 vivens
989 2223 1040 2268 et
1075 2214 1314 2285 ingenita
1361 2216 1706 2282 nominatur;
1741 2215 2114 2270 manifestum-

2214 2228 2387 2299 ἀρχὴν
2431 2228 2531 2296 τῆς
2587 2226 2843 2296 τοιαύτης
2896 2225 3164 2296 λαϐούσης
3211 2223 3437 2294 πλάνης,
3467 2222 3789 2293 διέφθαρται

535 2321 642 2375 que
674 2313 778 2368 est,
809 2321 933 2360 cum
963 2308 1086 2362 talis
1112 2323 1266 2361 error
1294 2308 1621 2377 principium
1651 2308 1814 2362 ducat
1846 2324 1876 2362 a
1917 2309 2116 2363 barba-

2220 2319 2348 2391 παρ’
2376 2319 2560 2380 αὐτοῖς
2594 2315 2702 2392 τῶν
2734 2316 2926 2370 κοινῶν
2981 2315 3199 2369 ἐννοιῶν
3231 2316 3264 2386 ή
3308 2313 3626 2367 ἀκολουθία·
3669 2311 3791 2365 ὁλό-

536 2399 634 2462 ris,
666 2414 788 2455 esse
814 2399 977 2453 etiam
1013 2399 1153 2469 apud
1184 2414 1280 2455 eos
1308 2401 1578 2454 sublatam
1607 2402 1979 2455 communium
2013 2416 2113 2454 no-

2217 2409 2414 2480 κληρος
2467 2406 2576 2478 γὰρ
2608 2407 2703 2460 καὶ
2751 2407 2784 2476 ἡ
2827 2405 2963 2474 αὐτὴ
3005 2404 3200 2474 ἐπίσης
3243 2403 3496 2472 τυγχάνει
3526 2400 3789 2472 ἐκατέρου

535 2489 750 2543 tionum
813 2491 1261 2545 consecutionem
1297 2509 1310 2545 :
1343 2492 1556 2561 integra
1603 2492 1750 2547 enim
1805 2501 1970 2562 atque
2024 2507 2109 2546 ea-

2214 2498 2526 2570 ὑπογραφὴ,
2557 2496 2616 2549 οὐ
2649 2495 2806 2566 μόνον
2836 2495 3204 2565 ἐναντιότητος
3231 2494 3408 2547 πᾶσαν
3437 2491 3670 2560 ὑποψίαν
3698 2490 3789 2554 ἐξ·

535 2582 660 2634 dem
705 2588 792 2636 est
827 2581 1114 2650 utriusque
1152 2597 1218 2634 ex
1257 2597 1412 2651 aequo
1461 2582 1779 2652 descriptio,
1833 2599 1954 2653 qua:
2000 2597 2110 2636 non

2213 2589 2489 2661 ορίζουσα,
2551 2589 2667 2644 ἀλλ’
2690 2588 2812 2642 οὐτε
2857 2585 3118 2658 διαφοράν
3171 2603 3292 2640 τινα
3337 2581 3691 2656 συγχωροῦσα
3731 2581 3788 2635 ιν

537 2670 700 2725 modo
721 2687 936 2727 omnem
971 2673 1373 2728 contrariorum
1415 2675 1783 2745 suspicionem
1814 2675 1985 2745 ejicit,
2019 2674 2114 2730 sed

1483 2675 1783 2745 spicionem
1814 2675 1985 2745 ejicit,
2019 2674 2114 2730 sed
2215 2685 2333 2746 τοῖς
2362 2680 2779 2754 ὀνομαζομένοις
2803 2679 3088 2752 ὑπάρχειν.

537 2777 716 2830 neque
744 2763 1112 2818 dill'erentiam
1154 2766 1316 2819 ullam
1351 2767 1405 2820 in
1436 2767 1503 2822 iis
1535 2783 1655 2838 quae
1680 2767 1962 2822 nominant
1993 2783 2118 2824 esse

536 2855 825 2925 permittit.

1144 2977 1274 3033 Csr.
1313 2979 1403 3032 IX.
1448 2975 1845 3051 Principiorum
1871 2983 2155 3052 qualitates
2176 2981 2476 3035 contrariae.
2519 2979 2584 3033 In
2613 2979 2718 3032 Deo
2747 2977 2896 3032 nulla
2922 2975 3175 3048 qualitas.

609 3085 776 3142 Aiunt
817 3097 1000 3144 autem
1037 3089 1325 3147 Maniehtei
1369 3095 1592 3149 asseclaa
1630 3094 1735 3149 hoc
1757 3092 1979 3165 quidem
2019 3095 2112 3149 bo-

2283 3095 2420 3147 Φασὶ
2445 3092 2502 3145 δέ
2523 3093 2582 3146 τὸ
2607 3092 2703 3162 μὲν
2725 3089 2948 3158 ἀγαθὸν,
2978 3089 3039 3141 τὸ
3071 3087 3128 3140 δέ
3157 3084 3344 3150 κακὸν,
3364 3082 3463 3144 τὰς
3497 3080 3783 3150 ποιότητας

535 3195 694 3243 num,
737 3181 873 3236 illud
920 3198 1050 3237 vero
1098 3185 1654 3258 malum;qualitates
1691 3186 1948 3242 videlicet
1986 3196 2140 3243 ante.

2176 3175 2182 3225 ί
2215 3187 2374 3239 οἱονεὶ
2401 3185 2507 3257 πρὸ
2537 3183 2636 3253 τῆς
2656 3181 2842 3243 οὐσίας
2875 3177 3326 3249 ἐκλαμϐάνοντες,
3361 3175 3410 3227 οἱ
3443 3171 3521 3243 τῷ
3550 3171 3781 3226 Μάνεντι

539 3271 909 3328 substantiam
944 3275 1314 3347 intelligentes
1342 3297 1356 3333 :
1381 3279 1663 3333 nominata
1689 3280 1834 3334 enim
1856 3279 2109 3335 similiter

2220 3278 2595 3350 συντρέχοντες
2619 3293 2633 3306 ·
2671 3274 2774 3344 τῆς
2811 3272 2918 3344 γὰρ
2955 3270 3140 3334 οὐσίας
3181 3268 3382 3340 ὁμοίως
3409 3267 3493 3334 ἐφ’
3525 3264 3781 3335 ἐκατέρου

540 3365 596 3418 in
636 3373 872 3436 utroque
901 3369 1210 3424 substantia
1244 3369 1394 3440 (sunt
1425 3371 1568 3424 enim
1603 3372 1763 3426 ambo
1803 3372 2108 3426 substantia

2215 3367 2617 3438 ὀνομαζομένης
2677 3363 2866 3436 (οὐσία
2913 3360 3022 3432 γὰρ
3069 3358 3221 3422 ζῶσά
3249 3375 3309 3409 τε
3367 3357 3455 3409 καὶ
3490 3354 3779 3424 ἀγέννητος

539 3457 727 3512 vivens
777 3467 831 3514 et
885 3460 1152 3533 ingenita)
1219 3477 1624 3532 supervacanea
1682 3471 1799 3530 est;
1853 3464 2110 3535 deinceps

2214 3459 2435 3529 ἄμφω),
2459 3455 2685 3527 περιττὴ
2721 3453 2903 3506 λοιπὸν
2932 3451 3030 3522 τῆς
3055 3450 3214 3503 οἱονεὶ
3245 3447 3518 3518 ποιότητος
3549 3445 3584 3515 ἡ
3627 3443 3779 3496 ἐναν-

541 3556 670 3605 sunt
693 3551 860 3605 veluti
891 3552 1188 3621 qualitates
1222 3554 1514 3610 contrariae
1538 3574 1550 3608 :
1576 3554 1680 3609 etsi
1707 3556 1851 3608 enim
1880 3571 1990 3609 non
2016 3533 2110 3612 de-

2215 3548 2544 3619 τιότης(4⁶)’
2564 3548 2614 3599 εἰ
2644 3546 2752 3617 γὰρ
2774 3545 2866 3598 καὶ
2898 3543 2972 3615 μὴ
3001 3541 3230 3614 ἁρμόζει
3263 3540 3355 3594 ἐπὶ
3373 3536 3506 3591 Θεοῦ
3527 3535 3781 3606 ποιότητα

540 3649 628 3696 cet
657 3643 940 3700 nominare
973 3647 1026 3699 in
1065 3644 1177 3702 Deo
1203 3647 1544 3716 qualitatem.
1587 3662 1710 3702 esse
1744 3657 1922 3702 tamen
1958 3649 2109 3719 prius

2215 3640 2517 3712 ὀνομάζειν,
2569 3637 2703 3691 ἀλλά
2729 3653 2792 3703 γε
2829 3637 2896 3707 τῇ
2943 3635 3120 3706 ἐννοίᾳ
3169 3632 3368 3703 τρόπον
3403 3630 3524 3682 τινὰ
3557 3627 3617 3681 τὸ
3645 3622 3779 3680 εἶναι

540 3733 940 3802 quodammodo
995 3743 1080 3792 est
1136 3738 1487 3806 cogitatione,
1537 3755 1700 3808 quam
1758 3740 1917 3792 talem
1956 3755 2105 3805 esse;

2215 3733 2308 3786 τοῦ
2331 3731 2530 3784 τοιόνδε
2561 3726 2697 3782 εἷναι
2739 3727 3084 3798 προτερεύειο
3107 3725 3169 3778 τὸ
3209 3724 3263 3776 δέ
3291 3719 3425 3775 εἶναι
3463 3719 3777 3790 σημαίνεται

542 3825 849 3880 substantia
891 3836 1072 3882 autem
1127 3828 1489 3899 significatur,
1553 3846 1676 3885 cum
1735 3831 1936 3885 dicitur
1982 3833 2110 3886 sub-

2214 3823 2314 3893 τῷ,
2372 3821 2530 3875 οὐσία
2575 3819 2724 3884 ζῶσά
2779 3834 2837 3869 τε
2900 3817 2992 3870 καὶ
3049 3815 3360 3884 ἀγέννητος.
3419 3811 3566 3882 Πλὴν
3615 3811 3664 3862 εί
3708 3809 3776 3879 μὴ

540 3918 743 3973 stantia
785 3919 976 3974 vivens
1008 3930 1063 3974 et
1108 3921 1371 3992 ingenita.
1420 3922 1790 3994 Praeterquam
1838 3925 1884 3980 si
1925 3925 2109 3979 dicant

2217 3916 2320 3969 ἴδια
2362 3917 2516 3983 φαῖεν
2558 3911 2924 3982 ἐπισυμϐῆναι
2955 3908 3024 3962 τὰ
3057 3908 3270 3961 ἐναντία
3311 3905 3619 3976 ἑκατέροις,
3649 3904 3777 3973 ὅπερ

539 4012 760 4080 propria
784 4013 1033 4068 accidere
1068 4015 1334 4071 ambobus
1371 4017 1669 4084 contraria,
1705 4018 1849 4087 quod
1878 4027 1961 4073 est
1987 4034 2107 4072 om-

2215 4010 2330 4063 ἐστὶ
2404 4008 2620 4061 πάντων
2682 4003 3033 4074 ἀνοητότερον
3063 4017 3079 4033 ο
3137 4000 3412 4068 ἀγεννήτῳ
3465 3996 3571 4068 γὰρ
3632 3993 3774 4046 οὐδὲν

541 4102 692 4155 nium
738 4106 1146 4170 stultissimum,
1202 4109 1446 4178 ingenito
1491 4109 1635 4163 enim
1686 4111 1822 4163 nihil
1877 4111 2103 4175 accidit;

2215 4099 2625 4171 ἐπισυμὸαίνει·
2695 4091 2738 4165 ᾧ
2801 4097 2910 4168 γὰρ
2974 4095 3035 4148 τὸ
3106 4089 3244 4146 εἶναι
3311 4090 3386 4162 μὴ
3454 4086 3769 4154 ἐπισυνέϐη,

540 4192 628 4245 cui
651 4193 796 4246 enim
833 4210 942 4249 non
975 4197 1188 4251 accidat
1217 4214 1361 4261 esse,
1395 4199 1522 4252 huic
1562 4215 1738 4270 neque
1775 4201 1959 4257 taliter
1988 4217 2108 4272 esse

2213 4193 2386 4262 τούτῳ
2435 4192 2552 4245 οὐδέ
2591 4191 2650 4245 τὸ
2703 4188 2925 4243 τοιῶσδε
2964 4182 3120 4240 εἶναι.
3183 4187 3246 4237 Ὃ
3284 4184 3356 4255 μὴ
3391 4183 3498 4253 εἴη,
3531 4181 3631 4234 οὐκ
3664 4180 3775 4231 ἐπι-

538 4277 820 4332 acciderit.
851 4280 1007 4346 Quod
1043 4297 1152 4336 non
1180 4290 1286 4349 est,
1310 4297 1420 4337 non
1448 4285 1670 4340 accidit.

912 4281 1007 4334 mod
1043 4297 1152 4336 non
1180 4290 1286 4349 est,
1310 4297 1420 4337 non
1448 4285 1670 4340 accidit.
2215 4287 2517 4355 συμϐαίνει.

609 4368 915 4436 Qualitates
951 4371 1117 4442 igitur
1159 4374 1466 4428 contrarias
1507 4375 1634 4431 licet
1666 4378 1718 4431 in
1762 4378 1927 4434 rebus
1956 4379 2107 4432 inve-

2283 4376 2585 4448 Ποιοσήτων
2616 4376 2714 4446 μὲν
2739 4370 2831 4428 οὖν
2860 4369 3208 4442 ἐναντιότητά
3229 4369 3375 4420 ἐστιν
3407 4366 3464 4418 ἐν
3492 4366 3604 4427 τοῖς
3632 4358 3773 4415 αἷσιν

537 4462 679 4528 nire,
711 4462 1050 4518 substantias
1082 4479 1212 4518 vero
1241 4481 1585 4536 nequaquam
1616 4487 1628 4522 :
1670 4468 1850 4522 album
1877 4469 2020 4524 enim
2054 4479 2106 4524 et
2141 4530 2142 4534 η

2168 4528 2178 4538 _
2213 4469 2412 4538 εὑρεῖν,
2439 4468 2622 4531 οὐσίας
2664 4467 2720 4520 δὲ
2769 4463 3037 4537 οὐδαμοῦ·
3081 4463 3271 4516 λευκὸν
3286 4449 3406 4530 ’γὰρ
3444 4456 3580 4528 πρὸς
3617 4453 3773 4525 μέλαν

537 4555 752 4625 nigrum
781 4557 1057 4612 contraria
1081 4567 1229 4623 sunt,
1252 4568 1543 4630 utrumque
1574 4560 1628 4614 in
1660 4577 1887 4631 corpore
1916 4563 2104 4616 eadem
2139 4574 2142 4581 ‘

2165 4527 2185 4582 )
2212 4525 2468 4623 ἐναντίως
2496 4525 2640 4630 ἕχει-ο
2691 4525 2948 4629 ἑκάτερον
2982 4557 3037 4609 δέ
3077 4558 3135 4608 ἐν
3170 4525 3386 4624 σώματι.
3409 4525 3668 4621 τεῇ-αὐτοῦ
3700 4545 3770 4614 (5)

535 4647 876 4714 substantia;
917 4659 1045 4704 sunt
1076 4659 1255 4706 autem
1298 4651 1426 4705 talia
1469 4655 1666 4721 partim
1715 4654 1986 4707 contraria
2023 4654 2108 4707 in-

2209 4653 2403 4722 οὐσίᾳ·
2472 4650 2584 4722 ἕχει
2646 4651 2828 4722 μέντοι
2889 4649 3050 4713 αὐτὰ,
3105 4646 3181 4719 πὴ
3228 4645 3327 4717 μὲν
3363 4643 3620 4704 ἐναντίως
3645 4638 3772 4710 πρὸς

536 4747 620 4795 ter
644 4755 724 4802 se,
757 4741 954 4811 partim
984 4758 1094 4798 non
1123 4745 1425 4801 contraria.
1460 4743 1696 4799 Primum
1721 4759 1955 4813 namque
1977 4746 2106 4800 sub-

2210 4745 2432 4816 ἄλληλα,
2473 4743 2548 4815 πὴ
2575 4743 2631 4796 δέ
2663 4743 2762 4796 οὐκ
2804 4741 3080 4805 ἐναντίως.
3126 4738 3344 4810 Πρῶτον
3394 4736 3489 4804 μέν
3534 4733 3643 4804 γὰρ
3688 4729 3770 4799 ὐφ’

537 4839 621 4886 ῑει·
667 4848 833 4887 unum
873 4850 1044 4905 genus
1098 4844 1264 4903 sunt;
1303 4845 1534 4905 utraque
1584 4836 1730 4892 enim
1767 4844 1895 4890 sunt
1931 4838 2102 4892 color.

2210 4837 2267 4888 ἐν
2312 4835 2465 4905 γένος
2524 4836 2662 4898 ἐστὶ,
2690 4833 2886 4904 χρῶμα
2907 4832 3014 4902 γὰρ
3063 4830 3325 4899 ἑκάτεραι
3360 4827 3571 4888 ἔπειτα,
3603 4825 3651 4877 εί
3685 4823 3771 4876 καὶ

535 4924 746 4982 Deinde
782 4928 886 4982 etsi
920 4929 1200 4983 contraria
1243 4943 1369 4984 esse
1414 4927 1690 4990 videntur,
1727 4935 1907 4982 tamen
1948 4942 2106 4998 aspe-

2211 4929 2428 4983 ἐναντία
2459 4923 2598 4981 εἶναι
2623 4926 2788 4989 δοκεῖ,
2828 4925 2963 4978 ἀλλά
2992 4942 3054 4993 γε
3086 4925 3151 4994 τῇ
3185 4922 3302 4992 ὄψει
3330 4919 3589 4982 ποικίλως
3619 4932 3771 4989 προσ-

537 5025 685 5072 ctum
710 5018 860 5073 varie
878 5018 1170 5083 delectant,
1205 5028 1460 5074 neutrum
1494 5020 1636 5074 enim
1668 5019 1886 5084 illorum
1919 5019 2108 5074 immo-

2208 5021 2330 5089 ἀγει
2361 5022 2458 5092 τὴν
2482 5019 2778 5073 ἀπόλαυσιν
2803 5036 2815 5049 ·
2841 5017 3119 5087 οὐδέτερον
3146 5015 3254 5085 γὰρ
3294 5015 3476 5068 αὐτοῖν
3501 5014 3566 5081 τῇ
3601 5012 3771 5078 ἀσυμ-

537 5109 817 5164 deratione
843 5109 991 5163 hunc
1022 5110 1265 5164 oﬂ‘endit.
1294 5112 1406 5166 lmo
1434 5111 1598 5166 etiam
1631 5110 1804 5165 virtus
1831 5119 1885 5165 et
1915 5109 2104 5164 vitium

2212 5113 2408 5184 μετρίᾳ.
2451 5111 2609 5164 λυπεῖ
2665 5110 2900 5180 ταύτην·
2929 5107 3062 5162 ἀλλὰ
3108 5108 3200 5160 καὶ
3233 5107 3334 5177 ἠδη
3377 5105 3543 5174 ἀρετή
3581 5117 3641 5154 τε
3682 5097 3770 5152 καί

539 5202 593 5254 in
620 5203 840 5268 anima;
876 5210 1040 5272 atque
1073 5201 1187 5256 haec
1209 5201 1427 5270 quidem
1461 5201 1759 5267 contraria,
1795 5217 1902 5255 non
1928 5201 2104 5257 solum

2209 5204 2374 5258 κακία
2399 5207 2455 5257 ἐν
2488 5204 2656 5275 ψυχῇ,
2685 5204 2760 5266 ὡς
2787 5202 3004 5255 ἐναντία
3047 5201 3144 5272 μὲν
3176 5198 3270 5252 καὶ
3303 5196 3493 5256 ταῦτα,
3523 5193 3583 5246 οὐ
3617 5193 3768 5264 μόνον

538 5295 592 5347 in
623 5294 812 5349 eadem
848 5294 1180 5356 substantia,
1230 5293 1326 5347 sed
1357 5295 1414 5347 in
1445 5308 1555 5348 uno
1589 5309 1786 5364 genere
1819 5293 2108 5347 nominan-

2207 5297 2264 5351 δέ
2295 5298 2352 5349 ἐν
2372 5299 2437 5367 τῇ
2462 5297 2599 5366 αὐτῇ
2618 5295 2794 5365 οὐσία,
2831 5294 2965 5347 ἀλλὰ
3006 5294 3098 5348 καὶ¹
3137 5293 3193 5345 ἐν
3220 5290 3300 5345 ἐνὶ
3331 5289 3477 5358 γένει
3503 5301 3767 5358 προσαγοο

539 5395 662 5440 tur:
697 5395 990 5455 utrumque
1022 5385 1167 5440 enim
1201 5392 1285 5439 est
1314 5385 1555 5444 habitus.
1584 5401 1703 5455 quae
1727 5392 1987 5454 tanquam
2019 5400 2105 5438 ac-

2213 5388 2426 5459 ρεὺεται
2447 5403 2460 5416 ·
2492 5386 2603 5451 agt;
2644 5385 2751 5456 γάρ
2807 5386 3043 5458 ἑκάτερα
3064 5425 3078 5446 ,
3105 5382 3261 5436 ἆτινα
3297 5381 3392 5435 καὶ
3421 5377 3497 5441 ὼς
3537 5379 3765 5444 ἐπισυμ-

537 5477 771 5533 (fidentia
821 5480 1010 5533 insunt
1054 5479 1108 5532 in
1150 5478 1330 5531 anima
1372 5493 1402 5530 a
1435 5494 1541 5547 qua
1599 5481 1790 5533 abesse
1837 5485 2099 5547 possunt;

2210 5477 2460 5530 ϐαίνοντα
2499 5476 2643 5546 ψυχῇ
2683 5475 3006 5544 ἐνυπάρχει·
3063 5473 3181 5526 ὅθεν
3217 5473 3310 5523 καὶ
3349 5463 3767 5536 ἀποσυμϐαίνειν

537 5571 714 5624 anima
749 5571 803 5625 in
832 5587 939 5641 qua
983 5571 1097 5624 haec
1139 5578 1286 5634 sunt,
1323 5571 1457 5626 alias
1497 5571 1652 5624 aliter
1675 5570 1865 5626 allecta
1913 5578 1966 5624 et
1992 5567 2104 5624 dis-

2206 5568 2474 5638 ἐνδέχεται
2506 5567 2622 5638 τῆς,
2644 5567 2701 5618 ἐν
2803 5562 3116 5625 ἐστιταῦτα,
3153 5562 3336 5617 ἄλλοτε
3375 5557 3549 5619 ἄλλως
3577 5555 3768 5607 διακει-

607 5723 1366 5866 ἕζιῆἐνὲζῖέ
1390 5726 1694 5800 Basnagius
1726 5726 1805 5781 sic
1839 5725 2054 5783 reddit;
2084 5722 2481 5795 Supervacanea
2505 5734 2580 5778 est
2604 5723 2976 5787 contrarietas,
2997 5737 3111 5790 qum
3136 5720 3265 5790 ipsis
3289 5719 3492 5772 inestut
3516 5709 3762 5782 qualitas.

615 5849 623 5862 ,
865 5835 895 5862 .,
975 5850 985 5865 ,
1141 5837 1185 5866 ,.
1371 5836 1384 5851 .

615 5835 682 5862 ‘4',
713 5835 732 5846 -
759 5835 895 5862 III-‘1,
944 5835 999 5865 τι,
1031 5835 1185 5866 νιν-η.
1229 5835 1384 5854 μυιιί
