4064 6290
331 362 370 417 Ξ
383 359 482 416 081

1425 370 1795 428 ADVERSUS
1835 370 2253 428 MAMCHIEOS
2283 371 2410 427 LIB.
2451 373 2496 427 1.

3442 375 3463 428 1
3473 374 3587 432 08Ξ

334 486 552 558 μένης⁸
581 485 656 552 ὡς
696 482 835 541 εἶναι
887 489 1064 560 δῆλον,
1099 492 1173 556 ὡς
1221 495 1249 546 ό
1288 493 1386 563 μὲν
1420 495 1558 566 περὶ
1595 496 1694 566 τῆς
1720 496 1893 560 οὐσίας

2009 497 2186 567 posita
2224 516 2236 550 :
2282 505 2344 550 ut
2369 498 2602 568 liqueat,
2636 496 2783 551 aliud
2815 512 2936 553 esse
2975 497 3042 552 de
3070 497 3376 552 substantia
3406 498 3578 570 loqui,

326 576 499 648 λόγος
547 578 870 650 ἀφώρισται,
902 581 932 633 ό
959 582 1015 635 δὲ
1064 586 1188 654 περὶ
1224 584 1330 637 τῶν
1377 585 1548 657 ταύτῃ
1581 587 1904 657 ὲπισυμϐαι-

326 669 540 723 νόντων
566 669 754 742 ἕτερος
784 674 1059 742 τυγχάνει.

415 761 605 815 Καίτοι
646 763 708 816 τὸ
746 764 848 835 μὲν
887 765 1078 820 λευκόν
1113 785 1174 820 τε
1202 769 1294 822 καὶ
1329 769 1494 840 μέλαν
1531 769 1676 822 ἐστιν
1698 771 1784 823 ὅτε
1814 770 1908 823 καὶ

326 853 416 916 ὡς
444 852 721 925 ἀχώριστα
765 858 1061 930 ἐνυπάρχει
1087 863 1198 924 τοῖς
1247 863 1304 913 ἐν
1336 855 1416 925 οἷς
1448 865 1595 915 ἐστι’
1626 863 1718 916 καὶ
1759 861 1908 934 ὅμως

324 946 515 1010 οὐδεὶς
559 947 776 1002 πώποτε
816 951 925 1004 ἀπὸ
961 952 1161 1006 τούτων
1189 952 1468 1024 ὠνόμακεν
1497 956 1698 1020 ἐκεῖνα,
1740 957 1796 1008 ἐν
1827 949 1909 1017 οἷς

326 1035 455 1088 ἐστι
515 1036 716 1090 ταῦτα·
757 1039 932 1103 οὐδεὶς
987 1041 1116 1111 γάρ,
1168 1041 1399 1112 θελήσας
1455 1044 1594 1112 γάλα
1632 1045 1905 1115 σημῆναι,

325 1128 460 1198 οὐχὶ
486 1129 685 1200 μᾶλλον
718 1131 823 1202 πρὸ
851 1131 946 1186 τοῦ
970 1134 1111 1187 κατὰ
1135 1133 1229 1188 τοῦ
1260 1135 1429 1198 εἴδους
1457 1137 1556 1206 τῆς
1588 1137 1774 1200 οὐσίας
1795 1137 1911 1190 ὀνό-

334 1236 510 1288 ματος
538 1221 787 1290 κειμένου
829 1224 1202 1294 κατεχρήσατο
1233 1225 1295 1278 τὸ
1319 1225 1420 1296 τῆς
1444 1225 1786 1296 λευκότητος,
1823 1229 1908 1282 ἵνα

331 1310 416 1380 μὴ
445 1309 558 1363 ἀνθ’
590 1311 709 1374 ἐνὸς
764 1311 932 1367 πολλά
980 1315 1265 1386 σημαίνειν
1305 1316 1451 1388 δόξῃ,
1480 1312 1562 1380 οἷς
1587 1319 1906 1389 πρόσεστιν*

328 1402 476 1455 ἀλλά
505 1403 608 1474 μὴν
629 1406 724 1457 καὶ
756 1404 963 1475 κόρακα
990 1405 1051 1459 οὐ
1077 1407 1156 1478 τῷ
1176 1407 1362 1478 μέλανι
1389 1409 1745 1481 σημαίνομεν,
1776 1409 1910 1464 ἀλλά

323 1491 416 1563 τῷ
437 1492 529 1546 τοῦ
572 1493 711 1558 ζώου
753 1497 962 1549 καὶτοῦ
1002 1497 1172 1562 εἴδους
1217 1499 1460 1569 ὀνόματι.
1492 1496 1660 1556 Δῦται
1690 1503 1786 1572 μὲν
1816 1499 1909 1556 οὖν

322 1584 433 1637 καὶ
486 1583 733 1640 τοιαῦται
787 1586 1078 1658 ἀχώριστοι
1132 1589 1443 1661 ποιότητες·
1497 1592 1666 1662 ἀρετὴ
1721 1592 1778 1646 δέ
1816 1595 1910 1648 καὶ

323 1677 500 1730 κακία
522 1679 578 1730 ἐν
597 1678 738 1750 ψυχῇ
757 1679 863 1733 τῶν
885 1681 1395 1752 ὲπισυμὸαινουσῶν
1405 1684 1706 1753 ποιοτήτων
1726 1685 1862 1736 εἰσίν
1889 1699 1904 1712 ·

321 1769 410 1832 ὡς
449 1770 646 1838 μᾶλλον
678 1773 975 1843 προσήκειν
1010 1773 1272 1843 μηδαμῶς
1299 1773 1407 1826 ἀπὸ
1456 1772 1659 1826 τούτων
1691 1772 1787 1844 τὴν
1813 1774 1904 1826 οὐ-

2018 589 2162 643 aliud
2190 589 2256 643 de
2278 591 2349 644 iis
2378 605 2499 660 quae
2538 590 2858 646 substantiae
2891 590 3163 643 accidunt.

2081 765 2244 835 Atqui
2276 766 2334 820 ﬁt
2361 766 2676 837 aliquando,
2716 777 2777 823 ut
2807 769 2988 823 album
3022 769 3240 839 quidem
3273 778 3329 824 et
3360 771 3580 842 nigrum

2014 853 2208 909 abesse
2245 869 2356 909 non
2395 857 2608 926 possint
2637 857 2706 911 ab
2745 858 2813 913 iis
2843 858 2897 912 in
2927 858 3127 928 quibus
3169 859 3387 926 insunt;
3418 877 3578 917 nemo

2013 955 2195 1000 tamen
2238 947 2309 1003 ab
2337 948 2422 1003 bis
2450 965 2691 1020 unquam
2722 951 2816 1005 illa
2844 952 2898 1005 in
2930 953 3133 1022 quibus
3164 953 3279 1006 bazc
3298 961 3446 1018 sunt,
3476 970 3585 1009 no-

2015 1039 2244 1092 minavit
2277 1059 2288 1093 :
2320 1040 2505 1094 nullus
2548 1041 2691 1095 enim
2739 1057 2862 1096 cum
2890 1044 3063 1096 voluit
3104 1042 3409 1114 signiﬁcare
3455 1045 3574 1114 lac,

2016 1131 2202 1199 potius
2233 1132 2453 1186 nomine
2491 1133 2599 1187 albi
2635 1134 2855 1200 abusus;
2875 1141 2958 1188 est
2987 1149 3149 1205 quam
3185 1151 3317 1190 usus
3359 1137 3588 1193 nomine

2009 1223 2334 1278 substantia:
2365 1224 2619 1294 imposito
2647 1225 2878 1295 speciei;
2926 1240 2992 1279 ne
3026 1240 3126 1295 pro
3169 1241 3278 1280 uno
3306 1227 3473 1281 multa
3499 1228 3582 1282 si-

2007 1313 2269 1382 gniﬁcare
2314 1313 2585 1378 videatur,
2610 1315 2810 1385 quibus
2846 1315 2988 1369 inest
3027 1315 3184 1370 albus
3229 1315 3381 1369 color
3406 1335 3420 1371 :
3443 1319 3583 1386 quin

2010 1403 2177 1456 etiam
2219 1417 2446 1456 corvum
2487 1419 2595 1457 non
2631 1403 2976 1459 declaramus
3017 1404 3237 1460 nomine
3273 1406 3438 1476 nigri,
3480 1406 3580 1462 sed

2009 1487 2230 1542 nomine
2263 1487 2381 1542 avis
2427 1497 2481 1543 et
2527 1489 2749 1559 speciei.
2798 1488 2892 1544 Hae
2934 1490 3099 1560 igitur
3151 1499 3208 1546 et
3262 1493 3580 1562 hujusmodi

2009 1577 2305 1645 qualitates
2357 1577 2748 1648 inseparabiles
2782 1590 2913 1635 sunt
2937 1599 2950 1634 :
2974 1582 3148 1636 virtus
3199 1590 3378 1638 autem
3415 1593 3471 1640 et
3503 1586 3582 1640 vi-

2005 1667 2141 1721 tium
2175 1669 2230 1723 in
2261 1670 2444 1724 anima
2473 1686 2539 1726 ex
2578 1672 2933 1744 qualitatibus
2954 1688 3076 1744 quae
3108 1673 3382 1739 accidunt,
3412 1685 3572 1744 sunt;

2010 1767 2069 1812 ut
2099 1760 2278 1830 magis
2305 1763 2616 1828 conveniat,
2657 1773 2717 1818 ut
2745 1764 2968 1819 minime
2992 1766 3240 1836 videatur
3267 1767 3575 1824 substantia

321 1856 457 1910 σίαν
493 1857 601 1910 δεῖν
640 1857 734 1911 τοῦ
762 1858 1048 1931 ἀνθρώπου
1083 1861 1522 1934 κατηγορεῖσθαι,
1550 1863 1659 1917 δεῖν
1691 1864 1750 1917 δέ
1782 1864 1893 1917 ταύ-

2009 1851 2246 1908 hominis
2277 1853 2344 1907 ab
2374 1854 2461 1908 bis
2492 1855 2793 1920 nominari;
2842 1856 2937 1911 sed
2990 1865 3244 1928 oportere
3282 1858 3424 1914 hanc
3447 1875 3576 1930 pro-

314 1963 432 2018 την
469 1949 612 2014 ίδίως
638 1951 1018 2020 σημαίνεσθαι.
1054 1953 1239 2016 Οὐδεὶς
1266 1953 1395 2022 γοῦν
1423 1955 1505 2016 τὸ,
1544 1953 1596 2007 τί
1639 1957 1786 2008 ἐστιν
1809 1955 1902 2008 ἄν·

316 2037 570 2108 θρωπος,
621 2041 685 2093 ἐκ
722 2041 822 2109 τῆς
863 2042 1086 2114 ἐνούσης
1128 2043 1205 2114 τῷ
1235 2061 1341 2096 τινι
1379 2045 1576 2109 κακίας
1608 2047 1898 2116 ἐσήμανεν,

312 2128 466 2183 ἀλλά
497 2131 710 2202 πρῶτον
731 2133 828 2200 τῆς
849 2133 1036 2195 οὐσίας
1082 2133 1142 2186 τὸ
1164 2130 1300 2198 εἶδος
1332 2135 1528 2200 εἰπὼν,
1551 2132 1670 2188 εἶτα
1695 2137 1789 2189 καὶ
1814 2137 1896 2202 τὸ,

313 2220 433 2283 τίς,
461 2220 792 2292 προσειπὼν,
821 2220 1044 2293 ὕστερον
1070 2226 1363 2294 κατηγορεῖ
1384 2225 1482 2296 τὴν
1505 2225 1783 2297 ποιότητα.

399 2313 705 2383 Ποιοτήτων
747 2313 846 2383 μὲν
900 2308 1013 2377 οὖν,
1053 2314 1082 2368 ὃ
1110 2313 1397 2385 προλαϐὼν
1427 2312 1598 2383 εἷπον,
1635 2316 1783 2388 εὖροι
1817 2335 1899 2383 τις

318 2404 396 2458 ἂν
425 2405 482 2456 ἐν
511 2406 625 2466 τοῖς
663 2403 1059 2474 ὐποδεόηκόσιν
1096 2405 1445 2479 ἐναντιότητα
1472 2407 1580 2461 τῶν
1606 2408 1705 2478 μὲν
1731 2427 1900 2480 χωρι-

319 2494 492 2557 στῶν,
514 2494 623 2547 τῶν
644 2495 700 2548 δὲ
745 2496 840 2549 καὶ
875 2496 1192 2567 ἀχωρίστων
1222 2514 1236 2527 ·
1271 2498 1364 2550 ἐπὶ
1385 2498 1441 2552 δέ
1469 2497 1561 2552 τοῦ
1591 2499 1724 2553 Θεοῦ
1750 2502 1901 2554 πᾶσα

322 2586 428 2657 μὲν
453 2585 671 2655 ποιότης
694 2584 1033 2656 ἐκὸέόληται,
1068 2586 1250 2658 ἐπειδή
1277 2604 1339 2656 γε
1361 2587 1509 2641 οὐδὲν
1528 2581 1602 2640 ὧν
1631 2588 1896 2656 καλεῖται,

317 2677 412 2730 ἒτε
422 2694 512 2748 ρον
541 2677 669 2748 παρ’
703 2677 866 2730 αὐτόν
883 2693 896 2706 ⁸
920 2659 1124 2742 ἀπλούς
1156 2679 1265 2750 γὰρ
1284 2680 1381 2733 καὶ
1399 2678 1690 2745 ἀσύνθετός
1715 2683 1862 2735 ἐστιν
1881 2699 1896 2714 ο

317 2770 473 2839 ὅμως
516 2770 573 2822 δέ
621 2773 687 2841 τῇ
714 2769 962 2841 twoqu
999 2770 1360 2842 προλαϐόντες
1407 2770 1651 2842 εἴπομεν,
1705 2788 1899 2843 προτε-

324 2860 473 2931 ρεύει
496 2862 555 2914 τὸ
584 2859 719 2916 εἶναι
754 2861 849 2916 τοῦ
875 2862 1072 2917 τοιόνδε
1105 2859 1264 2918 εἶναι.

1996 1946 2113 2015 prie
2154 1947 2486 2017 signiﬁcare.
2515 1948 2684 2004 Nemo
2705 1950 2870 2019 igitur
2904 1952 3035 2022 quid
3063 1959 3148 2008 est
3178 1952 3364 2018 homo,
3397 1969 3464 2009 ex
3488 1955 3578 2009 vi-

1997 2039 2074 2093 tio
2119 2039 2267 2110 quod
2315 2041 2476 2096 alicui
2531 2043 2714 2107 inest,
2776 2043 3197 2113 signiﬁcaverit;
3256 2047 3352 2102 sed
3396 2049 3580 2119 primo

1996 2130 2236 2200 speciem
2267 2131 2590 2187 substantiae
2616 2132 2840 2199 dixerit,
2872 2133 3071 2189 deinde
3096 2134 3221 2205 quis
3259 2135 3334 2190 sit
3359 2137 3570 2208 adjicit,

1997 2230 2183 2294 postea
2219 2223 2542 2293 qualitatem
2574 2224 2628 2278 in
2663 2239 2729 2278 eo
2757 2224 2911 2280 dicit.

2068 2315 2372 2381 Qualitates
2412 2315 2582 2386 igitur
2625 2317 2938 2382 contrariae,
2979 2318 3122 2372 sicut
3158 2326 3285 2374 ante
3327 2318 3465 2384 dixi,
3509 2321 3568 2377 in

1995 2406 2065 2462 iis
2097 2421 2220 2476 quae
2251 2407 2527 2473 accidunt,
2559 2407 2786 2479 reperiri
2833 2416 3067 2478 possunt
3109 2409 3306 2480 partim
3347 2411 3567 2482 quidem

1995 2498 2353 2568 separabiles,
2387 2497 2581 2569 partim
2604 2515 2736 2555 vero
2773 2515 2880 2556 non
2911 2502 3004 2557 :in
3035 2501 3148 2558 Deo
3173 2510 3356 2559 autem
3385 2505 3568 2562 omnis

1995 2588 2234 2658 qualitas
2254 2587 2428 2657 ejecta
2453 2597 2572 2657 est;
2601 2589 3045 2662 quandoquidem
3075 2589 3213 2646 nihil
3233 2607 3424 2648 eorum
3446 2608 3572 2663 quae

1995 2676 2063 2731 de
2104 2692 2170 2733 eo
2198 2677 2482 2746 dicuntur,
2525 2678 2675 2733 aliud
2726 2688 2810 2736 est
2841 2687 3040 2750 praeter
3075 2679 3293 2751 ipsum;
3334 2682 3566 2754 simplex

1998 2770 2144 2825 enim
2193 2780 2278 2828 est
2317 2779 2374 2827 et
2403 2772 2820 2842 compositionis
2858 2789 3088 2844 expers:
3112 2774 3446 2845 cogitatione
3489 2785 3569 2830 ta-

1999 2877 2143 2926 men,
2174 2870 2234 2916 ut
2265 2862 2525 2934 superius
2553 2862 2761 2918 dictum
2793 2869 2898 2928 est,
2934 2864 3089 2935 prius
3123 2873 3208 2921 est
3239 2881 3364 2923 esse
3399 2882 3565 2938 quam

1995 2951 2155 3005 talem
2181 2967 2327 3008 esse.

1179 3037 1306 3093 Car.
1348 3038 1416 3093 Χ.
1457 3037 1575 3091 Duo
1609 3039 1840 3110 ingenita
1868 3055 1971 3094 non
2001 3051 2221 3110 possunt
2244 3057 2357 3097 esse
2386 3043 2658 3097 contraria

391 3154 480 3207 Διό
518 3171 715 3225 φαμεν,
768 3155 1146 3219 ἀναλαὸόντες,
1188 3155 1283 3218 ὡς,
1315 3157 1362 3208 εί
1403 3156 1636 3228 ἑκάτερα
1665 3155 1700 3209 ἃ
1729 3173 1892 3227 φησιν

2065 3157 2426 3229 Quamobrem
2463 3175 2658 3215 rursus
2702 3160 2960 3227 dicimus,
3015 3162 3060 3216 si
3100 3171 3330 3232 utraque
3372 3176 3562 3219 eorum

314 3244 458 3302 εἶναι
491 3249 726 3312 ἐναντία,
773 3235 928 3300 οὐσία
953 3247 1104 3313 ζῶσά
1145 3265 1207 3301 τε
1245 3248 1339 3300 καὶ
1365 3248 1654 3318 ἀγέννητος
1683 3248 1765 3317 (οὐ
1785 3247 1892 3319 γὰρ

312 3340 698 3414 ἀρνηθεῖεν)’ἢ
731 3341 896 3410 ἄμφω
921 3338 1120 3408 ἀγαθὰ,
1141 3339 1226 3392 ἵνα
1259 3337 1457 3409 μᾶλλον
1481 3338 1617 3408 πρὸς
1639 3337 1699 3390 τὸ
1720 3336 1890 3407 εὐφη-

316 3456 419 3510 μον
441 3437 677 3501 εὐσεϐὦς
707 3436 794 3490 διὰ
818 3437 876 3490 τὸ
907 3436 1074 3499 δντως
1117 3433 1175 3488 ὃν
1203 3432 1405 3500 ἀγαθὸν
1439 3435 1531 3486 καὶ
1561 3430 1890 3496 τούναντίον,

310 3530 507 3599 ἔφασιν
525 3529 618 3600 (5⁶)
630 3571 642 3590 ,
655 3528 877 3600 ἕλκηται
891 3529 951 3581 τὸ
972 3526 1229 3599 μηδαμῶς
1248 3526 1305 3579 ὃν
1319 3527 1400 3598 (οὐ
1417 3525 1487 3594 γά
1495 3543 1523 3597 ρ
1539 3524 1888 3596 ἀντιστρέψο-

314 3621 465 3694 μεν),
492 3621 524 3689 ἢ
556 3621 721 3691 ἄμφω
747 3621 892 3674 κακά
910 3639 922 3652 ·
949 3621 1008 3674 τὸ
1039 3621 1146 3691 γὰρ
1185 3620 1476 3690 ἀγέννητον
1506 3618 1720 3680 πάντως
1749 3619 1887 3686 ἀγα-

311 3717 427 3770 θόν.
450 3715 655 3767 Αὐτίκα
683 3715 979 3786 ἀγέννητος
1000 3715 1028 3766 ὁ
1057 3714 1187 3776 Θεὸς
1221 3712 1502 3782 ὑπάρχων,
1533 3706 1640 3781 ἆρα
1666 3709 1798 3762 αὐτὸ
1827 3709 1890 3762 τὸ

313 3808 392 3881 μὴ
425 3806 746 3878 γεννηθῆναι
789 3805 864 3868 ὡς
904 3806 1070 3859 κακὸν
1119 3804 1265 3875 ἔχεις
1315 3801 1598 3872 Οὐδαμῶς,
1661 3801 1775 3854 ἀλλ’
1813 3801 1889 3864 ὼς

309 3897 518 3968 ἀγαθὸν
544 3895 766 3968 δηλαδή.
820 3895 916 3958 Τίς
948 3890 1038 3947 οὖν
1069 3896 1101 3964 ἡ
1141 3892 1540 3962 ἀποκλήρωσις,
1568 3891 1711 3943 τοῦτ’
1755 3891 1887 3944 αὐτὸ

309 3990 545 4063 πρᾶγμά
573 4005 633 4041 τε
689 3991 780 4041 κα)⁵
827 3986 1016 4056 ὄνομα,
1049 3985 1200 4057 παρά
1237 3985 1333 4056 μὲν
1361 3983 1437 4054 τῷ
1479 3983 1595 4054 Θεῷ
1628 3982 1788 4037 καλόν
1824 4001 1885 4036 τε

308 4083 407 4138 καὶ
447 4081 647 4150 ἀγαθὸν
697 4075 855 4142 εἶναι,
892 4077 1043 4153 παρά
1071 4077 1127 4131 δὲ
1149 4079 1214 4148 τῇ
1267 4077 1456 4147 κακίᾳ,
1481 4076 1555 4140 ὥς
1590 4093 1743 4146 φασι,
1764 4078 1886 4129 τού-

307 4176 521 4231 ναντίον
555 4173 752 4239 κακόν;
780 4173 976 4234 Γενεᾶς
1009 4170 1107 4242 μὲν
1131 4170 1237 4242 γὰρ
1261 4168 1508 4240 εὑρεθείη
1534 4168 1598 4221 ἂν
1631 4166 1880 4238 διαφορὰ,

308 4269 539 4337 διαφορά
584 4265 764 4336 μέντοι
809 4265 902 4317 καὶ
941 4263 1038 4317 οὐκ
1095 4260 1786 4331 ἐναντιότης-ἀγεννησίας
1825 4260 1881 4312 δὲ

308 4359 468 4412 ποίαν
483 4375 565 4420 τις
583 4357 648 4410 ἂν
666 4354 1102 4428 εὖροιδιαφοράν,
1123 4349 1159 4423 ἦ
1182 4353 1282 4406 πού
1299 4369 1361 4420 γε
1379 4351 1744 4423 ἐναντιότητα;
1764 4350 1882 4403 Διό⁴

1992 3264 2113 3319 (ιυω
2143 3249 2470 3304 Manichacus
2496 3251 2773 3306 contraria
2806 3267 2945 3316 esse,
2971 3251 3123 3316 dicit,
3151 3254 3456 3308 substantia
3480 3257 3563 3310 vi-

1990 3358 2124 3397 vens
2170 3351 2224 3397 et
2277 3343 2516 3413 ingenita
2553 3352 2718 3409 sunt;
2768 3359 2880 3399 non
2921 3345 3068 3399 enim
3125 3347 3422 3415 negabunt,
3475 3348 3561 3402 vel

1991 3433 2152 3487 ambo
2186 3432 2327 3488 bona
2360 3441 2417 3488 ut
2448 3434 2621 3505 magis
2646 3435 2711 3490 ad
2743 3435 2797 3489 id
2821 3436 2966 3506 quod
2997 3437 3134 3491 bene
3159 3439 3352 3508 pieque
3377 3447 3556 3506 sonat,

1991 3532 2210 3594 propter
2243 3539 2367 3578 vere
2394 3523 2622 3588 bonum,
2657 3525 2835 3594 ipsum
2866 3526 3226 3592 contrarium,
3271 3526 3416 3597 quod
3456 3528 3558 3582 mi-

1989 3613 2135 3668 nime
2159 3621 2262 3677 est,
2305 3614 2589 3682 trahatur;
2627 3631 2735 3669 non
2763 3616 2905 3669 enim
2937 3616 3201 3684 dicemus,
3231 3619 3315 3674 vel
3340 3629 3552 3683 contra,

1987 3705 2033 3760 si
2067 3705 2230 3760 ambo
2277 3706 2454 3760 mala:
2484 3707 2630 3776 quod
2673 3707 2822 3762 enim
2853 3707 3150 3779 ingenitum
3184 3716 3288 3773 est,
3332 3711 3557 3766 omnino

1987 3795 2191 3849 bonum
2242 3803 2346 3850 est.
2393 3795 2670 3852 Continuo
2721 3799 2888 3870 igitur
2931 3797 3076 3855 Deus
3122 3815 3248 3854 cum
3278 3801 3554 3871 ingenitus

1986 3888 2079 3951 sit,
2121 3901 2468 3957 nequaquam
2517 3887 2681 3943 habet
2731 3889 2836 3945 hoc
2874 3890 3054 3960 ipsum
3104 3906 3216 3946 non
3250 3892 3550 3963 ingenitum

1985 3991 2108 4031 esse
2148 3983 2403 4046 tanquam
2450 3979 2675 4045 malum,
2711 3980 2806 4035 sed
2841 3988 3097 4051 tanquam
3145 3982 3346 4037 bonum
3379 3991 3547 4040 certe.

1983 4071 2116 4136 Quae
2136 4069 2300 4141 igitur
2327 4071 2542 4127 sortitio
2573 4072 2678 4129 ista
2703 4074 2948 4129 eamdem
2981 4091 3091 4131 rem
3114 4084 3168 4131 et
3188 4092 3384 4133 nomen
3406 4079 3550 4150 apud

1984 4161 2154 4218 Deum
2176 4163 2395 4233 quidem
2417 4165 2701 4234 pulchram
2727 4174 2782 4222 et
2800 4167 2999 4223 bonam
3023 4184 3145 4224 esse
3169 4187 3183 4237 ;
3208 4176 3396 4225 contra
3420 4180 3548 4227 vero

1983 4256 2178 4309 malam
2224 4257 2366 4326 apud
2398 4258 2624 4322 malum,
2677 4267 2736 4313 ut
2786 4260 2875 4316 isti
2907 4262 3092 4315 aiunt?
3121 4263 3174 4316 in
3203 4265 3550 4331 generatione

1981 4347 2200 4416 quidem
2253 4349 2486 4403 inveniri
2535 4357 2700 4420 queat
2744 4351 3071 4417 diﬁerentia,
3123 4352 3426 4409 diﬁ‘erentia
3465 4364 3548 4410 ta-

307 4467 414 4520 ·ιτερ
439 4449 782 4502 παντάπασιν
811 4447 1090 4512 ἀδύνατον,
1113 4446 1404 4515 ἀγέννητον
1425 4444 1700 4514 ἀγεννήτῳ
1729 4445 1878 4494 ἐναν-

1992 4453 2126 4503 men,
2164 4447 2218 4494 et
2250 4456 2359 4496 non
2410 4444 2769 4500 contrarium.
2805 4443 2865 4498 In
2904 4460 2972 4500 eo
3001 4460 3130 4501 vero
3163 4446 3308 4517 quod
3343 4454 3428 4502 est
3459 4447 3548 4500 in-

308 4536 420 4590 τίον
470 4531 603 4587 εἶναι
622 4553 636 4565 °
689 4537 738 4588 εί
785 4534 894 4606 γάρ
924 4552 976 4587 τι
1009 4534 1114 4606 εῐη,
1145 4532 1294 4586 οὐδὲν
1323 4532 1432 4586 τῶν
1469 4533 1646 4586 αὐτῶν
1672 4531 1874 4602 ὀφείλει

1992 4529 2219 4598 genitum
2258 4546 2402 4592 esse.
2452 4532 2580 4602 quid
2615 4542 2792 4604 potest
2840 4548 2964 4589 esse
3013 4534 3288 4600 diiierens,
3343 4533 3546 4589 nedum

305 4627 429 4683 οὔτε
488 4623 646 4692 εἶναι,
688 4626 810 4679 οὐτε
844 4623 1340 4699 προσαγορεύεσθαι
1384 4623 1462 4695 τῷ
1500 4623 1745 4694 ἐναντίῳ,
1787 4624 1874 4678 ἵνα

304 4715 721 4793 ἀκοινώνητονῇ
754 4721 865 4782 τοῖς
897 4719 1029 4772 πᾶσι
1054 4718 1188 4790 πρὸς
1220 4718 1281 4770 τὸ
1316 4717 1573 4771 ἐναντίον.

1980 4623 2358 4678 contrarium?
2383 4623 2747 4691 Quamobrem
2786 4626 3008 4680 omnino
3035 4625 3150 4680 ﬁeri
3191 4641 3301 4680 non
3342 4634 3542 4696 potest,

1978 4719 2038 4766 ut
2071 4713 2372 4784 ingenitum
2395 4717 2638 4787 ingenito
2668 4717 3002 4772 contrarium
3033 4717 3136 4785 sit;
3163 4719 3208 4773 si
3237 4717 3367 4789 quid
3395 4717 3544 4773 enim

306 4813 397 4873 sit.
473 4812 680 4866 nullum
730 4826 916 4866 eorum
966 4811 1125 4866 debet
1189 4826 1290 4865 nec
1362 4825 1486 4866 esse
1540 4823 1640 4864 nec
1687 4805 1947 4877 appellari
1985 4808 2346 4872 contrarium,
2394 4816 2454 4863 ut
2495 4811 2550 4864 in
2595 4809 2850 4865 omnibus
2893 4810 3059 4866 rebus
3105 4811 3252 4866 nulla
3299 4813 3372 4867 sit
3416 4827 3542 4870 cum

301 4904 583 4959 contrario
614 4904 978 4957 communitas
1007 4917 1073 4956 ac
1107 4903 1362 4957 societas.

368 4998 433 5052 Εἰ
458 4997 566 5069 γὰρ
603 4998 677 5070 μὴ
727 4997 810 5069 εἴη
849 4997 1025 5068 πάντη
1052 4997 1310 5061 ἐναντίον,
1336 4995 1468 5050 καθὸ
1499 4997 1864 5061 ἐπικοινωνεῖ,

298 5089 400 5144 οὐκ
441 5089 715 5144 ἐναντίον·
778 5089 1020 5143 ἐναντίον
1062 5089 1245 5160 μέντοι
1287 5090 1347 5142 τὸ
1381 5089 1456 5161 μὴ
1495 5088 1552 5142 ὃν
1595 5087 1861 5159 τῷῖδντι·

303 5183 438 5254 τάχα
463 5183 520 5236 δὲ
538 5183 659 5238 οὐδὲ
689 5169 846 5237 τοῦτο
885 5183 984 5255 (6)·
1019 5183 1080 5236 οὐ
1115 5182 1222 5254 γὰρ
1250 5183 1594 5254 διαμάχεται.
1629 5182 1702 5236 Τδ
1723 5182 1780 5236 δὲ
1807 5181 1868 5237 δν

299 5274 374 5346 τῷ
421 5275 534 5328 ὄντι
586 5276 685 5328 οὐκ
743 5275 1000 5329 ἐναντίον.
1036 5274 1100 5328 El
1125 5275 1184 5328 δὲ
1211 5275 1271 5327 τὸ
1302 5274 1361 5328 ὃν
1405 5273 1483 5344 τῷ
1507 5274 1619 5328 ὄντι
1653 5274 1867 5338 πάντως

297 5365 576 5435 ὁμόλογον,
603 5364 662 5420 ἓν
694 5366 754 5419 τὸ
788 5365 878 5420 καὶ
897 5365 1053 5437 μόνον
1085 5364 1297 5435 ἀληθῶς
1326 5365 1384 5418 ὃν
1403 5405 1418 5431 ,
1452 5368 1564 5429 τοῖς
1596 5367 1728 5418 πᾶσι
1770 5363 1864 5418 τοῦ

298 5455 431 5515 εἶναι
451 5460 636 5532 ἄρχον.

390 5747 468 5819 5‘)
497 5747 678 5813 Forte,
707 5749 738 5819 ὃ
767 5766 950 5819 φασιν.
980 5747 1137 5807 Enn.

392 5817 446 5890 6)
485 5819 641 5891 Τάχα
677 5817 851 5888 sese.
899 5837 949 5876 τ.
988 5819 1036 5875 λ.
1071 5822 1205 5878 Sunt
1238 5823 1376 5878 enim
1421 5825 1473 5878 in
1527 5823 1629 5880 Deo
1676 5825 1856 5892 simul,

2047 4987 2104 5042 Si
2139 4989 2282 5043 enim
2313 5002 2420 5042 non
2455 4988 2527 5043 sit
2555 4989 2777 5043 omnino
2805 4990 3162 5056 contrarium,
3186 5003 3456 5063 quatenus
3486 4998 3538 5052 ei

1980 5083 2348 5137 communitas
2381 5095 2506 5135 cum
2549 5081 2720 5136 altero
2763 5089 2867 5150 est,
2900 5099 3007 5138 non
3043 5093 3127 5140 est
3157 5089 3491 5143 contrarium
3519 5110 3535 5144 :

1974 5173 2251 5228 contraria
2299 5182 2482 5228 tamen
2522 5181 2650 5229 sunt
2681 5189 2803 5230 esse
2850 5182 2904 5230 et
2942 5191 3054 5231 non
3087 5191 3230 5234 esse.
3279 5178 3539 5236 Fortasse

1975 5278 2104 5318 vero
2131 5277 2237 5319 nec
2277 5263 2395 5318 haec
2441 5264 2719 5319 contraria
2757 5275 2906 5333 sunt,
2937 5282 3048 5322 non
3093 5269 3236 5322 enim
3268 5277 3533 5339 pugnant.

1975 5353 2135 5420 Quod
2158 5370 2287 5410 vero
2313 5363 2416 5420 est,
2459 5370 2569 5410 non
2601 5367 2686 5411 est
2709 5359 3047 5413 contrarium
3081 5359 3131 5413 ei
3165 5358 3311 5428 quod
3346 5367 3451 5415 est.
3474 5358 3534 5416 Si

1971 5455 2154 5503 autem
2194 5447 2469 5519 quomodo
2497 5456 2582 5504 est
2613 5451 2830 5519 penitus
2856 5466 2980 5505 cum
3009 5466 3074 5505 eo
3102 5450 3248 5521 quod
3285 5458 3370 5507 est
3398 5467 3533 5507 con-

1975 5539 2136 5617 venit,
2170 5555 2336 5594 unum
2361 5548 2415 5594 et
2447 5541 2645 5606 solum,
2680 5543 2826 5613 quod
2855 5558 2982 5598 vere
3010 5551 3115 5610 est,
3146 5544 3400 5600 omnibus
3426 5548 3531 5602 erit

1971 5634 2298 5704 principium
2335 5641 2393 5688 ut
2426 5635 2557 5692 sint.

1971 5773 1988 5805 ι
2008 5757 2119 5828 γῳιὶ
2146 5767 2295 5811 uocat
2322 5774 2384 5812 ea
2404 5774 2520 5827 qua:
2540 5775 2645 5828 non
2667 5766 2809 5823 sunt,
2841 5767 3090 5820 tanquam
3111 5776 3172 5812 ea
3194 5775 3308 5828 qua:
3337 5769 3476 5826 sunt,
3503 5777 3521 5812 ν

1970 5827 2114 5883 sicut
2145 5829 2441 5902 Apostolus
2477 5830 2554 5884 ait
2586 5827 2760 5898 (Rom.
2799 5844 2872 5895 Iv,
2900 5828 3010 5901 17).
3044 5827 3315 5888 (Σικιειυε.
