  <div class='ocr_page' id='page_1' title='image "/cluster/home/n/w/nwhite01/storage/ocr_20150623/18/mdp.39015008168943/567.png"; bbox 0 0 4064 6290; ppageno 0'>
   <div class='ocr_carea' id='block_1_1' title="bbox 563 365 714 432">
    <p class='ocr_par' dir='ltr' id='par_1_1' title="bbox 563 365 714 432">
     <span class='ocr_line' id='line_1_1' title="bbox 563 365 714 432; baseline 0.053 -7"><span class='ocrx_word' id='word_1_1' title='bbox 563 365 714 432; x_wconf 62' lang='lat'><strong>{085</strong></span> 
     </span>
    </p>
   </div>
   <div class='ocr_carea' id='block_1_2' title="bbox 1719 381 2698 463">
    <p class='ocr_par' dir='ltr' id='par_1_2' title="bbox 1719 381 2698 463">
     <span class='ocr_line' id='line_1_2' title="bbox 1719 381 2698 463; baseline 0.01 -27"><span class='ocrx_word' id='word_1_2' title='bbox 1719 381 1853 436; x_wconf 83' lang='lat' dir='ltr'><strong>Tl&#39;l&#39;l</strong></span> <span class='ocrx_word' id='word_1_3' title='bbox 1893 381 2333 440; x_wconf 75' lang='lat' dir='ltr'><strong>BOSTRENSIS</strong></span> <span class='ocrx_word' id='word_1_4' title='bbox 2365 384 2698 463; x_wconf 40' lang='lat' dir='ltr'><strong>EPISCOPI“.</strong></span> 
     </span>
    </p>
   </div>
   <div class='ocr_carea' id='block_1_3' title="bbox 3686 407 3834 463">
    <p class='ocr_par' dir='ltr' id='par_1_3' title="bbox 3686 407 3834 463">
     <span class='ocr_line' id='line_1_3' title="bbox 3686 407 3834 463; baseline 0.027 -4"><span class='ocrx_word' id='word_1_5' title='bbox 3686 407 3834 463; x_wconf 73' lang='grc' dir='ltr'>ιοει</span> 
     </span>
    </p>
   </div>
   <div class='ocr_carea' id='block_1_4' title="bbox 920 513 3444 593">
    <p class='ocr_par' dir='ltr' id='par_1_4' title="bbox 920 513 3444 593">
     <span class='ocr_line' id='line_1_4' title="bbox 920 513 3444 593; baseline 0.01 -26"><span class='ocrx_word' id='word_1_6' title='bbox 920 513 1050 568; x_wconf 74' lang='lat' dir='ltr'><strong>CAP.</strong></span> <span class='ocrx_word' id='word_1_7' title='bbox 1091 513 1181 569; x_wconf 79' lang='lat' dir='ltr'><strong>XI.</strong></span> <span class='ocrx_word' id='word_1_8' title='bbox 1226 513 1462 572; x_wconf 82' lang='lat' dir='ltr'><strong>Nomina</strong></span> <span class='ocrx_word' id='word_1_9' title='bbox 1494 521 1762 575; x_wconf 87' lang='lat' dir='ltr'><strong>contraria</strong></span> <span class='ocrx_word' id='word_1_10' title='bbox 1793 522 1998 576; x_wconf 75' lang='lat' dir='ltr'><strong>duobus</strong></span> <span class='ocrx_word' id='word_1_11' title='bbox 2025 523 2298 592; x_wconf 76' lang='lat' dir='ltr'><strong>principiis</strong></span> <span class='ocrx_word' id='word_1_12' title='bbox 2332 523 2531 585; x_wconf 85' lang='lat' dir='ltr'><strong>danda.</strong></span> <span class='ocrx_word' id='word_1_13' title='bbox 2561 529 2905 586; x_wconf 69' lang='lat' dir='ltr'><strong>Perturb’atio</strong></span> <span class='ocrx_word' id='word_1_14' title='bbox 2931 536 2986 589; x_wconf 89' lang='lat' dir='ltr'><strong>in</strong></span> <span class='ocrx_word' id='word_1_15' title='bbox 3019 538 3168 591; x_wconf 72' lang='lat' dir='ltr'><strong>rebus</strong></span> <span class='ocrx_word' id='word_1_16' title='bbox 3191 547 3267 592; x_wconf 78' lang='lat' dir='ltr'><strong>est</strong></span> <span class='ocrx_word' id='word_1_17' title='bbox 3296 538 3444 593; x_wconf 79' lang='lat' dir='ltr'><strong>ord‘o.</strong></span> 
     </span>
    </p>
   </div>
   <div class='ocr_carea' id='block_1_5' title="bbox 643 633 2142 733">
    <p class='ocr_par' dir='ltr' id='par_1_5' title="bbox 643 633 2139 718">
     <span class='ocr_line' id='line_1_5' title="bbox 643 633 2139 718; baseline 0.008 -28"><span class='ocrx_word' id='word_1_18' title='bbox 643 633 808 691; x_wconf 76' lang='lat' dir='ltr'><strong>Aiunt</strong></span> <span class='ocrx_word' id='word_1_19' title='bbox 858 645 1121 706; x_wconf 67' lang='lat' dir='ltr'><strong>praeterea</strong></span> <span class='ocrx_word' id='word_1_20' title='bbox 1153 641 1319 695; x_wconf 87' lang='lat' dir='ltr'><strong>etiam</strong></span> <span class='ocrx_word' id='word_1_21' title='bbox 1355 643 1459 713; x_wconf 86' lang='lat' dir='ltr'><strong>ipsi</strong></span> <span class='ocrx_word' id='word_1_22' title='bbox 1501 654 1753 714; x_wconf 72' lang='lat' dir='ltr'><strong>oportere</strong></span> <span class='ocrx_word' id='word_1_23' title='bbox 1791 649 1975 702; x_wconf 86' lang='lat' dir='ltr'><strong>omnia</strong></span> <span class='ocrx_word' id='word_1_24' title='bbox 2017 662 2139 718; x_wconf 72' lang='lat' dir='ltr'><strong>qua:</strong></span> 
     </span>
    </p>
   </div>
   <div class='ocr_carea' id='block_1_6' title="bbox 2243 633 3835 733">
    <p class='ocr_par' dir='ltr' id='par_1_6' title="bbox 2311 653 3835 733">
     <span class='ocr_line' id='line_1_6' title="bbox 2311 653 3835 733; baseline 0.005 -29"><span class='ocrx_word' id='word_1_25' title='bbox 2311 653 2448 706; x_wconf 75' lang='grc' dir='ltr'>Φασὶ</span> <span class='ocrx_word' id='word_1_26' title='bbox 2481 654 2537 707; x_wconf 83' lang='grc' dir='ltr'>δὲ</span> <span class='ocrx_word' id='word_1_27' title='bbox 2578 655 2672 708; x_wconf 80' lang='grc' dir='ltr'><strong>καὶ</strong></span> <span class='ocrx_word' id='word_1_28' title='bbox 2713 656 2868 710; x_wconf 75' lang='grc' dir='ltr'>αὑτοὶ</span> <span class='ocrx_word' id='word_1_29' title='bbox 2916 656 3112 728; x_wconf 83' lang='grc' dir='ltr'>χρῆναι</span> <span class='ocrx_word' id='word_1_30' title='bbox 3149 658 3328 733; x_wconf 89' lang='grc' dir='ltr'><strong>πάντα¹</strong></span> <span class='ocrx_word' id='word_1_31' title='bbox 3363 656 3434 710; x_wconf 89' lang='grc' dir='ltr'><strong>τά</strong></span> <span class='ocrx_word' id='word_1_32' title='bbox 3488 658 3714 712; x_wconf 77' lang='grc' dir='ltr'>ἐναντία</span> <span class='ocrx_word' id='word_1_33' title='bbox 3751 658 3835 731; x_wconf 68' lang='grc' dir='ltr'>τῷ</span> 
     </span>
    </p>
   </div>
   <div class='ocr_carea' id='block_1_7' title="bbox 571 726 2140 813">
    <p class='ocr_par' dir='ltr' id='par_1_7' title="bbox 571 726 2140 813">
     <span class='ocr_line' id='line_1_7' title="bbox 571 726 2140 813; baseline 0.01 -30"><span class='ocrx_word' id='word_1_34' title='bbox 571 736 701 783; x_wconf 89' lang='lat' dir='ltr'><strong>sunt</strong></span> <span class='ocrx_word' id='word_1_35' title='bbox 731 726 840 783; x_wconf 90' lang='lat' dir='ltr'><strong>Deo</strong></span> <span class='ocrx_word' id='word_1_36' title='bbox 866 731 1145 784; x_wconf 79' lang='lat' dir='ltr'><strong>contraria</strong></span> <span class='ocrx_word' id='word_1_37' title='bbox 1168 733 1440 802; x_wconf 90' lang='lat' dir='ltr'><strong>appellare</strong></span> <span class='ocrx_word' id='word_1_38' title='bbox 1470 739 1758 794; x_wconf 88' lang='lat' dir='ltr'><strong>materiam</strong></span> <span class='ocrx_word' id='word_1_39' title='bbox 1787 759 1800 795; x_wconf 91' lang='lat'><strong>:</strong></span> <span class='ocrx_word' id='word_1_40' title='bbox 1832 741 1985 796; x_wconf 84' lang='lat' dir='ltr'><strong>verbi</strong></span> <span class='ocrx_word' id='word_1_41' title='bbox 2016 758 2140 813; x_wconf 76' lang='lat' dir='ltr'><strong>gra-</strong></span> 
     </span>
    </p>
   </div>
   <div class='ocr_carea' id='block_1_8' title="bbox 573 818 2140 891">
    <p class='ocr_par' dir='ltr' id='par_1_8' title="bbox 573 818 2140 891">
     <span class='ocr_line' id='line_1_8' title="bbox 573 818 2140 891; baseline 0.01 -18"><span class='ocrx_word' id='word_1_42' title='bbox 573 820 670 884; x_wconf 90' lang='lat' dir='ltr'><strong>tia,</strong></span> <span class='ocrx_word' id='word_1_43' title='bbox 701 821 746 874; x_wconf 90' lang='lat' dir='ltr'><strong>si</strong></span> <span class='ocrx_word' id='word_1_44' title='bbox 783 818 952 874; x_wconf 88' lang='lat' dir='ltr'><strong>Deum</strong></span> <span class='ocrx_word' id='word_1_45' title='bbox 983 823 1321 891; x_wconf 85' lang='lat' dir='ltr'><strong>appellemus</strong></span> <span class='ocrx_word' id='word_1_46' title='bbox 1362 825 1567 890; x_wconf 86' lang='lat' dir='ltr'><strong>lumen,</strong></span> <span class='ocrx_word' id='word_1_47' title='bbox 1603 831 1940 885; x_wconf 89' lang='lat' dir='ltr'><strong>contrarium</strong></span> <span class='ocrx_word' id='word_1_48' title='bbox 1977 847 2140 888; x_wconf 57' lang='lat' dir='ltr'><strong>voce-</strong></span> 
     </span>
    </p>
   </div>
   <div class='ocr_carea' id='block_1_9' title="bbox 572 911 2143 982">
    <p class='ocr_par' dir='ltr' id='par_1_9' title="bbox 572 911 2143 982">
     <span class='ocr_line' id='line_1_9' title="bbox 572 911 2143 982; baseline 0.01 -18"><span class='ocrx_word' id='word_1_49' title='bbox 572 925 696 964; x_wconf 84' lang='lat' dir='ltr'><strong>mus</strong></span> <span class='ocrx_word' id='word_1_50' title='bbox 745 911 1030 976; x_wconf 80' lang='lat' dir='ltr'><strong>tenebras;</strong></span> <span class='ocrx_word' id='word_1_51' title='bbox 1072 913 1120 968; x_wconf 90' lang='lat' dir='ltr'><strong>si</strong></span> <span class='ocrx_word' id='word_1_52' title='bbox 1161 914 1389 982; x_wconf 83' lang='lat' dir='ltr'><strong>bonum,</strong></span> <span class='ocrx_word' id='word_1_53' title='bbox 1428 918 1563 974; x_wconf 90' lang='lat' dir='ltr'><strong>illud</strong></span> <span class='ocrx_word' id='word_1_54' title='bbox 1598 921 1823 976; x_wconf 89' lang='lat' dir='ltr'><strong>malum.</strong></span> <span class='ocrx_word' id='word_1_55' title='bbox 1867 921 1924 976; x_wconf 86' lang='lat' dir='ltr'><strong>Si</strong></span> <span class='ocrx_word' id='word_1_56' title='bbox 1958 931 2143 979; x_wconf 89' lang='lat' dir='ltr'><strong>tamen</strong></span> 
     </span>
    </p>
   </div>
   <div class='ocr_carea' id='block_1_10' title="bbox 572 1001 2143 1085">
    <p class='ocr_par' dir='ltr' id='par_1_10' title="bbox 572 1001 2143 1085">
     <span class='ocr_line' id='line_1_10' title="bbox 572 1001 2143 1085; baseline 0.01 -31"><span class='ocrx_word' id='word_1_57' title='bbox 572 1001 976 1072; x_wconf 85' lang='lat' dir='ltr'><strong>appellaremus</strong></span> <span class='ocrx_word' id='word_1_58' title='bbox 1021 1001 1188 1059; x_wconf 90' lang='lat' dir='ltr'><strong>Deum</strong></span> <span class='ocrx_word' id='word_1_59' title='bbox 1237 1007 1412 1076; x_wconf 86' lang='lat' dir='ltr'><strong>ipsam</strong></span> <span class='ocrx_word' id='word_1_60' title='bbox 1456 1009 1603 1064; x_wconf 85' lang='lat' dir='ltr'><strong>illam</strong></span> <span class='ocrx_word' id='word_1_61' title='bbox 1652 1012 1957 1078; x_wconf 70' lang='lat' dir='ltr'><strong>veritatem,</strong></span> <span class='ocrx_word' id='word_1_62' title='bbox 1995 1022 2143 1085; x_wconf 89' lang='lat' dir='ltr'><strong>patet</strong></span> 
     </span>
    </p>
   </div>
   <div class='ocr_carea' id='block_1_11' title="bbox 570 1093 2144 1171">
    <p class='ocr_par' dir='ltr' id='par_1_11' title="bbox 570 1093 2144 1171">
     <span class='ocr_line' id='line_1_11' title="bbox 570 1093 2144 1171; baseline 0.009 -23"><span class='ocrx_word' id='word_1_63' title='bbox 570 1093 879 1149; x_wconf 84' lang='lat' dir='ltr'><strong>vocandum</strong></span> <span class='ocrx_word' id='word_1_64' title='bbox 917 1111 1042 1152; x_wconf 89' lang='lat' dir='ltr'><strong>esse</strong></span> <span class='ocrx_word' id='word_1_65' title='bbox 1075 1098 1411 1154; x_wconf 88' lang='lat' dir='ltr'><strong>contrarium</strong></span> <span class='ocrx_word' id='word_1_66' title='bbox 1459 1103 1825 1159; x_wconf 84' lang='lat' dir='ltr'><strong>mendacium.</strong></span> <span class='ocrx_word' id='word_1_67' title='bbox 1855 1104 2008 1171; x_wconf 89' lang='lat' dir='ltr'><strong>Quod</strong></span> <span class='ocrx_word' id='word_1_68' title='bbox 2046 1123 2144 1162; x_wconf 87' lang='lat' dir='ltr'><strong>au-</strong></span> 
     </span>
    </p>
   </div>
   <div class='ocr_carea' id='block_1_12' title="bbox 571 1193 2143 1266">
    <p class='ocr_par' dir='ltr' id='par_1_12' title="bbox 571 1193 2143 1266">
     <span class='ocr_line' id='line_1_12' title="bbox 571 1193 2143 1266; baseline 0.009 -24"><span class='ocrx_word' id='word_1_69' title='bbox 571 1197 684 1245; x_wconf 80' lang='lat' dir='ltr'><strong>tem</strong></span> <span class='ocrx_word' id='word_1_70' title='bbox 723 1202 850 1243; x_wconf 86' lang='lat' dir='ltr'><strong>vere</strong></span> <span class='ocrx_word' id='word_1_71' title='bbox 881 1196 984 1254; x_wconf 88' lang='lat' dir='ltr'><strong>est,</strong></span> <span class='ocrx_word' id='word_1_72' title='bbox 1022 1198 1081 1244; x_wconf 88' lang='lat' dir='ltr'><strong>ut</strong></span> <span class='ocrx_word' id='word_1_73' title='bbox 1104 1193 1311 1261; x_wconf 83' lang='lat' dir='ltr'><strong>opinati</strong></span> <span class='ocrx_word' id='word_1_74' title='bbox 1361 1202 1511 1258; x_wconf 83' lang='lat' dir='ltr'><strong>sunt,</strong></span> <span class='ocrx_word' id='word_1_75' title='bbox 1541 1196 1814 1266; x_wconf 86' lang='lat' dir='ltr'><strong>quomodo</strong></span> <span class='ocrx_word' id='word_1_76' title='bbox 1852 1201 1958 1254; x_wconf 88' lang='lat' dir='ltr'><strong>erit</strong></span> <span class='ocrx_word' id='word_1_77' title='bbox 1992 1215 2143 1255; x_wconf 87' lang='lat' dir='ltr'><strong>men-</strong></span> 
     </span>
    </p>
   </div>
   <div class='ocr_carea' id='block_1_13' title="bbox 571 1280 2142 1355">
    <p class='ocr_par' dir='ltr' id='par_1_13' title="bbox 571 1280 2142 1355">
     <span class='ocr_line' id='line_1_13' title="bbox 571 1280 2142 1355; baseline 0.009 -20"><span class='ocrx_word' id='word_1_78' title='bbox 571 1280 829 1335; x_wconf 88' lang='lat' dir='ltr'><strong>dacium?</strong></span> <span class='ocrx_word' id='word_1_79' title='bbox 863 1281 1008 1351; x_wconf 90' lang='lat' dir='ltr'><strong>quod</strong></span> <span class='ocrx_word' id='word_1_80' title='bbox 1037 1283 1182 1336; x_wconf 90' lang='lat' dir='ltr'><strong>enim</strong></span> <span class='ocrx_word' id='word_1_81' title='bbox 1213 1293 1315 1348; x_wconf 89' lang='lat' dir='ltr'><strong>est,</strong></span> <span class='ocrx_word' id='word_1_82' title='bbox 1349 1286 1395 1340; x_wconf 89' lang='lat' dir='ltr'><strong>si</strong></span> <span class='ocrx_word' id='word_1_83' title='bbox 1436 1287 1652 1342; x_wconf 83' lang='lat' dir='ltr'><strong>dicatur</strong></span> <span class='ocrx_word' id='word_1_84' title='bbox 1674 1305 1785 1344; x_wconf 90' lang='lat' dir='ltr'><strong>non</strong></span> <span class='ocrx_word' id='word_1_85' title='bbox 1817 1306 1960 1355; x_wconf 90' lang='lat' dir='ltr'><strong>esse,</strong></span> <span class='ocrx_word' id='word_1_86' title='bbox 1993 1309 2142 1348; x_wconf 87' lang='lat' dir='ltr'><strong>men-</strong></span> 
     </span>
    </p>
   </div>
   <div class='ocr_carea' id='block_1_14' title="bbox 573 1370 2145 1451">
    <p class='ocr_par' dir='ltr' id='par_1_14' title="bbox 573 1370 2145 1451">
     <span class='ocr_line' id='line_1_14' title="bbox 573 1370 2145 1451; baseline 0.009 -26"><span class='ocrx_word' id='word_1_87' title='bbox 573 1370 790 1425; x_wconf 87' lang='lat' dir='ltr'><strong>dacium</strong></span> <span class='ocrx_word' id='word_1_88' title='bbox 816 1370 1004 1427; x_wconf 84' lang='lat' dir='ltr'><strong>fuerit.</strong></span> <span class='ocrx_word' id='word_1_89' title='bbox 1046 1371 1202 1438; x_wconf 85' lang='lat' dir='ltr'><strong>Quod</strong></span> <span class='ocrx_word' id='word_1_90' title='bbox 1248 1391 1379 1429; x_wconf 84' lang='lat' dir='ltr'><strong>vero</strong></span> <span class='ocrx_word' id='word_1_91' title='bbox 1425 1392 1551 1432; x_wconf 89' lang='lat' dir='ltr'><strong>vere</strong></span> <span class='ocrx_word' id='word_1_92' title='bbox 1589 1387 1695 1442; x_wconf 88' lang='lat' dir='ltr'><strong>est,</strong></span> <span class='ocrx_word' id='word_1_93' title='bbox 1739 1382 1885 1451; x_wconf 85' lang='lat' dir='ltr'><strong>quod</strong></span> <span class='ocrx_word' id='word_1_94' title='bbox 1929 1384 2058 1438; x_wconf 82' lang='lat' dir='ltr'><strong>facit</strong></span> <span class='ocrx_word' id='word_1_95' title='bbox 2085 1393 2145 1439; x_wconf 86' lang='lat' dir='ltr'><strong>ut</strong></span> 
     </span>
    </p>
   </div>
   <div class='ocr_carea' id='block_1_15' title="bbox 573 1460 2141 1536">
    <p class='ocr_par' dir='ltr' id='par_1_15' title="bbox 573 1460 2141 1536">
     <span class='ocr_line' id='line_1_15' title="bbox 573 1460 2141 1536; baseline 0.01 -23"><span class='ocrx_word' id='word_1_96' title='bbox 573 1474 760 1514; x_wconf 82' lang='lat' dir='ltr'><strong>verum</strong></span> <span class='ocrx_word' id='word_1_97' title='bbox 794 1460 867 1516; x_wconf 88' lang='lat' dir='ltr'><strong>sit</strong></span> <span class='ocrx_word' id='word_1_98' title='bbox 900 1476 1023 1517; x_wconf 89' lang='lat' dir='ltr'><strong>esse</strong></span> <span class='ocrx_word' id='word_1_99' title='bbox 1063 1463 1292 1533; x_wconf 83' lang='lat' dir='ltr'><strong>aliquid,</strong></span> <span class='ocrx_word' id='word_1_100' title='bbox 1331 1481 1610 1536; x_wconf 83' lang='lat' dir='ltr'><strong>nunquam</strong></span> <span class='ocrx_word' id='word_1_101' title='bbox 1643 1473 1747 1524; x_wconf 82' lang='lat' dir='ltr'><strong>erit</strong></span> <span class='ocrx_word' id='word_1_102' title='bbox 1776 1474 2141 1529; x_wconf 82' lang='lat' dir='ltr'><strong>mendacium.</strong></span> 
     </span>
    </p>
   </div>
   <div class='ocr_carea' id='block_1_16' title="bbox 571 1549 2144 1629">
    <p class='ocr_par' dir='ltr' id='par_1_16' title="bbox 571 1549 2144 1629">
     <span class='ocr_line' id='line_1_16' title="bbox 571 1549 2144 1629; baseline 0.012 -25"><span class='ocrx_word' id='word_1_103' title='bbox 571 1549 630 1605; x_wconf 92' lang='lat' dir='ltr'><strong>Si</strong></span> <span class='ocrx_word' id='word_1_104' title='bbox 660 1552 804 1606; x_wconf 90' lang='lat' dir='ltr'><strong>enim</strong></span> <span class='ocrx_word' id='word_1_105' title='bbox 836 1553 982 1608; x_wconf 88' lang='lat' dir='ltr'><strong>dicat</strong></span> <span class='ocrx_word' id='word_1_106' title='bbox 1022 1571 1166 1618; x_wconf 88' lang='lat' dir='ltr'><strong>esse,</strong></span> <span class='ocrx_word' id='word_1_107' title='bbox 1212 1572 1398 1612; x_wconf 84' lang='lat' dir='ltr'><strong>verum</strong></span> <span class='ocrx_word' id='word_1_108' title='bbox 1427 1559 1594 1629; x_wconf 85' lang='lat' dir='ltr'><strong>dicit;</strong></span> <span class='ocrx_word' id='word_1_109' title='bbox 1621 1563 1667 1617; x_wconf 91' lang='lat' dir='ltr'><strong>si</strong></span> <span class='ocrx_word' id='word_1_110' title='bbox 1701 1579 1830 1619; x_wconf 90' lang='lat' dir='ltr'><strong>vero</strong></span> <span class='ocrx_word' id='word_1_111' title='bbox 1860 1581 1971 1620; x_wconf 91' lang='lat' dir='ltr'><strong>non</strong></span> <span class='ocrx_word' id='word_1_112' title='bbox 1997 1567 2144 1622; x_wconf 84' lang='lat' dir='ltr'><strong>dicat</strong></span> 
     </span>
    </p>
   </div>
   <div class='ocr_carea' id='block_1_17' title="bbox 567 1647 2146 1724">
    <p class='ocr_par' dir='ltr' id='par_1_17' title="bbox 567 1647 2146 1724">
     <span class='ocr_line' id='line_1_17' title="bbox 567 1647 2146 1724; baseline 0.009 -25"><span class='ocrx_word' id='word_1_113' title='bbox 567 1658 709 1708; x_wconf 87' lang='lat' dir='ltr'><strong>esse,</strong></span> <span class='ocrx_word' id='word_1_114' title='bbox 751 1652 810 1698; x_wconf 92' lang='lat' dir='ltr'><strong>ut</strong></span> <span class='ocrx_word' id='word_1_115' title='bbox 841 1661 950 1700; x_wconf 90' lang='lat' dir='ltr'><strong>non</strong></span> <span class='ocrx_word' id='word_1_116' title='bbox 973 1647 1120 1702; x_wconf 89' lang='lat' dir='ltr'><strong>dicat</strong></span> <span class='ocrx_word' id='word_1_117' title='bbox 1150 1665 1361 1714; x_wconf 85' lang='lat' dir='ltr'><strong>verum,</strong></span> <span class='ocrx_word' id='word_1_118' title='bbox 1394 1667 1569 1723; x_wconf 89' lang='lat' dir='ltr'><strong>neque</strong></span> <span class='ocrx_word' id='word_1_119' title='bbox 1607 1654 1750 1712; x_wconf 89' lang='lat' dir='ltr'><strong>dicet</strong></span> <span class='ocrx_word' id='word_1_120' title='bbox 1780 1673 1889 1713; x_wconf 90' lang='lat' dir='ltr'><strong>non</strong></span> <span class='ocrx_word' id='word_1_121' title='bbox 1912 1675 2055 1724; x_wconf 91' lang='lat' dir='ltr'><strong>esse,</strong></span> <span class='ocrx_word' id='word_1_122' title='bbox 2085 1669 2146 1716; x_wconf 90' lang='lat' dir='ltr'><strong>ut</strong></span> 
     </span>
    </p>
   </div>
   <div class='ocr_carea' id='block_1_18' title="bbox 567 1737 2146 1812">
    <p class='ocr_par' dir='ltr' id='par_1_18' title="bbox 567 1737 2146 1812">
     <span class='ocr_line' id='line_1_18' title="bbox 567 1737 2146 1812; baseline 0.012 -22"><span class='ocrx_word' id='word_1_123' title='bbox 567 1737 886 1792; x_wconf 83' lang='lat' dir='ltr'><strong>mentiatur.</strong></span> <span class='ocrx_word' id='word_1_124' title='bbox 925 1737 1082 1806; x_wconf 84' lang='lat' dir='ltr'><strong>Quod</strong></span> <span class='ocrx_word' id='word_1_125' title='bbox 1118 1740 1164 1796; x_wconf 90' lang='lat' dir='ltr'><strong>si</strong></span> <span class='ocrx_word' id='word_1_126' title='bbox 1194 1740 1340 1796; x_wconf 86' lang='lat' dir='ltr'><strong>dicat</strong></span> <span class='ocrx_word' id='word_1_127' title='bbox 1367 1759 1477 1800; x_wconf 89' lang='lat' dir='ltr'><strong>non</strong></span> <span class='ocrx_word' id='word_1_128' title='bbox 1509 1761 1663 1812; x_wconf 90' lang='lat' dir='ltr'><strong>esse,</strong></span> <span class='ocrx_word' id='word_1_129' title='bbox 1696 1750 1919 1806; x_wconf 84' lang='lat' dir='ltr'><strong>notione</strong></span> <span class='ocrx_word' id='word_1_130' title='bbox 1947 1754 2146 1808; x_wconf 85' lang='lat' dir='ltr'><strong>menti-</strong></span> 
     </span>
    </p>
   </div>
   <div class='ocr_carea' id='block_1_19' title="bbox 568 1831 2142 1905">
    <p class='ocr_par' dir='ltr' id='par_1_19' title="bbox 568 1831 2142 1905">
     <span class='ocr_line' id='line_1_19' title="bbox 568 1831 2142 1905; baseline 0.015 -24"><span class='ocrx_word' id='word_1_131' title='bbox 568 1834 692 1894; x_wconf 86' lang='lat' dir='ltr'><strong>tur;</strong></span> <span class='ocrx_word' id='word_1_132' title='bbox 717 1845 822 1884; x_wconf 90' lang='lat' dir='ltr'><strong>non</strong></span> <span class='ocrx_word' id='word_1_133' title='bbox 845 1838 930 1886; x_wconf 91' lang='lat' dir='ltr'><strong>est</strong></span> <span class='ocrx_word' id='word_1_134' title='bbox 950 1831 1116 1902; x_wconf 82' lang='lat' dir='ltr'><strong>igitur</strong></span> <span class='ocrx_word' id='word_1_135' title='bbox 1142 1833 1320 1903; x_wconf 91' lang='lat' dir='ltr'><strong>ipsum</strong></span> <span class='ocrx_word' id='word_1_136' title='bbox 1345 1838 1712 1905; x_wconf 86' lang='lat' dir='ltr'><strong>mendacium,</strong></span> <span class='ocrx_word' id='word_1_137' title='bbox 1731 1857 1856 1898; x_wconf 89' lang='lat' dir='ltr'><strong>vere</strong></span> <span class='ocrx_word' id='word_1_138' title='bbox 1873 1846 2018 1900; x_wconf 90' lang='lat' dir='ltr'><strong>enim</strong></span> <span class='ocrx_word' id='word_1_139' title='bbox 2036 1855 2142 1904; x_wconf 82' lang='lat' dir='ltr'><strong>est.</strong></span> 
     </span>
    </p>
   </div>
   <div class='ocr_carea' id='block_1_20' title="bbox 638 1919 2140 2004">
    <p class='ocr_par' dir='ltr' id='par_1_20' title="bbox 638 1919 2140 2004">
     <span class='ocr_line' id='line_1_20' title="bbox 638 1919 2140 2004; baseline 0.014 -32"><span class='ocrx_word' id='word_1_140' title='bbox 638 1919 842 1978; x_wconf 90' lang='lat' dir='ltr'><strong>Deinde</strong></span> <span class='ocrx_word' id='word_1_141' title='bbox 889 1923 935 1978; x_wconf 92' lang='lat' dir='ltr'><strong>si</strong></span> <span class='ocrx_word' id='word_1_142' title='bbox 978 1934 1178 1979; x_wconf 88' lang='lat' dir='ltr'><strong>vocant</strong></span> <span class='ocrx_word' id='word_1_143' title='bbox 1232 1925 1326 1982; x_wconf 84' lang='lat' dir='ltr'><strong>isti</strong></span> <span class='ocrx_word' id='word_1_144' title='bbox 1379 1927 1581 1984; x_wconf 91' lang='lat' dir='ltr'><strong>bonum</strong></span> <span class='ocrx_word' id='word_1_145' title='bbox 1639 1932 2140 2004; x_wconf 87' lang='lat' dir='ltr'><strong>immortalitatem,</strong></span> 
     </span>
    </p>
   </div>
   <div class='ocr_carea' id='block_1_21' title="bbox 567 2011 2141 2093">
    <p class='ocr_par' dir='ltr' id='par_1_21' title="bbox 567 2011 2141 2093">
     <span class='ocr_line' id='line_1_21' title="bbox 567 2011 2141 2093; baseline 0.013 -29"><span class='ocrx_word' id='word_1_146' title='bbox 567 2011 770 2066; x_wconf 90' lang='lat' dir='ltr'><strong>malum</strong></span> <span class='ocrx_word' id='word_1_147' title='bbox 810 2015 1080 2069; x_wconf 85' lang='lat' dir='ltr'><strong>vocabunt</strong></span> <span class='ocrx_word' id='word_1_148' title='bbox 1114 2016 1397 2074; x_wconf 89' lang='lat' dir='ltr'><strong>interitum</strong></span> <span class='ocrx_word' id='word_1_149' title='bbox 1444 2035 1458 2069; x_wconf 93' lang='lat'>:</span> <span class='ocrx_word' id='word_1_150' title='bbox 1505 2031 1561 2075; x_wconf 92' lang='lat' dir='ltr'><strong>at</strong></span> <span class='ocrx_word' id='word_1_151' title='bbox 1597 2023 1757 2093; x_wconf 84' lang='lat' dir='ltr'><strong>cujus</strong></span> <span class='ocrx_word' id='word_1_152' title='bbox 1797 2026 1903 2082; x_wconf 86' lang='lat' dir='ltr'><strong>erit</strong></span> <span class='ocrx_word' id='word_1_153' title='bbox 1947 2029 2141 2085; x_wconf 90' lang='lat' dir='ltr'><strong>interi-</strong></span> 
     </span>
    </p>
   </div>
   <div class='ocr_carea' id='block_1_22' title="bbox 568 2105 2142 2189">
    <p class='ocr_par' dir='ltr' id='par_1_22' title="bbox 568 2105 2142 2189">
     <span class='ocr_line' id='line_1_22' title="bbox 568 2105 2142 2189; baseline 0.015 -34"><span class='ocrx_word' id='word_1_154' title='bbox 568 2109 678 2168; x_wconf 84' lang='lat' dir='ltr'><strong>tus,</strong></span> <span class='ocrx_word' id='word_1_155' title='bbox 727 2105 844 2174; x_wconf 89' lang='lat' dir='ltr'><strong>ipse</strong></span> <span class='ocrx_word' id='word_1_156' title='bbox 887 2106 1191 2165; x_wconf 80' lang='lat' dir='ltr'><strong>interitus?</strong></span> <span class='ocrx_word' id='word_1_157' title='bbox 1241 2111 1370 2166; x_wconf 88' lang='lat' dir='ltr'><strong>boni</strong></span> <span class='ocrx_word' id='word_1_158' title='bbox 1411 2113 1559 2166; x_wconf 89' lang='lat' dir='ltr'><strong>enim</strong></span> <span class='ocrx_word' id='word_1_159' title='bbox 1609 2131 1716 2170; x_wconf 90' lang='lat' dir='ltr'><strong>non</strong></span> <span class='ocrx_word' id='word_1_160' title='bbox 1766 2121 2016 2189; x_wconf 84' lang='lat' dir='ltr'><strong>poterit:</strong></span> <span class='ocrx_word' id='word_1_161' title='bbox 2055 2123 2142 2180; x_wconf 88' lang='lat' dir='ltr'><strong>sin</strong></span> 
     </span>
    </p>
   </div>
   <div class='ocr_carea' id='block_1_23' title="bbox 566 2195 2146 2271">
    <p class='ocr_par' dir='ltr' id='par_1_23' title="bbox 566 2195 2146 2271">
     <span class='ocr_line' id='line_1_23' title="bbox 566 2195 2146 2271; baseline 0.015 -24"><span class='ocrx_word' id='word_1_162' title='bbox 566 2195 673 2248; x_wconf 89' lang='lat' dir='ltr'><strong>erit</strong></span> <span class='ocrx_word' id='word_1_163' title='bbox 705 2196 790 2250; x_wconf 91' lang='lat' dir='ltr'><strong>sui</strong></span> <span class='ocrx_word' id='word_1_164' title='bbox 825 2196 999 2267; x_wconf 87' lang='lat' dir='ltr'><strong>ipsius</strong></span> <span class='ocrx_word' id='word_1_165' title='bbox 1027 2199 1305 2270; x_wconf 88' lang='lat' dir='ltr'><strong>interitus,</strong></span> <span class='ocrx_word' id='word_1_166' title='bbox 1356 2205 1546 2261; x_wconf 91' lang='lat' dir='ltr'><strong>multis</strong></span> <span class='ocrx_word' id='word_1_167' title='bbox 1574 2208 1788 2265; x_wconf 70' lang='lat' dir='ltr'><strong>saeculis</strong></span> <span class='ocrx_word' id='word_1_168' title='bbox 1823 2226 1853 2265; x_wconf 93' lang='lat' dir='ltr'><strong>a</strong></span> <span class='ocrx_word' id='word_1_169' title='bbox 1882 2227 1942 2268; x_wconf 90' lang='lat' dir='ltr'><strong>se</strong></span> <span class='ocrx_word' id='word_1_170' title='bbox 1973 2213 2146 2271; x_wconf 76' lang='lat' dir='ltr'><strong>inter-</strong></span> 
     </span>
    </p>
   </div>
   <div class='ocr_carea' id='block_1_24' title="bbox 567 2283 2140 2379">
    <p class='ocr_par' dir='ltr' id='par_1_24' title="bbox 567 2283 2140 2379">
     <span class='ocr_line' id='line_1_24' title="bbox 567 2283 2140 2379; baseline 0.018 -43"><span class='ocrx_word' id='word_1_171' title='bbox 567 2283 686 2348; x_wconf 85' lang='lat' dir='ltr'><strong>ivit,</strong></span> <span class='ocrx_word' id='word_1_172' title='bbox 715 2292 770 2340; x_wconf 89' lang='lat' dir='ltr'><strong>et</strong></span> <span class='ocrx_word' id='word_1_173' title='bbox 793 2285 996 2343; x_wconf 81' lang='lat' dir='ltr'><strong>frustra</strong></span> <span class='ocrx_word' id='word_1_174' title='bbox 1018 2305 1082 2345; x_wconf 89' lang='lat' dir='ltr'><strong>ac</strong></span> <span class='ocrx_word' id='word_1_175' title='bbox 1103 2307 1240 2348; x_wconf 84' lang='lat' dir='ltr'><strong>vane</strong></span> <span class='ocrx_word' id='word_1_176' title='bbox 1254 2309 1378 2350; x_wconf 89' lang='lat' dir='ltr'><strong>eum</strong></span> <span class='ocrx_word' id='word_1_177' title='bbox 1409 2311 1530 2352; x_wconf 88' lang='lat' dir='ltr'><strong>esse</strong></span> <span class='ocrx_word' id='word_1_178' title='bbox 1557 2299 1887 2370; x_wconf 76' lang='lat' dir='ltr'><strong>cogitatione</strong></span> <span class='ocrx_word' id='word_1_179' title='bbox 1907 2306 2140 2379; x_wconf 80' lang='lat' dir='ltr'><strong>tingunt.</strong></span> 
     </span>
    </p>
   </div>
   <div class='ocr_carea' id='block_1_25' title="bbox 566 2374 2145 2470">
    <p class='ocr_par' dir='ltr' id='par_1_25' title="bbox 566 2374 2145 2470">
     <span class='ocr_line' id='line_1_25' title="bbox 566 2374 2145 2470; baseline 0.018 -40"><span class='ocrx_word' id='word_1_180' title='bbox 566 2374 853 2441; x_wconf 81' lang='lat' dir='ltr'><strong>Quomodo</strong></span> <span class='ocrx_word' id='word_1_181' title='bbox 888 2388 1067 2436; x_wconf 85' lang='lat' dir='ltr'><strong>autem</strong></span> <span class='ocrx_word' id='word_1_182' title='bbox 1115 2386 1221 2440; x_wconf 90' lang='lat' dir='ltr'><strong>erit</strong></span> <span class='ocrx_word' id='word_1_183' title='bbox 1255 2387 1556 2447; x_wconf 81' lang='lat' dir='ltr'><strong>interitus?</strong></span> <span class='ocrx_word' id='word_1_184' title='bbox 1589 2393 1736 2451; x_wconf 88' lang='lat' dir='ltr'><strong>aliud</strong></span> <span class='ocrx_word' id='word_1_185' title='bbox 1770 2374 2008 2470; x_wconf 76' lang='lat' dir='ltr'><strong>namque</strong></span> <span class='ocrx_word' id='word_1_186' title='bbox 2040 2405 2145 2458; x_wconf 89' lang='lat' dir='ltr'><strong>tol-</strong></span> 
     </span>
    </p>
   </div>
   <div class='ocr_carea' id='block_1_26' title="bbox 569 2467 2147 2567">
    <p class='ocr_par' dir='ltr' id='par_1_26' title="bbox 569 2467 2147 2567">
     <span class='ocr_line' id='line_1_26' title="bbox 569 2467 2147 2567; baseline 0.021 -47"><span class='ocrx_word' id='word_1_187' title='bbox 569 2467 632 2522; x_wconf 87' lang='lat' dir='ltr'><strong>lit</strong></span> <span class='ocrx_word' id='word_1_188' title='bbox 662 2469 937 2538; x_wconf 89' lang='lat' dir='ltr'><strong>interitus,</strong></span> <span class='ocrx_word' id='word_1_189' title='bbox 967 2489 1078 2528; x_wconf 89' lang='lat' dir='ltr'><strong>non</strong></span> <span class='ocrx_word' id='word_1_190' title='bbox 1104 2476 1344 2548; x_wconf 90' lang='lat' dir='ltr'><strong>seipsum</strong></span> <span class='ocrx_word' id='word_1_191' title='bbox 1372 2498 1387 2546; x_wconf 95' lang='lat'><strong>;</strong></span> <span class='ocrx_word' id='word_1_192' title='bbox 1415 2481 1501 2537; x_wconf 88' lang='lat' dir='ltr'><strong>sin</strong></span> <span class='ocrx_word' id='word_1_193' title='bbox 1522 2500 1652 2540; x_wconf 84' lang='lat' dir='ltr'><strong>vero</strong></span> <span class='ocrx_word' id='word_1_194' title='bbox 1676 2467 1939 2559; x_wconf 61' lang='lat' dir='ltr'><strong>seipsum,</strong></span> <span class='ocrx_word' id='word_1_195' title='bbox 1968 2511 2147 2567; x_wconf 85' lang='lat' dir='ltr'><strong>neque</strong></span> 
     </span>
    </p>
   </div>
   <div class='ocr_carea' id='block_1_27' title="bbox 571 2559 2146 2658">
    <p class='ocr_par' dir='ltr' id='par_1_27' title="bbox 571 2559 2146 2658">
     <span class='ocr_line' id='line_1_27' title="bbox 571 2559 2146 2658; baseline 0.023 -47"><span class='ocrx_word' id='word_1_196' title='bbox 571 2559 844 2631; x_wconf 88' lang='lat' dir='ltr'><strong>principio</strong></span> <span class='ocrx_word' id='word_1_197' title='bbox 881 2563 1184 2622; x_wconf 86' lang='lat' dir='ltr'><strong>subsistere</strong></span> <span class='ocrx_word' id='word_1_198' title='bbox 1236 2571 1412 2639; x_wconf 91' lang='lat' dir='ltr'><strong>potuit</strong></span> <span class='ocrx_word' id='word_1_199' title='bbox 1445 2589 1460 2625; x_wconf 89' lang='lat'><strong>:</strong></span> <span class='ocrx_word' id='word_1_200' title='bbox 1494 2575 1766 2634; x_wconf 86' lang='lat' dir='ltr'><strong>videbitur</strong></span> <span class='ocrx_word' id='word_1_201' title='bbox 1793 2584 1938 2638; x_wconf 87' lang='lat' dir='ltr'><strong>enim</strong></span> <span class='ocrx_word' id='word_1_202' title='bbox 1971 2559 2146 2658; x_wconf 61' lang='lat' dir='ltr'><strong>magis</strong></span> 
     </span>
    </p>
   </div>
   <div class='ocr_carea' id='block_1_28' title="bbox 569 2653 2147 2736">
    <p class='ocr_par' dir='ltr' id='par_1_28' title="bbox 569 2653 2147 2736">
     <span class='ocr_line' id='line_1_28' title="bbox 569 2653 2147 2736; baseline 0.018 -30"><span class='ocrx_word' id='word_1_203' title='bbox 569 2667 631 2707; x_wconf 90' lang='lat' dir='ltr'><strong>se</strong></span> <span class='ocrx_word' id='word_1_204' title='bbox 671 2653 790 2724; x_wconf 88' lang='lat' dir='ltr'><strong>ipse</strong></span> <span class='ocrx_word' id='word_1_205' title='bbox 829 2655 1143 2714; x_wconf 84' lang='lat' dir='ltr'><strong>interimere</strong></span> <span class='ocrx_word' id='word_1_206' title='bbox 1175 2677 1338 2732; x_wconf 90' lang='lat' dir='ltr'><strong>quam</strong></span> <span class='ocrx_word' id='word_1_207' title='bbox 1383 2681 1506 2724; x_wconf 89' lang='lat' dir='ltr'><strong>esse</strong></span> <span class='ocrx_word' id='word_1_208' title='bbox 1538 2688 1552 2736; x_wconf 91' lang='lat'><strong>;</strong></span> <span class='ocrx_word' id='word_1_209' title='bbox 1585 2671 1840 2731; x_wconf 77' lang='lat' dir='ltr'><strong>interitus</strong></span> <span class='ocrx_word' id='word_1_210' title='bbox 1867 2678 2011 2731; x_wconf 92' lang='lat' dir='ltr'><strong>enim</strong></span> <span class='ocrx_word' id='word_1_211' title='bbox 2042 2680 2147 2734; x_wconf 88' lang='lat' dir='ltr'><strong>im-</strong></span> 
     </span>
    </p>
   </div>
   <div class='ocr_carea' id='block_1_29' title="bbox 569 2745 2146 2829">
    <p class='ocr_par' dir='ltr' id='par_1_29' title="bbox 569 2745 2146 2829">
     <span class='ocr_line' id='line_1_29' title="bbox 569 2745 2146 2829; baseline 0.02 -32"><span class='ocrx_word' id='word_1_212' title='bbox 569 2745 817 2802; x_wconf 86' lang='lat' dir='ltr'><strong>mortalis</strong></span> <span class='ocrx_word' id='word_1_213' title='bbox 845 2763 957 2802; x_wconf 89' lang='lat' dir='ltr'><strong>non</strong></span> <span class='ocrx_word' id='word_1_214' title='bbox 999 2759 1178 2819; x_wconf 86' lang='lat' dir='ltr'><strong>potest</strong></span> <span class='ocrx_word' id='word_1_215' title='bbox 1210 2758 1514 2813; x_wconf 90' lang='lat' dir='ltr'><strong>secundum</strong></span> <span class='ocrx_word' id='word_1_216' title='bbox 1540 2776 1862 2823; x_wconf 88' lang='lat' dir='ltr'><strong>communes</strong></span> <span class='ocrx_word' id='word_1_217' title='bbox 1891 2771 2146 2829; x_wconf 81' lang='lat' dir='ltr'><strong>notiones</strong></span> 
     </span>
    </p>
   </div>
   <div class='ocr_carea' id='block_1_30' title="bbox 568 2836 2147 2921">
    <p class='ocr_par' dir='ltr' id='par_1_30' title="bbox 568 2836 2147 2921">
     <span class='ocr_line' id='line_1_30' title="bbox 568 2836 2147 2921; baseline 0.02 -33"><span class='ocrx_word' id='word_1_218' title='bbox 568 2836 826 2906; x_wconf 78' lang='lat' dir='ltr'><strong>cogitari.</strong></span> <span class='ocrx_word' id='word_1_219' title='bbox 858 2837 1012 2904; x_wconf 91' lang='lat' dir='ltr'><strong>Quod</strong></span> <span class='ocrx_word' id='word_1_220' title='bbox 1039 2851 1221 2898; x_wconf 89' lang='lat' dir='ltr'><strong>autem</strong></span> <span class='ocrx_word' id='word_1_221' title='bbox 1252 2854 1337 2902; x_wconf 91' lang='lat' dir='ltr'><strong>est</strong></span> <span class='ocrx_word' id='word_1_222' title='bbox 1367 2849 1698 2921; x_wconf 84' lang='lat' dir='ltr'><strong>ingenitum,</strong></span> <span class='ocrx_word' id='word_1_223' title='bbox 1726 2864 2041 2918; x_wconf 85' lang='lat' dir='ltr'><strong>necessario</strong></span> <span class='ocrx_word' id='word_1_224' title='bbox 2062 2873 2147 2921; x_wconf 91' lang='lat' dir='ltr'><strong>est</strong></span> 
     </span>
    </p>
   </div>
   <div class='ocr_carea' id='block_1_31' title="bbox 570 2926 2150 3012">
    <p class='ocr_par' dir='ltr' id='par_1_31' title="bbox 570 2926 2150 3012">
     <span class='ocr_line' id='line_1_31' title="bbox 570 2926 2150 3012; baseline 0.02 -32"><span class='ocrx_word' id='word_1_225' title='bbox 570 2926 640 2982; x_wconf 87' lang='lat' dir='ltr'><strong>ab</strong></span> <span class='ocrx_word' id='word_1_226' title='bbox 679 2926 904 2985; x_wconf 88' lang='lat' dir='ltr'><strong>interitu</strong></span> <span class='ocrx_word' id='word_1_227' title='bbox 954 2931 1188 2989; x_wconf 87' lang='lat' dir='ltr'><strong>liberum</strong></span> <span class='ocrx_word' id='word_1_228' title='bbox 1231 2948 1285 2993; x_wconf 91' lang='lat' dir='ltr'><strong>et</strong></span> <span class='ocrx_word' id='word_1_229' title='bbox 1327 2950 1614 3010; x_wconf 69' lang='lat' dir='ltr'><strong>aeternum,</strong></span> <span class='ocrx_word' id='word_1_230' title='bbox 1652 2948 1796 3004; x_wconf 89' lang='lat' dir='ltr'><strong>unde</strong></span> <span class='ocrx_word' id='word_1_231' title='bbox 1835 2961 1888 3006; x_wconf 90' lang='lat' dir='ltr'><strong>et</strong></span> <span class='ocrx_word' id='word_1_232' title='bbox 1930 2953 2150 3012; x_wconf 90' lang='lat' dir='ltr'><strong>immor-</strong></span> 
     </span>
    </p>
   </div>
   <div class='ocr_carea' id='block_1_32' title="bbox 506 3014 2143 3113">
    <p class='ocr_par' dir='ltr' id='par_1_32' title="bbox 506 3014 2143 3113">
     <span class='ocr_line' id='line_1_32' title="bbox 506 3014 2143 3113; baseline 0.021 -42"><span class='ocrx_word' id='word_1_233' title='bbox 506 3014 513 3022; x_wconf 90' lang='grc'><em>’</em></span> <span class='ocrx_word' id='word_1_234' title='bbox 570 3020 679 3076; x_wconf 89' lang='lat' dir='ltr'><strong>tale</strong></span> <span class='ocrx_word' id='word_1_235' title='bbox 719 3037 731 3072; x_wconf 93' lang='lat'>:</span> <span class='ocrx_word' id='word_1_236' title='bbox 766 3037 932 3092; x_wconf 91' lang='lat' dir='ltr'><strong>supra</strong></span> <span class='ocrx_word' id='word_1_237' title='bbox 972 3029 1200 3085; x_wconf 89' lang='lat' dir='ltr'><strong>mortale</strong></span> <span class='ocrx_word' id='word_1_238' title='bbox 1229 3032 1376 3087; x_wconf 90' lang='lat' dir='ltr'><strong>enim</strong></span> <span class='ocrx_word' id='word_1_239' title='bbox 1411 3043 1494 3090; x_wconf 90' lang='lat' dir='ltr'><strong>est</strong></span> <span class='ocrx_word' id='word_1_240' title='bbox 1527 3040 1672 3108; x_wconf 92' lang='lat' dir='ltr'><strong>quod</strong></span> <span class='ocrx_word' id='word_1_241' title='bbox 1705 3041 2143 3113; x_wconf 80' lang='lat' dir='ltr'><strong>ingenitumest.</strong></span> 
     </span>
    </p>
   </div>
   <div class='ocr_carea' id='block_1_33' title="bbox 571 3110 2146 3206">
    <p class='ocr_par' dir='ltr' id='par_1_33' title="bbox 571 3110 2146 3206">
     <span class='ocr_line' id='line_1_33' title="bbox 571 3110 2146 3206; baseline 0.021 -42"><span class='ocrx_word' id='word_1_242' title='bbox 571 3110 630 3166; x_wconf 91' lang='lat' dir='ltr'><strong>Si</strong></span> <span class='ocrx_word' id='word_1_243' title='bbox 676 3121 857 3168; x_wconf 90' lang='lat' dir='ltr'><strong>autem</strong></span> <span class='ocrx_word' id='word_1_244' title='bbox 908 3116 1011 3171; x_wconf 84' lang='lat' dir='ltr'><strong>hoc</strong></span> <span class='ocrx_word' id='word_1_245' title='bbox 1061 3119 1222 3206; x_wconf 78' lang='lat' dir='ltr'><strong>habet</strong></span> <span class='ocrx_word' id='word_1_246' title='bbox 1272 3127 1530 3193; x_wconf 88' lang='lat' dir='ltr'><strong>materia,</strong></span> <span class='ocrx_word' id='word_1_247' title='bbox 1571 3138 1630 3185; x_wconf 92' lang='lat' dir='ltr'><strong>ut</strong></span> <span class='ocrx_word' id='word_1_248' title='bbox 1673 3110 1956 3206; x_wconf 81' lang='lat' dir='ltr'><strong>nunquam</strong></span> <span class='ocrx_word' id='word_1_249' title='bbox 2001 3139 2146 3198; x_wconf 81' lang='lat' dir='ltr'><strong>facta</strong></span> 
     </span>
    </p>
   </div>
   <div class='ocr_carea' id='block_1_34' title="bbox 570 3195 2143 3302">
    <p class='ocr_par' dir='ltr' id='par_1_34' title="bbox 570 3195 2143 3302">
     <span class='ocr_line' id='line_1_34' title="bbox 570 3195 2143 3302; baseline 0.02 -44"><span class='ocrx_word' id='word_1_250' title='bbox 570 3205 756 3302; x_wconf 69' lang='lat' dir='ltr'><strong>fuerit,</strong></span> <span class='ocrx_word' id='word_1_251' title='bbox 795 3209 944 3276; x_wconf 90' lang='lat' dir='ltr'><strong>quod</strong></span> <span class='ocrx_word' id='word_1_252' title='bbox 990 3195 1292 3282; x_wconf 50' lang='lat' dir='ltr'><strong>majus&#39;est</strong></span> <span class='ocrx_word' id='word_1_253' title='bbox 1324 3234 1340 3284; x_wconf 91' lang='lat'><strong>;</strong></span> <span class='ocrx_word' id='word_1_254' title='bbox 1387 3223 1664 3288; x_wconf 91' lang='lat' dir='ltr'><strong>quomodo</strong></span> <span class='ocrx_word' id='word_1_255' title='bbox 1713 3195 1826 3282; x_wconf 69' lang='lat' dir='ltr'><strong>non</strong></span> <span class='ocrx_word' id='word_1_256' title='bbox 1858 3229 1963 3285; x_wconf 87' lang='lat' dir='ltr'><strong>hoc</strong></span> <span class='ocrx_word' id='word_1_257' title='bbox 1995 3195 2143 3302; x_wconf 83' lang='lat' dir='ltr'><strong>quod</strong></span> 
     </span>
    </p>
   </div>
   <div class='ocr_carea' id='block_1_35' title="bbox 2239 744 3836 822">
    <p class='ocr_par' dir='ltr' id='par_1_35' title="bbox 2239 744 3836 822">
     <span class='ocr_line' id='line_1_35' title="bbox 2239 744 3836 822; baseline 0.006 -25"><span class='ocrx_word' id='word_1_258' title='bbox 2239 744 2360 816; x_wconf 85' lang='grc' dir='ltr'><strong>Θεῷ</strong></span> <span class='ocrx_word' id='word_1_259' title='bbox 2392 745 2491 816; x_wconf 84' lang='grc' dir='ltr'>τὴν</span> <span class='ocrx_word' id='word_1_260' title='bbox 2527 745 2660 819; x_wconf 74' lang='grc' dir='ltr'>ὓλην</span> <span class='ocrx_word' id='word_1_261' title='bbox 2689 748 3216 820; x_wconf 85' lang='grc' dir='ltr'>προσαγορεύεσθαι·</span> <span class='ocrx_word' id='word_1_262' title='bbox 3244 745 3387 815; x_wconf 73' lang='grc' dir='ltr'>οἷον,</span> <span class='ocrx_word' id='word_1_263' title='bbox 3417 750 3513 804; x_wconf 77' lang='grc' dir='ltr'><strong>ἐὰν</strong></span> <span class='ocrx_word' id='word_1_264' title='bbox 3564 751 3804 822; x_wconf 82' lang='grc' dir='ltr'>καλῶμε</span> <span class='ocrx_word' id='word_1_265' title='bbox 3823 773 3836 794; x_wconf 79' lang='grc' dir='ltr'><strong>ο</strong></span> 
     </span>
    </p>
   </div>
   <div class='ocr_carea' id='block_1_36' title="bbox 2239 837 3832 911">
    <p class='ocr_par' dir='ltr' id='par_1_36' title="bbox 2239 837 3832 911">
     <span class='ocr_line' id='line_1_36' title="bbox 2239 837 3832 911; baseline 0.004 -22"><span class='ocrx_word' id='word_1_266' title='bbox 2239 837 2333 890; x_wconf 83' lang='grc' dir='ltr'><strong>τὸν</strong></span> <span class='ocrx_word' id='word_1_267' title='bbox 2369 837 2502 892; x_wconf 82' lang='grc' dir='ltr'>Θεὸν</span> <span class='ocrx_word' id='word_1_268' title='bbox 2553 839 2686 908; x_wconf 83' lang='grc' dir='ltr'>φῶς,</span> <span class='ocrx_word' id='word_1_269' title='bbox 2732 839 2794 892; x_wconf 77' lang='grc' dir='ltr'><strong>τὸ</strong></span> <span class='ocrx_word' id='word_1_270' title='bbox 2843 841 3081 894; x_wconf 79' lang='grc' dir='ltr'>ἐναντίον</span> <span class='ocrx_word' id='word_1_271' title='bbox 3124 841 3345 905; x_wconf 83' lang='grc' dir='ltr'><strong>σκότος·</strong></span> <span class='ocrx_word' id='word_1_272' title='bbox 3374 841 3468 896; x_wconf 65' lang='lat' dir='ltr'><strong>say</strong></span> <span class='ocrx_word' id='word_1_273' title='bbox 3497 843 3554 896; x_wconf 85' lang='grc' dir='ltr'>δὲ</span> <span class='ocrx_word' id='word_1_274' title='bbox 3593 843 3832 911; x_wconf 75' lang='grc' dir='ltr'>ἀγαθὸν,</span> 
     </span>
    </p>
   </div>
   <div class='ocr_carea' id='block_1_37' title="bbox 2242 932 3831 1004">
    <p class='ocr_par' dir='ltr' id='par_1_37' title="bbox 2242 932 3831 1004">
     <span class='ocr_line' id='line_1_37' title="bbox 2242 932 3831 1004; baseline 0.003 -19"><span class='ocrx_word' id='word_1_275' title='bbox 2242 933 2419 985; x_wconf 75' lang='grc' dir='ltr'>ἐκεῖνο</span> <span class='ocrx_word' id='word_1_276' title='bbox 2476 932 2675 986; x_wconf 86' lang='grc' dir='ltr'>κακόν·</span> <span class='ocrx_word' id='word_1_277' title='bbox 2717 933 2811 986; x_wconf 85' lang='grc' dir='ltr'>ὲάν</span> <span class='ocrx_word' id='word_1_278' title='bbox 2853 933 3032 1004; x_wconf 82' lang='grc' dir='ltr'>μέντοι</span> <span class='ocrx_word' id='word_1_279' title='bbox 3076 934 3396 1004; x_wconf 77' lang='grc' dir='ltr'><strong>καλέσωμεν</strong></span> <span class='ocrx_word' id='word_1_280' title='bbox 3427 936 3530 990; x_wconf 83' lang='grc' dir='ltr'>τὸν·</span> <span class='ocrx_word' id='word_1_281' title='bbox 3561 935 3698 988; x_wconf 77' lang='grc' dir='ltr'>Θεὸν</span> <span class='ocrx_word' id='word_1_282' title='bbox 3729 939 3831 989; x_wconf 83' lang='grc' dir='ltr'>αὑ-</span> 
     </span>
    </p>
   </div>
   <div class='ocr_carea' id='block_1_38' title="bbox 2241 1023 3830 1100">
    <p class='ocr_par' dir='ltr' id='par_1_38' title="bbox 2241 1023 3830 1100">
     <span class='ocr_line' id='line_1_38' title="bbox 2241 1023 3830 1100; baseline 0.002 -22"><span class='ocrx_word' id='word_1_283' title='bbox 2241 1023 2583 1096; x_wconf 87' lang='grc' dir='ltr'>τοαλήθειαν,</span> <span class='ocrx_word' id='word_1_284' title='bbox 2612 1024 2851 1095; x_wconf 79' lang='grc' dir='ltr'>δηλονότι</span> <span class='ocrx_word' id='word_1_285' title='bbox 2872 1025 2932 1079; x_wconf 84' lang='grc' dir='ltr'><strong>τὸ</strong></span> <span class='ocrx_word' id='word_1_286' title='bbox 2960 1026 3199 1082; x_wconf 73' lang='grc' dir='ltr'>ἐναντίον</span> <span class='ocrx_word' id='word_1_287' title='bbox 3228 1027 3423 1098; x_wconf 73' lang='grc' dir='ltr'>ψεῦδος</span> <span class='ocrx_word' id='word_1_288' title='bbox 3456 1028 3795 1100; x_wconf 74' lang='grc' dir='ltr'><strong>κεκλήσεται</strong></span> <span class='ocrx_word' id='word_1_289' title='bbox 3813 1044 3830 1059; x_wconf 77' lang='grc' dir='ltr'><strong>ο</strong></span> 
     </span>
    </p>
   </div>
   <div class='ocr_carea' id='block_1_39' title="bbox 2240 1116 3829 1191">
    <p class='ocr_par' dir='ltr' id='par_1_39' title="bbox 2240 1116 3829 1191">
     <span class='ocr_line' id='line_1_39' title="bbox 2240 1116 3829 1191; baseline 0.003 -20"><span class='ocrx_word' id='word_1_290' title='bbox 2240 1118 2303 1171; x_wconf 74' lang='grc' dir='ltr'>τὸ</span> <span class='ocrx_word' id='word_1_291' title='bbox 2333 1117 2390 1170; x_wconf 85' lang='grc' dir='ltr'>δὲ</span> <span class='ocrx_word' id='word_1_292' title='bbox 2419 1116 2632 1187; x_wconf 82' lang='grc' dir='ltr'>ἀληθῶς</span> <span class='ocrx_word' id='word_1_293' title='bbox 2659 1117 2737 1183; x_wconf 81' lang='grc' dir='ltr'><strong>ὃν,</strong></span> <span class='ocrx_word' id='word_1_294' title='bbox 2763 1119 2838 1182; x_wconf 86' lang='grc' dir='ltr'>ὡς</span> <span class='ocrx_word' id='word_1_295' title='bbox 2864 1119 3212 1190; x_wconf 84' lang='grc' dir='ltr'>ὑπειλήφασι,</span> <span class='ocrx_word' id='word_1_296' title='bbox 3249 1119 3366 1182; x_wconf 83' lang='grc' dir='ltr'><strong>πῶς</strong></span> <span class='ocrx_word' id='word_1_297' title='bbox 3395 1121 3460 1174; x_wconf 87' lang='grc' dir='ltr'><strong>ἂν</strong></span> <span class='ocrx_word' id='word_1_298' title='bbox 3486 1119 3572 1191; x_wconf 79' lang='grc' dir='ltr'><strong>εἴη</strong></span> <span class='ocrx_word' id='word_1_299' title='bbox 3591 1120 3829 1189; x_wconf 58' lang='grc' dir='ltr'>ψεῦδος</span> 
     </span>
    </p>
   </div>
   <div class='ocr_carea' id='block_1_40' title="bbox 2241 1209 3827 1287">
    <p class='ocr_par' dir='ltr' id='par_1_40' title="bbox 2241 1209 3827 1287">
     <span class='ocr_line' id='line_1_40' title="bbox 2241 1209 3827 1287; baseline 0.003 -23"><span class='ocrx_word' id='word_1_300' title='bbox 2241 1211 2304 1264; x_wconf 83' lang='grc' dir='ltr'>τὺ</span> <span class='ocrx_word' id='word_1_301' title='bbox 2341 1211 2441 1282; x_wconf 84' lang='grc' dir='ltr'><strong>μὲν</strong></span> <span class='ocrx_word' id='word_1_302' title='bbox 2463 1212 2570 1282; x_wconf 84' lang='grc' dir='ltr'>γὰρ</span> <span class='ocrx_word' id='word_1_303' title='bbox 2601 1211 2680 1282; x_wconf 82' lang='grc' dir='ltr'>μὴ</span> <span class='ocrx_word' id='word_1_304' title='bbox 2705 1210 2784 1276; x_wconf 77' lang='grc' dir='ltr'><strong>ὃν,</strong></span> <span class='ocrx_word' id='word_1_305' title='bbox 2815 1214 2862 1265; x_wconf 76' lang='grc' dir='ltr'>εἰ</span> <span class='ocrx_word' id='word_1_306' title='bbox 2890 1211 3098 1280; x_wconf 82' lang='grc' dir='ltr'>λέγοιτο</span> <span class='ocrx_word' id='word_1_307' title='bbox 3151 1209 3311 1276; x_wconf 71' lang='grc' dir='ltr'>εἶναι,</span> <span class='ocrx_word' id='word_1_308' title='bbox 3346 1213 3540 1283; x_wconf 75' lang='grc' dir='ltr'>ψεῦδος</span> <span class='ocrx_word' id='word_1_309' title='bbox 3586 1215 3786 1287; x_wconf 68' lang='grc' dir='ltr'>ἃνιεῑη</span> <span class='ocrx_word' id='word_1_310' title='bbox 3812 1232 3827 1244; x_wconf 79' lang='lat'><strong><em>°</em></strong></span> 
     </span>
    </p>
   </div>
   <div class='ocr_carea' id='block_1_41' title="bbox 2242 1300 3827 1378">
    <p class='ocr_par' dir='ltr' id='par_1_41' title="bbox 2242 1300 3827 1378">
     <span class='ocr_line' id='line_1_41' title="bbox 2242 1300 3827 1378; baseline 0.004 -22"><span class='ocrx_word' id='word_1_311' title='bbox 2242 1303 2303 1356; x_wconf 84' lang='grc' dir='ltr'><strong>τὸ</strong></span> <span class='ocrx_word' id='word_1_312' title='bbox 2324 1303 2381 1358; x_wconf 87' lang='grc' dir='ltr'>δὲ</span> <span class='ocrx_word' id='word_1_313' title='bbox 2437 1304 2516 1366; x_wconf 84' lang='grc' dir='ltr'>ὃν,</span> <span class='ocrx_word' id='word_1_314' title='bbox 2565 1304 2660 1356; x_wconf 79' lang='grc' dir='ltr'>καὶ</span> <span class='ocrx_word' id='word_1_315' title='bbox 2695 1303 2908 1375; x_wconf 85' lang='grc' dir='ltr'>άληθῶς</span> <span class='ocrx_word' id='word_1_316' title='bbox 2945 1303 3024 1369; x_wconf 75' lang='grc' dir='ltr'><strong>ὃν,</strong></span> <span class='ocrx_word' id='word_1_317' title='bbox 3072 1304 3219 1375; x_wconf 81' lang='grc' dir='ltr'>αὑτῷ</span> <span class='ocrx_word' id='word_1_318' title='bbox 3251 1305 3329 1376; x_wconf 80' lang='grc' dir='ltr'><strong>τῷ</strong></span> <span class='ocrx_word' id='word_1_319' title='bbox 3363 1300 3501 1360; x_wconf 79' lang='grc' dir='ltr'>εἶναι</span> <span class='ocrx_word' id='word_1_320' title='bbox 3529 1307 3827 1378; x_wconf 80' lang='grc' dir='ltr'>ἀληθεῦον,</span> 
     </span>
    </p>
   </div>
   <div class='ocr_carea' id='block_1_42' title="bbox 2243 1393 3826 1469">
    <p class='ocr_par' dir='ltr' id='par_1_42' title="bbox 2243 1393 3826 1469">
     <span class='ocr_line' id='line_1_42' title="bbox 2243 1393 3826 1469; baseline 0.001 -19"><span class='ocrx_word' id='word_1_321' title='bbox 2243 1397 2344 1450; x_wconf 86' lang='grc' dir='ltr'><strong>οὑκ</strong></span> <span class='ocrx_word' id='word_1_322' title='bbox 2371 1396 2437 1450; x_wconf 88' lang='grc' dir='ltr'><strong>ἂν</strong></span> <span class='ocrx_word' id='word_1_323' title='bbox 2459 1397 2543 1467; x_wconf 79' lang='grc' dir='ltr'>εἴη</span> <span class='ocrx_word' id='word_1_324' title='bbox 2573 1394 2796 1465; x_wconf 73' lang='grc' dir='ltr'>ψεῦδος-ο</span> <span class='ocrx_word' id='word_1_325' title='bbox 2820 1398 2868 1448; x_wconf 76' lang='grc' dir='ltr'>εἰ</span> <span class='ocrx_word' id='word_1_326' title='bbox 2898 1397 3006 1466; x_wconf 85' lang='grc' dir='ltr'>γὰρ</span> <span class='ocrx_word' id='word_1_327' title='bbox 3037 1393 3175 1452; x_wconf 73' lang='grc' dir='ltr'>εἶναι</span> <span class='ocrx_word' id='word_1_328' title='bbox 3215 1397 3361 1466; x_wconf 84' lang='grc' dir='ltr'>λέγει</span> <span class='ocrx_word' id='word_1_329' title='bbox 3386 1416 3491 1464; x_wconf 88' lang='grc' dir='ltr'>τις,</span> <span class='ocrx_word' id='word_1_330' title='bbox 3524 1399 3826 1469; x_wconf 78' lang='grc' dir='ltr'>ἀληθεύειο</span> 
     </span>
    </p>
   </div>
   <div class='ocr_carea' id='block_1_43' title="bbox 2244 1488 3824 1564">
    <p class='ocr_par' dir='ltr' id='par_1_43' title="bbox 2244 1488 3824 1564">
     <span class='ocr_line' id='line_1_43' title="bbox 2244 1488 3824 1564; baseline 0.001 -22"><span class='ocrx_word' id='word_1_331' title='bbox 2244 1491 2292 1542; x_wconf 88' lang='grc' dir='ltr'>εἰ</span> <span class='ocrx_word' id='word_1_332' title='bbox 2315 1490 2370 1542; x_wconf 86' lang='grc' dir='ltr'>δὲ</span> <span class='ocrx_word' id='word_1_333' title='bbox 2403 1488 2477 1560; x_wconf 84' lang='grc' dir='ltr'>μὴ</span> <span class='ocrx_word' id='word_1_334' title='bbox 2498 1488 2664 1557; x_wconf 80' lang='grc' dir='ltr'><strong>λέγει,</strong></span> <span class='ocrx_word' id='word_1_335' title='bbox 2691 1489 2771 1542; x_wconf 80' lang='grc' dir='ltr'>ὃτι</span> <span class='ocrx_word' id='word_1_336' title='bbox 2793 1488 2959 1554; x_wconf 82' lang='grc' dir='ltr'>ἔστιν,</span> <span class='ocrx_word' id='word_1_337' title='bbox 2995 1489 3082 1542; x_wconf 81' lang='grc' dir='ltr'><strong>ἵνα</strong></span> <span class='ocrx_word' id='word_1_338' title='bbox 3115 1489 3198 1559; x_wconf 29' lang='grc' dir='ltr'><strong>μὴ.</strong></span> <span class='ocrx_word' id='word_1_339' title='bbox 3224 1489 3518 1564; x_wconf 71' lang='grc' dir='ltr'>ἀληθεύσῃ,</span> <span class='ocrx_word' id='word_1_340' title='bbox 3551 1490 3667 1544; x_wconf 84' lang='grc' dir='ltr'>ἀλλ’</span> <span class='ocrx_word' id='word_1_341' title='bbox 3700 1491 3824 1544; x_wconf 83' lang='grc' dir='ltr'>οὑδὲ</span> 
     </span>
    </p>
   </div>
   <div class='ocr_carea' id='block_1_44' title="bbox 2243 1577 3820 1655">
    <p class='ocr_par' dir='ltr' id='par_1_44' title="bbox 2243 1577 3820 1655">
     <span class='ocr_line' id='line_1_44' title="bbox 2243 1577 3820 1655; baseline 0.004 -25"><span class='ocrx_word' id='word_1_342' title='bbox 2243 1577 2324 1630; x_wconf 82' lang='grc' dir='ltr'>ὅτι</span> <span class='ocrx_word' id='word_1_343' title='bbox 2345 1577 2443 1630; x_wconf 84' lang='grc' dir='ltr'><strong>οὑκ</strong></span> <span class='ocrx_word' id='word_1_344' title='bbox 2463 1577 2607 1630; x_wconf 79' lang='grc' dir='ltr'>ἔστιν</span> <span class='ocrx_word' id='word_1_345' title='bbox 2637 1577 2782 1631; x_wconf 78' lang='grc' dir='ltr'>εἴποι</span> <span class='ocrx_word' id='word_1_346' title='bbox 2803 1578 2889 1641; x_wconf 85' lang='grc' dir='ltr'><strong>ἂν,</strong></span> <span class='ocrx_word' id='word_1_347' title='bbox 2924 1578 3010 1630; x_wconf 79' lang='grc' dir='ltr'><strong>ἵνα</strong></span> <span class='ocrx_word' id='word_1_348' title='bbox 3035 1578 3322 1650; x_wconf 61' lang='grc' dir='ltr'>ψεύσηταιο</span> <span class='ocrx_word' id='word_1_349' title='bbox 3343 1580 3445 1634; x_wconf 83' lang='grc' dir='ltr'>κᾶν</span> <span class='ocrx_word' id='word_1_350' title='bbox 3470 1582 3606 1635; x_wconf 70' lang='grc' dir='ltr'>εἷται)</span> <span class='ocrx_word' id='word_1_351' title='bbox 3622 1581 3728 1655; x_wconf 83' lang='lat'><strong>(6&#39;)</strong></span> <span class='ocrx_word' id='word_1_352' title='bbox 3743 1583 3820 1649; x_wconf 72' lang='grc' dir='ltr'><strong>δὲ,</strong></span> 
     </span>
    </p>
   </div>
   <div class='ocr_carea' id='block_1_45' title="bbox 2243 1668 3821 1743">
    <p class='ocr_par' dir='ltr' id='par_1_45' title="bbox 2243 1668 3821 1743">
     <span class='ocr_line' id='line_1_45' title="bbox 2243 1668 3821 1743; baseline -0.001 -21"><span class='ocrx_word' id='word_1_353' title='bbox 2243 1670 2325 1722; x_wconf 82' lang='grc' dir='ltr'><strong>ὅτι</strong></span> <span class='ocrx_word' id='word_1_354' title='bbox 2345 1669 2445 1722; x_wconf 90' lang='grc' dir='ltr'><strong>οὑκ</strong></span> <span class='ocrx_word' id='word_1_355' title='bbox 2468 1668 2601 1732; x_wconf 79' lang='grc' dir='ltr'>ἔστι,</span> <span class='ocrx_word' id='word_1_356' title='bbox 2636 1671 2702 1740; x_wconf 77' lang='grc' dir='ltr'>τῇ</span> <span class='ocrx_word' id='word_1_357' title='bbox 2741 1669 2952 1739; x_wconf 76' lang='grc' dir='ltr'>ἐπινοίᾳ</span> <span class='ocrx_word' id='word_1_358' title='bbox 2983 1669 3256 1739; x_wconf 76' lang='grc' dir='ltr'><strong>ψεύδεται.</strong></span> <span class='ocrx_word' id='word_1_359' title='bbox 3281 1670 3488 1725; x_wconf 82' lang='grc' dir='ltr'>Οὐκοῦν</span> <span class='ocrx_word' id='word_1_360' title='bbox 3516 1674 3648 1728; x_wconf 82' lang='grc' dir='ltr'>αὐτὸ</span> <span class='ocrx_word' id='word_1_361' title='bbox 3684 1672 3821 1743; x_wconf 77' lang='grc' dir='ltr'><strong>ψεῦ.</strong></span> 
     </span>
    </p>
   </div>
   <div class='ocr_carea' id='block_1_46' title="bbox 2243 1761 2983 1833">
    <p class='ocr_par' dir='ltr' id='par_1_46' title="bbox 2243 1761 2983 1833">
     <span class='ocr_line' id='line_1_46' title="bbox 2243 1761 2983 1833; baseline -0.001 -18"><span class='ocrx_word' id='word_1_362' title='bbox 2243 1762 2332 1824; x_wconf 81' lang='grc' dir='ltr'><strong>δος</strong></span> <span class='ocrx_word' id='word_1_363' title='bbox 2351 1778 2369 1792; x_wconf 65' lang='grc' dir='ltr'><strong>ι</strong></span> <span class='ocrx_word' id='word_1_364' title='bbox 2386 1761 2444 1815; x_wconf 80' lang='grc' dir='ltr'>ὃν</span> <span class='ocrx_word' id='word_1_365' title='bbox 2467 1762 2575 1832; x_wconf 88' lang='grc' dir='ltr'><strong>γάρ</strong></span> <span class='ocrx_word' id='word_1_366' title='bbox 2598 1764 2746 1815; x_wconf 78' lang='grc' dir='ltr'>ἐστιν</span> <span class='ocrx_word' id='word_1_367' title='bbox 2767 1761 2983 1833; x_wconf 83' lang='grc' dir='ltr'>άληθῶς</span> 
     </span>
    </p>
   </div>
   <div class='ocr_carea' id='block_1_47' title="bbox 2319 1940 3822 2014">
    <p class='ocr_par' dir='ltr' id='par_1_47' title="bbox 2319 1940 3822 2014">
     <span class='ocr_line' id='line_1_47' title="bbox 2319 1940 3822 2014; baseline -0.003 -14"><span class='ocrx_word' id='word_1_368' title='bbox 2319 1947 2551 2000; x_wconf 85' lang='grc' dir='ltr'>Ἔπειτα</span> <span class='ocrx_word' id='word_1_369' title='bbox 2606 1946 2655 1997; x_wconf 76' lang='grc' dir='ltr'>εἰ</span> <span class='ocrx_word' id='word_1_370' title='bbox 2722 1943 2934 1997; x_wconf 83' lang='grc' dir='ltr'>καλοῖεν</span> <span class='ocrx_word' id='word_1_371' title='bbox 3003 1943 3236 2012; x_wconf 71' lang='grc' dir='ltr'>τάγαθὸν</span> <span class='ocrx_word' id='word_1_372' title='bbox 3294 1940 3630 2014; x_wconf 81' lang='grc' dir='ltr'>ἀφθαρσίαν,</span> <span class='ocrx_word' id='word_1_373' title='bbox 3691 1941 3822 2012; x_wconf 84' lang='grc' dir='ltr'>φθο-</span> 
     </span>
    </p>
   </div>
   <div class='ocr_carea' id='block_1_48' title="bbox 2250 2033 3821 2112">
    <p class='ocr_par' dir='ltr' id='par_1_48' title="bbox 2250 2033 3821 2112">
     <span class='ocr_line' id='line_1_48' title="bbox 2250 2033 3821 2112; baseline -0.004 -17"><span class='ocrx_word' id='word_1_374' title='bbox 2250 2041 2346 2112; x_wconf 82' lang='grc' dir='ltr'><strong>ράν</strong></span> <span class='ocrx_word' id='word_1_375' title='bbox 2403 2038 2726 2110; x_wconf 83' lang='grc' dir='ltr'>ὀνομάσουσι</span> <span class='ocrx_word' id='word_1_376' title='bbox 2791 2037 2852 2090; x_wconf 87' lang='grc' dir='ltr'><strong>τὸ</strong></span> <span class='ocrx_word' id='word_1_377' title='bbox 2899 2037 3090 2090; x_wconf 87' lang='grc' dir='ltr'>κακόν.</span> <span class='ocrx_word' id='word_1_378' title='bbox 3143 2036 3297 2100; x_wconf 87' lang='grc' dir='ltr'>Τίνος</span> <span class='ocrx_word' id='word_1_379' title='bbox 3326 2036 3370 2088; x_wconf 51' lang='grc' dir='ltr'><strong>δέ</strong></span> <span class='ocrx_word' id='word_1_380' title='bbox 3397 2035 3464 2089; x_wconf 83' lang='grc' dir='ltr'>ἂν</span> <span class='ocrx_word' id='word_1_381' title='bbox 3495 2034 3580 2106; x_wconf 82' lang='grc' dir='ltr'><strong>εῐη</strong></span> <span class='ocrx_word' id='word_1_382' title='bbox 3642 2033 3821 2106; x_wconf 81' lang='grc' dir='ltr'>φθορά</span> 
     </span>
    </p>
   </div>
   <div class='ocr_carea' id='block_1_49' title="bbox 2243 2127 3821 2208">
    <p class='ocr_par' dir='ltr' id='par_1_49' title="bbox 2243 2127 3821 2208">
     <span class='ocr_line' id='line_1_49' title="bbox 2243 2127 3821 2208; baseline -0.027 24"><span class='ocrx_word' id='word_1_383' title='bbox 2243 2140 2276 2208; x_wconf 68' lang='grc' dir='ltr'><strong>ἡ</strong></span> <span class='ocrx_word' id='word_1_384' title='bbox 2303 2135 2504 2206; x_wconf 60' lang='grc' dir='ltr'><strong>φθοράἓ</strong></span> <span class='ocrx_word' id='word_1_385' title='bbox 2538 2132 2630 2187; x_wconf 65' lang='grc' dir='ltr'><strong>τοῦ</strong></span> <span class='ocrx_word' id='word_1_386' title='bbox 2669 2130 2893 2204; x_wconf 67' lang='grc' dir='ltr'><strong>μὲνγὰρ</strong></span> <span class='ocrx_word' id='word_1_387' title='bbox 2920 2128 3126 2198; x_wconf 72' lang='grc' dir='ltr'>ἀγαθοῦ</span> <span class='ocrx_word' id='word_1_388' title='bbox 3158 2129 3445 2182; x_wconf 86' lang='grc' dir='ltr'>ἀδύνατον·</span> <span class='ocrx_word' id='word_1_389' title='bbox 3475 2129 3524 2180; x_wconf 79' lang='grc' dir='ltr'><strong>ει</strong></span> <span class='ocrx_word' id='word_1_390' title='bbox 3549 2127 3593 2180; x_wconf 70' lang='grc' dir='ltr'><strong>δ’</strong></span> <span class='ocrx_word' id='word_1_391' title='bbox 3620 2129 3821 2198; x_wconf 72' lang='grc' dir='ltr'>ἑαυτῆς</span> 
     </span>
    </p>
   </div>
   <div class='ocr_carea' id='block_1_50' title="bbox 2245 2221 3816 2302">
    <p class='ocr_par' dir='ltr' id='par_1_50' title="bbox 2245 2221 3816 2302">
     <span class='ocr_line' id='line_1_50' title="bbox 2245 2221 3816 2302; baseline -0.007 -18"><span class='ocrx_word' id='word_1_392' title='bbox 2245 2231 2328 2302; x_wconf 78' lang='grc' dir='ltr'>εἴη</span> <span class='ocrx_word' id='word_1_393' title='bbox 2355 2228 2550 2300; x_wconf 85' lang='grc' dir='ltr'>φθορὰ,</span> <span class='ocrx_word' id='word_1_394' title='bbox 2580 2229 2635 2278; x_wconf 81' lang='grc' dir='ltr'>ὲν</span> <span class='ocrx_word' id='word_1_395' title='bbox 2670 2225 2882 2290; x_wconf 82' lang='grc' dir='ltr'>πολλοῖς</span> <span class='ocrx_word' id='word_1_396' title='bbox 2909 2226 3019 2288; x_wconf 83' lang='grc' dir='ltr'>τοῖς</span> <span class='ocrx_word' id='word_1_397' title='bbox 3051 2222 3209 2277; x_wconf 76' lang='grc' dir='ltr'>αίῶσι</span> <span class='ocrx_word' id='word_1_398' title='bbox 3235 2221 3555 2292; x_wconf 76' lang='grc' dir='ltr'>διέφθαρκεν</span> <span class='ocrx_word' id='word_1_399' title='bbox 3594 2223 3816 2293; x_wconf 74' lang='grc' dir='ltr'>ἑαυτήνο</span> 
     </span>
    </p>
   </div>
   <div class='ocr_carea' id='block_1_51' title="bbox 2244 2312 3817 2393">
    <p class='ocr_par' dir='ltr' id='par_1_51' title="bbox 2244 2312 3817 2393">
     <span class='ocr_line' id='line_1_51' title="bbox 2244 2312 3817 2393; baseline -0.008 -16"><span class='ocrx_word' id='word_1_400' title='bbox 2244 2325 2338 2378; x_wconf 75' lang='grc' dir='ltr'>καὶ</span> <span class='ocrx_word' id='word_1_401' title='bbox 2373 2323 2547 2393; x_wconf 89' lang='grc' dir='ltr'>μάτην</span> <span class='ocrx_word' id='word_1_402' title='bbox 2593 2318 2760 2389; x_wconf 81' lang='grc' dir='ltr'>αὑτὴν</span> <span class='ocrx_word' id='word_1_403' title='bbox 2797 2312 2936 2371; x_wconf 75' lang='grc' dir='ltr'>εἷναι</span> <span class='ocrx_word' id='word_1_404' title='bbox 2990 2315 3349 2385; x_wconf 78' lang='grc' dir='ltr'>φαντάζονται</span> <span class='ocrx_word' id='word_1_405' title='bbox 3375 2357 3386 2368; x_wconf 94' lang='grc'>.</span> <span class='ocrx_word' id='word_1_406' title='bbox 3415 2314 3541 2378; x_wconf 85' lang='grc' dir='ltr'><strong>Πῶς</strong></span> <span class='ocrx_word' id='word_1_407' title='bbox 3567 2313 3611 2367; x_wconf 89' lang='grc' dir='ltr'>δ’</span> <span class='ocrx_word' id='word_1_408' title='bbox 3632 2313 3701 2368; x_wconf 82' lang='grc' dir='ltr'>ἂν</span> <span class='ocrx_word' id='word_1_409' title='bbox 3733 2313 3817 2384; x_wconf 70' lang='grc' dir='ltr'>εἴη</span> 
     </span>
    </p>
   </div>
   <div class='ocr_carea' id='block_1_52' title="bbox 2246 2405 3819 2485">
    <p class='ocr_par' dir='ltr' id='par_1_52' title="bbox 2246 2405 3819 2485">
     <span class='ocr_line' id='line_1_52' title="bbox 2246 2405 3819 2485; baseline -0.007 -17"><span class='ocrx_word' id='word_1_410' title='bbox 2246 2413 2452 2485; x_wconf 88' lang='grc' dir='ltr'>φθορά;</span> <span class='ocrx_word' id='word_1_411' title='bbox 2496 2411 2709 2471; x_wconf 86' lang='grc' dir='ltr'>πάντως</span> <span class='ocrx_word' id='word_1_412' title='bbox 2741 2409 2816 2481; x_wconf 86' lang='grc'><strong>(7)</strong></span> <span class='ocrx_word' id='word_1_413' title='bbox 2855 2407 2961 2480; x_wconf 85' lang='grc' dir='ltr'>γὰρ</span> <span class='ocrx_word' id='word_1_414' title='bbox 3003 2407 3186 2475; x_wconf 72' lang='grc' dir='ltr'>ἕτερόν</span> <span class='ocrx_word' id='word_1_415' title='bbox 3213 2424 3266 2459; x_wconf 87' lang='grc' dir='ltr'><strong>τι</strong></span> <span class='ocrx_word' id='word_1_416' title='bbox 3295 2405 3524 2475; x_wconf 81' lang='grc' dir='ltr'>φθείρει,</span> <span class='ocrx_word' id='word_1_417' title='bbox 3559 2406 3659 2475; x_wconf 92' lang='grc' dir='ltr'><strong>οὑχ</strong></span> <span class='ocrx_word' id='word_1_418' title='bbox 3696 2407 3819 2458; x_wconf 82' lang='grc' dir='ltr'>ἐαυ-</span> 
     </span>
    </p>
   </div>
   <div class='ocr_carea' id='block_1_53' title="bbox 2243 2496 3814 2578">
    <p class='ocr_par' dir='ltr' id='par_1_53' title="bbox 2243 2496 3814 2578">
     <span class='ocr_line' id='line_1_53' title="bbox 2243 2496 3814 2578; baseline -0.009 -17"><span class='ocrx_word' id='word_1_419' title='bbox 2243 2507 2368 2578; x_wconf 87' lang='grc' dir='ltr'>τήν·</span> <span class='ocrx_word' id='word_1_420' title='bbox 2402 2503 2527 2556; x_wconf 79' lang='grc' dir='ltr'>εἰδὲ</span> <span class='ocrx_word' id='word_1_421' title='bbox 2567 2501 2786 2570; x_wconf 73' lang='grc' dir='ltr'>ἑαυτὴν,</span> <span class='ocrx_word' id='word_1_422' title='bbox 2811 2499 2916 2552; x_wconf 80' lang='grc' dir='ltr'>οὐδ’</span> <span class='ocrx_word' id='word_1_423' title='bbox 2949 2498 3015 2554; x_wconf 85' lang='grc' dir='ltr'>ἂν</span> <span class='ocrx_word' id='word_1_424' title='bbox 3040 2497 3136 2569; x_wconf 84' lang='grc' dir='ltr'>τὴν</span> <span class='ocrx_word' id='word_1_425' title='bbox 3166 2497 3338 2569; x_wconf 82' lang='grc' dir='ltr'>ἀρχὴν</span> <span class='ocrx_word' id='word_1_426' title='bbox 3368 2496 3573 2568; x_wconf 82' lang='grc' dir='ltr'>ὑπέστη</span> <span class='ocrx_word' id='word_1_427' title='bbox 3594 2514 3608 2527; x_wconf 91' lang='grc'><strong>·</strong></span> <span class='ocrx_word' id='word_1_428' title='bbox 3647 2496 3814 2567; x_wconf 36' lang='lat' dir='ltr'><strong>deos,</strong></span> 
     </span>
    </p>
   </div>
   <div class='ocr_carea' id='block_1_54' title="bbox 2247 2583 3814 2664">
    <p class='ocr_par' dir='ltr' id='par_1_54' title="bbox 2247 2583 3814 2664">
     <span class='ocr_line' id='line_1_54' title="bbox 2247 2583 3814 2664; baseline -0.007 -14"><span class='ocrx_word' id='word_1_429' title='bbox 2247 2613 2394 2649; x_wconf 88' lang='grc' dir='ltr'>σεται</span> <span class='ocrx_word' id='word_1_430' title='bbox 2423 2594 2531 2664; x_wconf 85' lang='grc' dir='ltr'><strong>γάρ</strong></span> <span class='ocrx_word' id='word_1_431' title='bbox 2561 2591 2755 2662; x_wconf 79' lang='grc' dir='ltr'>ἑαυτὴν</span> <span class='ocrx_word' id='word_1_432' title='bbox 2787 2589 3079 2661; x_wconf 84' lang='grc' dir='ltr'>φθείρουσα</span> <span class='ocrx_word' id='word_1_433' title='bbox 3114 2588 3312 2659; x_wconf 81' lang='grc' dir='ltr'>μᾶλλον</span> <span class='ocrx_word' id='word_1_434' title='bbox 3350 2589 3383 2659; x_wconf 82' lang='grc' dir='ltr'>ἢ</span> <span class='ocrx_word' id='word_1_435' title='bbox 3427 2583 3593 2641; x_wconf 82' lang='grc' dir='ltr'>οὖσα’</span> <span class='ocrx_word' id='word_1_436' title='bbox 3648 2587 3814 2659; x_wconf 73' lang='grc' dir='ltr'>φθορὰ</span> 
     </span>
    </p>
   </div>
   <div class='ocr_carea' id='block_1_55' title="bbox 2245 2677 3817 2760">
    <p class='ocr_par' dir='ltr' id='par_1_55' title="bbox 2245 2677 3817 2760">
     <span class='ocr_line' id='line_1_55' title="bbox 2245 2677 3817 2760; baseline -0.01 -16"><span class='ocrx_word' id='word_1_437' title='bbox 2245 2689 2353 2760; x_wconf 87' lang='grc' dir='ltr'><strong>γάρ</strong></span> <span class='ocrx_word' id='word_1_438' title='bbox 2401 2687 2675 2759; x_wconf 74' lang='grc' dir='ltr'>ἄφθαρτος</span> <span class='ocrx_word' id='word_1_439' title='bbox 2733 2682 3010 2743; x_wconf 85' lang='grc' dir='ltr'>ἀδύνατον,</span> <span class='ocrx_word' id='word_1_440' title='bbox 3044 2681 3184 2734; x_wconf 86' lang='grc' dir='ltr'>κατά</span> <span class='ocrx_word' id='word_1_441' title='bbox 3237 2697 3301 2747; x_wconf 90' lang='grc' dir='ltr'><strong>γε</strong></span> <span class='ocrx_word' id='word_1_442' title='bbox 3347 2679 3447 2742; x_wconf 74' lang='grc' dir='ltr'><strong>τὰς</strong></span> <span class='ocrx_word' id='word_1_443' title='bbox 3488 2677 3672 2742; x_wconf 86' lang='grc' dir='ltr'>κοινάς</span> <span class='ocrx_word' id='word_1_444' title='bbox 3706 2680 3817 2730; x_wconf 80' lang='grc' dir='ltr'>ἐπι-</span> 
     </span>
    </p>
   </div>
   <div class='ocr_carea' id='block_1_56' title="bbox 2246 2767 3813 2846">
    <p class='ocr_par' dir='ltr' id='par_1_56' title="bbox 2246 2767 3813 2846">
     <span class='ocr_line' id='line_1_56' title="bbox 2246 2767 3813 2846; baseline -0.009 -13"><span class='ocrx_word' id='word_1_445' title='bbox 2246 2781 2394 2842; x_wconf 78' lang='grc' dir='ltr'>νοίας</span> <span class='ocrx_word' id='word_1_446' title='bbox 2425 2776 2792 2846; x_wconf 78' lang='grc' dir='ltr'>ἐπινοηθῆναι.</span> <span class='ocrx_word' id='word_1_447' title='bbox 2831 2771 3137 2841; x_wconf 81' lang='grc' dir='ltr'>Ἀφθαρτον</span> <span class='ocrx_word' id='word_1_448' title='bbox 3176 2770 3231 2822; x_wconf 83' lang='grc' dir='ltr'>δὲ</span> <span class='ocrx_word' id='word_1_449' title='bbox 3265 2770 3479 2832; x_wconf 85' lang='grc' dir='ltr'>πάντως</span> <span class='ocrx_word' id='word_1_450' title='bbox 3506 2768 3567 2820; x_wconf 85' lang='grc' dir='ltr'>τὸ</span> <span class='ocrx_word' id='word_1_451' title='bbox 3589 2767 3813 2837; x_wconf 83' lang='grc' dir='ltr'>ἀγέννη-</span> 
     </span>
    </p>
   </div>
   <div class='ocr_carea' id='block_1_57' title="bbox 2245 2857 3814 2931">
    <p class='ocr_par' dir='ltr' id='par_1_57' title="bbox 2245 2857 3814 2931">
     <span class='ocr_line' id='line_1_57' title="bbox 2245 2857 3814 2931; baseline -0.009 -6"><span class='ocrx_word' id='word_1_452' title='bbox 2245 2889 2336 2925; x_wconf 89' lang='grc' dir='ltr'><strong>τον</strong></span> <span class='ocrx_word' id='word_1_453' title='bbox 2372 2869 2466 2922; x_wconf 69' lang='grc' dir='ltr'><strong>καὶ</strong></span> <span class='ocrx_word' id='word_1_454' title='bbox 2499 2868 2685 2930; x_wconf 84' lang='grc' dir='ltr'>ἀΐδιον,</span> <span class='ocrx_word' id='word_1_455' title='bbox 2727 2865 2847 2918; x_wconf 79' lang='grc' dir='ltr'>ὅθεν</span> <span class='ocrx_word' id='word_1_456' title='bbox 2891 2864 2985 2918; x_wconf 76' lang='grc' dir='ltr'>καὶ</span> <span class='ocrx_word' id='word_1_457' title='bbox 3019 2861 3312 2916; x_wconf 82' lang='grc' dir='ltr'>ἀθάνατον·</span> <span class='ocrx_word' id='word_1_458' title='bbox 3363 2859 3550 2914; x_wconf 77' lang='grc' dir='ltr'>ἐπάνω</span> <span class='ocrx_word' id='word_1_459' title='bbox 3588 2861 3699 2931; x_wconf 85' lang='grc' dir='ltr'>γὰρ</span> <span class='ocrx_word' id='word_1_460' title='bbox 3725 2857 3814 2914; x_wconf 70' lang='grc' dir='ltr'>τοῦ</span> 
     </span>
    </p>
   </div>
   <div class='ocr_carea' id='block_1_58' title="bbox 2247 2951 3814 3034">
    <p class='ocr_par' dir='ltr' id='par_1_58' title="bbox 2247 2951 3814 3034">
     <span class='ocr_line' id='line_1_58' title="bbox 2247 2951 3814 3034; baseline -0.01 -16"><span class='ocrx_word' id='word_1_461' title='bbox 2247 2963 2524 3034; x_wconf 85' lang='grc' dir='ltr'>ἀφθάρτου</span> <span class='ocrx_word' id='word_1_462' title='bbox 2554 2961 2613 3013; x_wconf 84' lang='grc' dir='ltr'><strong>τὸ</strong></span> <span class='ocrx_word' id='word_1_463' title='bbox 2645 2959 2925 3028; x_wconf 84' lang='grc' dir='ltr'>ἀγένητον.</span> <span class='ocrx_word' id='word_1_464' title='bbox 2961 2957 3025 3010; x_wconf 81' lang='grc' dir='ltr'><strong>ΕΞ</strong></span> <span class='ocrx_word' id='word_1_465' title='bbox 3053 2955 3109 3008; x_wconf 86' lang='grc' dir='ltr'>δὲ</span> <span class='ocrx_word' id='word_1_466' title='bbox 3130 2955 3190 3007; x_wconf 86' lang='grc' dir='ltr'><strong>τὸ</strong></span> <span class='ocrx_word' id='word_1_467' title='bbox 3223 2955 3296 3025; x_wconf 84' lang='grc' dir='ltr'>μὴ</span> <span class='ocrx_word' id='word_1_468' title='bbox 3321 2953 3572 3022; x_wconf 86' lang='grc' dir='ltr'>γενέσθαι</span> <span class='ocrx_word' id='word_1_469' title='bbox 3602 2951 3814 3006; x_wconf 72' lang='grc' dir='ltr'>πώποτε</span> 
     </span>
    </p>
   </div>
   <div class='ocr_carea' id='block_1_59' title="bbox 2248 3044 3826 3128">
    <p class='ocr_par' dir='ltr' id='par_1_59' title="bbox 2248 3044 3826 3128">
     <span class='ocr_line' id='line_1_59' title="bbox 2248 3044 3826 3128; baseline -0.01 -17"><span class='ocrx_word' id='word_1_470' title='bbox 2248 3058 2482 3128; x_wconf 83' lang='grc' dir='ltr'>ὑπάρχει</span> <span class='ocrx_word' id='word_1_471' title='bbox 2515 3057 2582 3125; x_wconf 81' lang='grc' dir='ltr'>τῇ</span> <span class='ocrx_word' id='word_1_472' title='bbox 2616 3053 2713 3124; x_wconf 81' lang='grc' dir='ltr'><strong>ὕλῃ</strong></span> <span class='ocrx_word' id='word_1_473' title='bbox 2744 3053 2930 3124; x_wconf 82' lang='grc' dir='ltr'>μεῖζον</span> <span class='ocrx_word' id='word_1_474' title='bbox 2957 3050 3037 3116; x_wconf 83' lang='grc' dir='ltr'>ὃν,</span> <span class='ocrx_word' id='word_1_475' title='bbox 3074 3049 3191 3112; x_wconf 84' lang='grc' dir='ltr'><strong>πῶς</strong></span> <span class='ocrx_word' id='word_1_476' title='bbox 3219 3047 3339 3118; x_wconf 69' lang='grc' dir='ltr'>οὑχὶ</span> <span class='ocrx_word' id='word_1_477' title='bbox 3373 3048 3465 3099; x_wconf 77' lang='grc' dir='ltr'>καὶ</span> <span class='ocrx_word' id='word_1_478' title='bbox 3503 3044 3564 3099; x_wconf 85' lang='grc' dir='ltr'>τὺ</span> <span class='ocrx_word' id='word_1_479' title='bbox 3599 3045 3826 3098; x_wconf 65' lang='grc' dir='ltr'>ἔλαττον.</span> 
     </span>
    </p>
   </div>
   <div class='ocr_carea' id='block_1_60' title="bbox 2247 3134 3814 3222">
    <p class='ocr_par' dir='ltr' id='par_1_60' title="bbox 2247 3134 3814 3222">
     <span class='ocr_line' id='line_1_60' title="bbox 2247 3134 3814 3222; baseline -0.011 -19"><span class='ocrx_word' id='word_1_480' title='bbox 2247 3151 2384 3222; x_wconf 82' lang='grc' dir='ltr'>αὐτῇ</span> <span class='ocrx_word' id='word_1_481' title='bbox 2418 3143 2815 3220; x_wconf 83' lang='grc' dir='ltr'>προσυπάρξει,</span> <span class='ocrx_word' id='word_1_482' title='bbox 2847 3143 2908 3196; x_wconf 87' lang='grc' dir='ltr'><strong>τὸ</strong></span> <span class='ocrx_word' id='word_1_483' title='bbox 2941 3143 3015 3214; x_wconf 85' lang='grc' dir='ltr'>μὴ</span> <span class='ocrx_word' id='word_1_484' title='bbox 3049 3141 3347 3211; x_wconf 75' lang='grc' dir='ltr'>φθαρῆναις</span> <span class='ocrx_word' id='word_1_485' title='bbox 3375 3140 3438 3191; x_wconf 90' lang='grc' dir='ltr'><strong>Εἰ</strong></span> <span class='ocrx_word' id='word_1_486' title='bbox 3465 3137 3522 3191; x_wconf 84' lang='grc' dir='ltr'>δὲ</span> <span class='ocrx_word' id='word_1_487' title='bbox 3558 3137 3632 3208; x_wconf 85' lang='grc' dir='ltr'>μὴ</span> <span class='ocrx_word' id='word_1_488' title='bbox 3667 3134 3814 3206; x_wconf 81' lang='grc' dir='ltr'>φθει-</span> 
     </span>
    </p>
   </div>
   <div class='ocr_carea' id='block_1_61' title="bbox 2251 3224 3824 3314">
    <p class='ocr_par' dir='ltr' id='par_1_61' title="bbox 2251 3224 3824 3314">
     <span class='ocr_line' id='line_1_61' title="bbox 2251 3224 3824 3314; baseline -0.011 -18"><span class='ocrx_word' id='word_1_489' title='bbox 2251 3259 2401 3314; x_wconf 87' lang='grc' dir='ltr'>ρεται</span> <span class='ocrx_word' id='word_1_490' title='bbox 2426 3240 2502 3303; x_wconf 88' lang='grc' dir='ltr'>ὡς</span> <span class='ocrx_word' id='word_1_491' title='bbox 2536 3238 2726 3301; x_wconf 84' lang='grc' dir='ltr'>ἀΐδιος,</span> <span class='ocrx_word' id='word_1_492' title='bbox 2756 3235 2862 3288; x_wconf 69' lang='grc' dir='ltr'>οὑδ*</span> <span class='ocrx_word' id='word_1_493' title='bbox 2895 3233 2960 3288; x_wconf 82' lang='grc' dir='ltr'>ἂν</span> <span class='ocrx_word' id='word_1_494' title='bbox 2991 3233 3192 3303; x_wconf 77' lang='grc' dir='ltr'>ἑαυτῆς</span> <span class='ocrx_word' id='word_1_495' title='bbox 3222 3231 3456 3302; x_wconf 82' lang='grc' dir='ltr'>ὑπάρχει</span> <span class='ocrx_word' id='word_1_496' title='bbox 3488 3224 3684 3297; x_wconf 85' lang='grc' dir='ltr'>φθορὰ,</span> <span class='ocrx_word' id='word_1_497' title='bbox 3724 3226 3824 3280; x_wconf 61' lang='grc' dir='ltr'>καὶ</span> 
     </span>
    </p>
   </div>
   <div class='ocr_carea' id='block_1_62' title="bbox 570 3293 2142 3400">
    <p class='ocr_par' dir='ltr' id='par_1_62' title="bbox 570 3293 2142 3383">
     <span class='ocr_line' id='line_1_62' title="bbox 570 3293 2142 3383; baseline 0.024 -38"><span class='ocrx_word' id='word_1_498' title='bbox 570 3293 750 3349; x_wconf 90' lang='lat' dir='ltr'><strong>minus</strong></span> <span class='ocrx_word' id='word_1_499' title='bbox 790 3303 894 3363; x_wconf 88' lang='lat' dir='ltr'><strong>est,</strong></span> <span class='ocrx_word' id='word_1_500' title='bbox 930 3313 1038 3353; x_wconf 91' lang='lat' dir='ltr'><strong>non</strong></span> <span class='ocrx_word' id='word_1_501' title='bbox 1071 3303 1121 3357; x_wconf 90' lang='lat' dir='ltr'><strong>ei</strong></span> <span class='ocrx_word' id='word_1_502' title='bbox 1153 3302 1318 3374; x_wconf 88' lang='lat' dir='ltr'><strong>inest,</strong></span> <span class='ocrx_word' id='word_1_503' title='bbox 1362 3323 1646 3380; x_wconf 84' lang='lat' dir='ltr'><strong>nunquam</strong></span> <span class='ocrx_word' id='word_1_504' title='bbox 1701 3316 1912 3372; x_wconf 89' lang='lat' dir='ltr'><strong>scilicet</strong></span> <span class='ocrx_word' id='word_1_505' title='bbox 1956 3293 2142 3383; x_wconf 62' lang='lat' dir='ltr'><strong>inieri-</strong></span> 
     </span>
    </p>
   </div>
   <div class='ocr_carea' id='block_1_63' title="bbox 2243 3293 2985 3400">
    <p class='ocr_par' dir='ltr' id='par_1_63' title="bbox 2243 3293 2985 3400">
     <span class='ocr_line' id='line_1_63' title="bbox 2243 3293 2985 3400; baseline -0.016 -10"><span class='ocrx_word' id='word_1_506' title='bbox 2243 3293 2432 3390; x_wconf 28' lang='lat' dir='ltr'><strong>cii’ixvdv</strong></span> <span class='ocrx_word' id='word_1_507' title='bbox 2464 3293 2551 3400; x_wconf 57' lang='lat' dir='ltr'><strong>sin</strong></span> <span class='ocrx_word' id='word_1_508' title='bbox 2579 3293 2734 3383; x_wconf 66' lang='lat' dir='ltr'><strong>obuia.</strong></span> <span class='ocrx_word' id='word_1_509' title='bbox 2761 3327 2985 3399; x_wconf 80' lang='grc' dir='ltr'>φθορᾶς.</span> 
     </span>
    </p>
   </div>
   <div class='ocr_carea' id='block_1_64' title="bbox 569 3395 3822 3497">
    <p class='ocr_par' dir='ltr' id='par_1_64' title="bbox 569 3395 3822 3497">
     <span class='ocr_line' id='line_1_64' title="bbox 569 3395 3822 3497; baseline 0.006 -51"><span class='ocrx_word' id='word_1_510' title='bbox 569 3400 683 3448; x_wconf 90' lang='lat' dir='ltr'><strong>tum</strong></span> <span class='ocrx_word' id='word_1_511' title='bbox 729 3395 979 3466; x_wconf 87' lang='lat' dir='ltr'><strong>cepisse?</strong></span> <span class='ocrx_word' id='word_1_512' title='bbox 1013 3395 1072 3451; x_wconf 90' lang='lat' dir='ltr'><strong>Si</strong></span> <span class='ocrx_word' id='word_1_513' title='bbox 1118 3404 1298 3453; x_wconf 90' lang='lat' dir='ltr'><strong>autem</strong></span> <span class='ocrx_word' id='word_1_514' title='bbox 1343 3415 1455 3456; x_wconf 90' lang='lat' dir='ltr'><strong>non</strong></span> <span class='ocrx_word' id='word_1_515' title='bbox 1493 3405 1639 3474; x_wconf 89' lang='lat' dir='ltr'><strong>capit</strong></span> <span class='ocrx_word' id='word_1_516' title='bbox 1681 3406 1964 3468; x_wconf 87' lang='lat' dir='ltr'><strong>interitum</strong></span> <span class='ocrx_word' id='word_1_517' title='bbox 2011 3427 2273 3497; x_wconf 73' lang='lat' dir='ltr'><strong>tanquam</strong></span> <span class='ocrx_word' id='word_1_518' title='bbox 2331 3395 2558 3489; x_wconf 60' lang='lat' dir='ltr'><strong>aeterna,</strong></span> <span class='ocrx_word' id='word_1_519' title='bbox 2625 3395 2804 3492; x_wconf 77' lang='lat' dir='ltr'><strong>neque</strong></span> <span class='ocrx_word' id='word_1_520' title='bbox 2855 3395 2943 3476; x_wconf 76' lang='lat' dir='ltr'><strong>sui</strong></span> <span class='ocrx_word' id='word_1_521' title='bbox 2973 3416 3147 3488; x_wconf 89' lang='lat' dir='ltr'><strong>ipsius</strong></span> <span class='ocrx_word' id='word_1_522' title='bbox 3177 3424 3262 3472; x_wconf 86' lang='lat' dir='ltr'><strong>est</strong></span> <span class='ocrx_word' id='word_1_523' title='bbox 3293 3416 3564 3482; x_wconf 85' lang='lat' dir='ltr'><strong>interitus,</strong></span> <span class='ocrx_word' id='word_1_524' title='bbox 3593 3420 3648 3470; x_wconf 89' lang='lat' dir='ltr'><strong>et</strong></span> <span class='ocrx_word' id='word_1_525' title='bbox 3704 3427 3822 3466; x_wconf 87' lang='lat' dir='ltr'><strong>non-</strong></span> 
     </span>
    </p>
   </div>
   <div class='ocr_carea' id='block_1_65' title="bbox 567 3486 1515 3560">
    <p class='ocr_par' dir='ltr' id='par_1_65' title="bbox 567 3486 1515 3560">
     <span class='ocr_line' id='line_1_65' title="bbox 567 3486 1515 3560; baseline 0.009 -18"><span class='ocrx_word' id='word_1_526' title='bbox 567 3486 672 3542; x_wconf 89' lang='lat' dir='ltr'><strong>erit</strong></span> <span class='ocrx_word' id='word_1_527' title='bbox 696 3487 1005 3546; x_wconf 84' lang='lat' dir='ltr'><strong>substantia</strong></span> <span class='ocrx_word' id='word_1_528' title='bbox 1039 3489 1213 3560; x_wconf 86' lang='lat' dir='ltr'><strong>ipsius</strong></span> <span class='ocrx_word' id='word_1_529' title='bbox 1237 3491 1515 3551; x_wconf 83' lang='lat' dir='ltr'><strong>interitus.</strong></span> 
     </span>
    </p>
   </div>
   <div class='ocr_carea' id='block_1_66' title="bbox 640 3578 2141 3667">
    <p class='ocr_par' dir='ltr' id='par_1_66' title="bbox 640 3578 2141 3667">
     <span class='ocr_line' id='line_1_66' title="bbox 640 3578 2141 3667; baseline 0.017 -32"><span class='ocrx_word' id='word_1_530' title='bbox 640 3578 746 3635; x_wconf 89' lang='lat' dir='ltr'><strong>Sed</strong></span> <span class='ocrx_word' id='word_1_531' title='bbox 792 3579 886 3650; x_wconf 90' lang='lat' dir='ltr'><strong>qui</strong></span> <span class='ocrx_word' id='word_1_532' title='bbox 925 3582 1224 3638; x_wconf 80' lang='lat' dir='ltr'><strong>exschola</strong></span> <span class='ocrx_word' id='word_1_533' title='bbox 1266 3583 1550 3643; x_wconf 65' lang='lat' dir='ltr'><strong>Manicbazi</strong></span> <span class='ocrx_word' id='word_1_534' title='bbox 1596 3592 1825 3660; x_wconf 82' lang='lat' dir='ltr'><strong>profecti</strong></span> <span class='ocrx_word' id='word_1_535' title='bbox 1863 3612 2009 3667; x_wconf 89' lang='lat' dir='ltr'><strong>sunt,</strong></span> <span class='ocrx_word' id='word_1_536' title='bbox 2038 3604 2141 3659; x_wconf 86' lang='lat' dir='ltr'><strong>hu-</strong></span> 
     </span>
    </p>
   </div>
   <div class='ocr_carea' id='block_1_67' title="bbox 567 3671 2139 3758">
    <p class='ocr_par' dir='ltr' id='par_1_67' title="bbox 567 3671 2139 3758">
     <span class='ocr_line' id='line_1_67' title="bbox 567 3671 2139 3758; baseline 0.01 -34"><span class='ocrx_word' id='word_1_537' title='bbox 567 3671 809 3742; x_wconf 87' lang='lat' dir='ltr'><strong>jusmodi</strong></span> <span class='ocrx_word' id='word_1_538' title='bbox 875 3671 1278 3743; x_wconf 89' lang='lat' dir='ltr'><strong>disputationes</strong></span> <span class='ocrx_word' id='word_1_539' title='bbox 1318 3691 1442 3732; x_wconf 90' lang='lat' dir='ltr'><strong>cum</strong></span> <span class='ocrx_word' id='word_1_540' title='bbox 1505 3682 1756 3747; x_wconf 77' lang='lat' dir='ltr'><strong>audiunt,”</strong></span> <span class='ocrx_word' id='word_1_541' title='bbox 1827 3691 2000 3758; x_wconf 90' lang='lat' dir='ltr'><strong>unde,</strong></span> <span class='ocrx_word' id='word_1_542' title='bbox 2049 3697 2139 3750; x_wconf 86' lang='lat' dir='ltr'><strong>in-</strong></span> 
     </span>
    </p>
   </div>
   <div class='ocr_carea' id='block_1_68' title="bbox 567 3765 2140 3843">
    <p class='ocr_par' dir='ltr' id='par_1_68' title="bbox 567 3765 2140 3843">
     <span class='ocr_line' id='line_1_68' title="bbox 567 3765 2140 3843; baseline 0.017 -27"><span class='ocrx_word' id='word_1_543' title='bbox 567 3765 798 3834; x_wconf 90' lang='lat' dir='ltr'><strong>quiunt,</strong></span> <span class='ocrx_word' id='word_1_544' title='bbox 831 3781 898 3821; x_wconf 87' lang='lat' dir='ltr'><strong>ea</strong></span> <span class='ocrx_word' id='word_1_545' title='bbox 928 3766 1136 3822; x_wconf 89' lang='lat' dir='ltr'><strong>ordinis</strong></span> <span class='ocrx_word' id='word_1_546' title='bbox 1175 3769 1516 3838; x_wconf 87' lang='lat' dir='ltr'><strong>perturbatio</strong></span> <span class='ocrx_word' id='word_1_547' title='bbox 1557 3789 1678 3843; x_wconf 65' lang='lat' dir='ltr'><strong>qua:</strong></span> <span class='ocrx_word' id='word_1_548' title='bbox 1725 3777 1780 3832; x_wconf 88' lang='lat' dir='ltr'><strong>in</strong></span> <span class='ocrx_word' id='word_1_549' title='bbox 1817 3781 1979 3839; x_wconf 88' lang='lat' dir='ltr'><strong>rebus</strong></span> <span class='ocrx_word' id='word_1_550' title='bbox 2020 3801 2140 3842; x_wconf 88' lang='lat' dir='ltr'><strong>cer-</strong></span> 
     </span>
    </p>
   </div>
   <div class='ocr_carea' id='block_1_69' title="bbox 569 3856 2136 3942">
    <p class='ocr_par' dir='ltr' id='par_1_69' title="bbox 569 3856 2136 3942">
     <span class='ocr_line' id='line_1_69' title="bbox 569 3856 2136 3942; baseline 0.015 -33"><span class='ocrx_word' id='word_1_551' title='bbox 569 3857 758 3910; x_wconf 83' lang='lat' dir='ltr'><strong>nitur?</strong></span> <span class='ocrx_word' id='word_1_552' title='bbox 801 3856 871 3910; x_wconf 90' lang='lat' dir='ltr'><strong>At</strong></span> <span class='ocrx_word' id='word_1_553' title='bbox 913 3873 1057 3927; x_wconf 59' lang='lat' dir='ltr'><strong>saepe</strong></span> <span class='ocrx_word' id='word_1_554' title='bbox 1108 3858 1315 3914; x_wconf 87' lang='lat' dir='ltr'><strong>dictum</strong></span> <span class='ocrx_word' id='word_1_555' title='bbox 1363 3869 1466 3929; x_wconf 89' lang='lat' dir='ltr'><strong>est,</strong></span> <span class='ocrx_word' id='word_1_556' title='bbox 1512 3875 1732 3937; x_wconf 90' lang='lat' dir='ltr'><strong>propter</strong></span> <span class='ocrx_word' id='word_1_557' title='bbox 1775 3869 2136 3942; x_wconf 77' lang='lat' dir='ltr'><strong>ignorantiam</strong></span> 
     </span>
    </p>
   </div>
   <div class='ocr_carea' id='block_1_70' title="bbox 570 3945 2140 4037">
    <p class='ocr_par' dir='ltr' id='par_1_70' title="bbox 570 3945 2140 4037">
     <span class='ocr_line' id='line_1_70' title="bbox 570 3945 2140 4037; baseline 0.015 -37"><span class='ocrx_word' id='word_1_558' title='bbox 570 3945 769 4000; x_wconf 84' lang='lat' dir='ltr'><strong>divinae</strong></span> <span class='ocrx_word' id='word_1_559' title='bbox 812 3946 1226 4016; x_wconf 78' lang='lat' dir='ltr'><strong>gubernationis</strong></span> <span class='ocrx_word' id='word_1_560' title='bbox 1273 3959 1328 4004; x_wconf 88' lang='lat' dir='ltr'><strong>et</strong></span> <span class='ocrx_word' id='word_1_561' title='bbox 1382 3956 1657 4022; x_wconf 91' lang='lat' dir='ltr'><strong>quomodo</strong></span> <span class='ocrx_word' id='word_1_562' title='bbox 1709 3974 1799 4016; x_wconf 92' lang='lat' dir='ltr'><strong>res</strong></span> <span class='ocrx_word' id='word_1_563' title='bbox 1858 3963 2140 4037; x_wconf 73' lang='lat' dir='ltr'><strong>dispositae</strong></span> 
     </span>
    </p>
   </div>
   <div class='ocr_carea' id='block_1_71' title="bbox 571 4037 2140 4130">
    <p class='ocr_par' dir='ltr' id='par_1_71' title="bbox 571 4037 2140 4130">
     <span class='ocr_line' id='line_1_71' title="bbox 571 4037 2140 4130; baseline 0.015 -38"><span class='ocrx_word' id='word_1_564' title='bbox 571 4039 716 4104; x_wconf 87' lang='lat' dir='ltr'><strong>sint,</strong></span> <span class='ocrx_word' id='word_1_565' title='bbox 755 4037 944 4093; x_wconf 83' lang='lat' dir='ltr'><strong>falsam</strong></span> <span class='ocrx_word' id='word_1_566' title='bbox 979 4049 1034 4092; x_wconf 89' lang='lat' dir='ltr'><strong>et</strong></span> <span class='ocrx_word' id='word_1_567' title='bbox 1083 4039 1303 4111; x_wconf 83' lang='lat' dir='ltr'><strong>impiam</strong></span> <span class='ocrx_word' id='word_1_568' title='bbox 1351 4047 1718 4116; x_wconf 85' lang='lat' dir='ltr'><strong>cognitionem</strong></span> <span class='ocrx_word' id='word_1_569' title='bbox 1767 4054 1872 4110; x_wconf 90' lang='lat' dir='ltr'><strong>sibi</strong></span> <span class='ocrx_word' id='word_1_570' title='bbox 1917 4073 2140 4130; x_wconf 83' lang='lat' dir='ltr'><strong>compa-</strong></span> 
     </span>
    </p>
   </div>
   <div class='ocr_carea' id='block_1_72' title="bbox 571 4130 2140 4213">
    <p class='ocr_par' dir='ltr' id='par_1_72' title="bbox 571 4130 2140 4213">
     <span class='ocr_line' id='line_1_72' title="bbox 571 4130 2140 4213; baseline 0.015 -29"><span class='ocrx_word' id='word_1_571' title='bbox 571 4143 762 4194; x_wconf 89' lang='lat' dir='ltr'><strong>rasse,</strong></span> <span class='ocrx_word' id='word_1_572' title='bbox 819 4137 1044 4200; x_wconf 88' lang='lat' dir='ltr'><strong>propter</strong></span> <span class='ocrx_word' id='word_1_573' title='bbox 1094 4130 1368 4189; x_wconf 86' lang='lat' dir='ltr'><strong>inscitiam</strong></span> <span class='ocrx_word' id='word_1_574' title='bbox 1431 4133 1620 4194; x_wconf 81' lang='lat' dir='ltr'><strong>eorum</strong></span> <span class='ocrx_word' id='word_1_575' title='bbox 1677 4160 1798 4213; x_wconf 65' lang='lat' dir='ltr'><strong>quae</strong></span> <span class='ocrx_word' id='word_1_576' title='bbox 1853 4149 1995 4206; x_wconf 90' lang='lat' dir='ltr'><strong>scire</strong></span> <span class='ocrx_word' id='word_1_577' title='bbox 2035 4153 2140 4208; x_wconf 90' lang='lat' dir='ltr'><strong>sibi</strong></span> 
     </span>
    </p>
   </div>
   <div class='ocr_carea' id='block_1_73' title="bbox 571 4218 2143 4306">
    <p class='ocr_par' dir='ltr' id='par_1_73' title="bbox 571 4218 2143 4306">
     <span class='ocr_line' id='line_1_73' title="bbox 571 4218 2143 4306; baseline 0.017 -34"><span class='ocrx_word' id='word_1_578' title='bbox 571 4218 920 4284; x_wconf 86' lang='lat' dir='ltr'><strong>videbantur,</strong></span> <span class='ocrx_word' id='word_1_579' title='bbox 964 4237 1085 4291; x_wconf 68' lang='lat' dir='ltr'><strong>quae</strong></span> <span class='ocrx_word' id='word_1_580' title='bbox 1121 4223 1300 4293; x_wconf 88' lang='lat' dir='ltr'><strong>pejus,</strong></span> <span class='ocrx_word' id='word_1_581' title='bbox 1337 4241 1500 4296; x_wconf 90' lang='lat' dir='ltr'><strong>quam</strong></span> <span class='ocrx_word' id='word_1_582' title='bbox 1541 4231 1585 4285; x_wconf 89' lang='lat' dir='ltr'><strong>si</strong></span> <span class='ocrx_word' id='word_1_583' title='bbox 1621 4231 1987 4306; x_wconf 78' lang='lat' dir='ltr'><strong>iguorassent,</strong></span> <span class='ocrx_word' id='word_1_584' title='bbox 2033 4245 2143 4300; x_wconf 90' lang='lat' dir='ltr'><strong>sci--</strong></span> 
     </span>
    </p>
   </div>
   <div class='ocr_carea' id='block_1_74' title="bbox 571 4313 2144 4403">
    <p class='ocr_par' dir='ltr' id='par_1_74' title="bbox 571 4313 2144 4403">
     <span class='ocr_line' id='line_1_74' title="bbox 571 4313 2144 4403; baseline 0.015 -37"><span class='ocrx_word' id='word_1_585' title='bbox 571 4319 807 4379; x_wconf 87' lang='lat' dir='ltr'><strong>verunt;</strong></span> <span class='ocrx_word' id='word_1_586' title='bbox 850 4321 905 4367; x_wconf 91' lang='lat' dir='ltr'><strong>et</strong></span> <span class='ocrx_word' id='word_1_587' title='bbox 943 4313 1088 4383; x_wconf 87' lang='lat' dir='ltr'><strong>quod</strong></span> <span class='ocrx_word' id='word_1_588' title='bbox 1115 4316 1303 4371; x_wconf 83' lang='lat' dir='ltr'><strong>verius</strong></span> <span class='ocrx_word' id='word_1_589' title='bbox 1337 4325 1442 4386; x_wconf 90' lang='lat' dir='ltr'><strong>est,</strong></span> <span class='ocrx_word' id='word_1_590' title='bbox 1477 4321 1706 4390; x_wconf 87' lang='lat' dir='ltr'><strong>amisso,</strong></span> <span class='ocrx_word' id='word_1_591' title='bbox 1740 4330 1885 4398; x_wconf 90' lang='lat' dir='ltr'><strong>quod</strong></span> <span class='ocrx_word' id='word_1_592' title='bbox 1934 4349 2144 4403; x_wconf 66' lang='lat' dir='ltr'><strong>quare-</strong></span> 
     </span>
    </p>
   </div>
   <div class='ocr_carea' id='block_1_75' title="bbox 572 4403 2140 4486">
    <p class='ocr_par' dir='ltr' id='par_1_75' title="bbox 572 4403 2140 4486">
     <span class='ocr_line' id='line_1_75' title="bbox 572 4403 2140 4486; baseline 0.015 -26"><span class='ocrx_word' id='word_1_593' title='bbox 572 4405 734 4470; x_wconf 88' lang='lat' dir='ltr'><strong>baut,</strong></span> <span class='ocrx_word' id='word_1_594' title='bbox 766 4403 920 4475; x_wconf 87' lang='lat' dir='ltr'><strong>prius</strong></span> <span class='ocrx_word' id='word_1_595' title='bbox 956 4419 1122 4476; x_wconf 89' lang='lat' dir='ltr'><strong>quam</strong></span> <span class='ocrx_word' id='word_1_596' title='bbox 1159 4419 1466 4476; x_wconf 62' lang='lat' dir='ltr'><strong>quaererent</strong></span> <span class='ocrx_word' id='word_1_597' title='bbox 1502 4431 1516 4467; x_wconf 89' lang='lat'><strong>:</strong></span> <span class='ocrx_word' id='word_1_598' title='bbox 1549 4413 1847 4486; x_wconf 77' lang='lat' dir='ltr'><strong>diSputatio</strong></span> <span class='ocrx_word' id='word_1_599' title='bbox 1881 4439 2012 4480; x_wconf 91' lang='lat' dir='ltr'><strong>vero</strong></span> <span class='ocrx_word' id='word_1_600' title='bbox 2038 4442 2140 4482; x_wconf 82' lang='lat' dir='ltr'><strong>no-</strong></span> 
     </span>
    </p>
   </div>
   <div class='ocr_carea' id='block_1_76' title="bbox 573 4497 2140 4578">
    <p class='ocr_par' dir='ltr' id='par_1_76' title="bbox 573 4497 2140 4578">
     <span class='ocr_line' id='line_1_76' title="bbox 573 4497 2140 4578; baseline 0.014 -27"><span class='ocrx_word' id='word_1_601' title='bbox 573 4503 686 4551; x_wconf 89' lang='lat' dir='ltr'><strong>stra</strong></span> <span class='ocrx_word' id='word_1_602' title='bbox 710 4511 834 4551; x_wconf 89' lang='lat' dir='ltr'><strong>cum</strong></span> <span class='ocrx_word' id='word_1_603' title='bbox 867 4503 1083 4569; x_wconf 90' lang='lat' dir='ltr'><strong>tempus</strong></span> <span class='ocrx_word' id='word_1_604' title='bbox 1117 4497 1243 4564; x_wconf 91' lang='lat' dir='ltr'><strong>erit,</strong></span> <span class='ocrx_word' id='word_1_605' title='bbox 1269 4514 1432 4570; x_wconf 89' lang='lat' dir='ltr'><strong>quam</strong></span> <span class='ocrx_word' id='word_1_606' title='bbox 1459 4513 1653 4573; x_wconf 89' lang='lat' dir='ltr'><strong>putant</strong></span> <span class='ocrx_word' id='word_1_607' title='bbox 1675 4512 2140 4578; x_wconf 89' lang='lat' dir='ltr'><strong>perturbationem</strong></span> 
     </span>
    </p>
   </div>
   <div class='ocr_carea' id='block_1_77' title="bbox 571 4586 2144 4664">
    <p class='ocr_par' dir='ltr' id='par_1_77' title="bbox 571 4586 2144 4664">
     <span class='ocr_line' id='line_1_77' title="bbox 571 4586 2144 4664; baseline 0.016 -25"><span class='ocrx_word' id='word_1_608' title='bbox 571 4586 784 4643; x_wconf 90' lang='lat' dir='ltr'><strong>ordinis</strong></span> <span class='ocrx_word' id='word_1_609' title='bbox 849 4602 1071 4658; x_wconf 90' lang='lat' dir='ltr'><strong>rerum,</strong></span> <span class='ocrx_word' id='word_1_610' title='bbox 1137 4590 1342 4647; x_wconf 91' lang='lat' dir='ltr'><strong>bonum</strong></span> <span class='ocrx_word' id='word_1_611' title='bbox 1429 4593 1676 4652; x_wconf 87' lang='lat' dir='ltr'><strong>ordinem</strong></span> <span class='ocrx_word' id='word_1_612' title='bbox 1747 4616 1870 4658; x_wconf 90' lang='lat' dir='ltr'><strong>esse</strong></span> <span class='ocrx_word' id='word_1_613' title='bbox 1931 4621 1964 4660; x_wconf 88' lang='lat' dir='ltr'><strong>a</strong></span> <span class='ocrx_word' id='word_1_614' title='bbox 2032 4606 2144 4664; x_wconf 89' lang='lat' dir='ltr'><strong>Deo</strong></span> 
     </span>
    </p>
   </div>
   <div class='ocr_carea' id='block_1_78' title="bbox 574 4677 2143 4763">
    <p class='ocr_par' dir='ltr' id='par_1_78' title="bbox 574 4677 2143 4763">
     <span class='ocr_line' id='line_1_78' title="bbox 574 4677 2143 4763; baseline 0.014 -34"><span class='ocrx_word' id='word_1_615' title='bbox 574 4677 841 4733; x_wconf 88' lang='lat' dir='ltr'><strong>altissimo</strong></span> <span class='ocrx_word' id='word_1_616' title='bbox 896 4679 1369 4750; x_wconf 80' lang='lat' dir='ltr'><strong>proﬁciscentem,</strong></span> <span class='ocrx_word' id='word_1_617' title='bbox 1425 4684 1676 4742; x_wconf 81' lang='lat' dir='ltr'><strong>conﬁciet</strong></span> <span class='ocrx_word' id='word_1_618' title='bbox 1717 4699 1772 4745; x_wconf 89' lang='lat' dir='ltr'><strong>et</strong></span> <span class='ocrx_word' id='word_1_619' title='bbox 1809 4694 2096 4752; x_wconf 89' lang='lat' dir='ltr'><strong>concludet</strong></span> <span class='ocrx_word' id='word_1_620' title='bbox 2128 4714 2143 4763; x_wconf 93' lang='lat'><strong>;</strong></span> 
     </span>
    </p>
   </div>
   <div class='ocr_carea' id='block_1_79' title="bbox 572 4771 2146 4850">
    <p class='ocr_par' dir='ltr' id='par_1_79' title="bbox 572 4771 2146 4850">
     <span class='ocr_line' id='line_1_79' title="bbox 572 4771 2146 4850; baseline 0.015 -29"><span class='ocrx_word' id='word_1_621' title='bbox 572 4775 628 4822; x_wconf 91' lang='lat' dir='ltr'><strong>et</strong></span> <span class='ocrx_word' id='word_1_622' title='bbox 667 4784 788 4839; x_wconf 76' lang='lat' dir='ltr'><strong>qua:</strong></span> <span class='ocrx_word' id='word_1_623' title='bbox 838 4771 938 4842; x_wconf 90' lang='lat' dir='ltr'><strong>ipsi</strong></span> <span class='ocrx_word' id='word_1_624' title='bbox 989 4773 1181 4829; x_wconf 89' lang='lat' dir='ltr'><strong>dicunt</strong></span> <span class='ocrx_word' id='word_1_625' title='bbox 1229 4775 1395 4843; x_wconf 90' lang='lat' dir='ltr'><strong>mala,</strong></span> <span class='ocrx_word' id='word_1_626' title='bbox 1428 4777 1536 4834; x_wconf 90' lang='lat' dir='ltr'><strong>alia</strong></span> <span class='ocrx_word' id='word_1_627' title='bbox 1574 4779 1796 4850; x_wconf 89' lang='lat' dir='ltr'><strong>quidem</strong></span> <span class='ocrx_word' id='word_1_628' title='bbox 1829 4784 1884 4840; x_wconf 86' lang='lat' dir='ltr'><strong>in</strong></span> <span class='ocrx_word' id='word_1_629' title='bbox 1931 4787 2146 4846; x_wconf 88' lang='lat' dir='ltr'><strong>actione</strong></span> 
     </span>
    </p>
   </div>
   <div class='ocr_carea' id='block_1_80' title="bbox 575 4863 2143 4948">
    <p class='ocr_par' dir='ltr' id='par_1_80' title="bbox 575 4863 2143 4948">
     <span class='ocr_line' id='line_1_80' title="bbox 575 4863 2143 4948; baseline 0.015 -36"><span class='ocrx_word' id='word_1_630' title='bbox 575 4867 784 4915; x_wconf 89' lang='lat' dir='ltr'><strong>tantum</strong></span> <span class='ocrx_word' id='word_1_631' title='bbox 828 4863 1026 4932; x_wconf 89' lang='lat' dir='ltr'><strong>posita,</strong></span> <span class='ocrx_word' id='word_1_632' title='bbox 1065 4865 1174 4920; x_wconf 92' lang='lat' dir='ltr'><strong>alia</strong></span> <span class='ocrx_word' id='word_1_633' title='bbox 1221 4882 1352 4923; x_wconf 91' lang='lat' dir='ltr'><strong>vero</strong></span> <span class='ocrx_word' id='word_1_634' title='bbox 1401 4869 1705 4926; x_wconf 89' lang='lat' dir='ltr'><strong>secundum</strong></span> <span class='ocrx_word' id='word_1_635' title='bbox 1753 4873 2143 4948; x_wconf 83' lang='lat' dir='ltr'><strong>substantiam,</strong></span> 
     </span>
    </p>
   </div>
   <div class='ocr_carea' id='block_1_81' title="bbox 574 4951 1393 5016">
    <p class='ocr_par' dir='ltr' id='par_1_81' title="bbox 574 4951 1393 5016">
     <span class='ocr_line' id='line_1_81' title="bbox 574 4951 1393 5016; baseline 0.01 -10"><span class='ocrx_word' id='word_1_636' title='bbox 574 4951 798 5009; x_wconf 89' lang='lat' dir='ltr'><strong>minime</strong></span> <span class='ocrx_word' id='word_1_637' title='bbox 829 4955 972 5010; x_wconf 77' lang='lat' dir='ltr'><strong>mala</strong></span> <span class='ocrx_word' id='word_1_638' title='bbox 1001 4971 1123 5013; x_wconf 89' lang='lat' dir='ltr'><strong>esse</strong></span> <span class='ocrx_word' id='word_1_639' title='bbox 1150 4958 1393 5016; x_wconf 89' lang='lat' dir='ltr'><strong>docebit.</strong></span> 
     </span>
    </p>
   </div>
   <div class='ocr_carea' id='block_1_82' title="bbox 2347 3590 3814 3668">
    <p class='ocr_par' dir='ltr' id='par_1_82' title="bbox 2347 3590 3814 3668">
     <span class='ocr_line' id='line_1_82' title="bbox 2347 3590 3814 3668; baseline -0.004 -14"><span class='ocrx_word' id='word_1_640' title='bbox 2347 3604 2490 3654; x_wconf 85' lang='grc' dir='ltr'>Οταν</span> <span class='ocrx_word' id='word_1_641' title='bbox 2535 3597 2716 3668; x_wconf 86' lang='grc' dir='ltr'>μέντοι</span> <span class='ocrx_word' id='word_1_642' title='bbox 2765 3591 3018 3647; x_wconf 81' lang='grc' dir='ltr'>τοιούτων</span> <span class='ocrx_word' id='word_1_643' title='bbox 3065 3590 3303 3646; x_wconf 83' lang='grc' dir='ltr'>ἀκούωσι</span> <span class='ocrx_word' id='word_1_644' title='bbox 3348 3592 3519 3660; x_wconf 89' lang='grc' dir='ltr'>λόγων</span> <span class='ocrx_word' id='word_1_645' title='bbox 3549 3593 3598 3645; x_wconf 84' lang='grc' dir='ltr'>οἱ</span> <span class='ocrx_word' id='word_1_646' title='bbox 3631 3594 3696 3647; x_wconf 85' lang='grc' dir='ltr'>ὲκ</span> <span class='ocrx_word' id='word_1_647' title='bbox 3724 3594 3814 3648; x_wconf 78' lang='grc' dir='ltr'>τοῦ</span> 
     </span>
    </p>
   </div>
   <div class='ocr_carea' id='block_1_83' title="bbox 2245 3681 3814 3758">
    <p class='ocr_par' dir='ltr' id='par_1_83' title="bbox 2245 3681 3814 3758">
     <span class='ocr_line' id='line_1_83' title="bbox 2245 3681 3814 3758; baseline -0.004 -13"><span class='ocrx_word' id='word_1_648' title='bbox 2245 3691 2522 3752; x_wconf 89' lang='grc' dir='ltr'>Μάνεντος</span> <span class='ocrx_word' id='word_1_649' title='bbox 2567 3685 2896 3758; x_wconf 84' lang='grc' dir='ltr'>ὁρμώμενοι,</span> <span class='ocrx_word' id='word_1_650' title='bbox 2931 3683 3281 3755; x_wconf 78' lang='grc' dir='ltr'>ἀποροῦντες,</span> <span class='ocrx_word' id='word_1_651' title='bbox 3313 3684 3483 3738; x_wconf 83' lang='grc' dir='ltr'>Πόθεν</span> <span class='ocrx_word' id='word_1_652' title='bbox 3514 3681 3627 3749; x_wconf 77' lang='grc' dir='ltr'>οὖν,</span> <span class='ocrx_word' id='word_1_653' title='bbox 3667 3687 3814 3755; x_wconf 69' lang='grc' dir='ltr'>φασὶ,</span> 
     </span>
    </p>
   </div>
   <div class='ocr_carea' id='block_1_84' title="bbox 2245 3776 3812 3849">
    <p class='ocr_par' dir='ltr' id='par_1_84' title="bbox 2245 3776 3812 3849">
     <span class='ocr_line' id='line_1_84' title="bbox 2245 3776 3812 3849; baseline -0.003 -13"><span class='ocrx_word' id='word_1_654' title='bbox 2245 3782 2313 3836; x_wconf 88' lang='grc' dir='ltr'><strong>τά</strong></span> <span class='ocrx_word' id='word_1_655' title='bbox 2344 3781 2521 3846; x_wconf 85' lang='grc' dir='ltr'>κακά;</span> <span class='ocrx_word' id='word_1_656' title='bbox 2571 3779 2734 3831; x_wconf 87' lang='grc' dir='ltr'>πόθεν</span> <span class='ocrx_word' id='word_1_657' title='bbox 2759 3777 2842 3842; x_wconf 83' lang='grc' dir='ltr'><strong>δὲ,</strong></span> <span class='ocrx_word' id='word_1_658' title='bbox 2871 3776 3196 3847; x_wconf 82' lang='grc' dir='ltr'>λέγουσιν,ἠ</span> <span class='ocrx_word' id='word_1_659' title='bbox 3233 3778 3290 3830; x_wconf 81' lang='grc' dir='ltr'>ὲν</span> <span class='ocrx_word' id='word_1_660' title='bbox 3338 3779 3448 3841; x_wconf 88' lang='grc' dir='ltr'>τοῖς</span> <span class='ocrx_word' id='word_1_661' title='bbox 3502 3778 3812 3849; x_wconf 82' lang='grc' dir='ltr'>πράγμασιν</span> 
     </span>
    </p>
   </div>
   <div class='ocr_carea' id='block_1_85' title="bbox 2247 3867 3812 3945">
    <p class='ocr_par' dir='ltr' id='par_1_85' title="bbox 2247 3867 3812 3945">
     <span class='ocr_line' id='line_1_85' title="bbox 2247 3867 3812 3945; baseline -0.001 -19"><span class='ocrx_word' id='word_1_662' title='bbox 2247 3871 2619 3945; x_wconf 76' lang='grc' dir='ltr'>ἐμφαινομένη</span> <span class='ocrx_word' id='word_1_663' title='bbox 2662 3868 2884 3934; x_wconf 78' lang='grc' dir='ltr'>άταξία;</span> <span class='ocrx_word' id='word_1_664' title='bbox 2933 3867 3091 3921; x_wconf 73' lang='grc' dir='ltr'>Ἀλλά</span> <span class='ocrx_word' id='word_1_665' title='bbox 3131 3867 3388 3933; x_wconf 87' lang='grc' dir='ltr'>πολλάκις</span> <span class='ocrx_word' id='word_1_666' title='bbox 3436 3870 3534 3941; x_wconf 83' lang='grc' dir='ltr'>μὲν</span> <span class='ocrx_word' id='word_1_667' title='bbox 3587 3871 3812 3943; x_wconf 74' lang='grc' dir='ltr'>εἴρηται,</span> 
     </span>
    </p>
   </div>
   <div class='ocr_carea' id='block_1_86' title="bbox 2245 3959 3818 4034">
    <p class='ocr_par' dir='ltr' id='par_1_86' title="bbox 2245 3959 3818 4034">
     <span class='ocr_line' id='line_1_86' title="bbox 2245 3959 3818 4034; baseline -0.002 -15"><span class='ocrx_word' id='word_1_668' title='bbox 2245 3967 2328 4020; x_wconf 79' lang='grc' dir='ltr'>ὅτι</span> <span class='ocrx_word' id='word_1_669' title='bbox 2363 3965 2431 4019; x_wconf 83' lang='grc' dir='ltr'>δι’</span> <span class='ocrx_word' id='word_1_670' title='bbox 2457 3965 2680 4034; x_wconf 82' lang='grc' dir='ltr'>ἄγνοιαν</span> <span class='ocrx_word' id='word_1_671' title='bbox 2711 3963 2810 4033; x_wconf 77' lang='grc' dir='ltr'>τῆς</span> <span class='ocrx_word' id='word_1_672' title='bbox 2859 3959 2967 4014; x_wconf 83' lang='grc' dir='ltr'>τῶν</span> <span class='ocrx_word' id='word_1_673' title='bbox 3015 3961 3356 4032; x_wconf 86' lang='grc' dir='ltr'>πραγμάτων</span> <span class='ocrx_word' id='word_1_674' title='bbox 3403 3961 3695 4028; x_wconf 85' lang='grc' dir='ltr'>διαθέσεως</span> <span class='ocrx_word' id='word_1_675' title='bbox 3725 3963 3818 4018; x_wconf 76' lang='grc' dir='ltr'>καὶ</span> 
     </span>
    </p>
   </div>
   <div class='ocr_carea' id='block_1_87' title="bbox 2245 4054 3811 4130">
    <p class='ocr_par' dir='ltr' id='par_1_87' title="bbox 2245 4054 3811 4130">
     <span class='ocr_line' id='line_1_87' title="bbox 2245 4054 3811 4130; baseline -0.003 -17"><span class='ocrx_word' id='word_1_676' title='bbox 2245 4060 2342 4130; x_wconf 85' lang='grc' dir='ltr'>τῆς</span> <span class='ocrx_word' id='word_1_677' title='bbox 2392 4059 2542 4122; x_wconf 80' lang='grc' dir='ltr'>θείας</span> <span class='ocrx_word' id='word_1_678' title='bbox 2586 4058 2923 4127; x_wconf 80' lang='grc' dir='ltr'>διοικήσεως,</span> <span class='ocrx_word' id='word_1_679' title='bbox 2965 4054 3163 4125; x_wconf 87' lang='grc' dir='ltr'>γνῶσιν</span> <span class='ocrx_word' id='word_1_680' title='bbox 3190 4054 3539 4126; x_wconf 82' lang='grc' dir='ltr'>ὲσφαλμένην</span> <span class='ocrx_word' id='word_1_681' title='bbox 3569 4055 3661 4112; x_wconf 75' lang='grc' dir='ltr'>καὶ</span> <span class='ocrx_word' id='word_1_682' title='bbox 3691 4054 3811 4126; x_wconf 82' lang='grc' dir='ltr'>βλά-</span> 
     </span>
    </p>
   </div>
   <div class='ocr_carea' id='block_1_88' title="bbox 2249 4138 3811 4222">
    <p class='ocr_par' dir='ltr' id='par_1_88' title="bbox 2249 4138 3811 4222">
     <span class='ocr_line' id='line_1_88' title="bbox 2249 4138 3811 4222; baseline -0.004 -17"><span class='ocrx_word' id='word_1_683' title='bbox 2249 4167 2466 4222; x_wconf 86' lang='grc' dir='ltr'>σφημον</span> <span class='ocrx_word' id='word_1_684' title='bbox 2521 4149 2732 4211; x_wconf 80' lang='grc' dir='ltr'>ἑαυτοῖς</span> <span class='ocrx_word' id='word_1_685' title='bbox 2786 4143 3306 4219; x_wconf 75' lang='grc' dir='ltr'>ἐπραγματεύσαντο</span> <span class='ocrx_word' id='word_1_686' title='bbox 3353 4144 3421 4197; x_wconf 84' lang='grc' dir='ltr'>δι’</span> <span class='ocrx_word' id='word_1_687' title='bbox 3467 4145 3688 4214; x_wconf 77' lang='grc' dir='ltr'>ἄγνοιαν</span> <span class='ocrx_word' id='word_1_688' title='bbox 3741 4138 3811 4200; x_wconf 82' lang='grc' dir='ltr'>ὦν</span> 
     </span>
    </p>
   </div>
   <div class='ocr_carea' id='block_1_89' title="bbox 2249 4236 3814 4311">
    <p class='ocr_par' dir='ltr' id='par_1_89' title="bbox 2249 4236 3814 4311">
     <span class='ocr_line' id='line_1_89' title="bbox 2249 4236 3814 4311; baseline -0.004 -16"><span class='ocrx_word' id='word_1_689' title='bbox 2249 4242 2456 4311; x_wconf 87' lang='grc' dir='ltr'>γνῶναι</span> <span class='ocrx_word' id='word_1_690' title='bbox 2483 4240 2666 4307; x_wconf 76' lang='grc' dir='ltr'>ἔδοξαν</span> <span class='ocrx_word' id='word_1_691' title='bbox 2684 4257 2697 4270; x_wconf 91' lang='grc'><strong>·</strong></span> <span class='ocrx_word' id='word_1_692' title='bbox 2727 4240 2763 4292; x_wconf 79' lang='grc' dir='ltr'><strong>ἂ.</strong></span> <span class='ocrx_word' id='word_1_693' title='bbox 2790 4241 2969 4310; x_wconf 80' lang='grc' dir='ltr'>χεῖρον</span> <span class='ocrx_word' id='word_1_694' title='bbox 2998 4237 3263 4307; x_wconf 74' lang='grc' dir='ltr'>ἔγνωσαν,</span> <span class='ocrx_word' id='word_1_695' title='bbox 3292 4240 3334 4310; x_wconf 75' lang='grc' dir='ltr'><strong>ἦ</strong></span> <span class='ocrx_word' id='word_1_696' title='bbox 3363 4238 3594 4308; x_wconf 74' lang='grc' dir='ltr'>ἠγνόουν</span> <span class='ocrx_word' id='word_1_697' title='bbox 3611 4255 3626 4269; x_wconf 77' lang='grc' dir='ltr'><strong><em>ο</em></strong></span> <span class='ocrx_word' id='word_1_698' title='bbox 3657 4237 3746 4292; x_wconf 74' lang='grc' dir='ltr'>καὶ</span> <span class='ocrx_word' id='word_1_699' title='bbox 3785 4236 3814 4290; x_wconf 74' lang='grc' dir='ltr'><strong>ὃ</strong></span> 
     </span>
    </p>
   </div>
   <div class='ocr_carea' id='block_1_90' title="bbox 2248 4329 3810 4406">
    <p class='ocr_par' dir='ltr' id='par_1_90' title="bbox 2248 4329 3810 4406">
     <span class='ocr_line' id='line_1_90' title="bbox 2248 4329 3810 4406; baseline -0.003 -19"><span class='ocrx_word' id='word_1_700' title='bbox 2248 4334 2493 4406; x_wconf 74' lang='grc' dir='ltr'>ἐζήτουν,</span> <span class='ocrx_word' id='word_1_701' title='bbox 2533 4331 2895 4402; x_wconf 76' lang='grc' dir='ltr'>ἀληθέστερον</span> <span class='ocrx_word' id='word_1_702' title='bbox 2928 4329 3288 4394; x_wconf 83' lang='grc' dir='ltr'>ἀπολέσαντες</span> <span class='ocrx_word' id='word_1_703' title='bbox 3325 4330 3359 4401; x_wconf 80' lang='grc' dir='ltr'>ἢ</span> <span class='ocrx_word' id='word_1_704' title='bbox 3397 4330 3530 4403; x_wconf 69' lang='grc' dir='ltr'>πρὶν</span> <span class='ocrx_word' id='word_1_705' title='bbox 3557 4329 3810 4402; x_wconf 81' lang='grc' dir='ltr'>ζητῆσαι·</span> 
     </span>
    </p>
   </div>
   <div class='ocr_carea' id='block_1_91' title="bbox 2247 4421 3811 4495">
    <p class='ocr_par' dir='ltr' id='par_1_91' title="bbox 2247 4421 3811 4495">
     <span class='ocr_line' id='line_1_91' title="bbox 2247 4421 3811 4495; baseline -0.003 -16"><span class='ocrx_word' id='word_1_706' title='bbox 2247 4427 2276 4479; x_wconf 83' lang='grc' dir='ltr'><strong><em>ὁ</em></strong></span> <span class='ocrx_word' id='word_1_707' title='bbox 2311 4425 2368 4479; x_wconf 80' lang='grc' dir='ltr'>δὲ</span> <span class='ocrx_word' id='word_1_708' title='bbox 2397 4425 2554 4493; x_wconf 78' lang='grc' dir='ltr'>λόγος</span> <span class='ocrx_word' id='word_1_709' title='bbox 2586 4422 2725 4478; x_wconf 79' lang='grc' dir='ltr'>κατὰ</span> <span class='ocrx_word' id='word_1_710' title='bbox 2757 4423 2945 4494; x_wconf 80' lang='grc' dir='ltr'>καιρὸν</span> <span class='ocrx_word' id='word_1_711' title='bbox 2978 4423 3075 4494; x_wconf 84' lang='grc' dir='ltr'>μὲν</span> <span class='ocrx_word' id='word_1_712' title='bbox 3115 4423 3210 4477; x_wconf 77' lang='grc' dir='ltr'>καὶ</span> <span class='ocrx_word' id='word_1_713' title='bbox 3236 4421 3334 4495; x_wconf 77' lang='grc' dir='ltr'>τὴν</span> <span class='ocrx_word' id='word_1_714' title='bbox 3367 4425 3499 4494; x_wconf 89' lang='grc' dir='ltr'>παρ’</span> <span class='ocrx_word' id='word_1_715' title='bbox 3527 4423 3709 4486; x_wconf 84' lang='grc' dir='ltr'>αὑτοῖς</span> <span class='ocrx_word' id='word_1_716' title='bbox 3735 4437 3811 4474; x_wconf 76' lang='grc' dir='ltr'>νο-</span> 
     </span>
    </p>
   </div>
   <div class='ocr_carea' id='block_1_92' title="bbox 2173 4513 3814 4616">
    <p class='ocr_par' dir='ltr' id='par_1_92' title="bbox 2173 4513 3814 4616">
     <span class='ocr_line' id='line_1_92' title="bbox 2173 4513 3814 4616; baseline -0.003 -47"><span class='ocrx_word' id='word_1_717' title='bbox 2173 4555 2221 4616; x_wconf 76' lang='lat' dir='ltr'><strong>D</strong></span> <span class='ocrx_word' id='word_1_718' title='bbox 2250 4516 2547 4588; x_wconf 76' lang='grc' dir='ltr'>μιζομένην</span> <span class='ocrx_word' id='word_1_719' title='bbox 2593 4515 2703 4569; x_wconf 83' lang='grc' dir='ltr'><strong>τῶν</strong></span> <span class='ocrx_word' id='word_1_720' title='bbox 2751 4517 3091 4587; x_wconf 85' lang='grc' dir='ltr'>πραγμάτων</span> <span class='ocrx_word' id='word_1_721' title='bbox 3146 4515 3391 4616; x_wconf 47' lang='lat' dir='ltr'><strong>(imiimi,</strong></span> <span class='ocrx_word' id='word_1_722' title='bbox 3419 4513 3683 4616; x_wconf 63' lang='grc' dir='ltr'>εὐταξίαν</span> <span class='ocrx_word' id='word_1_723' title='bbox 3720 4514 3814 4616; x_wconf 67' lang='grc' dir='ltr'><strong>την</strong></span> 
     </span>
    </p>
   </div>
   <div class='ocr_carea' id='block_1_93' title="bbox 2247 4603 3809 4678">
    <p class='ocr_par' dir='ltr' id='par_1_93' title="bbox 2247 4603 3809 4678">
     <span class='ocr_line' id='line_1_93' title="bbox 2247 4603 3809 4678; baseline -0.003 -15"><span class='ocrx_word' id='word_1_724' title='bbox 2247 4608 2504 4664; x_wconf 84' lang='grc' dir='ltr'>ἀνωτάτω</span> <span class='ocrx_word' id='word_1_725' title='bbox 2537 4603 2670 4661; x_wconf 87' lang='grc' dir='ltr'><strong>Θεοῦ</strong></span> <span class='ocrx_word' id='word_1_726' title='bbox 2701 4607 3052 4678; x_wconf 80' lang='grc' dir='ltr'>παρέχοντος,</span> <span class='ocrx_word' id='word_1_727' title='bbox 3083 4606 3381 4674; x_wconf 78' lang='grc' dir='ltr'>ἀποδείξειο</span> <span class='ocrx_word' id='word_1_728' title='bbox 3421 4607 3516 4661; x_wconf 75' lang='grc' dir='ltr'><strong>καὶ</strong></span> <span class='ocrx_word' id='word_1_729' title='bbox 3561 4607 3632 4661; x_wconf 81' lang='grc' dir='ltr'>τὰ</span> <span class='ocrx_word' id='word_1_730' title='bbox 3665 4606 3809 4674; x_wconf 86' lang='grc' dir='ltr'>λεγό-</span> 
     </span>
    </p>
   </div>
   <div class='ocr_carea' id='block_1_94' title="bbox 2249 4696 3811 4772">
    <p class='ocr_par' dir='ltr' id='par_1_94' title="bbox 2249 4696 3811 4772">
     <span class='ocr_line' id='line_1_94' title="bbox 2249 4696 3811 4772; baseline -0.002 -17"><span class='ocrx_word' id='word_1_731' title='bbox 2249 4717 2384 4772; x_wconf 89' lang='grc' dir='ltr'>μενα</span> <span class='ocrx_word' id='word_1_732' title='bbox 2423 4701 2561 4771; x_wconf 75' lang='grc' dir='ltr'>πρὸς</span> <span class='ocrx_word' id='word_1_733' title='bbox 2603 4698 2782 4753; x_wconf 84' lang='grc' dir='ltr'>αὐτῶν</span> <span class='ocrx_word' id='word_1_734' title='bbox 2814 4699 2960 4754; x_wconf 84' lang='grc' dir='ltr'>κακὰ</span> <span class='ocrx_word' id='word_1_735' title='bbox 2990 4699 3058 4754; x_wconf 86' lang='grc' dir='ltr'><strong>τά</strong></span> <span class='ocrx_word' id='word_1_736' title='bbox 3090 4700 3189 4771; x_wconf 82' lang='grc' dir='ltr'><strong>μὲν</strong></span> <span class='ocrx_word' id='word_1_737' title='bbox 3219 4700 3295 4763; x_wconf 84' lang='grc' dir='ltr'>ὡς</span> <span class='ocrx_word' id='word_1_738' title='bbox 3336 4699 3684 4771; x_wconf 82' lang='grc' dir='ltr'>πραττόμενα</span> <span class='ocrx_word' id='word_1_739' title='bbox 3723 4696 3811 4770; x_wconf 85' lang='grc' dir='ltr'><strong>μό-</strong></span> 
     </span>
    </p>
   </div>
   <div class='ocr_carea' id='block_1_95' title="bbox 2246 4790 3812 4864">
    <p class='ocr_par' dir='ltr' id='par_1_95' title="bbox 2246 4790 3812 4864">
     <span class='ocr_line' id='line_1_95' title="bbox 2246 4790 3812 4864; baseline -0.003 -16"><span class='ocrx_word' id='word_1_740' title='bbox 2246 4809 2356 4848; x_wconf 87' lang='grc' dir='ltr'>νον·</span> <span class='ocrx_word' id='word_1_741' title='bbox 2388 4791 2456 4846; x_wconf 82' lang='grc' dir='ltr'><strong>τά</strong></span> <span class='ocrx_word' id='word_1_742' title='bbox 2481 4791 2539 4845; x_wconf 83' lang='grc' dir='ltr'><strong>δὲ</strong></span> <span class='ocrx_word' id='word_1_743' title='bbox 2575 4793 2696 4847; x_wconf 88' lang='grc' dir='ltr'>κατ’</span> <span class='ocrx_word' id='word_1_744' title='bbox 2723 4791 2909 4846; x_wconf 82' lang='grc' dir='ltr'>οὐσίαν</span> <span class='ocrx_word' id='word_1_745' title='bbox 2958 4792 3159 4864; x_wconf 76' lang='grc' dir='ltr'>ἥκιστά</span> <span class='ocrx_word' id='word_1_746' title='bbox 3193 4807 3256 4860; x_wconf 86' lang='grc' dir='ltr'><strong>γε</strong></span> <span class='ocrx_word' id='word_1_747' title='bbox 3283 4791 3433 4858; x_wconf 69' lang='grc' dir='ltr'>ὅντα,</span> <span class='ocrx_word' id='word_1_748' title='bbox 3467 4791 3614 4846; x_wconf 86' lang='grc' dir='ltr'><strong>κακά</strong></span> <span class='ocrx_word' id='word_1_749' title='bbox 3636 4790 3812 4856; x_wconf 76' lang='grc' dir='ltr'>δείξει.</span> 
     </span>
    </p>
   </div>
   <div class='ocr_carea' id='block_1_96' title="bbox 1464 5056 2914 5138">
    <p class='ocr_par' dir='ltr' id='par_1_96' title="bbox 1464 5056 2914 5138">
     <span class='ocr_line' id='line_1_96' title="bbox 1464 5056 2914 5138; baseline 0.005 -26"><span class='ocrx_word' id='word_1_750' title='bbox 1464 5056 1594 5114; x_wconf 77' lang='lat' dir='ltr'><strong>CAP.</strong></span> <span class='ocrx_word' id='word_1_751' title='bbox 1637 5059 1752 5114; x_wconf 88' lang='lat' dir='ltr'><strong>XII.</strong></span> <span class='ocrx_word' id='word_1_752' title='bbox 1787 5061 1866 5119; x_wconf 84' lang='lat' dir='ltr'><strong>De</strong></span> <span class='ocrx_word' id='word_1_753' title='bbox 1910 5069 2138 5122; x_wconf 81' lang='lat' dir='ltr'><strong>materia</strong></span> <span class='ocrx_word' id='word_1_754' title='bbox 2177 5065 2304 5138; x_wconf 84' lang='lat' dir='ltr'><strong>quid</strong></span> <span class='ocrx_word' id='word_1_755' title='bbox 2347 5067 2582 5122; x_wconf 83' lang='lat' dir='ltr'><strong>sentiant</strong></span> <span class='ocrx_word' id='word_1_756' title='bbox 2609 5065 2914 5120; x_wconf 78' lang='lat' dir='ltr'><strong>Manichwi.</strong></span> 
     </span>
    </p>
   </div>
   <div class='ocr_carea' id='block_1_97' title="bbox 647 5172 2136 5252">
    <p class='ocr_par' dir='ltr' id='par_1_97' title="bbox 647 5172 2136 5252">
     <span class='ocr_line' id='line_1_97' title="bbox 647 5172 2136 5252; baseline 0.013 -27"><span class='ocrx_word' id='word_1_757' title='bbox 647 5172 794 5237; x_wconf 86' lang='lat' dir='ltr'><strong>Erat,</strong></span> <span class='ocrx_word' id='word_1_758' title='bbox 840 5174 1017 5246; x_wconf 89' lang='lat' dir='ltr'><strong>inquit</strong></span> <span class='ocrx_word' id='word_1_759' title='bbox 1054 5175 1405 5246; x_wconf 67' lang='lat' dir='ltr'><strong>Manichmus,</strong></span> <span class='ocrx_word' id='word_1_760' title='bbox 1459 5190 1692 5252; x_wconf 91' lang='lat' dir='ltr'><strong>tempus,</strong></span> <span class='ocrx_word' id='word_1_761' title='bbox 1738 5201 1862 5239; x_wconf 84' lang='lat' dir='ltr'><strong>cum</strong></span> <span class='ocrx_word' id='word_1_762' title='bbox 1910 5189 2136 5244; x_wconf 81' lang='lat' dir='ltr'><strong>materia</strong></span> 
     </span>
    </p>
   </div>
   <div class='ocr_carea' id='block_1_98' title="bbox 575 5267 2138 5343">
    <p class='ocr_par' dir='ltr' id='par_1_98' title="bbox 575 5267 2138 5343">
     <span class='ocr_line' id='line_1_98' title="bbox 575 5267 2138 5343; baseline 0.007 -20"><span class='ocrx_word' id='word_1_763' title='bbox 575 5268 694 5325; x_wconf 70' lang='lat' dir='ltr'><strong>sine</strong></span> <span class='ocrx_word' id='word_1_764' title='bbox 733 5267 924 5325; x_wconf 90' lang='lat' dir='ltr'><strong>ordine</strong></span> <span class='ocrx_word' id='word_1_765' title='bbox 969 5268 1288 5338; x_wconf 81' lang='lat' dir='ltr'><strong>ferebatur;</strong></span> <span class='ocrx_word' id='word_1_766' title='bbox 1331 5279 1386 5327; x_wconf 92' lang='lat' dir='ltr'><strong>et</strong></span> <span class='ocrx_word' id='word_1_767' title='bbox 1427 5275 1739 5343; x_wconf 77' lang='lat' dir='ltr'><strong>generabat,</strong></span> <span class='ocrx_word' id='word_1_768' title='bbox 1772 5287 1826 5334; x_wconf 86' lang='lat' dir='ltr'><strong>et</strong></span> <span class='ocrx_word' id='word_1_769' title='bbox 1857 5281 2138 5335; x_wconf 87' lang='lat' dir='ltr'><strong>crescebat</strong></span> 
     </span>
    </p>
   </div>
   <div class='ocr_carea' id='block_1_99' title="bbox 648 5398 1298 5484">
    <p class='ocr_par' dir='ltr' id='par_1_99' title="bbox 648 5398 1298 5484">
     <span class='ocr_line' id='line_1_99' title="bbox 648 5398 1298 5484; baseline 0.008 -23"><span class='ocrx_word' id='word_1_770' title='bbox 776 5408 967 5484; x_wconf 63' lang='lat' dir='ltr'><strong>Forte,</strong></span> <span class='ocrx_word' id='word_1_771' title='bbox 989 5410 1298 5484; x_wconf 64' lang='lat' dir='ltr'><strong>s_i&#39;1rn._Emr</strong></span> 
     </span>
    </p>
   </div>
   <div class='ocr_carea' id='block_1_100' title="bbox 648 5479 2138 5552">
    <p class='ocr_par' dir='ltr' id='par_1_100' title="bbox 648 5479 2138 5552">
     <span class='ocr_line' id='line_1_100' title="bbox 648 5479 2138 5552; baseline 0.007 -19"><span class='ocrx_word' id='word_1_772' title='bbox 648 5481 725 5552; x_wconf 78' lang='lat'><strong>(7)</strong></span> <span class='ocrx_word' id='word_1_773' title='bbox 756 5479 889 5552; x_wconf 85' lang='grc' dir='ltr'><strong>Πῶς</strong></span> <span class='ocrx_word' id='word_1_774' title='bbox 917 5480 969 5534; x_wconf 84' lang='grc' dir='ltr'>δ’</span> <span class='ocrx_word' id='word_1_775' title='bbox 997 5479 1075 5537; x_wconf 86' lang='grc' dir='ltr'><strong>ἂν</strong></span> <span class='ocrx_word' id='word_1_776' title='bbox 1092 5479 1189 5550; x_wconf 69' lang='grc' dir='ltr'><strong>ἐτη</strong></span> <span class='ocrx_word' id='word_1_777' title='bbox 1223 5481 1445 5551; x_wconf 73' lang='grc' dir='ltr'>φθορά;</span> <span class='ocrx_word' id='word_1_778' title='bbox 1478 5483 1651 5539; x_wconf 82' lang='grc' dir='ltr'>πάντ.</span> <span class='ocrx_word' id='word_1_779' title='bbox 1683 5485 1862 5542; x_wconf 92' lang='lat' dir='ltr'><strong>Locus</strong></span> <span class='ocrx_word' id='word_1_780' title='bbox 1889 5488 2138 5552; x_wconf 88' lang='lat' dir='ltr'><strong>mutilus,</strong></span> 
     </span>
    </p>
   </div>
   <div class='ocr_carea' id='block_1_101' title="bbox 581 5551 2140 5628">
    <p class='ocr_par' dir='ltr' id='par_1_101' title="bbox 581 5551 2140 5628">
     <span class='ocr_line' id='line_1_101' title="bbox 581 5551 2140 5628; baseline 0.008 -27"><span class='ocrx_word' id='word_1_781' title='bbox 581 5551 1213 5628; x_wconf 54' lang='lat' dir='ltr'><strong>Les_tituendus_proinde</strong></span> <span class='ocrx_word' id='word_1_782' title='bbox 1257 5554 1568 5628; x_wconf 36' lang='lat' dir='ltr'><strong>egiishqua:</strong></span> <span class='ocrx_word' id='word_1_783' title='bbox 1615 5555 1775 5628; x_wconf 79' lang='lat' dir='ltr'><strong>habet</strong></span> <span class='ocrx_word' id='word_1_784' title='bbox 1830 5551 2140 5628; x_wconf 87' lang='lat' dir='ltr'><strong>Stephanus</strong></span> 
     </span>
    </p>
   </div>
   <div class='ocr_carea' id='block_1_102' title="bbox 576 5619 2142 5692">
    <p class='ocr_par' dir='ltr' id='par_1_102' title="bbox 576 5619 2142 5692">
     <span class='ocr_line' id='line_1_102' title="bbox 576 5619 2142 5692; baseline 0.008 -21"><span class='ocrx_word' id='word_1_785' title='bbox 576 5619 847 5692; x_wconf 80' lang='lat' dir='ltr'><strong>Gol)art_rs,</strong></span> <span class='ocrx_word' id='word_1_786' title='bbox 876 5624 967 5688; x_wconf 88' lang='lat' dir='ltr'><strong>qui</strong></span> <span class='ocrx_word' id='word_1_787' title='bbox 989 5619 1115 5676; x_wconf 44' lang='lat' dir='ltr'><strong>&#39;hazc</strong></span> <span class='ocrx_word' id='word_1_788' title='bbox 1144 5622 1260 5692; x_wconf 89' lang='lat' dir='ltr'><strong>ipsa</strong></span> <span class='ocrx_word' id='word_1_789' title='bbox 1285 5622 1392 5676; x_wconf 90' lang='lat' dir='ltr'><strong>Titi</strong></span> <span class='ocrx_word' id='word_1_790' title='bbox 1422 5619 1729 5680; x_wconf 85' lang='lat' dir='ltr'><strong>Bostrensis</strong></span> <span class='ocrx_word' id='word_1_791' title='bbox 1753 5619 2142 5683; x_wconf 48' lang='lat' dir='ltr'><strong>verba-recitat</strong></span> 
     </span>
    </p>
   </div>
   <div class='ocr_carea' id='block_1_103' title="bbox 579 5688 2138 5766">
    <p class='ocr_par' dir='ltr' id='par_1_103' title="bbox 579 5688 2138 5766">
     <span class='ocr_line' id='line_1_103' title="bbox 579 5688 2138 5766; baseline 0.008 -27"><span class='ocrx_word' id='word_1_792' title='bbox 579 5688 724 5766; x_wconf 75' lang='lat' dir='ltr'><strong>apud</strong></span> <span class='ocrx_word' id='word_1_793' title='bbox 758 5688 1287 5766; x_wconf 58' lang='grc' dir='ltr'>Ιξιιοιὶυηι-Ιξὶὺιξοιζι.</span> <span class='ocrx_word' id='word_1_794' title='bbox 1314 5693 1434 5766; x_wconf 87' lang='lat' dir='ltr'><strong>cod.</strong></span> <span class='ocrx_word' id='word_1_795' title='bbox 1467 5709 1710 5766; x_wconf 63' lang='lat' dir='ltr'><strong>ccxxx&quot;,</strong></span> <span class='ocrx_word' id='word_1_796' title='bbox 1745 5712 1865 5766; x_wconf 78' lang='lat' dir='ltr'><strong>pag.</strong></span> <span class='ocrx_word' id='word_1_797' title='bbox 1899 5697 2023 5761; x_wconf 68' lang='lat'><strong>894,</strong></span> <span class='ocrx_word' id='word_1_798' title='bbox 2049 5701 2138 5754; x_wconf 91' lang='lat' dir='ltr'><strong>ubi</strong></span> 
     </span>
    </p>
   </div>
   <div class='ocr_carea' id='block_1_104' title="bbox 582 5757 2137 5839">
    <p class='ocr_par' dir='ltr' id='par_1_104' title="bbox 582 5757 2137 5839">
     <span class='ocr_line' id='line_1_104' title="bbox 582 5757 2137 5839; baseline 0.01 -31"><span class='ocrx_word' id='word_1_799' title='bbox 582 5757 663 5839; x_wconf 70' lang='lat' dir='ltr'><strong>sic</strong></span> <span class='ocrx_word' id='word_1_800' title='bbox 693 5757 920 5824; x_wconf 74' lang='lat' dir='ltr'><strong>legimus</strong></span> <span class='ocrx_word' id='word_1_801' title='bbox 946 5780 957 5814; x_wconf 91' lang='lat'>:</span> <span class='ocrx_word' id='word_1_802' title='bbox 995 5763 1116 5839; x_wconf 68' lang='grc' dir='ltr'>Πῶς</span> <span class='ocrx_word' id='word_1_803' title='bbox 1150 5764 1196 5817; x_wconf 91' lang='grc' dir='ltr'>δ’</span> <span class='ocrx_word' id='word_1_804' title='bbox 1224 5764 1288 5817; x_wconf 84' lang='grc' dir='ltr'><strong>ἂν</strong></span> <span class='ocrx_word' id='word_1_805' title='bbox 1309 5764 1398 5839; x_wconf 76' lang='grc' dir='ltr'><strong>εἴη</strong></span> <span class='ocrx_word' id='word_1_806' title='bbox 1440 5757 1843 5839; x_wconf 35' lang='grc' dir='ltr'>φθορά-εαυτῆς</span> <span class='ocrx_word' id='word_1_807' title='bbox 1867 5769 1898 5838; x_wconf 84' lang='grc' dir='ltr'><strong>ή</strong></span> <span class='ocrx_word' id='word_1_808' title='bbox 1930 5757 2137 5839; x_wconf 84' lang='grc' dir='ltr'>φθορά;</span> 
     </span>
    </p>
   </div>
   <div class='ocr_carea' id='block_1_105' title="bbox 584 5826 2141 5906">
    <p class='ocr_par' dir='ltr' id='par_1_105' title="bbox 584 5826 2141 5906">
     <span class='ocr_line' id='line_1_105' title="bbox 584 5826 2141 5906; baseline 0.01 -29"><span class='ocrx_word' id='word_1_809' title='bbox 584 5826 699 5891; x_wconf 79' lang='lat' dir='ltr'><strong>Quo</strong></span> <span class='ocrx_word' id='word_1_810' title='bbox 722 5839 891 5883; x_wconf 88' lang='lat' dir='ltr'><strong>autem</strong></span> <span class='ocrx_word' id='word_1_811' title='bbox 917 5832 1068 5886; x_wconf 87' lang='lat' dir='ltr'><strong>modo</strong></span> <span class='ocrx_word' id='word_1_812' title='bbox 1085 5835 1350 5904; x_wconf 71' lang='lat' dir='ltr'><strong>corruptio</strong></span> <span class='ocrx_word' id='word_1_813' title='bbox 1368 5826 1522 5904; x_wconf 72' lang='lat' dir='ltr'><strong>fuerit</strong></span> <span class='ocrx_word' id='word_1_814' title='bbox 1541 5826 1623 5890; x_wconf 68' lang='lat' dir='ltr'><strong>sui</strong></span> <span class='ocrx_word' id='word_1_815' title='bbox 1649 5826 2141 5906; x_wconf 28' lang='lat' dir='ltr'><strong>ipsiusvco&#39;rrupiio&#39;i</strong></span> 
     </span>
    </p>
   </div>
   <div class='ocr_carea' id='block_1_106' title="bbox 2313 5183 3809 5260">
    <p class='ocr_par' dir='ltr' id='par_1_106' title="bbox 2313 5183 3809 5260">
     <span class='ocr_line' id='line_1_106' title="bbox 2313 5183 3809 5260; baseline -0.001 -18"><span class='ocrx_word' id='word_1_816' title='bbox 2313 5183 2424 5242; x_wconf 88' lang='grc' dir='ltr'>Ἦν</span> <span class='ocrx_word' id='word_1_817' title='bbox 2448 5188 2559 5260; x_wconf 88' lang='grc' dir='ltr'><strong>γάρ</strong></span> <span class='ocrx_word' id='word_1_818' title='bbox 2594 5204 2745 5251; x_wconf 90' lang='grc' dir='ltr'>ποτε,</span> <span class='ocrx_word' id='word_1_819' title='bbox 2769 5188 2952 5258; x_wconf 76' lang='grc' dir='ltr'>φησὶν,</span> <span class='ocrx_word' id='word_1_820' title='bbox 2987 5187 3076 5241; x_wconf 79' lang='grc' dir='ltr'>ὅτε</span> <span class='ocrx_word' id='word_1_821' title='bbox 3103 5189 3134 5258; x_wconf 83' lang='grc' dir='ltr'><strong>ἡ</strong></span> <span class='ocrx_word' id='word_1_822' title='bbox 3171 5185 3268 5258; x_wconf 73' lang='grc' dir='ltr'><strong>ὕλη</strong></span> <span class='ocrx_word' id='word_1_823' title='bbox 3296 5187 3522 5256; x_wconf 85' lang='grc' dir='ltr'>ὴτάκτει</span> <span class='ocrx_word' id='word_1_824' title='bbox 3546 5189 3642 5241; x_wconf 76' lang='grc' dir='ltr'><strong>καὶ</strong></span> <span class='ocrx_word' id='word_1_825' title='bbox 3661 5188 3809 5256; x_wconf 80' lang='grc' dir='ltr'>ἐγέν·</span> 
     </span>
    </p>
   </div>
   <div class='ocr_carea' id='block_1_107' title="bbox 2245 5277 3812 5350">
    <p class='ocr_par' dir='ltr' id='par_1_107' title="bbox 2245 5277 3812 5350">
     <span class='ocr_line' id='line_1_107' title="bbox 2245 5277 3812 5350; baseline -0.001 -17"><span class='ocrx_word' id='word_1_826' title='bbox 2245 5298 2332 5348; x_wconf 88' lang='grc' dir='ltr'><strong>να,</strong></span> <span class='ocrx_word' id='word_1_827' title='bbox 2371 5280 2465 5332; x_wconf 75' lang='grc' dir='ltr'><strong>καὶ</strong></span> <span class='ocrx_word' id='word_1_828' title='bbox 2496 5279 2776 5350; x_wconf 81' lang='grc' dir='ltr'>ηὐξάνετο,</span> <span class='ocrx_word' id='word_1_829' title='bbox 2802 5279 2894 5332; x_wconf 74' lang='grc' dir='ltr'><strong>καὶ</strong></span> <span class='ocrx_word' id='word_1_830' title='bbox 2928 5278 3150 5332; x_wconf 87' lang='grc' dir='ltr'>διετέλει</span> <span class='ocrx_word' id='word_1_831' title='bbox 3178 5277 3377 5342; x_wconf 81' lang='grc' dir='ltr'>πολλὰς</span> <span class='ocrx_word' id='word_1_832' title='bbox 3403 5279 3812 5349; x_wconf 78' lang='grc' dir='ltr'>προϐαλλομένη</span> 
     </span>
    </p>
   </div>
   <div class='ocr_carea' id='block_1_108' title="bbox 2251 5416 3808 5489">
    <p class='ocr_par' dir='ltr' id='par_1_108' title="bbox 2251 5416 3808 5489">
     <span class='ocr_line' id='line_1_108' title="bbox 2251 5416 3808 5489; baseline -0.001 -17"><span class='ocrx_word' id='word_1_833' title='bbox 2251 5419 2373 5474; x_wconf 79' lang='lat' dir='ltr'><strong>Mox</strong></span> <span class='ocrx_word' id='word_1_834' title='bbox 2397 5435 2462 5474; x_wconf 67' lang='lat' dir='ltr'><strong>ex</strong></span> <span class='ocrx_word' id='word_1_835' title='bbox 2491 5418 2678 5473; x_wconf 86' lang='lat' dir='ltr'><strong>eodem</strong></span> <span class='ocrx_word' id='word_1_836' title='bbox 2707 5416 2991 5489; x_wconf 13' lang='lat' dir='ltr'><strong>Stephano,</strong></span> <span class='ocrx_word' id='word_1_837' title='bbox 3006 5418 3085 5489; x_wconf 85' lang='lat' dir='ltr'><strong>sic</strong></span> <span class='ocrx_word' id='word_1_838' title='bbox 3114 5416 3396 5489; x_wconf 84' lang='lat' dir='ltr'><strong>legendum</strong></span> <span class='ocrx_word' id='word_1_839' title='bbox 3431 5417 3572 5489; x_wconf 83' lang='lat' dir='ltr'><strong>apud</strong></span> <span class='ocrx_word' id='word_1_840' title='bbox 3601 5417 3808 5472; x_wconf 87' lang='lat' dir='ltr'><strong>Titum:</strong></span> 
     </span>
    </p>
   </div>
   <div class='ocr_carea' id='block_1_109' title="bbox 2246 5487 3810 5562">
    <p class='ocr_par' dir='ltr' id='par_1_109' title="bbox 2246 5487 3810 5562">
     <span class='ocr_line' id='line_1_109' title="bbox 2246 5487 3810 5562; baseline -0.001 -18"><span class='ocrx_word' id='word_1_841' title='bbox 2246 5489 2455 5562; x_wconf 79' lang='grc' dir='ltr'>Φθορὰν</span> <span class='ocrx_word' id='word_1_842' title='bbox 2487 5489 2594 5559; x_wconf 81' lang='grc' dir='ltr'><strong>γάρ</strong></span> <span class='ocrx_word' id='word_1_843' title='bbox 2627 5489 2900 5562; x_wconf 76' lang='grc' dir='ltr'>ἄφθαρτον</span> <span class='ocrx_word' id='word_1_844' title='bbox 2941 5488 3196 5562; x_wconf 61' lang='grc' dir='ltr'>ἀδύνατον</span> <span class='ocrx_word' id='word_1_845' title='bbox 3231 5487 3367 5562; x_wconf 79' lang='grc' dir='ltr'>κατά</span> <span class='ocrx_word' id='word_1_846' title='bbox 3405 5487 3594 5554; x_wconf 19' lang='grc' dir='ltr'>γεήτάς</span> <span class='ocrx_word' id='word_1_847' title='bbox 3632 5489 3810 5562; x_wconf 81' lang='grc' dir='ltr'>κοινὰς</span> 
     </span>
    </p>
   </div>
   <div class='ocr_carea' id='block_1_110' title="bbox 2249 5556 3812 5640">
    <p class='ocr_par' dir='ltr' id='par_1_110' title="bbox 2249 5556 3812 5640">
     <span class='ocr_line' id='line_1_110' title="bbox 2249 5556 3812 5640; baseline -0.001 -28"><span class='ocrx_word' id='word_1_848' title='bbox 2249 5556 2454 5622; x_wconf 79' lang='grc' dir='ltr'>ἐννοίας</span> <span class='ocrx_word' id='word_1_849' title='bbox 2486 5556 2833 5640; x_wconf 66' lang='grc' dir='ltr'>έπίνοηθῆναί</span> <span class='ocrx_word' id='word_1_850' title='bbox 2866 5576 3013 5640; x_wconf 77' lang='grc' dir='ltr'>ποτε.</span> <span class='ocrx_word' id='word_1_851' title='bbox 3049 5556 3196 5612; x_wconf 84' lang='lat' dir='ltr'><strong>Fieri</strong></span> <span class='ocrx_word' id='word_1_852' title='bbox 3219 5558 3489 5640; x_wconf 57' lang='lat' dir='ltr'><strong>enimmon</strong></span> <span class='ocrx_word' id='word_1_853' title='bbox 3520 5568 3708 5626; x_wconf 80' lang='lat' dir='ltr'><strong>potest,</strong></span> <span class='ocrx_word' id='word_1_854' title='bbox 3733 5560 3812 5640; x_wconf 50' lang='lat' dir='ltr'><strong>in:</strong></span> 
     </span>
    </p>
   </div>
   <div class='ocr_carea' id='block_1_111' title="bbox 2249 5628 3812 5698">
    <p class='ocr_par' dir='ltr' id='par_1_111' title="bbox 2249 5628 3812 5698">
     <span class='ocr_line' id='line_1_111' title="bbox 2249 5628 3812 5698; baseline -0.002 -14"><span class='ocrx_word' id='word_1_855' title='bbox 2249 5628 2642 5698; x_wconf 81' lang='lat' dir='ltr'><strong>corruptibilem</strong></span> <span class='ocrx_word' id='word_1_856' title='bbox 2680 5631 3064 5696; x_wconf 86' lang='lat' dir='ltr'><strong>corruptionem</strong></span> <span class='ocrx_word' id='word_1_857' title='bbox 3117 5629 3378 5698; x_wconf 67' lang='lat' dir='ltr'><strong>communi</strong></span> <span class='ocrx_word' id='word_1_858' title='bbox 3420 5644 3577 5681; x_wconf 77' lang='lat' dir='ltr'><strong>sensu</strong></span> <span class='ocrx_word' id='word_1_859' title='bbox 3621 5629 3812 5696; x_wconf 82' lang='lat' dir='ltr'><strong>percipi</strong></span> 
     </span>
    </p>
   </div>
   <div class='ocr_carea' id='block_1_112' title="bbox 2249 5696 3807 5769">
    <p class='ocr_par' dir='ltr' id='par_1_112' title="bbox 2249 5696 3807 5769">
     <span class='ocr_line' id='line_1_112' title="bbox 2249 5696 3807 5769; baseline -0.001 -16"><span class='ocrx_word' id='word_1_860' title='bbox 2249 5696 2753 5769; x_wconf 15' lang='lat' dir='ltr'><strong>aliquandoiposse.</strong></span> <span class='ocrx_word' id='word_1_861' title='bbox 2793 5699 2912 5753; x_wconf 69' lang='lat' dir='ltr'><strong>llaec</strong></span> <span class='ocrx_word' id='word_1_862' title='bbox 2955 5698 3216 5769; x_wconf 83' lang='lat' dir='ltr'><strong>debemus</strong></span> <span class='ocrx_word' id='word_1_863' title='bbox 3255 5696 3619 5769; x_wconf 69' lang='lat' dir='ltr'><strong>Wesselingio</strong></span> <span class='ocrx_word' id='word_1_864' title='bbox 3658 5715 3710 5752; x_wconf 90' lang='lat' dir='ltr'><strong>v.</strong></span> <span class='ocrx_word' id='word_1_865' title='bbox 3759 5717 3807 5753; x_wconf 88' lang='lat' dir='ltr'><strong>c.</strong></span> 
     </span>
    </p>
   </div>
   <div class='ocr_carea' id='block_1_113' title="bbox 2251 5767 3394 5839">
    <p class='ocr_par' dir='ltr' id='par_1_113' title="bbox 2251 5767 3394 5839">
     <span class='ocr_line' id='line_1_113' title="bbox 2251 5767 3394 5839; baseline -0.002 -16"><span class='ocrx_word' id='word_1_866' title='bbox 2251 5767 2347 5824; x_wconf 68' lang='lat' dir='ltr'><strong>lib.</strong></span> <span class='ocrx_word' id='word_1_867' title='bbox 2378 5772 2511 5839; x_wconf 76' lang='lat' dir='ltr'><strong>sing.</strong></span> <span class='ocrx_word' id='word_1_868' title='bbox 2549 5767 2816 5822; x_wconf 75' lang='lat' dir='ltr'><strong>I’robabil.</strong></span> <span class='ocrx_word' id='word_1_869' title='bbox 2847 5785 2964 5839; x_wconf 80' lang='lat' dir='ltr'><strong>cup.</strong></span> <span class='ocrx_word' id='word_1_870' title='bbox 2997 5768 3087 5832; x_wconf 72' lang='lat'><strong>‘20,</strong></span> <span class='ocrx_word' id='word_1_871' title='bbox 3123 5784 3243 5838; x_wconf 78' lang='lat' dir='ltr'><strong>pag.</strong></span> <span class='ocrx_word' id='word_1_872' title='bbox 3278 5767 3394 5822; x_wconf 77' lang='lat'><strong>168.</strong></span> 
     </span>
    </p>
   </div>
  </div>
