4064 6290
344 380 482 451 tos's

1408 395 1782 453 onsnsus
1820 395 2246 454 MANICHA‘JOS
2277 395 2404 452 LIB:
2445 372 2513 454 If?

3446 399 3597 457 l086

339 510 596 580 δυνάμεις
614 525 633 541 ·-
665 509 958 578 αὐξηθεῖσα
1001 511 1178 564 τοίνυν
1204 510 1457 579 ἀνήγετο,
1481 510 1581 564 ούκ
1624 509 1794 563 εἰδυῖα
1824 508 1918 562 τοῦ

2038 527 2089 566 ιο
2145 512 2346 567 multas
2395 517 2700 583 potestates
2754 509 3132 582 producebat';
3197 517 3359 565 aucta
3423 513 3588 583 igitur

341 602 546 673 ἀγαθοῦ
578 602 679 674 τὴν
711 602 964 672 ὕπαρξιν.
993 602 1079 666 Ὠς
1111 603 1167 655 δέ
1189 602 1288 654 ἐπὶ
1305 600 1464 654 πλέον
1495 600 1786 671 ἀναχθεῖσα
1808 595 1917 653 εἶδε

342 698 442 769 τὴν
473 696 578 766 γῆν
601 711 662 751 τε
695 696 790 748 καὶ
825 694 885 748 τὸ
909 693 1024 763 φῶς
1047 693 1141 746 τοῦ
1167 692 1396 762 ἀγαθοῦ,
1428 691 1689 763 ἐπιϐῆναι.
1703 693 1816 754 τοῖς
1842 691 1917 762 μὴ

347 791 498 853 ίδίοις
521 791 806 861 ἐπιχειρεῖ·
824 790 852 842 ό
881 787 936 840 δὲ
961 787 1162 857 ἀγαθὸς
1173 786 1400 857 δύναμιν
1428 785 1745 839 ἀποστέλλει
1766 785 1913 852 τινὰ,

344 877 378 954 ᾖ
413 882 506 936 καὶ
553 881 726 951 ὄνομα
763 879 825 932 τὸ
871 879 1026 946 δόξαν
1061 877 1209 949 αὑτῷ
1252 876 1546 948 ἐπιτίθησι,
1584 877 1920 946 φυλάξουσαν

346 973 446 1044 μὲν
489 971 649 1042 δῆθεν
675 973 802 1035 τοὺς
839 972 1018 1044 ὄρους,
1043 970 1110 1024 τδ
1137 970 1180 1022 δ’
1215 969 1412 1040 ἀληθὲς
1438 969 1625 1041 δέλεαρ
1660 969 1922 1040 ἐσομένην

349 1065 429 1127 εἰς
460 1063 714 1118 ἀκούσιον
736 1066 801 1134 τῇ
827 1062 932 1136 ὕλῃ
948 1063 1326 1134 σωφρονισμόν
1351 1079 1364 1092 ο
1395 1062 1424 1115 ὃ
1465 1062 1529 1132 δὴ
1575 1063 1668 1115 καὶ
1709 1062 1919 1130 γέγονε.

345 1155 666 1226 Θεασαμένη
725 1153 834 1226 γὰρ
881 1157 915 1228 ή
963 1154 1060 1225 ὕλη
1115 1153 1211 1226 τὴν
1249 1155 1642 1209 ἀποσταλεῖσαν
1694 1154 1922 1226 δύναμιν

350 1245 745 1318 προσεκίσσησε
765 1247 882 1316 μὲν,
895 1246 969 1310 ὡς
982 1247 1038 1300 δέ
1052 1246 1470 1318 (7”)ἐρασθεῖσα’
1489 1247 1634 1318 ὁρμὴ
1648 1247 1703 1300 δὲ
1720 1246 1924 1300 πλείονι

351 1335 588 1391 λαϐοῦσα
631 1337 833 1409 ταύτην
886 1338 1111 1392 κατέπιε
1131 1355 1144 1369 ο
1183 1339 1278 1393 καὶ
1335 1339 1489 1410 ἐδέθη
1537 1340 1732 1412 τρόπον
1782 1338 1924 1404 τίνά,

351 1429 539 1500 ὥσπερ
566 1429 770 1504 θηρίον.
803 1429 1114 1502 Κέχρηνται
1149 1431 1256 1503 γάρ
1286 1434 1380 1485 καὶ
1414 1432 1547 1502 τῷδε
1567 1432 1642 1502 τῷ
1671 1431 1924 1500 ὑποδείγ-

356 1539 504 1591 ματι,
553 1521 629 1582 ὡς
687 1521 752 1574 δι’
802 1520 1015 1591 ἐπῳδῆς
1051 1521 1152 1592 τῆς
1206 1523 1602 1594 ἀποσταλείσης
1645 1523 1928 1594 δυνάμεως

354 1613 661 1684 ἐκοιμίσθη.
700 1612 894 1680 Γέγονε
942 1612 1119 1666 τοίνυν
1165 1613 1310 1684 μίξις
1353 1616 1446 1667 καὶ
1493 1617 1688 1685 κρᾶσις
1716 1613 1923 1673 τοῦτον,

354 1704 510 1777 φησὶ,
544 1704 634 1757 τὸν
661 1706 866 1775 τρόπον
889 1707 988 1775 τῆς
1017 1721 1076 1757 τε
1112 1705 1514 1776 καταποθείσης
1535 1706 1813 1776 δυνάμεως
1834 1705 1926 1758 τοῦ

2021 604 2353 660 evehebatur
2402 603 2656 661 nesciens
2693 603 3054 659 substantiam
3101 601 3250 657 boni.
3292 602 3588 675 Postquam

2019 711 2153 750 vero
2195 695 2371 766 magis
2409 701 2593 750 evecta
2620 696 2771 750 novit
2794 705 2993 752 terram
3027 705 3088 752 et.
3110 697 3292 752 lumen
3324 697 3472 761 boni,
3505 698 3592 752 ni-

2023 789 2238 845 tebatur
2284 788 2583 843 ascendere
2619 787 2688 842 ad
2719 803 2782 844 ea
2816 804 2938 860 quae
2976 803 3087 844 non
3120 795 3277 844 erant
3320 791 3541 860 propria
3573 809 3586 846 :

2022 879 2208 934 Bonus
2243 892 2374 934 vero
2422 885 2745 950 potestatem
2789 879 3082 950 quamdam
3118 881 3306 946 mittit,
3356 883 3445 936 cui
3486 896 3589 936 no-

2023 985 2150 1026 men
2185 970 2331 1041 quod
2362 971 2412 1026 ei
2439 971 2614 1027 visum
2639 982 2745 1038 est,
2774 972 3026 1043 imponit,
3057 973 3455 1028 custodituram
3483 974 3606 1030 sci--

2025 1065 2153 1120 licet
2175 1063 2514 1134 praescripta,
2541 1079 2601 1118 re
2635 1074 2819 1118 autem
2844 1078 2974 1120 vera
3009 1062 3248 1118 futuram
3277 1064 3395 1135 ipsi.
3423 1073 3593 1120 mate-

2031 1157 2128 1212 ria:
2160 1156 2472 1212 illecebram
2508 1163 2563 1212 et
2609 1156 3027 1211 invitamentum
3068 1156 3133 1210 ad
3165 1155 3594 1211 moderationem

2025 1247 2152 1317 ejus
2203 1259 2232 1298 a
2281 1245 2562 1300 voluntate
2612 1243 2865 1298 alienam.
2918 1242 3072 1308 Quod
3122 1241 3340 1312 quidem
3390 1240 3594 1295 factum

2026 1347 2110 1394 est
2150 1355 2160 1389 :
2197 1353 2322 1392 cum
2365 1337 2510 1391 enim
2557 1335 2788 1391 vidisset
2835 1336 3060 1390 materia
3104 1342 3430 1405 potestatem
3463 1332 3598 1388 mis-

2028 1446 2147 1486 sam
2187 1432 2347 1502 quasi
2391 1430 2670 1492 adamans,
2715 1427 3027 1497 concupivit
3071 1427 3287 1497 quidem
3327 1441 3468 1493 eam,
3501 1425 3610 1481 sed.

2029 1523 2340 1578 ardentiore
2369 1521 2608 1592 appetitu
2642 1519 2968 1588 prehensam
3015 1519 3318 1581 absorbuit,
3362 1527 3417 1573 et
3457 1533 3596 1588 quo-

2029 1607 2153 1662 dam
2189 1608 2352 1662 modo
2411 1615 2670 1676 tanquam
2723 1605 2902 1660 bellua
2942 1605 3105 1676 ligata
3138 1614 3242 1661 est.
3293 1605 3610 1661 Usiautern

2031 1710 2159 1755 sunt
2205 1699 2310 1754 hoc
2367 1699 2654 1770 exemplo,
2700 1707 2959 1767 tanquam
3018 1699 3271 1753 cautione
3314 1696 3615 1768 potestatis

355 1794 562 1864 ἀγαθοῦ
624 1797 717 1849 καὶ
764 1796 860 1866 τῆς
915 1796 1288 1868 καταπιούσης
1335 1796 1494 1868 ὕλης·
1541 1798 1636 1851 καὶ
1670 1797 1843 1860 οὕτως
1871 1795 1928 1863 ἐξ

2038 1793 2213 1847 missae
2239 1789 2474 1860 sopitam
2507 1805 2650 1845 esse.
2683 1787 2850 1843 Facta
2887 1789 3055 1859 igitur
3080 1797 3183 1855 est,
3212 1789 3388 1855 aiunt,
3417 1787 3602 1841 mistio

353 1888 554 1956 ἀμφοῖν
583 1883 991 1958 ἐδημιουργήθη
1025 1888 1146 1941 τόδε
1179 1890 1307 1951 πᾶν,
1340 1889 1445 1942 ὑπὸ
1473 1888 1567 1961 τοῦ
1601 1887 1804 1958 ἀγαθοῦ
1837 1890 1931 1960 δη-

2038 1889 2089 1938 et
2119 1882 2438 1952 temperatio
2476 1880 2544 1934 ad
2583 1882 2732 1935 hunc
2767 1880 3028 1946 modum;
3061 1880 3425 1951 absorptaque
3445 1888 3601 1949 pote-

353 1976 511 2049 λαδή-
562 1979 622 2031 οὐ
649 1977 758 2050 γὰρ
794 1978 859 2033 ἂν
893 1980 1224 2049 προύνόησεν
1264 1981 1297 2050 ή
1341 1981 1507 2034 κακία
1536 1981 1742 2051 κόσμου
1780 1981 1931 2049 γενέ-

2038 1982 2173 2029 state
2204 1973 2354 2036 boni,
2398 1980 2452 2028 et
2504 1971 2733 2025 materia
2782 1971 3109 2026 absorbente
3147 1971 3226 2026 sic
3266 1986 3332 2026 ex
3375 1977 3605 2040 utraque

357 2087 516 2134 σεως.
547 2070 825 2126 Ἐντεῦθεν
856 2071 912 2124 δέ
945 2089 1073 2141 φασι
1107 2072 1174 2125 τά
1204 2073 1302 2143 μὲν
1334 2072 1536 2140 ἀγαθὰ,
1573 2072 1641 2125 τὰ
1667 2073 1724 2124 δέ
1761 2075 1928 2137 κακά,

2038 2063 2364 2119 fabricatum
2403 2077 2526 2118 esse
2577 2062 2917 2129 universum,
2949 2076 2980 2115 a
3014 2061 3158 2117 bono
3202 2061 3456 2122 scilicet;
3494 2077 3602 2115 non

354 2162 456 2232 τῆς
483 2163 730 2234 κράσεως
763 2163 976 2235 ἐκείνης
1019 2165 1113 2217 καὶ
1145 2165 1248 2234 τῆς
1277 2166 1493 2218 συνόδου
1526 2167 1638 2232 τοῖν
1675 2163 1819 2218 δυοῖν
1845 2165 1932 2219 διὰ

2038 2156 2181 2213 enim
2234 2155 2439 2209 malum
2488 2153 2725 2226 providit
2775 2160 2957 2208 ortum
3005 2153 3216 2207 mundi.
3263 2150 3402 2206 Hinc
3451 2151 3613 2206 aiunt--

355 2256 456 2326 τῆς
488 2256 858 2328 ἐναντιότητος
897 2256 1005 2310 τῶν
1046 2257 1173 2328 τῇδε
1217 2258 1553 2328 πραγμάτων
1603 2258 1935 2329 ἐμφαινομέ-

2038 2251 2145 2304 alia
2175 2248 2396 2320 quidem
2440 2247 2584 2302 bona
2627 2261 2784 2312 esse,
2832 2246 2938 2300 alia
2964 2261 3095 2301 vero
3134 2245 3294 2310 mala,
3341 2244 3483 2299 facta
3511 2245 3608 2299 mil

357 2364 477 2418 νης.

2039 2343 2221 2398 stione
2256 2341 2348 2394 illa
2374 2346 2428 2394 et
2454 2337 2686 2392 duorum
2711 2338 2856 2393 coitu
2891 2352 2987 2407 per
3005 2337 3114 2391 vim
3151 2335 3480 2391 contrariam
3520 2351 3613 2390 re-

2033 2449 2180 2497 rum,
2205 2447 2326 2502 qua:
2345 2431 2437 2485 hic
2467 2439 2613 2486 sunt.

746 2532 878 2587 Car.
910 2530 1049 2586 Xlll.
1084 2531 1276 2586 Anima
1309 2549 1342 2584 α
1369 2531 1500 2585 bona
1539 2531 1818 2601 principio,
1852 2548 1886 2584 a
1921 2527 2062 2582 malo
2090 2535 2265 2578 autem
2291 2538 2502 2591 corpus,
2534 2520 2819 2576 secundum
2858 2518 3200 2574 Manichwos.

463 2625 716 2696 Ορίςεται
747 2625 803 2678 δὲ
829 2624 1002 2699 ψυχὴν
1033 2621 1386 2696 μέν⁶ἆπασαν
1422 2621 1558 2678 εἶναι
1589 2626 1687 2696 τῆς
1717 2624 1933 2696 μερίδος

363 2715 458 2770 τοῦ
489 2716 714 2785 ἀγαθοῦ,
747 2716 906 2788 σῶμα
941 2718 998 2770 δὲ
1034 2719 1125 2771 καὶ
1159 2717 1254 2788 τὴν
1299 2718 1496 2788 σάρκα,
1532 2717 1630 2789 τῆς
1674 2716 1826 2787 ὕλης,
1857 2714 1935 2787 πὴ

369 2810 467 2879 μὲν
502 2809 834 2879 κατέχουσαν
857 2809 932 2873 ὡς
966 2812 1022 2863 ἐν
1051 2811 1243 2882 εἱρκτῇ
1263 2809 1360 2881 τὴν
1391 2809 1591 2880 ψυχὴν,
1623 2809 1698 2880 πὴ
1723 2808 1778 2861 δὲ
1801 2825 1934 2861 κατ-

365 2897 630 2968 εχομένην
670 2897 744 2962 ὡς
787 2897 972 2970 θηρίον
1008 2899 1144 2975 πρὸς
1167 2899 1266 2970 τῆς
1297 2899 1531 2970 ἐπῳδῆς.
1561 2898 1716 2952 Οὕτω
1745 2899 1840 2968 μὲν
1873 2895 1937 2968 δὴ

369 2992 727 3062 σοφισάμενος
767 2992 865 3063 τὴν
907 2990 1038 3062 ὕλην
1078 2993 1106 3045 ὁ
1139 2993 1342 3062 ἀγαθὸς
1401 2994 1625 3064 κόσμου,
1663 2992 1816 3062 φησὶ,
1847 2991 1937 3060 γέ-

2109 2617 2360 2673 Decernit
2389 2622 2570 2670 autem
2616 2629 2831 2670 omnem
2865 2611 3082 2682 quidem
3122 2613 3358 2666 animam
3390 2627 3510 2667 esse
3541 2627 3607 2666 ex

2043 2722 2192 2783 parte
2218 2709 2348 2765 boni
2387 2727 2402 2775 ;
2433 2721 2634 2777 corpus
2663 2719 2792 2760 vero
2826 2711 2879 2759 et
2906 2719 3127 2758 carnem
3159 2719 3225 2758 ex
3255 2711 3409 2772 parte
3432 2711 3608 2757 mate-

2042 2799 2138 2856 riae
2181 2818 2193 2853 :
2230 2806 2284 2852 et
2321 2797 2433 2865 jam
2466 2794 2685 2865 quidem
2721 2809 2924 2864 corpus
2963 2793 3198 2846 animam
3245 2800 3506 2863 tanquam
3552 2793 3608 2846 in

2043 2906 2265 2946 carcere
2309 2889 2596 2954 detinere;
2636 2888 2749 2954 jam
2778 2901 2908 2942 vero
2957 2886 3194 2939 animam
3227 2885 3457 2940 detineri
3490 2893 3611 2938 t-an-

2045 2999 2205 3053 quam
2231 2981 2466 3037 belluam
2497 2995 2527 3033 a
2555 2978 2828 3033 eantione.
2860 2974 2950 3030 Sic
2977 2976 3150 3031 bonus
3176 2990 3298 3029 cum
3329 2976 3611 3029 materiam

367 3101 489 3154 γονε
521 3062 874 3156 δημιουργός·
915 3085 1014 3136 οὐκ
1057 3084 1424 3155 ἀντιποιηθείς
1467 3062 1530 3152 γε
1564 3083 1655 3141 τοῦ
1679 3084 1935 3158 δημιουρ-

2045 3071 2371 3141 decepisset,
2413 3067 2623 3131 mundi,
2673 3067 2871 3136 inquit,
2923 3064 3104 3119 factus
3140 3070 3223 3118 est
3270 3062 3610 3118 fabricator:

365 3175 533 3246 γῆσαι
583 3173 746 3228 αὑτὸν
784 3173 1118 3244 (ἀνθίσταται
1151 3175 1258 3246 γάρ
1301 3175 1492 3246 αὐτῷ),
1530 3175 1664 3230 ἀλλὰ
1709 3175 1795 3228 διὰ
1841 3174 1938 3244 τὴν

366 3267 736 3321 ἐπανάστασιν
765 3267 864 3336 τῆς
893 3267 1111 3330 κακίας,
1151 3268 1216 3336 ἢν
1271 3269 1614 3340 σωφρονῆσαι
1658 3265 1936 3338 διενοήθη·

364 3359 427 3412 ού
475 3359 657 3430 μέντοι
704 3358 895 3428 γέγονε
932 3359 1154 3412 δυνατὸν
1191 3358 1392 3423 ἐξελεῖν
1440 3361 1538 3429 τῆς
1595 3359 1793 3422 κακίας
1832 3358 1940 3411 τῶν

367 3452 706 3523 φαινομένων
749 3451 1091 3524 πραγμάτων
1133 3451 1222 3504 τὸν
1268 3452 1365 3515 ἱὸν,
1391 3450 1618 3505 ’ἑπεσθαι
1661 3450 1718 3502 δὲ
1758 3448 1942 3502 τοῦτον

365 3544 714 3614 δεικνύμενον
757 3548 820 3598 ἐκ
852 3545 952 3615 τῆς
987 3545 1212 3609 ἀταξίας
1254 3545 1346 3598 καὶ
1376 3543 1496 3613 τῆς,
1521 3543 1596 3605 ὼς
1623 3540 1940 3612 ὑπείληφεν,

368 3637 686 3708 ἀνισότητος
710 3637 818 3690 τῶν
850 3638 969 3691 καθ’
989 3641 1158 3709 ἡμᾶς,
1187 3637 1375 3690 τοῦτον
1405 3637 1503 3706 μὲν
1529 3635 1797 3696 πλουτεῖν,
1820 3631 1945 3686 τοῦ-

366 3745 463 3780 τον
513 3728 572 3781 δέ
608 3728 884 3785 πένεσθαιο
925 3730 1136 3783 καὶτὸν
1175 3731 1270 3800 μὲν
1316 3727 1567 3792 εὐδοξεῖν,
1602 3726 1694 3785 τὸν
1724 3726 1781 3778 δὲ
1823 3725 1946 3782 ἀδο-

372 3819 484 3884 ξεῖν
504 3834 516 3848 ·
548 3819 644 3873 καὶ
675 3819 777 3873 ὅσα
801 3820 1046 3874 τοιαῦτα.
1075 3820 1149 3873 Τό
1183 3837 1240 3876 τε
1269 3820 1332 3890 δὴ
1361 3817 1790 3888 σπουδαζόμενόν
1830 3820 1946 3870 ἐστι

370 3913 452 3985 τῷ
482 3912 672 3984 ἀγαθῷ
703 3913 801 3984 τὴν
843 3912 1020 3983 ψυχὴν
1061 3910 1422 3982 ἐλευθερῶσαι
1461 3909 1557 3979 τῆς
1590 3908 1820 3972 κακίας·
1856 3909 1949 3965 καὶ

370 4006 576 4076 ταύτην
625 4005 887 4076 ἀντλῆσαι
922 4005 1122 4077 τρόπον
1150 4004 1273 4059 τινὰ
1300 4005 1364 4056 ἐκ
1383 4003 1479 4073 τῆς
1507 4001 1636 4071 ὕλης
1654 4017 1668 4030 ο
1703 3999 1862 4053 τοῦτο
1893 3999 1948 4052 δὲ

372 4096 656 4168 γίγνεσθαι
685 4094 772 4148 διὰ
802 4095 902 4166 τῆς
932 4096 1158 4167 σελήνης
1186 4092 1554 4164 αὐξανομένης
1567 4109 1625 4144 τε
1646 4091 1740 4143 καὶ
1765 4107 1948 4161 μειου-

2041 3178 2153 3218 non
2205 3161 2426 3232 quidem
2483 3157 2626 3229 quod
2684 3158 2862 3228 ipsum
2913 3154 3172 3210 fabricari
3222 3154 3611 3218 desiderasset,

2041 3256 2250 3311 resistit
2290 3253 2435 3307 enim
2483 3251 2554 3312 ei.
2601 3249 2698 3305 sed
2754 3257 2973 3319 propter
3025 3247 3346 3301 seditionem
3389 3263 3420 3301 a
3471 3248 3615 3300 malo

2041 3345 2357 3407 excitatam,
2375 3355 2539 3410 quam
2564 3341 2838 3410 corrigere
2859 3349 2913 3393 et
2937 3337 3206 3392 moderari
3239 3339 3570 3408 cogitaverat
3597 3355 3613 3402 ;

2043 3455 2154 3496 non
2201 3445 2383 3492 tamen
2434 3433 2548 3488 ﬁeri
2586 3433 2854 3502 potuisse,
2887 3438 2945 3484 ut
2977 3445 3244 3484 venenum
3294 3430 3425 3484 mali
3469 3430 3615 3499 quod

2044 3538 2129 3587 est
2179 3529 2236 3583 in
2286 3528 2451 3582 rebus
2497 3539 2634 3594 quas
2669 3523 2940 3589 videmus,
2994 3522 3420 3586 extraheretur;
3461 3520 3616 3589 sequi

2042 3638 2175 3679 vero
2197 3621 2326 3685 hoc,
2361 3626 2419 3674 ut
2450 3616 2657 3688 opinati
2687 3621 2836 3678 sunt,
2871 3628 2937 3669 ex
2965 3612 3374 3683 perturbatione
3406 3611 3618 3665 ordinis

2047 3723 2099 3770 et
2141 3728 2210 3769 ex
2262 3709 2631 3781 inaequalitate
2678 3719 2860 3762 rerum
2895 3711 3209 3760 nostrarum
3264 3710 3427 3773 atque
3471 3702 3617 3756 hunc

2047 3805 2268 3881 quidem
2310 3803 2532 3858 divitem
2572 3815 2714 3863 esse,
2749 3797 2904 3852 illum
2939 3812 3066 3851 vero
3095 3809 3433 3865 pauperem;
3466 3793 3614 3848 hunc

2048 3897 2371 3970 gloriosum,
2430 3894 2586 3948 illum
2641 3890 3030 3946 inhonoratum
3087 3896 3140 3943 et
3191 3885 3502 3956 inglorium,
3564 3894 3619 3941 et

2048 4003 2393 4062 quaecunque
2443 3986 2572 4040 talia
2625 3989 2772 4040 sunt.
2835 3980 3087 4035 Studium
3143 3993 3274 4033 vero
3317 3977 3442 4034 honi
3497 3993 3620 4033 esse

2050 4084 2281 4139 liberare
2311 4079 2548 4135 animam
2583 4093 2614 4130 a
2648 4076 2814 4142 malo,
2843 4082 2898 4129 et
2918 4073 3059 4127 hanc
3089 4070 3324 4142 quodam
3361 4069 3522 4124 modo
3550 4085 3618 4124 ex

2049 4173 2277 4231 materia
2305 4169 2596 4228 exhaurire
2654 4185 2668 4222 :
2729 4167 2835 4221 hoc
2903 4173 3087 4219 autem
3132 4162 3251 4217 ﬁeri
3289 4177 3387 4232 per
3434 4161 3618 4216 lunam

2051 4272 2388 4320 crescentem
2429 4268 2484 4316 et
2530 4258 2965 4319 decrescentem,
3015 4261 3076 4308 ut
3110 4267 3214 4308 nos
3242 4251 3432 4307 videre
3469 4249 3624 4305 vide-

379 4190 567 4267 μένης.
594 4190 669 4254 ὡς
699 4190 832 4260 όρᾷν
864 4186 1126 4259 δοκοῦμεν
1158 4189 1320 4258 ἡμεῖς
1340 4204 1352 4216 ·
1381 4185 1444 4238 τὸ
1468 4185 1576 4256 γάρ
1598 4183 1818 4254 ἀληθὲς,
1848 4200 1952 4253 φη-

378 4282 484 4346 σιν,
517 4279 706 4350 ὑδρίας
737 4280 939 4350 τρόπον
972 4279 1109 4346 αὑτὴ
1156 4275 1505 4349 πληρουμένη
1525 4316 1540 4340 ,
1589 4277 1653 4331 ἐκ
1690 4273 1789 4344 τῆς
1823 4289 1953 4327 κατ-

377 4343 646 4443 εχομένης
673 4343 860 4434 οὐσίας
889 4373 968 4435 εἰς
996 4370 1058 4424 τὸ
1089 4343 1348 4441 όμογεννές
1370 4343 1570 4437 ἀγαθόν
1593 4343 1871 4419 κενοῦταιο
1901 4380 1926 4416 ε

2053 4371 2176 4414 mur
2208 4371 2222 4410 :
2257 4370 2317 4410 re
2350 4367 2477 4408 vera
2507 4349 2675 4415 enim,
2709 4347 2906 4423 inquit,
2938 4346 3058 4418 ipsa
3088 4345 3143 4399 in
3172 4344 3390 4400 modum
3418 4343 3622 4414 hydria:

518 4437 613 4516 καῖ
635 4461 712 4534 μὴ
753 4461 962 4525 τούτοις
998 4477 1060 4530 γε
1086 4437 1483 4533 ὡῖςρήμασιν,
1515 4457 1652 4511 ἀλλά
1683 4473 1748 4526 γε
1776 4455 1935 4510 ταῦτα

2053 4448 2270 4520 impl'eta
2292 4489 2307 4510 ,
2341 4461 2410 4502 ex
2446 4441 2754 4500 substantia
2785 4438 2966 4494 inlusa
3000 4437 3058 4492 in
3090 4438 3298 4493 bonum
3329 4444 3624 4508 cognatum

382 4529 852 4624 βούλεταινλέγειν,
872 4529 1018 4624 άπερ
1036 4529 1533 4626 εὐσχημονέστερον
1554 4549 1694 4604 πάνυ
1721 4565 1783 4620 γε
1811 4548 1935 4619 πρὸς

2055 4539 2369 4597 exinanitur
2410 4552 2425 4590 :
2461 4536 2564 4594 etsi
2596 4534 2742 4590 enim
2789 4547 2898 4589 non
2943 4531 3031 4587 his
3063 4530 3266 4595 verbis,
3299 4529 3414 4584 hate
3441 4535 3624 4582 tamen

380 4620 538 4714 ήμῶν
585 4620 828 4714 εἴρηταιο
881 4620 1294 4712 πλεῖστον-γὰρ
1351 4620 1475 4694 ὅσον
1526 4641 1656 4712 παρ’
1705 4638 1854 4714 αὐτῷ
1890 4638 1935 4698 τε

2055 4635 2170 4690 vult
2223 4633 2427 4696 dicere,
2478 4644 2602 4701 quae
2653 4627 2826 4686 multo
2879 4625 3166 4682 honestius
3214 4639 3245 4678 a
3277 4621 3435 4678 nobis
3473 4620 3626 4675 dicta

381 4710 665 4789 ἀλλόκοτον
693 4710 752 4794 ἐν
779 4736 845 4806 τῇ
880 4734 1125 4808 διηγήσει
1149 4710 1328 4788 καὶτὸ
1357 4710 1637 4793 ἀπίθανον.
1835 4711 1841 4716 Ι

2059 4734 2188 4788 sunt
2213 4745 2231 4790 ;
2258 4724 2552 4796 plurimum
2586 4719 2734 4777 enim
2777 4717 3003 4776 absurdi
3033 4724 3087 4772 et
3117 4714 3438 4771 incredibile
3461 4721 3547 4770 est
3569 4710 3626 4766 in

2057 4819 2178 4889 ejus
2200 4815 2530 4872 narratione.

1273 4918 1402 4974 Car.
1443 4915 1582 4971 XIV.
1624 4916 1702 4971 De
1726 4925 1870 4970 terra
1898 4925 1947 4970 et
1977 4912 2234 4977 imbribus
2261 4912 2492 4972 Manetis
2531 4911 2724 4979 opinio.

343 5010 352 5070 Ϊ
458 4997 598 5067 Ὅσα
647 5013 747 5084 μέν
791 5007 883 5065 οὖν
930 5011 1093 5084 ἔτερα
1137 5011 1307 5084 γραὸς
1356 5012 1511 5082 δίκην
1556 5011 1843 5082 μυθολογεῖ
1870 5026 1935 5063 κα

2136 5006 2489 5076 Quaecunque
2537 5003 2706 5073 igitur
2743 5001 2850 5055 alia
2886 4999 3104 5057 aniliter
3154 5004 3209 5053 et
3257 4990 3631 5051 commentitie

347 5091 352 5175 ί
386 5107 608 5179 γράφει,
639 5077 705 5176 τῇ
727 5105 913 5176 Σύρων
963 5077 1114 5177 φωνῇ
1149 5077 1448 5176 γ’ρώμενος,
1469 5077 1638 5165 ’ὅπως
1687 5077 1784 5172 μὲν
1827 5102 1860 5171 ή
1889 5100 1935 5170 Ti

2062 5098 2308 5170 loquitur
2338 5106 2393 5153 et
2433 5095 2649 5157 scribit,
2699 5108 2952 5150 sermone
2995 5090 3222 5164 Syriaco
3267 5094 3450 5148 utens,
3497 5077 3669 5152 (μιοοί

343 5255 355 5270 ο
390 5174 731 5269 βαστάζεται,
767 5174 856 5251 τόν
883 5174 1578 5268 ποιητικδνημὴίδιαφυγὼν
1615 5193 1933 5265 μῦθον-ὅπω

2062 5191 2227 5248 modo
2279 5196 2426 5245 terra
2493 5187 2832 5252 sustinetur,
2890 5200 2999 5240 non
3057 5181 3307 5238 devitans
3364 5174 3630 5248 poeticam

386 5290 443 5343 δέ
493 5288 837 5344 συνίστανται
881 5290 931 5341 ot
983 5288 1202 5361 ὄμϐροι,
1229 5289 1304 5352 ὡς
1337 5287 1558 5359 ίδρῶτές
1584 5289 1690 5339 εἰσι
1723 5286 1834 5339 τῶν
1865 5286 1935 5354 ἀρ

2062 5283 2305 5338 fabulam
2340 5299 2356 5347 ;
2400 5277 2676 5351 quomodo
2725 5278 2930 5334 imbres
2962 5276 3120 5340 ﬁunt,
3157 5281 3211 5329 et
3244 5269 3473 5326 sudores
3508 5280 3636 5320 esse

388 5383 590 5452 χόντιυν
617 5381 717 5451 τῆς
747 5379 878 5452 ὕλης
898 5398 912 5412 θ
944 5381 1116 5434 ταῦτα
1156 5382 1248 5434 καὶ
1282 5380 1352 5433 τὰ
1384 5379 1626 5443 τοιαῦτα,
1658 5377 1766 5431 τῶν
1798 5379 1935 5430 αὐτο

2065 5373 2399 5448 principium
2454 5372 2694 5427 materia:
2744 5391 2756 5425 :
2808 5371 2924 5426 haec
2957 5377 3012 5424 et
3053 5368 3157 5421 alia
3206 5359 3476 5433 ejusmodi
3513 5372 3635 5427 qua:

337 5461 349 5480 ⁷
388 5473 780 5544 παλαισμάτων
807 5473 1336 5545 παρεμπορεύματα,
1353 5471 1604 5545 περιττὸν
1632 5471 1698 5527 ἂν
1725 5471 1808 5542 εἴη
1836 5486 1935 5542 προ

2066 5475 2263 5538 prmter
2306 5464 2584 5535 negotium
2637 5464 2723 5518 sui
2772 5461 3088 5518 certaminis
3119 5464 3337 5512 tractat,
3374 5464 3635 5519 superva—

391 5567 576 5640 φέρειν
610 5568 689 5630 εἰς
740 5565 981 5636 ἔλεγχον.
1031 5566 1152 5637 Χρὴ
1189 5565 1246 5618 δὲ
1276 5564 1312 5619 ἃ.
1354 5565 1481 5635 περὶ
1525 5565 1754 5618 ἑκάστου
1787 5579 1935 5634 παρα

2065 5577 2230 5617 cuum
2254 5567 2403 5616 esset
2433 5558 2501 5614 ad
2530 5555 2928 5613 conlutandum
2950 5552 3218 5625 proferre.
3255 5546 3479 5618 Oportet
3514 5557 3639 5613 qua}

390 5660 566 5712 παίων
589 5659 811 5730 γράφει,
847 5656 1134 5729 γνώρισμα
1162 5660 1276 5720 τοῖς
1317 5659 1501 5720 πᾶσιν,
1545 5654 1749 5727 ἥκιστά
1779 5670 1842 5722 γε
1873 5654 1970 5707 ἀν-

392 5749 608 5819 έχεσθαι
633 5749 767 5821 πρὸς
788 5749 1092 5820 ἀπέραντον
1111 5749 1372 5821 φλυαρίαν
1397 5743 1660 5818 τὸνλόγον
1689 5747 1967 5802 ἐκτείνειν·

464 5841 559 5912 (7°)
595 5843 731 5914 Lege
753 5841 836 5913 δή.
868 5843 1024 5896 Eutr.

2067 5651 2135 5707 de
2173 5652 2406 5721 singulis
2446 5649 2619 5705 delire
2658 5648 2872 5710 scribit,
2908 5659 3027 5714 quae
3052 5641 3306 5696 omnibus
3334 5645 3457 5692 nota
3483 5641 3632 5694 sunt,

2069 5763 2177 5803 non
2213 5745 2322 5817 pati
2355 5753 2416 5799 ut
2445 5743 2644 5800 librum
2677 5739 2904 5797 inﬁnitis
2939 5736 3097 5807 nugis
3130 5735 3357 5790 dilatcnt
3387 5749 3401 5798 ;
3437 5729 3634 5800 quippe
