4064 6290
514 397 652 454 1087
1639 389 1776 444 TITI
1816 384 2242 478 BOSTBENSIS
2279 382 2582 438 EPISCOP!
3602 373 3787 434 1083

514 529 638 566 cum
670 510 806 567 satis
833 509 906 565 sit
937 505 1218 564 confutato
1248 506 1428 576 capite
1457 505 1688 562 insania:
1717 505 1836 575 ejus
1866 504 2075 572 reliqua

2179 517 2254 562 ως
2295 498 2494 570 ἀρκοῦν
2540 497 2670 550 αὐτὸ
2731 496 2792 548 τὸ
2855 495 3148 564 κεφάλαιον
3199 492 3362 546 αὐτοῦ
3404 493 3509 564 τῆς
3548 494 3780 562 ἀλόγου

514 610 863 658 contemnere
910 619 924 654 :
957 610 1013 655 et
1050 600 1096 654 si
1129 614 1238 653 non
1275 599 1635 668 contingeret,
1669 606 1723 650 ul
1761 594 2077 650 necessario

2183 590 2378 661 μανίας
2407 588 2779 655 διελέγξαντας
2824 587 2931 640 τῶν
2965 585 3136 641 ἄλλων
3167 587 3542 656 καταφρονεῖν·
3575 587 3674 640 καὶ
3709 584 3780 636 εἰ

515 693 629 747 haec
659 706 824 746 causa
876 703 1180 744 sermonem
1208 687 1274 743 de
1308 686 1653 742 Providentia
1686 684 2077 753 complectere-

2181 684 2253 753 μή
2282 699 2346 750 γε
2372 682 2461 734 τὸν
2494 681 2620 751 περὶ
2651 679 2910 750 Προνοίας
2943 679 3100 746 λόγον
3137 678 3414 731 συνέϐαινε
3451 678 3609 750 τήνδε
3642 678 3777 748 τὴν

515 793 625 846 tur,
667 796 781 852 quo
825 780 1205 835 demonstrare
1240 783 1455 848 oportet
1480 775 1666 830 omnia
1695 789 1817 829 esse
1843 774 1979 828 bene
2011 785 2076 826 ac

2180 772 2432 826 ὑπόθεσιν
2470 771 2778 839 ἀναγκαίως
2826 770 3266 843 περιλαμϐάνειν,
3289 770 3358 823 δι’
3390 764 3451 824 οῦ
3479 773 3770 840 προσήκει

516 877 697 932 divine
725 873 1000 939 ordinata,
1029 879 1084 928 et
1113 869 1440 926 ineffabilem
1470 868 1566 922 Dei
1586 865 1908 937 sapientiam
1938 879 2079 933 pra:-

2179 865 2370 930 δεῖξαι,
2408 864 2482 927 ὼς
2532 866 2743 918 ἅπαντα
2785 859 2843 916 εὗ
2889 881 2949 916 τε
2991 863 3087 917 καὶ
3125 862 3283 927 θείως
3308 863 3613 933 τεταγμένα
3643 862 3782 933 τὴν·

513 967 730 1034 dicare;
763 966 1051 1022 ridiculum
1091 970 1236 1018 esset
1269 962 1352 1016 vel
1388 962 1565 1030 aliqua
1597 959 1787 1013 saltem
1830 954 2077 1010 confuta-

2182 955 2417 1026 ἄρρητον
2441 955 2532 1009 τοῦ
2561 955 2694 1008 Θεοῦ
2730 955 2918 1024 σοφίαν
2945 955 3237 1027 κηρύττει·
3269 955 3439 1024 γέλως
3468 955 3534 1008 ἂν
3561 950 3626 1027 ἦν
3649 957 3782 1008 civ——

513 1059 680 1121 tione,
717 1073 835 1128 qua:
867 1057 1140 1127 proposita
1170 1062 1316 1116 sunt,
1350 1053 1513 1121 digna
1544 1066 1665 1106 esse
1699 1056 1928 1118 putare;
1958 1061 2079 1116 quae

2178 1048 2479 1119 τιρρήσεως
2525 1045 2654 1114 γοῦν
2697 1063 2839 1109 τινος
2879 1045 3061 1110 ἀξιοῦν
3091 1046 3161 1099 τὰ
3191 1046 3546 1118 προτεθέντα,
3575 1047 3762 1117 ἅπερ,

513 1150 731 1220 quidem
769 1159 918 1204 extra
967 1162 1282 1202 communes
1313 1145 1561 1198 notiones
1598 1147 1854 1210 congesta
1887 1144 2079 1207 sponte

2181 1138 2334 1200 ἐκτὸς
2357 1137 2465 1189 τῶν
2503 1138 2693 1191 κοινῶν
2726 1137 2940 1191 ἐννοιῶν
2987 1139 3478 1210 συμπεφορημένα,
3508 1139 3767 1210 αὐτόμα-

515 1255 614 1298 sua
648 1241 791 1312 apud
820 1256 914 1296 eos
953 1239 1042 1310 qui
1079 1245 1311 1292 mentem
1345 1237 1543 1293 habent
1565 1239 1954 1303 eoarguuntur.

2181 1245 2274 1281 τον
2304 1227 2417 1298 ἔχει
2447 1228 2599 1299 παρά
2629 1245 2692 1297 γε
2722 1232 2832 1292 τοῖς
2864 1230 3116 1300 ἐχέφροσι
3142 1230 3233 1283 τὸν
3257 1231 3474 1301 ἔλεγχον

995 1351 1128 1408 CAP.
1165 1349 1282 1404 XV.
1347 1349 1617 1404 Sententia
1645 1347 1709 1400 de
1737 1346 1957 1399 materia
1981 1341 2263 1410 refutatur.
2291 1341 2373 1395 An
2403 1341 2571 1397 Satan
2599 1346 2667 1397 sit
2692 1344 2917 1400 deterior
2952 1364 3108 1417 quam
3136 1347 3256 1416 fuit.

588 1471 735 1527 Satis
764 1477 943 1526 autem
978 1478 1118 1532 erat,
1151 1477 1437 1537 postquam
1472 1481 1582 1520 non
1625 1465 1806 1518 minus
1846 1461 2075 1516 demon-

517 1572 752 1621 stratum
791 1571 878 1616 est
909 1574 1250 1630 nequaquam
1295 1559 1404 1613 duo
1451 1556 1717 1627 principia
1759 1568 1902 1616 esse,
1940 1566 2079 1620 prae-

517 1651 706 1708 sertim
763 1649 1058 1712 contraria,
1113 1647 1181 1702 de
1233 1646 1450 1700 homine
1497 1644 1608 1714 jam
1655 1650 1709 1698 et
1755 1643 1822 1696 de
1873 1641 2080 1710 reliqua

518 1741 729 1796 fabrica
789 1739 1062 1794 disserere
1115 1754 1130 1788 :

518 1830 948 1893 consideremus,
974 1829 1245 1898 quomodo
1273 1828 1547 1899 proposita
1568 1825 1902 1880 incredibilia
1927 1830 2078 1878 sunt.

517 1919 838 1983 Ferebatur,
883 1918 1082 1988 inquit,
1139 1917 1433 1988 aliquando
1484 1915 1711 1970 materia
1769 1913 2080 1984 perturbato

517 2011 732 2066 ordine.
764 2009 881 2076 Qua
910 2009 1121 2066 ordinis
1147 2006 1590 2078 perturbatione?
1616 2022 1684 2060 an
1719 2019 1902 2060 secum
1926 2002 2082 2059 sola?

519 2115 590 2156 an
638 2107 828 2156 contra
873 2099 1147 2171 aliquem?
1182 2099 1359 2153 omnis
1387 2099 1531 2153 enim
1562 2095 1825 2166 injustitia
1859 2111 1965 2150 non
1996 2100 2084 2149 est

519 2191 609 2247 sui
653 2191 967 2260 injustitia;
1023 2189 1119 2246 sed
1177 2191 1349 2244 altero
1392 2189 1616 2259 indiget,
1666 2187 1720 2241 in
1765 2201 1924 2257 quem
1969 2187 2079 2239 ﬁat.

516 2282 617 2336 Cui
640 2282 808 2352 igitur
834 2297 948 2336 non
977 2288 1096 2337 erat
1123 2280 1486 2336 communitas
1507 2295 1630 2334 cum
1661 2279 1767 2333 alio
1791 2295 1807 2346 ;
1837 2277 1891 2331 in
1919 2292 2081 2348 quem

519 2372 834 2443 perturbato
879 2371 1071 2427 ordine
1117 2370 1437 2427 ferebatur?
1464 2378 1558 2424 aut
1587 2384 1707 2441 quae
1739 2369 1878 2422 ratio
1907 2369 2084 2438 ipsius

518 2463 980 2534 perturbationis?

590 2553 900 2610 Generabat
920 2551 1139 2624 quidem
1171 2552 1404 2622 primum
1432 2550 1673 2622 nequitia
1709 2548 2080 2620 progrediens,

516 2653 573 2698 et
623 2645 907 2701 crescebat
959 2663 971 2698 :
1026 2644 1193 2715 igitur
1245 2643 1486 2714 ingenita
1531 2643 1845 2714 generabat,
1883 2652 1936 2696 et
1972 2657 2082 2696 non

517 2736 624 2790 erit
669 2736 823 2792 locus
867 2734 1104 2798 dicendi,
1152 2741 1411 2789 aeternam
1460 2733 1663 2804 aliquid
1692 2733 1817 2788 novi
1844 2733 2021 2787 moliri
2062 2749 2078 2787 :

519 2835 614 2881 aut
674 2828 818 2882 enim
875 2836 1069 2881 natura
1126 2827 1399 2892 molietur,
1453 2834 1614 2896 atque
1661 2826 1736 2879 ita
1801 2842 2078 2895 nunquam

520 2916 812 2971 intermisit
854 2931 1038 2970 rerum
1083 2932 1344 2970 novarum
1389 2916 1721 2972 molitionem
1771 2935 1784 2970 :
1830 2916 1876 2970 si
1919 2915 2080 2970 modo

521 3007 794 3076 appellare
859 3014 1076 3077 oportet
1143 3023 1406 3061 novarum
1465 3023 1646 3061 rerum
1704 3007 2074 3070 molitionem,

520 3108 713 3153 contra
755 3114 919 3168 quam
958 3099 1230 3168 negotium
1280 3115 1309 3151 a
1350 3097 1458 3153 Deo
1503 3107 1811 3168 susceptum
1857 3099 2077 3153 minime

522 3183 846 3256 principium
871 3186 1136 3253 temporis
1162 3185 1394 3251 habeat;
1426 3194 1517 3238 aut
1551 3185 1597 3240 si
1630 3185 1730 3238 hoc
1753 3184 2081 3254 cogitatione

521 3283 681 3330 utens
726 3273 873 3338 facit,
927 3275 1188 3329 rationem
1242 3275 1404 3328 habet
1444 3284 1499 3330 et
1527 3275 1905 3344 cognitionem
1957 3295 1969 3329 :
2028 3281 2081 3329 et

519 3381 709 3421 eversa
762 3375 845 3420 est
887 3380 1053 3420 causa
1107 3367 1361 3437 nequitiae
1401 3367 1608 3420 ratione
1649 3367 1905 3421 carentis.
1956 3365 2081 3422 Sive

519 3457 689 3528 igitur
743 3456 1163 3512 ratiocinatione
1219 3465 1414 3520 utens,
1473 3457 1586 3512 sive
1650 3466 1800 3510 motu
1850 3457 2079 3512 rationis

519 3555 741 3617 experte
790 3548 1112 3603 seditionem
1158 3550 1346 3611 movit,
1400 3563 1520 3618 qua:
1570 3548 1709 3604 ratio
1747 3549 1968 3619 patitur,
2023 3557 2082 3608 ut

519 3639 747 3694 inlinitis
784 3639 999 3693 saeculis
1043 3638 1268 3694 dimissa
1298 3639 1370 3693 sit
1401 3639 1714 3707 hujusmodi
1759 3639 2080 3694 seditionem

519 3729 776 3785 movere?
800 3745 864 3784 ex
895 3745 1006 3800 quo
1035 3729 1180 3782 enim
1213 3728 1344 3784 dicit
1385 3727 1681 3783 cohibitam
1722 3737 1776 3784 et
1818 3738 2080 3784 retentam

517 3837 659 3887 esse,
688 3831 946 3892 punctum
985 3823 1244 3892 temporis
1275 3821 1496 3878 ﬂuxisse
1528 3821 1845 3892 reperietur,
1878 3822 1924 3877 si
1957 3837 2082 3876 cum

519 3911 746 3967 inﬁnitis
777 3913 990 3966 saeculis
1022 3911 1311 3981 praeteritis
1343 3919 1709 3980 comparetur.
1743 3909 1898 3975 Quod
1938 3911 2080 3964 enim

521 4001 711 4072 incipit
738 4010 792 4056 et
821 4002 1098 4067 terminat,
1132 4001 1344 4056 ﬁnitum
1369 4008 1490 4067 est;
1523 4001 1614 4070 qui
1650 4008 1828 4056 autem
1855 4010 1982 4057 sunt
2016 4018 2080 4056 ev

518 4101 634 4147 toto
668 4093 864 4148 inﬁniti
890 4095 1077 4170 aeterni
1113 4104 1240 4148 sunt
1268 4102 1322 4148 et
1345 4093 1589 4163 ingeniti.

589 4185 878 4250 Prmterea,
923 4188 967 4241 si
999 4186 1414 4240 ratiocinatione
1464 4194 1621 4241 utens
1657 4185 1725 4240 ad
1761 4184 2080 4239 seditionem

519 4279 953 4348 depravabatur;
989 4278 1262 4349 quomodo
1315 4293 1424 4332 non
1475 4280 1658 4348 potius
1699 4278 1976 4349 aggressio
2005 4277 2082 4331 rei

521 4387 643 4440 quae
681 4369 796 4423 ﬁeri
832 4385 941 4424 non
986 4377 1220 4440 poterat,
1262 4369 1567 4438 interrupta
1609 4377 1662 4424 et
1704 4369 1940 4424 rescissa
1968 4368 2081 4424 est?

520 4469 778 4532 tanquam
807 4477 914 4516 non
936 4469 1120 4531 posset
1141 4469 1332 4515 contra
1359 4459 1678 4529 sapientiam
1704 4459 1962 4513 invictam
1996 4460 2080 4512 in-

521 4555 826 4609 cursionem
851 4553 1067 4609 facere?
1098 4554 1240 4608 unde
1270 4553 1468 4606 factum
1497 4561 1598 4614 est,
1621 4560 1677 4605 ut
1715 4561 1984 4614 caverent,
2017 4565 2082 4605 nc

519 4645 570 4697 ei
611 4645 877 4699 rationem
920 4652 974 4700 et
1017 4643 1381 4716 cognitionem
1415 4643 1758 4706 tribuerent,
1808 4649 1868 4695 ut
1903 4643 2080 4696 locum

520 4735 744 4791 haberet
793 4746 1161 4794 commentum
1203 4737 1490 4792 seditionis
1524 4744 1716 4790 contra
1763 4733 1926 4789 Deum
1970 4753 1984 4788 :
2028 4743 2082 4788 et

521 4831 831 4885 necessario
879 4831 948 4886 ab
1000 4832 1307 4903 ignorantia
1357 4841 1412 4887 et
1472 4838 1667 4886 natura
1708 4845 1817 4884 non
1856 4829 2079 4883 ratioci-

521 4930 685 4976 nante
739 4930 934 4989 tracta,
998 4941 1110 4979 non
1167 4925 1502 4996 exspectabit
1573 4923 1782 4976 inﬁnita
1857 4921 2076 4983 szecula,

519 5009 650 5065 dum
711 5027 770 5067 se
819 5020 993 5066 armat
1050 5021 1106 5068 et
1159 5031 1216 5070 se
1261 5017 1500 5070 exercitu
1555 5014 1715 5085 sepit,
1773 5021 1832 5068 ut
1878 5011 1970 5066 ﬁat
2013 5011 2078 5065 ad

519 5103 801 5158 audaciam
872 5107 1187 5173 promptior.
1263 5105 1320 5161 Si
1381 5108 1522 5162 enim
1589 5106 1862 5175 cepiosior
1921 5103 2079 5158 ﬁebat

520 5195 588 5249 iis
625 5211 764 5266 quos
806 5196 1098 5266 generabat
1124 5235 1139 5260 ,
1182 5213 1524 5268 nequaquam
1563 5208 1738 5253 tamen
1785 5197 2079 5268 appetitum

521 5293 730 5339 natura;
787 5286 1040 5356 augebat,
1107 5301 1282 5355 neque
1342 5301 1524 5344 motus
1595 5289 1863 5343 naturalis
1918 5287 2080 5358 quid-

519 5391 683 5445 quam
735 5378 1003 5447 appetitus
1055 5379 1400 5443 assumebat,
1457 5395 1631 5448 neque
1684 5378 1972 5433 accidisset
2026 5377 2077 5433 ei

522 5469 757 5536 primum
804 5469 1024 5539 quidem
1068 5485 1379 5540 augescere,
1419 5482 1579 5541 atque
1632 5471 1706 5524 ita
1754 5472 2077 5527 seditionem

519 5575 737 5615 movere
763 5577 778 5626 ;
812 5562 914 5616 hoc
941 5563 1084 5616 enim
1109 5570 1315 5617 naturze
1344 5564 1552 5618 ratione
1589 5564 1790 5619 utentis
1829 5570 1930 5627 est,
1958 5577 2077 5632 quae

520 5664 581 5702 ex
606 5653 882 5720 proposito
907 5655 1152 5723 nequiter
1179 5655 1307 5725 agit.

591 5741 666 5811 ('5)
697 5742 876 5808 Forte,
905 5745 1134 5813 ἐδέξατο.
1171 5746 1324 5802 Enn.

2257 1460 2452 1531 Ἤρκει
2479 1463 2559 1522 δὲ.
2591 1463 2688 1516 οὐκ
2717 1463 2931 1518 ἔλαττον
2967 1465 3262 1531 δείξαντας,
3293 1467 3368 1532 ὡς
3394 1469 3640 1539 οὐδαμῶς
3676 1470 3752 1524 ἂν

2183 1543 2479 1615 ὑπάρξαιεν
2506 1549 2670 1620 ἀρχαὶ
2700 1551 2812 1614 δύο,
2839 1553 2932 1605 καὶ
2954 1553 3184 1623 μάλιστα
3209 1558 3466 1626 ἐναντίαι,
3484 1558 3582 1630 ήδη
3615 1562 3750 1634 περί

2181 1653 2240 1689 τε
2273 1639 2556 1711 ἀνθρώπου
2587 1643 2679 1695 καὶ
2711 1644 2806 1714 τῆς
2837 1645 3001 1716 ἄλλης
3044 1647 3399 1720 δημιουργίας
3433 1651 3706 1706 διαλαϐεῖν
3728 1671 3744 1684 ·

1185 1736 1320 1791 nihil
1377 1744 1557 1790 tamen
1612 1733 1885 1806 prohibet,
1945 1731 2078 1802 quin

2178 1730 2324 1799 ὅμως
2357 1731 2412 1784 δὲ
2442 1731 2504 1784 τὸ
2536 1733 2737 1787 κωλῦον
2766 1736 2913 1790 οὐδὲν
2945 1738 3039 1791 καὶ
3066 1739 3174 1791 τῶν
3213 1741 3578 1811 προτεθέντων
3613 1744 3748 1800 ἰδεῖν

2182 1819 2244 1871 τὸ
2267 1821 2544 1880 ἀπίθανον.
2579 1825 2829 1880 Ἠτάκτει
2859 1826 2985 1901 γὰρ,
3013 1830 3192 1898 φησιν,
3215 1831 3247 1901 ἡ
3275 1831 3372 1901 ῦλη
3398 1833 3552 1886 ποτέ.
3576 1835 3759 1890 Ποίαν

2180 1911 2438 1979 ἀταξίαν;
2481 1910 2592 1987 ἆρά
2625 1934 2688 1985 γε
2733 1917 2853 1972 καθ’
2897 1919 3092 1991 ἑαυτὴν
3137 1916 3294 1985 οὖσα,
3321 1922 3356 1993 ἢ
3395 1924 3539 1978 κατά
3562 1930 3748 1992 τινοζς

2181 2004 2360 2059 ἀδικία
2401 2006 2511 2079 γὰρ
2549 2008 2752 2075 ἅπασα,
2796 2011 2994 2081 ἐαυτῆς
3043 2016 3142 2068 οὐκ
3182 2015 3248 2068 ἂν
3288 2016 3497 2084 γένοιτο
3538 2017 3756 2082 ἀδικία..

2179 2095 2347 2150 δεῖται
2377 2097 2430 2150 δὲ
2458 2099 2642 2170 ἐτέρου
2683 2101 2849 2166 τινὸς,
2881 2103 3004 2156 καθ’
3037 2101 3097 2159 οῦ
3128 2107 3321 2176 γένοιτ’
3344 2107 3430 2162 ἄν.
3463 2109 3527 2162 Ἡ
3564 2110 3745 2164 τοίνυν

2181 2187 2350 2258 ἑτέρῳ
2382 2191 2486 2243 τινὶ
2521 2192 2594 2264 μὴ
2626 2193 3066 2260 ἐπικοινωνοῦσιν(Ῥ
3089 2199 3228 2254 κατά
3252 2200 3394 2264 τίνος
3413 2201 3672 2271 ὴτάκτεις
3701 2203 3742 2274 ἢ

2178 2279 2262 2344 τίς
2290 2281 2317 2332 ὁ
2344 2281 2498 2350 λόγος
2524 2283 2623 2354 τῆς
2647 2284 2870 2352 ἀταξίας
2894 2288 3090 2359 αὐτῆς;

2263 2555 2484 2625 Ἐγέννα
2543 2558 2642 2628 μὲν
2705 2561 2948 2632 πρῶτον·
2978 2563 3240 2635 προϊοῦσα
3312 2564 3406 2616 καὶ
3457 2565 3750 2635 ηὐξάνετο,

2182 2645 2344 2713 φησίν
2364 2662 2376 2674 ο
2408 2645 2600 2700 οὐκοῦν
2631 2647 2814 2713 ἀϊδίως
2845 2650 2877 2721 ἢ
2903 2651 3068 2714 ἀΐδιος
3105 2653 3346 2720 ἐγένννα,
3374 2659 3407 2727 η
3443 2655 3742 2726 ἀγέννητος

2180 2735 2390 2803 ἐγέννα,
2425 2739 2518 2791 καὶ
2554 2739 2734 2811 χώραν
2777 2743 2873 2812 οὐχ
2906 2743 3013 2810 ἕξει
3057 2745 3117 2798 τὸ
3165 2750 3501 2818 καινοτομεῖν
3539 2767 3592 2802 τι
3640 2751 3750 2818 τὴνν

2179 2825 2367 2879 ἀΐδιον’
2403 2826 2436 2897 ἢ
2482 2830 2588 2899 γὰρ
2625 2829 2781 2898 φύσει
2807 2836 3206 2905 καινοτομήσει,
3234 2837 3326 2890 καὶ
3355 2837 3609 2892 οὐδέποτε
3640 2838 3740 2908 τῆς

2179 2918 2522 2988 καινοτομίας
2564 2922 2864 2976 ἐπέπαυτο’
2896 2927 2943 2978 εἰ
2987 2925 3048 2994 δὴ
3088 2926 3244 2980 τοῦτο
3284 2931 3627 3000 καινοτομίαν
3660 2931 3745 2982 δεῖ,

2180 3006 2378 3071 καλεῖν,
2411 3009 2486 3073 ὡς
2520 3012 2782 3083 μηδαμῶς
2825 3017 3077 3088 χρονικὴν
3113 3019 3285 3090 ἀρχὴν
3317 3019 3459 3090 ἔχειν
3482 3021 3580 3091 τὴν
3621 3024 3735 3075 κατ’

2179 3100 2347 3170 αὐτῆς
2387 3102 2480 3154 τοῦ
2512 3104 2714 3170 ἀγαθοῦ
2767 3108 3168 3180 μεταχείρησιν,
3221 3111 3253 3182 ἢ
3292 3110 3535 3183 λογισμῷ
3582 3113 3742 3166 τοῦτο

2179 3191 2489 3262 πράττουσα
2517 3193 2668 3262 λόγον
2696 3195 2806 3266 ἔχει
2839 3200 2930 3251 καὶ
2959 3199 3156 3265 γνῶσιν
3177 3219 3192 3232 ο
3221 3202 3314 3255 καὶ
3339 3204 3746 3274 ἀνατέτραπται

2176 3283 2277 3352 τῆς
2317 3283 2510 3353 ἀλόγου
2559 3287 2752 3352 κακίας
2793 3291 2825 3360 ἡ
2863 3291 3134 3356 ὑπόθεσις.
3163 3295 3284 3347 Εἴτε
3335 3290 3427 3348 οὖν
3469 3295 3732 3366 λογισμῷ,

2179 3377 2286 3430 εἴτε
2319 3379 2410 3431 καὶ
2441 3379 2704 3451 ἀλογίστῳ
2730 3385 2869 3456 φορᾷ
2894 3386 3232 3451 ἐπανίστατο,
3268 3386 3350 3450 τίς
3375 3389 3404 3440 ὁ
3427 3387 3578 3455 λόγος
3610 3387 3737 3452 τοὺς

2180 3468 2511 3539 ἀπεράντους
2534 3471 2734 3535 αίῶνας
2761 3474 2962 3544 ταύτην
2983 3480 3233 3548 παρεῖναι
3271 3478 3402 3548 πρὸς
3432 3479 3530 3550 τὴν
3553 3477 3736 3531 τοιαῦ-

2179 3574 2276 3628 την
2305 3559 2702 3627 ἐπανάστασιν;
2732 3564 2824 3632 ἀφ’
2845 3558 2905 3616 οὗ
2936 3565 3039 3636 γὰρ
3063 3567 3427 3636 κατεσχῆσθαί
3450 3584 3610 3638 φησιν
3638 3568 3736 3621 αῦ-

2178 3649 2275 3722 τὴν
2334 3651 2436 3716 ἕως
2482 3652 2596 3718 νῦν,
2644 3657 2841 3726 στιγμῇ
2877 3656 3065 3727 χρόνου
3089 3657 3281 3726 γένοιτ’
3309 3657 3394 3720 ἂν,
3424 3661 3472 3710 εἰ
3497 3658 3736 3729 παραϐά-

2178 3742 2320 3795 λοιτο
2361 3748 2471 3808 τοῖς
2515 3745 2869 3816 προλαϐοῦσιν
2905 3750 3151 3821 ἀπείροις
3183 3747 3372 3803 αἰῶσι·
3403 3751 3463 3802 τὸ
3507 3751 3604 3821 μὲν
3633 3751 3735 3820 γὰρ

2179 3829 2343 3902 ἄρχον
2370 3835 2463 3886 καὶ
2489 3835 2725 3888 τελειοῦν
2761 3836 3114 3909 πεπέρασται·
3163 3841 3211 3892 οἱ
3239 3839 3294 3893 δὲ
3327 3839 3606 3904 παντελῶς
3632 3841 3736 3894 άπ-

2182 3923 2395 4013 ἐραντοι
2426 3928 2585 3982 ἁῖδιοί
2614 3947 2670 3984 τε
2693 3932 2785 3984 καὶ
2814 3932 3112 4003 ἀγέννητοι.

2255 4209 2484 4263 Ἔπειτα
2505 4209 2808 4281 είλογισμῷ
2837 4211 3126 4267 ἐκακύνετο
3147 4214 3281 4284 πρὸς
3311 4213 3409 4285 τὴν
3437 4215 3734 4270 ἐπανάστα-

2185 4314 2288 4363 σιν,
2309 4299 2424 4363 πῶς
2451 4301 2572 4370 οὐχὶ
2604 4302 2696 4354 καὶ
2740 4300 2980 4372 λογισμῷ
3011 4301 3231 4372 διεκόπη
3268 4304 3328 4356 τὸ
3359 4305 3616 4360 ἀδύνατον
3639 4308 3731 4378 τῆς

2111 4418 2154 4474 D
2183 4395 2573 4465 ἐπιχειρήσεως
2593 4411 2607 4460 ;
2632 4395 2707 4458 ὡς
2731 4395 2828 4465 οὐχ
2843 4389 2951 4448 οἷόν
2975 4412 3034 4447 τε
3058 4394 3114 4448 ὃν
3141 4397 3456 4468 ἐπιδραμεῖν
3488 4400 3733 4472 ἀηττήτῳ

2186 4489 2378 4558 σοφίᾳ;
2405 4485 2527 4538 ὅθεν
2554 4486 2857 4556 πεφεύγασι
2883 4487 3297 4557 προσομολογείν
3321 4490 3456 4560 αὐτῇ
3483 4490 3734 4562 λογισμόν

2181 4597 2240 4634 τε
2281 4581 2376 4632 καὶ
2406 4577 2623 4646 γνῶσιν,
2655 4578 2730 4641 ὼς
2761 4578 2826 4631 ἂν
2851 4577 3033 4650 χώραν
3064 4579 3174 4651 ἔχοι
3203 4581 3301 4652 τῆς
3323 4582 3735 4646 ἐπαναστάσεως

2181 4671 2280 4742 τῆς
2331 4668 2469 4723 κατά
2525 4669 2657 4722 Θεοῦ
2707 4671 2767 4724 τὸ
2818 4671 3070 4741 πλάσμα·
3126 4673 3219 4726 καὶ
3270 4673 3577 4742 ἐπάναγκες
3635 4675 3734 4728 ὑπὸ

2181 4761 2402 4829 ἀγνοίας
2435 4760 2529 4813 καὶ
2556 4761 2836 4830 ἀλογίστου
2871 4764 3081 4832 φύσεως
3109 4763 3368 4836 ἑλκομένη
3399 4766 3500 4820 οὐκ
3530 4765 3735 4830 ἐκδέξε-

2180 4871 2267 4907 ται
2291 4851 2547 4924 ἀπείρους
2581 4854 2674 4907 καὶ
2698 4855 2874 4909 ἀποπε
2884 4855 3104 4927 ράντους
3141 4855 3340 4920 αἰῶνας
3361 4857 3557 4929 ἑαυτὴν
3581 4858 3732 4911 ὁπλί-

2181 4947 2343 5012 ζουσα
2381 4947 2475 4999 καὶ
2512 4946 2733 5018 δυνάμει
2767 4947 3181 5019 περιϐάλλουσα,
3209 4950 3285 5011 ὡς
3315 4949 3563 5018 γενέσθαι
3602 4949 3733 5019 πρὸς

2179 5040 2276 5110 τὴν
2335 5039 2536 5111 τόλμαν
2587 5041 3024 5112 προχειροτέραν.
3059 5042 3120 5095 Et
3161 5041 3266 5112 γὰρ
3307 5041 3369 5110 δὴ
3417 5041 3510 5094 καὶ
3539 5041 3733 5095 πλείων

2179 5132 2420 5201 ἐγίγνετο
2449 5127 2529 5195 οἷς
2561 5131 2770 5200 ἐγέννα,
2811 5132 2924 5186 ἀλλ’
2959 5130 3080 5185 οὔτε
3110 5149 3170 5200 γε
3201 5132 3299 5203 την
3325 5131 3498 5203 ὁρμὴν
3523 5132 3620 5203 τῆς
3645 5131 3734 5202 φύ-

2181 5243 2315 5289 σεως
2336 5226 2614 5297 ηὐξάνετο,
2637 5226 2755 5278 οὐδὲ
2782 5224 3190 5296 προσελάμϐανέ
3211 5241 3261 5277 τι
3279 5225 3482 5295 ταύτης
3499 5225 3560 5279 τὸ
3581 5242 3734 5288 φυσι-

2181 5319 2272 5372 κὸν
2301 5319 2523 5390 κίνημω
2543 5319 2649 5373 οὐδ’
2668 5318 2734 5372 ἂν
2754 5318 2988 5383 ἐδείξατο
3001 5318 3076 5390 (8)
3097 5316 3308 5389 πρῶτόν
3328 5333 3391 5385 γε
3412 5315 3731 5387 αὐξηθῆναι,

2179 5411 2273 5464 καὶ
2315 5410 2486 5475 οὕτως
2527 5412 2912 5482 ἐπαναστῆναιο
2939 5411 3095 5464 τοῦτο
3121 5409 3226 5482 γὰρ
3254 5408 3473 5479 λογικῆς
3522 5407 3734 5478 φύσεως

2179 5501 2428 5573 προθέσει
2453 5501 2900 5572 πονηρευομένης.
