4064 6290
322 353 489 412 1089
1398 355 1764 414 ADVERSUS
1808 353 2230 414 MANICHEOS
2260 357 2394 416 LIB.
2433 357 2476 414 l.
3460 363 3596 424 I090

412 468 544 534 Πῶς
566 469 622 522 δὲ
647 469 742 523 καὶ
765 469 991 542 αὔξησις
1012 471 1110 542 τῆς
1142 471 1338 535 κακίας
1364 473 1559 541 γένοιτ’
1593 475 1658 529 ἂν
1686 476 1718 545 ἢ
1749 492 1886 548 προσ

2089 475 2372 541 Quomodo
2405 485 2584 532 autem
2621 477 2805 550 augeri
2838 485 3052 548 poterat
3097 478 3342 550 nequitia
3375 479 3451 550 (id
3482 489 3592 547 est,

319 561 489 634 θήκῃ
529 563 636 616 τῶν
671 562 986 634 προϐολῶν;
1030 565 1092 618 El
1135 565 1242 637 γὰρ
1278 560 1357 629 οἷς
1407 567 1572 638 γεννᾷ
1613 567 1887 622 τελειοῦτα

2010 567 2277 640 Satanas)
2306 568 2633 637 accessione
2682 571 2926 628 sobolis?
2970 573 3017 628 si
3050 573 3194 626 enim
3237 573 3304 627 iis
3338 587 3476 643 quos
3511 575 3596 645 gi-

317 650 420 716 εις
463 653 682 718 κακίαν,
703 655 896 726 ἀτελὴς
923 650 992 727 ἦν
1026 657 1059 727 ἡ
1090 657 1276 722 κακία,
1303 659 1398 712 καί¹
1434 660 1534 714 οὐκ
1557 655 1624 731 ἦν
1658 664 1715 715 ἐν
1745 661 1884 732 ἀκρό

2020 658 2239 728 gnebat,
2271 661 2337 715 ad
2367 663 2664 732 nequitiam
2687 664 2988 734 perﬁcitur,
3013 663 3329 735 imperfecta
3352 673 3471 720 erat
3494 682 3592 722 ne-

315 755 467 812 τητι
497 744 694 808 κακίας
715 761 729 774 υ
761 745 809 798 εί
853 746 910 798 δὲ
939 746 1120 800 τελεία
1153 749 1247 801 καὶ⁵
1283 749 1448 820 ἄκρα,
1483 751 1625 804 κατὰ
1650 750 1741 805 τὸν
1784 751 1887 804 ἵδιο

2018 751 2212 821 quitia,
2246 760 2298 808 et
2329 764 2434 806 non
2468 762 2587 807 erat
2626 754 2682 807 in
2713 769 2926 810 summo
2951 761 3005 809 et
3029 753 3250 825 fastigio
3285 756 3588 825 nequitiae:

317 830 521 903 λόγον,
549 834 785 908 ἑκάτερα
818 839 1096 905 τάναντία,
1135 839 1387 911 οὐδαμῶς
1408 841 1732 908 αὐξάνεσθαι
1772 843 1887 910 δόξε

2018 845 2104 899 sin
2138 859 2265 900 vero
2303 853 2421 900 erat
2453 845 2696 916 perfecta
2740 855 2795 901 et
2845 861 3057 900 summa
3083 845 3382 900 secundum
3423 849 3593 902 ratio-

316 927 359 996 ή
403 925 577 981 κακία
619 926 707 980 διὰ
734 928 842 982 τῶν
885 930 1332 1001 προϐολῶν,.ούδέ
1377 933 1792 1006 θαρσαλεωτέρα
1817 954 1887 1006 γει

2015 950 2140 989 nem
2171 937 2469 1007 propriam,
2500 952 2696 992 rursus
2727 937 2950 992 minime
2978 937 3253 993 videbitur
3281 937 3468 1008 augeri
3501 954 3590 992 ne-

311 1021 584 1091 νήσεται,
611 1021 802 1094 λογικὴ
832 1023 906 1093 μὴ
931 1019 1086 1090 οὖσα,
1114 1025 1234 1078 οὐδέ
1266 1026 1402 1097 πρὸς
1431 1027 1752 1099 ἐπικουρίαν
1780 1029 1887 1082 ἐαυ-

2011 1027 2182 1096 quitia
2221 1043 2318 1098 per
2361 1030 2802 1099 propagationem
2845 1037 3246 1102 generatorum,
3287 1046 3462 1100 neque
3499 1029 3589 1086 ﬁet

313 1112 438 1183 πῆς
483 1114 896 1186 παραλήψεται·
948 1115 1085 1181 δόξει
1128 1118 1235 1190 γὰρ
1291 1119 1396 1190 πρὸ
1443 1120 1541 1190 τῆς
1589 1120 1887 1184 τεκνώσεως

2007 1117 2268 1174 audacior
2282 1128 2332 1175 et
2351 1121 2733 1191 praelldentior,
2760 1137 2884 1175 cum
2897 1136 3005 1176 non
3027 1122 3100 1178 sit
3124 1125 3396 1194 particeps
3417 1125 3588 1181 ratio-

316 1205 536 1278 ἀτελὴς
574 1207 851 1276 γεγονέναι
896 1209 954 1262 οὐ
1000 1211 1159 1281 μόνον
1213 1212 1349 1284 πρὸς
1385 1212 1582 1266 κακίαν
1625 1214 1658 1283 ἡ
1697 1213 1887 1277 κακία1

2005 1212 2128 1280 nis;
2179 1228 2279 1269 nec
2314 1213 2382 1267 ad
2414 1214 2673 1268 auxilium
2706 1229 2864 1269 suum
2896 1215 3171 1270 adhibebit
3192 1231 3331 1286 quos
3362 1218 3582 1287 genuit;

313 1296 472 1351 ἀλλὰ
519 1299 612 1352 καὶ
659 1298 794 1370 πρὸς
849 1301 1000 1371 ίσχὺν
1045 1303 1138 1355 κα)⁵
1182 1302 1397 1374 ῥώμην
1450 1303 1586 1375 ὅπερ
1627 1302 1887 1372 ἀλλότριοι

2009 1303 2212 1374 alioqui
2253 1305 2522 1361 videbitur
2567 1313 2862 1377 antequam
2884 1318 3229 1378 procrearet,
3267 1310 3581 1380 imperfecta

315 1390 654 1464 ἀγεννήτου.

2014 1393 2184 1451 fuisse
2232 1413 2341 1452 non
2395 1399 2570 1452 solum
2615 1399 2856 1468 nequitia
2897 1399 2965 1453 ad
3006 1401 3326 1470 nequitiam,
3376 1400 3470 1456 sed
3513 1401 3582 1456 ad

2011 1487 2152 1543 vires
2193 1495 2246 1543 et
2271 1489 2474 1557 robur;
2506 1490 2650 1560 quod
2677 1490 2912 1545 alienum
2944 1499 3030 1547 est
3059 1493 3128 1547 ab
3169 1493 3432 1564 ingenito.

995 1594 1124 1651 CAP.
1167 1595 1305 1650 XVI.
1338 1595 1540 1652 Seditio
1578 1598 1714 1650 inter
1739 1607 1892 1652 natos
1924 1598 2057 1652 mali
2094 1598 2360 1666 principii.
2396 1598 2671 1665 Quomodo
2698 1598 2908 1655 sedata.

397 1685 508 1739 Τὸν
545 1685 600 1738 δὲ
647 1685 843 1757 τρόπον
892 1687 992 1756 τῆς
1044 1688 1464 1752 ἐπαναστάσεως
1509 1688 1887 1760 εἰσηγούμενος

2075 1688 2387 1760 Explanans
2415 1698 2596 1745 autem
2627 1691 2847 1748 modum
2880 1690 3166 1747 seditionis
3195 1692 3360 1763 hujus
3397 1694 3574 1762 factae,

310 1777 556 1849 ταύτης,
603 1779 766 1849 φησίν
784 1796 799 1810 ο
835 1779 1105 1833 Ἤλαυνον
1130 1783 1224 1834 καὶ
1251 1781 1540 1853 κατήσθιον
1567 1784 1615 1835 οἱ
1641 1781 1700 1846 ἐξ
1731 1782 1887 1853 αὐτῆς

2000 1780 2124 1848 Qui,
2170 1782 2369 1852 inquit,
2417 1798 2484 1838 ex
2525 1798 2588 1837 ea
2629 1783 2744 1837 nati
2779 1791 2937 1846 sunt,
2987 1799 3046 1839 se
3093 1794 3283 1840 mutuo
3328 1787 3578 1843 insectati

305 1869 605 1941 ἀλλήλοις,
636 1871 784 1926 δεινὰ
812 1873 907 1926 καὶ
933 1873 1143 1945 χαλεπά
1164 1874 1492 1939 διατιθέντες
1510 1893 1522 1905 ·
1555 1877 1650 1930 καὶ
1682 1876 1742 1929 ού
1769 1876 1901 1947 πρό-

306 1979 375 2015 ιτε
386 1979 491 2034 ρον
513 1964 819 2018 ἐπαύσαντο
851 1965 1098 2037 ἀλλήλοις
1122 1967 1559 2038 ἐπανιστάμενοι,
1596 1967 1733 2038 αὐτῇ
1757 1967 1899 2032 λέξει

307 2057 486 2127 φησι,
520 2059 714 2129 μέχρις
755 2052 815 2111 οῦ
846 2058 906 2111 τὸ
949 2058 1063 2128 φῶς
1098 2058 1196 2128 ὀψέ
1241 2077 1371 2113 ποτε
1404 2059 1727 2130 ἐφώρασαν⁸
1772 2055 1898 2114 διω-

303 2149 551 2220 κόμενοι
574 2147 683 2219 γὰρ
730 2149 823 2202 ἀπ’
862 2149 1127 2220 ἀλλήλων,
1164 2148 1483 2217 ἀγνοοῦντες
1515 2151 1633 2221 μὲν,
1661 2151 1811 2222 ὅμως
1840 2151 1898 2204 δὲ

306 2240 695 2310 τετολμήκασι
725 2224 818 2294 καὶ
850 2239 1010 2312 μέχρι
1029 2239 1123 2293 τοῦ
1159 2241 1337 2310 φωτὸς
1366 2240 1687 2310 ἀναχθῆναι,
1709 2241 1819 2294 Καὶ
1845 2241 1897 2294 τί

309 2332 382 2406 δὴ
416 2331 623 2384 τούτων
659 2328 1064 2402 ἀπιθανώτερον
1093 2330 1126 2402 ἣ
1151 2330 1582 2402 μυθωδέστεροκη
1621 2332 1744 2394 τοὺς
1769 2331 1896 2402 μίαν

315 2425 428 2494 μὲν
475 2421 945 2494 ἐπιγραφομένους
978 2422 1221 2494 μητέρα,
1255 2422 1543 2494 συγγενείᾳ
1584 2422 1641 2475 δὲ
1685 2423 1896 2492 φύσεως

313 2515 661 2587 ἡνωμένους,
687 2513 936 2585 ἀλλήλοις
963 2515 1284 2584 ἐπιφύεσθαι
1315 2516 1514 2586 μάτην,
1535 2516 1627 2567 καὶ
1655 2513 1894 2586 ἀλλήλων

315 2607 390 2661 τὰ
419 2606 554 2678 μέλη
585 2605 912 2670 κατεσθίειν,
930 2607 1021 2659 καὶ
1045 2607 1309 2678 μηδέποτε
1335 2607 1520 2679 λήγειν
1541 2605 1699 2660 τοῦτο
1726 2607 1893 2678 δρῶν-

313 2715 459 2763 τας;
499 2699 674 2770 Ὅπερ
701 2700 749 2750 εί
776 2697 869 2750 καὶ
893 2697 1090 2770 ἀληθὲς
1126 2695 1214 2770 ἦν,
1251 2697 1456 2768 βέλτιον
1475 2694 1542 2767 ἦν
1574 2699 1769 2761 αὐτοὺς
1804 2698 1893 2767 ὑφ’

315 2791 535 2845 ἑαυτῶν
561 2790 945 2846 ἀναλίσκεσθαι
963 2807 976 2822 °
1004 2792 1098 2844 καὶ
1139 2791 1315 2862 μάτην
1336 2792 1365 2844 ὁ
1410 2791 1634 2863 ἀνόητος
1666 2790 1892 2857 ἀταξίαν

315 2883 483 2938 καλεῖ
506 2883 566 2937 τὸ
587 2884 862 2955 συμφέρον
883 2901 896 2914 ·
926 2883 1130 2955 ταύτης
1156 2883 1264 2955 γὰρ
1296 2882 1526 2955 μάλιστα
1563 2883 1660 2954 τῆς
1694 2882 1890 2945 κακίας

311 2975 566 3048 ὁρίζεται
591 2974 688 3046 τὴν
717 2975 820 3047 πρὸ
850 2974 1343 3047 κόσμου’ἀταξίαν·
1373 2974 1437 3045 ἢν
1468 2973 1658 3044 ὥσπερ
1692 2973 1891 3026 λυπού-

317 3084 487 3138 μενος
515 3067 612 3136 τῆς
637 3067 765 3139 ὖλης
794 3066 964 3131 οὕτως
992 3067 1263 3138 ὀνομάζει,
1290 3067 1371 3120 ὅτι
1402 3064 1476 3138 μὴ
1506 3067 1888 3137 προσηκόντως

307 3158 414 3229 ὑφ’
435 3160 634 3230 ἑαυτῆς
662 3159 980 3232 ἀνηλίσκετο
996 3176 1009 3190 ⁸
1044 3161 1136 3213 καὶ
1159 3159 1346 3232 ὥσπερ
1371 3176 1456 3223 τις
1487 3157 1638 3227 φίλος
1661 3157 1886 3229 ταύτης,

305 3251 603 3322 ἀδημονῶν
639 3251 722 3321 ἐφ’
759 3247 839 3316 οἷς
876 3251 1072 3324 ἑαυτὴν
1101 3251 1493 3314 κατέϐλαπτεν,
1533 3249 1759 3315 ἀταξίαν
1793 3267 1891 3303 κα-

306 3343 402 3396 -λεῖ
419 3360 431 3373 ’
458 3343 494 3396 ἃ
521 3343 902 3415 συμφερόντως
931 3343 1050 3396 καθ’
1072 3343 1269 3414 ἑαυτῆς
1290 3341 1452 3412 ἕδραν
1484 3341 1602 3394 δέον
1635 3339 1888 3404 εὐταξίαν

309 3435 415 3507 τὴν
446 3435 704 3489 ἀνωτάτω
721 3436 1042 3498 καλέσαι,τὸ
1069 3434 1382 3508 φθείρεσθαι
1405 3451 1468 3504 γε
1499 3431 1798 3503 ὑφ’ἐαυτοῦ
1828 3433 1888 3486 τὸ

311 3528 504 3582 κακόν.
524 3528 582 3580 '0
613 3528 689 3583 δὲ.
720 3529 1032 3592 Ἦτάκτουν,
1052 3529 1202 3599 φησι,
1228 3527 1322 3582 καὶ
1344 3527 1562 3599 ἠδίκουν
1593 3526 1853 3599 ἀλλήλους
1871 3541 1886 3558 ·

305 3617 376 3670 τὸ
410 3617 526 3687 φῶς
548 3617 604 3670 δέ
646 3617 842 3680 ἰδόντες
871 3619 1198 3672 ἐπαύσαντο.

1991 1884 2128 1940 sunt
2167 1883 2222 1928 et
2261 1876 2682 1938 devoraverunt,
2723 1873 2858 1928 dura
2893 1883 2947 1930 et
3003 1875 3189 1946 gravia
3244 1877 3436 1947 passi;
3479 1893 3577 1933 nc-

2000 1980 2106 2035 que
2157 1964 2310 2035 prius
2373 1964 2703 2020 destiterunt
2754 1967 2810 2019 in
2855 1981 2914 2020 se
2962 1967 3111 2037 ipsos
3157 1968 3364 2024 moveri
3409 1984 3575 2039 quam

1999 2057 2182 2112 lumen
2223 2071 2346 2111 sero
2376 2057 2594 2111 tandem
2634 2057 2920 2125 viderent;
2963 2059 3051 2113 his
3087 2059 3231 2114 enim
3257 2059 3438 2116 verbis
3467 2061 3575 2116 uti-

1999 2155 2124 2214 tur;
2173 2161 2204 2201 a
2241 2163 2299 2203 se
2342 2148 2487 2203 enim
2533 2147 2638 2219 ipsi
2684 2149 2939 2220 exagitati
2987 2166 3113 2204 cum
3149 2151 3349 2223 alioqui
3401 2155 3576 2209 nesci-

1995 2249 2137 2303 rent,
2165 2241 2235 2293 ita
2272 2247 2453 2296 tamen
2481 2243 2599 2297 ausi
2627 2250 2755 2298 sunt
2785 2259 2956 2313 usque
2985 2244 3051 2297 ad
3077 2244 3256 2299 lumen
3289 2245 3570 2302 accedere.

1996 2329 2201 2400 Ecquid
2249 2330 2334 2386 his
2379 2330 2756 2387 incredibilius
2803 2340 2856 2386 et
2908 2333 3084 2402 magis
3130 2335 3570 2390 commentitium

1994 2437 2089 2477 eos
2119 2422 2210 2491 qui
2243 2437 2404 2475 unam
2445 2429 2673 2477 matrem
2711 2423 2814 2478 sibi
2857 2425 3140 2480 ascribunt
3169 2433 3223 2481 et
3266 2426 3567 2490 vindicant,

1994 2520 2048 2567 et
2081 2515 2407 2582 cognatione
2453 2523 2662 2569 natura:
2684 2514 2859 2585 juncti
2897 2527 3045 2579 sunt,
3079 2517 3133 2571 in
3174 2533 3233 2574 se
3265 2519 3414 2589 ipsos
3453 2519 3571 2574 fru-

1994 2611 2106 2658 stra
2139 2603 2417 2670 invadere,
2475 2615 2529 2660 et
2565 2606 2810 2663 vicissim
2852 2607 3099 2663 membra
3129 2625 3229 2664 sua
3279 2611 3567 2679 devorare,

1991 2705 2046 2750 et
2083 2711 2364 2766 nunquam
2409 2696 2466 2750 in
2507 2698 2608 2752 hac
2646 2714 2706 2754 re
2757 2701 3012 2756 cessare?
3044 2700 3201 2766 Quod
3248 2702 3467 2772 quidem
3519 2705 3569 2759 si

1991 2802 2180 2843 verum
2227 2796 2366 2853 erat,
2423 2789 2720 2859 praestabat
2761 2791 2908 2861 ipsos
2939 2807 2969 2846 a
3007 2807 3066 2847 se
3105 2792 3238 2863 ipsis
3273 2795 3564 2851 consumi:

1990 2889 2045 2934 et
2092 2879 2327 2935 inaniter
2356 2880 2581 2937 demens
2630 2882 3024 2954 (Manichacus)
3078 2885 3328 2951 ἀταξίαν,
3377 2886 3432 2940 id
3459 2897 3565 2951 est,
3607 2938 3610 2942 .

1989 2972 2456 3042 perturbationem
2485 2974 2698 3032 ordinis
2730 2985 2890 3030 vocat
2917 2976 3080 3040 ineo,
3107 2978 3250 3047 quod
3274 2978 3408 3034 utile
3437 2989 3522 3035 est
3548 3002 3561 3035 :

1995 3063 2122 3118 huic
2143 3063 2288 3119 enim
2322 3063 2582 3136 nequitia;
2607 3066 2832 3121 ascribit
2853 3071 2908 3120 et
2929 3067 3173 3138 assignat
3199 3069 3568 3138 perturbatio-

1991 3169 2118 3210 nem
2165 3154 2375 3210 ordinis
2423 3165 2548 3210 ante
2587 3157 2883 3226 mundum;
2927 3172 3088 3229 quam
3123 3158 3202 3230 sic
3229 3169 3409 3227 vocat,
3442 3168 3568 3216 tan-

1992 3262 2156 3318 quam
2188 3248 2390 3313 doleat,
2436 3255 2492 3303 et
2521 3263 2581 3304 se
2632 3249 2894 3306 misereat
2935 3250 3208 3314 materiae,
3256 3252 3402 3322 quod
3451 3268 3563 3308 non

1991 3340 2146 3410 prius
2172 3355 2202 3393 a
2232 3355 2291 3396 se
2342 3341 2459 3410 ipsa
2491 3339 2702 3396 utiliter
2732 3348 2788 3396 et
2818 3341 3208 3396 convenienter
3235 3354 3563 3415 consumpta

1990 3438 2172 3496 esset;
2202 3437 2256 3486 et
2279 3441 2534 3501 tanquam
2560 3430 2779 3500 quidam
2803 3431 3012 3486 amicus
3039 3430 3201 3500 hujus
3228 3445 3465 3488 maerens
3495 3446 3563 3487 ac

1993 3523 2228 3596 graviter
2255 3522 2467 3590 dolens,
2493 3522 2640 3594 quod
2664 3521 2769 3577 sibi
2798 3522 3101 3586 nocuisset,
3127 3537 3248 3593 quae
3275 3529 3466 3577 contra
3501 3537 3564 3579 se

1994 3617 2203 3672 utiliter
2235 3614 2382 3680 fecit,
2413 3616 2469 3671 in
2512 3616 2581 3670 iis
2621 3614 3082 3686 perturbationem
3127 3617 3334 3673 ordinis
3378 3625 3558 3681 vocat,

311 3725 442 3764 cum
468 3708 688 3763 deberet
712 3711 890 3778 potius
915 3711 1359 3780 compositionem
1385 3710 1594 3765 ordinis
1651 3708 2165 3766 excellentissimam
2212 3723 2428 3774 vocare,
2495 3708 2720 3764 interire
2775 3708 2985 3763 scilicet
3020 3709 3221 3763 malum
3286 3725 3318 3763 a
3353 3709 3558 3780 seipso.

313 3801 411 3855 Ille
442 3807 622 3854 autem
650 3800 745 3864 ait,
795 3799 852 3854 In
897 3802 1208 3871 perturbato
1260 3801 1452 3857 ordine
1520 3810 1697 3867 erant,
1730 3812 1786 3856 et
1813 3802 1919 3856 sibi
1957 3800 2100 3855 inter
2148 3815 2207 3856 se
2237 3801 2545 3867 nocebant;
2587 3799 2705 3855 viso
2741 3806 2922 3854 autem
2953 3800 3160 3856 lumine
3218 3801 3555 3857 desiverunt.

384 3895 596 3951 Οὐκοῦν
631 3895 986 3949 ἐπεϐούλευσε
1024 3895 1101 3968 τῷ
1142 3897 1472 3969 συμφέροντι
1495 3897 1557 3950 τὸ
1591 3897 1728 3967 φῶς,
1766 3897 1882 3966 εἴγε

307 3991 442 4053 τοὺς
475 3989 676 4052 κακοὺς
710 3987 953 4058 ἀλλήλων
979 3987 1266 4060 ἐρρύσατο,
1299 3990 1394 4041 καὶ
1433 3988 1621 4060 ὥσπερ
1661 3988 1881 4060 φάρμα-

313 4098 412 4135 κον
456 4079 639 4152 ἰατροῦ
689 4079 1024 4150 εὐηργέτησε
1069 4079 1194 4143 τοὺς
1240 4079 1545 4143 νοσοῦντας.
1578 4080 1692 4133 Ούκ
1729 4075 1796 4150 ἦν
1825 4079 1884 4132 δὲ

313 4173 455 4244 πρὸς
501 4170 704 4240 ἀγαθοῦ
735 4171 1020 4241 φείσασθαι
1050 4170 1141 4224 τοῦ
1169 4171 1362 4235 κακοῦ,
1406 4173 1486 4234 εἰς
1518 4172 1579 4224 τὸ
1610 4171 1882 4242 διαμένειν

314 4264 409 4318 καὶ
440 4263 741 4328 σώζεσθαι,
791 4264 884 4317 καὶ
920 4263 993 4335 μὴ
1021 4265 1109 4332 ὑφ’
1147 4259 1340 4316 ἐαυτοῦ
1376 4262 1783 4317 ἀναλίσκεσθαι.
1819 4265 1884 4317 Εἰ

312 4358 423 4428 γὰρ
462 4356 551 4426 ὑφ’
575 4357 766 4410 ἑαυτοῦ
802 4355 1143 4411 δαπανᾶσθαι
1164 4355 1321 4409 τοῦτο
1358 4356 1699 4419 διεκώλυσεν,
1730 4357 1880 4410 ἀντι-

2059 3893 2227 3966 lgitur
2287 3895 2600 3950 insidiatum
2641 3901 2724 3950 est
2766 3894 2947 3949 lumen
2977 3894 3219 3961 utilitati,
3266 3894 3314 3950 si
3339 3895 3559 3964 quidem

1987 3987 2162 4042 malos
2201 4001 2230 4041 a
2268 3995 2455 4041 mutua
2492 3985 2639 4041 caede
2681 3985 2950 4049 liberavit,
2995 3996 3049 4041 et
3089 3996 3346 4056 tanquam
3379 3985 3556 4041 medi-

1988 4080 2112 4134 cina
2157 4079 2352 4134 medici
2401 4064 2605 4149 proruit
2643 4079 2880 4149 aegrotis.
2927 4077 2997 4130 At
3043 4092 3152 4132 non
3201 4076 3557 4132 conveniebat

1991 4174 2156 4239 bono,
2198 4181 2255 4228 ut
2287 4180 2532 4243 parceret
2571 4173 2735 4235 malo,
2782 4179 2836 4228 et
2869 4173 3070 4227 sineret
3110 4185 3425 4240 permanere
3465 4169 3553 4224 in-

1990 4267 2224 4331 colume,
2253 4276 2304 4320 et
2333 4281 2441 4320 non
2474 4265 2676 4319 sineret
2699 4279 2730 4318 a
2762 4279 2821 4320 se
2849 4265 2966 4335 ipso
2993 4261 3262 4318 consumi.
3297 4260 3355 4316 Si
3383 4261 3550 4324 enim,

1987 4370 2057 4411 ne
2107 4371 2138 4410 a
2179 4372 2238 4412 se
2287 4362 2725 4419 consumeretur,
2759 4355 2862 4410 hoc
2901 4354 3201 4425 prohibuit,
3238 4353 3358 4423 ipse
3391 4353 3554 4423 plane

314 4466 452 4522 κρυς
472 4448 633 4511 αὐτὸς
659 4448 977 4520 διετήρησεν
1003 4447 1133 4502 αὐτό
1155 4464 1169 4478 ·
1205 4448 1299 4502 καὶ
1327 4447 1410 4519 εἴη
1438 4447 1502 4502 ἂν
1526 4447 1882 4520 ἀληθέστερον

1990 4449 2224 4503 servavit
2253 4449 2451 4519 ipsum,
2481 4456 2734 4518 essetque
2756 4448 2934 4502 verior
2959 4446 3172 4513 ἀταξία,
3199 4446 3251 4501 id
3275 4454 3379 4509 est,
3404 4446 3554 4501 aber-

316 4545 474 4600 τοῦτο
507 4545 722 4610 ἀταξία,
756 4546 784 4598 ὃ
818 4561 949 4614 φησι
981 4543 1078 4614 τὴν
1112 4541 1336 4607 ἀταξίαν
1374 4539 1732 4594 πεπαυκέναι.
1754 4540 1882 4592 Ὅτε

316 4637 494 4691 τοίνυν
527 4638 660 4708 αὐτῇ
691 4636 830 4700 λέξει
861 4637 1076 4706 φησὶνή
1112 4634 1240 4704 παρ’
1276 4633 1455 4696 αὐτοῖς
1489 4630 1702 4703 βίϐλος’
1736 4632 1882 4702 Πρὸς

315 4730 579 4801 ἀλλήλους
608 4727 1007 4792 στασιάζοντες,
1056 4727 1396 4781 ἐπεπόλασαν
1426 4726 1519 4780 καὶ
1565 4725 1724 4799 μέχρι
1769 4724 1878 4777 τῶν

321 4823 604 4894 μεθορίων,
638 4824 731 4876 καὶ
756 4823 816 4875 τὸ
840 4821 954 4891 φῶς
981 4818 1141 4882 εἶδον,
1174 4820 1353 4890 θέαμά
1387 4837 1439 4872 τι
1474 4818 1757 4873 κάλλιστον
1784 4818 1879 4871 καὶ

315 4897 792 4989 εὐπρεπέστατον’·
829 4916 968 4978 τότε,
1019 4915 1124 4968 ὑπὸ
1165 4914 1264 4984 τῆς
1309 4917 1366 4966 ἐν
1388 4913 1570 4976 αὐτοῖς
1616 4912 1880 4983 κινήσεως

317 5009 717 5074 ἐνθουσιῶντες,
747 5009 886 5062 κατά
933 5007 1026 5061 τοῦ
1054 5007 1228 5078 φωτὸς
1274 5004 1680 5066 ἐϐουλεύσαντο,
1722 5003 1772 5057 τί
1814 5002 1878 5074 δὴ

317 5104 639 5172 ποιήσαντες
671 5103 914 5156 δύναιντο
940 5101 1005 5156 ἂν
1035 5101 1230 5164 αὐτοὺς
1252 5099 1329 5170 τῷ
1367 5097 1638 5169 κρείττονι
1679 5111 1878 5164 συγκε-

320 5197 508 5268 ράσαι;
537 5195 786 5250 Τοῦτοδέ
827 5193 1144 5264 λογίσασθαι
1189 5195 1286 5264 οὐχ
1330 5186 1430 5245 οἶοί
1470 5208 1529 5243 τε
1555 5185 1714 5260 ἦσαν,
1763 5187 1878 5240 ἀλλ’

316 5290 578 5362 ἐπιθυμίᾳ
606 5290 700 5345 τοῦ
756 5289 1060 5362 κρείττονος
1113 5289 1241 5340 ἴδιον
1288 5287 1511 5357 θήραμα
1561 5283 1881 5354 νομίσαντες

315 5383 494 5449 αὐτοῖς
523 5383 763 5446 ἔσεσθαι,
806 5382 988 5435 πολλοὶ
1020 5381 1171 5443 ὄντες
1213 5377 1733 5450 ἐπεστρατεύσαντο.

1989 4541 2126 4595 ratio
2158 4555 2187 4594 a
2225 4541 2369 4595 bono
2413 4541 2603 4595 ordine
2646 4539 2751 4593 hoc
2783 4538 2927 4609 quod
2969 4538 3066 4601 ait,
3113 4539 3381 4595 sublatam
3429 4553 3553 4593 esse

1987 4631 2446 4701 perturbationem
2474 4630 2702 4686 ordinis.
2745 4628 2837 4684 Sic
2867 4630 3034 4700 igitur
3071 4636 3156 4684 est
3197 4629 3252 4682 in
3288 4628 3430 4684 libro
3454 4631 3550 4700 qui

1986 4723 2129 4793 apud
2169 4723 2317 4794 ipsos
2346 4723 2522 4778 fertur
2549 4742 2562 4778 :
2591 4721 2859 4777 seditione
2890 4721 3034 4776 inter
3080 4722 3228 4790 ipsos
3256 4730 3398 4786 orta,
3431 4738 3553 4791 pro-

1984 4815 2201 4869 dierunt
2248 4830 2423 4885 usque
2471 4814 2539 4867 ad
2579 4811 2909 4878 confinium,
2959 4818 3014 4867 et
3042 4811 3294 4867 viderunt
3344 4812 3548 4878 lumen,

1985 4907 2354 4976 spectaculum
2407 4906 2680 4976 quoddam
2732 4903 3160 4976 pulcherrimum
3205 4912 3261 4960 et
3308 4906 3550 4960 maxime

1985 5000 2243 5055 decorum
2280 5017 2293 5052 :
2335 5005 2464 5051 tunc
2496 4997 2856 5052 commotione
2896 5011 2993 5050 sua
3039 4996 3092 5050 in
3135 4996 3403 5051 insaniam
3443 4997 3549 5049 acti

1986 5092 2434 5146 consultaverunt
2459 5091 2527 5146 de
2552 5089 2753 5144 lumine
2782 5089 2911 5160 quid
2953 5088 3262 5144 faciendum
3291 5097 3458 5150 esset,
3490 5095 3550 5141 ut

1987 5199 2047 5239 se
2073 5199 2195 5237 cum
2233 5197 2299 5237 eo
2337 5181 2484 5252 quod
2523 5182 2872 5251 praestantius
2911 5192 3029 5236 erat
3074 5181 3384 5236 miscerent.
3436 5177 3549 5233 Hoc

1989 5276 2442 5346 autemcogitare
2491 5290 2596 5329 non
2631 5282 2904 5345 poterant,
2963 5275 3058 5329 sed
3102 5289 3212 5344 prie
3253 5273 3551 5344 cupiditate

1985 5368 2227 5423 melioris
2260 5367 2504 5422 arbitrati
2539 5365 2776 5421 futuram
2820 5381 2944 5421 esse
2971 5366 3247 5436 propriam
3286 5363 3546 5435 praedam,

1984 5474 2106 5514 cum
2144 5458 2298 5512 multi
2326 5464 2530 5522 essent,
2565 5459 2862 5513 eXercitum
2903 5457 3201 5511 instruunt.

1327 5584 1454 5639 CAP.
1493 5580 1652 5634 XVII.
1689 5577 2014 5633 Desiderium
2039 5576 2264 5631 hominis
2301 5581 2508 5630 bonum.

385 5681 648 5738 Λανθάνει
679 5683 736 5736 δὲ
764 5685 876 5746 τοῖς
913 5682 1012 5752 τῆς
1033 5682 1230 5744 κακίας
1256 5681 1388 5743 υἱοῖς
1415 5679 1481 5733 τὰ
1510 5678 1724 5732 πάντων
1747 5673 1877 5728 κάλ-

322 5771 469 5831 λιστα
516 5777 938 5850 προμαρτυρῶν.
991 5777 1052 5830 El
1084 5775 1191 5846 γὰρ
1237 5773 1296 5827 τὸ
1337 5772 1616 5826 κάλλιστον
1661 5768 1752 5823 καὶ
1789 5766 1873 5819 εύ-

2054 5672 2405 5732 Μοιιίοιιαξιιε,
2450 5685 2569 5741 quae
2615 5675 2742 5723 sunt
2789 5666 3030 5722 omnium
3075 5665 3442 5736 pulcherrima
3493 5671 3548 5720 et

1985 5765 2299 5834 bellissima,
2353 5763 2476 5819 ﬁliis
2523 5761 2777 5833 nequitia:
2814 5757 3124 5814 testimonio
3164 5774 3263 5816 suo
3296 5757 3546 5816 nesciens

2761 6031 2788 6068 ο
