4064 6290
571 329 704 386 4091

1705 324 1842 381 TITI
1879 321 2303 382 BOSTRENSIS
2341 320 2650 379 EPISCOPI

3676 323 3842 380 I092

574 444 784 500 tribuit.
815 443 1023 499 Etenim
1056 443 1102 498 si
1133 441 1279 512 quod
1307 451 1392 498 est
1420 442 1850 513 pulcherrimum
1885 450 1941 498 et
1968 440 2145 496 maxi—

2247 440 2620 510 πρεπέστατον
2674 438 2951 510 ἐρασμίως
3017 435 3188 504 εἶδον,
3239 434 3331 492 καὶ
3381 437 3840 508 ἐπιθυμήσαντες

563 554 664 596 me
691 539 931 594 omnium
975 537 1257 600 decorum,
1299 543 1550 589 amanter
1583 534 1858 600 viderunt,
1895 544 1951 588 et
1982 533 2141 602 cupi-

562 631 743 688 ditate
787 629 993 684 incensi
1042 628 1314 699 propriam
1346 627 1594 696 praedam
1637 641 1759 683 esse
1799 616 2144 682 existimave-

562 727 723 785 runt,
762 720 931 790 liquet
985 727 1132 773 recte
1181 719 1440 774 sensisse.
1485 717 1667 785 Quare
1711 718 2002 774 consilium
2050 732 2144 772 ca-

563 813 749 883 piunt,
769 812 860 882 qui
893 826 1001 866 non
1037 819 1166 866 sunt
1199 812 1425 866 rationis
1447 811 1760 881 participes,
1783 810 2056 881 quomodo
2085 825 2144 866 se

559 903 676 973 ipsi
707 918 832 958 cum
869 903 1070 958 lumine
1102 903 1410 969 misceant;
1461 909 1515 958 et
1563 903 1891 973 relinquitur
1916 941 1933 966 ,
1973 910 2034 957 ut
2059 902 2144 956 in-

563 996 716 1050 widia
759 1005 925 1060 esset,
974 1009 1084 1050 non
1125 997 1441 1064 permittere
1499 995 1623 1050 istis
1663 994 1769 1048 frui
1813 994 2000 1048 bono:
2035 1007 2142 1046 non

559 1089 716 1145 enim
755 1097 876 1144 erat
903 1101 1085 1144 sermo
1114 1085 1399 1142 Manichaei
1437 1096 1722 1144 constans.
1755 1086 1816 1142 Si
1847 1088 1990 1143 enim
2015 1102 2146 1141 con-

558 1189 658 1235 tra
682 1195 742 1237 se
773 1180 1141 1246 insaniebant,
1169 1181 1452 1250 oportebat
1473 1181 1690 1251 quidem
1720 1179 1994 1234 dimittere
2025 1193 2142 1244 eos,

571 1276 634 1324 ut
666 1285 699 1324 a
737 1284 799 1326 se
838 1269 974 1340 ipsis
1006 1269 1316 1325 interirent.
1366 1268 1428 1324 Si
1459 1269 1734 1326 desiderio
1766 1270 1990 1324 luminis
2018 1277 2144 1323 tan-

571 1373 737 1428 quam
777 1359 1054 1431 elegantes
1082 1359 1428 1425 tenebantur,
1477 1360 1767 1416 honestum
1810 1361 1976 1416 etiam
2024 1367 2145 1416 erat

570 1451 655 1506 eis
681 1449 1004 1515 concedere,
1030 1457 1091 1504 ut
1120 1449 1456 1505 fruerentur.
1487 1451 1754 1506 Decorum
1779 1451 1928 1508 enim
1958 1459 2013 1507 et
2031 1453 2148 1505 lau-

565 1540 754 1598 dabile
786 1539 1012 1596 omnino
1056 1547 1141 1596 est
1175 1541 1474 1596 secundum
1523 1550 1774 1595 naturam
1816 1541 2146 1596 desiderium

572 1633 726 1699 boni,
764 1648 874 1705 quo
904 1631 1011 1686 frui
1042 1647 1153 1686 non
1175 1639 1489 1702 potuerunt,
1522 1632 1666 1687 sicut
1688 1632 1771 1686 ‘ait
1794 1631 1888 1702 qui
1919 1631 2146 1703 dogma-

564 1735 629 1781 ta
655 1723 938 1780 Manichmi
957 1723 1220 1794 scripsit;
1253 1737 1376 1777 cum
1407 1723 1608 1794 alioqui
1637 1723 2029 1787 desiderarent,
2053 1739 2151 1794 po-

2245 530 2463 604 θήραμα
2502 530 2632 582 ἴδιον
2675 531 2930 602 ἐνόμισαν
2979 531 3148 590 αὐτὸ,
3181 529 3372 600 δῆλον,
3425 528 3501 589 ὡς
3550 526 3700 598 ὀρθοί
3755 543 3838 594 γε

2242 619 2380 696 ἦσαν
2407 625 2504 697 τὴν
2527 623 2810 694 ὑπόληψιν.
2852 625 3015 677 Ὠστε
3063 625 3158 678 καὶ
3196 618 3539 693 βουλεύονται
3575 623 3624 674 οἱ
3654 621 3838 688 λόγου

2247 715 2322 786 μὴ
2369 716 2712 785 μετέχοντες,
2761 717 2908 779 ὅπως
2952 716 3017 769 ἂν
3061 717 3288 779 ἑαυτοὺς
3334 715 3690 788 ἐγκεράσαιεν
3737 714 3840 784 τῷ

2245 805 2410 874 φωτίο
2448 807 2542 857 καὶ
2596 805 2791 874 φθόνου
2827 806 3012 859 λοιπὸν
3061 803 3130 878 ἦν
3169 809 3231 859 τὸ
3263 807 3338 878 μὴ
3367 809 3576 860 ἀνεῖναι
3604 805 3837 868 τούτοις

2242 900 2336 954 τοῦ
2382 899 2588 968 ἀγαθοῦ
2632 901 2730 973 τὴν
2779 902 3074 956 ἀπόλαυσιν
3097 921 3110 933 ·
3153 905 3251 974 οὐχ
3301 905 3499 974 ἕστηκε
3563 903 3670 975 γάρ
3721 901 3836 955 τοῦ

2243 992 2516 1055 Μάνεντος
2533 989 2561 1044 ό
2579 988 2829 1060 λόγος.Εί
2855 995 2963 1067 γάρ
2983 995 3102 1049 κατ’
3127 997 3373 1068 ἀλλήλων
3388 999 3692 1068 ἐμαίνοντο,
3724 1000 3838 1052 καὶ

2244 1084 2350 1137 ἔδει
2373 1101 2435 1154 γε
2465 1085 2660 1149 αὐτοὺς
2693 1088 3011 1141 καταλιπεῖν
3039 1086 3130 1141 ὑπ’
3166 1088 3415 1160 ἀλλήλων
3460 1090 3830 1162 φθείρεσθαι’·

2243 1178 2294 1229 εί
2325 1176 2382 1230 δέ
2435 1178 2788 1250 ἐπεθύμησαν
2812 1181 2888 1244 ὡς
2925 1179 3126 1234 ἀστεῖοι
3151 1181 3244 1235 τοῦ
3273 1183 3468 1252 φωτὸς,
3503 1184 3596 1237 καὶ
3646 1202 3838 1256 προσ-

2243 1272 2379 1343 ῆκον
2418 1267 2487 1344 ἦν
2529 1273 2714 1338 αὐτοῖς
2762 1275 3054 1346 ἐπιτρέψαι
3094 1276 3286 1329 τούτου
3336 1276 3433 1348 τὴν
3480 1277 3828 1332 ἀπόλαυσιν*

2243 1364 2436 1418 ἀστεία
2478 1365 2588 1438 γὰρ
2617 1367 2710 1419 καὶ
2743 1368 3000 1438 ἐπαινετὴ
3041 1367 3181 1422 κατὰ
3207 1363 3368 1437 φύσιν
3401 1363 3616 1430 πάντως
3654 1371 3692 1440 ἡ
3722 1368 3831 1422 τοῦ

2246 1457 2451 1519 ἀγαθοῦ
2476 1459 2762 1530 ἐπιθυμία,
2785 1455 2955 1532 οὗπερ
2981 1461 3277 1514 ἀπολαύειν
3303 1462 3402 1532 μὲν
3432 1457 3508 1532 μὴ
3529 1461 3825 1532 ἠδύναντο.

2246 1547 2322 1612 ῶς
2359 1565 2422 1616 γε
2455 1550 2483 1601 ό
2515 1550 2582 1602 τὰ
2614 1550 2707 1603 τοῦ
2755 1551 3033 1614 Μάνεντος
3085 1552 3418 1624 συγγράφων
3464 1552 3628 1624 φησὶν
3650 1593 3666 1617 ,
3698 1553 3830 1607 ἐπι-

2241 1639 2563 1711 θυμοῦντες,
2588 1637 2922 1714 διαφθείρειν
2949 1643 3006 1697 δέ
3045 1644 3144 1715 οὐχ
3180 1639 3282 1698 οἷοί
3311 1663 3369 1698 τε
3394 1641 3534 1716 ἦσαν
3554 1660 3573 1674 ⁷·
3606 1645 3829 1698 τοιοῦτο

2246 1731 2356 1803 γὰρ
2394 1731 2612 1795 πάντως
2637 1732 2698 1785 τὸ
2725 1733 2948 1802 ἀγαθὸν,
2983 1730 3094 1788 οἷον
3123 1736 3260 1806 μήτε
3278 1731 3641 1800 δαπανᾶσθαι,
3676 1737 3826 1806 μήτε

573 1827 797 1873 tuerunt
817 1824 998 1872 tamen
1029 1831 1088 1873 se
1115 1817 1384 1873 conﬁcere
1412 1823 1466 1871 e‘t
1496 1817 1778 1872 destruere
1811 1837 1824 1872 :
1859 1817 1968 1872 tale
1998 1817 2145 1874 enim

2247 1823 2420 1887 ἄλλως
2455 1824 2902 1880 ἐπιϐουλεύεσθαι
2945 1829 3080 1900 πρὸς
3111 1828 3218 1882 τῶν
3254 1829 3584 1900 μετεχόντων
3627 1831 3821 1882 αὑτοῦ.

573 1912 791 1983 penitus
819 1917 902 1966 es‘t
930 1910 1155 1974 bonum,
1191 1917 1248 1962 ut
1272 1924 1447 1979 neque
1466 1909 1714 1963 consumi
1744 1909 1938 1979 possit.
1970 1923 2146 1978 neque

575 2003 786 2073 possint
799 2001 1036 2056 insidias
1062 2001 1110 2056 ei
1144 2015 1366 2070 ponere,
1402 2001 1494 2070 qui
1525 2000 1643 2068 ejus
1665 2000 1964 2070 participes
1993 2007 2142 2054 sunt.

574 2095 858 2162 Quomodo
905 2101 1083 2149 autem
1113 2108 1302 2147 omnes
1343 2092 1504 2148 simul
1547 2093 1600 2146 in
1639 2088 1884 2145 militiam
1916 2089 2142 2160 profecti

572 2194 723 2247 sunt,
765 2185 858 2254 qui
902 2199 1010 2238 non
1042 2188 1436 2254 cognoverant,
1486 2181 1610 2251 quis
1647 2181 1926 2236 resisteret
1953 2187 2008 2232 ct
2044 2178 2142 2232 ad-

573 2277 924 2333 versaretur?
955 2272 1047 2329 Sic
1075 2275 1222 2330 enim
1249 2281 1333 2329 est
1376 2274 1430 2328 in
1456 2273 1625 2336 libro,
1657 2273 1802 2327 unde
1830 2272 1937 2328 ista
1976 2271 2147 2325 Mani-

571 2369 708 2424 (εὴωί
735 2369 1109 2439 apposuimus,
1138 2366 1285 2437 quod
1317 2381 1494 2436 neque
1525 2365 1692 2419 Deum
1731 2366 1787 2418 in
1817 2364 2022 2418 lumine
2049 2364 2147 2416 ha-

576 2463 751 2516 bitare
795 2462 1062 2521 sciebant,
1103 2475 1279 2529 neque
1306 2473 1365 2514 se
1399 2471 1639 2527 unquam
1671 2457 1893 2524 impune
1915 2457 2146 2519 laturos,

577 2556 622 2607 si
655 2554 708 2608 in
745 2552 836 2608 Dei
864 2551 1201 2606 domicilium
1232 2549 1489 2604 invadere
1517 2548 1805 2602 auderent.

2259 1914 2732 1986 Ἐπεστράτευσαν
2759 1916 2817 1970 δὲ
2864 1918 3000 1988 ὁμοῦ
3041 1919 3242 1983 πάντες
3286 1921 3404 1973 τίνα
3454 1920 3692 1991 τρόπον,
3744 1920 3827 1990 μὴ

2247 2007 2446 2070 εἰδότες
2467 2007 2558 2060 τὸν
2581 2008 2971 2080 ἀνθιστάμενον
2991 2029 3006 2077 ;
3034 2014 3171 2082 Φησὶ
3192 2013 3300 2084 γάρ
3324 2012 3452 2066 αὐτὸ
3477 2014 3538 2065 τὸ
3557 2015 3824 2082 γράμμα,

2246 2098 2338 2166 ἀφ’
2370 2092 2430 2151 οὗ
2457 2096 2523 2150 τὰ
2551 2099 2703 2170 παρὰ
2739 2101 2831 2154 τού
2850 2101 3124 2166 Μάνεντος
3154 2104 3562 2176 παρεθήκαμεν,
3595 2105 3670 2166 ὼς
3707 2105 3826 2157 οὐδ’

2240 2191 2467 2255 ὃτιΘεδς
2491 2194 2548 2246 ἐν
2575 2193 2715 2260 φωτὶ
2743 2194 2961 2266 διῃτᾶτο
2996 2198 3310 2265 ἐγίνωσκον,
3343 2197 3450 2250 οὐδ’
3478 2199 3582 2260 ὅτι,
3615 2198 3827 2268 τολμή-

2244 2301 2434 2348 σαντες
2457 2282 2598 2337 κατὰ
2627 2285 2720 2338 τοῦ
2761 2290 3075 2358 οἱκητηρίου
3116 2288 3210 2342 τοῦ
3238 2287 3372 2341 Θεοῦ
3392 2329 3406 2352 ,
3443 2290 3544 2342 οὐκ
3590 2288 3828 2359 ἔμελλον

2243 2378 2411 2434 ἀθῶοί
2439 2399 2566 2435 ποτε
2591 2380 2985 2450 ἀπαλλαγῆναι.

1493 2659 1622 2715 CAP.
1664 2659 1847 2714 XVIII.
1886 2659 2200 2730 Ignorantia
2227 2652 2564 2713 Manichaica
2588 2619 2907 2729 eaagitatur.

652 2782 710 2836 Si
737 2780 902 2852 igitur
929 2794 1039 2834 non
1075 2785 1452 2850 cognoverunt
1507 2777 1840 2832 contrarium
1874 2777 2016 2847 quod
2045 2777 2142 2833 ob-

569 2875 756 2929 stabat
796 2873 896 2939 eis,
939 2871 1177 2926 alienum
1226 2878 1310 2926 est
1351 2884 1577 2940 prorsus
1605 2884 1634 2923 a
1671 2871 1884 2924 ratione
1912 2870 2144 2925 educere

570 2966 881 3022 exercitum
931 2972 1123 3018 contra
1159 2977 1256 3018 eos
1314 2977 1345 3015 a
1387 2962 1588 3033 quibus
1616 2977 1678 3017 se
1715 2962 1904 3032 repelli
1934 2963 2144 3018 nescie-

577 3059 741 3112 bant:
766 3071 866 3129 par
887 3057 1032 3112 enim
1063 3065 1182 3112 erat
1203 3056 1404 3109 armari
1432 3069 1549 3121 eos,
1581 3063 1641 3109 ut
1679 3055 1833 3110 aiunt
1861 3055 1987 3126 ipsi,
2021 3055 2144 3124 igne

566 3155 632 3200 et
681 3149 942 3211 tenebris,
995 3148 1042 3203 si
1089 3146 1468 3219 praevidissent
1498 3163 1557 3202 se
1586 3147 1656 3200 ab
1710 3147 1903 3201 alienis
1949 3147 2144 3201 arceri.

581 3237 689 3293 Sed
736 3239 865 3308 quia
902 3238 1124 3292 omnino
1166 3237 1510 3309 ignorabant,
1567 3251 1677 3291 non
1707 3237 1883 3292 solum
1915 3253 2022 3292 non
2065 3244 2148 3292 est

570 3328 860 3392 credibile,
893 3328 988 3383 sed
1023 3329 1182 3398 plane
1217 3328 1317 3382 sibi
1362 3343 1691 3398 repugnans,
1728 3339 2058 3382 armaturam
2094 3335 2148 3382 et

575 3423 874 3478 exercitum
919 3422 1251 3485 describere,
1301 3437 1426 3476 cum
1470 3422 1652 3476 nullus
1694 3419 1911 3490 penitus
1959 3437 2150 3491 exspe-

573 3521 828 3570 ctaretur
877 3513 944 3568 ad
1012 3513 1376 3568 resistendum
1445 3511 1754 3567 adfuturus.
1796 3510 1916 3566 Non
1967 3513 2148 3568 minus

566 3603 910 3657 contrarium
936 3610 1020 3658 est
1040 3603 1240 3665 dicere,
1259 3609 1371 3656 tum
1393 3602 1742 3672 cupiditatem
1779 3603 2001 3657 luminis
2026 3603 2148 3657 illos

572 3695 858 3759 habuisse,
889 3705 1002 3748 tum
1025 3701 1287 3764 apparatu
1329 3694 1524 3748 bellico
1553 3708 1684 3750 usos
1717 3709 1840 3749 esse
1865 3695 2142 3749 conﬁteri:

567 3788 744 3843 armis
789 3788 933 3842 enim
969 3787 1178 3842 bellicis
1231 3786 1410 3842 omnis
1438 3786 1614 3842 hostis
1648 3797 1838 3841 contra
1891 3787 2149 3842 adversa-

574 3881 718 3935 rium
763 3895 823 3935 se
857 3879 990 3949 tegit
1029 3887 1084 3934 et
1115 3881 1318 3943 munit;
1347 3895 1454 3933 non
1491 3889 1679 3934 contra
1709 3879 1784 3942 id,
1821 3879 1968 3950 quod
1999 3881 2149 3951 cupit

565 3987 696 4028 esse
725 3972 1004 4042 praemium
1045 3971 1382 4026 certaminis.
1418 3970 1475 4024 Si
1510 3985 1640 4041 ergo
1670 3985 1778 4025 non
1815 3979 1932 4026 erat
1959 3971 2149 4026 adver-

571 4065 793 4128 sarius,
845 4073 1115 4134 quatenus
1153 4064 1259 4133 ipsi
1309 4064 1670 4134 ignorabant,
1725 4064 1998 4134 quomodo
2039 4081 2147 4119 non

571 4165 706 4212 sunt
731 4157 1026 4221 contraria,
1050 4171 1252 4224 cupere
1279 4166 1333 4211 et
1362 4157 1717 4227 belligerare?
1747 4156 2028 4222 Quomodo
2058 4173 2150 4211 au-

577 4260 684 4306 tem
715 4250 848 4304 illud
873 4252 1035 4304 etiam
1065 4266 1170 4303 non
1195 4257 1279 4304 est
1328 4265 1656 4320 magnopere
1683 4266 2014 4322 repugnans,
2055 4266 2148 4306 eos

569 4340 672 4411 qui
705 4340 763 4394 in
791 4342 860 4396 iis
902 4355 1023 4410 qua:
1070 4339 1369 4395 secundum
1400 4347 1652 4395 naturam
1690 4350 1819 4397 sunt
1865 4358 2145 4412 nunquam

2317 2777 2380 2830 Εἰ
2417 2777 2594 2830 τοίνυν
2631 2776 2704 2847 μὴ
2734 2776 2930 2847 ᾔδεσαν
2964 2773 3024 2828 τὸ
3065 2767 3271 2828 κωλῦον
3321 2773 3582 2838 ἐναντίον,
3623 2774 3814 2843 ἄλογον

2249 2869 2422 2938 πάντη
2456 2868 2517 2920 τὸ
2553 2867 2983 2939 ἐπιστρατεύειν,
3017 2867 3101 2936 ἐφ’
3134 2863 3215 2930 οἷς
3243 2868 3343 2921 οὐκ
3368 2867 3564 2938 ᾔδεσαν
3607 2867 3812 2920 κωλυόο

2252 2976 2435 3030 μενοι·
2469 2957 2783 3022 ὁπλίζεσθαι
2815 2957 2923 3029 γὰρ
2963 2957 3108 3020 εἰκὸς
3139 2953 3208 3028 ἦν
3263 2958 3492 3022 αὐτοὺς,
3526 2957 3600 3020 ῶς
3646 2973 3808 3026 φησι.

2250 3051 2384 3122 πυρὶ
2418 3051 2511 3104 καὶ
2545 3051 2740 3121 σκότῳ,
2764 3051 2812 3102 εί
2833 3050 3135 3122 προῄδεσαν
3171 3053 3278 3103 τῶν
3308 3049 3602 3121 ἀλλοτρίων
3636 3049 3809 3119 είργόο

2252 3159 2421 3213 μενοι.
2470 3143 2623 3195 Ἐπεὶ
2663 3143 2720 3196 δὲ
2765 3143 3040 3206 παντελῶς
3081 3144 3340 3213 ἠγνόουν,
3389 3143 3489 3197 οὐκ
3549 3142 3806 3198 ἀπιθάνου

2251 3233 2429 3303 μόνον,
2464 3234 2600 3288 ἀλλά
2628 3235 2722 3287 καὶ
2750 3233 2934 3304 σαφῶς
2967 3235 3275 3306 μαχομένου
3302 3235 3480 3303 λόγου,
3515 3235 3726 3288 ὃπλισίν
3753 3253 3808 3288 τε

2249 3329 2342 3380 καὶ
2381 3326 2638 3398 στρατιὰν
2691 3327 3028 3397 διαγράφειν,
3076 3328 3217 3381 κατὰ
3270 3328 3494 3399 μηδενὸς
3537 3329 3809 3391 παντελῶς

2248 3418 2617 3473 ἐναντιοῦσθαι
2652 3419 3121 3490 προσδοκωμένου.
3149 3420 3261 3490 Οὐχ
3288 3415 3448 3491 ἦττον
3487 3419 3542 3472 δὲ
3573 3422 3809 3474 ἐναντίον

2247 3512 2340 3563 καὶ
2370 3510 2432 3563 τὸ
2463 3510 2539 3580 πὴ
2590 3511 2688 3580 μὲν
2721 3509 3013 3580 ἐπιθυμίαν
3047 3510 3181 3582 πρὸς
3225 3512 3285 3562 τὸ
3315 3511 3429 3580 φῶς
3459 3511 3808 3579 ἐκείνοις.γε-

2247 3599 2433 3654 νέσθαι
2471 3601 2666 3668 λέγειν,
2693 3597 2768 3668 πὴ
2802 3599 2860 3651 δέ
2903 3582 3223 3670 παρασκευῇ
3266 3599 3530 3669 πολεμικῇ
3565 3603 3683 3651 κατ’
3718 3599 3807 3650 αὑ·

2246 3693 2341 3746 τοῦ
2369 3693 2666 3763 κεχρῆσθαι
2696 3691 2920 3756 τούτους
2942 3693 3222 3762 ὁμολογεῖν
3241 3710 3256 3724 ·
3278 3693 3440 3746 ὅπλον
3462 3692 3571 3762 γάρ
3595 3692 3806 3753 πάντως

2249 3785 2540 3856 πολεμικὸν
2568 3784 2705 3838 κατὰ
2728 3784 2820 3836 τοῦ
2855 3785 3242 3855 άνθισταμένου
3273 3783 3628 3856 προϐάλλεται
3659 3783 3807 3836 πολέα

2251 3897 2370 3950 μιος
2399 3879 2562 3943 ἅπας,
2607 3879 2666 3931 οὐ
2707 3877 2826 3932 καθ’
2854 3870 2914 3930 οὗ
2952 3877 3064 3948 ἔχει
3099 3877 3196 3947 τὴν
3243 3876 3535 3946 ἐπιθυμίαν
3555 3875 3800 3928 ἐπάθλου.

2248 3975 2310 4027 Εἰ
2347 3973 2524 4025 τοίνυν
2557 3972 2630 4042 μὴ
2650 3968 2717 4044 ἦν
2759 3971 2898 4025 κατὰ
2923 3971 3020 4041 τὴν
3057 3971 3233 4024 αὐτῶν
3266 3971 3484 4038 ἄγνοιαν
3509 3972 3537 4022 ὁ
3563 3969 3804 4023 ἀνθιστά-

2248 4081 2430 4135 μενος,
2455 4065 2569 4128 πῶς
2600 4065 2698 4118 οὐκ
2730 4064 2965 4118 ἐναντίον
2998 4062 3060 4115 τὸ
3100 4063 3384 4133 ἐπιθυμεῖν
3410 4061 3490 4132 τῷ
3518 4063 3798 4133 πολεμεῖν;

2249 4154 2372 4218 Πῶς
2399 4155 2454 4207 δὲ
2484 4156 2602 4224 οὐχὶ
2638 4155 2757 4208 λίαν
2791 4155 3010 4208 κάκεῖνο
3057 4154 3380 4224 μαχόμενον,
3409 4153 3523 4222 εἴγε
3556 4156 3606 4206 οί
3653 4153 3803 4224 μηδὲ·

2247 4261 2377 4297 ποτε
2413 4246 2871 4316 συμφωνήσαντες
2921 4247 2981 4297 ἐν
3012 4247 3124 4308 τοῖς
3167 4245 3310 4298 κατὰ
3352 4245 3513 4316 φύσιν
3564 4246 3799 4316 ἀλλήλοις

2250 4337 2572 4402 συνέπνεον;
2610 4337 2775 4406 Ὀμοῦ
2805 4337 2932 4408 γὰρ,
2964 4339 3118 4408 φησὶ,
3159 4339 3300 4392 κατὰ
3324 4338 3418 4391 τοῦ
3457 4337 3634 4409 φωτὸς
3658 4339 3797 4390 E609-

575 4429 879 4485 concordes
909 4429 1146 4491 fuerunt,
1197 4428 1339 4483 inter
1384 4443 1442 4484 se
1484 4429 1552 4483 ad
1587 4430 1896 4485 bellandum
1931 4433 2145 4501 conspi-

2253 4427 2527 4484 λεύσαντο.
2567 4430 2628 4482 Ol
2667 4429 2774 4499 γὰρ
2807 4428 2874 4481 τὰ
2910 4428 3150 4498 ἀλλήλων
3183 4430 3316 4501 μέλη
3348 4432 3686 4501 τρεφόμενοι,
3720 4433 3799 4483 καὶ

575 4522 768 4576 rasse‘l
802 4519 998 4584 Simul,
1038 4519 1250 4589 inquit,
1276 4528 1468 4574 contra
1504 4521 1686 4574 lumen
1717 4521 2007 4576 consilium
2057 4537 2148 4576 ce-

575 4617 797 4680 perunt.
851 4609 953 4677 Qui
993 4610 1140 4665 enim
1182 4608 1442 4664 membris
1483 4609 1600 4664 suis
1632 4609 1772 4664 inter
1818 4627 1878 4665 se
1905 4611 2146 4666 vicissim

577 4703 959 4770 pascebantur,
992 4711 1047 4758 et
1069 4715 1283 4771 semper
1312 4701 1460 4754 nulla
1477 4715 1717 4770 unquam
1746 4700 2148 4756 intermissione

2255 4520 2521 4592 μηδέποτε
2541 4521 2642 4590 τῆς
2671 4524 2788 4574 κατ’
2811 4522 3052 4594 ἀλλήλων
3081 4525 3277 4594 μανίας
3303 4525 3662 4594 παυσάμενοι,
3698 4522 3798 4587 πῶς

2252 4613 2310 4664 ἐν
2345 4614 2456 4674 τοῖς
2505 4612 2655 4682 παρὰ
2709 4611 2867 4680 φύσιν
2904 4616 2984 4676 είς
3013 4614 3304 4685 ἐπιθυμίαν
3345 4616 3460 4685 ἅμα
3507 4617 3603 4669 καὶ⁸
3645 4615 3798 4688 ὀργὴν

2253 4702 2395 4756 κατὰ
2425 4701 2518 4755 τοῦ
2551 4703 2856 4773 κρείττονος
2892 4704 3314 4776 συνεφώνησαν;

571 4792 725 4847 facta
755 4801 944 4849 contra
984 4809 1043 4849 se
1081 4794 1446 4858 insaniebant,
1501 4793 1775 4863 quomodo
1808 4793 1863 4847 in
1907 4793 1976 4848 iis
2019 4808 2140 4864 quae
2176 4805 2372 4865 praeter
2403 4803 2652 4849 naturam
2694 4805 2844 4860 sunt,
2880 4797 2949 4850 ad
2983 4798 3285 4854 habendam
3346 4799 3696 4870 cupiditatem
3754 4810 3798 4858 et

573 4885 646 4940 ad
675 4886 1094 4940 commotionem
1140 4886 1233 4939 ir:e
1274 4893 1465 4940 contra
1515 4885 1684 4940 Deum
1708 4885 2012 4941 concordes
2062 4886 2285 4942 fuerunt

649 4976 708 5032 Si
736 4993 866 5033 vero
906 4979 1047 5049 juvit
1072 4985 1352 5049 spectasse
1399 4979 1604 5044 lumen,
1640 4995 1824 5035 nonne
1855 4980 2142 5049 oportebat

573 5070 706 5126 duci
732 5085 829 5126 eos
857 5086 888 5124 a
927 5071 1037 5127 Deo
1079 5071 1147 5126 ad
1194 5069 1487 5140 perfectam
1516 5080 1726 5127 naturae
1759 5074 2140 5138 mutationem,

575 5163 820 5219 adhibita
874 5163 981 5218 illis
1029 5163 1310 5219 curatione
1357 5163 1424 5218 ad
1464 5163 1754 5220 fruendum
1803 5165 1921 5234 ipso
1977 5165 2141 5229 bono,

578 5255 684 5312 hoc
722 5263 838 5318 est,
886 5255 996 5310 Deo
1050 5255 1322 5325 perfecte?
1363 5256 1644 5323 Quomodo
1679 5257 1819 5328 juvit
1863 5264 2144 5327 spectacu-

578 5347 690 5403 lum
716 5346 940 5402 luminis
967 5346 1068 5402 visi
1097 5346 1366 5416 profectos
1395 5350 1459 5409 ad
1495 5349 1800 5404 bellandmn
1825 5363 1948 5404 cum
1989 5363 2147 5404 excr-

575 5440 730 5505 citu;
765 5439 963 5509 quibus
993 5437 1093 5492 hoc
1131 5437 1307 5507 ipsum
1353 5439 1532 5494 lumen
1569 5455 1679 5494 non
1727 5441 1973 5509 permisit
2010 5455 2144 5494 con-

578 5539 662 5584 tra
716 5530 926 5599 seipsos
959 5527 1195 5584 furorem
1248 5529 1481 5598 ampiius
1519 5545 1794 5594 exercere,
1826 5539 1885 5585 ut
1923 5531 2141 5601 quidem

577 5635 834 5676 exercere
876 5621 1199 5692 oportebat;
1247 5630 1438 5676 contra
1477 5637 1535 5677 se
1562 5638 1692 5677 vero
1739 5623 1915 5692 ipsum
1949 5632 2143 5694 praeter

577 5723 741 5777 quam
781 5711 1083 5779 oportebat,
1137 5713 1417 5781 permisit?
1468 5712 1668 5768 Verum
1706 5713 1760 5769 in
1807 5714 1892 5769 liis
1921 5714 2139 5782 quidem

2320 4981 2382 5035 Εἰ
2415 4981 2470 5034 δέ
2509 4981 2718 5052 ὤνησεν
2760 4982 2955 5046 αὐτοὺς
2989 4984 3022 5054 ἡ
3078 4984 3176 5038 θέα
3211 4985 3302 5037 τοῦ
3335 4986 3532 5056 φωτὸς,
3564 4987 3680 5050 πῶς
3714 4989 3800 5040 οὐκ

2249 5073 2355 5128 ἔδει
2380 5090 2444 5142 γε
2469 5074 2603 5145 πρὸς
2626 5073 2830 5142 ἀγαθοῦ
2858 5075 2992 5146 πρὸς
3007 5075 3215 5129 τελείαν
3251 5077 3446 5141 αὐτοὺς
3473 5079 3571 5149 τῆς
3603 5078 3802 5147 φύσεως

2253 5165 2550 5236 μεταϐολὴν
2585 5165 3111 5238 ξεναγωγηθῆναιτῇ
3146 5169 3410 5240 ἐπιτροπῇ
3445 5169 3544 5240 τῆς
3571 5169 3799 5231 ἐντελοῦς

2249 5257 2342 5310 τοῦ
2379 5259 2685 5329 κρείττονος
2729 5257 3112 5325 ἀπολαύσεωςς
3164 5260 3288 5324 Πῶς
3318 5261 3374 5314 δέ
3418 5261 3624 5333 ὤνησεν
3657 5259 3798 5333 ήθέα

2247 5348 2342 5400 τοῦ
2377 5348 2634 5416 φανέντος
2659 5346 2834 5418 φωτὸς
2865 5349 3369 5420 στρατευσαμένους
3391 5391 3405 5413 ,
3443 5347 3522 5414 οἷς
3562 5353 3660 5422 τὴν
3705 5368 3797 5422 μα-

2249 5439 2365 5492 νίαν
2389 5439 2570 5492 οὐκέτι
2598 5442 2717 5492 κατ’
2747 5439 2990 5510 ἀλλήλων
3006 5439 3232 5504 δεόντως
3256 5443 3494 5512 ἐνεργεῖν
3514 5443 3671 5496 τοῦτο
3695 5459 3798 5495 συν-

2247 5531 2526 5604 εχώρησε,
2573 5533 2695 5586 καθ’
2742 5531 2934 5586 ἐαυτοῦ
2972 5532 3029 5586 δέ
3073 5533 3223 5605 παρά
3280 5535 3340 5588 τὸ
3387 5536 3506 5591 δέον
3554 5536 3793 5608 ἔτρεψενς

2261 5623 2420 5676 Ἀλλά
2449 5624 2583 5676 πολὺ
2623 5625 2720 5694 μὲν
2755 5627 2812 5678 ἐν
2835 5624 3044 5688 τούτοις
3072 5627 3181 5687 τοῖς
3215 5624 3492 5697 πλάσμασι
3529 5625 3590 5679 τὸ
3632 5626 3794 5697 ληρῶ-

2246 5715 2333 5777 δες
2355 5734 2367 5745 ·
2404 5715 2577 5769 ταῦτα
2611 5717 2666 5768 δὲ
2697 5718 2789 5770 καὶ
2817 5718 2986 5781 ἄλλως
3027 5718 3384 5786 ἁσύγγνωστα
3415 5719 3670 5791 δειχθείη.
3702 5720 3734 5771 Γ
3736 5719 3793 5788 ἧν
