4064 6290
267 303 302 359 1
313 304 435 362 095

1389 303 1758 361 ADVERSUS
1787 299 2215 361 MANICHIEOS
2253 302 2382 359 LIB.
2425 303 2468 360 Ϊ.

3397 305 3534 361 1094

265 418 399 490 γὰρ
447 416 771 488 ὀνομάζουσι
807 418 901 472 τοῦ
933 418 1137 488 ἀγαθοῦ
1158 436 1171 450 ο
1215 420 1370 473 ποίαν
1409 421 1466 472 δέ
1500 419 1702 490 ταύτην
1746 420 1852 489 πρὸ

1955 422 2280 476 commentis
2341 419 2571 474 multum
2623 419 2965 475 deliramenti
3023 429 3140 484 est,
3204 435 3326 490 quae
3376 419 3534 474 aliter

266 508 390 579 τῆς
427 509 822 582 δημιουργίας;
880 510 1254 582 Προλαμϐάνει
1284 511 1348 582 δὴ
1387 513 1518 582 παρ’
1562 511 1745 573 αὐτοῖς
1785 509 1855 562 τὰ

265 599 527 671 ὀνόματα
575 600 682 655 τῶν
734 602 1074 673 πραγμάτων
1122 602 1221 672 τὴν
1286 601 1524 670 γένεσιν·
1567 602 1696 672 πρὶν
1746 601 1854 671 γὰρ

265 691 620 763 ὁμολογῆσαι
675 692 767 748 τὸν
819 693 950 747 Θεὸν
980 693 1358 764 πεποιηκέναι
1381 734 1398 759 ,
1452 691 1600 760 λέγει
1656 686 1794 744 εἶναι
1827 691 1856 742 ὁ

254 784 650 854 ,χαλεπώτατα
677 786 867 857 μανεὶς
888 787 949 840 τὸ
975 787 1200 858 μηδέπω
1217 785 1602 857 γεγενημένον.
1627 784 1704 855 Γῆ
1722 783 1853 856 γὰρ,

268 877 332 928 εί
376 878 476 948 μὲν
506 879 746 948 ἐγένετο,
775 874 843 950 ἦν
861 895 875 909 ·
905 880 953 932 εἰ
982 879 1039 932 δὲ
1071 879 1146 951 μὴ
1173 877 1436 950 γενομένη
1467 877 1698 949 ὑπῆρχε,
1727 892 1855 929 συν-

269 970 554 1042 αγένητος
577 965 646 1042 ἦν
668 970 747 1041 τῷ
773 970 908 1042 Θεῷ.
939 970 1046 1042 Γῆς
1077 971 1133 1024 δὲ
1155 969 1275 1024 τ’ίνα
1295 968 1482 1043 χρείαν
1511 968 1624 1040 ἔχει
1652 969 1681 1022 ό
1699 967 1852 1031 Θεὸς,

258 1065 354 1134 γῇ
389 1062 465 1134 μὴ
488 1064 858 1136 κεχρημένος;
882 1063 1275 1134 Ἀναλογίστως
1293 1063 1397 1134 γῆν
1409 1060 1551 1114 Θεοῦ
1576 1059 1852 1132 ὀνομάζει,

271 1155 419 1226 πρὶν
445 1155 648 1227 ταύτην
679 1158 853 1211 εἰπεῖν
896 1157 1208 1226 γεγονέναι·
1233 1155 1356 1210 οὐδὲ
1387 1154 1496 1224 γὰρ
1543 1149 1653 1207 οῖ’όν
1681 1170 1742 1207 τε
1786 1149 1856 1226 ἦν

271 1248 398 1320 πρὸ
425 1249 783 1324 δημιουργίας
814 1249 1151 1322 μαρτυρῆσαι
1181 1247 1354 1322 ταύτῃ
1385 1245 1448 1300 τὸ
1477 1245 1748 1317 γενέσθαι.

1961 513 2125 568 etiam
2155 512 2555 570 convincimus,
2614 525 2723 565 non
2767 526 2930 580 posse
2955 513 3258 566 condonari
3293 530 3306 564 ε
3352 511 3532 565 nomi-

1961 611 2094 659 nant
2120 605 2264 659 enim
2300 609 2500 663 terram
2530 603 2658 657 boni
2693 603 2712 674 (
2737 603 2791 657 id
2815 611 2917 670 est,
2952 602 3044 659 Dei
3075 621 3088 671 ;
3113 604 3130 672 )
3159 605 3372 673 qualem
3403 616 3536 658 vero

1952 703 2165 752 terram
2209 703 2333 750 ante
2380 693 2569 749 mundi
2620 694 2994 750 creationem?
3043 693 3201 766 Apud
3234 709 3328 749 eos
3385 693 3537 749 scili-

1960 794 2050 843 cet
2091 794 2273 842 ortum
2315 800 2498 841 rerum
2524 785 2834 855 anticipant
2874 788 3095 840 nomina
3129 805 3143 841 :
3178 786 3335 856 prius
3384 785 3532 840 enim

1951 893 2124 950 quam
2157 877 2430 934 fateantur
2470 892 2687 934 creasse
2716 876 2885 934 Deum
2911 877 3195 944 mundum,
3242 877 3319 932 ait
3346 876 3536 931 absur-

1951 971 2219 1028 dissimus
2271 969 2634 1035 Manichacus,
2683 986 2808 1026 esse
2867 971 3015 1042 quod
3043 970 3287 1026 nondum
3330 967 3533 1023 factum

1957 1069 2097 1117 erat.
2144 1058 2318 1115 Terra
2360 1074 2618 1130 namque,
2664 1061 2711 1116 si
2754 1060 2975 1131 quidem
3024 1061 3225 1125 fuerat,
3255 1069 3373 1117 erat
3403 1079 3417 1115 :
3447 1061 3537 1114 sin

1958 1167 2091 1209 vero
2118 1167 2227 1207 non
2262 1158 2382 1208 erat
2410 1150 2573 1216 facta,
2603 1160 2724 1208 erat
2749 1154 2910 1208 simul
2961 1167 3090 1209 cum
3127 1151 3241 1208 Deo
3270 1152 3532 1224 ingenita.

1953 1241 2100 1310 Quid
2132 1257 2262 1298 vero
2291 1257 2427 1312 opus
2455 1249 2575 1297 erat
2605 1241 2716 1298 Deo
2741 1249 2890 1298 terra
2909 1282 2927 1308 ,
2959 1259 3069 1314 qua
3096 1257 3207 1298 non
3234 1241 3336 1298 fuit
3361 1242 3536 1298 usus?

261 1337 402 1395 Sed
454 1341 543 1397 hic
584 1342 903 1412 insipienter
945 1349 1149 1396 terram
1188 1338 1283 1398 Dei
1328 1349 1508 1408 vocat,
1551 1347 1852 1411 antequam
1886 1337 2039 1394 dicat
2068 1328 2270 1393 factam
2303 1351 2427 1392 esse
2463 1354 2478 1392 :
2509 1351 2618 1392 nec
2677 1337 2826 1393 enim
2876 1345 3006 1394 ante
3058 1339 3392 1394 creationem
3437 1349 3535 1408 po-

261 1438 434 1488 terat
457 1433 833 1490 testimonium
861 1433 968 1490 diei
1001 1434 1067 1490 de
1097 1440 1243 1489 terra
1274 1433 1442 1488 facta.

1072 1545 1204 1602 CAP.
1247 1545 1390 1601 XIX.
1422 1545 1631 1602 Malum
1661 1541 1979 1616 principium
2009 1534 2182 1592 videre
2207 1534 2384 1590 lumen
2425 1551 2533 1590 non
2569 1536 2761 1604 potuit.

357 1667 596 1722 Ἔπειτα
632 1665 775 1719 ’Θεοῦ
818 1665 925 1736 μὲν
971 1663 1087 1718 ἐστι
1133 1663 1250 1735 φῶς
1287 1663 1542 1734 αἰσθητὸν
1589 1661 1852 1734 δημιούρ-

2030 1653 2236 1709 Deinde
2289 1665 2321 1706 a
2361 1651 2478 1706 Deo
2524 1650 2741 1721 quidem
2800 1658 3043 1706 creatum
3107 1663 3192 1709 est
3246 1654 3427 1713 lumen
3475 1659 3532 1716 in

250 1773 464 1831 ’γημα,
510 1759 669 1823 αὐτὸς
704 1757 762 1811 δὲ
798 1757 914 1827 φῶς
949 1757 1015 1812 ἂν
1047 1758 1134 1827 εἴη
1173 1755 1381 1828 νοητὸν,
1412 1755 1513 1808 οὐκ
1555 1752 1852 1822 αἰσθητῶς

1954 1751 2237 1816 aspectum
2279 1742 2518 1808 cadens;
2568 1742 2688 1811 ipse
2708 1749 2889 1796 autem
2926 1741 3068 1799 Deus
3109 1748 3289 1801 lumen
3321 1757 3405 1803 est
3445 1750 3532 1805 in-

254 1847 442 1906 Είδεν
470 1847 561 1906 οὖν
584 1850 826 1923 ἡκακία,
861 1850 1016 1922 φησι,
1044 1849 1104 1902 τὺ
1136 1847 1252 1919 φῶς
1275 1847 1370 1901 τοῦ
1402 1845 1629 1916 ἀγαθοῦ.
1660 1845 1724 1899 Εἰ
1753 1843 1852 1916 μὲν

1954 1835 2233 1908 telligihile
2266 1849 2375 1889 non
2405 1833 2683 1889 sensibile.
2716 1831 2866 1887 Vidit
2889 1833 3072 1905 igitur,
3102 1835 3298 1907 inquit,
3345 1843 3534 1912 nequi-

242 1944 328 1998 ·τὸ
363 1922 632 2014 αἰσθητὸν
685 1944 820 2013 φῶς,
853 1941 1007 1995 οὔπω
1059 1940 1284 2012 κόσμος,
1328 1937 1453 1992 οὔτε
1497 1938 1712 2008 γένεσις
1767 1936 1853 1989 κό-

1954 1928 2029 1982 tia
2060 1927 2245 1981 lumen
2277 1925 2479 1980 summi
2511 1925 2658 1980 boni.
2699 1922 2756 1979 Si
2780 1926 2987 1991 lumen,
3039 1929 3185 1998 quod
3211 1930 3267 1983 in
3308 1945 3532 1989 sensum

261 2051 424 2107 σμου
452 2051 466 2066 ο
523 2034 639 2099 πῶς
666 2030 774 2087 εἶδε
813 2033 873 2087 τὸ
903 2032 1126 2105 μηδέπω
1171 2029 1571 2102 γεγενημένον;
1614 2026 1708 2081 τοῦ
1745 2027 1852 2098 γὰρ

252 2127 623 2200 κεχρημένου
659 2127 822 2198 μήπω
854 2125 1208 2196 τυγχάνοντος
1245 2121 1556 2194 ἀνθρώπων
1586 2119 1692 2173 τίνι
1724 2121 1856 2191 Χρή-

268 2237 442 2291 σιμον
484 2214 552 2289 ἦν
591 2217 651 2271 τὸ
688 2215 839 2286 φῶς;
887 2215 1121 2286 συγγενῆ
1162 2213 1269 2286 γὰρ
1316 2212 1395 2284 τῷ
1437 2213 1761 2284 κεχρημένῳ
1786 2211 1856 2264 τά

263 2312 531 2382 χρήσιμα.
551 2326 563 2339 ·
592 2309 652 2362 οὐ
681 2307 788 2380 γὰρ
815 2307 879 2378 δὴ
911 2305 1030 2376 Θεῷ
1054 2307 1325 2378 ,χρήσιμον
1355 2300 1423 2376 ἦν
1447 2302 1857 2374 ἀπηλλαγμένῳ

265 2404 465 2474 πάσης
490 2401 754 2473 αἰσθητῆς
786 2399 1093 2470 μετουσίας.
1137 2399 1202 2451 Εἰ
1251 2397 1309 2451 δὲ
1356 2396 1519 2450 αὐτὸν
1574 2397 1663 2451 τὸν
1697 2395 1864 2459 Θεὸν,-

255 2496 454 2566 ·ὅσπερ
487 2495 604 2547 ἐστὶ
635 2492 820 2564 νοερὸν
853 2491 988 2561 φῶς,
1033 2491 1250 2554 πάντως
1295 2489 1601 2561 ὁμοιώματι
1644 2487 1858 2558 φύσεως

265 2584 384 2640 εἶδε
421 2586 482 2638 τὸ
515 2587 718 2657 ὅμοιον.
760 2585 1000 2654 ’Δνάγκη
1023 2583 1198 2637 τοίνυν
1241 2581 1494 2653 αἰσθητὸν
1543 2579 1658 2649 φῶς
1690 2581 1857 2654 αὐτὴν

261 2678 619 2752 ἑωρακέναιο
661 2677 918 2750 αἰσθητὸν
947 2677 1004 2730 δὲ
1035 2675 1140 2746 πρὸ
1183 2674 1292 2728 τῶν
1322 2673 1615 2744 αἰσθητῶν,
1651 2673 1744 2726 τοῦ
1788 2672 1860 2726 τί-

255 2789 366 2836 νος
408 2770 568 2843 χάριν
613 2771 848 2843 ὑπῆρχε.
891 2768 1015 2832 Πῶς
1047 2768 1104 2821 δέ
1148 2767 1295 2838 ὅμως
1333 2765 1522 2828 σκότος
1565 2766 1668 2836 ὁρᾷ
1707 2763 1855 2833 φῶς;

266 2865 339 2919 El
380 2864 492 2935 γὰρ
535 2863 793 2918 ἐθεάσατο
833 2860 969 2931 φῶς,
1013 2859 1113 2912 οὐκ
1151 2857 1218 2912 ἂν
1261 2856 1348 2928 εῐη
1393 2857 1612 2920 σκότος·
1658 2855 1859 2928 πολλὴν

265 2956 388 3028 γὰρ
415 2956 526 3027 ἔχει
558 2955 654 3028 τὴν
683 2953 964 3010 κοινωνίαν
986 2955 1018 3024 ἡ
1051 2951 1302 3022 αἴσθησις
1332 2949 1469 3022 πρὸς
1493 2949 1555 3002 τὸ
1581 2949 1856 3019 αἰσθητόν.

266 3047 487 3119 Φυσικὴ
515 3045 623 3120 γὰρ
655 3048 688 3117 ἡ
719 3044 940 3116 ἐπιϐολὴ
963 3044 1030 3097 δι’
1049 3043 1344 3113 ὁμοιότητα
1381 3043 1483 3112 τῆς
1509 3041 1685 3110 ὅψεως
1722 3041 1860 3114 πρὸς

1948 2017 2118 2080 cadit,
2146 2016 2389 2071 nondum
2413 2025 2530 2071 erat
2558 2017 2818 2081 mundus,
2851 2034 2952 2074 nec
2979 2029 3134 2077 ortus
3155 2025 3367 2087 mundi,
3393 2039 3532 2095 quo-

1954 2109 2118 2165 modo
2149 2109 2318 2180 igitur
2346 2109 2481 2164 vidit
2517 2109 2664 2179 quod
2700 2111 2946 2166 nondum
2990 2111 3193 2168 factum
3230 2117 3389 2170 erat?
3439 2120 3529 2173 cui

1953 2200 2102 2256 enim
2143 2200 2342 2255 fuisset
2385 2201 2531 2267 usui,
2573 2201 2813 2256 nondum
2868 2202 3084 2259 homine
3129 2207 3224 2276 qui
3260 2216 3532 2272 uteretur,-

1956 2292 2176 2346 creato?
2210 2293 2364 2347 utilia
2396 2293 2538 2348 enim
2572 2295 2747 2348 utenti
2777 2306 3006 2366 cognata
3045 2307 3172 2352 sunt
3199 2319 3213 2355 :
3241 2315 3350 2355 non
3384 2303 3533 2358 enim

1958 2384 2070 2440 Deo
2111 2385 2204 2455 qui
2234 2385 2301 2440 ab
2341 2385 2490 2439 omni
2527 2386 2945 2457 participatione
2985 2391 3174 2446 sensili
3228 2393 3367 2448 liber
3405 2402 3530 2457 est,

1958 2478 2090 2532 utile
2105 2486 2243 2533 erat.
2275 2476 2330 2554 Si
2362 2486 2542 2532 autem
2596 2479 2774 2548 ipsum
2811 2479 3000 2544 Deum,
3039 2483 3188 2552 quod
3221 2491 3307 2538 est
3348 2483 3532 2539 lumen

1960 2570 2323 2641 intelligibile,
2355 2571 2579 2624 omnino
2618 2569 2754 2624 vidit
2799 2571 3161 2629 similitudine
3207 2583 3417 2630 natura:
3456 2580 3537 2631 si-

1959 2663 2113 2729 mile;
2147 2677 2374 2721 necesse
2411 2662 2578 2732 igitur
2616 2670 2737 2718 erat
2779 2669 2840 2717 ut
2876 2663 2993 2734 ipsa
3035 2665 3217 2722 lumen
3268 2667 3534 2724 sensibile

1957 2753 2223 2821 vidisset;
2284 2754 2544 2809 sensibile
2586 2762 2768 2811 autem
2818 2771 3082 2827 quorsum
3135 2756 3350 2822 fuisset,
3387 2765 3441 2814 et
3476 2759 3534 2813 in

1959 2862 2122 2918 quem
2162 2861 2324 2902 usum
2357 2853 2484 2901 ante
2537 2847 2817 2902 sensibilia
2870 2849 3093 2904 creata?
3141 2849 3356 2922 Alioqui
3395 2868 3535 2924 quo-

1958 2938 2123 2993 modo
2144 2939 2381 2994 tenebrae
2400 2937 2584 2992 vident
2609 2939 2832 2994 lumen?
2883 2938 2942 2994 Si
2987 2941 3133 2996 enim
3166 2943 3416 2998 viderunt
3451 2945 3534 3000 lu-

1963 3045 2108 3096 men,
2139 3030 2390 3085 diabolus
2415 3046 2523 3085 non
2549 3039 2666 3086 erat
2688 3032 2964 3099 tenebrae;
2995 3048 3246 3105 magnam
3276 3036 3419 3091 enim
3449 3053 3538 3093 so-

267 3140 334 3192 τὸ
371 3113 728 3209 φαινόμενον-
764 3113 958 3191 αὐτίκα
981 3135 1356 3207 ἀναμάσσεται
1389 3134 1507 3204 ἅμα
1533 3132 1722 3186 τούτου
1763 3113 1853 3186 τὸν

1954 3122 2208 3176 cietalcm
2231 3129 2286 3177 et
2307 3122 2752 3192 conjunctionem
2783 3125 2946 3181 habet
2989 3141 3185 3182 sensus
3225 3143 3350 3182 cum
3401 3145 3533 3186 sen-

261 3230 602 3303 χαρακτῆρα
627 3229 714 3284 διὰ
754 3229 850 3300 τὴν
876 3228 1096 3299 ἔννομον
1136 3227 1235 3299 τῆς
1274 3225 1488 3297 φύσεως
1527 3225 1812 3281 κοινωνίαν
1834 3241 1848 3255 ο

269 3323 440 3394 σῶμα
470 3323 567 3394 μὲν
605 3322 714 3393 γὰρ
757 3322 917 3394 σῶμα
948 3322 1080 3394 όρᾷ’
1112 3321 1294 3392 ὅμοιον
1333 3319 1389 3372 δὲ
1414 3317 1493 3388 τῷ
1520 3317 1692 3388 ὁμοίῳ
1734 3318 1855 3368 ἐπι-

257 3413 490 3476 ¹ϐάλλει,
526 3414 621 3468 καὶ
648 3414 748 3467 οὐκ
784 3412 961 3466 ἔνεστι
1002 3412 1065 3464 τὸ
1108 3414 1355 3484 κρεῖττον
1394 3411 1490 3464 καὶ
1516 3408 1852 3480 ἀναϐεϐηκὸς

264 3509 335 3578 τῇ
375 3505 562 3576 φύσει,
598 3505 836 3573 καίτοιγε
877 3505 977 3557 οὐκ
1008 3505 1266 3567 ἐναντίως
1300 3501 1422 3573 ἔχον
1457 3501 1580 3573 (8‘),
1611 3499 1747 3570 πλὴν
1770 3499 1851 3551 ὃτι

253 3612 332 3666 ⁸γε
387 3596 680 3668 ἀσώματον
727 3596 806 3668 τῷ
853 3590 1255 3667 ὑποϐεϐηκότιξ
1296 3595 1392 3649 ἆτε
1443 3593 1509 3664 δὴ
1559 3589 1854 3663 σωματικῷ

264 3688 502 3751 πάντως
533 3688 630 3758 οὐχ
649 3688 841 3760 ὁρατόν
858 3704 872 3718 ·
905 3689 1012 3759 ἄρα
1034 3705 1099 3756 γε
1126 3687 1187 3741 τὺ
1213 3687 1454 3740 ἐναντίον
1485 3685 1564 3755 τῷ
1605 3685 1850 3753 ἐναντίῳ,

249 3780 389 3850 -είγε
417 3779 591 3843 ἐστὶν,
616 3779 880 3850 ἀόρατον·
923 3779 1118 3833 οὐκοῦν
1155 3779 1390 3848 συγγενί
1429 3778 1525 3832 καὶ
1569 3775 1716 3847 φίλα,
1759 3776 1852 3828 καὶ

249 3869 530 3941 οὐδαμῶς
558 3869 796 3924 ἐναντία.

1959 3213 2125 3270 sibili.
2148 3212 2426 3269 Naturalis
2467 3215 2612 3269 enim
2657 3216 2940 3286 coniectus
2977 3219 3264 3274 oculorum
3310 3230 3535 3292 propter

1956 3305 2376 3361 similitudinem
2407 3312 2664 3376 aspectus
2692 3323 2817 3362 cum
2844 3323 2904 3362 re
2935 3323 3056 3377 quae
3082 3309 3318 3374 videtur,
3347 3314 3532 3367 statim

1958 3397 2216 3468 exprimit
2249 3396 2478 3468 figuram
2530 3398 2652 3469 ejus
2692 3407 2916 3471 propter
2970 3401 3268 3471 legitimam
3323 3411 3534 3459 natura:

1959 3493 2436 3557 communionem;
2488 3507 2692 3562 corpus
2721 3495 2866 3548 enim
2899 3508 3100 3564 corpus
3131 3494 3294 3551 videt.
3344 3493 3534 3552 Simile

1957 3587 2016 3640 in
2052 3586 2231 3640 simile
2259 3583 2494 3639 intendit
2521 3585 2725 3652 aciem;
2759 3600 2936 3656 neque
2968 3595 3201 3656 possunt
3243 3587 3390 3642 oculi
3430 3603 3531 3642 na-

1959 3685 2094 3731 turae
2133 3674 2412 3729 inferioris
2438 3674 2587 3742 quod
2617 3681 2813 3728 natura
2853 3677 3202 3745 praestantius
3259 3684 3314 3732 et
3345 3677 3530 3733 excel-

1957 3770 2158 3826 lent-ius
2192 3775 2279 3825 est
2304 3767 2508 3834 videre,
2563 3767 2762 3824 nedum
2800 3769 2946 3840 quod
2983 3779 3191 3825 natura:
3239 3770 3531 3825 contraria:

1954 3870 2057 3920 est.
2071 3861 2132 3917 Si
2160 3869 2364 3924 autem,
2385 3859 2530 3930 quod
2544 3868 2628 3916 est
2650 3870 2858 3916 naturae
2887 3860 3311 3928 excellentioris,
3329 3862 3530 3933 quippe

262 3980 396 4022 cum
427 3980 544 4020 non
579 3965 652 4020 sit
671 3963 1027 4030 contrarium,
1064 3970 1420 4034 praeterquam
1483 3962 1890 4032 incorporeum,
1929 3958 1998 4013 ab
2031 3956 2293 4012 inferiore
2322 3961 2514 4025 utpote
2545 3968 2812 4024 corporeo
2842 3953 3067 4010 omnino
3102 3968 3212 4009 non
3238 3961 3417 4025 potest
3445 3954 3528 4009 vi-

251 4057 424 4125 »deri;
466 4071 599 4112 sane
641 4056 977 4112 contrarium
1026 4071 1058 4111 a
1105 4056 1408 4120 contrario,
1439 4054 1486 4110 si
1540 4053 1704 4109 modo
1751 4062 1856 4116 est,
1898 4050 2072 4106 videri
2141 4063 2250 4103 non
2307 4054 2508 4120 potest.
2557 4045 2698 4101 Sunt
2743 4047 2909 4118 igitur
2982 4047 3087 4102 ista
3140 4061 3261 4118 qua:
3320 4046 3530 4102 scilicet

256 4162 333 4202 se
383 4144 599 4210 vident,
647 4153 879 4216 cognata
937 4154 992 4200 et
1031 4145 1206 4200 amica
1244 4152 1298 4199 et
1344 4145 1692 4215 nequaquam
1735 4142 2034 4198 contraria.

663 4258 792 4315 Car.
832 4258 950 4315 XX.
989 4257 1223 4314 Materia
1251 4275 1315 4314 ea:
1346 4257 1556 4314 Hanete
1587 4257 1862 4314 ascendere
1897 4262 2140 4311 conatur.
2169 4252 2412 4310 Materia:
2439 4269 2588 4308 amor
2607 4269 2732 4325 erga
2764 4253 2992 4310 sobolem
3019 4254 3139 4311 Dei.

358 4377 524 4432 Ἀλλὰ
566 4376 768 4448 πλῆρες
816 4376 1035 4449 ὀλέθρου
1084 4376 1359 4450 βαρϐάρου
1400 4377 1462 4431 τὸ
1495 4377 1720 4449 πλάσμα
1747 4375 1841 4448 (9)’

2022 4372 2130 4427 Sed
2164 4372 2384 4443 plenum
2422 4379 2508 4428 est
2543 4379 2914 4427 commentum
2950 4373 3189 4429 barbara
3233 4374 3476 4444 pernicie
3505 4393 3519 4428 :

273 4471 413 4542 φησι
445 4470 572 4538 γάρ·
608 4470 684 4522 Οὐ
722 4469 878 4539 μόνον
907 4465 1043 4522 εἶδεν
1075 4470 1108 4542 ἡ
1140 4468 1262 4540 ὕλη,
1299 4469 1434 4523 ἀλλὰ
1465 4469 1560 4522 καὶ
1592 4468 1849 4539 ἐπιϐῆναι

269 4558 610 4620 ἐϐουλεύετο,
651 4559 839 4632 ὥσπερ
882 4561 1001 4615 τινὰ
1043 4562 1275 4635 σπουδὴν
1322 4562 1603 4632 τιθέμενος
1646 4561 1850 4632 ταύτην

266 4653 355 4714 -είς
383 4649 657 4714 ἀπόδειξιν
689 4651 789 4721 τῆς
829 4651 964 4722 πρὸς
996 4651 1056 4706 τὺ
1084 4655 1199 4723 φῶς
1231 4655 1546 4718 κοινωνίαςο
1582 4653 1721 4724 τάχα
1757 4653 1852 4706 καὶ

271 4741 625 4815 μετέγνωσαν
653 4742 701 4794 οί
734 4739 793 4805 ἐξ
825 4743 1015 4813 αὐτῆς,
1052 4745 1133 4798 ὅτι
1157 4746 1215 4798 ἐν
1241 4745 1494 4809 ἀπλέτοις
1532 4744 1694 4798 αίῶσι
1739 4747 1852 4808 τοῖς

277 4831 640 4904 προλαϐοῦσιν
679 4833 961 4905 ἀπείρατοι
1003 4835 1341 4905 ἐγεγόνεισαν
1380 4836 1474 4889 τοῦ
1511 4836 1707 4905 φωτός.
1740 4836 1852 4889 Καὶ

275 4927 400 4980 τίνα
430 4925 627 4996 τρόπον
658 4926 846 4990 σκότος
881 4930 1250 4999 μεταποιεῖται
1291 4929 1496 4998 φωτός;
1525 4929 1557 5001 ἢ
1584 4928 1728 4992 τίνος
1755 4927 1852 5000 χά-

276 5037 366 5091 ριν
397 5016 646 5070 ἐπελθεῖν
685 5016 859 5088 τούτῳ
905 5034 969 5088 γε
1013 5018 1293 5090 βοῦλεται;
1337 5017 1483 5092 Ἆρά
1533 5037 1598 5090 γε
1638 5020 1726 5074 ἵνα
1751 5019 1850 5091 τὴν

275 5110 438 5180 φύσιν
469 5108 858 5180 μεταϐάληται,
895 5112 990 5164 καὶ⁴
1017 5111 1239 5184 γένηται
1280 5111 1432 5180 φῶς;
1473 5111 1505 5183 ἢ
1537 5111 1625 5164 ἵνα
1667 5110 1853 5184 γράφῃ

277 5200 376 5270 (9⁴)
410 5200 550 5269 φωτὶ
581 5201 826 5255 ἐναντίαν
866 5204 966 5273 τῆς
995 5201 1208 5270 φύσεως
1234 5202 1470 5274 τροφήν;
1513 5201 1652 5255 Ἀλλ’
1687 5202 1851 5271 ἀγνο-

275 5290 434 5355 οῦσα,
462 5291 716 5364 ἐπιϐῆναι
742 5292 919 5365 ἤθελε·
941 5293 1136 5356 καίτοι,
1171 5294 1219 5347 εί
1244 5293 1342 5364 μὲν
1369 5293 1531 5362 ἔγνω,
1559 5292 1715 5362 λόγον
1736 5285 1852 5363 εἶχε

276 5383 338 5437 τὸ
373 5383 805 5457 μταποιηθῆναι
824 5403 839 5419 ο
868 5382 1033 5441 οὖσαν
1066 5384 1123 5440 δέ
1153 5386 1312 5455 φύσει
1347 5386 1544 5440 κακίαν
1577 5387 1670 5440 καὶ
1697 5386 1853 5455 ἀγνο-

351 5517 450 5589 (8⁶)
490 5519 696 5589 Ἕχον.
749 5517 878 5574 Post
919 5519 1059 5577 hanc
1109 5535 1296 5577 vocem
1341 5519 1533 5576 deesse
1583 5519 1640 5574 in
1691 5526 1851 5574 textu

283 5589 548 5644 nonnulla
584 5591 862 5645 videntur.

357 5660 431 5728 (9)
473 5661 660 5726 Ἀλλὰ
681 5663 786 5714 ml.
819 5677 872 5713 κ.
890 5678 939 5713 τ.
960 5659 1009 5714 λ.
1029 5658 1183 5715 Hunc
1210 5661 1386 5714 locum
1417 5660 1488 5714 ita
1521 5654 1696 5715 reddit
1719 5661 1852 5714 Bas-

290 5733 512 5801 nugius:
542 5731 767 5785 Barbari
797 5732 1098 5800 ﬁgmentum
1117 5732 1346 5801 pernicie
1378 5733 1586 5800 plenum
1601 5739 1699 5786 est.
1721 5729 1845 5784 Bar-

1951 4463 2028 4516 ait
2058 4463 2227 4527 enim,
2277 4477 2388 4516 non
2434 4463 2612 4518 solum
2653 4461 2790 4516 vidit
2851 4463 3100 4527 materia,
3146 4463 3243 4518 sed
3288 4464 3527 4519 decrevit

1950 4555 2242 4610 ascendere
2277 4563 2535 4624 tanquam
2567 4553 2810 4608 studium
2853 4554 3126 4624 quoddam
3167 4555 3435 4610 adhibens
3457 4555 3525 4608 ad

1949 4647 2440 4704 demonstrandum
2469 4647 2672 4703 habere
2708 4662 2767 4702 se
2785 4647 3222 4703 communionem
3257 4654 3310 4702 et
3352 4648 3528 4704 socie-

1948 4748 2116 4797 tatem
2148 4755 2273 4796 cum
2305 4740 2546 4795 lumine:
2581 4739 2816 4796 fortasse
2863 4755 2959 4796 eos
3002 4740 3095 4810 qui
3143 4755 3207 4795 ex
3251 4739 3369 4810 ipsa
3412 4741 3525 4795 nati

1951 4839 2099 4895 sunt,
2144 4831 2422 4901 pmnituit,
2445 4830 2591 4901 quod
2635 4831 2864 4887 inlinitis
2903 4831 3116 4886 sacculis
3149 4831 3526 4899 superioribus

1949 4939 2058 4978 non
2107 4921 2343 4978 fuissent
2387 4922 2595 4992 experti
2634 4922 2816 4976 lumen
2849 4939 2863 4976 :
2893 4928 2948 4976 et
2983 4921 3256 4992 quomodo
3291 4923 3527 4978 tenebrae

1951 5015 2268 5070 adsciscunt
2303 5021 2358 5069 et
2389 5014 2667 5070 vindicant
2715 5015 2819 5071 sibi
2851 5014 3076 5070 lumen?
3109 5023 3202 5069 aut
3236 5030 3522 5087 quorsum,

1949 5115 2006 5164 et
2034 5107 2089 5162 in
2123 5123 2283 5178 quem
2310 5122 2472 5162 usum
2503 5108 2693 5162 volunt
2735 5106 2973 5166 tenebrae
3015 5108 3276 5164 invadere
3304 5106 3524 5162 lumen?

1952 5214 2021 5254 an
2048 5207 2106 5254 ut
2152 5208 2404 5254 naturam
2439 5207 2650 5255 mutent
2677 5208 2730 5257 et
2769 5200 3076 5257 eﬂiciantur
3105 5201 3286 5256 lumen
3307 5201 3332 5252 ?
3359 5215 3428 5256 an
3463 5206 3522 5251 ut

1952 5291 2272 5345 nutriantur
2299 5289 2529 5356 lumine,
2561 5291 2820 5348 alimento
2865 5299 3078 5346 naturae
3112 5289 3393 5346 contrario
3413 5289 3523 5344 fAt

1953 5382 2213 5454 ignorans
2253 5381 2428 5437 voluit
2467 5381 2781 5438 ascendam.
2819 5381 3030 5438 Etenim
3067 5383 3114 5437 si
3151 5381 3520 5454 cognovisset,

1952 5515 2119 5640 ξυιυς
2161 5517 2308 5571 enim
2341 5515 2454 5581 ille,
2490 5514 2686 5586 inquit,
2721 5517 2815 5588 qui
2841 5517 2966 5571 talia
3016 5515 3186 5579 finxit,
3217 5521 3302 5570 est
3333 5511 3520 5572 Manes

1997 5601 2142 5640 ersa.

1997 5601 2234 5727 θῖδξλιι
2249 5656 2456 5729 Iram.
2478 5655 2557 5729 An
2584 5662 2643 5710 ut
2667 5657 2939 5729 imprimat
2973 5655 3283 5710 alimentum
3312 5662 3456 5713 natm
3475 5669 3520 5710 ae

1952 5729 2091 5783 lucis
2121 5727 2501 5783 contrarium?
2532 5727 2688 5782 mrsu.
