4064 6290
628 339 649 394 l
663 333 768 394 095

1785 333 1923 389 Tl’l‘l
1963 331 2392 389 BOSTRENSIS
2431 329 2741 386 EPISCOPI

3753 315 3912 373 1096

617 449 768 505 ratio
793 453 1067 504 constaret
1097 462 1197 502 cur
1245 448 1460 519 mutari
1475 447 1742 503 voluissent
1787 469 1798 502 :
1839 464 1986 504 nunc
2023 459 2194 504 autem

2307 447 2492 510 οὖσαν,
2517 446 2794 517 ἀνατροπὴ
2825 441 3093 514 παντελὴς
3116 440 3214 511 τῆς
3240 437 3551 500 ῦποθέσεως
3581 435 3646 488 τὸ
3682 434 3767 505 μὴ
3799 433 3909 486 καὶ

619 553 752 621 cum
783 549 975 593 natura
1010 542 1078 592 sit
1100 537 1346 606 nequitia
1377 547 1431 594 et
1448 539 1726 610 ignorans,
1753 540 1965 610 integra
1993 539 2206 600 eversio

616 632 787 687 totius
806 631 886 685 rei
913 637 968 684 et
1000 644 1182 686 causae
1203 639 1287 686 est
1304 647 1414 685 non
1445 631 1629 700 fugere
1648 645 1677 683 a
1708 632 2008 686 contrario.

689 720 846 787 Quod
890 728 1072 776 autem
1117 721 1293 792 magis
1335 735 1365 774 a
1409 721 1623 775 ratione
1665 734 1921 775 aversum
1977 726 2082 778 est.
2124 722 2203 774 ait

541 873 545 876 ,
615 813 849 869 missam
885 812 1110 869 fuisses
1138 814 1285 868 bono
1318 821 1663 884 potestatem,
1711 829 1823 866 non
1859 812 1972 881 jam
2017 813 2199 866 lumen

610 904 900 968 sensibile,
936 905 1033 960 sed
1064 905 1210 960 velut
1225 905 1454 963 diceret.
1487 904 1731 959 sobolem
1759 903 1873 958 Dei.
1899 901 2049 957 Hanc
2074 917 2199 957 cum

614 996 847 1054 vidisset
878 996 1128 1059 materia,
1152 995 1469 1066 concupivit
1489 996 1707 1066 quidem
1725 1003 1986 1064 tanquam
2009 1009 2201 1048 amans

607 1107 776 1159 eam;
814 1093 1077 1163 impetum
1110 1108 1240 1148 vero
1278 1093 1334 1146 in
1356 1107 1478 1146 eam
1523 1090 1652 1148 fecit
1692 1100 1746 1146 et
1785 1091 2093 1154 absorbuit,
2146 1098 2200 1146 et
2246 1087 2254 1096 ’

611 1187 738 1241 suis
765 1185 1135 1256 potestatibus
1161 1184 1441 1240 distribuit
1465 1200 1480 1249 ;
1509 1199 1623 1254 qua
1644 1184 1731 1237 via
1767 1184 1884 1238 fieri
1915 1199 2024 1237 non
2057 1190 2204 1254 pote-

612 1282 725 1337 mat,
755 1282 816 1329 ut
836 1274 1044 1330 videret
1077 1275 1304 1330 missum
1324 1290 1392 1329 ex
1423 1281 1618 1328 natura
1638 1273 1802 1338 boni;
1837 1274 1957 1336 hoc,
2000 1273 2197 1342 inquit,

610 1363 872 1421 effectum
933 1371 1039 1430 est,
1084 1371 1149 1418 ut
1196 1349 1493 1419 absorbere
1542 1370 1728 1433 posset
1771 1363 2024 1417 missum.
2069 1360 2202 1417 Utar

610 1457 767 1512 enim
814 1455 992 1510 adhuc
1021 1456 1257 1526 amplius
1287 1455 1476 1510 eodem
1504 1456 1694 1518 verbo,
1743 1455 2001 1524 quoniam
2035 1455 2081 1508 si
2117 1453 2201 1507 vel

615 1549 797 1604 solum
851 1548 1004 1612 vidit,
1052 1547 1294 1618 quodex
1338 1548 1644 1602 substantia
1689 1547 1782 1602 Dei
1832 1555 2195 1618 propagatum

611 1646 759 1704 erat,
792 1653 904 1694 non
933 1648 1014 1694 est
1043 1654 1180 1710 opus
1205 1639 1310 1693 alio
1334 1639 1588 1708 qu0piam
1629 1639 1796 1693 verbo
1838 1639 1902 1693 ad
1949 1649 2192 1695 everten-

609 1729 748 1783 dum
769 1737 1159 1783 commentum.
1181 1725 1324 1783 Vidit
1357 1729 1502 1784 enim
1542 1729 1770 1782 omnino
1819 1736 2078 1799 tanquam
2122 1729 2198 1785 si-

2308 543 2502 609 φυγεῖν
2520 539 2581 591 τὸ
2603 536 2860 591 ἐναντίον..

2374 720 2447 772 Τὸ
2468 720 2525 773 δὲ
2553 717 2616 791 δὴ
2642 716 2822 790 μεῖζον
2842 717 2920 782 εἰς
2950 714 3191 783 ἀλογίαν,
3225 709 3623 767 ἀποσταλεῖσαν
3655 707 3907 777 δῦναμιν

2301 814 2396 868 τοῦ
2425 813 2649 882 ἀγαθοῦ,
2681 811 2864 866 οὐκέτι
2906 810 3019 880 φῶς
3047 808 3303 880 αἰσθητόν
3323 823 3336 837 ·
3372 805 3487 859 ἀλλ’
3524 805 3600 867 ὡς
3629 804 3696 858 ἂν
3727 803 3901 870 φαίη,

2303 903 2572 976 προϐολὴν
2617 901 2710 956 τοῦ
2744 899 2878 955 Θεοῦ
2929 899 3260 970 θεασαμένη,
3315 897 3624 968 προσκισσᾷ
3677 894 3788 964 μὲν
3821 892 3906 954 ὡς

2301 994 2503 1067 ἐρῶσα,
2529 994 2677 1066 ὁρμᾷ
2705 992 2760 1045 δὲ
2799 991 2891 1045 καὶ
2934 989 3240 1052 καταπίνει,
3270 988 3362 1040 καὶ
3388 988 3504 1048 ταῖς
3535 985 3694 1047 ἰδίαις
3727 982 3902 1034 δυνά-

2305 1104 2432 1156 μεσι
2453 1084 2694 1154 διανέμει
2719 1101 2731 1113 ·
2826 1083 2882 1136 δὲ
2911 1082 3003 1135 καὶ
3024 1080 3327 1134 θεάσασθαι
3357 1078 3417 1132 τὸ
3449 1080 3512 1130 ἐκ
3535 1077 3635 1148 τῆς
3663 1074 3901 1144 φύσεως

2299 1178 2394 1233 τοῦ
2443 1176 2647 1248 ἀγαθοῦ
2690 1174 2937 1247 πεμφθὲν
2988 1173 3247 1228 ἀδῦνατον
3293 1168 3385 1243 ἦν,
3427 1169 3599 1242 ταύτῃ
3657 1166 3900 1220 δυνατόν

2303 1288 2434 1341 φησι
2480 1268 2782 1338 γεγονέναι,
2836 1267 2930 1320 καὶ
2981 1267 3267 1317 καταπιεῖν
3324 1263 3500 1316 τοῦτο.
3542 1259 3666 1313 Ἐπὶ
3719 1258 3900 1311 πλέον

2302 1365 2409 1436 γὰρ
2439 1363 2517 1434 τῷ
2555 1362 2703 1432 αὐτῷ
2735 1363 3006 1434 χρήσομαι
3033 1359 3196 1430 λόγῳ,
3227 1359 3322 1423 ώς,
3355 1359 3403 1409 εί
3437 1356 3531 1409 καὶ
3565 1355 3729 1424 μόνον
3780 1348 3898 1404 εἶδε

2300 1457 2362 1509 τὸ
2386 1459 2449 1510 ὲκ
2469 1456 2569 1526 τῆς
2591 1455 2776 1516 οὐσίας
2806 1451 2896 1506 τοῦ
2927 1451 3059 1505 Θεοῦ
3086 1449 3355 1524 προϐεὸλη
3365 1447 3542 1519 μένον,
3578 1445 3776 1516 ἐτέρου
3805 1461 3896 1496 τι-

2303 1547 2390 1611 νὸς
2408 1547 2505 1599 οὐκ
2522 1547 2585 1600 ἂν
2602 1543 2829 1616 δεόμεθα
2847 1544 2957 1616 (10)
2974 1543 3131 1613 λόγου
3149 1541 3283 1613 πρὸς
3303 1539 3610 1610 ἀνατροπὴν
3629 1536 3723 1590 τοῦ
3746 1534 3896 1588 πλά-

2304 1655 2539 1709 σματος-
2581 1633 2686 1690 εἶδε
2723 1635 2830 1708 γὰρ
2874 1636 3111 1699 πάντως,
3163 1633 3241 1697 ώς
3277 1631 3438 1704 ὁμοία
3468 1631 3527 1683 τὸ
3555 1631 3766 1700 ὅμοιον.
3817 1626 3894 1680 To

2303 1731 2411 1803 γὰρ
2442 1731 2617 1800 πάντη
2646 1729 2787 1782 κατά
2827 1728 2989 1796 φύσιν
3016 1727 3256 1779 ἐναντίον
3297 1725 3390 1778 καὶ
3424 1723 3560 1793 πρὸς
3591 1721 3776 1792 ἄκραν
3801 1720 3893 1772 ὲν-

613 1819 766 1875 milis
789 1820 984 1875 simile.
1023 1819 1179 1886 Quod
1201 1820 1346 1875 enim
1376 1829 1460 1874 est
1502 1819 1720 1889 penitus
1763 1821 2063 1875 secundum
2100 1835 2194 1874 na-

2305 1823 2590 1892 αντιότητα
2623 1818 2954 1890 κεχωρηκὸς,
2986 1816 3097 1870 οὔτ’
3129 1816 3194 1870 ἂν
3237 1816 3334 1868 ἴδοι
3380 1815 3440 1868 τὸ
3473 1813 3744 1874 ἐναντίον,
3773 1809 3890 1863 οὔτ’

614 1917 794 1964 turam
813 1911 1169 1977 contrarium,
1204 1919 1258 1966 et
1301 1925 1512 1964 summe
1533 1911 1892 1973 contrarium,
1917 1925 2197 1981 nunquam

616 1999 804 2056 videre
823 2002 1023 2071 poterit
1044 2000 1400 2065 contrarium,
1424 2015 1525 2054 nec
1559 2001 1941 2072 propinquabit
1961 2003 2032 2066 ei,
2069 2002 2198 2072 quia

615 2093 666 2149 si
697 2093 780 2148 vel
816 2094 993 2148 solum
1035 2093 1232 2160 videat,
1258 2093 1398 2148 ratio
1421 2094 1680 2147 contrarii
1709 2109 1937 2163 prorsus
1969 2095 2194 2149 tollitur.

2307 1914 2373 1968 ἂν
2425 1911 2834 1983 προσεγγίσειεν
2879 1908 3060 1980 αὐτῷ·
3113 1907 3301 1977 ἐπειδὴ
3359 1904 3738 1975 διαφθείρεται
3791 1902 3891 1970 τῆς

2305 2004 2674 2073 ἐναντιότητος
2700 2004 2729 2055 ὁ
2760 2001 2915 2070 λόγος
2949 1999 3246 2062 παντελῶς,
3281 1999 3327 2050 εί
3356 1997 3446 2050 καὶ
3481 1995 3644 2066 μόνον
3687 1992 3816 2045 ἴδοι.

1832 2205 1963 2263 Car.
2004 2205 2147 2260 XXI.
2185 2208 2324 2264 Deus
2353 2203 2656 2260 invisibilis.

685 2296 800 2353 [loc
829 2307 1008 2352 autem
1043 2296 1194 2352 addit
1244 2298 1456 2354 caeteris
1500 2314 1620 2369 qum
1667 2298 1824 2366 dixit,
1880 2299 2192 2365 absurdius,

613 2399 668 2445 et
706 2406 891 2446 secum
925 2391 1536 2462 vehementerpugnans
1563 2409 1578 2458 ;
1601 2406 1669 2444 ne
1700 2406 1839 2460 opus
1854 2391 1947 2454 sit,
1974 2399 2031 2444 ut
2053 2391 2194 2446 alius

2371 2296 2541 2350 Τοῦτο
2578 2294 2634 2347 δὲ
2676 2290 2995 2363 προστίθησι
3027 2288 3137 2343 τῶν
3171 2287 3480 2360 εἰρημένων
3528 2283 3880 2356 ἀτοπώτερον

2303 2387 2537 2460 ἰσχυρῶς
2563 2385 2739 2455 ἐαυτῷ
2782 2383 3087 2455 μαχόμενος
3109 2397 3126 2414 ο
3156 2382 3242 2434 ἵνα
3276 2379 3464 2450 μηδεὶς
3495 2379 3690 2449 ἕτερος
3721 2377 3884 2447 δεηθῇ

615 2493 806 2538 contra
831 2496 955 2537 eum
983 2482 1148 2535 dicat.
1177 2482 1391 2536 Amavit
1418 2483 1587 2546 enim,
1622 2483 1821 2552 inquit,
1871 2490 2194 2552 potestatem

2302 2482 2438 2554 πρὸς
2458 2479 2621 2532 αὑτὸν
2653 2480 2844 2531 εἰπεῖν.
2873 2475 3009 2546 Φησὶ
3033 2475 3171 2546 γάρ·
3207 2471 3449 2545 Ἠράσθη
3485 2471 3589 2541 τῆς
3619 2470 3886 2539 φανείσης

613 2575 763 2629 illam
785 2573 958 2627 visam
991 2580 1248 2644 tanquam
1266 2573 1435 2627 oblita
1459 2574 1680 2644 penitus
1703 2583 1911 2628 natura:
1930 2575 2191 2644 pr0pria3:

2300 2575 2600 2646 δυνάμεως,
2636 2571 2822 2641 ὥσπερ
2866 2568 3216 2639 ὲπιλησθεῖσα
3262 2565 3539 2626 παντελῶς
3595 2563 3702 2633 τῆς
3752 2562 3885 2624 ἰδίας

614 2677 726 2717 non
747 2662 839 2716 illa
868 2659 1087 2732 quidem
1117 2661 1288 2716 oblita
1330 2668 1435 2725 est,
1466 2677 1588 2732 quae
1629 2678 1741 2717 non
1785 2670 1905 2717 erat
1950 2683 1963 2716 :
1999 2652 2094 2718 sed
2138 2663 2194 2719 hi

2300 2665 2513 2737 φύσεως
2535 2679 2550 2693 ’
2578 2663 2640 2715 οὗ
2675 2660 2774 2731 μὲν
2813 2659 2876 2731 δὴ
2917 2658 3100 2729 ἐκείνη
3128 2674 3193 2726 γε
3221 2658 3254 2728 ἠ
3285 2655 3360 2728 μὴ
3388 2653 3544 2721 οῦσα,
3587 2654 3710 2708 ἀλλ’
3743 2650 3884 2707 οὗτοί

615 2762 745 2811 sunt
809 2769 1036 2809 suorum
1099 2761 1536 2808 commentorum
1592 2755 1979 2820 immemores;
2043 2754 2194 2808 aiunt

2297 2774 2362 2826 τε
2402 2757 2511 2810 τῶν
2554 2755 2698 2808 ἰδίων
2729 2751 3060 2822 πλασμάτων
3082 2767 3095 2780 ·
3129 2751 3177 2803 εί
3209 2749 3315 2822 γὰρ
3345 2749 3475 2821 πρὶν
3505 2748 3881 2816 ἐπαναστῆναι

613 2846 788 2909 enim,
817 2848 1138 2916 priusquam
1172 2844 1288 2899 haec
1323 2834 1650 2900 seditionem
1667 2853 1930 2909 moveret,
1959 2860 2067 2900 non
2101 2848 2194 2898 ha-

2297 2848 2500 2920 ταύτην
2528 2845 2662 2916 φασὶ
2701 2845 2900 2913 γνῶσιν
2939 2841 3035 2896 τοῦ
3063 2841 3274 2910 ἀγαθοῦ
3311 2842 3385 2914 μὴ
3431 2840 3754 2912 ἐσχηκέναι,
3802 2840 3882 2893 ἵνα

617 2937 806 2993 buisse
833 2936 1204 3007 cognitionem
1235 2935 1403 3001 boni;
1445 2951 1514 2991 ne
1539 2936 1853 3007 cognitione
1909 2937 2039 2992 boni
2072 2939 2192 2990 ‘na-

2297 2940 2369 3013 μὴ
2401 2938 2751 3011 σεμνώσωσιν
2779 2933 2985 3004 ἀγαθοῦ
3019 2934 3217 3002 γνώσει
3265 2935 3364 3004 τὴν
3409 2935 3539 3003 παρ’
3575 2931 3748 2985 αὑτοῦ
3783 2929 3884 3000 φύ-

615 3036 799 3083 turam
827 3028 896 3082 ab
932 3028 1055 3098 ipso
1103 3034 1417 3082 accusatam
1467 3037 1682 3083 ornent.
1724 3027 1918 3083 Nonne
1955 3029 2194 3083 amentia

2300 3049 2384 3086 σιν
2407 3031 2834 3102 διαδεϐλημένην
2853 3046 2869 3060 “
2904 3028 3023 3093 πῶς
3057 3028 3158 3081 οὐκ
3183 3026 3378 3095 ἄλογον
3419 3027 3519 3097 τὴν
3549 3025 3630 3098 μὴ
3652 3026 3882 3096 ἔχουσαν

614 3128 724 3184 est,
749 3125 946 3190 putare
966 3132 1085 3173 eam
1116 3133 1238 3189 qua
1265 3119 1321 3172 in
1349 3134 1410 3174 se
1449 3133 1560 3173 non
1595 3118 1780 3183 habet
1808 3117 1952 3173 unde
1993 3133 2200 3189 cogno-

614 3219 736 3266 scat
757 3224 882 3265 esse
917 3210 1142 3277 bonum,
1175 3210 1421 3281 potuisse
1442 3209 1650 3274 videre,
1703 3216 1760 3265 et
1791 3217 2081 3280 postquam
2110 3209 2196 3263 vi-

611 3298 715 3363 dit,
739 3297 1124 3354 desiderasse?
1145 3299 1305 3371 longe
1331 3299 1476 3354 enim
1505 3299 1684 3368 majus
1711 3307 1797 3355 est
1827 3299 2196 3355 substantiam

609 3398 836 3462 aspectu
864 3391 1073 3455 videre,
1104 3406 1268 3462 quam
1301 3405 1636 3462 cognoscere
1657 3407 1800 3448 esse.
1824 3390 2065 3447 Primum
2085 3409 2196 3448 non

607 3485 791 3539 solum
822 3499 946 3549 nos,
978 3484 1076 3539 sed
1111 3490 1410 3554 potestates
1455 3483 1714 3554 angelicae
1752 3485 2192 3550 exeellentiores,

613 3591 745 3632 esse
787 3575 1011 3646 quidem
1060 3576 1264 3631 bonum
1310 3577 1717 3647 cognoscimus,
1773 3590 1838 3629 ac
1882 3577 2196 3648 cognitione

605 3668 729 3724 sola
760 3668 828 3722 ad
852 3669 1108 3738 pietatem
1136 3668 1191 3721 in
1216 3666 1385 3723 Deum
1411 3667 1609 3721 alimur
1637 3685 1652 3732 ;
1675 3675 1829 3722 tanto
1860 3683 1992 3722 vero
2013 3671 2196 3725 excel-

613 3762 815 3817 tentius
838 3761 1038 3833 angeli,
1072 3770 1278 3832 quanto
1313 3769 1509 3815 natura
1554 3767 1686 3814 sunt
1726 3761 2189 3818 exeellentiores:

609 3850 796 3905 videre
818 3857 999 3905 autem
1030 3852 1396 3906 substantiam
1415 3849 1508 3904 Dei
1540 3865 1718 3920 neque
1747 3851 1928 3914 nobis,
1951 3867 2052 3907 nec
2085 3853 2193 3908 illis

608 3939 775 3993 licet:
805 3939 1074 4008 siquidem
1098 3955 1199 3995 nos
1229 3939 1471 4010 quandiu
1508 3955 1712 4010 corpus
1748 3939 2049 3995 secundum
2093 3956 2194 3995 na-

609 4041 789 4083 turam
815 4029 991 4083 induti
1024 4044 1238 4096 sumus,
1263 4046 1367 4086 nec
1399 4031 1622 4101 angelos
1650 4030 1801 4101 ipsos
1845 4031 2032 4087 videre
2065 4048 2193 4102 pos-

609 4130 826 4171 Sumus.

682 4205 1030 4262 Manifestum
1054 4209 1200 4265 enim
1238 4216 1323 4264 est
1352 4218 1466 4279 etp
1489 4225 1590 4264 aue
1619 4225 1966 4278 concessum,
1997 4214 2088 4284 qui
2114 4213 2192 4267 vi-

2298 3126 2356 3178 ὲν
2402 3126 2538 3196 αὐτῇ
2583 3124 2643 3177 τὸ
2694 3123 2912 3186 εἰδέναι,
2947 3122 3029 3175 ὅτι
3075 3120 3190 3174 ἔστι
3233 3119 3491 3188 τάγαθὸν,
3533 3119 3748 3192 ταύτην
3790 3120 3878 3172 καὶ

2301 3216 2427 3270 ἰδεῖν
2447 3216 2758 3288 δυνηθῆναι,
2783 3215 2879 3270 καὶ
2913 3213 3257 3284 θεασαμένην
3281 3211 3626 3284 ἐπιθυμῆσαι
3648 3229 3664 3277 ;
3701 3213 3874 3282 μεῖζον

2297 3307 2407 3378 γὰρ
2445 3304 2790 3378 ἀσυγκρίτως
2827 3303 2922 3358 τοῦ
2956 3303 3180 3373 γνῶναι,
3211 3303 3294 3356 ὅτι
3331 3301 3447 3355 ἐστι
3482 3302 3547 3354 τὸ
3579 3301 3872 3356 θεάσασθαι

2294 3398 2414 3469 ὄψει
2443 3400 2539 3470 τὴν
2562 3397 2770 3451 οὐσίαν.
2816 3397 3027 3452 Λύτίκα
3067 3397 3166 3468 οὐχ
3206 3399 3368 3467 ἡμεῖς
3400 3395 3585 3466 μόνον,
3627 3395 3766 3448 ἀλλά
3788 3397 3872 3448 καὶ

2295 3490 2402 3543 τῶν
2423 3489 2669 3558 ἀγγέλων
2696 3489 2751 3542 αἱ
2787 3487 3176 3558 ἀναϐεϐηκυῖαι
3211 3487 3489 3557 δυνάμεις,
3524 3487 3610 3540 ὅτι
3643 3487 3746 3557 μὲν
3767 3486 3866 3539 ἐστι

2293 3581 2550 3649 τάγαθὸν,
2583 3577 2942 3649 γινώσκομεν,
2977 3581 3042 3648 τῇ
3073 3578 3270 3648 γνώσει
3311 3577 3406 3630 καὶ
3449 3578 3589 3650 μόνῃ
3619 3577 3761 3648 πρὸς
3781 3578 3868 3647 τὴν

2293 3672 2574 3726 εὐσέϐειαν
2616 3669 2958 3742 τρεφόμενοι,
2995 3668 3240 3737 ἀγγέλων
3285 3667 3486 3739 δηλαδὴ
3540 3666 3871 3736 ἀναϐεϐηκό-

2291 3783 2401 3819 των
2426 3764 2570 3819 κατά
2594 3765 2694 3837 τὴν
2733 3763 2955 3833 γνῶσιν,
2998 3762 3122 3814 ὅσον
3151 3761 3245 3814 καὶ
3279 3761 3422 3814 κατά
3463 3759 3631 3828 φύσιν
3652 3775 3665 3789 ·
3695 3757 3787 3812 τοῦ
3817 3758 3870 3810 δὲ

2292 3857 2424 3909 Θεὸν
2456 3859 2577 3910 κατ’
2601 3855 2788 3910 οὐσίαν
2809 3856 2958 3916 ίδεῖν,
2985 3852 3095 3905 οὗθ’
3121 3855 3252 3922 ἡμῖν
3283 3851 3396 3905 οὔθ’
3427 3852 3667 3914 ἐκείνοις
3693 3851 3865 3921 μετόν·

2289 3951 2424 4003 ὅπου
2452 3951 2581 4020 ἡμῖν
2609 3950 2717 4002 οὐδ’
2755 3947 3017 4017 ἀγγέλους
3049 3946 3262 4009 αὐτοὺς,
3297 3947 3354 3998 ὲν
3379 3946 3493 4016 ὅσῳ
3523 3944 3587 3998 τὸ
3609 3945 3752 3998 κατά
3775 3943 3870 4012 φῦ-

2293 4061 2376 4097 σιν
2401 4041 2760 4115 περικείμεθα
2789 4039 2969 4109 σῶμα,
3004 4037 3228 4091 δυνατὸν
3255 4037 3404 4094 ἰδεῖν,

2361 4219 2531 4291 Δῆλον
2562 4220 2671 4291 γὰρ
2705 4219 2800 4274 καὶ
2826 4220 3010 4288 σαφῶς
3033 4215 3481 4288 ὁμολογούμενον,
3513 4213 3591 4278 ὡς
3619 4215 3650 4266 ὁ
3673 4214 3731 4264 τὶ
3759 4211 3868 4282 βλέ-

605 4298 703 4354 det
738 4298 918 4354 simile
940 4300 1046 4355 sibi
1077 4300 1281 4355 videre.
1329 4301 1388 4356 Si
1414 4302 1537 4371 quis
1575 4318 1706 4357 vero
1735 4304 2010 4361 existimet
2036 4306 2188 4360 futile

2297 4332 2430 4377 πων,
2455 4314 2638 4383 ὅμοιον
2661 4312 2838 4384 ἑαυτῴ
2876 4312 2955 4376 ὃν,
2981 4310 3137 4362 τοῦτο
3171 4308 3376 4379 βλέπει.
3402 4308 3468 4360 Et
3494 4307 3553 4360 δέ
3591 4323 3677 4369 τις
3709 4306 3866 4358 ἀπαι-

612 4405 738 4446 esse
767 4390 912 4460 quod
955 4391 1232 4459 dicimus;
1284 4391 1532 4448 videmus
1573 4395 1720 4449 enim
1763 4397 1956 4461 solem,
2001 4398 2184 4451 lunam

606 4490 670 4536 et
695 4480 905 4545 stellas,
943 4488 1206 4550 praeterea
1239 4483 1380 4551 apud
1417 4497 1521 4537 nos
1565 4483 1795 4554 lapides,
1845 4501 2060 4551 aurum,
2098 4501 2188 4538 ar-

605 4583 857 4644 gentum,
906 4572 1141 4644 denique
1187 4589 1338 4627 mare
1386 4574 1564 4643 ipsum
1602 4583 1658 4630 et
1686 4577 1868 4630 omnia
1910 4577 2182 4638 animalia,

609 4679 675 4718 ac
722 4665 874 4719 nullo
910 4673 1069 4735 pacto
1107 4665 1193 4722 his
1237 4665 1448 4722 similes
1488 4682 1714 4733 sumus;
1775 4668 2020 4723 advertat
2062 4671 2184 4734 iste,

602 4757 752 4826 quod
783 4757 888 4811 etsi
910 4772 1098 4812 eorum
1121 4773 1243 4828 qua:
1274 4760 1738 4823 enumeravimus,
1781 4759 2011 4815 diversa:
2058 4776 2185 4830 spe-

601 4849 722 4903 cies
745 4847 890 4915 sint;
957 4858 1013 4902 at.
1077 4850 1272 4906 horum
1338 4851 1585 4904 omnium
1645 4866 1818 4921 genus
1870 4866 2184 4920 supremum

601 4955 810 5010 corpus
841 4948 944 4996 est.
994 4941 1316 4998 Substantia
1352 4959 1588 5014 namque
1625 4943 1824 5014 partim
1877 4945 2186 5013 inaspecta-

606 5034 735 5088 bilis
768 5044 871 5096 est,
933 5043 993 5088 ut
1039 5036 1393 5106 incorporea;
1441 5038 2076 5107 partinyaspectabilis,
2127 5048 2185 5093 ut

598 5139 828 5193 corpus.
859 5121 1042 5176 Prima
1091 5125 1252 5194 igitur
1283 5127 1507 5196 partitio
1551 5125 1737 5182 omnia
1775 5127 1888 5181 haec
1921 5134 2182 5196 tanquam

600 5232 776 5287 genus
802 5224 1020 5286 separat
1062 5225 1116 5269 et
1161 5217 1469 5288 distinguit.
1521 5219 1703 5284 Quare
1735 5234 1938 5288 corpus
1979 5233 2182 5288 corpus

605 5308 794 5374 videt;
831 5316 886 5363 et
912 5321 1184 5378 quatenus
1204 5325 1428 5380 corpus,
1465 5314 1644 5368 simile
1672 5321 1725 5369 et
1772 5322 2063 5384 cognatum
2099 5321 2182 5367 est

602 5400 793 5456 videns
828 5403 968 5465 viso,
1009 5402 1259 5471 quamvis
1305 5405 1412 5457 sint
1459 5404 1690 5461 diversae
1736 5406 1930 5459 horum
1969 5407 2180 5474 species

601 5502 824 5561 propter
850 5494 1168 5550 varietatem
1199 5502 1254 5549 et
1276 5503 1532 5548 ornatum
1566 5498 1835 5553 universi.

668 5582 980 5640 Ridiculum
1009 5587 1156 5642 enim
1184 5594 1351 5652 esset,
1383 5587 1429 5640 si
1461 5588 1590 5656 quia
1617 5588 1717 5644 llos
1745 5589 2176 5659 pulcherrimum

672 5697 785 5767 (10)
814 5699 974 5756 Forte
1002 5699 1252 5772 δεοίμεθα
1285 5700 1370 5758 vel
1401 5701 1568 5773 δεώμ.
1604 5702 1763 5758 Enn.

2289 4408 2490 4471 δεύτως
2532 4406 2741 4476 οἰηθείη
2787 4405 2985 4476 σαθρὸν
3011 4403 3151 4456 εἶναι
3198 4401 3260 4454 τὸ
3308 4399 3474 4473 ῥηθὲν
3505 4398 3868 4470 (έμϐλέπομεν

2289 4499 2396 4573 γάρ
2424 4500 2572 4570 ἥλιον
2597 4500 2691 4556 καὶ
2725 4497 2952 4568 σελήνην
2978 4496 3070 4548 καὶ
3088 4494 3341 4566 ἀστέρας,
3367 4493 3450 4546 ἔτι
3482 4491 3592 4562 μὴν
3619 4492 3710 4558 ὑφ’
3732 4489 3866 4560 ἡμᾶς

2287 4591 2485 4653 λίθους,
2517 4590 2714 4661 χρυσόν
2751 4606 2809 4642 τε
2844 4590 2938 4642 καὶ
2974 4587 3231 4658 ἄργυρον,
3265 4587 3361 4638 καὶ
3399 4585 3643 4647 συνόλως
3676 4585 3772 4653 τήν
3809 4597 3864 4632 τε

2290 4681 2564 4735 θάλασσαν
2595 4682 2688 4734 καὶ
2718 4679 2786 4733 τὰ
2820 4679 2936 4744 ζῶα
2975 4679 3285 4748 σύμπαντα,
3320 4676 3415 4728 καὶ
3445 4676 3509 4728 οὐ
3541 4675 3716 4746 δήπου
3749 4672 3864 4725 τού-

2285 4791 2396 4836 τοις
2430 4772 2602 4842 ὃμοιοί
2635 4770 2844 4842 ἐσμεν),
2886 4768 3219 4841 μανθανέτω,
3263 4766 3361 4830 ώς,
3401 4768 3451 4818 εί
3500 4767 3598 4820 καὶ
3649 4766 3865 4833 διάφορα

2285 4863 2354 4916 τά
2383 4861 2497 4932 εἴδη
2528 4860 2638 4913 τῶν
2664 4857 3179 4931 κατηριθμημένων,
3212 4855 3350 4908 ἀλλά
3372 4872 3438 4923 γε
3470 4855 3679 4908 τούτων
3709 4855 3867 4905 ἀπάν-

2284 4967 2394 5004 των
2420 4950 2756 5020 ἀναὸεὸηκὸς
2779 4950 2935 5017 γένος
2961 4946 3216 5017 τὸησώμα
3243 4962 3257 4974 ·
3302 4946 3402 5016 τῆς
3439 4946 3553 5016 γὰρ
3593 4943 3780 5004 οὐσίας
3815 4944 3867 4992 τὸ

2286 5044 2386 5113 μὲν
2419 5043 2670 5113 ἀόρατον,
2708 5042 2783 5104 ὡς
2811 5039 3124 5110 ἀσώματον,
3157 5038 3219 5090 τὸ
3247 5038 3305 5090 δὲ
3344 5039 3571 5110 ὁρατὸν,
3594 5038 3671 5100 ὡς
3695 5037 3866 5107 σῶμα.

2297 5136 2360 5188 Ἦ
2396 5135 2574 5187 τοίνυν
2634 5133 2822 5205 πρώτη
2869 5132 3009 5203 τομὴ
3061 5131 3238 5184 πάντα
3287 5131 3467 5184 ταῦτα
3516 5133 3593 5194 ὡς
3629 5131 3696 5184 ἂν
3723 5129 3870 5197 γένος

2283 5226 2565 5298 ἀφορίζει·
2624 5227 2781 5297 σῶμα
2815 5226 3013 5290 τοίνυν,
3069 5223 3228 5294 σῶμα
3289 5224 3521 5294 βλέπει·
3587 5225 3685 5277 καὶ
3744 5220 3872 5274 καθὸ

2285 5320 2463 5390 σῶμα,
2493 5320 2674 5390 ὅμοιον
2709 5319 2802 5371 καὶ
2832 5316 3089 5386 συγγενὲς
3109 5316 3169 5368 τὺ
3202 5314 3345 5384 ὁρῶν
3390 5315 3471 5385 τῷ
3513 5315 3796 5387 ὁρωμένῳ,
3823 5312 3870 5362 εἰ

2282 5408 2375 5460 καὶ
2411 5407 2641 5478 διάφορα
2672 5407 2875 5459 τούτων
2916 5405 2984 5458 τὰ
3015 5403 3129 5474 εἴδη
3155 5403 3243 5456 διὰ
3272 5404 3335 5456 τὸ
3373 5405 3623 5457 ποικίλον
3658 5403 3749 5456 καὶ
3783 5401 3871 5452 κό-

2284 5516 2442 5570 σμιον
2473 5499 2552 5568 τῷ
2583 5500 2763 5553 παντί.

2368 5589 2519 5643 Ἐπεί
2539 5607 2619 5644 τοι
2643 5590 2814 5659 γέλως
2844 5589 2909 5644 ἂν
2939 5588 3022 5660 εἴη
3050 5586 3249 5659 χρυσοῦ
3281 5605 3342 5641 τε
3371 5589 3436 5641 τδ
3459 5587 3648 5652 ἄνθος,
3685 5590 3870 5650 έπειοη
