4064 6290
554 272 691 333 1099

1671 271 1807 329 TITI
1839 272 2272 332 BOSTRENSIS
2311 271 2616 330 EPISCOPI

3624 280 3776 337 ΗΜ

550 391 685 448 illud
716 389 918 444 nudum
963 387 1030 442 ad
1082 388 1465 460 contumeliam
1514 397 1568 444 et
1595 387 1873 442 interitum
1928 386 2088 456 ipsius

2204 387 2330 457 μνὸν
2361 388 2670 458 προσήκατο
2684 386 2763 448 είς
2782 385 2937 456 ὓϐριν
2958 386 3212 459 χαλεπὴν,
3244 386 3336 441 καί
3350 386 3643 460 διαφθορὰν
3667 392 3778 443 αὐ-

543 481 881 544 substantiae,
920 484 999 532 tot
1047 478 1262 534 saeculis
1316 493 1595 535 sessurum
1630 485 1684 532 et
1728 474 2098 530 habitaturum

543 576 707 633 simul
746 588 869 628 cum
908 571 1171 642 nequitia,
1204 579 1259 627 et
1286 572 1558 643 particeps
1588 569 1707 640 ejus
1734 568 2001 636 futurum,
2036 584 2100 623 ac

542 683 667 723 cum
689 681 751 722 ea
779 664 984 738 pariter
1006 666 1376 735 peccaturum.
1401 661 1556 729 Quod
1581 659 1799 731 quidem
1826 661 1908 715 vel
1938 674 2099 714 unam

542 762 731 815 horam
760 765 854 812 aut
875 765 1135 828 punctum
1166 754 1427 826 temporis
1459 751 1822 808 substantiam
1852 750 1946 806 Dei
1972 766 2096 820 pas-

541 869 657 910 sam
707 866 852 918 esse,
900 860 963 905 ut
1002 849 1259 920 nequitiae
1307 847 1553 917 subjecta
1597 852 1766 911 esset,
1802 852 1857 900 et
1895 846 2100 914 pariter

538 961 662 1000 cum
716 959 781 1000 ea
828 942 1170 1013 deliquisset,
1229 954 1444 995 omnem
1502 938 1794 994 amentiam
1851 943 2094 1006 superat.

538 1040 752 1106 Quanto
802 1037 995 1093 melius
1043 1042 1160 1091 erat
1191 1032 1450 1089 traditam
1498 1045 1623 1087 esse
1660 1038 1886 1094 terram,
1935 1042 2096 1098 quam

537 1128 899 1186 substantiam
933 1127 1022 1183 Dei
1053 1126 1503 1197 comprehensam
1529 1121 1687 1178 esse?
1728 1119 1786 1174 Si
1812 1119 1957 1175 enim
1984 1133 2096 1173 non

537 1218 734 1274 fuisset
766 1216 991 1273 ferenda
1020 1215 1263 1271 incursio
1290 1214 1345 1267 in
1374 1221 1599 1275 terram,
1639 1217 1699 1264 ut
1740 1207 1971 1262 materia
2006 1222 2097 1260 or-

538 1310 720 1365 dinem
771 1308 1153 1378 perturbaret.
1215 1310 1418 1374 quanto
1464 1302 1646 1355 minus
1705 1298 1924 1355 ferenda
1979 1305 2097 1352 erat

539 1406 688 1452 tanta
739 1397 1000 1463 servitus,
1031 1405 1085 1450 et
1129 1403 1338 1448 naturae
1363 1391 1561 1446 divina:
1609 1388 1899 1458 subjectio,
1934 1386 2095 1457 idque

536 1506 649 1546 non
678 1489 746 1544 ad
778 1488 1164 1545 brevissimum
1193 1494 1429 1555 tempus,
1466 1482 1564 1540 sed
1594 1481 1663 1537 ad
1693 1480 2015 1536 universum
2042 1486 2096 1534 et

536 1582 863 1637 immensum
909 1577 1207 1634 saeculum?
1257 1583 1317 1630 ut
1362 1589 1538 1644 neque
1582 1570 1825 1643 nequitia
1869 1584 2097 1642 peccare

535 1674 845 1735 desisteret,
895 1677 949 1726 et
982 1669 1125 1725 Deus
1158 1683 1283 1723 cum
1337 1682 1400 1722 ea
1423 1681 1520 1736 per
1556 1671 1882 1736 potestatem
1924 1677 1992 1718 ex
2037 1676 2096 1718 se

535 1763 771 1835 genitam
802 1770 1071 1832 peccaret.

608 1853 764 1910 Unde
791 1866 1134 1923 consequens
1162 1858 1268 1914 est,
1300 1864 1479 1920 neque
1508 1850 1671 1903 deum
1696 1847 1938 1902 voluisse
1966 1845 2094 1899 mit-

531 1954 651 2000 tere
686 1944 941 2016 nequitiaa
977 1958 1045 1998 ex
1089 1941 1394 1998 substantia
1440 1955 1540 1996 sua
1572 1939 1810 2010 genitum
1866 1938 1933 1993 ad
1964 1952 2092 2008 pec-

535 2036 769 2092 candum
796 2052 919 2091 cum
940 2050 1003 2091 ea
1034 2053 1048 2090 :
1081 2049 1182 2089 nee
1207 2033 1341 2088 illud
1362 2033 1588 2088 missum
1620 2029 1900 2085 inductum
1924 2028 2093 2084 fuisse

534 2136 588 2184 et
615 2128 1040 2197 obtemperasse,
1073 2133 1133 2179 ut
1157 2124 1225 2178 ad
1253 2132 1461 2176 tantum
1491 2121 1695 2175 malum
1720 2126 1774 2175 et
1803 2119 1945 2173 luem
1967 2132 2092 2188 pro-

518 2222 910 2286 ﬁcisceretur;
947 2227 1007 2273 ut
1043 2217 1361 2287 impleretur
1386 2214 1596 2270 scilicet
1616 2213 1766 2268 omni
1803 2211 2093 2283 iniquitate

520 2323 587 2371 et
615 2313 904 2383 injustitia,
938 2310 1102 2366 simul
1129 2316 1183 2364 et
1216 2308 1515 2379 impietate,
1548 2305 1716 2376 idque
1748 2319 1848 2375 pro
1874 2312 2090 2359 terrena

519 2403 853 2460 liberatione
879 2408 1041 2456 terrae
1069 2414 1175 2452 non
1201 2398 1311 2467 jam
1348 2408 1480 2452 tunc
1520 2402 1713 2465 captae,
1749 2394 1845 2449 sed
1877 2394 2092 2463 capien-

532 2496 635 2558 dae,
667 2505 925 2563 tanquam
966 2504 1073 2544 non
1106 2489 1372 2558 potuisset
1401 2486 1546 2542 Deus
1578 2486 1737 2540 aliter
1764 2484 1894 2539 huic
1929 2491 2091 2540 terrae

520 2600 789 2659 .pra'esse.
842 2582 980 2637 Vide
1029 2595 1194 2652 quam
1248 2580 1407 2650 plane
1458 2576 1735 2632 inﬁrmum
1794 2577 2091 2632 mentiatur

534 2681 709 2735 Deum
736 2674 1068 2731 Manichacus
1099 2672 1152 2726 in
1185 2670 1354 2726 Deum
1379 2669 1585 2735 furens,
1612 2678 1871 2737 tanquam
1897 2666 2089 2722 defen-

533 2785 626 2825 sor
652 2769 1061 2840 possessionum
1098 2762 1329 2835 alicujus
1355 2762 1569 2833 pupilli,
1592 2769 1646 2816 et
1676 2762 1835 2832 cujus
1862 2761 2090 2816 inﬁrmi-

531 2869 699 2917 tatem
739 2860 1110 2916 necessarium
1148 2863 1234 2913 est
1264 2853 1534 2918 conﬁteri,
1561 2862 1620 2908 ut
1651 2865 1834 2926 partes
1871 2854 2087 2924 patroni

506 2954 771 3025 impleat.
806 2950 877 3006 Ut
907 2950 1052 3006 enim
1084 2956 1276 3004 contra
1311 2946 1607 3002 defendens
1652 2945 1949 3016 nequitiam
1992 2961 2088 3001 ne-

531 3059 803 3117 quaquam
834 3058 931 3113 per
971 3056 1030 3097 se
1064 3039 1476 3102 consistentem,
1526 3038 1707 3092 omnia
1736 3037 1954 3107 quidem
2004 3036 2085 3090 fe-

530 3138 676 3194 cisse
704 3142 897 3191 contra
931 3132 1099 3188 Deum
1123 3137 1331 3195 narrat,
1365 3129 1711 3194 seditionem,
1742 3129 2001 3198 impetum
2033 3128 2086 3183 in

530 3244 622 3286 res
653 3226 794 3297 ejus,
826 3231 1123 3296 postremo,
1152 3220 1297 3292 quod
1332 3229 1415 3277 est
1454 3221 1698 3275 omnium
1729 3218 2089 3291 ﬂagitiosissi-

530 3334 701 3384 mum,
752 3316 1056 3374 obtinuisse
1105 3313 1253 3371 omni
1292 3313 1493 3368 saeculo
1532 3312 1895 3368 substantiam
1946 3311 2086 3382 ejus,

529 3424 759 3482 eamque
792 3408 849 3462 in
886 3406 1124 3462 inﬁnitas
1154 3412 1337 3476 partes
1365 3404 1641 3468 divisisse,
1679 3401 1999 3473 prmfocare,
2033 3411 2088 3457 et

530 3505 589 3561 in
640 3518 698 3558 se
738 3503 856 3572 ipsa
905 3498 1223 3569 reprimere,
1277 3497 1584 3566 habereque
1620 3511 1739 3550 eam
1778 3494 1981 3550 sociam
2030 3494 2086 3548 in

528 3594 677 3650 omni
701 3606 866 3664 prava
892 3590 1106 3664 actione
1134 3594 1188 3643 et
1228 3586 1674 3656 intemperantia;
1710 3583 1876 3638 Deum
1906 3591 2086 3638 autem

530 3703 642 3742 non
670 3662 1122 3756 potuisse'locum
1153 3695 1312 3735 suum
1337 3680 1447 3735 ullo
1476 3678 1583 3733 alio
1609 3677 1771 3732 modo
1801 3692 1979 3746 neque
1998 3691 2087 3731 va-

528 3780 703 3835 lenter
729 3777 963 3848 eripere,
988 3791 1163 3846 neque
1185 3774 1376 3830 saltem
1398 3785 1591 3826 vacare
1615 3784 1645 3825 a
1665 3776 1910 3839 peccato,
1939 3768 2085 3839 quod

525 3877 779 3925 naturam
817 3869 937 3938 ejus
959 3867 1209 3923 decebat.

598 4046 727 4112 Quae
769 4044 913 4099 enim
946 4043 1001 4099 id
1030 4041 1174 4111 quod
1219 4055 1282 4095 ex
1318 4041 1436 4109 ipso
1490 4037 1789 4094 secundum
1826 4037 2082 4092 substan-

527 4136 656 4188 tiam
713 4134 953 4203 genitum
1004 4140 1108 4193 est,
1161 4134 1364 4199 pariter
1412 4142 1533 4182 cum
1594 4127 1820 4182 materia
1867 4132 2079 4195 peccat,

524 4225 686 4296 plane
727 4221 783 4275 in
824 4236 947 4275 eum
975 4219 1068 4288 qui
1097 4217 1306 4289 genuit,
1347 4216 1674 4270 redundant.
1729 4211 1819 4268 Sic
1863 4213 2080 4268 demum

522 4326 740 4370 omnem
773 4309 1068 4380 potentiam
1100 4308 1156 4360 in
1182 4306 1350 4360 Deum
1380 4305 1692 4360 testimonio
1737 4318 1839 4360 suo
1861 4303 2081 4357 'tribuit

2198 479 2296 550 τῆς
2329 496 2392 548 γε
2409 478 2509 549 τῆς
2525 478 2727 545 οὐσίας,
2744 478 2993 531 τοσοῦτον
3017 478 3188 533 αίῶνα
3206 477 3566 550 καθεζόμενον
3598 481 3779 552 κακίᾳ

2200 572 2529 641 συνοικῆσον,
2569 571 2662 624 καὶ
2697 569 2915 640 μεθέξον
2973 570 3160 642 αὐτῆς,
3218 571 3316 625 καὶ
3351 572 3778 643 συναμαρτῆσον

2199 663 2332 734 αὐτῇ
2352 681 2365 694 ·
2393 663 2528 734 ὅπερ
2552 663 2679 734 μίαν
2703 662 2831 731 γοῦν
2864 662 3011 734 ὥραν
3033 663 3066 734 ἢ
3093 662 3281 735 χρόνου
3313 664 3547 734 στιγμὴν
3575 663 3776 717 παθεῖν

2196 754 2294 825 τὴν
2337 755 2525 808 οὐσίαν
2569 754 2661 808 τοῦ
2711 753 2875 818 Θεοῦ,
2919 754 2992 819 ὡς
3037 755 3367 825 ὑποταγῆναι
3430 754 3617 826 κακίᾳ,
3674 756 3777 808 καὶ

2196 845 2364 917 ταύτῃ
2386 838 2818 919 συναμαρτῆσαι,
2840 845 2933 899 καὶ
2964 845 3177 899 πάντων
3201 845 3535 918 ἀλογώτερον
3560 846 3627 900 ἂν
3655 846 3772 916 εἴη.

2197 937 2308 991 Καὶ
2337 937 2485 1008 πόσῳ
2534 938 2598 1008 δὴ
2633 938 2836 1008 βέλτιον
2874 933 2943 1008 ἦν
2992 940 3096 1009 γῆν
3139 937 3529 1009 παραδοθῆναι,
3560 937 3655 992 καὶ
3688 938 3773 1007 μὴ

2194 1030 2293 1102 τὴν
2342 1030 2528 1083 οὐσίαν
2575 1027 2669 1083 τοῦ
2714 1029 2847 1084 Θεοῦ
2901 1029 3344 1101 καταληφθῆναι;
3395 1031 3459 1084 Ei
3510 1029 3617 1102 γὰρ
3664 1031 3775 1084 οὐκ

2197 1122 2392 1194 ἀνεκτὴ
2431 1123 2566 1194 πρὸς
2597 1121 2820 1187 ἀταξίαν
2865 1123 2964 1194 τῆς
3004 1123 3151 1195 ὕλης,
3178 1126 3211 1194 ὴ
3240 1124 3379 1178 κατά
3418 1125 3521 1196 γῆς
3553 1124 3771 1194 ἔφοδος,

2197 1214 2346 1285 πόσῳ
2380 1213 2575 1285 μᾶλλον
2611 1215 2883 1285 ἀφόρητος
2925 1217 2959 1287 ὴ
2995 1215 3228 1287 τοσαύτη
3261 1216 3476 1271 δουλεία
3506 1217 3600 1269 καὶ
3630 1216 3772 1269 ὑπο-

2194 1304 2334 1375 ταγὴ
2358 1305 2456 1375 τῆς
2481 1304 2572 1358 τοῦ
2597 1305 2730 1358 Θεοῦ
2758 1307 2988 1376 φύσεως,
3020 1308 3116 1360 καὶ
3143 1310 3201 1362 ού
3237 1310 3373 1381 πρὸς
3396 1310 3457 1364 τὸ
3488 1309 3770 1382 βραχύτα-

2193 1414 2303 1463 τον,
2334 1397 2469 1452 ἀλλά
2495 1399 2629 1471 πρὸς
2654 1399 2773 1452 ὅλον
2801 1401 2894 1453 καὶ
2918 1401 3143 1457 ἄπλετον
3173 1402 3343 1458 αἰῶνα
3367 1418 3382 1467 ;
3414 1403 3492 1466 ὼς
3533 1403 3631 1471 τὴν
3665 1403 3773 1472 μὲν

2195 1488 2387 1543 κακίαν
2418 1489 2550 1561 (10⁸)
2576 1490 2670 1544 τοῦ
2724 1492 2986 1564 ἁμαρτεῖν
3023 1493 3097 1565 μὴ
3128 1493 3473 1562 πεπαῦσθαι,
3527 1494 3663 1548 Θεὸν
3707 1494 3773 1550 δὲ

2196 1581 2624 1652 συναμαρτάνειν
2652 1582 2810 1649 αὐτῆ,
2846 1584 2936 1638 διά
2962 1585 3062 1656 τῆς
3103 1584 3162 1651 ἐξ
3187 1585 3349 1640 αὐτοῦ
3383 1585 3771 1659 προϐεϐλημέ-

2196 1689 2293 1744 νης
2323 1672 2614 1743 δυνάμεως.

2266 1846 2424 1900 Ὅθεν
2469 1849 2634 1913 εἰκὸς,
2664 1850 2783 1903 οὐδὲ
2819 1851 2949 1905 Θεὸν
2990 1853 3128 1925 πρὸς
3169 1855 3231 1910 τὸ
3269 1856 3771 1930 συνεξαμαρτάνειν

2191 1937 2440 2009 ἐθελῆσαι
2474 1941 2683 2012 πέμψαι
2719 1946 2784 2015 τῇ
2818 1946 2985 2018 κακίᾳ
3020 1948 3080 2000 τὸ
3130 1950 3196 2003 ὲκ
3239 1950 3338 2021 τῆς
3370 1952 3562 2016 οὐσίας
3593 1952 3770 2007 αὑτοῦ

2191 2030 2649 2104 προϐεϐλημένον,
2706 2034 2818 2088 οὔτ’
2858 2039 3034 2093 έκεῖνο
3073 2043 3365 2113 πεισθῆναί
3413 2061 3493 2110 τε,
3528 2044 3626 2099 καὶ
3663 2045 3773 2099 ὐπ-

2190 2120 2413 2175 ακοῦσαι
2440 2122 2572 2193 πρὸς
2596 2124 2840 2179 τοσοῦτον
2875 2126 3092 2201 ὄλεθρον
3126 2132 3437 2202 ἀφικέσθαι,
3482 2133 3624 2189 ὥστε
3655 2136 3771 2189 πά-

2192 2228 2290 2283 σης
2317 2213 2544 2283 ἀνομίας
2569 2231 2629 2267 τε
2663 2216 2754 2269 καὶ
2782 2217 3012 2284 ἀδικίας,
3042 2220 3160 2292 ἅμα
3193 2224 3287 2276 καὶ
3312 2224 3634 2291 δυσσεϐείας
3666 2229 3770 2298 ἔμ-

2190 2302 2492 2374 πλησθῆναι
2535 2306 2674 2378 ὑπὲρ
2726 2307 2819 2360 τοῦ
2864 2311 3073 2381 γηῖνου,
3120 2314 3218 2386 τὴν
3268 2316 3368 2387 ῆδη
3422 2316 3769 2388 ληφθεῖσαν,

2189 2393 2322 2448 ἀλλά
2338 2394 2444 2483 τὴν.
2462 2397 2965 2470 καταλαμϐάνεσθαι
2987 2403 3280 2475 μέλλουσαν
3306 2407 3769 2483 ὲλευθερωθῆναι,

2187 2484 2261 2548 ὡς
2280 2485 2376 2557 οὐχ
2402 2481 2512 2542 οἶόν
2533 2507 2594 2542 τε
2624 2490 2683 2544 ὃν
2709 2491 2905 2565 ἑτέρως
2935 2495 3135 2569 ταύτης
3163 2498 3255 2552 τὸν
3278 2498 3410 2553 Θεὸν
3433 2481 3766 2573 προστῆναι.

2190 2577 2330 2648 Ὅρα
2356 2579 2484 2649 ὅσην
2508 2579 2803 2653 ἀδυναμίαν
2855 2587 3243 2656 καταψεύδεται
3283 2590 3375 2643 τοῦ
3404 2590 3539 2644 Θεοῦ
3575 2592 3769 2662 σαφῶς

2187 2671 2216 2722 ὁ
2245 2669 2383 2723 κατά
2416 2671 2508 2723 τοῦ
2540 2671 2673 2726 Θεοῦ
2712 2676 2930 2745 μανείς·
2967 2677 3155 2750 ὥσπερ
3199 2681 3492 2752 κτημάτων
3520 2684 3791 2756 ὀρφανοῦ¹

2189 2780 2329 2826 τινος
2349 2764 2761 2836 προϊστάμενος,
2785 2762 2843 2822 οῦ
2872 2771 2967 2840 τὴν
2989 2771 3266 2826 ἀσθένειαν
3296 2774 3606 2845 ἐπάναγκες
3634 2779 3770 2848 ὁμο-

2189 2853 2433 2926 λογῆσαι,
2460 2856 2546 2909 ἵνα
2577 2858 2646 2912 τά
2688 2860 2786 2930 τῆς
2820 2863 3140 2935 συνηγορίας
3183 2863 3477 2938 πληρωθῇ·
3528 2868 3608 2933 ὡς
3651 2869 3767 2941 γὰρ

2188 2947 2513 3012 τούναντίον,
2547 2948 2644 3021 τὴν
2691 2948 2939 3023 οὐδαμῶς
2983 2950 3345 3026 ὗφεστηκυίαν
3391 2958 3593 3031 κακίαν
3629 2977 3766 3032 πρε-

2193 3036 2417 3103 σϐεύων,
2470 3040 2647 3094 πάντα
2701 3042 2798 3113 μὲν
2849 3043 3017 3116 αὐτὴν
3073 3047 3211 3100 κατὰ
3246 3046 3380 3102 Θεοῦ
3415 3049 3760 3122 δεδρακέναι,

2189 3125 2335 3194 λέγει
2377 3129 2775 3201 έπαναστῆναι,
2826 3133 3077 3204 ἐπιϐῆναι
3117 3139 3229 3200 τοῖς
3280 3138 3444 3192 αὐτοῦ
3494 3140 3759 3212 θελῆσαι·

2188 3215 2357 3282 τέλος,
2414 3218 2475 3271 τὸ
2517 3219 2731 3274 πάντων
2769 3222 2909 3303 κατά
2947 3224 3078 3277 Θεοῦ
3115 3228 3515 3299 χαλεπώτερον,
3541 3230 3646 3302 τῆς
3680 3232 3765 3285 οὐ·

2189 3307 2309 3370 σίας
2333 3309 2496 3362 αὐτοῦ
2531 3312 2771 3384 ἐγκρατῆ
2808 3312 3094 3384 σύμπαντα
3130 3318 3220 3371 τὸν
3263 3320 3434 3374 αίῶνα
3479 3322 3760 3390 γενέσθαι,

2186 3400 2279 3452 καὶ⁵
2306 3406 2628 3473 κατατεμεῖν
2655 3404 2876 3477 ταύτην,
2904 3406 2979 3471 ὡς
3005 3409 3104 3463 οὐκ
3130 3410 3420 3481 ἐνδέχεται,
3444 3415 3527 3477 είς
3553 3414 3764 3488 ἄπειρα

2183 3491 2463 3561 τμήματα,
2499 3494 2815 3564 ἀποπνίγειν
2867 3515 2927 3550 τε
2977 3499 3072 3552 καὶ
3114 3501 3423 3557 ἀποθλίϐειν
3464 3506 3526 3558 ὲν
3564 3507 3761 3579 ἑαυτῇ,

2185 3582 2279 3635 καὶ
2308 3583 2643 3655 συμμέτοχον
2692 3587 2889 3660 ἑαυτῆς
2934 3589 2991 3643 έν
3044 3590 3191 3665 πάσῃ
3250 3596 3607 3668 κακοπραγίᾳ
3664 3599 3763 3651 καὶ

2184 3675 2446 3748 ἀκολασίᾳ
2490 3676 2659 3747 ἔχειν’
2706 3678 2836 3732 Θεὸν
2884 3680 2939 3734 δὲ
2982 3681 3055 3753 μὴ
3101 3683 3389 3756 δυνηθῆναι
3466 3688 3612 3759 μήτε
3667 3688 3760 3741 τὸν

2183 3767 2314 3821 ίδιον
2358 3768 2520 3822 τόπον
2567 3770 2750 3842 ἕτερόν
2789 3790 2907 3826 τινα
2948 3774 3146 3845 τρόπον
3197 3776 3543 3850 δραστηρίως
3583 3779 3762 3846 ἐξελέ-

2186 3858 2330 3921 σθαι,
2363 3859 2500 3929 μήτε
2532 3859 2591 3912 τὸ
2625 3861 2999 3934 ἀναμάρτητον
3036 3864 3166 3932 γοῦν
3215 3866 3392 3937 ἑαυτῷ
3433 3869 3761 3940 πρεπόντως

2182 3950 2247 4019 τῇ
2290 3946 2445 4017 φύσει
2478 3950 2730 4019 τηρῆσαι.

2258 4038 2321 4091 "A
2357 4039 2464 4110 γὰρ
2512 4040 2572 4092 τὸ
2614 4041 2672 4104 ἐξ
2714 4041 2876 4094 αὐτοῦ
2931 4043 3365 4116 προϐεϐλημένον
3404 4050 3529 4101 κατ’
3568 4050 3758 4103 οὐσίαν

2182 4131 2246 4200 τῇ
2281 4128 2378 4201 ῦλῃ
2409 4131 2708 4195 συναδικεῖ,
2754 4132 3009 4204 ἄντικρυς
3041 4138 3119 4198 είς
3147 4137 3307 4190 αὐτὸν
3348 4139 3643 4211 ἀνατρέχει
3665 4140 3757 4193 τὸν

2183 4218 2636 4289 προϐεϐλημένον.
2694 4219 2848 4274 Οῦτω
2885 4222 2949 4293 δὴ
2998 4225 3176 4278 πᾶσαν
3226 4225 3550 4281 δυναστείαν
3615 4229 3757 4283 κατά

2182 4310 2315 4363 Θεοῦ
2341 4313 2406 4381 τῇ
2447 4312 2609 4382 κακίᾳ
2657 4316 3107 4387 προσμαρτυρῶν,
3144 4316 3276 4374 Θεὸν
3323 4319 3381 4372 δὲ
3424 4321 3494 4375 τὰ
3538 4322 3759 4376 πάντων

523 4406 804 4476 nequitiae;
853 4400 1020 4455 Deum
1055 4413 1185 4453 vero
1226 4397 1357 4451 dicit
1399 4411 1621 4466 passum
1667 4410 1788 4451 esse
1832 4394 2075 4449 omnium

2188 4402 2450 4471 ἀνήκεστα
2482 4403 2613 4471 πρὸς
2651 4405 2815 4474 αὐτῆς
2852 4407 3172 4460 πεπονθέναι
3193 4409 3363 4478 λέγει,
3398 4414 3494 4466 καὶ
3541 4414 3756 4485 τολμῶν

522 4495 814 4552 durissima
840 4509 854 4547 :
878 4501 932 4548 et
959 4489 1120 4545 audet
1143 4490 1494 4559 subjungere,
1524 4486 1670 4556 quod
1702 4494 1946 4556 potestas
1980 4484 2076 4540 Dei

521 4588 690 4643 missa
719 4584 917 4655 sopivit
945 4582 1227 4637 materiam
1253 4589 1511 4649 tanquam
1539 4579 1774 4632 belluam
1798 4577 2074 4640 cautione,

522 4690 633 4729 non
678 4673 852 4728 solum
882 4687 1092 4728 summe
1133 4672 1428 4736 contraria,
1476 4682 1726 4724 sermone
1777 4667 1924 4721 omni
1959 4682 2077 4736 pro-

521 4766 798 4821 babilitate
827 4773 1049 4819 carente
1082 4764 1340 4829 miscens,
1374 4770 1428 4822 et
1453 4776 1573 4831 quae
1596 4760 1746 4814 nullo
1766 4766 1928 4830 pacto
1955 4774 2077 4813 esse

520 4865 771 4930 possunt,
796 4857 1093 4913 secundum
1107 4865 1357 4910 naturam
1369 4862 1677 4909 commento
1697 4866 1796 4907 suo
1819 4851 2074 4920 largiens,

520 4950 616 5006 sed
650 4954 838 5003 contra
872 4962 1033 5017 quam
1065 4948 1180 5000 vult
1208 4948 1295 5000 hic
1322 4947 1484 5000 etiam
1513 4944 1809 4999 conﬁciens
1840 4952 1895 4998 et
1939 4957 2074 4997 con-

517 5038 745 5093 cludens
770 5055 783 5088 :
811 5051 876 5090 ex
909 5036 1151 5105 utrisque
1182 5036 1325 5090 enim
1366 5037 1442 5088 ait
1472 5035 1616 5089 hunc
1644 5031 1813 5088 Deum
1848 5031 2073 5085 univer-

517 5147 640 5189 sum
683 5130 786 5184 hoc
832 5127 1151 5182 fabricatum
1201 5143 1341 5183 esse.
1396 5127 1606 5198 Corpus
1657 5142 1787 5181 vero
1835 5125 2070 5180 hominis

2182 4492 2395 4560 ἐπάγει,
2425 4492 2505 4544 ὅτι
2533 4492 2594 4563 δὴ
2620 4496 2984 4567 κατεκοίμησε
3023 4497 3118 4570 τὴν
3149 4498 3279 4572 ῦλην
3309 4504 3343 4572 ἡ
3383 4505 3758 4560 ἀποσταλεῖσα

2182 4581 2275 4636 τοῦ
2318 4582 2449 4635 Θεοῦ
2500 4582 2743 4654 δύναμις,
2780 4586 2856 4649 ὡς
2894 4587 2954 4640 τὸ
3000 4589 3182 4661 θηρίον
3229 4594 3437 4666 ἐπῳδῇ,
3485 4598 3550 4649 οὐ
3597 4600 3758 4670 μόνον

2181 4673 2459 4737 ἀπιθάνως
2484 4674 2549 4726 τά
2573 4675 2754 4747 ἄκρως
2779 4679 2993 4733 ἐναντία
3025 4681 3101 4751 τῷ
3132 4681 3275 4753 λόγῳ
3303 4686 3536 4756 κιρνῶν,
3570 4688 3667 4741 καὶ
3690 4690 3756 4740 τά

2185 4767 2447 4837 μηδαμῶς
2475 4766 2612 4819 κατὰ
2651 4766 2809 4836 φύσιν
2846 4769 3163 4841 ἐνδεχόμενα
3195 4773 3276 4844 τῷ
3317 4775 3436 4846 ἰδίῳ
3473 4777 3757 4849 πλάσματι

2182 4857 2552 4928 χαριζόμενος,
2597 4858 2729 4912 ἀλλὰ
2775 4860 2866 4912 καὶ
2913 4864 3213 4918 τούναντίον
3274 4865 3306 4937 ἢ
3352 4867 3631 4938 βούλεται,
3666 4870 3761 4924 καὶ

2182 4946 2411 5000 ἐνταῦθα
2437 4946 2876 5013 κατασκευάζων·
2914 4949 2971 5016 ἐξ
3006 4951 3204 5022 ἀμφοῖν
3251 4955 3355 5025 μὲν
3392 4957 3508 5029 γὰρ
3548 4959 3761 5012 τούτοιν

2182 5039 2315 5109 φησὶ
2343 5038 2470 5091 Θεὸν
2497 5039 2890 5110 δημιουργῆσαι
2913 5040 3030 5094 τόδε
3052 5042 3112 5094 τὸ
3136 5046 3242 5097 πᾶν
3260 5062 3274 5075 ⁸
3324 5047 3424 5100 τοῦ
3462 5049 3521 5103 δὲ
3558 5050 3763 5122 ἀνθρώ-

2183 5144 2282 5180 που
2310 5123 2443 5181 εἶναι
2469 5128 2564 5197 μὲν
2593 5128 2653 5180 τὸ
2682 5127 2840 5198 σῶμα
2862 5129 2958 5198 τῆς
2982 5131 3206 5194 κακίας⁹
3234 5126 3378 5186 εἶναι
3422 5136 3480 5189 δὲ
3523 5136 3626 5207 τὴν
3660 5137 3763 5206 ψυ-

513 5238 638 5279 e'sse
672 5220 889 5294 quidem
913 5218 1192 5292 nequitiae;
1228 5218 1464 5272 animam
1493 5234 1622 5273 vero
1653 5217 1768 5281 Dei,
1804 5217 1918 5272 sive
1950 5230 2076 5269 cum

2188 5218 2273 5289 (ὴν
2306 5217 2400 5269 τοῦ
2439 5218 2661 5284 ἀγαθοῦ,
2696 5220 2802 5272 εἴτε
2835 5221 3099 5291 μονοειδῆ,
3130 5223 3237 5275 είτε
3287 5228 3667 5299 συγκειμένην
3696 5229 3761 5280 ὲκ

516 5317 628 5371 sint
673 5316 835 5369 unius
885 5311 1091 5376 forum,
1156 5314 1271 5367 sive
1324 5327 1449 5365 cum
1497 5311 1609 5381 jam
1663 5326 1731 5366 ex
1779 5309 2072 5364 contrariis

2188 5308 2280 5361 τῶν
2309 5310 2564 5363 ἐναντίων
2583 5328 2595 5342 ο
2635 5311 2730 5365 καὶ
2754 5312 2942 5385 ταύτῃ.
2976 5311 3049 5376 ὡς
3076 5313 3335 5384 ἑκάτερον
3365 5319 3568 5389 μικρὸν
3602 5318 3760 5371 ῦστε-

516 5409 851 5480 composita;
879 5420 1111 5477 quorum
1157 5411 1433 5466 neutrum,
1480 5410 1538 5457 ut
1569 5403 1733 5474 paulo
1760 5414 1882 5472 post
1912 5401 2078 5455 doce-

2176 5419 2265 5472 ρον
2301 5401 2564 5473 δείξομεν,
2599 5403 2853 5457 σύστασιν
2890 5402 3009 5456 οὐδὲ
3038 5403 3165 5475 μίαν
3194 5403 3338 5475 έχον.
3373 5408 3548 5480 Σῶμα
3579 5410 3761 5480 μέντοι

515 5497 731 5565 bimus,
774 5498 1074 5554 consistere
1125 5501 1323 5564 potest.
1393 5493 1609 5563 Corpus
1666 5501 1849 5547 tamen
1896 5491 2069 5548 solum

2188 5494 2292 5546 ςαθ⁹
2326 5495 2483 5546 ἑαυτὸ
2509 5495 2659 5549 οὐδὲν
2698 5494 2806 5550 τῶν
2846 5494 3029 5550 κακῶν
3063 5496 3171 5549 οὐδ’
3197 5497 3431 5567 ἐπινοεῖ,
3461 5499 3591 5554 οὔτε
3626 5500 3758 5574 δρᾷο

589 5652 717 5724 (ω’)
755 5652 1003 5710 Κακίαν.
1046 5651 1347 5708 Neauitiam
1386 5658 1544 5708 vocat
1591 5668 1805 5726 semper
1859 5652 2088 5706 Satanan

2192 5658 2366 5708 uctor.
2403 5650 2574 5707 Tunn.
