4064 6290
275 374 428 432 “Oi

1354 372 1722 431 ADVERSUS
1760 372 2181 429 MANICHASOS
2218 373 2346 429 LIB.
2389 373 2428 426 Ι.

3409 367 3547 422 1102

267 489 416 546 οὖτα
445 490 552 562 γὰρ
591 490 826 560 φονεύει,
855 489 993 559 οὔτε,
1008 489 1267 562 μοιχεύει,
1304 489 1425 544 οὔτε
1448 492 1714 564 λῃστεύει,
1746 493 1867 547 ούτε

1982 508 2036 547 ac
2068 508 2163 563 per
2196 509 2257 548 se
2306 492 2445 547 nihil
2485 491 2617 546 mali
2664 505 2844 562 neque
2883 488 3110 561 cogitat.
3156 501 3336 559 neque
3375 485 3545 554 facit;

269 579 423 636 ἄλλο
467 599 521 633 τι
554 581 661 636 τῶν
686 580 1038 652 ἀδικημάτων
1070 581 1381 652 ἐργάζεται,
1411 582 1587 653 ψυχῆς
1618 583 1766 654 αὐτῷ
1795 584 1869 655 μὴ

271 675 602 749 παρούσης.

1979 601 2086 640 non
2111 585 2258 641 enim
2291 584 2516 650 occidit,
2549 599 2726 655 neque
2764 583 3127 647 adulteretur,
3162 595 3339 651 neque
3373 579 3546 634 latro-

1975 681 2212 741 cinatur,
2257 693 2360 734 nec
2409 678 2572 733 aliam
2601 677 2863 748 injuriam
2895 675 3045 741 facit,
3093 689 3220 730 cum
3255 687 3363 727 non
3396 671 3550 726 acht

1975 785 2178 825 anima.

1309 877 1441 933 Car.
1483 877 1672 934 XXIV.
1706 877 1895 934 Mistio
1929 885 2123 938 animae
2156 900 2276 938 cum
2313 901 2550 955 corpore.

359 995 562 1050 Καίτοι
592 992 796 1048 τούτων
829 993 924 1047 καὶ
964 992 1072 1045 τῶν
1098 990 1352 1045 τοιούτων
1391 993 1576 1046 ἕνεκεν
1605 995 1882 1066 ἐπινενόη-

276 1097 382 1142 τάι
429 1086 508 1158 τῷ
535 1084 770 1141 Μάνεντι
817 1086 914 1156 τῆς
958 1084 1204 1147 ἐναντίας
1242 1083 1416 1156 ἀρχῆς
1466 1085 1500 1156 ἡ
1548 1082 1876 1151 ὑπόστασις,

281 1183 394 1235 καὶ
426 1181 531 1236 τῶν
559 1180 811 1234 ἐναντίων
853 1181 886 1250 ἡ
930 1180 1144 1248 κρᾶσις,
1193 1177 1268 1241 ὡς
1312 1176 1378 1230 ἂν
1418 1177 1478 1230 τὸ
1505 1179 1675 1232 αἴτιον
1703 1179 1880 1232 αὐτῶν

277 1273 572 1346 εὑρεθείη.
624 1273 688 1326 Et
733 1271 789 1324 δὲ
837 1271 870 1341 ἡ
914 1272 1109 1342 κρᾶσις
1150 1269 1251 1340 τῆς
1295 1269 1472 1340 ψυχῆς
1523 1270 1617 1324 τοῦ
1675 1271 1878 1340 ἀγαθοῦ

280 1367 440 1438 πρὸς
472 1366 535 1418 τὸ
567 1363 725 1436 σῶμα
761 1362 853 1417 τοῦ
896 1361 1090 1428 κακοῦ,
1133 1361 1240 1415 τῶν
1289 1362 1642 1434 ἀδικημάτων
1673 1362 1881 1436 ἀνθρώ-

280 1481 423 1528 ποις
484 1461 722 1533 παρέσχε
776 1461 874 1523 τὰς
930 1459 1215 1530 ἀφορμὰς,
1267 1459 1388 1513 καθ’
1439 1459 1600 1513 ἐαυτὺ
1654 1458 1760 1533 γὰρ
1818 1460 1878 1513 ού

281 1552 613 1624 πλημμελεῖ
657 1550 850 1621 σῶμα·
883 1549 1091 1621 βέλτιον
1137 1545 1203 1622 ἦν
1241 1549 1316 1621 μὴ
1370 1549 1742 1622 συγκραθῆναι
1783 1551 1881 1623 τὴν

281 1645 691 1717 πεπλασμένην
723 1643 816 1697 τοῦ
853 1643 1058 1712 ἀγαθοῦ
1096 1643 1326 1714 δύναμιν
1370 1645 1434 1714 τῇ
1478 1642 1551 1714 μὴ
1598 1641 1734 1716 οὔσῃ
1784 1660 1883 1697 κα-

279 1742 389 1813 κίᾳ.
408 1759 423 1772 ο
463 1741 524 1794 ού
557 1739 664 1810 γὰρ
696 1738 760 1792 ἂν
791 1737 899 1789 τῶν
947 1735 1087 1789 κατὰ
1116 1732 1432 1807 ἀνθρώπους
1466 1736 1882 1807 ἁμαρτημάτων

2042 997 2210 1067 Atqui
2261 997 2332 1052 ob
2373 998 2514 1052 hanc
2563 1013 2786 1054 causam
2833 995 3167 1068 excogitavit
3216 991 3549 1050 Manichams

1973 1088 2310 1161 hypostasim
2353 1091 2608 1161 principii
2657 1092 2922 1148 contrarii
2957 1099 3011 1145 et
3061 1089 3374 1144 mistionem
3418 1103 3552 1141 con-

1975 1184 2294 1249 trariorum,
2331 1193 2390 1237 ut
2426 1199 2593 1238 causa
2635 1184 2903 1238 malorum
2951 1182 3306 1253 reperiretur.
3359 1179 3465 1234 Sed
3502 1180 3551 1236 si

1979 1273 2236 1330 admistio
2276 1275 2493 1340 animae,
2533 1291 2654 1346 quae
2679 1275 2782 1331 Dei
2814 1283 2918 1341 est,
2956 1290 3082 1329 cum
3115 1289 3373 1345 corpore,
3407 1272 3552 1342 quod

1979 1367 2204 1434 diaboli,
2237 1385 2433 1425 causas
2468 1380 2524 1425 et
2559 1369 2856 1441 primordia
2894 1370 3219 1440 iniuriarum
3269 1383 3333 1421 ac
3361 1379 3554 1437 pecca-

1978 1469 2156 1516 torum
2181 1463 2497 1517 hominibus
2526 1463 2775 1533 praebuit,
2808 1475 2904 1532 per
2934 1478 2994 1516 se
3020 1469 3200 1517 autem
3237 1475 3346 1515 non
3378 1458 3527 1514 delin

1977 1553 2096 1626 quit
2140 1569 2380 1624 corpus:
2412 1555 2608 1609 melius
2651 1564 2790 1617 erat,
2824 1563 2882 1608 ut
2915 1554 3096 1607 anima
3147 1569 3179 1607 a
3210 1551 3319 1606 Deo
3367 1556 3552 1606 creata

1977 1659 2085 1698 non
2122 1644 2520 1700 admisceretur
2565 1645 2824 1710 nequitiae
2874 1660 2984 1698 non
3032 1644 3269 1698 exstanti
3301 1642 3551 1697 :nullum

1977 1739 2124 1793 enim
2151 1753 2218 1793 ex
2242 1739 2485 1808 peccatis
2517 1755 2636 1808 quae
2672 1739 2920 1792 homines
2947 1737 3320 1799 committunt,
3352 1735 3408 1790 in
3439 1734 3551 1788 vita

275 1834 449 1887 οὐδὲν
480 1830 840 1892 ἐπολιτεύετο,
876 1828 982 1882 οὐδ’
1015 1827 1079 1882 ἀν
1109 1828 1349 1900 ὑπῆρχεν
1387 1828 1542 1892 ὅλως.
1579 1818 1738 1892 Ποῖος
1768 1828 1877 1900 γὰρ

1982 1839 2299 1886 cerneretur
2339 1845 2517 1900 neque
2560 1833 2778 1902 penitus
2810 1839 2987 1910 _esset.
3017 1829 3173 1895 Quod
3223 1829 3368 1883 enim
3407 1834 3554 1882 esset

274 1923 354 1997 ἦν
391 1928 424 1980 ὁ
462 1925 640 1995 φόνος,
669 1922 762 1976 τοῦ
795 1923 1151 1993 φονευομένου
1199 1921 1273 1991 μὴ
1316 1920 1488 1985 ὄντος,
1525 1921 1637 1990 είγε
1678 1921 1752 1992 μὴ
1790 1920 1877 1973 διὰ

272 2018 386 2086 τῆς
419 2016 534 2070 τῶν
571 2013 826 2069 ἐναντίων
881 2014 1150 2085 κράσεως,
1205 2011 1344 2066 κατά
1395 2013 1485 2065 τὸν
1538 2013 1876 2080 γελοιότατον

272 2107 473 2177 λόγον,
527 2105 769 2175 ἐγεγόνει
821 2101 1064 2174 κόσμος;
1111 2102 1241 2154 ποία
1293 2100 1336 2154 δ’
1389 2100 1454 2155 ἂν
1503 2101 1733 2171 μοιχεία,
1781 2100 1874 2153 τοῦ

281 2198 556 2270 σώματος
590 2196 665 2268 μὴ
692 2196 862 2259 ὄντος,
895 2195 1028 2265 μήτε
1061 2193 1181 2246 καθ’
1213 2192 1374 2246 ἑαυτὸ
1405 2191 1535 2260 γοῦν
1563 2191 1879 2262 ἐπιθυμοῦνι

272 2311 396 2357 τος,
438 2295 492 2346 εί
531 2289 605 2363 μὴ
637 2289 783 2361 ψυχὴ
837 2291 869 2361 ή
919 2287 1010 2341 τοῦ
1059 2286 1264 2355 ἀγαθοῦ
1297 2285 1691 2357 κατεπέμφθη;
1735 2285 1878 2338 δυοῖν
1912 2279 1920 2288 ’

276 2386 400 2458 γὰρ
450 2385 698 2455 θάτερον·
749 2381 782 2454 ἢ
825 2381 916 2435 τοῦ
961 2379 1165 2450 ἀγαθοῦ
1209 2378 1485 2450 οἰκονομίᾳ
1511 2378 1617 2449 χρὴ
1647 2379 1877 2449 φάσκειν

282 2475 573 2532 συνελθεῖν
624 2475 900 2538 τάναντία,
961 2475 1047 2527 ἵνα
1089 2471 1311 2542 γένηται
1361 2469 1436 2534 ὼς
1490 2470 1626 2542 πρὸς
1673 2469 1876 2540 ἀγαθοῦ

278 2571 524 2640 κόσμος,
550 2565 644 2621 καὶ
671 2565 806 2629 ὅλως
835 2562 993 2628 αὐτὸς
1031 2563 1201 2627 αἴτιος
1227 2563 1292 2616 ἂν
1331 2562 1417 2632 εἴη
1444 2561 1553 2616 τῶν
1583 2563 1640 2618 ἐν
1669 2561 1877 2634 ἀνθρώ-

280 2681 418 2729 ποις
452 2662 657 2724 κακῶν,
687 2661 798 2729 ετγε
823 2658 961 2713 ἑκὼν
988 2659 1055 2728 τῇ
1084 2655 1250 2728 κακίᾳ
1295 2656 1705 2727 προσεχρήσατο
1735 2655 1878 2710 κατά

282 2757 404 2810 τῶν
440 2755 846 2826 γενησομένων’
896 2751 930 2820 ἢ
975 2750 1199 2821 ἐϐιάσθη
1242 2747 1379 2820 πρὸς
1403 2750 1503 2819 τῆς
1535 2749 1749 2812 κακίας,
1787 2750 1881 2802 καὶ

284 2849 397 2917 ἥδη
434 2847 502 2900 τὰ
535 2845 826 2916 νικητήρια
873 2841 1014 2896 κατὰ
1056 2842 1148 2895 τοῦ
1199 2840 1402 2909 ἀγαθοῦ
1443 2841 1804 2912 ἀπενήνεκται
1845 2842 1878 2912 ἡ

287 2941 488 2996 κακία.

1982 1920 2332 1975 homicidium
2369 1921 2586 1976 nemine
2613 1922 2836 1976 occiso?
2870 1920 2924 1973 Si
2957 1935 3053 1989 per
3079 1919 3392 1974 mistionem
3419 1933 3555 1972 con-

1981 2013 2297 2076 trariorum,
2328 2021 2388 2067 ut
2433 2022 2518 2068 est
2553 2015 2604 2067 in
2631 2014 2731 2067 hac
2755 2011 2936 2068 fabula
2972 2013 3227 2076 ridicula,
3267 2026 3375 2065 non
3412 2009 3554 2063 fu's-

1982 2113 2066 2159 set
2109 2103 2286 2159 factus
2339 2105 2620 2161 mandas:
2654 2105 2800 2176 quod
2851 2105 3174 2160 adulterium
3236 2110 3383 2158 esset
3443 2116 3554 2156 non

1983 2201 2236 2252 exstante
2265 2212 2517 2266 corpore,
2545 2213 2722 2267 neque
2752 2209 2848 2267 per
2875 2213 2932 2252 se
2963 2195 3410 2265 concupiscente,
3445 2192 3555 2247 nisi

1984 2286 2166 2339 anima
2195 2301 2316 2356 quae
2341 2284 2436 2340 Dei
2461 2295 2566 2349 cst,
2595 2286 2764 2340 missa
2793 2293 2938 2342 esset
2965 2286 3020 2339 in
3055 2285 3288 2354 corpus?
3321 2284 3552 2338 alterum

1983 2379 2129 2433 enim
2177 2393 2243 2433 ex
2285 2377 2501 2432 duobus
2543 2378 2905 2448 relinquitur:
2943 2387 3036 2432 aut
3072 2378 3362 2432 dicendum
3408 2392 3552 2441 esse,

1983 2471 2381 2542 gubernatione
2416 2471 2511 2526 Dei
2535 2473 2763 2541 provida
2791 2473 2970 2526 coisse
3014 2471 3310 2538 contraria,
3347 2477 3409 2524 ut
3440 2476 3557 2522 tan-

1982 2577 2149 2633 quam
2198 2577 2230 2617 a
2280 2563 2426 2618 bono
2459 2564 2569 2619 Deo
2599 2564 2754 2619 fieret
2806 2563 3065 2628 mundua,
3117 2573 3280 2633 atque
3324 2563 3398 2617 ita
3437 2562 3557 2633 ipse

1982 2657 2207 2713 omnino
2252 2658 2521 2712 malorum
2558 2657 2615 2712 in
2665 2658 2977 2714 hominibus
3022 2664 3214 2711 auctor
3265 2662 3436 2720 esset,
3481 2655 3558 2708 si-

1986 2751 2208 2822 quidem
2245 2750 2436 2806 volens
2479 2765 2615 2806 usus
2667 2759 2753 2806 est
2794 2750 3037 2820 nequitia
3084 2756 3278 2804 contra
3328 2762 3424 2802 eos
3463 2745 3557 2817 qui

1987 2843 2158 2898 futuri
2181 2851 2399 2908 essent;
2454 2851 2550 2898 aut
2578 2843 2631 2897 vi
2668 2853 2918 2898 coactum
2954 2856 3078 2898 esse
3119 2855 3150 2895 a
3195 2839 3462 2912 nequitia,
3504 2845 3560 2891 et

1981 2934 2096 3006 jam
2145 2935 2445 3004 nequitiam
2489 2936 2778 2992 victoriam
2813 2935 3030 2990 devicto
3061 2935 3171 2990 Deo
3221 2940 3556 3004 reportasse.

290 3056 436 3109 Car.
478 3051 644 3108 XXV.
689 3047 922 3104 Materia
964 3054 1084 3101 ante
1124 3046 1441 3100 creationem
1480 3042 1625 3100 mala
1666 3046 1839 3113 facere
1880 3061 1983 3127 non
2016 3040 2207 3114 potuit.
2249 3045 2322 3100 De
2365 3045 2548 3100 mundi
2586 3047 2851 3100 creatique
2895 3045 3129 3101 absurda
3174 3043 3405 3100 Manetis
3441 3060 3558 3098 sen-

1827 3126 2010 3170 tentia.

373 3242 534 3302 Ποῖος
565 3237 674 3306 γὰρ
719 3229 807 3306 ἦν,
845 3226 998 3296 αὖθις
1029 3231 1191 3300 λέγω,
1223 3248 1400 3301 φονος,
1433 3227 1483 3285 εί
1517 3232 1653 3303 μήτε
1682 3230 1881 3302 άνθρω·

2061 3228 2168 3285 Sed
2214 3229 2395 3285 dicam
2438 3229 2658 3294 iterum,
2709 3215 2871 3300 thEtle
2921 3229 3276 3285 homicidium
3323 3238 3462 3296 erat,
3514 3232 3560 3286 si

292 3349 400 3396 πος
429 3326 519 3400 ἦν,
549 3331 684 3400 μήτε
719 3325 887 3393 ξίφος,
921 3324 1059 3395 μήτε
1089 3322 1217 3376 ἄλλο
1245 3339 1297 3375 τι
1327 3322 1434 3375 τῶν
1461 3323 1694 3391 φονικῶν
1724 3323 1886 3392 ἐργα-

286 3421 482 3485 λείων,
513 3421 562 3471 εί
611 3416 686 3489 μὴ
729 3415 818 3469 διά
853 3415 951 3486 τῆς
1002 3413 1219 3466 συνόδου
1269 3412 1378 3465 τῶν
1423 3411 1675 3465 ἐναντίων
1725 3427 1886 3464 κατε-

288 3511 578 3583 σκευάσθη
609 3513 636 3564 ὁ
662 3510 902 3578 κόσμος;
945 3507 1010 3560 Ἦ
1038 3505 1147 3578 γὰρ
1178 3505 1276 3576 ὕλη
1305 3504 1428 3558 καθ’
1455 3504 1676 3575 ἑαυτὴν,
1706 3506 1753 3556 εἰ
1793 3504 1887 3556 καὶ

287 3604 434 3676 πρὸς
477 3599 736 3670 ἀλλήλους
781 3598 829 3649 οί
877 3593 936 3659 ἐξ
982 3595 1153 3664 αὐτῆς
1205 3591 1546 3657 ἐστασίαζον,
1590 3593 1747 3662 φόνον
1790 3593 1886 3662 μὲν

282 3699 390 3753 οὐκ
416 3694 564 3766 ⁴ᾔδει,
595 3693 656 3744 ού
704 3690 811 3762 γὰρ
857 3686 970 3760 εἶχε
1020 3687 1234 3759 θνητὸν,
1264 3688 1323 3740 ὃν
1362 3687 1608 3758 φονεύει·
1643 3687 1886 3757 μοιχείαν

281 3789 510 3861 ἠγνόει,
558 3786 618 3838 ού
654 3784 762 3854 γάρ
792 3783 1184 3852 κατεγγυήσεις
1217 3781 1409 3850 γάμων
1441 3782 1566 3850 παρ’
1588 3780 1722 3851 αὐτῇ
1757 3781 1886 3831 ἐπο-

281 3875 596 3932 λιτεύοντο·
619 3873 680 3926 ού
716 3872 820 3942 μὴν
850 3871 957 3924 οὐδ’
989 3871 1426 3938 ἐσυκοφαντεῖτο,
1458 3870 1578 3922 ούδὲ
1609 3869 1718 3940 γάρ
1749 3869 1886 3932 ὅλως

282 3971 348 4026 τὸ
394 3969 612 4041 κρίνειν
663 3961 828 4037 εἶχεν,
870 3963 1062 4032 ἄλογος
1083 3958 1247 4016 οὖσα*
1291 3962 1650 4033 φιλαργυρίας
1685 3961 1739 4014 δὲ
1777 3961 1885 4014 τῶν

285 4063 490 4119 κακῶν
521 4061 620 4132 τῆς
652 4057 805 4131 ῥίζης
844 4058 936 4111 καὶ
967 4055 1288 4126 φιλοδοξίας,
1320 4055 1437 4108 ούδὲ
1483 4055 1588 4118 ἕως
1616 4071 1884 4126 προσηγο-

295 4151 422 4226 ρίας
464 4149 770 4221 ἐμέμνητο*
800 4149 832 4218 ἡ
869 4145 977 4217 γὰρ
1004 4145 1345 4218 φυλαργυρία
1371 4144 1522 4216 παρὰ
1555 4141 1882 4217 ἀνθρώποις,

294 4246 388 4300 διὰ
412 4244 512 4316 τὴν
540 4242 748 4314 χρείαν,
773 4237 840 4313 ἦς
867 4238 1207 4310 ἠλευθέρωτὸ
1251 4255 1314 4308 γε
1361 4238 1573 4308 ἐκείνη·
1607 4238 1700 4291 καὶ
1731 4239 1763 4305 ἡ
1797 4255 1886 4307 φι-

295 4337 513 4402 λοδοξία
549 4333 809 4406 λογισμοῦ
860 4332 1048 4396 πάθος,
1090 4328 1157 4404 ἦς
1197 4331 1256 4384 ού
1295 4331 1562 4401 μετεῖχεν,
1602 4331 1884 4398 ἀλόγιστος

295 4426 456 4485 οὖσα·
484 4425 894 4498 γαστριμαργία
931 4441 986 4478 τε
1023 4425 1116 4478 καὶ
1153 4424 1398 4495 πορνεία,
1443 4423 1536 4476 καὶ
1560 4423 1885 4494 ἀρῤενοφθο-

300 4523 397 4595 ρία
440 4523 568 4590 παρ’
601 4521 735 4590 αὐτῇ
772 4517 954 4590 χώραν
986 4518 1086 4570 οὐκ
1115 4513 1226 4587 εἶχε
1250 4533 1263 4545 °
1300 4516 1394 4569 καὶ
1437 4516 1670 4579 συνόλως
1704 4517 1881 4569 πάντα

1987 3337 2164 3391 neque
2193 3321 2358 3377 homo
2387 3330 2530 3389 erat,
2579 3338 2753 3393 neque
2785 3323 3020 3393 gladius,
3054 3337 3156 3379 nec
3197 3321 3346 3378 aliud
3387 3339 3560 3396 genus

1989 3413 2081 3467 teli
2109 3420 2203 3467 aut
2231 3413 2581 3468 instrumenti
2615 3409 2685 3467 ad
2730 3413 3112 3483 occidendum,
3157 3415 3265 3470 nisi
3295 3430 3392 3486 per
3425 3430 3561 3470 con-

1985 3504 2324 3574 iunctionem
2357 3505 2758 3560 contrariorum
2783 3501 3082 3562 aediﬁcatus
3113 3516 3260 3562 esset
3284 3507 3560 3564 mundus?

1987 3597 2213 3654 Materia
2244 3599 2388 3654 enim
2420 3614 2517 3670 per
2544 3614 2603 3655 se
2623 3613 2686 3654 ac
2703 3600 2839 3664 sola,
2873 3614 3183 3670 quanquam
3207 3601 3320 3656 nati
3343 3617 3406 3658 ex
3442 3603 3562 3673 ipsa

1989 3687 2312 3744 seditionem
2351 3689 2410 3744 in
2463 3690 2674 3760 seipsos
2714 3690 3025 3755 movebant,
3052 3689 3407 3746 homicidium
3440 3693 3564 3762 qui-

1987 3782 2108 3837 dem
2143 3781 2460 3853 ignorabat;
2494 3797 2602 3836 non
2629 3781 2774 3836 enim
2807 3781 3040 3836 habebat
3063 3784 3373 3848 mortalem,
3397 3799 3561 3854 quem

1986 3875 2293 3941 occideret;
2344 3873 2670 3929 adulterium
2716 3873 3021 3940 nesciebat,
3056 3875 3185 3945 quia
3230 3877 3564 3945 sponsiones

1986 3966 2304 4036 nuptiarum
2353 3964 2498 4036 apud
2547 3979 2666 4020 eam
2711 3979 2823 4019 non
2857 3968 3260 4022 versabantur:
3293 3983 3394 4023 nec
3443 3978 3562 4024 erat

1986 4057 2283 4121 calumnia,
2316 4056 2542 4110 omnino
2571 4056 2717 4111 enim
2739 4057 2987 4126 judicare
3011 4073 3120 4112 non
3152 4068 3381 4130 poterat,
3414 4068 3562 4118 esset

1986 4162 2110 4201 cum
2155 4147 2386 4203 rationis
2433 4162 2648 4218 expers.
2686 4146 2971 4218 Cupiditas
3007 4157 3188 4205 autem
3221 4151 3556 4218 divitiarum,

1986 4255 2107 4310 qua:
2139 4249 2222 4295 est
2258 4241 2500 4295 omnium
2534 4241 2804 4295 malorum
2839 4241 3017 4304 radix,
3061 4257 3130 4297 ne
3171 4243 3561 4302 nominabatur

1986 4333 2241 4403 quidem;
2277 4332 2550 4402 cupiditas
2597 4332 2742 4399 enim
2775 4332 3089 4386 divitiarum
3121 4333 3265 4403 apud
3311 4335 3560 4393 homines

1984 4435 2068 4484 est
2108 4433 2330 4497 prepter
2377 4441 2535 4481 usum
2569 4433 2624 4481 et
2671 4427 3079 4492 necessitatem,
3114 4443 3221 4497 qua
3270 4437 3389 4484 erat
3423 4430 3561 4486 libe-

1985 4526 2104 4570 rata
2153 4516 2402 4571 materia.
2446 4517 2684 4572 Ambitio
2715 4533 2824 4572 non
2867 4519 3229 4589 participabat
3269 4522 3560 4591 perturba-

297 4615 369 4670 τὰ
410 4612 558 4666 κακὰ
597 4612 632 4666 ἀ
680 4609 830 4682 παρά
862 4609 1166 4684 ἀνθρώποις
1204 4607 1586 4677 ἀναφαίνεται,
1633 4607 1881 4678 οὐδαμῶς

1987 4610 2187 4666 tionem
2221 4611 2476 4676 rationis,
2514 4613 2639 4683 quia
2669 4621 2788 4668 erat
2817 4613 2872 4668 in
2911 4617 3139 4670 materia
3178 4618 3425 4673 vacuitas
3469 4634 3562 4673 ra-

297 4703 449 4777 εἶχεν
475 4706 508 4775 ὴ
537 4703 637 4773 ὕλη
661 4701 767 4773 πρὸ
798 4701 1022 4771 κόσμου.

1986 4704 2152 4759 tionis
2192 4705 2372 4774 :gulae
2402 4721 2466 4759 ac
2515 4707 2720 4763 ventris
2748 4707 2964 4772 vitium,
3018 4718 3072 4763 et
3117 4709 3427 4776 fornicatio,
3489 4728 3556 4768 ac

300 4798 676 4853 masculorum
710 4793 1036 4848 concubitus
1069 4793 1212 4863 apud
1241 4807 1360 4847 eam
1390 4793 1573 4846 locum
1615 4808 1726 4847 non
1765 4793 2079 4849 habebant:
2146 4805 2200 4851 et
2245 4807 2304 4852 ut
2374 4801 2687 4854 summatim
2731 4801 2930 4866 dicam,
2980 4803 3164 4856 omnia
3228 4804 3370 4858 mala
3437 4820 3559 4876 quae

299 4886 448 4958 apud
478 4887 730 4941 homines
760 4883 1030 4946 feruntur,
1078 4890 1204 4937 ante
1238 4883 1500 4936 mundum
1548 4883 1876 4937 aediﬁcatum
1918 4886 2144 4940 minime
2176 4887 2411 4942 habebat
2449 4889 2701 4943 materia.

374 4984 539 5037 ’Ὥστε
575 4984 674 5037 ούκ
718 4980 946 5051 ἐπεδέθη
967 4983 1032 5051 τῇ
1065 4980 1382 5050 συγκράσει,
1410 4979 1546 5032 ἀλλά
1576 4981 1884 5033 τούναντίον

301 5075 446 5132 κατά
467 5077 563 5148 τὴν
592 5075 818 5146 ἀνόητον
849 5073 1016 5144 αὐτὴν
1048 5072 1324 5135 ὑπόθεσιν,
1354 5071 1540 5143 ὥσπερ
1584 5073 1746 5136 ἵππος
1790 5089 1885 5126 πε-

300 5172 414 5224 δίου
453 5170 749 5240 λαδομένη,
779 5167 976 5222 διαθέει
1010 5167 1146 5241 πρὸς
1189 5167 1286 5238 τὴν
1323 5167 1535 5220 ἀδικίαν
1565 5166 1671 5218 τῶν
1700 5165 1884 5219 κακῶν

303 5262 605 5333 φερομένη·
637 5261 672 5315 ἃ.
696 5261 803 5332 γὰρ
829 5259 1088 5332 μηδαμῶς
1111 5259 1324 5331 ὑπῆρχε
1353 5259 1458 5330 πρὸ
1487 5259 1690 5328 κόσμου
1716 5259 1881 5324 κακὰ,

301 5352 499 5415 ταῦτα,
527 5354 618 5422 ἀφ’
644 5346 706 5406 οὗ
735 5352 959 5423 κόσμος,
994 5352 1052 5404 ἐν
1081 5349 1269 5421 κόσμῳ
1296 5349 1724 5421 ἐμπολιτεύεται.
1759 5349 1878 5402 Κᾶν

301 5446 411 5517 γὰρ
437 5444 556 5519 θείη
581 5465 664 5511 τις
700 5445 840 5499 κατὰ
880 5444 970 5498 τὸν
1011 5444 1219 5498 ἐκείνου
1261 5442 1438 5513 λόγον,
1465 5443 1751 5497 στασιάσαι
1785 5444 1878 5497 καὶ

307 5538 546 5613 μανῆναι
571 5538 690 5592 κατ’
710 5537 951 5608 ἀλλήλων
970 5537 1094 5599 τοὺς
1115 5536 1213 5607 τῆς
1235 5535 1385 5604 ῦλης,
1411 5537 1504 5589 καὶ
1530 5536 1698 5607 μυρία
1717 5535 1878 5608 ἀλλή-

303 5631 429 5695 λους
452 5631 714 5685 διαθεῖναι
727 5629 892 5693 κακὰ,
918 5629 1013 5681 καὶ
1042 5627 1183 5681 κατά
1199 5627 1290 5681 τοῦ
1321 5627 1494 5698 φωτὸς
1521 5628 1846 5700 στρατεῦσαι
1862 5645 1877 5663 ο

301 5725 364 5776 οὐ
403 5725 584 5796 μέντοι
624 5724 717 5778 τὸν
762 5723 1059 5790 κατάλογον
1103 5721 1212 5775 τῶν
1255 5721 1748 5793 κατηριθμημένων
1781 5722 1875 5774 ἀν-

305 5815 591 5886 θρωπίνων
637 5817 820 5872 κακῶν
861 5816 1088 5880 ἐκείνοις
1137 5814 1372 5887 ὑπάρξαι
1412 5814 1872 5887 φαντασθήσεται·

2055 4985 2240 5052 Itaque
2275 5000 2383 5039 non
2429 4985 2532 5040 fuit
2579 4987 2740 5057 ligata
2790 4988 3191 5057 commistione,
3229 4995 3323 5050 sed
3372 4995 3556 5066 potius

1983 5084 2177 5130 contra
2229 5077 2621 5131 convenienter
2668 5078 2843 5133 eidem
2898 5096 3078 5136 causa:
3135 5087 3358 5153 amenti,
3411 5088 3554 5144 sicut

1981 5185 2155 5239 equus
2185 5185 2436 5240 campum
2470 5178 2686 5234 nactus,
2727 5187 2893 5228 cursu
2922 5173 3095 5230 fertur
3118 5177 3185 5230 ad
3221 5177 3551 5248 injustitiam

1981 5263 2249 5317 malorum
2287 5262 2569 5318 hominum
2599 5283 2610 5317 :
2639 5280 2759 5335 quae
2809 5266 2954 5320 enim
2987 5277 3147 5323 erant
3194 5279 3321 5327 ante
3362 5273 3553 5328 mundi

1985 5351 2398 5408 fabricationem
2430 5355 2593 5419 mala,
2628 5371 2695 5411 ex
2727 5372 2836 5427 quo
2874 5359 3111 5415 mundus
3134 5369 3237 5425 est,
3268 5363 3322 5416 in
3349 5365 3554 5420 mundo

1983 5455 2294 5500 versantur.
2329 5445 2590 5511 Quamvis
2641 5449 2785 5503 enim
2828 5467 3117 5522 ponamus,
3171 5464 3227 5507 ut
3258 5454 3348 5507 ille
3393 5453 3548 5521 dicit,

1981 5545 2142 5592 natos
2185 5552 2250 5592 ex
2295 5539 2523 5592 materia
2556 5539 2751 5597 fecisse
2798 5543 3142 5609 seditionem,
3182 5552 3235 5597 et
3267 5543 3452 5600 furore
3493 5547 3549 5602 in

1981 5625 2193 5694 seipsos
2223 5625 2392 5682 fuisse
2421 5629 2677 5696 percitos,
2733 5639 2786 5686 et
2837 5632 3064 5687 infinitis
3093 5634 3253 5688 malis
3286 5651 3344 5690 se
3384 5635 3547 5694 vicis-

1981 5718 2086 5774 sim
2114 5717 2385 5787 aﬂ‘ecisse,
2407 5728 2462 5775 et
2491 5730 2682 5776 contra
2713 5723 2900 5778 lumen
2927 5726 3225 5780 exercitum
3251 5728 3545 5793 eduxisse;

1980 5827 2090 5869 non
2138 5821 2319 5871 tamen
2351 5814 2544 5873 bibens
2584 5831 2648 5873 ea
2684 5816 2823 5872 mala
2856 5833 2977 5890 quae
3011 5819 3066 5875 in
3115 5819 3336 5879 homine
3369 5837 3551 5880 ntune-
3645 5806 3648 5810 ’
