4064 6290
557 362 695 422 “0'5

1686 363 1825 419 TITI
1860 363 2288 421 BOSTRENSIS
2326 364 2636 423 EPISCOPI

3663 360 3812 411 1108

556 482 822 544 ravimos,
847 494 969 536 cum
997 479 1106 534 illis
1139 479 1310 537 fuisse
1331 481 1662 552 cogitatione
1696 482 1962 553 fingetur;
1993 483 2112 551 quia

2222 481 2407 554 ἐπειδή
2440 500 2510 552 ,γε
2547 481 2666 535 οὐδὲ
2703 479 2973 550 ἐνεδέχετο
3017 478 3088 531 τά
3122 473 3432 547 ἀνθρώπινα
3470 472 3619 526 κακὰ
3674 474 3812 541 πρὶν

557 589 667 629 non
706 579 954 644 poterant
1000 570 1237 627 humana
1267 574 1407 627 mala
1455 575 1541 643 agi
1587 575 1905 644 priusquam
1954 576 2117 630 homo

555 672 698 720 esset
732 682 744 717 :
769 672 822 718 et
854 662 945 716 ubi
975 678 1099 718 esse
1130 672 1310 734 potest
1339 666 1432 735 qui
1462 666 1631 731 dieat,
1667 664 1812 735 quod
1835 666 1998 737 ligata
2021 682 2118 720 ne-

554 754 724 821 quitia
757 753 964 806 frenata
992 763 1095 819 est,
1120 769 1238 823 quas
1265 771 1441 825 neque
1465 757 1731 809 malorum
1756 756 2115 811 humanorum

556 845 906 910 meminerat;
955 851 1247 914 postquam
1286 860 1415 901 vero
1446 846 1612 918 ligata
1654 854 1759 913 est,
1797 848 1864 902 de
1901 848 1988 902 his
2033 864 2119 903 ac-

552 953 571 986 (
588 946 770 988 usatur

620 1028 762 1095 Quid
800 1037 981 1085 autem
1020 1032 1254 1088 nocebat
1296 1032 1440 1088 bono
1484 1032 1599 1087 sola
1646 1047 1830 1088 secum
1869 1030 2114 1086 ordinem

551 1121 878 1188 perturbans
899 1162 913 1186 ,
940 1134 994 1179 et
1020 1139 1129 1178 non
1161 1125 1369 1180 habens
1405 1126 1492 1180 cui
1529 1125 1993 1195 perturbationem
2026 1139 2117 1178 or-

548 1210 695 1265 dinis
745 1211 1013 1267 inferret?
1043 1220 1289 1269 evertere
1331 1216 1477 1285 enim
1519 1215 1719 1269 bonum
1765 1214 1913 1266 nullo
1958 1224 2115 1284 pacto

548 1311 780 1374 poterat.
849 1303 906 1358 Si
965 1316 1143 1361 autem
1205 1307 1481 1361 nitebatur
1554 1305 1810 1360 invadere
1879 1305 1935 1360 in
1996 1308 2114 1360 loca

548 1397 764 1459 aliena,
812 1397 970 1452 aliter
1012 1398 1277 1468 impetum
1323 1399 1443 1467 ejus
1494 1407 1763 1451 amentem
1818 1399 2116 1468 reprimere

547 1487 831 1556 oportebat
864 1506 879 1542 :
909 1503 1030 1558 quae
1068 1490 1211 1543 enim
1249 1488 1401 1559 prius
1430 1504 1540 1542 non
1577 1491 1837 1556 nocebat,
1867 1492 2113 1546 ordinem

547 1587 740 1633 contra
788 1595 848 1634 se
885 1582 1234 1650 perturbans,
1272 1597 1421 1636 nunc
1466 1580 1685 1650 quidem
1722 1581 1936 1636 videtur
1968 1584 2113 1638 aliud

547 1669 679 1739 quid
722 1671 1109 1740 assumpsisse,
1157 1672 1211 1724 itt
1261 1674 1409 1741 quod
1453 1679 1711 1742 tanquam
1744 1672 1796 1726 in
1850 1673 2115 1730 familiare

547 1770 603 1814 et
630 1761 982 1829 conjunctum
1012 1763 1474 1832 perturbationem
1504 1764 1714 1819 ordinis
1747 1765 2112 1819 nocentiorem

2223 575 2504 647 ἄνθρωπον
2524 571 2775 642 γενέσθαι
2792 568 3127 642 πράττεσθαι
3147 584 3160 596 ·
3180 568 3270 620 καὶ
3294 566 3396 620 ποῦ
3428 566 3492 618 ἂν
3519 568 3549 618 ό
3573 567 3812 634 φάσκων

2223 668 2331 739 εἴη,
2357 668 2432 731 ὡς
2460 664 2831 746 ἐσωφρονίσθη
2870 661 3160 732 πεδηθεῖσα
3183 661 3218 731 ή
3249 660 3437 723 κακία,
3467 660 3501 730 ἠ
3520 659 3669 746 πρὶν
3703 659 3813 728 μὲν

2224 760 2517 832 πεδηθῆναι
2556 742 2664 813 τῶν
2695 757 2836 812 κατά
2871 753 3417 833 ἀνθρῲπουςᾲκακῶν
3445 742 3563 805 οὐδὲ
3592 769 3811 823 μεμνηο

2226 831 2384 926 μένη,
2440 854 2577 925 μετά
2615 854 2672 906 δὲ
2708 851 2771 904 τὸ
2810 831 3105 921 πεδηθῆναι
3146 831 3238 900 ἐπλ
3274 846 3482 910 τούτοις
3521 845 3811 899 διαϐαλλο-

2269 945 2361 1009 ένη
2383 963 2398 1009 ς

2329 964 2359 996 τ’
2383 963 2398 1009 ἶ

2226 963 2361 1086 με’ἷί
2387 1034 2495 1104 γὰρ
2526 1031 2755 1084 ἔϐλαπτε
2784 1030 3041 1100 τάγαθὸν,
3076 1028 3198 1083 καθ’
3234 1027 3431 1097 ἑαυτὴν
3460 1025 3804 1092 ἀτακτοῧσα,

2222 1126 2317 1179 καὶ
2380 1125 2455 1195 μὴ
2503 1125 2697 1195 ἔχουσα
2738 1118 2783 1191 ᾧ
2820 1123 2916 1195 τὴν
2949 1122 3173 1187 ἀταξίαν
3214 1120 3644 1191 προστρίψηταις
3673 1118 3809 1190 τρέ-

2218 1218 2317 1288 ψαι
2349 1214 2447 1288 μὲν
2484 1217 2592 1288 γὰρ
2615 1215 2850 1284 τάγαθὸν
2886 1214 3135 1285 οὐδαμῶς
3166 1214 3253 1266 οἵα
3284 1230 3343 1265 τε
3367 1208 3434 1283 ἦν
3458 1227 3470 1240 ·
3511 1214 3559 1263 εί
3591 1211 3648 1264 δὲ
3673 1213 3805 1264 ἐπιρ-

2220 1312 2421 1364 ϐαίνειν
2451 1310 2724 1381 ἐπεχείρει
2750 1311 2860 1372 τοῖς
2895 1308 2968 1379 μὴ
2999 1308 3145 1370 ἰδίοις
3170 1306 3373 1368 τόποις,
3408 1304 3604 1376 ἑτέρως
3626 1305 3804 1375 αὐτὴν

2220 1403 2387 1475 ἐχρῆν
2433 1402 2741 1455 ἀναστεῖλαι
2783 1401 2880 1471 τῆς
2933 1399 3127 1466 ἀλόγου
3168 1399 3380 1469 φορᾶς’
3432 1398 3465 1467 ἡ
3518 1397 3625 1469 γὰρ
3671 1397 3803 1450 καθ’

2219 1495 2417 1566 ἐαυτῆς
2442 1495 2703 1566 πρότερον
2737 1491 2949 1562 ἀϐλαϐῆ
2994 1490 3089 1562 τὴν
3130 1489 3352 1553 ἀταξίαν
3386 1488 3801 1559 ἐνδεικνυμένη,

2219 1588 2312 1642 νῦν
2356 1606 2420 1658 γε
2466 1587 2613 1640 δοκεῖ
2661 1584 3080 1657 προσειληφέναι
3114 1599 3168 1634 τι
3199 1581 3407 1652 ἓτερον,
3457 1581 3581 1634 καθ’
3617 1576 3677 1635 οὗ
3721 1581 3803 1644 ὡς

2221 1681 2464 1743 συνόντος
2500 1679 2595 1750 τὴν
2639 1677 2863 1741 ἀταξίαν
2906 1675 3315 1747 βλαϐερωτέραν
3361 1672 3652 1740 ἐνδείξεται
3698 1672 3802 1726 αὗ-

2217 1772 2375 1826 τίκαο
2408 1774 2501 1825 καὶ
2534 1771 2806 1842 ἄνθρωποι
2846 1769 2966 1822 καθ⁹
2995 1767 3221 1830 ἑαυτοὺς
3264 1767 3563 1837 κακοῦργοι
3594 1764 3798 1835 βουλή-

548 1851 762 1908 eiliciet.
807 1852 1080 1909 Continuo
1127 1854 1408 1922 dicemus,
1458 1854 1604 1925 quod
1652 1857 1817 1910 etiam
1869 1856 2112 1911 homines

2220 1880 2400 1916 σονται
2442 1862 2538 1932 μέν
2581 1879 2634 1913 τι
2670 1861 2838 1913 κακὸν
2883 1859 3036 1930 δρᾷν,
3085 1859 3159 1930 μὴ
3210 1857 3423 1928 ἔχοντες
3470 1857 3528 1910 δὲ
3562 1856 3683 1909 καθ’
3733 1849 3799 1908 οὗ

550 1958 647 2012 per
681 1943 892 2013 seipsos
949 1945 1201 2011 malefici,
1258 1946 1439 1999 volent
1488 1945 1703 2014 quidem
1739 1947 1942 2016 aliquid
1985 1947 2113 2000 muli

550 2034 784 2102 facere;
835 2049 944 2089 non
999 2035 1261 2091 habentes
1311 2046 1490 2092 autem
1549 2039 1603 2090 in
1663 2053 1822 2107 quem
1879 2038 2113 2102 faciant,

548 2127 711 2183 otiosi
764 2128 1154 2198 reperiantur;
1215 2144 1276 2185 se
1332 2144 1463 2184 vero
1521 2129 1622 2200 ipsi
1667 2130 1927 2185 benevole
1968 2130 2116 2200 aspi-

548 2220 696 2273 ciant
750 2220 821 2274 ob
872 2220 1223 2275 concordiam
1286 2219 1355 2275 ad
1411 2220 1737 2275 maleficium
1809 2241 1821 2276 :
1886 2223 2114 2299 materia

548 2320 725 2368 autem
761 2328 938 2382 neque
966 2313 1202 2378 volebat,
1224 2329 1332 2369 non
1361 2314 1504 2369 enim
1541 2314 1830 2368 consilium
1865 2315 2113 2385 capiebat

549 2394 863 2459 cum’esset
904 2419 1101 2474 expers
1145 2405 1424 2472 rationis;
1477 2420 1653 2475 neque
1701 2414 1932 2476 poterat,
1981 2422 2108 2460 cuin

547 2505 694 2553 esset
735 2501 849 2552 sola
885 2504 931 2552 el
969 2512 1065 2567 per
1105 2511 1184 2552 se.
1221 2496 1387 2568 Igitur
1424 2515 1544 2567 qua:
1577 2513 1606 2551 a
1639 2498 1933 2553 Manicliaao
1959 2513 2116 2552 voca-

549 2603 639 2647 tur
681 2592 929 2657 materia,
982 2591 1197 2647 videtur
1252 2593 1553 2662 sumpsisse
1601 2591 1715 2648 fere
1760 2608 1790 2646 a
1839 2594 1981 2647 bono
2019 2609 2116 2664 per

550 2685 787 2739 animant
835 2684 1102 2739 veriorem
1154 2684 1437 2739 materiam
1487 2685 1553 2739 ad
1601 2685 1972 2756 operationem
2024 2701 2117 2740 ne-

547 2778 754 2848 quitiae,
802 2792 965 2846 quam
1012 2776 1336 2845 nesciebat;
1384 2777 1747 2831 accusabatur
1794 2777 1936 2831 enim
1985 2786 2112 2832 ante

550 2868 737 2924 mundi
799 2869 1063 2924 fabricam
1113 2868 1180 2925 de
1236 2870 1645 2939 perturbatione
1694 2870 1904 2927 ordinis
1954 2874 2112 2927 nobis

2215 1956 2488 2026 δράσαιεν,
2544 1954 2705 2025 ἀργοὶ
2749 1952 2814 2005 ἂν
2858 1950 3259 2022 ἀποδειχθεῖενο
3321 1948 3581 2021 ἀλλήλους
3631 1949 3677 2001 δ’
3728 1949 3799 2002 ἂν

2216 2048 2374 2100 ἴδοιεν
2415 2045 2670 2110 εὐνοϊκῶς
2719 2046 3007 2116 συμφωνίᾳ
3036 2046 3103 2115 τῇ
3145 2044 3270 2116 περὶ
3300 2043 3361 2096 τὸ
3407 2043 3595 2096 κακόν.
3641 2041 3705 2094 Ἦ
3739 2040 3801 2094 δέ

2214 2140 2314 2210 ὕλη
2362 2139 2484 2193 οὔτε
2538 2138 2833 2209 ἠϐούλετο·
2883 2137 3003 2190 οὐδέ
3061 2135 3168 2208 γάρ
3230 2134 3540 2189 ἐϐουλεύετο
3599 2133 3800 2201 ἄλογος

2177 2252 2185 2259 '
2212 2226 2367 2297 οὖσα,
2396 2229 2520 2283 οὔτε
2549 2228 2790 2294 ἐδύνατο,
2832 2227 2966 2299 μόνη
3001 2228 3097 2281 καὶ
3119 2226 3241 2281 καθ’
3269 2226 3464 2298 ἐαυτὴν
3485 2222 3641 2279 οὖσα.
3669 2227 3781 2296 Ἀρ

2213 2318 2303 2376 οὗν
2337 2325 2369 2393 ἡ
2403 2320 2711 2392 καλουμένη
2761 2319 2912 2390 παρά
2949 2317 3042 2371 τοῦ
3092 2318 3366 2380 Μάνεντος
3416 2316 3513 2387 ὖλη
3555 2315 3645 2369 διά
3692 2314 3799 2380 τῆς

2211 2414 2390 2485 ψυχῆς
2437 2413 2568 2485 ὕλην
2611 2410 2979 2483 ἀληθεστέραν
3028 2409 3164 2481 πρὸς
3204 2408 3299 2462 τοῦ
3348 2407 3553 2477 ἀγαθοῦ
3612 2406 3797 2461 κινδυ·

2213 2506 2387 2559 νεύειν
2422 2504 2841 2576 προσειληφέναι
2868 2504 3015 2556 δοκεί
3048 2503 3130 2565 εἰς
3155 2501 3433 2573 ἐνέργειαν
3467 2500 3688 2563 κακίας,
3726 2500 3796 2570 ἦν

2215 2600 2426 2669 ἠγνόει·
2457 2597 2760 2650 ἐνεκαλεῖτο
2791 2595 2901 2668 γὰρ
2932 2593 3037 2666 πρὸ
3071 2594 3276 2664 κόσμου
3319 2591 3566 2658 ἀταξίαν,
3599 2592 3795 2662 ἄδηλον

2216 2693 2346 2763 ἡμῖν
2372 2691 2464 2744 καὶ
2489 2690 2563 2761 μὴ
2587 2682 2937 2760 φαινομένην’.
2967 2686 3177 2758 Ἐμαθε
3199 2686 3253 2740 δέ
3280 2687 3521 2759 ἐνεργεῖν
3541 2685 3678 2756 δῆλα
3698 2685 3797 2738 καὶ

2218 2780 2515 2851 φαινόμενα
2547 2778 2693 2832 κακά
2712 2795 2725 2808 ·
2753 2777 3044 2847 διύπνησεν
3072 2778 3180 2849 ἄρα
3209 2776 3271 2829 τὸ
3306 2776 3488 2848 θηρίον
3518 2777 3551 2847 ἡ
3586 2776 3794 2847 ἐπιῷὴ,

2218 2873 2311 2925 καὶ
2339 2870 2584 2941 οὐδαμῶς
2611 2870 2729 2924 κατ’
2754 2871 2958 2923 ἐκεῖνον
2984 2869 3274 2939 ἐκοίμησεν

550 2962 754 3032 ignota,
805 2968 859 3015 et
899 2960 1122 3014 minime
1159 2969 1473 3030 apparente.
1514 2958 1714 3014 Didicit
1780 2969 1958 3014 autem
2010 2960 2224 3030 operari
2296 2958 2580 3014 manifesta
2651 2958 2824 3026 mala,
2868 2965 2924 3013 et
2990 2972 3111 3028 qua:
3142 2964 3445 3038 cernuntur
3481 2974 3495 3010 :
3532 2953 3796 3009 excitarit

547 3072 678 3124 ergo
718 3055 948 3110 belluam
980 3054 1182 3118 cantio,
1208 3061 1262 3109 et
1284 3071 1623 3126 nequaquam
1662 3056 1882 3126 sopivit,
1919 3063 1978 3110 ut
2005 3057 2113 3126 ;ille
2149 3056 2299 3111 dicit.
3482 3128 3505 3143 §

623 3147 679 3202 Si
706 3156 887 3203 autem
919 3147 1053 3201 dicit
1082 3147 1324 3202 noluisse
1366 3145 1534 3202 Deum
1575 3156 1635 3203 ut
1666 3147 1819 3204 ﬁeret
1849 3149 2107 3213 mundus,

2283 3149 2345 3201 Εί
2372 3147 2429 3201 δὲ
2457 3146 2624 3215 λέγοι,
2656 3146 2770 3199 Οὐκ
2803 3143 2991 3216 ἢθελεν
3030 3146 3059 3199 ό
3098 3143 3229 3207 Θεὸς
3266 3141 3519 3213 γενέσθαι
3563 3141 3790 3213 κόσμον,

551 3239 1022 3311 percunctandum
1072 3247 1190 3307 est,
1244 3240 1367 3310 quis
1420 3248 1560 3308 erat,
1612 3242 1706 3312 qui
1764 3242 1976 3297 voluit?
2038 3259 2107 3297 an

551 3331 787 3394 malitia,
819 3330 940 3400 quas
983 3345 1092 3384 non
1130 3330 1364 3386 habebat
1406 3331 1807 3402 cognitionem?
1850 3332 1987 3399 Quis
2026 3343 2110 3388 est

552 3423 647 3494 qui
676 3439 744 3479 ex
773 3423 1022 3494 utrisque
1059 3424 1187 3478 fecit
1215 3440 1335 3495 quae
1368 3425 1534 3481 sunt?
1572 3427 1817 3496 nunquid
1853 3427 2113 3503 materia?

548 3534 657 3573 non
700 3526 846 3573 esset
886 3517 941 3571 in
979 3516 1338 3571 admiratione
1375 3517 1494 3586 ejus
1528 3518 1793 3586 operatio.
1833 3514 1937 3570 Sed
1972 3533 2112 3570 nun-

548 3611 681 3682 quid
723 3626 831 3665 non
878 3610 1050 3664 voluit
1095 3608 1259 3674 Deus,
1295 3617 1517 3665 coactus
1561 3619 1739 3663 tamen
1786 3608 1906 3664 est?
1947 3607 2004 3662 Si
2036 3609 2112 3663 ita

546 3709 717 3767 esset,
768 3701 941 3772 magis
987 3700 1267 3774 subjectus
1313 3699 1508 3755 fuisset
1548 3696 1712 3769 quam
1762 3699 2107 3767 subjecisset,

548 3802 712 3866 atque
758 3807 1221 3863 supervacaneum
1251 3800 1397 3848 esset
1424 3792 1576 3846 illum
1617 3790 1872 3846 admirari
1905 3792 2117 3860 sapien-

551 3888 677 3939 tiam
735 3884 829 3940 Dei
888 3884 940 3939 vi
997 3893 1261 3945 coactam,
1315 3891 1369 3938 et
1422 3883 1678 3937 damnum
1736 3897 1963 3946 eorum,
2018 3882 2114 3953 qui

550 3978 718 4031 futuri
770 3985 971 4044 erant;
1022 3993 1142 4047 qua:
1184 3976 1328 4031 enim
1370 3976 1521 4031 nullo
1561 3975 1723 4030 modo
1772 3975 1913 4029 mala
1958 3982 2116 4029 erant

547 4076 676 4122 ante
724 4066 1171 4135 conjunctionem
1228 4065 1662 4131 contrariorum,
1699 4080 1875 4134 neque
1920 4065 2112 4119 saltem

548 4162 996 4224 nominabantur,
1031 4159 1145 4213 haec
1170 4170 1293 4229 post
1333 4166 1512 4212 ortum
1553 4157 1741 4212 mundi
1787 4157 2110 4212 ﬂoruerunt.

2211 3241 2531 3312 ἐρωτητέον,
2568 3238 2675 3291 Καὶ
2704 3238 2788 3301 τίς
2834 3233 2903 3309 ἦν
2944 3241 2973 3291 ό
3005 3236 3358 3308 βουλόμενος;
3394 3231 3504 3306 ἆρα
3532 3237 3567 3305 ἡ
3601 3236 3790 3298 κακία,

2212 3335 2246 3405 ἡ
2284 3332 2357 3404 μὴ
2382 3333 2650 3401 ἐγνωκυῖα
2674 3346 2689 3395 ;
2726 3330 2820 3391 Τίς
2846 3329 2903 3382 δέ
2925 3331 3072 3382 ἐστιν
3097 3331 3125 3381 ό
3154 3329 3571 3391 κατασκευάσας
3602 3328 3665 3392 ἐξ
3694 3329 3792 3398 ἀμρ

2220 3427 2338 3496 φοῖν
2374 3426 2443 3478 τὰ
2483 3425 2641 3487 ὄντας
2688 3422 2721 3493 ἦ
2763 3421 2860 3491 ὕλη
2890 3438 2905 3486 ;
2932 3421 3030 3475 οὐκ
3076 3416 3168 3474 οὖν
3203 3420 3477 3490 θαυμασία
3513 3420 3615 3491 τὴν
3644 3419 3794 3489 ἐνὲρι

2218 3534 2371 3587 γειαν
2398 3514 2528 3587 (Η).
2570 3514 2703 3567 Ἀλλ’
2746 3512 2855 3585 ἀρα
2890 3513 3022 3576 Θεὸς
3048 3514 3146 3566 οὐκ
3185 3511 3342 3582 ῆθελε
3391 3511 3511 3583 μὲν,
3548 3512 3793 3582 ἠναγκά-

2216 3608 2338 3675 ζετο
2381 3608 2470 3670 δές
2502 3606 2602 3659 οὐκ
2625 3601 2717 3658 οὖν
2758 3605 3002 3675 ὑπετάγη
3052 3603 3250 3674 μᾶλλον
3293 3603 3326 3675 ἦ
3365 3602 3635 3669 ὑπέταξε;
3685 3603 3795 3658 Καὶ

2216 3699 2465 3772 περιττὸν
2514 3698 2733 3750 κάκεῖνο
2779 3694 3097 3766 Θαυμάξειν,
3153 3693 3394 3763 τάγαθοῦ
3443 3694 3541 3764 τὴν
3597 3694 3791 3763 σοφίαν

2217 3792 2529 3863 βιασθεῖσαν
2560 3792 2640 3854 εἰς
2669 3789 2769 3860 τὴν
2801 3787 3003 3859 βλάϐην
3030 3788 3138 3841 τῶν
3177 3774 3556 3859 γενησομένων
3573 3803 3589 3817 °
3617 3786 3655 3840 ἃ
3682 3785 3790 3858 γὰρ

2215 3883 2462 3955 οὐδαμῶς
2485 3879 2552 3955 ἦν
2578 3881 2725 3936 κακὰ
2753 3882 2881 3953 πρὶν
2921 3881 3189 3935 συνελθεῖν
3221 3880 3500 3943 τάναντία,
3529 3877 3653 3932 οὔτε
3681 3878 3789 3949 μὴν

2215 3976 2382 4045 ὄνομα
2413 3975 2540 4045 γοῦν
2580 3975 2758 4030 αὐτῶν
2796 3973 3157 4038 ἐπολιτεύετο,
3191 3972 3364 4026 ταῦτα
3399 3970 3538 4043 μετά
3580 3970 3787 4040 κόσμου

2216 4067 2428 4121 γένεσιν
2468 4066 2727 4139 ηνθησαν.

653 4278 782 4333 CAP.
822 4274 1012 4330 XXVI.
1058 4275 1195 4329 Deus
1223 4284 1405 4329 auctor
1428 4275 1624 4343 peccati
1648 4276 1934 4329 secundum
1963 4273 2197 4328 Manem.
2238 4274 2537 4330 Mistionem
2574 4276 2766 4329 animae
2799 4290 2919 4328 cum
2949 4274 3175 4328 materia
3202 4271 3387 4327 Manes
3420 4272 3678 4327 admittit.

617 4393 698 4447 An
749 4407 858 4446 non
912 4398 995 4445 est
1049 4388 1349 4442 absurdum
1397 4387 1597 4451 dicere,
1651 4383 1892 4444 voluisse
1940 4387 2109 4441 Deum

2287 4390 2395 4442 Καὶ
2452 4389 2569 4452 πῶς
2618 4389 2718 4442 οὐκ
2758 4389 2956 4443 ἄτοπον
3014 4387 3262 4455 φάσκειν,
3320 4386 3641 4457 βουλόμενον
3693 4385 3781 4439 τὸν

540 4480 1011 4554 perturbationem
1070 4476 1318 4537 ordinis,
1371 4491 1494 4546 qua:
1535 4476 1697 4532 nobis
1743 4478 2108 4532 demonstrari

546 4590 658 4630 non
688 4579 888 4644 potest,
919 4586 949 4624 a
976 4570 1201 4624 materia
1237 4568 1450 4629 tollere,
1480 4577 1535 4623 et
1574 4568 1806 4623 actionis
1844 4570 2109 4624 malorum

547 4678 670 4736 quae
716 4664 963 4719 videmus
1019 4668 1074 4718 et
1130 4662 1185 4715 in
1238 4660 1552 4715 hominibus
1610 4668 1905 4730 apparent,
1962 4661 2109 4716 omni

547 4758 742 4813 ordine
784 4762 839 4810 et
876 4753 1089 4808 ratione
1125 4751 1367 4807 carentis
1417 4758 1695 4806 auctorem
1739 4749 1950 4806 fuisse?
1990 4751 2114 4808 Per-

549 4850 914 4904 turbationem
975 4859 1210 4915 namque
1274 4844 1484 4899 ordinis
1545 4842 1611 4899 de
1660 4858 1768 4913 qua
1825 4844 2109 4899 materiam

550 4940 874 5003 damnabat,
922 4937 1088 4994 verbo
1133 4937 1310 4993 solum
1349 4935 1593 5006 proferre
1638 4935 1832 5005 potuit,
1876 4951 1983 4989 non
2032 4944 2113 4989 ta-

547 5051 673 5089 men
725 5032 887 5088 rebus
934 5030 1069 5100 ipsis
1119 5039 1174 5085 et
1213 5029 1471 5098 operibus
1506 5027 1883 5083 demonstrare
1921 5047 1933 5082 :
1972 5028 2111 5082 mala

548 5131 753 5186 autem,
788 5136 857 5175 ex
901 5120 1153 5175 mistione
1198 5119 1303 5174 ista
1332 5119 1732 5173 contrariorum
1774 5119 2028 5182 conficta,
2057 5127 2113 5173 et

546 5230 669 5284 qua:
732 5213 849 5268 fieri
916 5226 1027 5265 non
1087 5212 1296 5281 potuit,
1350 5212 1525 5266 oculis
1596 5225 1827 5266 cernens
1880 5212 2109 5266 insanus

549 5305 744 5371 homo,
805 5302 1154 5358 dissimulare
1192 5316 1258 5356 ea
1317 5317 1428 5356 non
1484 5310 1682 5373 potest.
1739 5302 1920 5368 Quare
1977 5302 2108 5357 dttm

547 5397 747 5452 docere
790 5395 937 5459 vult,
976 5410 1085 5449 non
1131 5408 1253 5449 esse
1291 5392 1461 5450 Deum
1504 5402 1785 5450 auctorem
1829 5396 2109 5466 injustitiae

2212 4482 2345 4535 Θεὸν
2390 4481 2615 4548 ἀταξίαν
2661 4481 2758 4552 τὴν
2799 4482 2929 4551 ἡμῖν
2975 4497 3040 4548 γε
3086 4480 3468 4534 ἀναπόδεικτον
3507 4478 3611 4549 τῆς
3654 4478 3781 4549 ὕλης

2216 4573 2443 4635 παῦσαι,
2478 4571 2700 4636 ἀταξίας
2742 4572 3215 4642 ἀποδεικνυμένων
3243 4570 3427 4626 κακῶν
3469 4572 3564 4625 καὶ
3598 4587 3780 4641 φαινο-

2219 4665 2393 4735 μένων
2422 4662 2729 4736 ἀνθρὼποις
2762 4665 3046 4735 παραίτιον
3087 4663 3372 4732 γενέσθαι;
3401 4663 3513 4734 Τὴν
3544 4663 3644 4734 μὲν
3676 4661 3781 4732 γάρ

2217 4756 2473 4823 ἀταξίαν,
2524 4759 2589 4826 ἦν
2639 4755 3037 4827 κατεψηφίζετο
3089 4758 3191 4826 τῆς
3241 4756 3372 4827 ὕλης
3425 4756 3567 4827 λόγῳ
3625 4756 3781 4828 μόνον

2218 4849 2505 4920 παράγειν,
2537 4850 2597 4902 οὐ
2649 4849 2752 4920 μὴν
2780 4851 2871 4902 καὶ
2912 4849 3080 4914 δεῖξαι
3124 4852 3235 4913 τοῖς
3264 4848 3446 4921 ἔργοις
3468 4848 3776 4919 δεδύνηταιο

2217 4939 2285 4993 τά
2311 4939 2366 4993 δὲ
2407 4940 2554 4992 κακά
2585 4938 2655 4992 τὰ
2692 4939 2797 4991 ἀπὸ
2824 4940 2919 5009 τῆς
2956 4937 3231 5010 μυθώδους
3259 4939 3354 4991 καὶ
3389 4937 3462 5009 μὴ
3499 4935 3779 5006 ἐνδεχομέ-

2217 5050 2313 5103 νης
2338 5032 2445 5086 τῶν
2474 5032 2728 5086 ἐναντίων
2759 5032 3027 5102 κράσεως,
3058 5030 3352 5102 ὀφθαλμοῖς
3377 5030 3518 5101 ὁρῶν
3554 5031 3584 5082 ὀ
3625 5016 3779 5098 ἀνόη-

2212 5141 2326 5191 τος,
2365 5127 2425 5178 οὐ
2452 5124 2798 5178 καταδύεται.
2823 5124 2983 5175 Ὥστε
3020 5122 3338 5193 βουλόμενος
3360 5123 3450 5176 τὸν
3475 5120 3608 5175 Θεὸν
3633 5119 3781 5172 ἀναίσ-

2212 5233 2325 5269 τιον
2357 5217 2454 5286 τῆς
2491 5215 2630 5269 κατὰ
2661 5214 2979 5286 ἀνθρώπους
3030 5213 3240 5278 ἀδικίας
3267 5214 3563 5284 ἀποφῆναι,
3596 5209 3779 5266 αἰτιῶ·

2213 5323 2373 5362 τατον
2405 5307 2583 5360 αὐτῶν
2621 5307 2877 5378 ἄντικρυς
2925 5306 3179 5378 ὁμολογεῖ
3225 5307 3387 5361 πλέον
3417 5306 3453 5377 ἢ
3481 5304 3642 5359 τοῦτο
3685 5303 3776 5356 καὶ

2216 5400 2377 5471 μόνον
2408 5399 2757 5465 ἐσπούδαζεν.

547 5489 819 5558 humanae,
846 5489 1079 5547 maxime
1109 5504 1233 5546 esse
1253 5488 1413 5563 plane
1436 5488 1748 5557 confitetur,
1779 5490 1889 5545 imo
1932 5491 2150 5562 plenius
2188 5508 2351 5564 quam
2379 5495 2425 5550 si
2449 5493 2550 5550 hoc
2577 5495 2754 5550 solum
2781 5493 3050 5551 studeret.

1030 5701 1203 5768 θαυμ.
1240 5693 1378 5763 Quia
1438 5694 1507 5751 ab
1549 5692 1733 5765 aliquo
1785 5692 1929 5765 quod
1983 5693 2105 5752 sine
2144 5699 2456 5771 cognitione
2479 5707 2531 5758 et
2561 5702 2772 5759 ratione
2810 5700 2890 5767 fit,
2921 5715 3031 5758 non
3071 5707 3156 5760 est
3190 5698 3512 5758 admirabile
3564 5698 3627 5757 in
3686 5708 3783 5789 eo!

528 5778 580 5823 ,α
595 5765 718 5833 quo
742 5765 1025 5839 limitum.
