4064 6290
251 361 420 419 1105

1338 366 1706 424 ADVERSUS
1744 366 2169 425 MANICHJEOS
2205 367 2330 422 LIB.
2372 369 2412 424 1.

3386 371 3522 457 Ηίὶξῖ

327 478 481 550 Φέρε
504 478 570 552 δὴ
593 477 662 533 τὰ
687 480 1034 553 πραττόμενα
1069 480 1215 534 κακά
1233 480 1369 553 πρὸς
1392 480 1693 551 ἀνθρώπων
1722 500 1848 539 κατ-

2029 488 2140 556 Age
2172 484 2309 554 jam,
2364 482 2777 555 consideremus
2828 484 2971 539 mala
3017 498 3140 557 quae
3182 484 3253 541 ab
3292 484 3525 539 homini-

253 569 497 643 ίδωμεν,
539 572 646 625 τίνι
684 573 930 644 προσῆκε
979 571 1316 644 φιλαλήθως’
1367 575 1707 646 ἐπιχειρήσει
1755 576 1853 648 μὲν

248 661 381 736 γὰρ
432 662 561 726 ἴσως
599 664 692 717 καὶ
738 664 838 735 τῆς
878 664 1055 737 ψυχῆς
1093 667 1288 737 κρᾶσιν
1315 666 1709 738 εἰσηγήσασθαι
1746 668 1853 720 τῶν

246 754 341 819 ὡς
373 754 674 827 ὑπείληφεν
702 757 985 812 ἐναντίων·
1005 760 1115 815 εἴτε
1137 760 1191 813 δὲ
1220 759 1357 830 αὑτὴ
1385 757 1659 830 μονοειδὴς
1687 759 1855 831 ὑπάρ-

247 863 348 916 χει
389 849 457 901 ἐκ
497 846 737 915 τάγαθοῦ
786 851 916 921 παρ’
948 852 1117 924 αὐτῷ,
1148 852 1258 906 εἴτε
1295 852 1390 905 καὶ
1441 852 1504 904 ἐκ
1553 850 1852 914 συνθέσεως

246 938 380 992 τῶν
431 942 686 995 ἐναντίων
720 944 784 996 ἐκ
830 945 931 1015 τῆς
978 944 1192 1017 μερίδος
1232 943 1538 997 τούναντίου
1584 943 1677 997 τοῦ
1718 944 1853 1012 ἀγα-

250 1026 391 1094 θοῦ,
432 1019 628 1103 ῥᾳδίως
653 1033 1124 1106 ἀποδειχθήσεται,
1152 1034 1292 1089 κατά
1317 1034 1417 1106 τὴν
1450 1034 1621 1104 ἀσεδῆ
1647 1033 1852 1105 ταύτην

249 1121 547 1188 ὑπόθεσιν,
584 1124 652 1178 τά
677 1125 820 1180 κακά
861 1127 1136 1198 γινόμενα.
1173 1128 1325 1181 Ἔστι
1372 1127 1472 1198 μὲν
1503 1122 1596 1180 οὖν
1629 1126 1853 1197 ἀσώμα-

250 1227 360 1276 τος
393 1214 430 1284 ἠ
471 1214 635 1287 ψυχὴ,
668 1217 761 1270 καὶ
791 1218 1052 1288 μηδαμῶς
1080 1219 1327 1273 σύνθεσιν
1361 1220 1480 1273 κατ’
1519 1218 1725 1280 οὐσίαν,
1761 1218 1852 1270 καὶ

255 1304 516 1376 μάλιστα
547 1309 803 1364 ἐναντίων
827 1310 1232 1385 ἀποδεχομένη·
1267 1314 1316 1366 oi
1353 1313 1458 1385 γὰρ
1488 1313 1552 1366 ἐκ
1579 1310 1851 1382 διαφόρων

255 1400 582 1456 συντιθέναι
610 1402 857 1469 δόξαντες
898 1405 1067 1477 αὐτὴν
1130 1406 1188 1458 οὐ
1221 1405 1319 1477 τὴν
1364 1406 1553 1460 οὐσίαν
1599 1402 1851 1471 ποικίλην

251 1491 364 1545 καὶ
418 1494 556 1566 πρὸς
601 1494 800 1567 ἑαυτὴν
845 1497 1243 1570 διαφερομένην
1285 1500 1668 1570 εἰσηγήσαντο,
1715 1494 1850 1548 ἀλλὰ

249 1583 367 1644 τὶις
418 1583 698 1654 ἐνεργείας
736 1585 909 1657 αὐτῆς
939 1588 1004 1640 ἐκ
1049 1586 1156 1639 τῶν
1184 1586 1479 1658 ὁρωμένων
1503 1581 1846 1654 ὑπέγραψαν,

249 1674 363 1727 ἕνα
399 1673 559 1744 λόγον
590 1675 795 1730 ἁπλοῦν
825 1679 921 1732 καὶ
967 1679 1360 1753 περιληπτικδν
1404 1678 1575 1750 αὐτῆς
1618 1675 1849 1746 ποιήσα-

250 1766 392 1823 σθαι
431 1767 509 1841 μὴ
531 1768 863 1841 δυνηθέντες.

1955 574 2059 631 bus
2113 574 2279 643 fiunt,
2324 575 2392 631 ad
2437 590 2598 646 quem
2652 591 2779 631 vere
2826 577 3116 648 pertinent.
3167 576 3526 648 Aggredietur

1955 667 2191 723 fortasse
2237 667 2590 724 introducere
2627 668 2941 724 mistionem
2992 669 3187 724 anima:
3225 685 3348 723 cum
3395 684 3526 724 con-

1954 763 2139 817 trariis
2178 777 2340 833 quam
2391 761 2706 832 suspicatus
2743 770 2847 817 est.
2894 759 3021 816 Sive
3066 763 3183 832 ipsa
3224 762 3404 815 anima
3453 761 3526 816 sit

1955 854 2272 924 μονοειδής,
2309 853 2363 908 id
2415 860 2518 919 est,
2575 853 2840 924 simplicis
2888 864 2943 909 et
2998 854 3162 908 unius
3215 851 3406 907 forma:
3456 859 3549 908 ex'

1952 943 2097 999 bono
2150 943 2292 1014 apud
2337 944 2541 1014 ipsum,
2596 943 2709 999 sive
2752 958 2817 999 ex
2861 941 3258 1013 compositione
3306 928 3525 995 contra.-

1953 1032 2159 1087 riorum
2189 1048 2255 1088 ex
2284 1039 2438 1103 parte
2479 1032 2601 1104 ejus
2645 1031 2791 1105 quod
2830 1040 2916 1088 est
2954 1032 3101 1087 bono
3142 1031 3522 1097 contrarium;

1954 1119 2114 1177 facile
2176 1122 2477 1177 secundum
2535 1122 2641 1178 hoc
2718 1123 2944 1194 impium
2999 1120 3415 1177 fundamentum
3469 1129 3524 1176 et

1953 1213 2286 1285 principium
2336 1214 2865 1271 demonstrabuntur
2902 1215 3044 1270 mala
3080 1230 3202 1286 quae
3241 1214 3394 1268 fiunt.
3427 1213 3523 1269 Est

1953 1305 2120 1377 igitur
2172 1307 2355 1362 anima
2411 1323 2608 1379 expers
2656 1307 2939 1379 corporis,
2989 1322 3110 1377 quae
3163 1306 3316 1361 nullo
3362 1315 3523 1375 pacto

1952 1399 2400 1469 compositionem
2442 1399 2738 1455 secundum
2794 1400 3177 1463 substantiam,
3219 1399 3521 1470 praesertim

1952 1491 2394 1556 contrariorum,
2457 1491 2672 1561 recipit.
2732 1490 2836 1557 Qui
2880 1490 3025 1544 enim
3063 1489 3167 1545 visi
3221 1496 3349 1544 sunt
3400 1503 3520 1542 eam

1953 1596 2305 1652 componere,
2342 1597 2452 1637 non
2485 1582 2853 1638 substantiam
2884 1580 3092 1635 variam
3125 1589 3179 1636 et
3213 1595 3243 1635 τι
3276 1596 3334 1637 εε
3367 1580 3523 1634 dill‘e-

1951 1684 2157 1729 rentem
2204 1675 2653 1740 introduxerunt,
2694 1676 2791 1732 sed
2826 1677 3174 1748 operationes
3199 1675 3320 1744 ejus
3356 1690 3419 1729 ex
3452 1674 3521 1728 iis

1954 1781 2077 1835 quae
2122 1766 2397 1832 videntur,
2451 1767 2898 1837 descripserunt,
2952 1782 3078 1823 cum
3129 1782 3238 1821 non
3297 1773 3521 1837 possent

1874 1835 1918 1892 Β
1950 1863 2236 1911 exstruere
2271 1871 2434 1910 unam
2470 1835 2774 1927 simplicem
2804 1856 3178 1913 definitionem
3226 1835 3335 1928 qua
3373 1870 3522 1913 cem-

1950 1944 2403 2015 prehenderetur.

726 2076 857 2135 Cn.
894 2050 1295 2134 χχνιιζῦἡὶιε
1318 2076 1564 2148 procedat
1598 2077 1792 2133 anima:
1819 2095 1848 2149 μ

1948 2089 2106 2137 atum.
2135 2080 2292 2137 Ratio
2320 2092 2508 2152 ρναῖεει
2529 2083 2670 2138 vitiis
2700 2092 2749 2139 ct
2778 2082 3082 2137 virtutibus.

328 2197 397 2253 Εί
426 2196 538 2270 γάρ
573 2196 666 2250 καὶ
694 2199 814 2261 ταῖς
852 2197 1127 2270 διαφόροις
1162 2196 1440 2267 ποιότησιν
1482 2194 1546 2260 ἃς
1590 2196 1842 2266 ἐπεδέχε-

246 2308 347 2346 ται
414 2288 611 2345 ἄλλοτε
655 2289 848 2353 ἄλλως,
900 2289 1215 2361 διαφέρεται
1261 2288 1396 2360 πρὸς
1442 2287 1660 2358 ἑαυτὴν,
1705 2288 1851 2358 ὅμως

250 2385 381 2436 κατ’
429 2380 621 2435 οὐσίαν
666 2380 825 2453 ἔργον
868 2380 1185 2453 ὑπάρχουσα
1219 2379 1314 2433 τοῦ
1344 2379 1499 2443 Θεοῦ,
1542 2378 1854 2451 ἀμετάϐλη-

249 2472 352 2535 τός
384 2471 453 2523 τέ
482 2471 618 2535 ἐστι,
656 2470 749 2523 καὶ
775 2470 875 2522 οὐκ
914 2470 979 2523 ἐκ
1017 2469 1287 2541 διαφόρων
1332 2467 1611 2538 σύγκειται
1634 2484 1647 2497 ο
1696 2469 1850 2521 ἐναν-

252 2563 398 2617 τίων
435 2561 617 2632 μέντοι
663 2562 911 2633 κράσεων
944 2560 1199 2615 τοσοῦτον
1244 2560 1574 2630 ἀφέστηκεν,
1606 2560 1728 2612 ὅσον
1761 2559 1853 2613 καὶ

254 2654 358 2710 τοῦ
384 2654 513 2709 καθ’
548 2653 741 2725 ἑαυτὴν
784 2653 942 2725 σῶμα
974 2650 1113 2708 εἶναι
1156 2654 1351 2708 δοκεῖν.
1386 2653 1577 2725 Θῶμεν
1610 2654 1666 2708 δέ
1711 2653 1852 2709 κατὰ

256 2749 365 2820 τὴν
396 2748 606 2802 ἐκείνου
637 2747 1007 2817 ψευδολογίαν,
1032 2748 1165 2816 -είγε
1200 2748 1294 2801 καὶ
1323 2746 1478 2801 τοῦτο
1508 2746 1685 2816 λέγειν
1721 2746 1845 2799 ἐπι-

256 2841 504 2911 χειροίη,
528 2841 604 2904 ὡς
629 2840 722 2894 καὶ
749 2841 781 2911 ἡ
809 2839 954 2911 ψυχὴ
989 2838 1082 2892 τοῦ
1116 2838 1404 2912 ἀνθρώπου
1432 2839 1759 2909 συνέστηκεν
1787 2836 1848 2902 ἐξ

255 2930 481 3001 ἀγαθοῦ
521 2931 614 2986 καὶ
661 2931 833 2985 κακοῦ
859 2949 874 2963 ο
918 2932 1038 3003 οὐχὶ
1079 2931 1140 2985 τὸ
1193 2932 1292 3003 μὲν
1336 2930 1641 3000 λογιστικὸν
1679 2930 1849 3001 αὐτῆς

259 3024 392 3076 κατ’
432 3024 638 3078 ἐκεῖνον
679 3022 966 3078 ἀναθετέον
997 3023 1076 3095 τῷ
1117 3022 1330 3095 ἀγαθῷ,
1368 3023 1429 3078 τὸ
1473 3022 1519 3076 δ’
1563 3022 1847 3092 ἀλόγιστον

2020 2201 2136 2260 Etsi
2185 2204 2328 2260 enim
2380 2204 2547 2260 variis
2586 2198 2944 2273 qualitatibus
2994 2210 3135 2268 quas
3180 2193 3315 2248 alias
3364 2192 3524 2248 aliter

1951 2293 2165 2364 recipit,
2201 2308 2231 2348 a
2270 2309 2329 2350 se
2350 2292 2530 2349 differt
2560 2309 2576 2360 ;
2606 2298 2788 2346 tamen
2826 2285 3124 2344 secundum
3158 2280 3521 2338 substantiam

1960 2397 2072 2455 quae
2103 2400 2241 2455 opus
2279 2385 2375 2441 Dei
2422 2392 2528 2448 est,
2569 2379 2924 2439 immutabilis
2952 2391 3060 2444 est,
3111 2387 3165 2431 et
3211 2389 3323 2428 non
3372 2386 3523 2428 com-

1952 2478 2176 2546 ponitur
2214 2491 2283 2532 εις
2324 2475 2598 2543 diversis;
2636 2489 2667 2527 a
2706 2470 3003 2529 contrariis
3031 2476 3214 2521 tamen
3249 2462 3523 2520 mistioni-

1953 2568 2057 2623 bus
2108 2575 2321 2623 tantum
2378 2568 2555 2632 abest,
2607 2576 2668 2621 ut
2715 2565 2834 2635 ipsa
2890 2577 2988 2633 per
3042 2575 3101 2616 se
3149 2571 3352 2628 corpus
3400 2568 3523 2610 esse

1952 2659 2224 2715 videatur.
2277 2657 2555 2715 Ponamus
2615 2657 2802 2728 igitur,
2864 2660 2923 2711 ut
2984 2653 3076 2707 ille
3133 2651 3416 2714 mentitur,
3475 2646 3528 2703 si

1949 2752 2171 2823 quidem
2213 2752 2318 2808 hoc
2357 2752 2541 2807 dicere
2575 2750 2943 2822 aggrediatur,
2991 2761 3114 2802 esse
3154 2743 3366 2801 scilicet
3405 2740 3524 2794 ani-

1948 2861 2091 2901 mam
2118 2845 2355 2900 hominis
2384 2844 2742 2914 compositam
2772 2857 2841 2897 ex
2871 2840 3015 2895 bono
3052 2845 3106 2893 et
3145 2834 3309 2901 malo,
3337 2848 3521 2889 nonne

1946 2936 2094 3008 quod
2142 2938 2197 2992 in
2239 2952 2304 2992 ea
2350 2944 2435 2993 est
2472 2935 2748 3007 particeps
2778 2931 3030 2996 rationis,
3062 2929 3317 3002 opinione
3360 2926 3522 2982 istius

1949 3032 2359 3088 attribuendom
2396 3037 2482 3088 est
2530 3030 2710 3093 bono,
2743 3028 2797 3084 id
2838 3037 2942 3093 est,
2981 3025 3146 3094 .Deo;
3200 3021 3348 3095 quod
3391 3037 3523 3078 vero

260 3115 353 3185 εἴη
383 3117 454 3186 τῇ
486 3116 681 3190 κακίᾳ;
713 3118 890 3189 δῆλον,
916 3116 993 3180 ὡς
1020 3116 1171 3170 οὐδὲν
1193 3115 1260 3170 ἂν
1287 3115 1472 3188 ἕτερον
1512 3117 1687 3171 εἰπεῖν
1713 3114 1844 3185 ἔχοι.

1952 3126 2163 3182 ratione
2199 3131 2370 3189 caret,
2412 3121 2705 3193 nequitiae?
2753 3121 2946 3190 liquet,
2993 3117 3131 3173 nihil
3172 3115 3319 3172 aliud
3360 3126 3523 3186 posse

258 3208 377 3279 Τῆς
411 3208 591 3261 τοίνυν
624 3209 913 3281 ἐπιθυμίας
939 3209 1265 3279 κινουμένης
1309 3208 1595 3281 σφαλερῶς
1632 3207 1744 3262 εἴτε
1779 3210 1844 3262 ἐκ

260 3298 433 3369 μόνου
461 3297 556 3352 τοῦ
584 3298 851 3371 σώματος,
878 3301 986 3354 εἴτε
1029 3300 1121 3354 καὶ
1162 3300 1229 3354 ἐκ
1256 3299 1351 3353 τοῦ
1378 3302 1750 3371 προσήκοντος
1773 3300 1840 3370 τῇ

255 3391 435 3463 κακίᾳ
464 3391 659 3464 μέρους
683 3392 785 3463 τῆς
823 3392 1017 3464 ψυχῆς,
1059 3388 1148 3464 ἆρ’
1194 3392 1498 3463 αὐτόματος
1542 3391 1842 3463 πρόεισινὴ

257 3483 502 3554 πρᾶξιςς
528 3464 660 3555 duxi.
697 3484 755 3538 δὲ
791 3484 980 3555 φθάνει
1011 3484 1109 3556 μὲν
1139 3484 1197 3536 ἐν
1228 3482 1501 3555 ἀνθρώπῳ
1531 3483 1723 3554 σκέψις
1753 3483 1848 3536 καὶ

258 3574 455 3647 βουλὴ,
492 3574 681 3629 ἔπειτα
719 3578 916 3649 κρίσις,
946 3578 1039 3630 καὶ
1076 3576 1285 3648 αἵρεσις
1314 3576 1412 3646 τῆς
1433 3574 1704 3645 πράξεως,
1750 3572 1845 3628 καὶ

255 3665 438 3730 οὕτως
477 3669 557 3731 εἰς
601 3666 760 3737 ἔργον
785 3671 819 3739 ἡ
860 3669 1121 3739 ἐπιθυμία
1164 3669 1532 3741 προφέρεταις
1556 3658 1845 3739 Ἐγκλημα

256 3760 316 3813 δὲ
346 3760 553 3822 κακίας
582 3761 646 3812 ἐκ
667 3760 765 3830 τῆς
795 3760 1066 3831 πράξεως,
1090 3761 1192 3814 οὐκ
1225 3763 1290 3815 ἐκ
1312 3762 1411 3831 τῆς
1444 3760 1739 3832 ἐπιθυμίας
1763 3762 1848 3831 γί-

257 3868 456 3919 γνεται
482 3866 497 3880 ⁸
530 3850 629 3914 ὡς,
675 3851 724 3903 εί
767 3851 977 3921 μένειεν
1012 3852 1105 3905 ἐπὶ
1141 3850 1324 3922 χώρας
1362 3851 1717 3923 ήένθύμησις
1748 3853 1847 3925 τῆς

194 3954 201 3964 ’
259 3942 567 4016 ἐπιθυμίας
590 3944 671 4007 είς
694 3941 851 4014 ἔργον
878 3945 944 4015 τῇ
974 3944 1180 4016 αἱρέσει
1205 3942 1300 3997 τοῦ
1329 3943 1590 4014 λογισμοῦ
1622 3943 1696 4015 μὴ
1723 3961 1848 4016 προ-

263 4038 445 4101 ιοῦσα,
475 4036 692 4107 πρῶτον
719 4037 815 4107 μὲν
844 4037 912 4091 ἂν
940 4036 1244 4109 ἁρπασθείη
1271 4036 1483 4102 θᾶττον,
1508 4035 1845 4108 ἐξαπτομένη

260 4146 323 4183 τε
351 4129 473 4200 ἅμα
505 4128 600 4181 καὶ
629 4126 960 4200 σδεννυμένη
978 4143 991 4156 ”
1016 4126 1203 4182 ἔπειτα
1229 4127 1480 4198 οὐδαμῶς
1505 4126 1572 4181 ἂν
1597 4126 1847 4200 ἔγκλημα

263 4217 576 4289 νομισθείη,
610 4218 671 4271 οὐ
705 4219 865 4289 μόνον
895 4219 1095 4285 κοινὸν,
1124 4212 1238 4273 ἀλλ’
1268 4219 1391 4273 οὐδὲ
1418 4219 1561 4273 κατὰ
1590 4219 1651 4272 τὸ
1679 4219 1847 4290 ἀκρον

263 4309 368 4381 τῆς
393 4309 597 4380 ἀρετῆς
628 4310 677 4362 εί
709 4309 965 4381 κρίνοιτο.

337 4400 593 4453 Φαίνεται
618 4399 794 4453 τοίνυν
822 4399 900 4468 τῷ
923 4398 1124 4472 λογικῷ
1143 4401 1241 4472 τῆς
1258 4399 1434 4471 ψυχῆς
1458 4400 1691 4468 εὐλόγως
1716 4400 1846 4453 ἀνα-

1954 3217 2160 3276 dicere.
2223 3215 2474 3271 Excitata
2531 3229 2662 3285 ergo
2727 3211 2982 3283 (lubrica)
3052 3209 3351 3280 cupiditate
3406 3207 3524 3264 sive

1949 3325 2016 3366 ex
2060 3324 2312 3380 corpore,
2353 3309 2469 3363 sive
2511 3323 2579 3363 ex
2627 3321 2689 3363 ea
2737 3313 2894 3377 parte
2934 3303 3132 3358 animae
3159 3316 3281 3373 quae
3321 3299 3389 3354 ad
3426 3316 3521 3354 ne-

1948 3401 2179 3473 quitiam
2223 3400 2478 3471 pertinet,
2519 3414 2587 3454 an
2630 3397 2858 3453 fortuito
2899 3395 3045 3450 actio
3076 3393 3296 3465 prodit?
3327 3390 3523 3446 Nonne

1947 3492 2321 3566 antegreditur
2353 3494 2406 3548 in
2438 3492 2658 3549 homine
2694 3487 3062 3544 consideratio
3105 3494 3162 3542 et
3203 3483 3519 3550 consilium,

1946 3585 2143 3642 deinde
2185 3585 2452 3655 judicium
2494 3591 2550 3639 et
2589 3582 2784 3638 electio
2815 3578 3068 3643 actionis,
3109 3585 3273 3647 atque
3305 3575 3381 3630 ita
3416 3573 3516 3630 de-

1947 3677 2210 3733 siderium
2239 3678 2305 3731 ad
2337 3676 2588 3733 effectum
2614 3672 2967 3747 perducitur?
2992 3669 3213 3726 Crimen
3248 3681 3379 3722 vero
3416 3678 3516 3720 ne-

1947 3768 2137 3839 quitiae
2172 3783 2239 3825 ex
2280 3767 2517 3831 actione,
2557 3781 2667 3822 non
2712 3780 2781 3820 ex
2819 3760 3094 3820 desiderio
3117 3757 3422 3818 conflatur;
3455 3762 3517 3812 ut

1949 3860 1997 3915 si
2041 3865 2259 3916 maneat
2302 3860 2356 3914 iu
2396 3859 2520 3915 loco
2564 3857 2822 3929 cogitatio
2854 3852 3120 3929 desiderii
3160 3867 3271 3907 non
3298 3864 3522 3921 progre-

1948 3953 2106 4009 diens
2148 3953 2217 4008 ad
2248 3968 2387 4023 opus
2424 3967 2523 4023 per
2558 3951 2880 4007 electionem
2913 3946 3088 4019 partis
3119 3941 3518 4013 ratiocinantis,

1947 4043 2185 4116 primum
2216 4042 2436 4113 quidem
2466 4042 2578 4097 cito
2619 4047 2798 4112 potest
2831 4038 3083 4094 desinere
3123 4036 3407 4091 incensum
3443 4030 3521 4087 si-

1951 4138 2062 4191 mul
2104 4143 2160 4191 et
2205 4136 2536 4191 exstinctum
2574 4154 2588 4190 :
2621 4132 2820 4188 deinde
2863 4142 3208 4201 nequaquam
3245 4126 3521 4183 existima-

1948 4228 2098 4285 bitur
2143 4229 2375 4292 crimen,
2412 4243 2522 4283 non
2569 4226 2747 4283 solum
2789 4237 3102 4286 commune,
3137 4220 3234 4276 sed
3263 4233 3440 4291 neque
3469 4215 3522 4271 si

1943 4319 2221 4391 judicetur
2255 4318 2555 4374 secundum
2590 4330 2865 4373 summum
2893 4312 3131 4369 virtutis.
3202 4322 3207 4327 '

2018 4409 2258 4481 Apparet
2342 4409 2509 4481 igitur
2564 4415 2791 4479 peccata
2846 4406 3238 4463 convenienter
3292 4398 3517 4464 rationi,

266 4492 531 4562 τιθέμενα
561 4491 630 4546 τά
662 4493 1047 4564 ἁμαρτήματα,
1078 4493 1173 4547 καὶ
1199 4492 1324 4545 οὔτε
1355 4491 1433 4563 τῷ
1465 4492 1695 4565 σώματι,
1722 4490 1845 4546 οὔτε

1948 4502 2089 4572 parti
2139 4503 2335 4557 animae
2387 4500 2617 4556 rationis
2657 4499 2909 4571 participi
2958 4497 3236 4568 assignata
3291 4507 3415 4549 esse
3462 4498 3520 4546 et

268 4583 418 4653 ἄλλῳ
453 4584 610 4655 μέρει
641 4587 751 4639 τινὶ
782 4585 986 4656 ταύτης
1009 4601 1024 4615 °
1070 4586 1147 4650 ὡς
1177 4586 1268 4640 τὸν
1310 4587 1408 4658 μὲν
1440 4587 1721 4656 ἀλόγιστον
1750 4604 1847 4640 κα-

269 4677 398 4735 κίαν
429 4675 772 4747 ἀπηλλάχθαι
803 4677 905 4747 τῆς
942 4678 1120 4742 αἰτίας
1166 4678 1274 4733 τῶν
1316 4681 1446 4751 παρ’
1475 4680 1606 4750 ἡμῖν
1637 4679 1844 4745 κακῶν,

266 4772 367 4826 ἅτε
403 4769 540 4840 μηδέ
575 4771 946 4841 ὑπάρχουσαν,
980 4771 1309 4825 κινδυνεύειν
1333 4771 1389 4824 δέ
1415 4771 1553 4825 κατὰ
1586 4771 1676 4834 τὸν
1705 4771 1848 4825 ἐκεί-

267 4880 361 4916 νου
396 4861 554 4928 λόγον
583 4863 649 4916 ἐκ
681 4862 778 4932 τῆς
826 4861 1042 4933 μερίδος
1080 4863 1317 4931 τάγαθοῦ
1359 4863 1533 4917 ταῦτα
1577 4862 1850 4934 προφέρε-

269 4954 434 5007 σθαι·
462 4953 522 5005 εἴ
558 4970 621 5021 γε
653 4952 725 5024 μὴ
768 4954 938 5025 ἑτέρῳ
967 4954 1313 5025 χρησαίμεθα
1359 4953 1645 5024 φιλαλήθει
1680 4953 1843 5024 λόγῳ.

264 5048 330 5102 Εἰ
383 5046 486 5116 μὲν
535 5046 664 5118 γὰρ,
710 5049 784 5120 μὴ
825 5046 1254 5115 διαγινώσκουσα
1304 5050 1402 5119 τὴν
1438 5048 1697 5118 ποιότητα
1746 5046 1847 5117 τῆς

267 5135 584 5205 ἐπιθυμίας,
610 5138 703 5192 ἐπὶ
728 5136 825 5208 τὴν
850 5136 1047 5210 πρᾶξιν
1069 5137 1365 5205 ἀλογίστως
1393 5137 1592 5209 ἐχώρει
1620 5138 1655 5206 ἡ
1678 5136 1845 5208 ψυχὴν

269 5231 651 5302 διισχυρίσαιτ’
684 5231 751 5284 ἄν
791 5247 897 5293 τις,
942 5230 1018 5295 ὡς
1063 5234 1127 5283 ἐκ
1172 5230 1264 5284 τοῦ
1313 5231 1599 5299 ἀλογίστου
1651 5228 1846 5301 μέρους

275 5322 501 5393 φέρεται
541 5324 609 5377 τά
645 5324 965 5395 παραλόγως
1007 5324 1356 5395 πραττόμενα
1375 5341 1389 5353 “
1422 5325 1471 5376 εί
1504 5324 1562 5377 δὲ
1589 5323 1850 5387 πολλάκις

273 5415 435 5479 αὐτὸς
458 5416 487 5467 ὁ
513 5416 769 5489 λογισμὸς
797 5419 870 5487 πὴ
904 5419 1000 5489 μὲν
1031 5419 1286 5488 αἱρεῖται,
1316 5418 1390 5481 ὡς
1423 5417 1847 5472 ὑποκατακλινό-

280 5527 436 5582 μενος
486 5510 628 5564 ἐκὼν
679 5513 867 5583 ἀγωγῇ
918 5513 1117 5583 φαύλῃ,
1168 5513 1267 5584 τὴν
1313 5511 1629 5583 ἐπιθυμίαν,
1660 5512 1741 5583 πὴ
1790 5512 1847 5566 δὲ

277 5606 621 5671 παραιτεῖται
663 5603 844 5666 πάλιν,
882 5604 1010 5656 ὅταν
1054 5604 1216 5674 φόϐος
1247 5603 1409 5669 αὑτὸν
1438 5604 1686 5658 ὁστισοῦν
1712 5605 1845 5657 ἀνα-

280 5691 477 5764 στείλῃ,
513 5694 546 5765 ἦ
589 5694 851 5766 ἐπιθυμία
895 5696 1023 5764 γοῦν
1057 5697 1257 5767 ἀρετῆς
1304 5696 1668 5766 ἀνθελκούσης
1710 5695 1845 5766 πρὸς

283 5778 510 5859 ἑαυτήν⁹
566 5785 743 5858 δῆλον,
792 5786 866 5853 ὡς
924 5790 952 5841 ὁ
1004 5787 1256 5859 λογισμός
1304 5790 1448 5843 ἐστιν
1498 5792 1524 5843 ό
1581 5790 1737 5862 μόνος
1769 5791 1849 5843 οἱς

1950 4593 2207 4663 ascripta,
2239 4601 2295 4647 et
2333 4606 2443 4646 non
2486 4591 2726 4661 corpori,
2765 4604 2866 4645 nec
2917 4588 3010 4643 ulli
3039 4588 3133 4641 alii
3166 4584 3309 4658 parti
3354 4583 3520 4653 hujus

1950 4685 2165 4740 animae.
2196 4684 2270 4740 Ut
2298 4683 2545 4755 nequitia
2582 4681 2807 4753 quidem
2848 4678 3286 4737 ratiocinationis
3322 4689 3521 4747 expers

1948 4778 2175 4833 liberata
2211 4779 2285 4833 sit
2325 4792 2357 4831 a
2396 4776 2557 4847 culpa
2589 4783 2754 4846 atque
2793 4772 3147 4831 accusatione
3181 4785 3370 4826 eorum
3398 4782 3518 4822 ma-

1946 4871 2126 4926 lorum
2170 4885 2293 4941 qua:
2325 4868 2471 4941 apud
2521 4884 2625 4924 nos
2660 4878 2823 4931 sunt,
2858 4865 3060 4936 quippe
3090 4879 3215 4918 cum
3252 4877 3356 4918 nec
3399 4861 3517 4931 ipsa

1947 4970 2147 5025 exstet,
2187 4963 2587 5032 videanturque
2624 4960 2740 5017 hac
2779 4959 3081 5017 secundum
3111 4970 3417 5014 sermonem
3452 4954 3519 5008 il—

1949 5054 2076 5122 lius,
2102 5070 2169 5110 ex
2199 5063 2353 5125 parte
2394 5053 2490 5108 Dei
2523 5053 2792 5124 depromi,
2830 5053 2956 5107 licet
2990 5051 3141 5107 nulla
3167 5050 3277 5105 alia
3308 5048 3520 5102 ratione

1947 5162 2078 5204 vera
2129 5154 2427 5204 uteremur.
2482 5145 2540 5201 Si
2601 5146 2748 5202 enim
2811 5146 2997 5200 anima
3040 5160 3148 5199 non
3198 5143 3519 5198 discernens

1950 5240 2269 5310 qualitatem
2302 5238 2639 5310 cupiditatis,
2671 5237 2738 5293 ad
2764 5239 3034 5294 actionem
3065 5235 3186 5292 sine
3206 5234 3317 5289 ulla
3348 5229 3520 5285 ratio-

1949 5333 2222 5388 cinatione
2265 5330 2620 5402 procederet:
2665 5330 2934 5386 aﬂirmare
2975 5328 3102 5401 quis
3142 5332 3348 5397 posset,
3397 5323 3520 5393 qiue

1950 5424 2355 5480 inconsiderate
2401 5437 2465 5477 ac
2511 5433 2706 5494 praeter
2745 5422 3008 5478 rationem
3055 5420 3210 5481 fiunt,
3243 5432 3308 5472 ex
3365 5421 3520 5485 parte

1949 5516 2178 5571 rationis
2221 5522 2443 5583 experte
2472 5513 2743 5584 depromi.
2774 5513 2869 5569 Sin
2913 5519 3094 5567 autem
3144 5520 3519 5578 saepenumero

1949 5607 2091 5661 ratio
2134 5606 2252 5675 ipsa
2292 5605 2403 5673 jam
2447 5606 2600 5676 eligit
2638 5605 3013 5676 cupiditatem,
3054 5609 3312 5668 tanquam
3351 5610 3520 5667 prava

1951 5697 2293 5753 institutione
2370 5696 2509 5752 flexa
2564 5697 2775 5760 libens,
2823 5696 2934 5763 jam
2985 5705 3178 5746 rursus
3228 5688 3517 5758 repudiat,

1949 5806 2074 5847 cum
2123 5789 2321 5859 aliquis
2362 5798 2541 5846 metus
2580 5805 2697 5847 eam
2742 5787 3012 5852 refrenat,
3050 5792 3144 5840 aut
3187 5781 3522 5841 desiderium
