4064 6290
611 371 751 431 1107

1724 350 1886 430 ’τιτι
1922 368 2346 427 BOSTRE‘NSIS
2380 367 2685 425 EPISCOPI

3704 353 3863 407 “08

608 485 830 543 virtutis
863 484 932 542 ad
978 499 1036 543 se
1076 486 1402 543 attrahentis
1434 503 1450 554 ;
1479 486 1649 557 liquet
1681 487 1857 543 solum
1906 487 2168 545 rationem

2274 487 2585 558 κειούμενος
2631 485 2699 539 τά
2753 483 2930 546 καλῶς
2985 499 3044 535 τε
3097 480 3189 535 καὶ
3235 478 3310 541 ὡς
3357 475 3557 547 ἑτέρως
3603 470 3859 544 πραττό-

609 592 754 646 esse,
803 591 922 648 quae
969 583 1115 633 recte
1164 586 1220 636 et
1271 592 1438 649 prave
1478 577 1616 634 facta
1672 576 1778 635 sibi
1831 576 2069 632 vindicat
2120 586 2177 631 et

612 666 851 724 asciscit.
1114 664 1115 667 “

685 757 783 814 Hic
805 765 1061 816 versatur
1095 766 1151 817 et
1180 761 1415 817 vertitur
1449 762 1517 817 ad
1545 759 1942 823 occurrendum
1985 766 2175 814 contra

608 849 864 909 excussio
923 865 1113 906 eorum
1160 867 1281 923 quae
1333 853 1475 909 male
1512 870 1541 907 a
1592 852 1890 907 Manichaeo
1947 851 2176 927 probata

609 946 739 995 sunt
794 956 809 994 :
871 957 981 997 non
1035 943 1218 1008 enim,
1276 951 1338 999 ut
1385 952 1643 1014 apparet,
1702 944 1875 998 ullum
1930 943 2175 997 materiae

608 1039 895 1102 peceatum
929 1040 1013 1106 est
1041 1034 1097 1090 in
1129 1035 1335 1092 nostris
1365 1036 1694 1102 actionibus,
1727 1036 1822 1092 sed
1846 1036 2059 1099 animai,
2089 1035 2176 1091 vel

607 1123 783 1194 partis
820 1123 986 1194 hujus
1030 1141 1152 1195 quae
1191 1133 1276 1181 est
1304 1126 1533 1183 rationis
1562 1126 1856 1198 particeps,
1883 1141 2024 1196 quae,
2057 1124 2172 1179 Ma-

608 1213 821 1271 nichaee
842 1222 1088 1284 auctore,
1117 1217 1183 1272 ad
1217 1226 1425 1290 partem
1447 1216 1541 1272 Dei
1572 1217 1825 1288 pertinet.

683 1304 761 1359 Ad
814 1303 928 1360 haec
978 1307 1025 1361 si
1073 1307 1365 1372 accideret,
1413 1316 1475 1361 ut
1525 1306 1582 1361 in
1620 1307 1688 1362 iis
1727 1305 1820 1376 qui
1856 1304 2173 1376 pudicitiam

609 1396 817 1468 colunt,
846 1404 995 1457 esset
1024 1398 1270 1463 insitum,
1297 1415 1406 1456 non
1436 1399 1663 1454 excitari
1689 1398 1756 1452 ad
1783 1397 2131 1468 cupiditatem
2155 1415 2171 1465 ;

608 1464 797 1557 posset
831 1490 956 1558 quis
978 1489 1034 1543 in
1066 1489 1357 1568 impudicis
1383 1490 1615 1547 liberare
1638 1492 1903 1547 rationem
1932 1505 1961 1544 a
1989 1489 2174 1544 crimi-

608 1580 794 1644 nibus,
824 1580 983 1650 quasi
1007 1582 1282 1655 cupiditas
1313 1583 1578 1639 rationem
1609 1599 1676 1638 ex
1707 1590 1822 1638 toto
1853 1582 1921 1637 ab
1945 1581 2174 1636 actioni-

609 1671 714 1727 bus
761 1680 1053 1737 averteret,
1104 1689 1267 1744 quam
1321 1674 1671 1747 cupiditatem
1727 1674 1820 1729 ille
1869 1674 2003 1728 dicit
2051 1687 2173 1727 esse

609 1777 675 1820 ex
712 1769 868 1838 parte
912 1764 1061 1825 mali.
1111 1762 1217 1819 Sed
1248 1764 1295 1820 si
1322 1765 1447 1837 quis
1475 1765 1707 1826 maxime
1748 1766 1891 1840 apud
1940 1779 2034 1820 eos
2077 1763 2167 1835 qui

2279 596 2436 648 μενα.

2327 757 2451 810 ,Καλ⁵
2482 753 2616 824 πρὸς
2662 750 2967 806 τούναντίον
3006 745 3240 801 ἐνταῦθα
3269 745 3434 816 χωρεί
3474 740 3580 795 τῶν
3618 739 3851 792 ἀποδει-

2272 852 2550 921 κνυμένων
2596 845 2674 916 τῷ
2724 845 2961 899 Μάνεντι
3020 839 3203 903 κακῶς
3252 838 3286 909 ἡ
3336 835 3580 902 ἐξέτασις
3608 848 3623 860 '
3679 831 3848 885 οὐδὲν

2271 943 2379 1014 γὰρ
2406 942 2504 1013 τῆς
2544 939 2695 1011 ὕλης,
2728 938 2804 1001 ὡς
2830 935 3023 999 ἔοικεν,
3062 935 3119 986 ὲν
3157 932 3267 993 τοῖς
3310 927 3428 982 καθ’
3471 926 3618 997 ἡμᾶς
3652 923 3848 994 ἀμάρ-

2270 1053 2441 1107 τημα,
2481 1032 2615 1087 ἀλλὰ
2634 1031 2734 1101 τῆς
2770 1017 2949 1098 ψύχῆς
2991 1025 3024 1096 ἦ
3065 1023 3159 1078 τοῦ
3189 1021 3392 1092 ταύτης
3424 1015 3765 1086 λογιστικοῦ,
3808 1014 3845 1085 ἢ

2270 1131 2334 1207 τῇ
2367 1125 2460 1181 τοῦ
2492 1122 2694 1194 ἀγαθοῦ
2729 1122 2892 1194 μοίρᾳ.
2916 1118 3156 1190 προσῆκε
3189 1114 3305 1187 μετ’
3338 1114 3559 1167 ἐκεῖνον.

2342 1300 2486 1374 Πρὸς
2524 1301 2582 1354 δὲ
2627 1298 2865 1362 τούτοις,
2919 1297 2967 1350 εί
3014 1296 3127 1357 τοῖς
3172 1289 3520 1362 σωφροσύνην
3569 1288 3845 1343 ἀσκοῦσιν

2272 1395 2525 1464 ἀκίνητον
2559 1390 2867 1445 συνέϐαινεν
2899 1384 3036 1443 εἶναι
3071 1387 3170 1458 τὴν
3210 1384 3323 1450 ’ἐξιν
3350 1382 3485 1452 πρὸς
3515 1380 3842 1451 ἐπιθυμίαν,

2270 1485 2578 1558 ἀπήλλαξεν
2608 1483 2673 1538 ἄν
2697 1500 2782 1546 τις
2810 1482 2960 1554 παρὰ
2988 1482 3101 1542 τοῖς
3129 1474 3572 1531 ἀκολασταίνουσι
3609 1472 3722 1525 τῶν
3754 1473 3848 1539 ἐγ-

2271 1577 2565 1648 κλημάτων
2595 1575 2686 1628 τὸν
2719 1572 2996 1643 λογισμὸν,
3042 1570 3117 1633 ὡς
3151 1570 3249 1639 τῆς
3295 1564 3587 1636 ἐπιθυμίας
3616 1562 3681 1617 τὸ
3712 1561 3846 1615 ὅλον

2269 1667 2683 1738 ἀποφερομένης
2723 1664 2832 1718 τῶν
2875 1661 3278 1735 πραττομένων,
3310 1659 3381 1729 ἥν
3419 1656 3486 1711 ἂν
3526 1657 3738 1718 ἐκεῖνος
3777 1657 3845 1708 ὲκ

2268 1762 2370 1832 τῆς
2400 1760 2492 1815 τοῦ
2523 1758 2689 1814 κακοῦ
2722 1757 2935 1828 μερίδος
2965 1755 3099 1824 φαίη
3125 1750 3425 1823 τυγχάνειν.
3457 1750 3519 1803 Et
3548 1747 3606 1802 δέ
3638 1763 3704 1816 γε
3736 1746 3847 1818 μά-

609 1836 928 1924 pudicitiam
978 1857 1400 1927 amplectuntur,
1443 1859 1543 1912 hac
1580 1859 1666 1913 via
1707 1865 1760 1913 et
1796 1836 2017 1912 ratione
2049 1871 2168 1911 eam

2272 1852 2426 1905 λιστα
2470 1848 2620 1920 παρά
2648 1850 2758 1909 τοῖς
2792 1844 3137 1918 σωφροσύνης
3164 1840 3616 1911 ἀντιποιουμένοις
3661 1836 3844 1908 ταύτῃ

602 1945 791 2002 colere
822 1948 1078 2019 reperiat,
1112 1950 1256 2021 quod
1293 1950 1372 2004 illi
1413 1950 1739 2021 cupiditates
1773 1958 1980 2004 naturae
2005 1950 2171 2005 ratio-

606 2052 677 2093 ne
703 2036 916 2093 frenant
944 2047 998 2095 et
1025 2041 1282 2098 cohibent
1317 2061 1332 2096 :
1366 2041 1652 2113 perspicue
1680 2042 2045 2109 concluditur,
2079 2055 2171 2095 ra-

580 2128 812 2187 tionem
854 2145 978 2187 esse
1018 2147 1140 2202 quae
1181 2132 1450 2206 delinquit
1487 2141 1540 2189 et
1573 2133 1830 2191 virtutem
1863 2132 2015 2194 colit.
2048 2147 2169 2203 quae

606 2229 896 2293 utrumque
927 2230 981 2278 et
1001 2224 1253 2281 virtutem
1281 2232 1336 2280 et
1363 2225 1553 2281 vitium
1577 2227 1746 2281 novit.
1781 2225 1962 2296 Quare
1987 2232 2169 2285 autem

606 2310 771 2369 insita
803 2314 965 2371 nobis
996 2316 1067 2371 sit
1092 2323 1437 2387 peccatorum
1460 2316 1752 2387 cupiditas,
1779 2318 2023 2373 dicemus
2043 2330 2168 2371 cum

605 2403 713 2459 erit
749 2415 1134 2476 opportunum,
1161 2408 1423 2465 docentes
1442 2448 1458 2475 ,
1501 2410 1775 2480 pertinere
1802 2411 1906 2469 hoc
1936 2414 2169 2466 maxime

606 2495 674 2557 ad
699 2495 1112 2555 admirationem
1142 2496 1435 2555 Creatoris.

2271 1944 2332 1997 τὸ
2350 1940 2642 2014 ἀσκητικὸν
2673 1938 2821 2010 εὖροι
2861 1954 2942 2000 τις
2969 1935 3056 1999 ἂν,
3084 1936 3167 1989 ὅτι
3213 1930 3453 2003 λογισμῷ
3491 1931 3591 2002 τῆς
3619 1928 3845 1999 φύσεως

2274 2034 2542 2091 κωλύουσι
2571 2031 2671 2095 τὰς
2717 2029 3009 2101 ἐπιθυμίας
3032 2046 3046 2060 ·
3097 2027 3282 2098 σαφῶς
3321 2024 3726 2088 ἀποδείκνυται,
3763 2022 3845 2087 ὡς

2272 2130 2301 2181 ὁ
2332 2125 2588 2199 λογισμός
2621 2124 2769 2176 ἐστιν
2797 2123 2826 2176 ὁ
2856 2120 3188 2193 πλημμελῶν
3226 2136 3285 2172 τε
3325 2117 3418 2171 καὶ
3456 2113 3766 2185 κατορθῶν,
3813 2115 3845 2166 ὁ

2274 2219 2510 2291 ἑκάτερα
2537 2215 2712 2279 εἰδὼς,
2748 2215 2947 2286 ἀρετήν
2974 2230 3032 2265 τε
3065 2210 3159 2264 καὶ
3189 2209 3404 2263 κακίαν.
3434 2206 3530 2260 Διά
3564 2206 3618 2258 τί
3652 2204 3846 2277 μέντοι

2274 2312 2510 2384 ἔμφυτος
2547 2311 2676 2380 ἡμῖν
2716 2306 2825 2361 τῶν
2860 2303 3269 2376 ἁμαρτημάτων
3299 2303 3332 2372 ἡ
3364 2297 3647 2370 ἐπιθυμία,
3696 2296 3846 2351 κατὰ

2274 2403 2458 2475 καιρὸν
2502 2400 2752 2476 ἐροῦμεν,
2803 2396 3212 2458 ἀποδεικνύντες
3266 2410 3327 2462 γε
3385 2391 3539 2446 τοῦτο
3599 2389 3843 2461 μάλιστα

2278 2495 2565 2555 συντείνειν
2596 2495 2674 2556 είς
2700 2491 2880 2562 θαῦμα
2906 2488 2998 2544 τοῦ
3031 2487 3545 2559 δημιουργήσαντος.

1548 2615 1677 2670 Car.
1716 2613 1955 2670 XXVIII.
1990 2612 2340 2683 Conﬁrmatio
2368 2609 2583 2681 hujusce
2613 2608 2889 2664 doctrinae.

676 2725 832 2792 Quod
858 2734 1037 2783 autem
1073 2745 1218 2786 nunc
1243 2731 1526 2801 quaeritur,
1570 2731 1618 2788 si
1659 2748 1766 2788 non
1811 2732 1946 2788 satis
1979 2730 2168 2787 confe-

608 2825 755 2872 ctum
789 2829 893 2884 est,
919 2821 1069 2878 nullo
1103 2822 1263 2878 modo
1284 2830 1505 2893 peccata
1533 2833 1717 2880 nostra
1741 2839 1862 2880 esse
1889 2838 2027 2894 opus
2064 2823 2166 2877 ali-

609 2910 769 2980 cujus
805 2913 1048 2968 materia:
1086 2921 1180 2968 aut
1219 2916 1494 2985 nequitiae,
1533 2917 1628 2971 sed
1661 2925 1853 2972 contra
1880 2916 2050 2971 solius
2080 2929 2169 2969 ra-

608 3004 821 3072 tionis;
856 3004 983 3060 iicet
1019 3005 1184 3064 etiam
1227 3007 1384 3063 aliter
1427 3007 1751 3063 conﬁrmare
1788 3009 1931 3078 quod
1961 3008 2166 3063 dictum

606 3103 712 3153 est.
747 3094 828 3149 An
861 3094 1008 3150 aliud
1031 3097 1161 3167 quid
1196 3098 1379 3153 dicere
1410 3107 1635 3168 possunt
1670 3112 1791 3154 esse
1817 3096 2167 3152 homicidium

607 3203 776 3257 quam
816 3189 1040 3255 malum,
1084 3197 1137 3245 et
1175 3190 1560 3245 scortationem
1612 3197 1776 3260 atque
1819 3189 2166 3254 adulterium,

607 3287 662 3336 et
702 3279 930 3344 furtum,
967 3287 1022 3335 et
1070 3281 1446 3337 mendacium?
1482 3280 1540 3336 Si
1580 3298 1688 3337 non
1727 3281 1871 3336 aliud
1919 3288 2169 3353 possunt,

605 3372 958 3442 perspicuum
1005 3380 1090 3427 est
1141 3372 1287 3442 quod
1317 3372 1457 3425 mala
1497 3381 1679 3427 erunt.
1713 3371 1883 3439 Quid?
1922 3372 1967 3426 si
2004 3371 2169 3442 judex

605 3461 811 3528 occidit
849 3478 976 3518 eum
1008 3462 1105 3532 qui
1152 3463 1409 3532 injuriam
1452 3463 1602 3528 fecit,
1637 3463 1815 3520 cazdes
1852 3463 2015 3536 igitur
2058 3464 2172 3535 lege

610 3552 900 3607 sancitur?
946 3552 1111 3624 Atqui
1152 3554 1294 3610 idem
1337 3554 1518 3619 eﬂicit,
1547 3555 1639 3626 qui
1676 3555 1911 3611 violente
1947 3555 2167 3619 occidit,

605 3652 661 3696 et
708 3643 800 3712 qui
843 3643 959 3713 lege
1004 3662 1019 3698 :
1080 3645 1175 3700 sed
1212 3645 1544 3714 propositum
1596 3645 1883 3716 distinguit
1942 3646 2165 3700 factum.

606 3733 750 3800 Quin
784 3735 965 3805 potius
988 3737 1178 3792 eadem
1213 3745 1298 3793 est
1347 3738 1489 3792 actio
1515 3737 1654 3806 ejus,
1685 3737 1778 3807 qui
1808 3752 1931 3791 cum
1965 3752 2083 3800 sua,
2115 3743 2171 3792 et

607 3824 703 3893 qui
733 3839 858 3879 cum
892 3825 1067 3881 aliena
1091 3842 1150 3882 se
1172 3828 1364 3883 miscet
1391 3846 1405 3894 ;
1440 3828 1535 3882 sed
1560 3827 1897 3898 propositum
1931 3836 2167 3898 separat,

606 3932 729 3986 quae
755 3917 1010 3973 similiter
1040 3917 1182 3973 facta
1214 3927 1360 3974 sunt.

675 4006 941 4063 Praeterea
969 4008 1139 4063 furari
1169 4025 1200 4063 a
1223 4009 1523 4067 Manicliaao
1543 4026 1665 4082 quae
1695 4019 1823 4067 sunt
1854 4009 1996 4081 apud
2020 4024 2165 4067 eum.

612 4098 699 4152 vel
749 4099 1132 4161 instrumenta,
1179 4101 1260 4154 vel
1305 4101 1478 4163 cibos,
1545 4116 1726 4155 annon
1764 4101 1979 4171 videtur
2027 4099 2169 4155 idem

606 4204 748 4260 opus
787 4205 911 4246 esse
954 4198 1117 4260 atque
1154 4190 1358 4246 furtum
1391 4193 1744 4249 criminosum
1795 4193 2015 4248 facere?
2055 4209 2169 4260 non

608 4289 791 4336 tamen
847 4282 1061 4336 ratione
1104 4282 1248 4337 idem
1302 4291 1427 4349 est,
1481 4283 1578 4339 sed
1625 4284 1840 4354 penitus
1894 4284 2167 4340 diti'erens.

606 4371 813 4429 Deinde
845 4372 893 4429 si
927 4372 1116 4429 furens
1145 4373 1307 4427 homo
1333 4373 1585 4443 .gladium
1617 4383 1846 4445 repetat,
1881 4390 2040 4445 quem
2075 4373 2169 4428 de-

2343 2729 2417 2782 Τὸ
2452 2728 2546 2782 νῦν
2581 2728 2638 2781 δὲ
2670 2724 2995 2796 ζητούμενον
3036 2720 3149 2791 εἴγε
3193 2720 3267 2792 μὴ
3308 2719 3595 2789 αὐτάρκως
3637 2718 3842 2775 ἀποδέ-

2271 2822 2498 2883 δεικται,
2526 2818 2600 2882 ὡς
2629 2816 2877 2888 οὐδαμῶς
2916 2813 3047 2884 ὕλης
3072 2811 3214 2876 τινὸς
3255 2811 3289 2879 ἢ
3338 2809 3532 2872 κακίας
3574 2809 3725 2862 ἐστὶν
3749 2808 3843 2880 ἑρ-

2271 2929 2366 2982 γον
2394 2910 2464 2965 τὰ
2493 2909 2738 2982 ἡμέτερα
2784 2905 3245 2979 πλημμελήματα,
3287 2901 3592 2957 τούναντίον
3641 2901 3702 2955 δὲ
3752 2900 3842 2972 μό-

2273 3020 2364 3059 νου
2404 3001 2499 3056 τοῢ
2530 2998 2818 3072 λογισμοῦ·
2856 2999 3031 3052 ἔνεστι
3065 2996 3173 3069 γὰρ
3216 2996 3310 3050 καί⁵
3348 2995 3545 3066 ἑτέρως
3575 2993 3838 3063 συστῆναι

2272 3092 2349 3165 τῷ
2380 3091 2654 3163 λεγομένῳ
2678 3107 2691 3121 ·
2723 3086 2832 3161 ἆρα
2869 3089 2941 3162 μή
2969 3106 3022 3143 τι
3055 3087 3180 3143 ἀλλο
3216 3087 3445 3158 φήσαιεν
3487 3079 3627 3137 εἶναι
3655 3083 3835 3153 φόνον,

2272 3185 2305 3257 ἢ
2350 3184 2539 3248 κακὸν,
2591 3182 2846 3255 πορνείαν
2878 3198 2935 3235 τε
2976 3181 3069 3235 καὶ
3110 3177 3375 3251 μοιχείαν,
3410 3176 3616 3247 κλοπήν
3654 3193 3718 3228 τε
3746 3176 3837 3229 καὶ

2268 3276 2504 3346 ψεῦδος;
2540 3275 2725 3346 Δῆλον,
2775 3274 2849 3337 ὡς
2897 3271 3050 3326 ἔσται
3106 3271 3338 3342 μάλιστα
3373 3267 3557 3325 κακία.
3600 3266 3668 3320 Τί
3713 3263 3831 3333 οὖνς

2269 3370 2364 3424 ἐὰν
2396 3371 2426 3422 ὁ
2446 3366 2701 3438 δικαστὴς
2727 3367 2923 3438 ἀναιρῇ
2969 3365 3059 3418 τὸν
3097 3364 3391 3435 ἠδικηκότα
3420 3362 3712 3432 φονεύσας,
3745 3360 3831 3431 φό-

2269 3478 2359 3525 νος
2388 3456 2498 3531 ἆρα
2524 3457 2839 3530 νομισθείη;
2868 3456 3043 3512 καίτοι
3073 3456 3133 3509 τὸ
3164 3455 3322 3528 ἔργον
3349 3453 3539 3509 ταύτὸν
3571 3451 3669 3504 τοῦ
3704 3451 3825 3523 πρὸς

2272 3551 2392 3622 βίαν
2422 3547 2754 3619 φονεύοντος,
2803 3547 2897 3599 καὶ
2944 3545 3038 3599 τοῦ
3079 3545 3226 3615 νόμῳ
3272 3541 3654 3613 ἀναιροῦντοςο
3709 3542 3741 3592 ὁ
3780 3541 3827 3593 δὲ

2272 3640 2470 3705 σκοπὸς
2502 3640 2735 3711 διίστησι
2769 3639 2829 3692 τὸ
2867 3637 3262 3710 πραττόμενον.
3309 3633 3469 3687 Ἀλλά
3510 3632 3605 3685 καὶ
3651 3632 3761 3703 μὴν
3800 3633 3831 3700 ἡ

2269 3733 2407 3805 αὐτὴ
2438 3733 2635 3805 πρᾶξις
2662 3732 2800 3804 πρὸς
2826 3734 2923 3804 τὴν
2956 3730 3090 3783 ἰδίαν
3117 3745 3176 3781 τε
3205 3727 3298 3781 καὶ
3330 3723 3614 3796 ἀλλοτρίαν
3639 3723 3722 3794 τῷ
3743 3724 3831 3777 ἀν-

2269 3822 2354 3894 δρλ⁸
2377 3825 2474 3894 τῆς
2506 3822 2788 3884 κοινωνίας
2807 3837 2820 3851 ·
2859 3822 2887 3875 ὁ
2919 3819 2975 3872 δὲ
3002 3815 3258 3888 λογισμὸς
3289 3813 3510 3885 χωρίζει
3530 3810 3610 3882 τῷ
3646 3808 3830 3881 σκοπῷ

2230 3946 2233 3949 -
2268 3915 2337 3968 τὰ
2366 3914 2757 3987 παραπλησίως
2781 3912 3057 3984 γινόμενα.

2343 4008 2462 4060 Ἔτι
2496 4007 2602 4079 μὴν
2632 4007 2695 4060 τὸ
2724 4005 2919 4076 κλέψαι
2961 4003 3111 4076 παρά
3145 4003 3240 4058 τοῦ
3288 4004 3562 4069 Μάνεντος
3589 4002 3659 4057 τὰ
3687 4004 3829 4075 πρὸς

2269 4100 2558 4172 ἐπιϐουλὴν
2603 4099 2752 4171 αύτῷ
2803 4100 3200 4172 παρακείμενα,
3231 4099 3264 4170 ἢ
3315 4100 3592 4172 ἐργαλεῖα,
3624 4100 3658 4171 ἦ
3699 4099 3823 4170 ὄψα,

2270 4192 2387 4257 πῶς
2418 4193 2517 4246 οὐκ
2548 4191 2613 4247 ἂν
2662 4190 2831 4257 δόξειε
2871 4186 3064 4247 ταύτόν
3105 4208 3169 4261 γε
3193 4187 3330 4246 εἶναι
3360 4191 3422 4244 τὸ
3463 4192 3623 4264 ἔργον
3655 4191 3821 4263 κλοπῇ

2268 4288 2335 4356 τῇ
2378 4284 2807 4355 διαϐεϐλημένῃ;
2858 4283 2919 4335 οὐ
2975 4283 3154 4353 μέντοι
3202 4282 3397 4336 ταύτὸν
3442 4283 3522 4355 τῷ
3552 4282 3822 4355 λογισμῷ,

2270 4377 2406 4431 ἀλλά
2444 4377 2618 4448 πάντη
2669 4376 2940 4447 διάφορον.
2972 4373 3115 4446 Πρὸς
3145 4375 3203 4428 δὲ
3241 4375 3451 4439 τούτοις
3482 4378 3532 4429 εἰ
3574 4375 3825 4446 ἀπαιτοίη

606 4465 787 4535 posuit
822 4480 973 4521 sanae
991 4466 1347 4520 mentis’cum
1373 4474 1538 4529 esset,
1567 4475 1626 4520 ut
1658 4483 1879 4523 necesse
1906 4467 1976 4523 sit
2004 4467 2053 4521 ei
2080 4466 2167 4522 cui

2275 4471 2463 4542 μανεὶς
2506 4468 2790 4538 ἄνθρωπος
2818 4468 2969 4536 ξίφος
2987 4508 3002 4532 ,
3035 4469 3171 4540 ὅπερ
3212 4468 3477 4542 παρέθετο
3506 4471 3723 4543 νήφων,
3753 4471 3825 4536 ὡς

606 4558 961 4617 commissum
1001 4567 1082 4613 est
1127 4557 1433 4628 depositum
1487 4559 1704 4613 mentiri
1746 4575 1851 4612 non
1904 4574 1964 4614 se
2007 4571 2164 4613 acce-

605 4648 773 4718 pisse,
802 4649 933 4719 quid
971 4648 1149 4705 verbis
1189 4647 1367 4703 dill'ert
1401 4649 1740 4704 mendacium
1772 4664 1802 4702 a
1847 4664 1974 4703 vera
2003 4648 2160 4718 perli-

603 4740 715 4808 dia,
748 4742 853 4801 nisi
877 4744 1158 4814 proposito
1191 4744 1620 4800 asseverantium
1648 4742 2076 4798 discernantur?

676 4922 748 4977 Ex
780 4924 865 4980 his
895 4925 1060 4996 igitur
1091 4935 1240 4997 patet
1286 4929 1558 4985 actionem
1609 4938 1669 4983 ut
1716 4926 2008 4997 plurimum
2057 4941 2164 4981 non

605 5030 702 5086 per
757 5030 817 5071 se
869 5019 1178 5087 explorari,
1218 5020 1319 5076 sed
1356 5030 1590 5077 mentem
1641 5021 1727 5075 vet
1781 5018 2166 5088 cogitationem

601 5101 724 5170 ejus
753 5104 848 5172 qui
874 5107 1137 5175 suscepit.
1167 5108 1367 5164 Eadem
1401 5111 1545 5165 ratio
1572 5110 1626 5164 in
1668 5108 1965 5164 contrariis
2009 5122 2167 5178 repe-

600 5194 700 5249 riri
734 5204 934 5265 potest.
986 5197 1044 5252 Si
1086 5199 1212 5269 quis
1235 5201 1379 5255 enim
1415 5203 1698 5272 pecuniam
1720 5201 1803 5257 vel
1848 5202 2165 5257 alimentum

600 5287 878 5358 impertiat
905 5292 1106 5362 egenti,
1138 5309 1250 5349 non
1282 5306 1341 5348 ut
1373 5296 1450 5350 illi
1483 5295 1714 5364 benigne
1751 5294 1933 5357 faciat,
1975 5293 2072 5350 sed
2108 5301 2168 5347 ut

600 5378 817 5437 laudem
846 5395 1036 5436 eorum
1057 5383 1151 5453 qui
1172 5383 1356 5438 vident
1389 5392 1724 5453 aucupetur;
1757 5399 1939 5439 nonne
1958 5384 2169 5454 perspi-

600 5485 764 5526 cuum
800 5482 884 5528 est
917 5473 1118 5530 factum
1150 5475 1369 5546 quidem
1399 5491 1521 5532 esse
1544 5477 1968 5546 pulcherrimum
1996 5486 2051 5534 et
2072 5478 2162 5533 be-

600 5562 847 5633 nignum,
873 5568 1209 5637 propositum
1243 5575 1421 5622 tamen
1447 5568 1605 5625 valde
1654 5569 1858 5626 humile
1905 5579 1959 5625 et
1986 5570 2167 5626 erimi-

604 5658 840 5712 nosum?
869 5657 925 5712 Si
957 5660 1081 5730 quis
1123 5660 1331 5731 prolixe
1350 5669 1600 5729 precetur
1636 5668 1690 5715 et
1738 5660 2049 5732 frequenter
2083 5661 2169 5730 je-

599 5744 775 5820 junet,
809 5751 1118 5827 religionem
1164 5763 1216 5810 et
1264 5754 1602 5818 tolerantiam
1641 5754 1952 5820 hominibus
1984 5763 2165 5813 osten-

2270 4562 2563 4629 ἀναγκαῖον
2588 4557 2823 4631 εἶναιτῷ
2852 4559 3230 4631 ὑποδεξαμένῳ
3256 4560 3559 4631 ψεύσασθαι
3585 4563 3661 4634 μὴ
3689 4562 3824 4633 είλη-

2270 4652 2459 4721 φέναιο
2502 4650 2644 4704 κατά
2695 4650 2749 4703 τί
2777 4650 2842 4704 ἂν
2879 4651 3122 4722 διαφέροι
3148 4653 3262 4715 τοῖς
3293 4653 3499 4723 ῥήμασι
3545 4652 3607 4707 τὸ
3640 4652 3824 4723 ψεῦδος

2270 4743 2407 4811 πρὸς
2437 4741 2535 4814 τὴν
2565 4741 2734 4805 ὅντως
2762 4742 3171 4813 ἀγνωμοσύνην,
3196 4745 3244 4796 εί
3280 4742 3355 4815 μὴ
3379 4743 3459 4814 τῷ
3497 4744 3686 4817 σκοπῷ
3712 4745 3822 4798 δια-

2220 4862 2225 4867 τ
2271 4837 2507 4908 κρίνοιτο
2532 4835 2639 4888 τῶν
2664 4835 3086 4906 ίσχυριζομένων
3110 4852 3124 4899 ς

2340 4928 2506 4998 Δῆλον
2534 4926 2818 4998 τοιγαροῦν
2852 4928 2917 4980 ὲκ
2945 4928 3149 4982 τούτων
3166 4967 3181 4991 ,
3210 4927 3287 4991 ὡς
3311 4928 3430 4984 οὐδὲ
3468 4932 3502 5001 ἡ
3534 4931 3731 5002 πρᾶξις
3753 4932 3823 4996 ὡς

2268 5021 2361 5073 ἐπὶ
2389 5020 2522 5073 πολὺ
2563 5020 2682 5073 καθ’
2731 5018 2926 5090 ἑαυτὴν
2972 5017 3357 5089 δοκιμάζεται,
3398 5020 3511 5078 ἀλλ’
3549 5023 3585 5093 ἡ
3625 5022 3824 5076 διάνοια

2269 5113 2363 5169 καί
2387 5114 2415 5164 ὁ
2441 5110 2697 5182 λογισμὸς
2731 5108 2825 5163 τοῦ
2855 5110 3128 5179 μετιόντος
3147 5126 3159 5139 ·
3199 5108 3349 5183 εὖροι
3380 5110 3488 5182 γὰρ
3515 5110 3584 5165 ἀν
3617 5129 3702 5176 τις
3739 5112 3825 5167 καὶ

2269 5206 2328 5258 ἐν
2351 5205 2463 5266 τοῖς
2499 5202 2758 5265 ἐναντίοις
2790 5201 2881 5254 τὸν
2920 5201 3080 5255 αὐτὸν
3122 5200 3297 5267 λόγον.
3345 5203 3408 5255 Εί
3430 5202 3540 5274 γὰρ
3574 5204 3822 5275 μεταδοίη

2266 5312 2350 5359 τις
2384 5293 2680 5367 χρημάτων
2720 5292 2754 5362 ἥ
2801 5292 3003 5363 τροφῆς
3045 5292 3122 5363 τῷ
3147 5295 3459 5364 οπενομὲνῳ,
3483 5295 3585 5348 οὐκ
3627 5297 3824 5349 ἐκεῖνον

2269 5386 2861 5460 φιλανθρωπευόμενος,
2886 5385 2976 5438 τὸν
3001 5386 3057 5439 δὲ
3089 5386 3239 5458 παρά
3260 5387 3368 5440 τῶν
3405 5386 3658 5459 ὁρώντων
3677 5388 3826 5442 ἐπαι-

2269 5496 2359 5534 νον
2388 5476 2701 5551 θηρώμενος
2725 5494 2738 5507 ·
2769 5476 2885 5540 πῶς
2910 5477 2971 5530 οὐ
3004 5476 3179 5547 δῆλον,
3206 5477 3279 5540 ὡς
3302 5476 3363 5530 τὸ
3384 5476 3484 5548 μὲν
3510 5476 3673 5550 ἔργον
3702 5476 3825 5531 κάλ-

2268 5573 2447 5627 λιστον
2477 5574 2572 5625 καὶ
2612 5569 3007 5641 φιλάνθρωπον,
3046 5571 3075 5622 ὁ
3104 5567 3162 5621 δὲ
3195 5569 3392 5631 σκοπὸς
3430 5567 3549 5622 λίαν
3576 5565 3822 5630 ταπεινὸς

2269 5665 2361 5718 καὶ
2393 5662 2843 5733 διαδεὸλημένοςς
2888 5663 2950 5714 Εἰ
2982 5661 3041 5714 δέ
3075 5678 3156 5725 τις
3196 5661 3289 5714 καὶ
3333 5662 3685 5731 προσεύχοιτο
3719 5677 3821 5731 μα·-

2272 5754 2398 5829 κρά,
2434 5754 2524 5807 καὶ
2557 5752 2800 5829 νηστεύει
2834 5753 3030 5817 πυκνὰ,
3066 5751 3365 5830 ἀνθρώποις
3402 5751 3686 5813 εὐλάϐειαν
3715 5751 3825 5823 ἅμα
