4064 6290
281 381 439 438 1109

1392 387 1764 445 ADVERSUS
1805 385 2226 444 MANICHIEOS
2265 385 2393 440 LIB.
2434 384 2477 440 1.

3407 379 3541 433 mo

273 499 390 550 καὶ
433 497 729 569 καρτερίαν
771 494 1235 571 ἐπιδεικνύμενος·
1284 499 1526 574 εὔδηλον,
1569 505 1645 569 ὠς
1677 507 1736 559 οὑ
1781 506 1868 561 διὰ

1978 515 2113 573 tans,
2145 505 2316 574 liquet
2347 519 2456 556 non
2491 515 2613 556 esse
2644 507 2866 570 propter
2895 512 3035 566 opus
3070 494 3420 554 laudandum,
3450 494 3542 548 sed

271 591 352 643 τὸ
386 590 548 662 ἔργον
575 591 638 644 ἂν
662 592 886 656 είκότως
914 594 1245 666 ἐπαινεθείη,
1279 595 1368 649 διὰ
1392 595 1448 649 δὲ
1483 597 1574 651 τὸν
1609 596 1733 652 νοῦν
1758 599 1865 652 τῶν

276 684 690 755 πραττομένων
737 685 985 759 ψεχθείη.
1030 688 1104 740 Οὐ
1143 687 1250 758 μὴν
1293 688 1406 742 ἀλλ’
1459 690 1512 742 εί
1563 708 1646 754 τις
1684 691 1867 760 ἕτερος

278 776 629 847 σωφρονοίη,
651 778 744 830 καὶ
766 778 873 831 τῶν
895 796 957 848 γε
986 779 1242 835 πλειόνων
1266 781 1566 853 ἐπιθυμιῶν
1591 784 1865 855 ἀπέχοιτο,

274 869 354 920 οὐ
420 866 573 939 πόθῳ
630 869 730 940 τῆς
780 870 1022 941 ἀρετῆς,
1072 873 1245 942 φειδοῖ
1274 873 1331 926 δέ
1388 874 1714 945 χρημάτων⁸
1769 877 1868 929 οὐκ

273 960 540 1032 εὔδηλον,
572 961 647 1026 ὼς
667 963 696 1014 ὁ
723 963 961 1028 τοιοῦτος
981 964 1068 1017 διὰ
1093 965 1262 1029 πάθος
1290 966 1476 1021 παθῶν
1501 967 1702 1040 ἐτέρων
1734 985 1869 1039 κρα-

274 1056 402 1116 τεῖ,
429 1053 598 1123 αὐτὴν
623 1053 687 1124 δὴ
715 1054 812 1126 τὴν
845 1055 984 1109 κατά
1008 1057 1068 1110 τὸ
1093 1057 1410 1128 φαινόμενον
1431 1059 1727 1131 καρτερίαν
1749 1060 1868 1113 ἀντὶ

273 1146 497 1209 κακίας
523 1144 599 1215 τῷ
623 1145 808 1216 σκοπῷ
835 1147 1263 1219 μετερχόμενος;
1302 1159 1306 1164 ’

362 1317 432 1370 Εἰ
451 1317 631 1372 τοίνυν
658 1318 913 1383 πολλάκις
935 1319 1028 1374 καὶ
1051 1321 1120 1375 τά
1142 1322 1471 1394 νομιζόμενα
1486 1324 1633 1378 κακά
1661 1327 1724 1396 τῇ
1751 1326 1867 1378 δια-

274 1408 418 1480 νοίᾳ
432 1408 525 1462 τοῦ
544 1410 870 1481 πράττοντος
900 1412 1080 1481 ἀγαθὰ
1097 1415 1472 1485 ἀναφαίνεται,
1492 1417 1524 1488 ἢ
1550 1417 1681 1489 μηδὲ
1699 1418 1865 1486 κακὰ,

279 1502 395 1553 καὶ
413 1501 719 1556 τούναντίον
739 1502 808 1556 τά
827 1503 920 1555 ἐπὶ
934 1504 995 1557 τὸ
1017 1504 1223 1574 βέλτιον
1240 1507 1617 1579 ὑπειλημμένα
1633 1509 1707 1572 ὼς
1723 1509 1870 1562 κακά

272 1590 630 1662 διελέγχεται
655 1597 719 1665 τῇ
748 1594 956 1665 αἱρέσει
983 1598 1078 1650 καὶ⁴
1110 1597 1188 1667 τῷ
1228 1598 1413 1670 σκοπῷ
1438 1599 1532 1652 τοῦ
1563 1600 1864 1670 μετιόντος·

278 1683 380 1748 τίς
413 1684 479 1738 ἂν
499 1685 592 1738 -ἐτι
620 1686 804 1740 λοιπὸν
831 1687 1132 1758 ἀντιλέγειν
1166 1689 1300 1759 ἔχοι,
1324 1691 1400 1755 ὼς
1431 1691 1528 1762 οὐχ
1558 1695 1612 1744 αἱ
1644 1693 1870 1763 πράξεις

277 1776 370 1838 ὡς
414 1777 508 1830 ἐπὶ
534 1778 666 1831 πολὺ
698 1778 851 1851 παρά
876 1797 938 1850 γε
964 1783 1028 1852 τῇ
1056 1781 1283 1854 ἀληθεία
1321 1782 1725 1854 δοκιμάζονται,
1758 1787 1786 1836 ό
1813 1783 1871 1836 δὲ

275 1866 422 1932 νοῦς
447 1871 565 1922 ἐστι
591 1870 700 1924 τῶν
728 1873 1113 1944 πραττομένων
1145 1877 1174 1928 ὁ
1199 1874 1652 1946 βασανιζόμενος;

357 2049 503 2101 Ποῖα
521 2049 699 2102 τοίνυν
726 2049 863 2124 ἔργα
886 2055 952 2124 τῇ
973 2053 1141 2124 κακίᾳ
1169 2053 1530 2125 λογιούμεθα;
1564 2053 1629 2106 τὰ
1654 2053 1870 2106 δοκοῦν-

274 2160 353 2195 τα
385 2139 530 2198 εἶναι
564 2145 730 2209 κακὰ,
761 2146 904 2217 ἅπερ
932 2148 1078 2201 ἐστὶν
1111 2148 1412 2217 ἀγαθά,ὅτε
1440 2148 1641 2220 ἀρετῆς
1669 2147 1871 2219 διανοίᾳ

278 2235 632 2319 πράττεταις
666 2240 800 2292 Ποῖα
837 2239 892 2292 δὲ
921 2239 998 2310 τῷ
1023 2240 1210 2311 ἀγαθῷ
1241 2240 1616 2311 ἀναθήσομεν;
1648 2238 1717 2291 τὰ
1743 2255 1869 2306 φαιο

277 2327 498 2398 νόμενα
526 2329 726 2397 ἀγαθὰ,
766 2328 907 2401 ἅπερ
946 2329 1188 2401 λογισμῷ
1217 2330 1360 2384 κακά
1396 2331 1635 2398 γίνεται;
1663 2327 1870 2382 οὐκοῦν

279 2420 591 2491 ἀποτόμως
620 2420 875 2492 οὐδέτερα
900 2421 1186 2493 οὐδετέρῳ·
1210 2421 1368 2492 μόνον
1397 2421 1456 2474 δὲ
1479 2421 1540 2475 τὸ
1565 2419 1870 2489 λογιστικὸν

279 2513 390 2564 καὶ
424 2512 897 2582 ἡγεμονικώτατον
932 2513 1026 2566 τοῦ
1057 2513 1149 2566 νοῦ
1180 2513 1274 2567 τοῦ
1302 2513 1630 2585 πράττοντος
1666 2512 1872 2584 διακρι-

284 2601 520 2672 νοῦμεν,
556 2603 783 2676 πότερον
813 2604 986 2676 ὀρθῶς
1035 2605 1297 2677 μετῆλθεν
1337 2607 1370 2679 ἢ
1419 2606 1492 2678 μὴ
1535 2606 1596 2659 τὸ
1639 2605 1873 2676 πραττόο

286 2712 463 2764 μενον
480 2712 494 2725 ο
524 2695 584 2748 τὸ
607 2696 662 2749 δὲ
686 2697 1158 2768 ἡγεμονικώτατον
1187 2700 1286 2770 τῆς
1315 2697 1408 2753 τοῦ
1444 2697 1732 2770 ἀνθρώπου
1759 2698 1872 2752 δια-

284 2788 473 2852 νοίας.
492 2790 574 2843 ὅτι
596 2791 908 2845 παντάπασι
940 2796 1182 2865 προσῆκε
1211 2793 1351 2846 κατὰ
1375 2793 1466 2847 τὸν
1491 2791 1698 2846 ἐκείνου
1717 2791 1873 2860 λόγον

283 2882 372 2953 τῷ
404 2882 634 2953 βελτίονι
661 2885 819 2956 μέρει
839 2885 938 2957 τῆς
962 2886 1157 2957 ψυχῆς,
1176 2887 1280 2940 κᾶν
1314 2887 1574 2959 μυριάκις
1601 2887 1873 2958 μαίνοιντο

287 2978 340 3030 οἱ
375 2979 445 3030 ἐκ
471 2977 566 3031 τοῦ
595 2980 890 3045 Μάνεντος,
919 2981 1017 3034 οὐκ
1049 2980 1115 3036 ἀν
1144 2982 1446 3054 ἀρνηθεῖεν.

369 3065 593 3120 Ἀδικον
622 3068 906 3141 τοιγαροῦν
936 3068 1213 3132 παντελῶς
1237 3069 1416 3141 κρίσιν
1446 3068 1585 3123 κατά
1615 3070 1714 3140 τῆς
1741 3073 1868 3140 παρ’

289 3156 466 3210 αὑτοῦ
496 3159 868 3229 πεποιημένης
898 3159 1028 3231 ὕλης
1063 3160 1372 3230 ἐξενήνοχεν
1419 3161 1446 3213 ὁ
1476 3160 1687 3229 Μάνης,
1726 3161 1872 3212 ἀντι-

327 3250 472 3314 εὶςᾶ
509 3253 771 3323 μηδαμῶς
804 3254 939 3323 αὐτῇ
977 3253 1272 3325 προσῆκεν,
1310 3255 1424 3322 εἴγε
1459 3253 1552 3305 καὶ
1579 3253 1873 3323 ἐτύγχανεν

285 3337 433 3396 οὖσα
486 3343 594 3397 τῶν
671 3345 820 3415 παρά
892 3344 1199 3417 ἀνθρώποις
1253 3345 1639 3416 πραττομένων
1688 3345 1834 3398 αἰτία
1861 3363 1873 3375 ·

286 3435 607 3490 τούναντίον
633 3436 687 3490 δὲ
713 3437 913 3508 μᾶλλον
934 3439 1032 3509 τῆς
1053 3438 1145 3491 τοῦ
1168 3437 1371 3506 ἀγαθοῦ
1401 3437 1614 3510 μερίδος
1641 3437 1874 3506 εὐλόγως

283 3525 356 3584 ἂν
386 3519 710 3600 νομισθείη,
745 3529 857 3598 εἴγε
903 3530 1159 3595 ἐναντίως
1208 3529 1299 3583 δύο
1337 3529 1479 3593 τινές
1531 3531 1666 3583 εἰσιν
1711 3529 1876 3601 ἀρχαὶ

285 3619 435 3674 κατὰ
469 3620 564 3691 τὴν
591 3622 800 3674 ἐκείνου
826 3623 1044 3692 μανίαν.

1975 607 2196 670 propter
2221 605 2458 652 mentem
2489 608 2652 664 quant
2679 592 2732 646 in
2763 593 2830 645 iis
2854 605 2974 660 quae
3009 588 3138 643 fecit
3184 586 3374 640 habuit
3403 587 3539 638 vitu-

1969 689 2292 761 perandum.
2339 686 2648 754 Quinetiam
2697 683 2742 738 si
2785 683 2911 752 quis
2941 681 3082 735 alius
3113 690 3420 741 temperans
3451 676 3542 736 sit,

1968 797 2023 839 et
2065 799 2095 836 a
2142 781 2332 836 multis
2361 777 2756 843 cupiditatibus
2819 774 3088 830 abstineat
3121 787 3228 825 non
3270 767 3543 821 desiderio

1968 875 2209 940 virtutis,
2243 874 2337 929 sed
2368 880 2429 926 ut
2465 870 2705 942 pecunia:
2734 879 2943 938 parcat.
2995 879 3174 919 annon
3207 863 3340 918 satis
3370 859 3544 914 mani-

1969 968 2169 1022 festum
2203 973 2289 1021 est
2330 965 2478 1018 hunc
2507 963 2600 1032 qui
2641 961 2720 1016 sic
2758 967 2863 1021 est.
2889 957 3173 1012 aﬂ'ectione
3229 953 3543 1009 aﬂcctiones

1970 1059 2104 1113 alias
2132 1058 2387 1118 vincere,
2437 1056 2611 1125 ipsam
2666 1067 2793 1108 vero
2829 1049 3171 1106 tolerantiam
3225 1045 3404 1116 specie
3449 1060 3543 1098 ex-

1970 1153 2244 1207 trinsecus
2278 1154 2574 1220 apparente
2603 1161 2703 1216 pro
2734 1143 2975 1214 nequitia
3023 1141 3206 1195 animo
3251 1146 3306 1194 ct
3341 1151 3541 1207 propo-

1969 1246 2076 1302 sito
2108 1242 2421 1313 suscipere?

2042 1338 2095 1392 Si
2129 1337 2292 1407 igitur
2325 1350 2466 1404 saepe
2490 1349 2610 1403 quae
2641 1347 2804 1401 prava
2833 1330 3234 1391 existimantur,
3266 1343 3331 1382 ex
3362 1326 3543 1378 animo

1971 1429 2222 1484 facientis
2251 1428 2481 1482 honesta
2511 1441 2634 1480 esse
2666 1431 2956 1493 apparent;
2988 1421 3070 1475 vel
3093 1435 3212 1490 qua:
3238 1432 3344 1472 non
3377 1430 3542 1486 prava

1969 1521 2375 1580 existimantur,
2409 1517 2504 1574 sed
2558 1524 2752 1571 contra
2787 1515 2971 1585 potius
3022 1513 3248 1566 honesta
3301 1518 3356 1564 et
3400 1510 3541 1562 bona

1971 1619 2252 1682 putantur,
2299 1611 2583 1664 voluntate
2613 1615 2667 1662 et
2697 1607 2981 1678 preposito
3018 1602 3372 1673 suscipientis
3405 1615 3541 1654 con—

1970 1705 2264 1760 vincuntur
2297 1701 2574 1772 nequitiae,
2607 1700 2732 1770 quis
2775 1699 2887 1770 jam
2919 1705 3098 1768 potest
3129 1693 3501 1750 contradicere
3527 1731 3540 1752 ,

1970 1811 2036 1850 ex
2069 1811 2260 1866 magna
2297 1801 2449 1865 parte
2477 1794 2722 1848 actiones
2768 1806 2876 1847 non
2930 1789 3072 1860 apud
3126 1787 3407 1844 veritatem
3457 1801 3546 1838 ex-

1972 1888 2208 1957 plorari;
2239 1897 2471 1942 mentem
2495 1900 2624 1940 vero
2667 1899 2810 1948 esse,
2847 1899 2966 1953 quae
3015 1882 3068 1936 in
3110 1881 3176 1936 iis
3205 1894 3326 1950 qua:
3372 1893 3544 1948 agun-

1973 1987 2080 2039 tur,
2109 1979 2416 2033 excutitur?
3130 2016 3139 2026 .

2040 2059 2171 2125 Quae
2193 2059 2358 2131 igitur
2386 2074 2552 2128 opera
2577 2059 2916 2114 ascribemus
2943 2054 3231 2125 nequitiae?
3249 2053 3411 2107 illane
3425 2065 3547 2120 quae

1971 2151 2222 2207 videntur
2246 2152 2406 2216 mala,
2435 2167 2556 2220 qua:
2587 2151 2805 2222 quidem
2838 2157 2965 2205 sunt
2993 2149 3157 2209 bona,
3205 2143 3426 2215 quando
3451 2157 3546 2197 ra-

1971 2248 2118 2300 tione
2148 2245 2366 2300 virtutis
2413 2244 2582 2299 ﬁunt?
2638 2244 2769 2310 Quae,
2821 2258 2949 2298 vero
3000 2240 3334 2296 asciscemus
3368 2234 3550 2291 bono?

1973 2354 2042 2392 an
2091 2353 2212 2408 quae
2255 2345 2520 2407 apparent
2565 2338 2704 2392 bona
2733 2352 2876 2400 esse,
2909 2349 3029 2404 quae
3075 2332 3292 2402 quidem
3338 2328 3549 2382 ratione

1971 2423 2115 2479 mala
2136 2425 2319 2478 ﬁunt?
2345 2425 2517 2495 Igitur
2535 2433 2728 2480 neutra
2751 2423 2929 2478 neutri
2955 2419 3297 2478 solummodo
3320 2436 3332 2471 :
3370 2417 3546 2471 solum

1971 2516 2262 2580 rationem,
2301 2523 2354 2570 et
2401 2516 2544 2588 quod
2576 2516 2631 2570 in
2673 2525 2853 2570 mente
2885 2515 3151 2568 actionem
3187 2505 3537 2578 suscipientis

1972 2607 2303 2677 praecipuum
2325 2613 2429 2671 est,
2461 2605 2906 2675 dijudicabimus,
2941 2612 3121 2658 utrum
3170 2611 3318 2656 recte
3361 2613 3550 2654 susce-

1971 2700 2074 2770 pit,
2104 2715 2171 2753 an
2201 2715 2382 2755 secus.
2408 2698 2564 2766 Quod
2591 2709 2770 2754 autem
2797 2697 3032 2752 maxime
3077 2693 3372 2766 principale
3399 2707 3550 2746 men-

1971 2795 2041 2850 tis
2072 2793 2308 2850 hominis
2333 2801 2438 2857 est,
2466 2795 2736 2862 pertinere
2774 2792 2841 2846 ad
2869 2790 3146 2846 meliorem
3197 2794 3405 2858 partem
3438 2785 3554 2838 ani-

1971 2899 2107 2948 mae,
2141 2891 2202 2938 ut
2230 2884 2319 2938 ille
2361 2883 2566 2950 tradit,
2619 2883 2744 2938 licet
2800 2882 3010 2937 infinite
3063 2879 3340 2935 insaniant
3375 2877 3549 2932 Mani-

1971 2976 2132 3038 chzei,
2165 2992 2274 3030 non
2302 2983 2533 3046 possunt
2570 2991 2786 3046 negare.

2043 3066 2293 3136 Iniquum
2325 3067 2490 3137 igitur
2529 3065 2795 3136 judicium
2829 3064 3197 3135 pronuntiavit
3222 3060 3552 3116 Manichacus

1970 3167 2162 3212 contra
2193 3159 2474 3213 materiam
2510 3174 2541 3212 a
2585 3173 2645 3214 se
2699 3156 2924 3224 factam,
2978 3155 3264 3225 assignans
3314 3151 3392 3206 illi
3435 3167 3554 3222 quae

1978 3253 2128 3307 nullo
2157 3261 2317 3322 pacto
2349 3254 2397 3308 ei
2448 3253 2886 3317 conveniebant,
2931 3252 2978 3307 si
3027 3266 3215 3306 eorum
3261 3264 3383 3320 quae
3411 3249 3554 3317 apud

1984 3345 2233 3400 homines
2262 3343 2432 3410 ﬁunt,
2487 3359 2654 3400 causa
2689 3352 2824 3399 erat.
2883 3344 2995 3399 lmo
3045 3350 3235 3398 contra
3270 3340 3452 3411 potius
3485 3338 3553 3392 ad

1985 3445 2196 3509 partem
2230 3437 2356 3492 boni
2393 3438 2782 3493 convenienter
2825 3436 3018 3491 rationi
3057 3435 3331 3506 pertinere
3363 3429 3554 3486 existi-

1979 3539 2294 3594 marentur,
2363 3530 2411 3585 si
2473 3530 2582 3587 duo
2652 3529 2899 3600 quazdam
2957 3527 3226 3600 principia
3281 3521 3556 3581 contraria

1980 3630 2128 3687 sunt,
2159 3633 2216 3678 ut
2248 3622 2337 3677 ille
2372 3622 2566 3678 insane
2599 3621 2783 3676 tradit.

469 3753 600 3810 CAP.
639 3753 830 3808 XXIX.
869 3756 950 3808 An
981 3763 1291 3824 potestatem
1323 3753 1624 3822 absorptam
1663 3755 1853 3808 iterum
1894 3758 2080 3820 recepit
2117 3755 2272 3812 Deus.
2311 3755 2541 3812 Manetis
2573 3755 2907 3824 blasphemia:
2931 3753 3179 3808 adversus
3204 3750 3392 3806 Deum.

366 3872 704 3937 Σπουδάζειν
755 3873 812 3926 δέ
843 3890 974 3944 φησι
1008 3874 1097 3926 τὸν
1143 3873 1274 3929 Θεὸν
1322 3873 1423 3942 τὴν
1476 3872 1877 3927 καταποθεῖσαν

293 3969 552 4039 δύναμιν,
577 3968 642 4036 ἢν
666 3966 821 4020 καλεῖ
838 3964 1015 4036 ψυχὴν
1041 3965 1315 4031 ἁπάντων,
1334 3961 1490 4029 αὖθις
1523 3965 1660 4034 πρὸς
1691 3965 1879 4018 ἐαυτὸν

296 4058 663 4124 ἀναδέξασθαι
687 4076 701 4090 ο
725 4057 812 4110 ἵνα
837 4056 911 4129 μὴ
939 4056 998 4110 τὸ
1015 4057 1208 4110 ἑαυτοῦ
1239 4057 1560 4127 ἀπεράντως
1589 4057 1676 4114 ἀεὶ
1709 4074 1877 4128 προσ-

298 4151 585 4223 δεδεμένον
617 4153 684 4222 τῇ
719 4149 840 4221 ὕλῃ,
869 4150 961 4203 καὶ
987 4150 1396 4222 τιμωρούμενον
1428 4150 1667 4222 διατελῇ.
1699 4149 1764 4202 Τί
1788 4143 1882 4202 οὖν

298 4247 402 4317 τὴν
433 4243 610 4316 ἀρχὴν
644 4242 982 4315 παρεϐάλετο
1021 4240 1206 4308 τοῦτο,
1238 4242 1379 4296 ὥστε
1419 4241 1670 4297 τοσοῦτον
1712 4243 1882 4298 αἰῶνα

309 4337 436 4410 μηδ’
458 4334 792 4390 ἀναπνεῦσαι
816 4335 1130 4407 δυνηθῆναι,
1155 4337 1248 4389 καὶ
1277 4336 1439 4390 πλέον
1463 4337 1652 4390 παθεῖν
1683 4333 1882 4406 μᾶλλον

305 4431 341 4502 ἢ
370 4431 602 4500 δρᾶσαι;
638 4429 700 4482 El
734 4429 830 4500 μὲν
856 4429 965 4500 γὰρ
997 4432 1271 4500 περιεῖχεν
1293 4431 1321 4483 ὁ
1347 4429 1536 4501 μῦθος,
1558 4431 1634 4494 ὠς
1661 4428 1751 4483 τοῦ
1783 4429 1881 4500 μὲν

2051 3873 2192 3930 Dicit
2225 3883 2486 3946 praeterea
2538 3873 2816 3931 studuisse
2863 3871 3069 3936 Deum,
3125 3877 3188 3924 ut
3233 3870 3557 3940 potestatem

1982 3967 2291 4038 absorptam
2319 4009 2332 4031 ,
2375 3983 2538 4038 quam
2571 3975 2730 4022 vocat
2780 3965 3018 4020 animam
3051 3963 3290 4017 omnium
3312 3999 3327 4026 ,
3362 3973 3557 4012 rursus

1982 4057 2050 4110 ad
2085 4074 2144 4113 se
2180 4059 2479 4129 reciperet;
2508 4073 2577 4113 ne
2608 4059 2752 4130 quod
2792 4065 2910 4114 erat
2941 4074 3004 4114 ex
3041 4054 3451 4128 ipso,vmateriae
3479 4055 3560 4108 al-

1984 4147 2230 4218 ligatum,
2276 4158 2330 4202 et
2363 4149 2419 4202 in
2456 4149 2724 4220 supplicio
2764 4163 2978 4218 semper
3010 4147 3128 4205 sine
3157 4143 3268 4199 ullo
3299 4141 3402 4196 ﬁne
3432 4153 3560 4209 per-

1988 4249 2249 4296 maneret.
2283 4241 2423 4308 Quid
2461 4243 2624 4318 igitur
2656 4242 2925 4314 principio
2967 4241 3070 4295 hoc
3105 4235 3477 4310 protrahebat,
3503 4239 3562 4286 ut

1986 4341 2068 4388 tot
2105 4333 2319 4389 saeculis
2347 4350 2523 4404 neque
2550 4335 2824 4405 respirare
2847 4340 3051 4405 posset,
3077 4339 3130 4387 et
3157 4330 3330 4402 magis
3359 4335 3564 4398 patere-

1986 4433 2079 4479 tur
2111 4441 2274 4498 quam
2307 4427 2524 4497 ageret?
2559 4426 2615 4480 Si
2667 4427 2813 4482 enim
2845 4426 2901 4480 in
2947 4424 3129 4479 fabula
3156 4429 3345 4485 esset,
3390 4419 3558 4474 Deum

307 4518 446 4573 Θεοῦ
484 4518 648 4589 μηδὲν
689 4519 1033 4592 ὑϐρισθέντος
1066 4521 1143 4584 είς
1180 4520 1280 4592 τὴν
1323 4520 1457 4574 ἰδίαν
1488 4521 1704 4584 οὐσίαν,
1745 4521 1877 4593 μήτε

1986 4517 2205 4590 quidem
2242 4518 2445 4572 nullam
2474 4518 2862 4573 contumeliam
2905 4517 2960 4571 in
2997 4514 3358 4571 substantiam
3405 4526 3560 4566 suam

313 4609 456 4666 κατά
481 4609 614 4684 γοῦν
637 4611 698 4664 τὸ
729 4610 1064 4682 βραχύτατον
1095 4611 1440 4684 ἐνσχεθέντος
1471 4612 1590 4668 λίαν
1621 4612 1885 4684 ἀπρεπῶς

310 4705 377 4774 τῇ
433 4701 536 4772 ὕλῃ
561 4741 576 4764 ,
601 4682 736 4755 ’ἀλλ’
781 4703 966 4774 ἐτέρου
1016 4703 1078 4776 δή
1126 4682 1268 4768 τινος
1313 4682 1742 4776 ἀλλοτριωτάτου
1789 4703 1888 4777 τῆς

311 4792 476 4848 αὐτοῦ
505 4790 746 4862 φύσεως,
779 4791 896 4863 ἅμα
940 4793 996 4846 δέ
1043 4794 1138 4847 καὶ
1177 4794 1339 4858 εὐθὺς
1387 4794 1754 4867 ἐξαιρεθέντος
1795 4795 1889 4848 καὶ

313 4882 542 4947 τούτου,
595 4882 670 4946 ὡς
705 4884 763 4936 ἐν
805 4882 960 4954 τύπῳ
1006 4884 1204 4954 μᾶλλον
1244 4885 1276 4958 ἦ
1325 4885 1748 4940 ὑποκατακλίσει
1791 4886 1888 4957 τὴν

313 4973 570 5047 τοιαύτην
605 4975 932 5048 πεποιῆσθαι
964 4975 1139 5032 δοκεῖν
1185 4978 1600 5052 μεταχείρησιν,
1637 4978 1792 5050 ἔσχεν
1824 4978 1890 5032 ἂν

315 5067 376 5122 τὸ
409 5065 538 5136 γοῦν
563 5067 785 5122 πιθανὸν
811 5070 868 5122 ἐν
899 5068 1082 5139 ψεύδει
1110 5069 1170 5122 τὸ
1199 5069 1441 5143 πλάσμα.
1474 5071 1609 5125 Νυνὶ
1637 5071 1692 5125 δὲ
1722 5071 1886 5126 ἀπλε-

317 5176 404 5222 τος
434 5158 532 5228 μὲν
561 5158 716 5223 αἰὼν,
750 5161 844 5214 καὶ
881 5160 1040 5215 τοῦτο
1079 5161 1141 5234 δή
1178 5180 1338 5231 φασιν
1367 5165 1430 5216 ἐκ
1463 5164 1562 5234 τῆς
1589 5163 1800 5234 φύσεως
1832 5163 1891 5216 ὃν

319 5248 411 5302 τοῦ
441 5247 577 5301 Θεοῦ
621 5249 1017 5323 καθειργμένον
1065 5252 1359 5307 διατελεῖνο
1405 5253 1481 5318 ὡς
1537 5254 1698 5316 αὐτὸν
1755 5250 1892 5309 εἶναι

321 5343 494 5395 δοκεῖν
516 5341 606 5394 τὸν
627 5344 987 5414 κατεχόμενον
1007 5347 1071 5416 τῇ
1094 5346 1370 5418 ὁμοιότητι
1389 5347 1483 5400 τοῦ
1505 5348 1890 5419 κατεχομένου,

326 5431 522 5504 καὶτῷ
554 5451 617 5503 γε
663 5437 726 5490 ἐκ
771 5435 866 5507 τῆς
911 5437 1126 5507 φύσεως
1163 5438 1327 5501 αὑτοῦ
1374 5439 1531 5492 τοῦτο
1573 5442 1888 5512 τυγχάνειν·

325 5527 444 5580 ὅθεν
487 5529 581 5582 καὶ
621 5529 824 5583 πλείονί
853 5548 915 5598 γε
954 5531 1156 5602 σπουδῇ
1193 5534 1329 5605 πρὸς
1363 5534 1555 5586 ἐαυτὸν
1583 5529 1740 5598 αὖθις
1770 5536 1895 5589 ἀνα-

327 5619 574 5688 λέξασθαι
602 5624 757 5678 τοῦτο
801 5625 984 5678 ποθεῖ·
1023 5627 1056 5698 ἡ
1097 5626 1153 5679 δὲ
1203 5606 1301 5697 ῦλη
1349 5627 1496 5697 ἁπλῆ
1544 5628 1637 5686 καὶ
1683 5627 1894 5700 ἀπαθὴς

329 5711 580 5788 ὑπάρχει,
621 5717 696 5782 ὡς
730 5717 974 5789 δράσασα
1015 5719 1215 5792 μᾶλλον
1247 5721 1277 5791 ἢ
1311 5703 1575 5776 παθοῦσα.

1698 5857 1773 5891 ,ι’-

1986 4608 2297 4680 accepisse,
2341 4624 2518 4680 neque
2546 4610 2630 4664 vel
2673 4608 2952 4679 paululum
3001 4606 3283 4660 inhaesisse
3318 4600 3561 4656 materiae

1986 4686 2144 4757 valde
2171 4701 2479 4770 indecorae,
2513 4702 2607 4757 sed
2642 4702 2806 4756 alium
2839 4698 3129 4771 quemdam
3163 4695 3559 4751 alienissimum

1989 4809 2020 4848 a
2049 4802 2244 4848 natura
2272 4794 2414 4870 ejus,
2440 4801 2494 4849 et
2530 4794 2678 4848 hunc
2706 4793 2969 4848 continuo
3020 4796 3264 4860 ereptum
3297 4803 3451 4852 esse,
3490 4785 3567 4840 ita

1989 4896 2048 4942 ut
2073 4888 2384 4958 hujusmodi
2416 4888 2707 4959 prehensio
2750 4887 2924 4958 magis
2979 4883 3291 4956 apparendo
3338 4884 3392 4937 in
3438 4895 3565 4952 spc-

1989 4981 2149 5046 ciem,
2184 4997 2348 5053 quam
2388 4979 2795 5037 succumbcndo
2829 4978 2970 5033 facta
2993 4993 3115 5034 esse
3141 4977 3436 5039 videretur,
3467 4975 3566 5029 ha-

1991 5073 2200 5128 buisset
2227 5083 2592 5127 commentum
2623 5072 2844 5142 paulum
2881 5072 3071 5126 saltem
3109 5071 3176 5126 ad
3228 5069 3564 5126 suadendum

1992 5165 2046 5218 in
2083 5163 2386 5219 mendacio.
2426 5162 2582 5218 Nunc
2627 5178 2758 5218 vero
2799 5163 3126 5218 immensum
3180 5163 3437 5218 saaculum
3471 5175 3566 5228 po-

1992 5265 2150 5318 nunt,
2207 5261 2263 5308 et
2311 5254 2415 5308 hoc
2459 5270 2581 5310 esse
2607 5270 2672 5309 ex
2729 5263 2922 5308 natura
2958 5251 3073 5315 Dei,
3103 5265 3325 5305 manere
3373 5248 3569 5301 vincu-

1994 5345 2063 5400 lis
2096 5345 2457 5400 constrictum
2481 5385 2496 5412 ,
2551 5353 2613 5399 ut
2652 5347 2768 5415 ipse
2790 5342 2947 5400 Deus
2984 5341 3414 5412 comprehensus
3443 5351 3568 5392 esse
3600 5399 3617 5425 τ’

1993 5437 2246 5494 videatur
2278 5444 2501 5508 propter
2551 5435 2960 5492 similitudinem
3014 5434 3136 5502 ejus
3175 5431 3268 5501 qui
3312 5430 3569 5485 detentus

1995 5538 2101 5595 est,
2124 5538 2178 5585 et
2211 5529 2339 5599 quia
2386 5529 2489 5584 hoc
2522 5529 2664 5600 quod
2695 5538 2912 5599 captum
2944 5525 3246 5586 tenebatur,
3276 5536 3342 5577 ex
3375 5528 3570 5576 natura

1997 5624 2116 5692 ejus
2144 5630 2292 5691 erat;
2328 5623 2472 5678 unde
2497 5622 2704 5692 majore
2722 5621 2902 5676 studio
2920 5619 2983 5672 ad
3009 5618 3268 5687 scipsum,
3314 5623 3373 5669 ut
3396 5614 3568 5677 aiunt,

1999 5715 2316 5786 recolligere
2374 5714 2753 5770 desiderabat:
2811 5710 3034 5765 materia
3098 5714 3276 5762 autem
3342 5705 3570 5775 simplex

1951 5857 1954 5860 ι
2002 5815 2117 5865 erat
2144 5815 2195 5865 et
2222 5806 2467 5880 ἀπαθής,
2515 5815 2697 5878 utpote
2730 5805 2901 5875 magis
2941 5818 3104 5874 agens
3142 5816 3304 5874 quam
3335 5799 3568 5873 patiens.
