4064 6290
522 352 659 416 “il

529 565 737 635 posuit,
766 562 834 617 ad
858 562 1252 632 blasphemiam
1279 562 1374 619 Dei
1415 563 1810 633 composuisse,
1833 564 1926 634 qui
1956 564 2091 619 nihil

531 658 725 713 horum
746 662 937 710 contra
965 670 1027 711 se
1065 654 1212 710 fecit.
1248 654 1436 726 itaque
1462 656 1596 722 vult,
1631 655 1831 726 inquit,
1876 667 1930 711 et
1974 664 2092 713 stu-

531 747 643 811 det,
676 753 732 800 ut
757 745 823 800 ad
857 761 918 803 se
959 746 1186 817 recipiat
1212 747 1361 802 illam
1406 749 1705 803 virtutem:
1753 757 1809 803 et
1839 748 1953 803 haec
2010 758 2095 805 est

532 838 675 907 apud
705 840 853 907 ipsos
879 838 1028 895 salus
1053 847 1365 911 exspectata
1404 848 1460 897 et
1498 840 1802 905 beatitudo,
1835 856 1958 898 esse
1984 844 2093 898 sci-

532 926 659 982 licet
690 928 961 983 redditum
990 929 1121 996 Deo,
1145 931 1291 1003 quod
1315 942 1433 987 erat
1473 932 1594 1003 ejus
1618 934 1923 1003 proprium.
1972 932 2094 1003 Ipse

535 1018 699 1088 igitur
721 1021 1070 1091 exspectabat
1097 1023 1201 1079 sibi
1252 1024 1411 1079 linem
1429 1062 1444 1085 ,
1474 1038 1703 1093 sperans
1733 1024 1978 1094 accipere
2005 1024 2097 1078 be-

536 1109 819 1179 neficium;
853 1111 1123 1183 siquidem
1145 1120 1567 1185 recuperaturus
1591 1121 1708 1176 est,
1734 1115 1878 1185 quod
1906 1130 1971 1170 ex
2001 1129 2098 1167 ua-

534 1207 658 1256 tura
690 1202 808 1272 ejus
833 1212 936 1271 est,
968 1205 1297 1275 libertatem;
1327 1216 1387 1263 ut
1412 1224 1531 1279 qua:
1549 1208 2099 1274 destruxitaedificet,

534 1301 590 1350 et
618 1294 754 1348 nihil
779 1295 948 1363 aliud,
988 1309 1043 1355 et
1073 1314 1170 1369 spe
1195 1301 1434 1356 nutritus
1459 1301 1641 1358 sedeat
1659 1303 1898 1357 tolerans
1918 1340 1934 1365 ,
1971 1311 2025 1355 et
2045 1301 2102 1355 in

537 1392 698 1448 finem
723 1391 963 1456 intuens,
986 1397 1047 1445 ut
1075 1406 1136 1447 se
1165 1392 1341 1461 ipsum
1378 1393 1774 1462 quodammodo
1802 1407 1832 1447 a
1863 1392 2104 1463 nequitia

536 1485 769 1540 liberet:
801 1483 947 1554 quod
986 1482 1202 1553 quidem
1238 1484 1286 1540 si
1338 1485 1683 1551 retardetur,
1739 1491 1793 1539 et
1839 1499 1950 1539 non
1993 1484 2104 1540 cito

539 1580 653 1643 fiat,
680 1577 798 1648 ipse
829 1578 902 1633 sit
929 1576 1023 1648 qui
1050 1576 1309 1632 tarditate
1333 1577 1577 1647 punitur.

1679 353 1816 410 TITI
1855 354 2281 414 BOSTRENSIS
2317 356 2645 421 EPISCOPI’,

602 469 684 528 Ex
709 473 796 528 liis
824 470 1150 543 perspicitur
1194 470 1376 527 omnia
1421 486 1543 540 quae
1572 470 1663 526 ille
1698 472 1897 542 planus
1941 487 2094 528 com-
2121 480 2169 536 Α

3625 360 3799 416 {HQ

2286 476 2379 528 Ἐκ
2409 475 2612 529 τούτων
2656 492 2718 544 γε
2746 474 2924 545 δῆλον,
2963 475 3038 539 ὡς
3080 475 3294 530 ἅπαντα
3320 474 3356 529 ἀ
3399 474 3716 545 συνέθηκεν
3757 479 3794 531 ὁ

2195 566 2424 632 πλάνος,
2472 570 2553 632 είς
2587 567 2934 638 βλασφημίαν
2982 566 3290 621 συντέθεικε
3336 567 3430 621 τοῦ
3464 567 3636 633 Θεοῦ,
3676 568 3794 622 τοῦ

2197 658 2362 730 μηδὲν
2389 659 2591 714 τούτων
2639 659 2762 714 καθ’
2800 657 2995 714 ἑαυτοῦ
3045 660 3431 731 πεποιηκότος⁸
3476 660 3796 715 ἀναλαϐεῖν

2196 750 2374 805 τοίνυν
2422 750 2558 823 πρὸς
2609 752 2800 805 ἑαυτὸν
2857 750 3028 805 ἐθέλει
3058 752 3154 805 καὶ
3203 752 3523 817 σπουδάζει,
3563 751 3790 822 φησιν,

2198 841 2411 912 ἐκείνην
2437 839 2533 912 τὴν
2556 840 2784 910 δύναμιν
2803 840 2937 913 (11⁸)
2956 858 2969 871 ’
2999 842 3094 894 καὶ
3114 841 3273 895 τοῦτό
3299 841 3365 911 γέ
3394 844 3539 895 ἐστιν
3572 843 3605 912 ἠ
3633 840 3795 913 παρ’

2199 931 2380 995 αὑτοῖς
2409 928 2734 1002 ἐλπιζομένη
2777 931 3018 1004 σωτηρία
3039 932 3131 985 καί
3160 933 3519 1004 μακαριότης,
3543 933 3607 985 τὸ
3629 934 3795 985 ἀπο-

2201 1022 2417 1095 δοθῆναί
2453 1041 2518 1094 γε
2546 1023 2622 1094 τῷ
2649 1024 2769 1096 Θεῷ
2796 1025 2858 1078 τὸ
2884 1027 3081 1079 οἰκεῖον
3118 1024 3304 1081 αὑτοῦ.
3329 1026 3449 1097 Ἆρ’
3487 1021 3580 1079 οὗν
3604 1024 3795 1088 αὐτὸς

2201 1115 2281 1178 είς
2314 1115 2502 1169 ἐαυτὸν
2531 1116 2787 1188 ἀναμένει
2823 1118 2884 1169 τὸ
2923 1117 3076 1178 τέλος
3108 1117 3340 1180 ἐλπίζων
3375 1118 3451 1181 ὡς
3476 1119 3798 1188 εὐεργετη-

2205 1206 2430 1277 σὸμενος
2450 1247 2464 1270 ,
2509 1208 2622 1277 εῐγε
2675 1207 2916 1279 μέλλοιτο
2963 1210 3026 1263 ἐκ
3062 1210 3160 1281 τῆς
3203 1209 3416 1280 φύσεως
3462 1209 3624 1263 αὑτοῦ
3672 1208 3794 1278 τὴν

2203 1300 2512 1372 ἐλευθερίαν
2551 1300 2983 1368 ἀπολαμϐάνεινο
3021 1302 3109 1355 ἴνα
3152 1302 3188 1356 ἃ
3235 1302 3526 1356 κατέλυσεν
3568 1299 3795 1353 οἰκοδο-

2209 1392 2377 1462 μήσῃ,
2405 1392 2498 1444 καὶ
2545 1390 2706 1445 πλέον
2746 1392 2932 1445 οὐδέν·
2980 1391 3073 1445 καὶ
3100 1394 3167 1462 τῇ
3221 1390 3393 1445 ἐλπίδι
3437 1390 3795 1460 τρεφόμενος

2205 1479 2440 1550 κάθηται
2486 1480 2788 1554 καρτερῶν,
2828 1483 2923 1536 καὶ
2952 1482 3088 1554 πρὸς
3117 1481 3179 1534 τὸ
3212 1480 3373 1546 τέλος
3403 1481 3647 1551 ἀφορῶν,
3691 1481 3794 1532 ἵνα

2209 1569 2401 1622 ἑαυτὸν
2431 1570 2632 1640 τρόπον
2664 1569 2785 1624 τινὰ
2823 1571 2922 1642 τῆς
2965 1571 3164 1635 κακίας
3199 1569 3573 1643 ἐλευθερώσῃο
3622 1562 3687 1622 οὗ
3724 1570 3793 1622 δὲ

2211 1659 2561 1732 βραδύνοντος
2579 1700 2595 1725 ,
2640 1662 2735 1715 καὶ
2771 1663 2845 1735 μὴ
2893 1661 3086 1716 θᾶττον
3119 1662 3469 1733 γιγνομένου,
3512 1662 3675 1726 αὑτὸς
3716 1661 3793 1715 ἂν

2211 1753 2296 1823 εἴη
2327 1752 2415 1806 διὰ
2443 1754 2542 1824 τῆς
2581 1754 2909 1826 βραδύτητος
2933 1756 2962 1808 ό
2989 1753 3416 1825 τιμωρούμενος.

614 1837 807 1909 Liquet
832 1838 976 1895 enim
1003 1854 1119 1907 non
1149 1855 1272 1896 esse
1317 1855 1485 1911 penes
1535 1839 1712 1910 ipsum
1768 1840 2098 1896 celeritatem

2276 1845 2446 1918 Δῆλον
2470 1846 2599 1918 γὰρ,
2649 1847 2724 1911 ὡς
2752 1848 2875 1900 οὐδὲ
2906 1847 2991 1899 ἐπ’
3024 1845 3172 1917 αὑτῷ
3201 1847 3455 1917 τυγχάνει
3480 1848 3513 1917 ή
3538 1846 3796 1916 ταχύτης

545 1931 703 1997 linis;
735 1932 861 1986 olim
900 1932 1044 2001 enim
1067 1932 1124 1987 in
1165 1933 1267 1987 hac
1299 1949 1358 1988 re
1382 1948 1532 2003 spem
1568 1933 1795 2000 babuit;
1844 1933 2102 2003 quoniam

546 2023 694 2077 aliud
722 2024 1010 2079 ridiculum
1041 2024 1174 2079 dicit
1213 2024 1566 2091 Manichacus,
1594 2024 1742 2097 quod
1771 2040 1895 2080 cum
1935 2026 1974 2080 ii
2011 2026 2104 2095 qui

545 2121 703 2169 erant
744 2115 918 2186 ipsius
973 2118 1233 2184 materia,
1266 2118 1530 2173 sentirent
1573 2134 1632 2174 se
1665 2119 1804 2173 male
1836 2118 2107 2188 perituros

546 2208 748 2264 lumine
775 2209 1032 2278 paulatim
1065 2210 1266 2274 ablato,
1293 2227 1357 2266 ex
1387 2211 1614 2267 adverso
1642 2210 1939 2265 machinati
1981 2217 2110 2266 sunt

543 2298 726 2353 carnis
778 2301 1241 2356 constructionem
1274 2300 1344 2356 ad
1395 2302 1712 2358 vinciendas
1746 2317 1944 2372 magno
1987 2302 2109 2357 vin-

542 2389 669 2443 culo
698 2390 926 2447 animas.
960 2390 1140 2458 Quare
1178 2402 1239 2447 ut
1274 2394 1363 2449 ille
1390 2394 1573 2460 tradit,
1600 2395 1945 2465 perspicuum
1992 2403 2111 2460 est,

544 2480 784 2549 quandiu
828 2482 906 2536 illi
943 2498 1164 2539 carnem
1196 2484 1649 2554 suppeditabunt,
1690 2467 1878 2540 tan-diu
1920 2486 2117 2539 anima:

545 2569 640 2626 Dei
689 2572 1048 2629 inhaerescent
1109 2575 1349 2630 materia:
1395 2583 1450 2630 et
1502 2575 1697 2631 vincta:
1739 2575 2110 2638 tenebuntur;

544 2664 755 2735 eritque
785 2681 950 2737 penes
989 2667 1112 2722 illos
1139 2682 1248 2721 non
1281 2666 1657 2722 circumscribi
1687 2666 1946 2722 mundum
1976 2673 2113 2720 tem-

548 2771 697 2828 pore,
725 2766 781 2815 et
807 2774 915 2815 non
943 2760 1047 2815 erit
1076 2760 1130 2813 in
1165 2765 1430 2829 potestate
1457 2758 1590 2815 boni
1621 2757 1747 2814 finis
1775 2757 1917 2828 ejus.

2207 1934 2301 1989 τοῦ
2355 1936 2573 2000 τέλους·
2610 1936 2775 1989 πάλαι
2820 1936 2926 2007 γὰρ
2955 1935 3021 1989 ἀν
3070 1935 3245 2006 τούτῳ
3288 1935 3633 2005 χρησάμενος
3677 1934 3795 2003 τῆς

2211 2027 2423 2091 ἐλπίδος
2448 2027 2813 2082 ἀπολέλαυκεν
2829 2045 2843 2059 ⁸
2876 2028 3061 2098 ἐπειδὴ
3089 2027 3187 2081 καὶ
3212 2026 3368 2094 λόγος
3392 2025 3579 2097 ἐτερος
3606 2041 3793 2077 κατα-

2211 2118 2469 2187 γέλαστός
2500 2120 2614 2172 ἐστι
2646 2118 2739 2173 τοῦ
2778 2121 3082 2184 Μάνεντος,
3117 2118 3193 2182 ὡς
3225 2120 3275 2171 oi
3302 2119 3400 2189 τῆς
3425 2117 3556 2187 ὕλης
3591 2115 3796 2169 αἰσθα-

2212 2209 2423 2278 νόμενοι
2445 2251 2460 2274 ,
2512 2210 2593 2261 ὅτι
2633 2209 2817 2273 κακῶς
2855 2208 3213 2270 ἀπολοῦνται,
3254 2207 3344 2261 τοῦ
3405 2208 3580 2277 φωτὸς
3638 2204 3795 2258 κατὰ

2215 2300 2407 2371 μικρὸν
2440 2301 2873 2373 ἀφαιρουμένου,
2906 2301 3417 2372 ἀντεμηχανήσαντο
3443 2299 3544 2368 τῆς
3577 2296 3793 2369 σαρκὸς

2212 2389 2309 2460 τὴν
2336 2391 2681 2462 κατασκευὴν
2710 2391 2908 2461 δεσμὸν
2942 2388 3194 2462 μέγιστον
3220 2393 3338 2454 ταῖς
3364 2389 3584 2459 ψυχαῖς.
3617 2389 3790 2440 Ὥστε

2214 2480 2370 2551 δῆλον
2407 2481 2548 2534 κατά
2591 2482 2684 2534 τὸν
2732 2481 2895 2536 αὑτοῦ
2948 2482 3103 2550 λόγον
3123 2521 3139 2545 ,
3187 2482 3291 2541 ἓως
3339 2480 3407 2535 ἂν
3435 2482 3629 2533 ἐκεῖνοι
3682 2478 3790 2548 τὴν

2219 2571 2396 2642 σάρκα
2440 2573 2854 2643 χορηγήσωσιν,
2908 2572 3013 2636 ἕως
3061 2572 3125 2644 δὴ
3153 2571 3340 2625 τούτου
3381 2573 3436 2624 αἱ
3474 2570 3646 2641 ψυχαὶ
3688 2568 3786 2622 τοῦ

2218 2662 2422 2734 ἀγαθοῦ
2457 2663 2871 2735 ἐνσχεθήσονται
2889 2682 2902 2695 ⁸
2938 2665 3031 2719 καὶ
3070 2664 3220 2718 ἔσται
3251 2664 3336 2717 ἐπ’
3364 2662 3591 2726 ἐκείνοις
3614 2661 3677 2715 τὺ
3706 2660 3789 2732 μὴ

2218 2754 2622 2826 περιγραφῆναι
2680 2755 2856 2827 χρόνῳ
2902 2756 2991 2810 τὸν
3035 2756 3256 2829 κόσμον,
3309 2755 3431 2826 οὐχὶ
3458 2755 3515 2809 δὲ
3567 2755 3662 2807 ἐπὶ
3704 2751 3791 2822 τῷ

2217 2845 2404 2917 ἀγαθῴ
2434 2846 2494 2898 τὸ
2522 2846 2673 2911 τέλος
2701 2847 2886 2903 αὑτοῦ.

1615 2963 1745 3018 Car.
1786 2960 1951 3016 XXX.
1994 2962 2225 3017 Manetis
2249 2963 2715 3019 contradictiones.

620 3080 760 3147 Quid
791 3080 935 3136 aliud
958 3079 1140 3136 dicere
1164 3088 1341 3150 potest
1359 3079 1453 3151 qui
1483 3077 1737 3139 advertit,
1769 3093 1931 3146 quam
1956 3077 2100 3148 quod

2280 3077 2345 3129 Τί
2390 3077 2434 3131 δ’
2463 3077 2528 3131 ἂν
2561 3079 2692 3149 φαίη
2724 3095 2808 3142 τις
2852 3076 3128 3148 συνορῶν,
3175 3076 3251 3140 ὡς
3294 3076 3394 3147 οὑχ
3435 3074 3654 3130 ἵσταταί
3704 3093 3793 3129 πω

550 3188 659 3228 non
687 3182 903 3229 constat
950 3172 1054 3228 sibi
1103 3171 1467 3237 Manichzeus;
1524 3170 1657 3241 quin
1688 3170 1871 3234 potius
1923 3168 2031 3222 huc
2062 3176 2109 3222 et

2216 3168 2371 3238 λόγος
2410 3169 2489 3241 τῷ
2538 3171 2796 3233 Μάνεντι,
2838 3169 2952 3223 ἀλλ’
2979 3163 3080 3222 ὦδε
3132 3169 3355 3222 κάκεῖσε
3412 3168 3784 3239 μεταγόμενος

551 3267 682 3324 illuc
748 3282 808 3323 se
867 3266 1203 3322 transferens
1260 3281 1291 3320 a
1353 3264 1534 3334 seipso
1583 3262 1965 3333 redarguitur?
2013 3260 2116 3327 Qui

549 3359 695 3413 enim
726 3360 821 3422 ait,
852 3356 1021 3413 Deum
1069 3373 1192 3413 esse
1244 3355 1564 3411 fabricatum
1621 3355 1924 3417 mundum,
1976 3368 2118 3423 quo-

550 3449 715 3504 modo
747 3464 943 3513 rursus
967 3449 1042 3502 ait
1069 3464 1164 3503 eos
1189 3447 1279 3517 qui
1316 3455 1446 3504 sunt
1485 3444 1726 3499 materiae
1757 3443 1851 3497 lilii
1878 3482 1894 3505 ,
1950 3456 2122 3513 oppo-

554 3542 732 3598 suisse
752 3541 803 3597 ei
835 3554 1053 3596 carnem
1074 3578 1089 3602 ,
1127 3546 1386 3607 tanquam
1428 3536 1624 3604 partita
1678 3540 1823 3588 esset
1856 3532 1964 3586 Deo
1996 3545 2121 3585 cum

546 3633 666 3688 illis
692 3631 977 3686 fabricatio
1011 3628 1199 3683 mundi
1226 3645 1241 3694 ;
1269 3636 1322 3681 et
1351 3626 1454 3685 hac
1485 3625 1704 3695 quidem
1742 3624 1952 3680 ratione
1982 3623 2122 3678 facta

556 3724 668 3780 Deo
698 3723 987 3786 violentia,
1048 3720 1354 3776 concedens
1401 3732 1530 3773 vero
1562 3717 1668 3772 illis
1716 3715 1819 3769 hoc
1864 3723 2123 3785 tauquam

555 3832 777 3880 munus,
808 3831 917 3873 non
949 3812 1245 3882 compleret
1296 3813 1608 3863 universum
1655 3806 1954 3863 secundum
2000 3821 2125 3876 pro-

555 3909 729 3980 priam
762 3907 1115 3962 voluntatem.
1832 3946 1837 3949 Α

626 3999 912 4070 Tanquam
949 4004 1132 4055 autem
1163 4007 1344 4047 causae
1395 4001 1506 4047 sua:
1554 3998 1606 4045 et
1638 3990 1890 4061 principii
1920 3988 2124 4045 oblitus

2221 3263 2309 3332 ὑφ’
2337 3262 2528 3317 ἑαυτοῦ
2551 3263 2915 3335 διελέγχεταις
2950 3262 3055 3317 Τοῦ
3092 3261 3201 3335 γὰρ
3224 3263 3428 3334 κόσμου
3456 3250 3790 3333 δημιουργὸν

2220 3354 2441 3424 φάσκων
2470 3352 2604 3409 εἶναι
2636 3355 2725 3409 τὸν
2745 3355 2897 3417 Θεὸν,
2919 3356 3067 3418 ὅπως
3092 3350 3183 3409 οὖν
3205 3350 3359 3417 αὖθις
3383 3354 3507 3416 τοὺς
3528 3355 3627 3425 τῆς
3658 3353 3787 3423 ὕλης

2222 3446 2383 3517 φησὶν
2434 3446 2760 3524 ἀντιτιθέναι
2813 3446 2959 3517 αὑτῷ
3003 3446 3102 3517 τὴν
3152 3446 3368 3517 σάρκα,
3418 3444 3608 3516 ὥσπερ
3652 3442 3787 3499 Θεοῦ

2224 3535 2576 3608 μεριζομένου
2629 3538 2764 3608 πρὸς
2814 3536 3053 3601 ἐκείνους
3103 3537 3201 3609 τὴν
3243 3535 3632 3608 δημιουργίανο
3696 3535 3787 3588 καὶ

2223 3627 2365 3680 κατὰ
2389 3628 2546 3681 τοῦτο
2575 3628 2675 3699 μὲν
2705 3628 2825 3697 βίαν
2853 3630 3234 3699 ὑπομένοντος,
3261 3631 3328 3700 τῇ
3350 3626 3409 3682 δὲ
3435 3626 3571 3699 πρὸς
3589 3626 3785 3690 αὐτοὺς

2223 3718 2486 3772 ἀντιδόσει
2535 3719 2595 3772 τὸ
2644 3720 2752 3773 πᾶν
2790 3721 2851 3773 ού
2907 3721 3048 3774 κατά
3096 3718 3322 3790 γνώμην
3365 3718 3498 3771 ίδίαν
3538 3716 3782 3787 συμπληο

2228 3826 2463 3881 ρουντος.

2309 3990 2395 4053 Ὠς
2422 3989 2477 4043 δὲ
2506 3992 2604 4061 τῆς
2636 3991 2943 4053 ὑποθέσεως
2973 3989 3392 4061 ἐπιλελησμένος
3415 3991 3444 4042 ὁ
3470 3987 3664 4049 πλάνος
3689 3986 3786 4056 τῆς

557 4094 798 4163 planus,
851 4089 983 4145 dicit
1033 4087 1270 4141 futuram
1333 4100 1455 4139 esse
1513 4082 1825 4153 pestiferam
1886 4081 2109 4135 materia

2226 4083 2450 4146 ἑαυτοῦ,
2503 4083 2745 4156 ὀλέθριον
2776 4087 2840 4155 τῇ
2905 4083 3003 4154 ὕλῃ
3056 4082 3218 4153 φησὶν
3249 4080 3465 4133 ἔσεσθαι
3517 4079 3620 4149 τῆς
3661 4094 3788 4149 κρα-

560 4183 958 4253 ademptionem
1011 4187 1067 4235 et
1099 4178 1434 4248 ereptionem
1467 4176 1687 4228 virtutis
1731 4174 1806 4227 illi
1839 4172 2109 4235 admistaa,

2225 4175 2412 4247 τείσης
2442 4175 2578 4246 αὑτῇ
2604 4175 2901 4246 ,δυνάμεως
2944 4175 3041 4245 τὴν
3080 4173 3391 4243 ἀφαίρεσιν,
3427 4170 3494 4224 δι’
3533 4167 3603 4242 ἦς
3629 4170 3788 4240 αὐτὴν

558 4291 666 4348 qua
692 4281 952 4346 posuerat
977 4271 1240 4326 frenatam
1273 4284 1396 4324 esse
1425 4266 1889 4338 perturbationem
1917 4264 2109 4319 ordini:

2228 4265 2458 4319 ὑπέθετο
2479 4266 2575 4338 τὴν
2593 4267 2764 4339 ἀρχὴν
2788 4266 3020 4321 ἁτακτοῦ
3029 4283 3124 4319 σαν
3144 4263 3594 4336 σωφρονισθῆναι·
3621 4264 3669 4314 εἰ
3689 4260 3786 4329 γὰρ

561 4372 615 4424 in
647 4370 737 4423 illa
761 4364 1004 4438 principe
1031 4361 1277 4417 materia.
1322 4358 1379 4414 Si
1401 4361 1545 4414 enim
1576 4374 1702 4413 cum
1731 4357 1905 4421 adest,
1937 4356 2109 4426 nequi-

2231 4353 2481 4424 παροῦσα
2532 4355 2782 4425 δεσμεύει
2827 4354 2924 4427 τὴν
2957 4355 3186 4417 κακίαν,
3237 4351 3593 4425 ἀναχωροῦσα
3638 4351 3786 4405 πάλιν

560 4464 691 4515 tiam
720 4459 883 4527 ligat,
927 4468 1120 4510 rursus
1175 4450 1438 4506 recedens
1485 4450 1729 4518 relaxat;
1772 4451 1875 4505 erit
1931 4464 2109 4519 magn:

2233 4449 2436 4521 ἀνίησι,
2468 4447 2563 4500 καὶ
2608 4445 2760 4500 ἐσται
2790 4446 2907 4500 λίαν
2951 4449 3091 4500 κατά
3123 4446 3220 4517 τὴν
3251 4444 3502 4517 ἀρχαίαν.
3525 4482 3539 4496 .
3559 4484 3572 4497 .
3593 4484 3609 4499 .
3655 4441 3784 4495 τοῦτ’

560 4570 727 4611 causa
762 4552 959 4608 lietitiae
1002 4550 1105 4621 ipsi
1146 4547 1386 4603 materia:
1429 4546 1544 4601 haec
1586 4546 1812 4614 ereptio.
1852 4542 1910 4598 Si
1962 4544 2109 4615 igitul

2233 4540 2348 4593 ἔστι
2378 4539 2551 4609 χαρᾶς
2576 4536 2723 4591 αἰτία
2752 4536 2846 4590 καὶ
2871 4539 2936 4608 τῇ
2971 4536 3071 4610 ὕλῃ
3101 4538 3134 4608 ὴ
3171 4535 3373 4605 ταύτης
3400 4532 3721 4604 ἀφαίρεσιςο
3754 4529 3786 4584 ἃ

562 4649 631 4703 ad
661 4655 961 4703 extremum
992 4659 1116 4714 spes
1149 4642 1254 4714 ipsi
1274 4648 1381 4707 est,
1402 4639 1703 4695 rediturum
1726 4653 1847 4693 esse
1864 4637 1933 4692 ad
1959 4636 2109 4692 Deuu

2231 4629 2319 4687 οἷα
2361 4632 2498 4702 πρὸς
2534 4630 2726 4702 ἡδονῆς
2755 4629 3179 4715 ἀφαιρουμένης.
3221 4629 3283 4680 Εἰ
3329 4627 3507 4680 τοίνυν
3535 4625 3595 4715 ού
3649 4621 3784 4715 παρὰ

562 4739 706 4810 quod
730 4740 799 4795 ab
827 4740 944 4810 ipso
968 4736 1304 4806 disjunctum
1340 4733 1462 4796 fuit,
1496 4730 1640 4801 quod
1667 4745 1712 4787 a,
1738 4730 2006 4800 principio
2030 4729 2109 4784 de-

2232 4724 2293 4777 τὸ
2320 4723 2493 4787 τέλος,
2525 4722 2674 4793 ὅμως
2704 4720 2856 4783 ἐλπὶς
2885 4714 3022 4790 αὐτῇ
3060 4719 3314 4789 τυγχάνει
3339 4756 3354 4779 ,
3383 4717 3471 4770 ἵνα
3498 4714 3635 4786 πρὸς
3666 4714 3785 4766 θεὸν

562 4803 754 4896 crevit,
784 4803 1068 4902 et-adcgit-
1082 4827 1214 4883 illud
1247 4827 1431 4881 subire
1461 4823 1689 4881 infinitis
1728 4822 1944 4880 sznculis
1976 4822 2109 4876 labo‘

2233 4812 2502 4885 ἐπανέλθῃ
2539 4808 2913 4881 διαζευχθεῖσα
2960 4807 3143 4873 αὑτοῦ,
3176 4807 3227 4860 τί
3270 4807 3367 4877 τὴν
3401 4804 3571 4878 ἀρχὴν
3596 4803 3783 4873 ἀφωρί-

563 4941 678 4982 rern
700 4925 918 4980 inanem
948 4930 1002 4978 et
1028 4923 1198 4978 malas
1220 4919 1433 4981 sordes,
1463 4932 1571 4973 non
1603 4916 1658 4970 in
1687 4931 1752 4970 eo
1775 4929 1925 4983 spem
1950 4912 2109 4967 maxi.

2234 4906 2390 4970 ζετο,
2438 4904 2668 4959 ἄπλετον
2712 4901 2884 4957 αἰῶνα
2929 4903 3184 4972 ὑποσχεῖν
3228 4901 3452 4971 μάταιον
3495 4899 3654 4951 πόνον
3701 4898 3783 4949 καὶ

563 5032 709 5073 mam
735 5025 789 5071 et
817 5014 1210 5069 beatitudinem
1240 5026 1441 5083 ponere
1466 5051 1482 5077 ,
1528 5010 1576 5075 si
1610 5024 1806 5064 rursus
1838 5021 2109 5076 recupera

2236 5001 2405 5071 ῥύπον
2434 5000 2622 5065 κακὸν,
2655 5000 2749 5053 καὶ
2779 4998 2901 5052 ἀντὶ
2949 4996 3209 5067 μεγίστης
3242 4994 3455 5057 ἐλπίδος
3494 4993 3588 5046 καὶ
3625 5008 3782 5062 μακα-

564 5112 755 5170 retur?
792 5108 1014 5164 Materia
1044 5108 1188 5162 enim
1227 5106 1377 5160 nullo
1401 5112 1559 5175 pacto
1591 5108 1813 5173 apparet
1856 5099 2109 5153 refrenat:

2239 5096 2484 5167 ριότητος
2533 5092 2777 5146 τίθεσθαι
2818 5090 2879 5143 τὸ
2920 5086 3075 5151 αὖθις
3132 5086 3540 5157 ἀναληφθῆναις
3581 5085 3644 5136 Ἢ
3688 5084 3782 5153 γὰρ

564 5221 628 5260 ac
659 5216 929 5274 repressa,
958 5200 1068 5254 imo
1108 5206 1301 5253 contra
1339 5198 1519 5267 potius
1549 5195 1810 5265 majorem
1858 5191 2109 5248 licentian

2235 5188 2336 5259 ὕλη
2358 5188 2509 5241 οὐδέν
2533 5204 2595 5256 γε
2619 5184 2853 5256 οὐδαμοῦ
2875 5184 3140 5237 δέδεικται
3181 5180 3606 5253 σωφρονισθεῖσα
3626 5196 3638 5208 ·
3672 5179 3780 5229 1mi-

566 5299 635 5354 ad
659 5270 1013 5362 excogitanda
1042 5305 1208 5362 prava
1233 5305 1394 5361 opera
1425 5289 1637 5357 adepta.

2234 5280 2443 5333 ναντίον
2477 5279 2574 5348 μὲν
2598 5272 2690 5330 οὖν
2718 5275 2960 5338 πλείονος
2998 5272 3268 5345 λαϐομένη
3297 5272 3398 5343 τῆς
3437 5270 3678 5336 ἐξουσίας
3715 5270 3781 5328 εἰς

2235 5369 2486 5441 πονηρῶν
2511 5368 2686 5440 ἔργων
2717 5367 2978 5420 ἐπίνοιαν.

642 5476 709 5531 At
729 5472 1052 5547 Oportebat,
1106 5469 1315 5541 inquit,
1369 5467 1509 5522 hanc
1563 5467 1767 5537 ligare:
1805 5479 1928 5520 cum
1968 5462 2109 5535 igitui

2337 5463 2461 5517 Αλλ⁵
2488 5462 2616 5524 ἔδει,
2655 5460 2808 5531 φησὶ,
2838 5459 3057 5529 δεθῆναι
3094 5457 3331 5529 ταύτηνο
3377 5457 3505 5510 ὅταν
3542 5451 3633 5509 οὖν
3665 5455 3779 5507 ἁπο-

566 5545 827 5642 paulatim
859 5570 1133 5624 abstracta
1168 5564 1271 5620 erit
1317 5564 1493 5617 virtus
1538 5560 1784 5624 detenta,
1830 5556 1959 5630 quid
2013 5557 2104 5611 fiet

2244 5553 2455 5623 σπασθῇ
2488 5549 2627 5605 κατὰ
2662 5551 2853 5621 μικρὸν
2881 5552 2913 5620 ή
2946 5550 3284 5620 κατεχομένη
3302 5547 3549 5616 δύναμις,
3567 5545 3619 5598 τί
3639 5545 3778 5613 γενήο

567 5661 757 5734 liquet,
788 5678 983 5719 rursus
1025 5671 1365 5718 reversuram
1399 5670 1522 5712 esse
1569 5654 1852 5711 materiam
1897 5651 1965 5707 ad
2010 5666 2105 5722 per

2248 5664 2433 5713 σεται;
2465 5644 2707 5716 εὕδηλον,
2748 5643 2823 5706 ὡς
2864 5639 3019 5705 αὖθις
3069 5644 3100 5711 ὴ
3138 5639 3235 5710 ὕλη
3272 5638 3404 5710 πρὸς
3430 5638 3526 5709 τὴν
3570 5636 3780 5707 φυσικὴν

641 5817 775 5886 (ll‘)
814 5817 929 5886 Τὴν
952 5817 1223 5886 δύναμιν.
1254 5814 1428 5888 Supra
1454 5814 1589 5870 verti
1634 5823 1774 5883 saepe
1804 5817 2110 5877 potestatem
2129 5823 2145 5871 ;
2196 5806 2271 5862 sic
2308 5804 2532 5861 vocabat
2561 5799 2886 5859 Manichacus
2914 5796 3171 5855 animam.
3204 5794 3372 5852 Tuan.
