4064 6290
279 407 450 467 “13

1346 382 1754 473 tanvsnsvs
1792 411 2215 469 MANICHASOS
2254 411 2383 468 LIB.
2426 412 2448 467 ι

3397 398 3538 474 uti

275 525 530 593 ἀταξίαν
554 524 827 597 ἐπανήξει.
853 524 951 590 Οὔ,
980 526 1172 599 φησίν·
1205 526 1262 581 ἐν
1287 526 1393 599 γάρ
1423 526 1503 599 τῷ
1537 529 1679 582 τέλει
1710 547 1864 601 περι-

1970 531 2359 586 turbationem.
2405 527 2575 598 Negat
2617 524 2944 581 Manichaaus
2972 544 2985 580 :
3014 523 3402 597 Nequaquam,
3449 530 3537 584 in-

274 621 593 690 γενήσεται
615 616 841 689 ταύτης,
876 619 970 671 καὶ
1012 618 1181 689 βῶλον
1216 619 1668 692 ἀπεργασάμενος
1697 621 1866 693 αὐτὴν

276 705 388 774 ὑφ’
448 706 650 775 ὲαυτῆς
700 705 989 776 φλέγεσθαι
1033 711 1461 780 παρασκευάσει.
1519 710 1583 763 Τί
1628 707 1719 765 οὖν
1769 712 1867 782 τὴν

277 795 481 868 ἀρχὴν
513 794 588 867 μὴ
608 796 764 849 τοῦτο
788 797 1119 868 πεποίηκεν;
1149 793 1274 869 'Ap’
1302 800 1401 852 οὐκ
1422 798 1670 853 ἐϐούλετο
1703 801 1735 872 ἢ
1767 802 1867 854 οὐκ

278 886 568 956 ὴδύνατο;
593 889 656 942 Et
690 888 789 959 μὲν
836 887 942 961 γὰρ
988 889 1061 961 μὴ
1112 890 1376 955 ἐϐούλετο,
1418 890 1534 955 πῶς
1566 890 1721 956 αὖθις
1746 892 1869 963 βου-

279 979 551 1050 λήσεται,
585 981 905 1051 μεταγνοὺς,
948 980 982 1053 ἢ
1021 983 1082 1035 τὸ
1131 982 1337 1054 βέλτιον
1388 984 1703 1056 ὲπικρίνας;
1752 983 1866 1039 Ούκ

279 1067 362 1144 ἦν
393 1074 459 1128 δὲ
482 1075 577 1127 καὶ
597 1073 769 1137 άλλως
789 1073 922 1145 πρὸς
944 1073 1146 1142 ἀγαθοῦ
1176 1075 1248 1146 μὴ
1262 1076 1370 1149 τὴν
1391 1076 1562 1148 ἀρχὴν
1591 1076 1867 1140 παντελῶς

280 1166 652 1238 καταργῆσαι
682 1165 898 1229 κακίαν,
933 1164 1047 1235 είγε
1082 1164 1193 1232 οἷός
1225 1186 1285 1221 τε
1315 1165 1401 1241 ἦν.
1440 1170 1501 1222 Εἰ
1532 1169 1588 1223 δὲ
1620 1169 1693 1242 μὴ
1735 1170 1866 1239 ἠδύ-

232 1320 235 1323 ,
281 1273 456 1323 νατο,
491 1255 790 1327 ἀδυναμίας
839 1258 936 1328 μὲν
974 1256 1215 1322 κίνδυνος
1254 1259 1550 1313 ἀνακύπτει
1588 1260 1728 1314 κατά
1773 1259 1866 1312 τοῦ

282 1346 653 1416 πλασαμένου
673 1362 686 1377 ’
730 1347 847 1412 πῶς
873 1349 930 1402 δὲ
967 1350 1114 1417 ὅμως
1144 1350 1365 1422 ῦστερόν
1398 1368 1525 1404 ποτε
1550 1352 1863 1423 δυνήσεται;

283 1432 414 1508 ἆρα
444 1439 761 1510 προσλαϐὼν
787 1440 1034 1513 δύναμιν,
1070 1442 1139 1513 ἢν
1171 1443 1245 1515 μὴ
1287 1439 1451 1514 εἶχεν,
1487 1444 1519 1515 ἢ
1549 1445 1802 1515 αὐξηθεὶς
1831 1447 1863 1517 ἢ

281 1530 559 1594 ὲπιδούςς
589 1534 637 1585 εί
673 1531 779 1603 γὰρ
821 1532 1057 1605 ἀγένητα
1083 1534 1247 1604 ἄμφω
1274 1535 1553 1601 τάναντία,
1586 1536 1867 1608 οὐδέτερον

280 1617 427 1672 οὔτε
450 1619 673 1693 αὔξησιν
695 1621 817 1676 οὔτε
838 1624 1062 1694 μείωσιν
1088 1625 1410 1696 ἐπιδέχεται.

367 1802 537 1855 Ὄλον
565 1802 849 1875 τοιγαροῦν
892 1803 1189 1858 ἀσύστατον
1216 1806 1307 1859 τοῦ
1342 1806 1615 1879 βαρϐάρου
1648 1807 1708 1862 τὸ
1733 1810 1865 1865 πλάο

282 1910 432 1962 apta.
492 1893 557 1947 Τί
592 1894 682 1961 δέ;
730 1892 818 1966 ἆρ’
854 1895 1107 1968 αἴσθησιν
1150 1897 1429 1968 εἰληφέναι
1471 1902 1652 1971 φησὶν,
1679 1902 1755 1963 ὡς
1775 1901 1867 1955 τοῦ

276 1985 545 2050 πλείονος
566 1987 765 2057 μέρους
799 1987 832 2059 ἢ
859 1988 952 2042 τοῦ
975 1989 1103 2059 γοῦν
1116 1989 1399 2054 ’ἐλάττονος
1429 1991 1868 2055 άποσπασθέντος

276 2077 388 2149 τῆς
453 2078 856 2151 συγκραθείσης
889 2082 954 2151 τῇ
1007 2078 1106 2151 ὕλῃ
1151 2081 1463 2152 δυνάμεως;
1511 2082 1623 2149 είγε
1672 2081 1764 2151 ἀφ’
1806 2073 1867 2134 οῦ

280 2169 502 2241 σελήνη
528 2168 676 2234 αὔξει
693 2171 786 2223 καὶ
810 2169 1075 2240 μειοῦται,
1103 2169 1334 2223 διατελεῖ
1365 2171 1497 2233 Θεὸς
1525 2170 1666 2223 κατὰ
1696 2170 1868 2242 βραχὺ

277 2261 345 2313 τὸ
366 2261 1006 2332 οἰκεῖονάπολαμϐάνων.
1037 2262 1295 2329 Καίτοιγε
1320 2260 1570 2324 τοσοῦτος
1599 2261 1868 2331 παρῆλθεν

278 2352 455 2415 αἰὼν,
490 2352 586 2406 καὶ
610 2351 731 2405 οὔτε
756 2353 817 2406 τὸ
865 2352 1200 2425 ἀνθρώπινον
1249 2352 1404 2421 γένος
1434 2352 1651 2424 ἀριθμῷ
1672 2370 1733 2422 γε
1762 2353 1869 2406 τῶν

282 2441 520 2509 ζώντων
566 2443 870 2513 ἠλάττωται
892 2485 906 2510 ,
967 2443 1089 2498 οὔτε
1126 2444 1253 2498 ἄλλο
1297 2461 1349 2496 τι
1392 2443 1503 2497 τῶν
1530 2444 1869 2516 τετραπόδων

287 2536 528 2608 μείωσιν
586 2536 790 2607 ὑπέστη
859 2536 1001 2601 τινὰ,
1033 2536 1167 2590 ἀλλά
1198 2536 1443 2608 συνήθως
1479 2535 1548 2589 τά
1574 2536 1870 2607 γιγνόμενα

282 2628 547 2697 γίγνεται
575 2628 668 2681 καὶ
696 2629 1049 2696 ἀπογίγνεται
1070 2644 1084 2659 ’
1108 2630 1202 2682 καὶ
1233 2627 1311 2680 ἔτι
1336 2627 1534 2698 μᾶλλον
1558 2628 1637 2691 εἰς
1666 2626 1868 2698 πλῆθος

285 2721 323 2789 ἡ
393 2720 751 2792 ἀνθρωπότης
795 2720 1104 2776 ἐπιδέδωκε.
1153 2719 1322 2774 Πόθεν
1376 2718 1551 2773 τοίνυν
1598 2720 1799 2783 ἐκεῖνος
1839 2722 1869 2774 6

287 2810 629 2882 παραπαίων
653 2812 819 2864 οἴεται
853 2812 1198 2883 ἀφαιρεῖσθαι
1226 2810 1367 2865 κατὰ
1397 2810 1591 2883 βραχὺ,
1616 2811 1681 2881 ἢν
1702 2811 1868 2863 πλατ-

286 2902 522 2972 τόμενός
564 2919 696 2973 φησι
750 2903 1118 2987 συγκραθῇναι
1147 2906 1213 2974 τῇ
1258 2906 1426 2974 κακίᾳ
1466 2902 1723 2975 δύναμιν;
1754 2903 1867 2972 εἴγε

289 2991 364 3046 τὰ
399 2992 540 3047 αὐτά
565 2993 821 3057 ὡσαύτως
844 2994 951 3065 ἔχει
978 2995 1117 3047 κατά
1135 2996 1338 3066 κόσμον
1355 3012 1368 3025 ·
1388 2995 1448 3048 τὸ
1475 2995 1606 3047 αὐτὸ
1637 2995 1733 3065 μὲν
1760 2994 1864 3066 γάρ

289 3083 399 3156 τῆς
423 3084 632 3156 ἡμέρας
659 3086 872 3157 μέτρον,
915 3086 974 3139 τὸ
1000 3087 1128 3140 αὐτὸ
1153 3087 1209 3140 δὲ
1239 3087 1334 3158 τῆς
1368 3088 1559 3150 νυκτός
1582 3105 1595 3117 ο
1622 3088 1713 3143 καὶ
1742 3085 1866 3140 οὔτε

293 3176 359 3231 τδ
389 3176 506 3246 φῶς
526 3177 845 3247 ἠλάττωται,
868 3177 989 3231 οὔτε
1008 3178 1067 3231 τὸ
1098 3179 1286 3243 σκότος
1318 3178 1667 3233 ἐπλεόνασεν·
1704 3182 1730 3233 ὁ
1760 3179 1866 3250 γάρ

292 3269 464 3331 αὐτὸς
514 3269 665 3340 ἡλίου
714 3270 908 3343 δρόμος
942 3270 1034 3324 καὶ
1070 3271 1317 3341 σελήνης,
1358 3271 1451 3324 καὶ
1493 3271 1589 3342 μία
1612 3270 1676 3342 δὴ
1714 3269 1864 3337 τάξις

290 3359 327 3433 ή
360 3357 427 3425 ἐξ
455 3361 627 3432 ἀρχῆς
641 3362 902 3434 γενομένη
922 3362 1185 3433 διαμένει.

1965 623 2121 694 quit;
2176 621 2244 677 ad
2298 628 2599 677 extremum
2652 617 2795 673 enim
2844 618 3024 674 vincet
3068 632 3209 681 eam,
3273 617 3541 689 facietque

1965 720 2026 768 ut
2063 712 2284 767 redacta
2338 712 2394 765 in
2454 710 2662 781 glebam
2698 723 2730 763 a
2778 708 2960 777 seipsa
3017 708 3387 764 comburatur.
3427 709 3543 766 Cur

1966 805 2131 875 igitur
2158 819 2267 858 non
2293 801 2548 857 fecithoc
2578 816 2608 856 a
2636 800 2948 872 principio?
2973 798 3165 855 Utrum
3197 815 3306 854 non
3339 802 3533 865 voluit,

1966 910 2033 949 an
2064 910 2173 949 non
2210 895 2420 964 potuit?
2472 892 2527 948 Si
2568 893 2762 956 noluit,
2793 891 3067 963 quomodo
3114 906 3309 947 rursus
3357 892 3539 955 volet,

1969 988 2287 1059 pmnitentia
2320 985 2546 1048 ductus,
2578 985 2832 1056 judicans
2884 997 2936 1039 et
2974 984 3181 1052 eligens
3236 983 3381 1053 quod
3429 999 3542 1038 mc-

1970 1080 2077 1134 lius
2113 1079 2238 1134 est?
2264 1077 2453 1135 Nonne
2479 1079 2783 1150 pertinebat
2809 1078 2877 1133 ad
2907 1078 3112 1133 bonum
3143 1075 3300 1130 aliter
3323 1090 3353 1128 a
3387 1075 3540 1146 prin-

1967 1171 2112 1242 cipio
2147 1170 2387 1226 funditus
2412 1172 2591 1227 delere
2622 1170 2946 1241 nequitiam,
2972 1170 3019 1224 si
3052 1168 3268 1238 quidem
3302 1175 3545 1237 poterat?

1970 1258 2065 1314 Sin
2087 1275 2216 1315 vero
2238 1275 2347 1313 non
2380 1269 2627 1330 poterat,
2673 1259 2972 1329 periculum
3004 1256 3338 1311 inﬁrmitatis
3362 1257 3415 1310 in
3444 1270 3544 1309 au-

1966 1352 2269 1407 ctoritatem
2301 1352 2486 1407 mundi
2540 1352 2787 1422 emergit.
2843 1349 3123 1417 Quomodo
3173 1362 3304 1418 ergo
3353 1356 3539 1418 postea

1968 1445 2206 1513 poterit?
2242 1460 2312 1498 an
2340 1446 2548 1500 viribus
2580 1459 2718 1515 quas
2766 1458 2874 1498 non
2910 1441 3161 1503 habebat,
3197 1440 3498 1510 assumptis
3522 1478 3538 1503 ,

1966 1537 2050 1592 vel
2102 1551 2438 1606 augescens,
2483 1537 2567 1591 vel
2610 1536 2979 1591 accessionem
3035 1542 3089 1587 et
3136 1532 3541 1588 incrementum

1968 1629 2271 1684 adhibens?
2299 1629 2345 1683 si
2393 1628 2538 1683 enim
2573 1628 2734 1683 ambo
2777 1624 3053 1682 contraria
3092 1625 3333 1695 ingenita
3367 1631 3496 1680 sunt
3521 1659 3536 1687 ,

1966 1728 2219 1774 neutrum
2250 1719 2612 1773 accretiouem
2654 1725 2749 1772 aut
2789 1714 3223 1771 imminutionem
3254 1714 3447 1783 recipit

2042 1809 2239 1863 Totum
2268 1808 2433 1879 igitur
2456 1814 2827 1862 commentum
2856 1803 3077 1859 barbari
3104 1801 3407 1857 consistere
3438 1815 3541 1854 ne-

1971 1901 2109 1971 quit.
2165 1900 2307 1966 Quid
2361 1901 2531 1955 vero?
2591 1914 2659 1953 an
2713 1898 2845 1952 dicit
2884 1894 3235 1957 Manichacus,
3284 1907 3449 1948 sensu
3479 1906 3541 1947 se

1970 1992 2282 2063 percepisse
2326 1991 2586 2060 majorem
2642 1990 2727 2045 vel
2772 1990 3035 2042 minorem
3079 1995 3289 2055 partem
3324 1981 3541 2038 virtutis

1969 2083 2215 2138 admista:
2257 2082 2497 2135 materia:
2533 2089 2774 2150 ereptam
2804 2087 2859 2134 et
2889 2074 3235 2147 ademptam?
3260 2073 3537 2144 Siquidem

1969 2191 2034 2229 ex
2062 2190 2170 2244 quo
2196 2175 2323 2228 luna
2352 2174 2552 2229 crescit
2577 2183 2631 2228 et
2659 2171 2947 2237 decrescit,
2977 2168 3140 2233 Deus,
3171 2167 3381 2237 inquit,
3406 2180 3540 2235 pau-

1968 2265 2123 2319 latim
2150 2271 2436 2333 recuperat
2459 2263 2604 2333 quod
2634 2263 2775 2316 luna:
2804 2261 3086 2331 proprium
3119 2266 3234 2324 est;
3267 2266 3321 2312 et
3355 2264 3537 2312 tamen

1968 2363 2050 2411 tot
2082 2357 2296 2411 saeculis
2336 2355 2527 2425 lapsis,
2560 2369 2738 2424 neque
2772 2367 2945 2424 genus
2972 2352 3270 2405 humanum
3307 2361 3539 2403 numero

1968 2449 2267 2503 viventium
2307 2447 2655 2501 imminutum
2687 2454 2791 2509 est,
2843 2458 2946 2499 nec
2990 2443 3159 2497 ullum
3189 2439 3335 2495 aliud
3366 2453 3539 2510 genus

1969 2526 2383 2610 quadrupedum
2450 2536 2868 2593 diminutionem
2926 2535 3095 2589 ullam
3156 2533 3299 2601 cepit
3350 2529 3538 2600 :quin

1968 2636 2151 2707 potius
2189 2650 2310 2706 quae
2363 2634 2504 2687 facta
2535 2638 2686 2695 sunt,
2718 2631 2881 2685 solito
2914 2644 3066 2683 more
3099 2626 3254 2690 ﬁunt,
3290 2632 3345 2679 et
3389 2622 3540 2680 desi-

1966 2733 2106 2781 nunt
2136 2739 2289 2789 esse;
2323 2730 2377 2778 et
2408 2722 2588 2776 adhuc
2621 2720 2796 2791 magis
2838 2716 3154 2772 humanitas
3190 2714 3249 2768 in
3292 2712 3541 2767 multitu-

1967 2815 2148 2870 dinem
2196 2815 2404 2869 crevit.
2461 2811 2615 2867 Unde
2667 2811 2835 2882 igitur
2883 2809 3112 2864 insanus
3160 2806 3250 2860 ille
3286 2803 3540 2874 Opinatur

1966 2907 2227 2978 paulatim
2279 2904 2481 2960 auferri
2534 2904 2812 2964 virtutem,
2850 2915 3016 2970 quam
3066 2898 3218 2966 lingit
3248 2895 3538 2950 admistam

1966 3010 2088 3052 esse
2132 2994 2430 3064 nequitiae?
2483 2990 2767 3062 Siquidem
2817 2989 3004 3044 eadem
3041 2985 3293 3042 similiter
3331 2999 3390 3039 se
3443 2982 3541 3037 lia—

1966 3088 2094 3142 bent
2122 3088 2176 3141 in
2203 3085 2444 3154 mundo;
2479 3085 2667 3141 eadem
2701 3081 2847 3137 enim
2877 3088 2962 3136 est
3003 3091 3260 3133 mensura
3292 3075 3423 3141 diei,
3447 3090 3542 3131 ea-

1969 3178 2089 3234 dem
2130 3178 2343 3244 noctis;
2382 3192 2559 3245 neque
2590 3177 2774 3229 lumen
2809 3173 2982 3243 magis
3009 3178 3173 3225 tenue
3204 3169 3408 3223 factum
3431 3174 3537 3230 est,

1970 3283 2144 3338 neque
2182 3267 2417 3320 tenebrae
2435 3266 2669 3334 majores
2704 3283 2717 3318 :
2755 3262 2897 3317 idem
2942 3273 3181 3329 namque
3226 3267 3312 3314 est
3343 3273 3539 3313 cursus

1970 3360 2103 3414 solis
2144 3365 2197 3411 et
2231 3358 2392 3420 lunae,
2456 3356 2508 3410 id
2546 3363 2650 3417 est,
2698 3354 2841 3408 idem
2880 3351 3016 3405 ordo
3048 3352 3139 3420 qui
3183 3365 3213 3403 a
3273 3349 3539 3420 principio

1973 3449 2147 3505 factus
2185 3457 2303 3512 est,
2337 3454 2663 3518 perseverat.

287 3561 426 3620 CAP.
458 3557 649 3615 XXXI.
691 3558 986 3616 Secundum
1010 3558 1242 3624 Hancm,
1274 3559 1572 3614 substantia
1601 3560 1693 3632 Dei
1718 3564 1939 3630 patitur,
1966 3566 2015 3617 si
2053 3564 2243 3617 animae
2273 3562 2590 3632 puniantur.
2630 3559 2773 3614 Deus
2805 3556 2981 3611 imm’et
3013 3546 3539 3626 profundumwutzb

1305 3634 1551 3685 materia.
1588 3631 1930 3687 Diabolorum
1962 3634 2181 3688 malitia:
2210 3631 2533 3703 progressus.

373 3745 710 3816 Ἐρωτητέον
747 3744 802 3798 δὲ
830 3747 1070 3808 κάκεῖνο,
1105 3747 1167 3798 Et
1196 3747 1251 3799 αἱ
1274 3746 1658 3818 ἁμαρτήσασαι
1681 3748 1867 3818 ψυχαὶ,

285 3841 384 3896 καί
428 3837 641 3910 μυρίοις
698 3837 994 3907 ἐνεχθεῖσαι
1050 3840 1239 3902 κακοῖς
1284 3840 1341 3890 ὲν
1386 3838 1463 3909 τῷ
1508 3837 1627 3909 βίῳ,
1659 3838 1868 3893 τίσουσι

283 3934 454 4004 δίκην
499 3925 572 3984 ὧν
598 3930 1042 4001 ἐπλημμέλησαν,
1070 3931 1102 4001 ἢ
1134 3930 1193 3984 οῦ
1217 3950 1232 3997 ;
1260 3932 1322 3984 Εἰ
1354 3931 1449 4001 μὲν
1475 3927 1566 3984 οὖν
1607 3931 1865 3996 τίσουσιν,

282 4020 315 4076 ὃ
357 4021 434 4092 δὴ
466 4018 560 4073 καὶ
609 4018 768 4082 αὐτὸς
798 4018 1047 4089 ὁμολογεῖ
1068 4020 1124 4071 ὲν
1145 4022 1210 4091 τῇ
1245 4018 1422 4090 βώλῳ,
1458 4019 1657 4083 ταύτας
1685 4022 1865 4091 ὲμπα-

287 4112 564 4186 γήσεσθαι
595 4112 708 4183 ἅμα
736 4114 801 4183 τῇ
835 4112 1004 4183 κακίᾳ
1057 4110 1229 4181 λέγων
1251 4129 1265 4142 ο
1296 4113 1649 4182 εὑρεθήσεται
1684 4116 1713 4166 6
1738 4114 1868 4176 Θεὸς

291 4209 393 4280 τὴν
428 4203 621 4263 ἑαυτοῦ
676 4202 834 4274 φύσιν
872 4206 1304 4276 τιμωρούμενος·
1350 4198 1409 4259 οὗ
1468 4204 1520 4257 τί
1568 4204 1633 4258 ἂν
1664 4205 1870 4273 γένοιτο

292 4296 679 4369 ἀτοπώτερον;
709 4298 758 4349 εἰ
791 4297 847 4350 δὲ
891 4296 1224 4368 ἀτιμώρητοι
1266 4296 1498 4363 ἔσονται,
1532 4298 1631 4351 οὐκ
1669 4298 1869 4363 ἄλυπος

294 4390 393 4443 καὶ
451 4385 682 4460 ἀζήμιος
734 4390 891 4460 μόνον
926 4391 958 4460 ἠ
992 4389 1257 4461 ἁμαρτία,
1294 4389 1429 4445 ἀλλά
1482 4391 1577 4445 καὶ
1606 4391 1765 4445 πλέον
1801 4392 1867 4445 ἂν

294 4482 442 4554 ἔχειν
466 4482 647 4552 δοκοίη
680 4481 778 4551 τῆς
800 4481 1142 4553 δικαιοσύνης
1165 4501 1178 4513 -
1199 4482 1314 4552 εἴγε
1340 4483 1434 4537 καὶ
1459 4484 1518 4538 ὲν
1538 4484 1616 4556 τῷ
1643 4485 1865 4555 παρόντι

295 4575 452 4629 αἰῶνι
501 4574 599 4644 τὴν
640 4573 830 4644 ἡδονὴν
885 4574 1146 4644 προσάγοι
1176 4574 1252 4644 τῷ
1282 4575 1538 4645 μετιόντι,
1569 4578 1664 4631 καὶ
1703 4578 1761 4633 ὲν
1789 4576 1865 4649 τῷ

300 4666 544 4724 μέλλοντι
566 4666 832 4736 τιμωρίας
862 4665 1007 4719 αἰτία
1041 4667 1114 4737 μὴ
1147 4668 1373 4735 γένοιτο.

364 4837 509 4908 Πρὸς
549 4836 606 4889 δὲ
639 4836 847 4897 τούτοις
880 4837 1048 4891 ἅπασι
1082 4838 1393 4909 θαύμαστον
1425 4842 1590 4895 αὐτοῦ
1622 4844 1858 4910 κάκεῖνο,

294 4928 423 4983 ἐνθα
449 4930 630 5001 φησὶν,
652 4929 747 4994 ὡς,
773 4929 871 4999 τῆς
909 4931 1105 4993 κακίας
1148 4932 1393 4985 ἐνταυθοῖ
1438 4935 1858 5007 ἀσχολουμένης,

294 5022 428 5084 Θεὸς
456 5022 513 5074 ὲν
541 5019 615 5091 τῷ
651 5020 849 5089 μεταξὺ
882 5020 943 5073 τὸ
985 5021 1145 5092 βάθος
1176 5023 1475 5095 ἀναπληροῖ
1494 5027 1702 5096 χώματι
1738 5027 1860 5082 ὅθεν

294 5112 561 5182 ἀνέκυψεν
590 5115 623 5183 ὴ
650 5111 770 5185 ῦλη,
799 5113 943 5166 κατὰ
957 5115 1052 5185 τὴν
1074 5116 1237 5169 αὑτοῦ
1266 5116 1573 5189 δεινοτάτην
1608 5118 1859 5173 ἔκστασιν

298 5208 372 5278 μὴ
416 5206 705 5270 συνιέντος,
742 5208 817 5271 ὼς
846 5208 905 5262 τὸ
944 5208 1375 5280 ἐπιϐαλλόμενον.
1404 5212 1464 5263 Εἰ
1502 5213 1598 5283 μὲν
1626 5214 1731 5266 ἀπὸ
1761 5215 1861 5285 τῆς

292 5300 395 5369 γῆς
455 5299 540 5369 εἴη
585 5299 679 5352 τοῦ
730 5300 958 5368 ἀγαθοῦ,
992 5302 1113 5355 τίνα
1163 5303 1360 5373 τρόπον
1404 5304 1515 5374 ἔχει
1555 5306 1756 5379 χώραν,
1802 5309 1860 5361 ἐν

293 5392 442 5462 τόπῳ
485 5410 548 5460 γε
602 5394 858 5464 ἐναντίῳς
916 5395 962 5447 εἱ
993 5395 1048 5448 δὲ
1079 5398 1142 5449 ἐκ
1173 5397 1281 5449 τῶν
1318 5398 1498 5468 μερῶν
1530 5400 1625 5471 τῆς
1668 5400 1860 5464 κακίας

292 5484 354 5537 τὸ
375 5485 570 5539 οἰκεῖον
594 5487 694 5539 οὐκ
717 5487 981 5540 ὲκκλείσει
1004 5488 1112 5558 (l2)
1131 5489 1225 5560 τὴν
1258 5490 1478 5544 αὐτόθεν
1503 5492 1855 5564 ὡρμημένην.

296 5578 544 5650 Κάθηται
572 5579 628 5632 δὲ
649 5580 780 5643 θεὸς
812 5581 952 5634 κατὰ
982 5582 1070 5634 τὸν
1107 5584 1355 5636 Μάνεντα
1392 5585 1456 5636 δι’
1482 5585 1673 5648 αἰῶνος
1699 5603 1835 5655 μετα

299 5670 474 5743 φέρων
497 5672 744 5745 χώματα.
778 5675 871 5727 καὶ
918 5674 1057 5728 κατὰ
1085 5674 1255 5746 βραχὺ
1301 5676 1685 5747 προσχωννύων
1721 5676 1857 5749 βάθη

2034 3748 2470 3804 Percontandum
2493 3746 2655 3803 etiam
2690 3744 2822 3799 illud
2845 3742 3014 3799 :Num
3044 3743 3236 3796 animae
3264 3755 3383 3812 qua:
3412 3754 3539 3810 pec-

1964 3848 2225 3896 caverunt
2259 3848 2313 3895 et
2341 3838 2675 3894 intlnitorum
2718 3837 2983 3890 malorqu
3033 3836 3089 3890 in
3128 3839 3238 3887 vita
3270 3848 3376 3888 reae
3408 3830 3533 3887 fue-

1967 3940 2115 3996 runt,
2144 3933 2353 3987 dabunt
2393 3946 2583 4003 pmnas
2630 3945 2820 3985 eorum
2851 3944 2972 3999 quae
3003 3926 3416 3984 commiserunt.
3466 3939 3538 3980 an

1964 4024 2114 4078 non?
2174 4022 2231 4077 Si
2284 4024 2501 4094 quidem
2541 4022 2788 4085 dabunt,
2849 4020 2997 4090 quod
3047 4018 3265 4089 quidem
3315 4025 3369 4073 et
3421 4016 3540 4087 ipse

1963 4113 2270 4179 conﬁtetur,
2323 4130 2448 4169 cum
2502 4113 2577 4166 ait
2636 4113 2688 4166 in
2732 4112 2887 4182 gleba
2936 4111 3037 4167 has
3088 4107 3389 4180 iniigenclas
3415 4123 3539 4164 esse

1969 4222 2092 4261 cum
2123 4207 2386 4277 nequitia,
2432 4205 2736 4276 reperietur
2778 4203 2921 4259 Deus
2949 4210 3197 4257 naturam
3240 4215 3395 4255 suam
3432 4215 3537 4270 pu-

1968 4302 2116 4355 nire:
2144 4314 2254 4371 quo
2276 4299 2405 4370 quid
2438 4298 2730 4354 absurdius
2755 4305 2809 4353 et
2838 4296 3163 4368 ﬂagitiosius
3190 4294 3304 4349 ﬁeri
3331 4292 3537 4364 potest?

1970 4388 2028 4445 Si
2069 4406 2199 4445 vero
2244 4390 2523 4462 impunita:
2552 4399 2606 4444 et
2636 4389 2823 4443 inultae
2860 4396 3042 4451 erunt,
3072 4400 3182 4440 non
3217 4383 3395 4439 solum
3437 4398 3535 4437 ne-

1965 4499 2071 4553 que
2099 4483 2342 4538 dolorem
2378 4497 2553 4553 neque
2588 4480 2843 4535 damnum
2877 4478 3064 4534 atteret
3100 4485 3404 4550 peceatum,
3437 4474 3535 4530 sed

1966 4576 2129 4630 etiam
2171 4576 2293 4645 plus
2321 4574 2550 4643 justitia:
2600 4573 2801 4628 habere
2830 4572 3103 4626 videbitur
3140 4590 3152 4624 :
3185 4566 3537 4640 quandoun

1967 4668 2088 4723 dem
2144 4667 2201 4721 in
2254 4667 2357 4721 hoc
2389 4665 2589 4721 saeculo
2621 4666 2949 4734 voluptatem
2990 4662 3181 4717 ati‘erat
3218 4657 3537 4729 suscipienti

1966 4769 2018 4815 et
2046 4760 2101 4813 in
2132 4758 2314 4813 futuro
2344 4774 2450 4813 non
2488 4758 2559 4813 sit
2602 4757 2853 4827 supplicii
2889 4770 3078 4812 causa.

2032 4851 2235 4907 Praeter
2271 4851 2387 4904 haec
2415 4849 2620 4912 omnia,
2655 4848 2787 4903 illud
2822 4857 2905 4902 est
2943 4849 2997 4903 in
3044 4848 3149 4903 isto
3181 4845 3538 4917 stupendum,

1965 4946 2057 5000 ubi
2087 4946 2180 5009 ait,
2225 4944 2371 5014 quod
2403 4942 2646 5013 nequitia
2688 4942 2776 4995 hic
2807 4949 3099 5010 occupata.
3139 4939 3192 4994 id
3225 4947 3309 4995 est
3346 4939 3537 5010 ligata,

1963 5036 2108 5093 Deus
2148 5037 2363 5091 interim
2402 5035 2736 5106 profundum
2790 5032 2978 5101 implet
3018 5045 3212 5101 aggere
3244 5028 3387 5085 unde
3413 5043 3532 5081 ma-

1967 5129 2106 5185 teria
2132 5130 2386 5193 emersit;
2419 5128 2555 5182 nihil
2587 5127 2707 5196 ipso
2747 5126 2800 5179 in
2824 5123 3145 5195 gravissima
3177 5122 3374 5177 mentis
3400 5120 3534 5174 alie-

1964 5222 2188 5278 natione
2235 5221 2569 5290 intelligente
2635 5217 2709 5280 ὡς
2735 5216 2799 5269 τὸ
2827 5215 3270 5286 ἐπιϐαλλόμενον,
3293 5220 3352 5266 ut
3387 5209 3531 5279 quod

1966 5313 2331 5383 injiciebatur.
2392 5310 2449 5365 Si
2494 5318 2612 5366 erat
2657 5326 2724 5364 ex
2766 5316 2914 5364 terra
2961 5307 3110 5370 boni,
3145 5300 3419 5375 quomodo
3474 5300 3530 5356 in

1967 5405 2089 5459 loco
2132 5402 2407 5458 contrario
2437 5400 2735 5473 recipitur?
2767 5398 2823 5453 Si
2847 5407 3026 5453 autem
3054 5412 3120 5450 ex
3160 5392 3406 5465 partibus
3436 5404 3532 5445 ne-

1966 5499 2171 5568 quitia).
2213 5495 2357 5566 quod
2390 5511 2456 5551 ex
2494 5503 2651 5565 parte
2680 5492 2933 5563 nequitia:
2973 5498 3057 5543 est
3086 5495 3139 5543 et
3168 5485 3215 5541 ei
3250 5480 3527 5545 convenit,

1968 5602 2076 5641 non
2115 5584 2356 5640 includet
2386 5584 2511 5639 inde
2534 5592 2779 5639 exortam
2819 5578 3123 5635 materiam.
3159 5572 3319 5629 Sedet
3345 5577 3526 5626 autem

1966 5678 2128 5745 Deus,
2176 5687 2396 5734 auctore
2428 5675 2745 5741 Manichmo,
2791 5667 3127 5726 transferens
3171 5678 3384 5736 semper
3431 5676 3540 5741 ags

367 5824 476 5899 (i2)
514 5832 864 5886 Ἐκκλείσει.
910 5830 993 5888 An
1022 5831 1328 5901 ὲγκλείσειῖ
1378 5834 1468 5890 Sic
1517 5835 1724 5908 legebat
1769 5835 2059 5906 interpres.
