4064 6290
559 365 700 428 ιιιδ

1705 359 1844 416 TITI
1882 356 2307 416 BOSTRE'NSIS
2339 354 2653 412 EPISCOPI

3670 353 3834 408 “16

560 504 738 562 geres,
771 495 826 543 et
853 484 1108 556 paulatim
1146 483 1391 554 quaedam
1427 480 1695 554 profunda
1729 481 2016 552 aggeribus
2046 495 2126 534 re-

2242 477 2363 531 ιινά.
2394 478 2458 530 Ὢ
2479 477 2575 548 τῆς
2602 476 2796 545 ἀλόγου
2829 473 3054 545 μανίαςί
3089 472 3222 545 πρὸς
3259 473 3324 545 ἣν
3363 476 3420 526 ἐν
3449 476 3562 537 τοῖς
3594 472 3831 526 πλείοσι

561 585 740 652 plens.
781 579 824 634 Ο
851 585 1117 632 amentem
1147 577 1420 632 furorem!
1469 575 1537 630 ad
1561 590 1722 646 quem
1755 573 2004 645 pluribus
2041 572 2126 625 vel

560 675 751 730 saltem
783 669 1113 742 respondere
1144 685 1232 725 res
1263 678 1349 724 est
1384 669 1636 724 ridicula.

634 767 692 822 Si
719 781 846 820 vero
875 764 1040 819 vultis
1065 763 1228 828 scire,
1265 764 1539 818 daemones
1560 764 1708 832 ipsos
1741 777 1850 816 non
1877 775 1998 816 esse
2020 773 2130 813 ma-

564 861 645 914 los
687 873 717 912 a
750 857 952 923 radice,
1000 872 1176 927 neque
1203 857 1403 911 habere
1443 855 1682 909 radicem
1720 852 1838 907 vitii
1871 859 1926 907 et
1955 851 2130 920 turpi-

562 952 788 1017 tudinis,
830 951 926 1007 sed
971 952 1250 1006 voluntate
1290 950 1394 1002 huc
1437 947 1810 1018 processisse,
1860 959 1984 999 cum
2019 959 2129 996 non

561 1053 745 1102 essent
771 1054 964 1100 natura
993 1044 1154 1108 mali,
1186 1057 1363 1113 neque
1394 1050 1590 1096 natura
1618 1039 1842 1110 ascripti
1874 1038 2132 1108 ignoran-

563 1140 672 1205 tiar,
719 1155 829 1192 non
873 1153 978 1192 nox
1027 1144 1080 1191 et
1109 1135 1349 1190 tenebrae
1395 1131 1693 1188 secundum
1742 1129 2128 1192 substantiam,

563 1232 660 1287 sed
687 1231 872 1286 habitu
903 1238 957 1285 et
985 1229 1202 1293 studiis,
1235 1236 1290 1282 et
1313 1225 1637 1282 tractatione
1669 1221 1982 1292 hujusmodi
2019 1227 2134 1277 stu-

562 1326 777 1380 diorum
825 1323 950 1378 l‘acti
1001 1323 1172 1385 tales,
1221 1320 1561 1390 inquiramus
1597 1313 1946 1387 disputando.
1977 1312 2132 1366 Caeca

564 1419 732 1488 igitur
775 1427 969 1472 natura
1017 1431 1194 1486 neque
1243 1415 1526 1468 minimum
1589 1411 1805 1482 quidem
1851 1416 2131 1478 aspectum

564 1511 807 1574 habebit,
844 1518 898 1564 et
929 1510 1048 1578 ipsa
1078 1505 1383 1576 ignorantia
1415 1519 1594 1574 neque
1627 1504 1828 1558 stillam
1867 1500 2134 1572 cognitio-

565 1604 651 1658 nis
689 1602 792 1658 sibi
824 1599 1142 1662 vindicabit,
1189 1613 1365 1667 neque
1395 1611 1502 1650 nox
1532 1595 1652 1666 ipsa
1686 1602 1740 1649 et
1787 1593 2025 1649 tenebrae
2053 1592 2134 1647 sic

568 1703 762 1750 natura
806 1700 940 1747 orta:
980 1691 1064 1745 vel
1095 1691 1150 1744 in
1183 1703 1411 1760 parvum
1453 1686 1800 1757 splendorem
1841 1682 2135 1737 mutabun-

567 1798 658 1843 tur
692 1806 705 1842 :
742 1791 961 1856 apparet
1004 1792 1184 1838 autem
1216 1783 1541 1852 cognovisse
1578 1779 1852 1834 daemones
1882 1776 2134 1832 Salvato-

2229 570 2321 624 καὶ
2355 569 2523 639 γέλως
2549 569 2608 622 τὸ
2629 569 2758 638 γοῦν
2786 567 3201 639 ἀποκρίνασθαι.

2300 751 2362 802 Εἰ
2391 749 2446 802 δὲ
2487 749 2739 820 βούλεσθε
2767 749 2978 820 μαθεῖν,
3000 750 3083 802 ὅτι
3130 748 3224 801 καὶ
3261 751 3311 800 οἱ
3353 747 3606 818 δαίμονες
3651 748 3830 799 αὐτοὶ

2230 845 2329 897 ούκ
2367 843 2475 896 ἀπὸ
2523 844 2678 914 ῥίζης
2711 844 2816 896 εἰσὶ
2847 843 3026 906 κακοὶ,
3057 843 3177 894 οὐδὲ
3212 841 3364 912 ῥίζαν
3393 841 3622 903 ἀτοπίας
3649 841 3829 909 510’.)-

2234 953 2337 999 σιν,
2368 936 2502 990 ἀλλά
2542 937 2778 990 κάκεῖνοι
2812 936 2920 990 ἀπὸ
2949 935 3318 1007 προαιρέσεως
3347 935 3438 986 ἐπὶ
3480 933 3639 986 τοῦτο
3679 933 3824 1002 ἐλή-

2230 1027 2475 1094 λύθασιν,
2505 1029 2565 1082 ού
2591 1030 2814 1099 πονηροὶ
2847 1029 2946 1100 τὴν
2975 1029 3135 1098 φύσιν
3167 1028 3339 1094 ὄντες,
3365 1029 3463 1081 ούκ
3493 1027 3690 1096 ἀγνοίᾳ.
3727 1028 3828 1093 ἔγ-

2233 1120 2623 1192 γεγραμμένοι,
2651 1119 2774 1173 οὔτε
2808 1119 2902 1184 νὺξ
2925 1121 3016 1173 καὶ
3041 1121 3227 1182 σκότος
3258 1118 3357 1190 τὴν
3381 1119 3565 1172 οὐσίαν
3595 1116 3824 1185 τυγχά-

2233 1231 2434 1279 νοντες,
2460 1214 2575 1268 ἀλλ’
2606 1215 2714 1280 ἕξει
2761 1214 2854 1267 καὶ⁵
2903 1212 3313 1283 ἐπιτηδεύμασι,
3354 1214 3418 1282 τῇ
3465 1201 3828 1282 ἐπιχειρήσέι

2233 1307 2340 1361 τῶν
2368 1307 2622 1361 τοιούτων
2649 1308 2928 1376 γεγονότες
2947 1325 2961 1337 ’
2990 1307 3080 1360 τὸν
3108 1306 3264 1375 λόγον
3305 1304 3648 1374 ἐξετάσωμεν
3667 1321 3681 1333 ο
3722 1321 3826 1354 τυ-

2234 1400 2339 1473 φλὴ
2365 1401 2462 1470 μὲν
2500 1395 2592 1454 οὖν
2645 1400 2804 1469 φύσις
2859 1399 2980 1452 ούδὲ
3026 1399 3083 1450 ἐν
3133 1397 3388 1470 ἐλαχίστῃ
3429 1396 3522 1449 καὶ
3557 1395 3722 1464 ὀλίγῃ
3747 1398 3822 1464 τῇ

2237 1492 2420 1562 βλέψει
2469 1493 2786 1564 γενήσεται·
2839 1492 2931 1545 καὶ
2970 1492 3107 1562 αύτὴ
3157 1493 3190 1562 ή
3236 1490 3426 1558 ἄγνοια
3460 1487 3578 1541 οὐδὲ
3618 1487 3823 1557 ρανίδα

2236 1585 2488 1654 γνώσεως
2521 1587 2687 1656 ἑαυτῇ
2733 1584 3176 1656 προσποιήσεται,
3209 1581 3328 1634 οὐδὲ
3363 1579 3461 1644 νὺξ
3523 1579 3662 1649 αύτὴ
3718 1579 3823 1630 καὶ

2237 1677 2426 1739 σκότος
2445 1675 2504 1728 τὸ
2524 1675 2666 1729 οὕτω
2693 1675 2932 1745 πεφυκὸς
2959 1675 3058 1729 κᾶν
3088 1676 3180 1738 εἰς·
3200 1675 3456 1745 βραχεῖαν
3486 1673 3822 1744 λαμπηδόνα

2240 1769 2730 1840 μεταποιηθήσεται
2751 1788 2762 1799 ·
2815 1769 3091 1838 φαίνονται
3115 1768 3170 1822 δὲ
3217 1769 3309 1822 καὶ
3334 1770 3388 1821 οἱ
3412 1768 3666 1839 δαίμονες
3722 1768 3822 1819 καὶ

568 1889 704 1938 rem,
726 1854 792 1927 ac
812 1854 1094 1926 Dominum
1126 1871 1412 1925 confessos
1429 1885 1580 1924 esse:
1602 1867 1832 1934 Scimus,
1859 1867 2131 1938 inquiunt,

2242 1863 2464 1934 Σωτῆρα
2495 1862 2712 1926 ειδότες,
2746 1863 2840 1915 καὶ
2868 1861 3070 1933 Κύριον
3089 1861 3506 1932 ὁμολογοῦντεςο
3550 1861 3823 1930 Οῖδαμέν

567 1968 686 2039 quis
728 1966 800 2020 sis
860 1962 1034 2018 Filius
1083 1962 1182 2016 Dei
1212 1963 1310 2016 vivi
1338 1963 1386 2017 ¹.
1441 1962 1783 2032 Cognoscere
1813 1975 1991 2017 autem
2028 1978 2136 2018 non

570 2067 745 2131 potest
774 2056 1103 2128 ignorantia,
1147 2071 1323 2126 neque
1379 2054 1566 2111 videre
1618 2055 1854 2110 caecitas.
1922 2053 2133 2119 Sciunt,

568 2161 624 2207 et
682 2168 866 2207 verum
922 2151 1112 2205 dicunt
1166 2150 1424 2214 scientes,
1496 2156 1550 2204 et
1613 2164 1721 2202 non
1776 2163 1872 2218 per
1930 2149 2137 2202 calum-

569 2245 714 2299 niam
746 2261 760 2311 ;
795 2243 982 2298 dicunt
1029 2241 1173 2296 enim
1196 2284 1210 2306 ,
1254 2240 1468 2294 tametsi
1514 2254 1624 2294 non
1655 2239 1894 2310 legitima
1935 2247 1989 2292 et
2022 2239 2137 2292 sin-

568 2352 695 2392 cera
727 2335 1031 2400 aﬂectione,
1073 2333 1379 2389 veritatem.
1426 2330 1543 2386 Non
1588 2330 1700 2400 jam
1729 2331 1795 2386 de
1849 2346 1990 2385 caeca
2039 2345 2137 2384 na-

568 2439 692 2484 tura
718 2438 810 2482 aut
838 2427 1147 2499 ignorantia
1177 2435 1542 2490 accusantur;
1599 2423 1802 2493 alioqui
1852 2438 1921 2478 ne
1968 2424 2134 2476 mini-

569 2534 717 2574 mum
753 2517 974 2588 quidem
1022 2515 1309 2578 vidissent,
1343 2528 1446 2568 nec
1481 2512 1532 2568 ei
1568 2512 1844 2581 supplices
1879 2511 2133 2577 fuissent,

570 2625 748 2682 neque
777 2609 1074 2663 cessissent
1103 2605 1275 2671 dicto,
1307 2620 1484 2674 neque
1511 2618 1800 2658 secernere
1828 2604 2137 2673 potuissent

570 2719 696 2758 eum
725 2703 817 2774 qui
847 2700 1120 2772 apparuit,
1156 2698 1250 2754 scd
1282 2696 1464 2768 potius
1496 2695 1902 2751 existimassem
1927 2712 1993 2751 ex
2026 2699 2140 2753 suis

569 2811 711 2862 esse,
757 2795 999 2865 nihilque
1037 2792 1178 2846 inter
1227 2790 1436 2859 seipsos
1468 2794 1522 2842 et
1559 2787 1708 2840 illum
1737 2787 2019 2842 interesse.

2241 1970 2333 2018 σε,
2365 1952 2456 2020 τίς
2485 1950 2558 2017 εἴ,
2588 1953 2856 2022 λέγοντες,
2899 1957 2932 2008 ό
2971 1954 3102 2020 Υἱὸς
3125 1955 3232 2008 τοῦ
3259 1954 3405 2008 Θεοῦ
3431 1953 3536 2007 τοῦ
3571 1953 3818 2018 ζῶντε-ς.

2241 2045 2449 2100 Είδέναι
2471 2046 2526 2099 δὲ
2541 2045 2727 2114 ἄγνοια
2747 2046 2807 2098 οὐ
2829 2045 3068 2110 δύναται,
3095 2047 3187 2099 καὶ
3203 2045 3418 2115 βλέπειν
3443 2043 3617 2116 τυφλὴ
3651 2045 3824 2114 φύσις

2239 2142 2338 2194 ούκ
2379 2141 2571 2211 ἰσχύει.
2615 2142 2808 2205 Ἰσασι,
2855 2141 2948 2194 καὶ
2996 2140 3347 2211 ἀληθεύουσιν
3381 2141 3599 2206 εἰδότες,
3629 2143 3725 2194 καὶ
3757 2143 3822 2194 ού

2243 2233 2696 2303 συκοφαντοῦντες
2737 2234 2986 2303 λέγουσι’
3019 2232 3234 2301 λέγουσι
3275 2233 3404 2303 γὰρ,
3433 2233 3582 2296 ὄντες
3609 2233 3713 2286 κᾶν
3741 2235 3824 2304 μὴ

2241 2327 2438 2397 γνησίᾳ
2486 2325 2756 2390 διαθέσει,
2821 2327 2918 2397 τὴν
2961 2327 3235 2398 ἀλήθειαν.
3276 2327 3471 2380 Οὐκέτι
3518 2327 3694 2399 τυφλῇ
3750 2329 3821 2398 τῇ

2241 2419 2398 2489 φύσει
2431 2418 2553 2472 οὔτε
2577 2421 2642 2491 τῇ
2694 2419 2886 2491 ἀγνοίᾳ
2925 2421 3355 2492 κατηγοροῦνται
3385 2439 3398 2450 ο
3500 2421 3608 2493 γὰρ
3637 2422 3705 2475 ἂν
3733 2424 3821 2474 ού-

2241 2512 2298 2564 δὲ
2323 2512 2382 2573 τὸ
2410 2511 2688 2583 ἐλάχιστον
2718 2512 2923 2585 ἐώρων,
2954 2511 3075 2566 οὔτε
3101 2515 3276 2568 ἱκέται
3303 2511 3464 2586 ἦσαν,
3487 2515 3608 2568 οὔτε
3643 2533 3820 2587 παρέ-

2242 2603 2450 2676 χώρουν
2504 2604 2581 2676 τῷ
2633 2605 2928 2676 λεγομένῳ,
2970 2606 3094 2659 οὔτε
3137 2607 3409 2678 διέκριναν
3455 2607 3546 2661 τὸν
3578 2609 3817 2678 φανέντα

2241 2696 2399 2750 ἄλλον
2433 2695 2541 2748 τῶν
2569 2694 2774 2748 πολλῶν
2804 2691 2966 2759 εἶναι,
3011 2697 3104 2749 καὶ
3149 2696 3299 2750 οὐδὲν
3335 2697 3612 2769 διαφέρειν
3649 2699 3817 2752 αύτὸν

2241 2807 2302 2842 τε
2337 2789 2432 2843 καὶ
2459 2788 2673 2852 αύτούς.

1069 2909 1201 2966 CAP.
1239 2906 1452 2963 XXXII.
1487 2905 1672 2961 Preces
1706 2905 2002 2961 dwmonum
2049 2908 2178 2965 Deo.
2209 2909 2481 2978 Quomodo
2509 2911 2797 2979 puniantur
2818 2908 3076 2964 dwmones
3105 2910 3159 2964 in
3189 2909 3392 2977 inferis.

641 3027 745 3093 En,
799 3023 1055 3080 animalia
1091 3037 1200 3076 non
1247 3020 1453 3076 utentia
1493 3019 1705 3074 ratione
1743 3020 2019 3090 sapientes
2069 3021 2137 3076 ab

571 3118 953 3191 insipientibus
1002 3130 1112 3170 non
1158 3115 1559 3169 internoscunt.
1612 3110 1670 3165 Si
1712 3120 1890 3166 autem
1935 3128 2138 3184 cogno-

2327 3023 2456 3076 ’ῐδοὺ
2481 3021 2588 3093 γὰρ
2609 3021 2675 3076 τὰ
2706 3023 2874 3092 ἄλογα
2905 3021 3017 3086 ζῶα
3047 3020 3248 3092 μεταξὺ
3284 3020 3464 3091 σοφῶν
3489 3038 3548 3074 τε
3571 3021 3666 3074 καὶ
3688 3021 3817 3076 ἀσό-

2244 3131 2360 3182 φων
2385 3115 2484 3168 ούκ
2502 3114 2612 3185 ἔχει
2650 3115 2868 3180 εἰδέναι,
2915 3116 3056 3166 ποῖοι
3095 3115 3265 3182 σοφοὶ,
3295 3115 3388 3167 καὶ
3429 3116 3571 3168 ποῖοι
3602 3115 3812 3184 άσοῳι.

570 3218 768 3267 verunt
801 3210 1090 3274 diemones,
1133 3214 1187 3262 ct
1221 3213 1443 3278 preptcr
1478 3204 1749 3275 judicium
1795 3206 1959 3260 soluti
2016 3215 2140 3261 sunt

2246 3209 2309 3261 Εἰ
2358 3207 2414 3260 δὲ
2469 3206 2709 3276 ἔγνωσαν
2757 3208 2806 3259 οἱ
2855 3206 3127 3277 δαίμονες,
3161 3206 3256 3261 καὶ
3295 3205 3564 3277 διάκρισιν
3618 3209 3815 3272 εἰδότες

571 3305 822 3376 legenon
846 3299 1248 3356 internoscendi
1280 3298 1424 3351 aliud
1447 3298 1515 3352 ab
1543 3298 1670 3363 alio,
1703 3305 1757 3352 et
1789 3297 2143 3368 dijudicando

571 3402 908 3467 agnoverunt
946 3393 1106 3460 talia;
1146 3389 1488 3446 convincitur
1512 3405 1619 3443 non
1653 3397 1904 3444 naturatn
1946 3391 2002 3445 in
2041 3392 2144 3447 hac

569 3507 652 3555 re,
684 3490 776 3546 sed
807 3489 1140 3544 voluntatem
1166 3483 1439 3539 moderari
1473 3501 1488 3537 :
1523 3483 1773 3553 quamvis
1805 3485 1949 3539 enim
1978 3500 2146 3554 aegro-

570 3592 649 3638 tet
673 3583 948 3648 voluntas,
969 3579 1218 3650 quamvis
1247 3584 1412 3644 erret,
1443 3592 1552 3630 non
1582 3584 1763 3631 tamen
1790 3576 1992 3631 desinit
2021 3591 2144 3631 esse

556 3654 801 3730 .rationis
837 3673 1147 3744 particeps;
1194 3669 1326 3740 quin
1361 3670 1546 3739 potius
1577 3684 1686 3723 non
1716 3679 1799 3725 εει
1822 3671 1926 3724 hoc
1973 3671 2144 3724 inter-

569 3774 833 3835 emptum.
891 3762 984 3816 Sic
1019 3761 1292 3816 dazmones
1336 3768 1674 3831 agnoverunt
1717 3776 1873 3824 eum,
1921 3777 2145 3832 rogave-

571 3863 720 3923 runt,
770 3853 1042 3924 supplices
1090 3851 1140 3907 ei
1186 3850 1437 3917 fuerunt,
1482 3866 1551 3906 ne
1589 3850 1807 3921 juberet
1854 3866 1950 3906 eos
1993 3851 2144 3906 abire

572 3949 629 4003 in
679 3948 958 4019 abyssum.
1024 3943 1081 3999 Si
1113 3951 1271 4000 erant
1310 3942 1406 3998 ﬁlii
1436 3945 1642 4016 abyssi,
1677 3945 1724 4000 si
1763 3943 2140 4015 cognationem

570 4055 694 4094 cum
721 4039 916 4110 abysso
947 4037 1242 4103 habebant,
1277 4051 1376 4091 cur
1415 4045 1648 4107 cognata
1682 4035 1999 4107 refugiunt?
2045 4051 2144 4089 cur

571 4125 810 4180 radicem
839 4141 993 4180 suam
1034 4125 1322 4199 recusant?
1360 4126 1549 4197 potius
1577 4125 1720 4181 enim
1759 4140 1878 4180 eam
1909 4125 2142 4195 amplexi

571 4226 774 4283 essent,
810 4220 1133 4275 arbitrantes
1166 4221 1410 4290 requiem
1437 4235 1591 4274 suam
1620 4235 1742 4274 esse
1772 4219 1827 4273 in
1853 4219 2143 4289 cognatio-

572 4327 643 4367 ne
681 4311 938 4382 positam,
980 4310 1250 4380 siquidem
1284 4310 1338 4363 in
1371 4310 1620 4380 cognatis
1649 4310 1707 4363 ﬁt
1732 4311 2030 4374 recreatio;
2087 4307 2142 4362 in

573 4403 874 4477 peregrinis
900 4418 1030 4457 vero
1059 4411 1112 4458 et
1147 4401 1340 4456 alienis
1364 4401 1742 4457 alﬂictationes
1769 4421 1782 4456 :
1821 4402 1994 4473 magis
2027 4408 2144 4456 erat

572 4493 679 4548 illis
703 4491 1041 4548 recusandus
1068 4490 1259 4558 Jesus;
1289 4491 1462 4562 magis
1489 4491 1827 4547 recusandus
1855 4491 1944 4546 hic
1966 4492 2140 4558 locus,

573 4586 664 4640 ubi
711 4585 840 4640 boni
875 4593 930 4640 et
972 4585 1112 4656 aequi
1147 4592 1304 4648 sunt;
1342 4583 1752 4654 amplectendus
1781 4597 1913 4638 vero
1935 4564 2222 4638 disces-*3

573 4693 670 4733 sus
700 4679 752 4731 in
785 4677 1060 4749 abyssum.
1097 4677 1300 4731 Contra
1331 4690 1457 4732 vero
1495 4675 1625 4731 dum
1659 4685 1935 4741 recusant,
1964 4684 2019 4731 et
2054 4691 2144 4730 ca-

571 4779 722 4835 vent,
773 4781 826 4825 et
858 4770 986 4825 illuc
1032 4771 1181 4825 abire
1207 4769 1534 4835 detrectant,
1571 4769 1680 4822 imo
1721 4769 1790 4822 ob
1828 4767 1971 4823 hanc
2011 4782 2142 4822 cau-

575 4875 690 4914 sam
721 4860 992 4931 supplices
1020 4869 1198 4924 orant,
1232 4859 1365 4914 satis
1397 4859 1582 4914 indicii
1610 4859 1900 4923 dederunt,
1933 4860 2140 4912 nullam

575 4967 636 5008 se
680 4949 1134 5005 necessitudinem
1198 4959 1250 5005 et
1277 4951 1657 5022 cognationem
1703 4965 1828 5006 cum
1865 4951 1986 5005 loco
2027 4957 2142 5006 tor-

573 5049 882 5098 mentorum
913 5041 1141 5107 habere;
1177 5042 1315 5096 nihil
1354 5043 1500 5098 enim
1537 5044 1778 5114 seipsum
1809 5043 2053 5112 alllictat,
2090 5052 2144 5099 et

574 5137 719 5192 malo
748 5133 947 5190 allicit:
981 5149 1140 5189 omne
1169 5143 1350 5191 autem
1384 5136 1531 5207 quod
1558 5137 1872 5205 aillictatur,
1896 5146 1950 5192 et
1997 5136 2140 5192 malo

575 5229 827 5291 adicitur,
853 5227 921 5281 ab
944 5227 1052 5281 alio
1097 5226 1413 5284 aﬂlictatur:
1443 5245 1669 5285 necesse
1698 5231 1840 5285 enim
1880 5239 1965 5285 εει
1997 5229 2142 5301 quod

576 5323 796 5377 amictat
844 5336 954 5375 non
1007 5319 1080 5375 sit
1136 5319 1222 5374 sui
1273 5321 1548 5377 amictatio
1591 5338 1655 5377 ac
1695 5324 1994 5387 cruciatus,
2049 5321 2144 5377 sed

574 5419 801 5474 alterius
845 5415 992 5487 quod
1043 5422 1230 5485 aptum
1279 5423 1468 5470 natum
1511 5425 1615 5484 est,
1655 5424 1716 5472 ut
1752 5417 2039 5473 aﬂlictctur
2092 5424 2145 5470 et

574 5513 718 5568 malo
744 5509 1027 5565 adiciatur.

649 5679 664 5702 ‘
697 5670 858 5727 Marc.
892 5689 933 5736 ι,
967 5671 1056 5737 24;
1095 5670 1224 5726 Luc.
1260 5686 1331 5736 tv,
1361 5670 1445 5724 54.

2243 3300 2597 3354 ἀπολέλυνται
2630 3299 2741 3370 (1⁸5)
2768 3299 2860 3354 τοῦ
2903 3299 3239 3371 ἀδιακρίτου,
3261 3298 3524 3369 διακρίσει
3557 3299 3619 3352 τὸ
3643 3301 3816 3355 τοιοῦ-

2241 3410 2332 3445 τον
2371 3392 2769 3460 ἐπεγνωκότες·
2805 3391 3082 3462 ἐλέγχεται
3111 3393 3203 3444 καὶ
3226 3393 3284 3443 ἐν
3311 3392 3482 3462 τούτῳ
3519 3393 3594 3462 μὴ
3633 3392 3812 3462 φύσις,

2242 3483 2378 3537 ἀλλά
2429 3485 2740 3556 προαίρεσις
2810 3482 3264 3554 πρυτανεύουσα·
3321 3483 3422 3536 xiv
3483 3482 3592 3554 γὰρ
3649 3484 3813 3554 νοήσῃ

2243 3573 2582 3646 προαίρεσις,
2618 3573 2719 3626 xiv
2773 3572 2970 3643 σφάλῃ,
3011 3573 3162 3644 ὅμως
3194 3572 3288 3626 τοῦ
3314 3568 3450 3625 εἶναι
3480 3572 3675 3646 λογικὴ
3720 3575 3814 3626 ούκ

2241 3667 2609 3737 ἀπήλλακται,
2635 3665 2747 3718 ἀλλ’
2785 3666 2896 3736 ἔχει
2923 3665 3080 3720 τοῦτο
3115 3666 3189 3736 μὴ
3220 3663 3630 3736 διεφθαρμένον.
3660 3665 3813 3720 Οῦτω

2243 3759 2335 3811 καὶ
2375 3758 2622 3828 δαίμονες
2644 3757 2958 3826 ἐπέγνωσαν
2997 3757 3182 3811 αὐτόν’
3211 3756 3568 3827 ἐλιπάρησαν,
3607 3758 3811 3811 ἱκέτευ-

2245 3869 2360 3915 σαν,
2390 3851 2475 3905 ἴνα
2498 3851 2570 3922 μὴ
2595 3849 2821 3922 ἐπιτάξῃ
2841 3851 3022 3913 αὐτοῖς
3047 3851 3126 3914 είς
3157 3849 3256 3921 τὴν
3279 3849 3512 3903 ἄϐυσσον
3540 3851 3808 3905 ἀπελθεῖν.

2244 3946 2306 3998 Εἰ
2334 3946 2431 4016 τῆς
2461 3945 2695 3999 ἀϐύσσου
2720 3945 2905 4008 παῖδες
2939 3941 3099 4016 ἦσαν,
3136 3946 3183 3996 εἰ
3209 3944 3528 4013 συγγένειαν
3556 3947 3688 4016 πρὸς
3716 3946 3811 4017 τήν

2243 4035 2474 4089 ἄϐυσσον
2509 4031 2674 4104 εἶχον,
2733 4034 2786 4086 τί
2816 4033 3074 4102 φεύγουσι
3111 4033 3181 4086 τὰ
3213 4035 3482 4104 συγγενῆς
3516 4035 3567 4087 τί
3596 4037 3691 4106 τὴν
3736 4038 3810 4088 οἱ-

2244 4126 2394 4179 κείαν
2457 4125 2836 4196 παραιτοῦνται
2877 4120 3063 4194 ρίζαν;
3113 4125 3311 4197 μᾶλλον
3341 4126 3448 4198 γὰρ
3507 4128 3573 4180 ἂν
3641 4128 3809 4197 ἠσπά-

2247 4234 2404 4270 σαντο
2432 4217 2748 4270 ἀνάπαυλαν
2779 4217 2985 4271 ἑαυτῶν
3014 4218 3110 4290 τὴν
3142 4218 3458 4288 συγγένειαν
3488 4219 3804 4290 ἡγούμενοι·

2244 4313 2301 4363 ἐν
2333 4309 2437 4381 γὰρ
2459 4311 2572 4372 τοῖς
2591 4309 2902 4377 συγγενέσιν
2931 4311 2964 4380 ή
2992 4309 3286 4380 ἀνάκτησις
3310 4309 3539 4378 γίνεται,
3573 4312 3632 4362 ἐν
3653 4309 3707 4361 δέ
3727 4309 3804 4374 ξέ-

2243 4419 2353 4464 νοις
2407 4403 2462 4454 αί
2507 4401 2809 4464 κακώσειςο
2851 4401 3050 4472 μᾶλλον
3093 4400 3198 4473 γὰρ
3250 4401 3357 4454 ἔδει
3390 4402 3586 4464 αὐτοὺς
3627 4419 3806 4469 παραι-

2242 4497 2450 4551 τεῖσθαι
2478 4495 2569 4548 τὸν
2607 4495 2811 4565 Ἰησοῦν
2833 4510 2845 4522 ·
2904 4493 3101 4566 μᾶλλον
3151 4494 3207 4546 δὲ
3251 4494 3356 4547 ἔδει
3389 4495 3587 4557 αὐτοὺς
3621 4510 3806 4564 παραι-

2245 4588 2454 4642 τεῖσθαι
2505 4586 2565 4640 τὸ
2618 4586 2854 4640 ἐνταῦθα
2909 4587 3132 4658 χωρίον,
3194 4586 3319 4639 ἔνθα
3388 4586 3668 4639 σπουδαῖοι
3725 4586 3805 4638 καὶ

2243 4680 2527 4744 ἐπιεικεῖς,
2585 4677 2924 4742 ἀσπάζεσθαι
2974 4677 3030 4730 δὲ
3085 4678 3180 4748 τὴν
3233 4677 3467 4731 ἄϐυσσον
3521 4677 3554 4747 ἢ
3598 4676 3696 4747 τὴν
3755 4679 3802 4727 ἐν

2249 4773 2466 4844 ἀδύσσῳ
2488 4771 2689 4842 ἄφιξιν.
2722 4772 3148 4844 Παραιτούμενοι
3176 4771 3231 4824 δὲ
3269 4772 3360 4824 καὶ
3405 4771 3802 4841 φυλαττόμενοι,

2248 4867 2342 4919 καὶ
2395 4865 2612 4920 ἀπιέναι
2661 4865 2776 4918 ἐκεῖ
2825 4866 2924 4918 ούκ
2975 4866 3311 4935 ἀνεχόμενοι,
3343 4863 3454 4917 ἀλλ’
3487 4864 3805 4924 ἱκετεύοντες

2245 4961 2342 5031 τῆς
2375 4961 2553 5024 αἰτίας
2580 4958 2781 5028 ταύτης
2805 4958 2982 5030 χάριν,
3018 4957 3196 5010 ἱκανὸν
3231 4961 3528 5028 τεκμήριον
3555 4954 3804 5009 δεδώκασι

2249 5052 2517 5124 μηδεμίαν
2548 5053 2744 5114 αὐτοὺς
2781 5049 3015 5120 φυσικὴν
3053 5047 3367 5116 συγγένειαν
3394 5047 3529 5118 πρὸς
3561 5045 3629 5098 τὰ
3654 5047 3803 5100 κολα-

2247 5146 2442 5215 στήρια
2482 5143 2622 5214 ἔχειν
2644 5160 2658 5174 ⁸
2693 5141 2945 5195 οὐδέποτε
2976 5139 3084 5212 γὰρ
3116 5139 3265 5192 οὐδὲν
3305 5138 3463 5192 ἑαυτὸ
3490 5140 3679 5191 κακοῖο
3707 5139 3805 5190 πᾶν

2245 5235 2300 5290 δὲ
2351 5235 2684 5307 κακούμενον
2717 5235 2806 5287 ὑπ’
2836 5233 2996 5289 ἄλλου
3024 5231 3289 5286 κακοῦται
3309 5248 3323 5263 ο
3359 5231 3569 5300 ἀνάγκη
3613 5229 3719 5301 γάρ
3753 5229 3804 5281 τὺ

2246 5329 2449 5383 κακοῦν
2511 5328 2587 5400 μὴ
2639 5327 2830 5382 ἑαυτοῦ
2889 5322 3026 5380 εἶναι
3053 5325 3316 5392 κάκωσιν,
3355 5324 3468 5378 ἀλλ’
3504 5323 3690 5396 ἐτέρου
3719 5319 3812 5374 τοῦ.

2246 5422 2545 5492 πεφυκότος
2583 5419 2879 5491 πάσχειν,ἢ
2908 5417 3226 5473 κακοῦσθαι.

649 5791 759 5863 (17))
812 5789 1083 5846 Ἀπο.ιέ,ι.
1120 5789 1253 5846 Huic
1295 5789 1397 5861 legi
1434 5787 1674 5845 serviunt
1706 5791 1752 5840 ct
1795 5793 1981 5857 parcnt
2018 5783 2140 5840 anin

2242 5799 2268 5837 ιι
2297 5779 2523 5836 rationis
2549 5777 2806 5848 expertia.
2839 5775 3008 5833 Tum.
