4064 6290
309 319 470 389 “1‘7

1423 340 1795 400 ADVERSUS
1838 337 2266 397 MANICHEOS
2302 341 2431 400 LIB.
2470 339 2512 399 1.

3435 338 3568 395 1118

405 449 539 504 Ἰδοὺ
565 449 626 503 τὸ
659 447 770 522 πῦρ
820 451 979 507 ἑαυτὸ
1013 453 1072 508 ού
1094 455 1238 509 καίει
1263 472 1275 486 ο
1296 455 1493 529 ,ἕτερον
1522 457 1632 530 γὰρ
1686 457 1780 511 καὶ
1805 456 1902 526 ούχ

2079 454 2221 512 Ecce
2265 455 2406 528 ignis
2458 469 2567 509 non
2609 451 2880 510 comburit
2916 468 3010 516 se,
3046 450 3141 507 sed
3177 451 3343 518 aliud,
3396 468 3572 524 neque

305 541 490 597 ἑαυτὸ
519 541 806 598 ἀναλώσει.
851 544 981 599 Ἰδοὺ
1011 547 1070 600 τὸ
1098 546 1238 619 ὕδωρ
1265 547 1425 601 ἑαυτὸ
1451 549 1509 602 οὐ
1533 545 1862 612 κατακλύζει
1885 563 1898 578 ’

302 633 386 686 τὰ
420 633 531 707 γὰρ
559 633 719 706 ἕτερα
735 636 1074 691 κατακλῦσαι
1103 629 1261 703 δῖδεν,
1290 639 1448 692 ἑαυτὸ
1479 639 1536 692 δὲ
1563 639 1902 694 κατακλύσαι

301 726 425 780 οὐκ
453 725 586 798 ἔχει.
618 727 748 781 Ἰδοὺ
795 729 823 781 ό
863 729 970 802 ἀὴρ
988 730 1178 802 ψύχειν
1218 732 1406 786 ἑαυτὸν
1432 733 1530 786 οὐκ
1572 727 1710 787 οἶδεν
1732 750 1747 765 ο
1783 735 1903 787 ἐπεὶ

303 818 435 872 πᾶν
463 818 524 872 τὸ
553 817 694 892 δρῶν
718 819 812 873 καὶ
847 821 1046 876 κακοῦν
1081 822 1262 895 ἔτερόν
1279 829 1506 879 τικακοῖ
1525 827 1617 880 καὶ
1636 827 1824 880 λυπεῖ’
1854 827 1902 880 εί

301 909 370 963 δὲ
420 911 562 983 κακὴ
592 913 625 984 ή
651 913 1011 982 ἄϐυσσος,καὶ
1025 915 1380 972 κακοῦνταιοί
1395 918 1644 990 δαίμονες
1675 919 1778 974 ὑπὸ
1804 920 1904 991 τῆς

303 999 581 1068 ἀϐύσσου,
617 1005 714 1058 καὶ
776 1003 1191 1078 βασανιστήριον
1231 1007 1327 1079 μὲν
1377 1009 1696 1080 ήᾶϐυσσος,
1744 1026 1899 1080 στρε-

303 1093 576 1149 ϐλοῦνται
597 1096 655 1150 δὲ
690 1099 738 1150 οἱ
775 1097 1047 1170 δαίμονες,
1079 1099 1262 1154 οὐκέτι
1290 1100 1368 1172 τῷ
1389 1102 1558 1173 ὁμοίῳ
1587 1101 1900 1173 βασανίζον-

303 1202 434 1249 ται,
455 1186 568 1240 ἀλλ’
591 1187 765 1261 ἕτεροι
793 1189 940 1254 ὅντες
951 1191 1052 1244 ὑπὸ
1076 1191 1262 1263 ἑτέρου
1281 1192 1664 1263 βασανίζονται
1681 1210 1694 1222 ο
1719 1192 1900 1246 οὐκέτι

304 1278 426 1350 τῆς
461 1279 676 1348 φύσεως
720 1279 924 1352 ταύτης
979 1282 1100 1336 οὐδὲ
1145 1283 1248 1354 τῆς
1297 1285 1512 1347 οὐσίας’
1563 1285 1756 1355 ἑτέρας
1793 1281 1902 1355 γάρ

306 1371 536 1445 ἐδείχθη
581 1373 767 1438 οὐσίας
811 1376 843 1446 ή
876 1375 1128 1440 ἄϐυσσος.
1179 1377 1287 1431 Καὶ
1319 1377 1526 1448 ὅτιμὲν
1560 1379 1608 1430 oi
1649 1377 1901 1448 δαίμονες

309 1463 514 1536 ἑτέρου
541 1465 735 1534 γένους
767 1467 861 1522 καὶ
898 1468 1090 1540 ἐτέρας
1114 1469 1301 1533 οὐσίας
1333 1469 1483 1545 παρὰ
1507 1471 1606 1543 τὴν
1642 1470 1897 1532 ἄϐυσσον,

313 1555 492 1611 ἱκανά
531 1557 600 1612 τά
647 1559 944 1630 εἰρημένασ
980 1561 1076 1614 καὶ
1103 1560 1241 1631 αὕτη
1274 1560 1328 1614 δὲ
1360 1563 1392 1633 ή
1419 1561 1653 1626 ἄϐυσσος
1683 1561 1902 1631 βασανι-

313 1649 546 1721 στήριον
584 1649 681 1721 μὲν
733 1647 848 1702 ἔστι
892 1651 986 1704 καὶ¹
1019 1650 1396 1721 κολαστήριον,
1425 1651 1526 1703 οὐκ
1567 1649 1781 1703 αἰώνιον
1821 1649 1896 1712 δὲ,

306 1739 444 1795 οὔτε
501 1743 810 1816 ἀγέννητον,
865 1743 979 1798 ἀλλ’
1025 1744 1247 1817 ὕστερόν
1294 1761 1424 1799 ποτε
1483 1744 1896 1816 γεγεννημένον,

305 1833 418 1902 ὀψέ
443 1851 571 1889 ποτε
599 1837 986 1908 πεποιημένον,
1009 1838 1130 1891 ἀντὶ
1165 1839 1455 1910 φαρμάκου
1496 1838 1592 1892 καὶ
1621 1836 1900 1908 βοηθήμα-

304 1943 409 1990 τος
435 1929 550 1993 τοῖς
569 1928 964 2001 ἡμαρτηκόσιν.
1021 1931 1186 2002 Ἰεραὶ
1222 1930 1330 2002 γὰρ
1362 1931 1419 1984 αἱ
1449 1930 1730 2002 μάστιγες,
1761 1931 1899 2002 φάρ-

307 2037 500 2091 μακον
546 2016 699 2076 οὖσαι
748 2023 858 2076 τῶν
905 2023 1303 2097 ἡμαρτηκότων
1332 2041 1347 2053 ο
1408 2023 1548 2094 ἱεραὶ
1592 2023 1649 2076 αἱ
1691 2022 1899 2094 πληγαὶ

306 2112 642 2186 βοηθήματα
669 2115 1034 2186 τυγχάνουσαι
1068 2115 1175 2169 τῶν
1207 2115 1552 2184 σφαλέντων·
1582 2114 1644 2167 ού
1671 2114 1780 2185 γὰρ
1813 2114 1898 2167 ἵνα

303 2199 420 2263 ὦσι
455 2206 618 2261 κακοὶ
663 2209 718 2262 αἱ
756 2208 962 2280 πληγαὶ
1003 2207 1322 2276 γεγόνασιν,
1357 2207 1471 2261 ἀλλ’
1505 2207 1654 2270 ὅπως
1689 2207 1766 2278 μὴ
1796 2200 1898 2260 ὦσι

305 2299 486 2354 πιιακολ⁵
542 2299 830 2369 γεγόνασιν
884 2302 939 2354 αἱ
1000 2301 1291 2370 μάστιγεςο
1321 2298 1648 2370 λυπούμενοι
1691 2299 1799 2370 γὰρ
1830 2301 1896 2370 τῇ

308 2392 505 2464 πληγῇ
540 2393 590 2445 οἱ
632 2393 792 2446 κακοὶ
819 2394 884 2463 τῇ
921 2392 1141 2463 μάστιγι
1170 2391 1452 2446 κολοϐοῦσι
1475 2391 1544 2446 τὰ
1593 2390 1769 2446 κακά·
1811 2389 1900 2444 διὰ

307 2483 480 2539 τοῦτο
512 2483 632 2538 οὐδὲ
675 2483 775 2548 τὰς
805 2483 1073 2548 ἀϐύσσους
1118 2485 1481 2556 μεμφόμεθα*
1512 2482 1625 2538 ἀλλ’
1654 2481 1896 2554 οἴδαμεν,

310 2575 404 2630 ὅτι
433 2572 849 2644 βασανιστήριον
871 2573 965 2626 καὶ
1001 2573 1354 2646 κολαστήριον
1378 2576 1653 2646 γεγόνασι,
1685 2593 1896 2648 σωφρο-

310 2664 515 2736 νισμὸς
545 2664 655 2718 τῶν
684 2664 1082 2737 ἡμαρτηκότων
1110 2667 1494 2736 τυγχάνουσαι.

267 2827 274 2836 ’
395 2757 456 2809 Et
484 2756 541 2810 δὲ
563 2758 975 2828 βασανιστήριον
997 2758 1088 2811 καὶ
1117 2758 1545 2832 στρεϐλωτήριον
1572 2762 1606 2834 ή
1639 2759 1895 2826 ἄϐυσσος,

315 2845 708 2920 στρεϐλοῦνται
749 2849 806 2902 δὲ
839 2850 933 2903 καὶ
975 2849 1354 2920 βασανίζονται
1410 2855 1458 2904 oi
1509 2853 1780 2923 δαίμονες,
1805 2852 1899 2906 καὶ

312 2940 422 3010 τὴν
452 2940 638 3000 οὐσίαν
687 2939 900 3013 ἔχουσιν
947 2941 1160 3013 εὑπαθῆ
1194 2944 1332 3014 πρὸς
1381 2943 1450 2996 τά
1481 2944 1896 3016 βασανιστήρια,

312 3031 420 3094 καὶ
443 3032 692 3088 δύνανται
736 3033 878 3104 ἔχειν
914 3035 1009 3088 καὶ
1048 3034 1335 3106 ἀλγηδόνα,
1368 3036 1678 3090 ὑπόκεινται
1703 3037 1794 3090 καὶ
1819 3054 1896 3091 τι·

2005 564 2065 605 se
2108 549 2400 606 consumit.
2464 546 2602 604 Ecce
2655 563 2795 617 aqua
2858 561 2967 600 non
3014 545 3242 599 inundat
3306 545 3568 615 seipsum,

2005 656 2124 710 qua:
2158 639 2262 694 alia
2309 639 2576 695 inundare
2617 639 2775 702 solet,
2835 653 2894 693 se
2919 652 3047 692 vero
3083 638 3199 707 ipsa
3225 651 3333 690 non
3367 644 3569 706 potest.

2004 731 2144 787 Ecce
2181 747 2294 798 aer,
2319 731 2641 801 refrigerare
2677 746 2736 786 se
2767 730 2882 800 ipse
2921 745 3029 784 non
3062 735 3274 799 potest,
3311 729 3570 798 quoniam

2003 840 2164 881 omne
2209 825 2355 896 quod
2403 824 2536 880 facit
2576 832 2630 879 et
2659 824 2890 889 cruciat,
2935 820 3081 876 aliud
3105 820 3234 891 quid
3267 821 3477 874 cruciat
3519 828 3573 872 et

2005 915 2193 972 dolore
2225 915 2408 972 allicit.
2465 917 2520 970 Si
2559 923 2737 970 autem
2771 915 3003 986 abyssus
3031 914 3242 968 cruciat
3281 920 3334 966 et
3372 911 3572 966 daemo-

2006 1024 2106 1064 nes
2148 1008 2468 1063 cruciantur
2493 1008 2560 1062 ab
2589 1009 2704 1078 ipsa
2741 1008 2960 1078 abysso,
2995 1013 3187 1076 estque
3226 1005 3460 1077 abyssus
3491 1004 3572 1058 lo-

2003 1116 2105 1156 cus
2131 1107 2563 1166 tormentorum;
2596 1107 2920 1170 torquentur
2952 1098 3099 1154 enim
3135 1098 3430 1160 daamones,
3462 1112 3573 1151 non

1997 1192 2110 1264 jam
2140 1198 2464 1262 torquentur
2495 1205 2525 1244 a
2565 1191 2754 1255 simili,
2786 1189 2880 1245 sed
2915 1189 3002 1244 alii
3046 1204 3170 1243 cum
3203 1191 3332 1255 sint,
3375 1190 3442 1244 ab
3465 1189 3572 1244 alio

2003 1291 2374 1356 torquentur;
2409 1297 2519 1337 non
2549 1283 2614 1335 ah
2646 1281 2748 1336 hac
2791 1273 2988 1336 natura
3020 1297 3195 1352 neque
3240 1281 3569 1345 substantia,

2001 1394 2108 1450 qua
2134 1377 2342 1433 scilicet
2366 1373 2639 1430 daemones
2667 1386 2795 1430 sunt
2825 1393 2837 1428 :
2876 1374 3100 1428 alterius
3129 1373 3272 1428 enim
3311 1373 3570 1428 substan-

2003 1474 2090 1525 tiae
2113 1477 2198 1526 est
2241 1469 2493 1540 abyssus.
2541 1465 2717 1536 Atque
2761 1482 2884 1521 esse
2923 1466 3140 1536 quidem
3187 1464 3461 1521 daemones
3493 1465 3572 1520 al-

2000 1563 2172 1619 terius
2192 1560 2409 1633 generis
2443 1575 2506 1614 ac
2530 1559 2852 1614 substantia:
2877 1567 3070 1627 praeter
3111 1559 3291 1630 abyssi
3325 1558 3572 1614 substan-

2000 1655 2154 1718 tiam,
2179 1653 2312 1709 satis
2339 1668 2405 1707 ex
2435 1652 2503 1707 iis
2529 1667 2650 1721 quae
2699 1651 2847 1705 dicta
2880 1658 3038 1714 sunt,
3070 1651 3417 1721 perspicitur.
3450 1649 3571 1721 Ipsa

2000 1760 2129 1800 vero
2170 1744 2401 1816 abyssus
2436 1743 2589 1797 locus
2631 1750 2716 1797 est
2751 1751 3146 1797 tormentorum
3175 1757 3238 1796 ac
3277 1742 3574 1813 supplicio-

1998 1854 2142 1901 rum.
2167 1853 2275 1893 non
2306 1847 2486 1892 tamen
2520 1845 2780 1898 aeternus,
2799 1851 2900 1891 nec
2935 1836 3249 1906 ingenitus;
3286 1835 3381 1892 sed
3416 1841 3569 1906 post-

1997 1948 2060 1988 ea
2089 1931 2210 1997 fuit,
2240 1944 2363 1986 sero
2406 1927 2623 1982 tandem
2663 1927 2840 1982 factus
2867 1967 2882 1991 ,
2941 1934 3000 1980 ut
3035 1934 3179 1982 esset
3223 1921 3490 1981 medicina
3516 1933 3572 1982 et

1999 2039 2154 2094 Opem
2201 2021 2368 2078 ferret
2415 2020 2791 2091 peccantibus.
2847 2018 3031 2074 Sacrae
3079 2027 3208 2076 sunt
3257 2021 3424 2091 plaga:
3452 2033 3574 2090 quae

1999 2125 2128 2173 sunt
2169 2113 2408 2169 remedia
2446 2120 2501 2167 et
2535 2112 2736 2165 auxilia
2781 2120 3126 2178 erratorum;
3175 2125 3284 2164 non
3323 2112 3466 2166 enim
3511 2121 3572 2167 ut

2001 2209 2110 2262 sint
2133 2205 2285 2269 mali,
2318 2203 2476 2258 facta:
2507 2212 2636 2258 sunt
2667 2203 2857 2274 plagae,
2883 2203 2976 2258 sed
3025 2213 3084 2256 ut
3117 2218 3225 2256 non
3272 2203 3383 2258 sint
3419 2203 3570 2273 mali,

1996 2300 2224 2356 verbera
2275 2297 2498 2352 inducta
2528 2306 2695 2362 sunt;
2729 2295 2857 2348 mali
2891 2296 3036 2350 enim
3078 2295 3266 2350 dolore
3291 2296 3569 2366 plagarum

1998 2397 2282 2464 amputant
2314 2399 2369 2446 et
2395 2389 2702 2460 praecidunt
2742 2389 2895 2444 vitia.
2922 2387 3131 2442 Idcirco
3153 2403 3262 2443 non
3293 2389 3572 2459 querimur

1997 2485 2065 2541 de
2115 2483 2363 2556 abyssis;
2419 2482 2556 2552 quin
2597 2481 2782 2550 potius
2834 2480 3123 2536 tormentis
3175 2486 3229 2535 et
3288 2479 3570 2550 suppliciis

1998 2585 2204 2642 scimus
2238 2582 2493 2655 castigari
2529 2597 2593 2637 ac
2631 2581 2836 2652 corrigi
2873 2595 2970 2637 eos
3007 2581 3100 2652 qui
3136 2581 3479 2652 deliquerunt

2071 2780 2126 2836 Si
2159 2790 2338 2837 autem
2369 2780 2601 2850 abyssus
2631 2787 2735 2844 est,
2786 2780 2877 2835 ubi
2924 2781 3199 2836 daemones
3249 2786 3574 2851 torquentur

1999 2880 2052 2927 et
2079 2873 2347 2943 supplicio
2378 2871 2710 2935 alliciuntur,
2743 2880 2796 2926 et
2839 2873 3199 2928 substantiam
3231 2872 3432 2927 habent
3453 2888 3574 2943 qua:

2000 2963 2186 3019 subire
2217 2970 2393 3032 potest
2423 2971 2693 3018 tormenta
2727 2970 2782 3017 ct
2819 2964 3059 3018 dolorem
3109 2964 3333 3030 sentire,
3362 2969 3417 3020 et
3443 2978 3573 3036 sup-

2000 3055 2159 3126 plicia
2200 3053 2493 3118 sustinent,
2534 3061 2588 3109 et
2616 3054 2818 3110 habent
2866 3055 3357 3111 remunerationem
3386 3069 3577 3125 ptena-

317 3123 527 3196 μωρίᾳ,
546 3123 638 3176 καὶ
653 3123 933 3196 ἀντίληψιν
957 3122 1138 3195 ἔχουσι
1163 3125 1268 3179 τῶν
1288 3125 1578 3192 κολάσεων,
1608 3125 1725 3190 πῶς
1747 3127 1902 3195 ἀγέν-

2002 3122 2129 3200 rum
2170 3145 2368 3214 quibus
2412 3145 2747 3227 puniuntur,
2805 3145 3078 3216 quomodo
3131 3122 3402 3216 ingeniti?
3439 3161 3576 3216 quo—

314 3231 506 3285 νητοι;
545 3214 662 3280 πῶς
692 3216 811 3284 ἀεί;
868 3216 985 3280 πῶς
1035 3217 1291 3272 οὐδέποτε
1339 3218 1599 3290 ἧρξαντος
1649 3218 1767 3283 πῶς
1807 3219 1900 3290 ἀφ’

314 3306 530 3368 ἑαυτῶν
558 3309 695 3363 εἰσιν
727 3309 776 3361 οῖ
800 3308 874 3380 μὴ
904 3309 1133 3374 ἀπαθεῖς
1157 3327 1172 3375 ;
1199 3313 1248 3364 οἱ
1280 3310 1470 3364 παθεῖν
1494 3311 1774 3382 δυνάμενοι
1808 3313 1903 3364 καὶ

312 3395 696 3468 τιμωρηθῆναι
741 3397 1047 3467 ίσχύοντεςς
1077 3399 1330 3453 οὐδέποτε
1369 3398 1478 3470 γὰρ
1508 3400 1570 3452 τὸ
1607 3400 1901 3469 ἀγέννητον

311 3485 469 3539 οὐδὲν
494 3487 762 3551 πείσεται,
793 3489 912 3542 οὐδὲ
946 3489 1052 3542 ύπό
1081 3507 1226 3552 τινος
1271 3491 1718 3562 τιμωρηθήσεται
1737 3507 1751 3522 ⁸
1786 3491 1901 3544 ἀλλ’

312 3578 412 3646 ἀφ’
444 3579 634 3632 ἑαυτοῦ
655 3580 958 3651 ἀρξάμενον
988 3581 1165 3652 ἐαυτῷ
1181 3581 1352 3652 μένει,
1378 3583 1472 3636 καὶ
1493 3583 1568 3655 μὴ
1596 3585 1687 3653 ἀφ’
1713 3582 1900 3655 ἐτέρὸυ

311 3669 608 3742 δεξάμενον
648 3672 746 3743 τὴν
772 3673 968 3744 ἀρχὴν,
1008 3674 1130 3726 οὐδὲ
1164 3674 1255 3742 ἀφ’
1286 3673 1472 3744 ἐτέρου
1504 3675 1603 3746 τὴν
1631 3675 1902 3746 τιμωρίαν

313 3761 616 3834 λαμϐάνει·
641 3763 734 3816 καὶ
763 3763 835 3832 μὴ
866 3763 1301 3834 ἐπιγραφόμενον
1333 3765 1424 3818 τὸν
1457 3767 1627 3818 αἴτιον
1657 3767 1756 3820 οὐκ
1787 3769 1904 3819 ἐπι-

313 3855 662 3927 γραφήσεται
712 3853 802 3906 τὸν
832 3853 1131 3917 κολάζοντα
1151 3870 1163 3883 '
1199 3857 1291 3908 καὶ
1333 3857 1395 3910 οὐ
1425 3856 1743 3926 κριθήσεται
1773 3860 1900 3928 παρ’

313 3947 509 4022 ἑτέρου
571 3945 645 4017 μὴ
676 3947 806 4017 παρ’
835 3945 1021 4018 ἐτέρου
1057 3947 1362 4019 ἀρξάμενον
1387 3965 1401 3977 ·
1452 3949 1544 4002 καὶ
1569 3949 1630 4001 ού
1667 3949 1904 4021 φοϐηθή-

316 4059 475 4106 σεται
502 4039 692 4093 οὐδένα
743 4041 871 4110 παρ’
902 4039 1112 4103 οὐδενὸς
1149 4039 1210 4094 τὸ
1256 4036 1397 4095 εἶναι
1417 4041 1663 4112 εἰληφός.
1695 4042 1760 4094 Τί
1793 4043 1902 4115 γὰρ

316 4133 416 4188 καὶ
463 4129 851 4204 φοϐηθήσεται,
885 4132 933 4183 εί
986 4129 1198 4184 τελείαν
1239 4132 1338 4204 τὴν
1391 4132 1646 4186 σύστασιν
1679 4131 1823 4206 ἔχει;
1853 4136 1901 4186 εἰ

315 4224 528 4279 τέλειον
549 4223 642 4278 τὸν
683 4221 1058 4294 ἀπαρτισμόν;
1103 4224 1151 4276 εί
1191 4224 1282 4294 ἀφ’
1318 4223 1510 4277 ἑαυτοῦ
1547 4223 1899 4296 ἀπήρτισται,

320 4316 418 4379 καὶ
444 4315 618 4388 ἑαυτῷ
639 4316 944 4388 ἦρμοσται;
973 4318 1040 4371 τὰ
1067 4316 1174 4389 γὰρ
1205 4317 1476 4388 δυνάμενα
1503 4317 1615 4389 (14)
1654 4317 1901 4390 παθητὴν

320 4410 468 4482 ἐχειν
524 4409 623 4480 τὴν
677 4409 943 4480 ἁρμονίαν
993 4409 1238 4479 φοϐεῖται
1282 4409 1374 4462 τὸν
1411 4409 1706 4481 δυνάμενον
1737 4429 1902 4484 μετα-

322 4503 500 4554 ποιεῖν
527 4499 626 4564 τάς
651 4499 918 4570 ἁρμονίας
939 4517 951 4530 ·
981 4500 1041 4554 τὸ
1093 4500 1386 4572 δυνάμενον
1433 4500 1622 4554 παθεῖν
1659 4503 1901 4573 φοϐεῖται
1933 4500 1979 4560 Β

320 4593 415 4653 τὸν
444 4591 671 4665 δρῶντα.
701 4593 765 4645 Et
795 4592 852 4644 δὲ
877 4591 1164 4662 φοϐοῦνται
1193 4594 1242 4646 οἱ
1267 4594 1516 4664 δαίμονες
1537 4595 1630 4650 καὶ
1649 4595 1900 4653 δύνανται

326 4685 540 4750 παθεῖν,
576 4685 676 4739 οὐκ
726 4684 1008 4756 ἁγέννητοί
1039 4688 1172 4739 εἰσιο
1213 4687 1274 4740 τὸ
1301 4687 1408 4760 γὰρ
1440 4690 1730 4763 ἀγέννητον
1761 4693 1903 4748 ἀπα-

325 4776 438 4841 θὲς,
474 4777 574 4830 καὶ·
613 4777 674 4830 οὐ
710 4775 930 4830 δύναται
986 4777 1197 4842 παθεῖν,
1249 4777 1354 4846 ἕξω
1401 4781 1498 4853 τῆς
1544 4782 1755 4852 φύσεως
1793 4785 1901 4838 τῶν

326 4869 598 4947 γεννητῶν
620 4870 881 4940 ὑπάρχον.

405 4968 523 5022 Ὀτι
554 4967 612 5020 δὲ
653 4967 1005 5031 ἱκετεύουσιν,
1032 4969 1090 5020 ἐν
1133 4969 1382 5042 αἰσθήσει
1420 4973 1546 5033 εἰσὶ,
1583 4974 1678 5026 καὶ
1705 4974 1908 5028 οἴδασιν

328 5063 358 5115 ὃ
400 5062 540 5115 εἰσι·
593 5061 687 5115 καὶ
729 5061 956 5128 οἴδασιν,
1004 5063 1086 5114 ὅτι
1131 5061 1382 5117 δύνανται
1428 5066 1648 5119 παθεῖν·
1691 5068 1752 5119 ού
1800 5068 1908 5142 γὰρ

330 5154 605 5226 ἠγνόησαν
631 5155 856 5218 ἑαυτούς
873 5172 887 5184 ·
924 5155 1026 5208 οὐκ
1057 5155 1287 5221 ἀπαθεῖς
1313 5159 1538 5222 ἑαυτοὺς
1562 5157 1873 5228 ὲλογίσαντο
1890 5177 1904 5190 ⁸

329 5245 389 5302 τὸ
409 5245 466 5310 δὲ
500 5245 696 5300 εἰδέναι
739 5245 861 5299 τινὰ
891 5244 1083 5299 ἑαυτὸν
1109 5247 1204 5300 καὶ
1245 5248 1317 5320 μὴ
1345 5249 1694 5319 ηγνοηκέναι,
1720 5249 1910 5320 αἰσθή-

331 5335 472 5399 σεώς
495 5337 612 5388 ὲστι
652 5335 917 5406 σύμϐολον
952 5337 1047 5389 καλ⁹
1087 5341 1329 5408 σημεῖον.
1365 5340 1427 5392 Εἰ
1459 5339 1504 5390 δ’
1537 5339 1616 5392 ὅτι
1645 5340 1782 5394 εἰσὶν
1819 5342 1909 5394 εύ-

331 5427 524 5493 παθεῖς
549 5429 877 5496 ἐδειλίασαν,
907 5433 1002 5486 καὶ
1027 5431 1328 5496 δειλιῶντες
1355 5433 1660 5496 ἱκέτευσαν,
1685 5433 1778 5487 καὶ
1807 5434 1911 5486 ἱκέ-

331 5539 486 5578 τευον
523 5522 614 5576 τὸν
657 5523 952 5595 δυνάμενον
973 5541 987 5555 ·
1015 5525 1117 5578 οὐκ
1148 5525 1422 5598 ἠγνόησαν
1455 5525 1545 5580 τὸν
1592 5525 1867 5597 ίχνεύοντα
1893 5543 1904 5556 °

2004 3237 2167 3291 modo
2212 3236 2472 3306 semper?
2502 3239 2778 3306 quomodo
2808 3252 3080 3305 nunquam
3113 3252 3236 3292 esse
3258 3236 3576 3308 cmperunt?

2003 3329 2276 3400 quomodo
2300 3345 2366 3384 ex
2394 3345 2455 3385 se
2485 3337 2636 3392 sunt,
2669 3329 2761 3398 qui
2791 3327 3120 3398 impatibiles
3149 3343 3256 3380 nou
3280 3335 3430 3391 sunt,
3479 3328 3573 3397 qui

2004 3420 2113 3488 pati
2149 3426 2400 3490 possunt,
2438 3421 2530 3489 qui
2575 3424 2806 3489 possunt
2846 3415 3062 3486 puniri?
3089 3415 3385 3485 ingenitum
3428 3414 3575 3468 enim

2005 3511 2142 3566 nihil
2193 3526 2432 3582 unquam
2467 3511 2594 3564 mali
2625 3507 2950 3572 sustinebit,
3001 3521 3103 3560 nec
3144 3506 3214 3560 ab
3245 3506 3354 3560 ullo
3384 3503 3575 3575 punie-n

2001 3615 2110 3663 tur.
2152 3604 2293 3672 Quin
2323 3604 2504 3675 potius
2557 3619 2587 3658 a
2637 3603 2820 3674 seipso
2879 3602 3208 3673 principium
3240 3600 3448 3656 ducens
3489 3613 3578 3655 se-

2003 3696 2124 3766 ipso
2161 3695 2442 3758 consistit,
2487 3702 2541 3750 et
2575 3710 2684 3749 nou
2715 3693 2782 3748 ab
2814 3693 2989 3748 altero
3019 3699 3260 3762 coeptum
3309 3699 3394 3746 est
3420 3729 3436 3754 ,
3476 3677 3577 3745 nire

2003 3788 2072 3842 ab
2119 3789 2292 3842 altero
2337 3786 2665 3856 supplicium
2716 3785 2856 3852 fert;
2893 3792 2946 3840 et
2984 3785 3074 3839 cui
3104 3798 3214 3838 non
3266 3783 3574 3853 assignatur

2003 3887 2216 3944 auctor,
2249 3896 2358 3934 non
2393 3878 2765 3948 assignabitur
2787 3877 3020 3944 vindex;
3053 3884 3107 3932 et
3135 3891 3241 3932 non
3297 3875 3574 3946 judicabi-

2002 3979 2092 4024 tur
2119 3970 2186 4024 ab
2221 3971 2416 4034 altero,
2450 3969 2542 4040 qui
2573 3957 2640 4023 ab
2665 3969 2837 4023 altero
2861 3983 2968 4022 non
2994 3973 3079 4021 est
3113 3973 3361 4035 cceptus;
3392 3977 3456 4018 ac
3478 3977 3577 4017 ne—

2001 4061 2202 4116 minem
2237 4067 2458 4124 metuet,
2481 4059 2572 4130 qui
2603 4075 2634 4113 a
2663 4060 2880 4114 nemine
2908 4058 3116 4128 accepit
3149 4066 3208 4110 ut
3238 4063 3405 4111 esset.
3436 4053 3577 4121 Quid

1940 4164 1964 4187 '
2002 4151 2149 4208 enim
2193 4159 2418 4216 metuet,
2455 4151 2501 4207 si
2541 4151 2598 4205 in
2647 4149 2979 4220 perfectione
3010 4145 3301 4203 consistit?
3354 4145 3399 4201 si
3455 4159 3578 4215 per-

2003 4245 2200 4298 fectam
2241 4241 2768 4297 consummationem
2801 4240 2998 4296 habet?
3054 4239 3101 4294 si
3145 4253 3176 4292 a
3220 4252 3279 4292 se
3321 4250 3577 4291 consum«

2004 4343 2185 4389 matus
2213 4334 2338 4390 est?
2386 4333 2430 4388 si
2476 4331 2658 4400 seipso
2692 4331 2949 4402 aptatus?
2980 4344 3214 4401 quorum
3247 4327 3392 4383 enim
3427 4333 3577 4397 apta-

2003 4427 2082 4483 tio
2125 4424 2520 4481 incommodari
2550 4431 2751 4495 potest,
2795 4423 2987 4478 timent
3042 4436 3208 4486 eum,
3242 4418 3336 4489 qui
3391 4424 3578 4488 aptare

2008 4526 2189 4590 potest
2215 4536 2228 4572 :
2260 4517 2405 4587 quod
2435 4525 2614 4588 potest
2635 4516 2775 4570 male
2797 4514 2958 4579 allici,
2981 4515 3136 4569 timet
3165 4512 3308 4568 male
3337 4509 3576 4564 allicien-

2008 4620 2138 4671 tem.
2180 4609 2238 4664 Si
2271 4617 2452 4664 autem
2483 4609 2679 4665 timent
2715 4608 2993 4663 daemones
3015 4645 3030 4670 ,
3079 4611 3134 4659 et
3170 4607 3402 4674 possunt
3438 4599 3579 4654 male

2012 4701 2169 4768 allici,
2201 4717 2310 4756 non
2343 4709 2471 4756 sunt
2498 4701 2723 4773 ingeniti
2750 4719 2764 4754 :
2801 4699 2945 4770 quod
2967 4696 3112 4752 enim
3144 4693 3442 4765 ingenitum
3468 4699 3576 4756 est,

2010 4793 2312 4864 impatibile
2336 4800 2454 4861 est;
2493 4800 2548 4848 et
2587 4809 2694 4846 non
2738 4797 2916 4861 potest
2945 4788 3080 4861 pati,
3121 4786 3265 4858 quod
3296 4793 3449 4843 extra
3481 4799 3580 4840 na-

2009 4895 2188 4947 turam
2224 4887 2531 4957 genitorum
2565 4871 2667 4940 est.

2078 4979 2234 5045 Quod
2257 4985 2436 5032 autem
2472 4978 2808 5047 supplicant,
2841 4974 2895 5029 in
2926 4989 3093 5030 sensu
3127 4979 3278 5039 sunt,
3296 4978 3350 5027 et
3373 4968 3575 5033 sciunt,

2009 5070 2140 5143 quid
2168 5070 2308 5135 sint,
2351 5078 2406 5124 et
2433 5069 2580 5140 quod
2611 5083 2803 5141 pronas
2831 5069 3102 5125 sustinere
3151 5071 3421 5137 possunt;
3467 5077 3578 5117 non

2008 5161 2154 5218 enim
2183 5177 2243 5216 se
2272 5161 2691 5232 ignoraverunt;
2721 5177 2831 5216 non
2866 5176 2926 5216 se
2964 5159 3296 5230 impatibiles
3337 5171 3458 5212 esse
3485 5170 3578 5209 co-

2008 5255 2492 5324 gitaruntznosse
2529 5263 2710 5308 autem
2783 5253 3018 5323 aliquem
3069 5251 3307 5321 seipsum
3369 5255 3422 5300 et
3468 5260 3577 5298 non

2011 5346 2298 5416 ignorare,
2335 5346 2549 5416 signum
2600 5352 2684 5400 est
2729 5360 2924 5402 sensus
2954 5351 3008 5399 et
3036 5341 3320 5396 indicium.
3360 5335 3414 5390 Si
3449 5349 3580 5391 vero

2011 5436 2139 5507 quia
2165 5447 2324 5493 erant
2351 5438 2634 5509 patibiles,
2673 5436 3137 5502 lormidaverunt,
3175 5439 3230 5487 et
3279 5425 3578 5484 formidan-

2015 5535 2098 5584 tes
2133 5529 2612 5600 supplicaverunt,
2645 5535 2699 5584 et
2747 5527 3191 5598 supplicaverunt
3222 5521 3272 5577 ei
3306 5518 3399 5590 qui
3427 5524 3577 5590 pote-

405 5679 514 5755 (14)
550 5679 632 5735 Τὰ
663 5679 772 5749 γὰρ
815 5680 961 5755 δυν,
995 5679 1086 5736 Sic
1135 5683 1467 5755 reddendum
1497 5702 1508 5740 :
1543 5682 1647 5749 Qui
1701 5683 2029 5739 harmoniam
2079 5685 2384 5742 mutabilem
2425 5687 2599 5755 habet,
2651 5681 2956 5755 reformidat
2990 5693 3107 5733 eum
3137 5676 3226 5748 qui
3257 5683 3424 5748 potest
3451 5674 3582 5737 har-

337 5752 540 5811 manias
566 5762 769 5807 mutare
809 5762 899 5806 aut
928 5753 1213 5810 destruere.
1251 5753 1402 5812 BASN.

2510 5860 2518 5867 ο
2565 5855 2594 5865 ὀ
2624 5858 2631 5865 ι
