4064 6290
586 293 727 395 ius

1734 331 1872 390 rm
1911 332 2340 391 eosrneusrs
2375 334 2656 391 EPlSCOP
2703 305 2710 319 ’

3744 300 3864 389 mo

587 458 709 521 rat;
745 467 853 508 non
890 453 1275 523 ignoraverunt
1298 466 1422 507 eum
1452 451 1543 523 qui
1592 452 1965 524 interrogabat
1992 472 2006 508 :
2037 457 2154 525 ipsa

2266 456 2394 527 αὕτη
2423 454 2531 526 γὰρ
2554 455 2588 523 ἡ
2624 452 2801 505 ἱκεσία
2833 449 3011 503 αὐτῶν
3055 447 3330 520 μαρτυρεῖ
3360 486 3376 510 ,
3408 443 3508 497 ὅτι
3537 442 3768 515 ᾔδεισαν
3788 449 3864 499 an

588 544 735 600 enim
767 544 1096 615 supplicatio
1126 551 1363 600 testatur
1395 546 1719 617 cognovisse
1759 561 1856 602 eos
1917 547 2154 603 interro-

591 645 828 706 gantem,
863 643 1025 704 atque
1050 650 1173 691 esse
1199 635 1417 706 quidem
1463 653 1521 693 se
1552 637 1826 708 patibiles,
1859 653 1969 692 non
2000 639 2155 709 igno-

591 735 883 793 raverunt;
911 743 1033 783 esse
1060 745 1190 784 vero
1228 730 1382 783 illum
1411 770 1425 793 ,
1467 732 1561 801 qui
1616 732 2010 802 interrogabat,
2047 732 2153 788 Do-

592 818 796 872 minum
837 827 891 873 et
920 834 1101 889 regem
1133 821 1508 877 universitatis
1538 839 1743 886 rerum,
1772 839 1835 878 ex
1874 824 2152 894 supplica-

593 908 740 962 tione
789 916 1013 979 apparet
1059 911 1306 966 scivisse.
1342 910 1468 967 Ha’c
1510 912 1577 968 de
1626 913 1963 970 daemonibus
2009 917 2154 970 dicta

591 1005 741 1064 sunt,
767 1006 827 1053 ut
857 1015 1032 1070 neque
1068 1001 1136 1055 de
1161 1000 1497 1058 daemonibus
1522 1003 1817 1074 disputatio
1843 1015 2082 1061 vacaret.

662 1090 900 1148 Possunt
928 1102 982 1147 et
1005 1093 1120 1147 haec
1154 1093 1303 1158 addi,
1337 1102 1586 1147 naturam
1609 1109 1730 1151 esse
1759 1096 1863 1150 sibi
1898 1097 2152 1160 similem,

585 1184 836 1256 nihilque
856 1200 974 1240 eam
1005 1199 1037 1238 a
1065 1201 1124 1241 se
1152 1185 1392 1240 differre.
1428 1187 1567 1241 Ecce
1597 1186 1740 1257 ignis
1778 1194 1925 1243 totus
1960 1189 2156 1246 similis

593 1274 698 1331 sibi
720 1281 824 1338 est,
860 1290 971 1329 non
1010 1273 1195 1329 minus
1224 1272 1436 1329 calidus
1481 1288 1645 1344 quam
1693 1274 1765 1329 sit
1795 1276 1943 1346 ipse,
1982 1291 2158 1346 neque

593 1368 768 1438 magis
796 1386 809 1421 :
843 1383 951 1421 non
974 1367 1141 1421 habet
1169 1366 1290 1437 plus
1316 1374 1371 1420 ct
1401 1365 1582 1420 minus
1610 1385 1623 1420 :
1660 1366 1712 1420 in
1753 1367 1964 1421 naturis
2011 1371 2157 1423 enim

593 1467 793 1513 vacant
824 1460 947 1525 plus
975 1466 1029 1512 et
1055 1459 1235 1512 minus
1266 1475 1279 1510 :
1313 1456 1403 1511 ubi
1427 1456 1571 1511 enim
1604 1466 1686 1512 est
1718 1457 1840 1526 plus
1868 1466 1923 1513 et
1951 1458 2155 1524 minus,

595 1565 705 1604 non
742 1556 825 1605 est
862 1557 1077 1613 natura,
1104 1538 1197 1602 sed
1231 1548 1476 1602 accessio
1505 1547 1822 1603 voluntatis.
1868 1547 1925 1602 Si
1977 1558 2157 1604 autem

597 1639 665 1694 de
687 1639 1023 1693 daemonibus
1065 1638 1330 1707 scriptum
1370 1645 1475 1702 est,
1509 1638 1589 1693 ire
1643 1645 1697 1691 et
1746 1653 2027 1694 assumere
2072 1655 2159 1696 se-

599 1736 745 1799 ptem
788 1729 924 1783 alios
966 1727 1194 1798 spiritus
1219 1729 1508 1799 nequiores
1534 1745 1594 1785 se
1622 1730 1681 1795 ';
1728 1738 1784 1784 et
1832 1737 2053 1800 apparet
2094 1746 2159 1785 ex

2259 546 2535 619 ίχνεύοντα
2556 544 2689 615 (15),
2715 544 2808 596 καὶ
2829 543 2909 595 ὅτι
2949 541 3047 610 μὲν
3074 537 3214 610 ἦσαν
3243 536 3546 598 εὐπαθεῖς
3580 534 3684 588 καὶ
3711 538 3863 610 παθη-

2253 640 2337 693 τοὶ
2373 639 2473 693 οὐκ
2499 637 2772 709 ἠγνόησαν
2789 654 2803 669 ·
2833 635 2914 688 ὅτι
2939 633 2997 687 δὲ
3024 634 3228 695 ἐκεῖνος
3249 626 3326 703 ἦν
3357 631 3391 683 6
3436 627 3689 699 ἰχνεύων
3719 632 3748 683 6
3773 631 3863 682 liti-

2259 750 2370 805 ριος
2395 732 2486 785 καὶ
2513 729 2762 801 βασιλεὺς
2785 728 2892 781 τῶν
2921 725 3276 798 πραγμάτων,
3316 721 3643 793 φαίνονται
3671 721 3758 776 διὰ
3780 724 3863 794 τῆς

2258 822 2467 885 ἱκεσίας
2526 819 2895 890 ἐπιστάμενοι.
2961 815 3069 868 Καὶ
3131 813 3309 867 ταῦτα
3390 812 3542 882 περὶ
3609 810 3864 881 δαιμόνων

2255 910 2758 981 κατεσκευάσαμεν,
2809 909 2896 962 ἵνα
2939 906 3073 978 μηδὲ
3128 907 3157 960 6
3195 904 3334 959 atso‘t
3391 903 3694 957 δαιμόνων
3736 903 3861 975 ἀργῇ

2254 1005 2431 1073 λόγος.

2256 1104 2271 1144 t
2340 1095 2606 1165 Ἐγχωρεῖ
2630 1092 2739 1164 γὰρ
2775 1091 2868 1145 καὶ
2893 1088 3064 1143 ταῦτα
3098 1088 3508 1162 προστιθέναι,
3549 1089 3637 1142 ὅτι
3662 1091 3696 1160 ἡ
3721 1087 3862 1158 φύσις

2258 1186 2420 1256 ἑαυτῇ
2450 1183 2608 1255 ὁμοία
2635 1182 2770 1241 ἐστὶ.
2790 1182 2881 1236 καὶ
2899 1180 3149 1251 οὐδεμίαν
3174 1179 3469 1250 διαφορὰν
3506 1179 3654 1250 πρὸς
3680 1181 3862 1250 ἑαυτὴν

2258 1276 2388 1348 ἔχει.
2443 1276 2570 1328 ἰδοὺ
2598 1274 2707 1348 γὰρ
2743 1272 2805 1328 τὸ
2835 1272 2946 1343 πῦρ
2971 1271 3109 1334 ὅλον,
3146 1271 3339 1342 ὅμοιον
3377 1270 3613 1342 ἑαυτῷ,
3643 1270 3741 1341 οὐχ
3774 1268 3857 1343 ἦτ-

2257 1385 2346 1421 τον
2373 1363 2561 1419 ἑαυτοῦ
2607 1362 2826 1435 θερμὸν,
2853 1360 2971 1415 οὐδὲ
3009 1360 3205 1431 μᾶλλον
3233 1360 3461 1414 ἑαυτοῦ
3490 1377 3505 1390 ·
3547 1361 3614 1412 οὐ
3656 1360 3718 1413 τὸ
3745 1360 3859 1430 μᾶλα

2258 1459 2348 1511 λον
2370 1459 2463 1511 καὶ
2490 1457 2551 1510 τὸ
2581 1452 2741 1529 ἦττον
2777 1455 2886 1526 ἔχει
2905 1472 2919 1486 ο
2955 1457 3011 1507 ὲν
3042 1453 3150 1527 γὰρ
3178 1456 3302 1517 ταῖς
3336 1453 3558 1522 φύσεσι
3591 1453 3655 1506 τὸ
3682 1452 3857 1523 μᾶλλον

2260 1548 2351 1600 καὶ
2379 1546 2439 1599 τὸ
2466 1541 2626 1617 ἦττον
2655 1547 2816 1617 ἀργεῖ
2832 1561 2846 1575 ’
2870 1545 3000 1598 ὅπου
3027 1543 3083 1596 δὲ
3107 1541 3307 1614 μᾶλλον
3335 1543 3446 1597 καὶ
3471 1537 3673 1613 ἧττον,
3701 1543 3857 1596 οὐκέκ

2260 1637 2442 1708 φύσις,
2478 1635 2614 1691 ἀλλὰ
2652 1636 3019 1708 προαιρέσεως
3052 1634 3317 1697 ἐπίδοσις.
3360 1635 3435 1687 Εἰ
3465 1633 3535 1687 δὲ
3567 1634 3853 1706 γέγραπται

2260 1731 2355 1783 καὶ
2384 1730 2511 1800 περὶ
2533 1728 2821 1799 δαιμόνων,
2853 1728 2934 1781 ὅτι
2966 1727 3264 1799 ἀπέρχεται
3296 1727 3409 1780 καὶ
3440 1726 3854 1798 παραλαμϐάνει

600 1835 869 1882 sermone,
901 1836 1023 1875 esse
1048 1821 1443 1885 accessionem,
1474 1822 1601 1893 quia
1632 1822 1735 1876 hoc
1766 1831 1851 1878 est
1902 1838 2159 1894 nequam,

2266 1820 2402 1875 ἑπτὰ
2427 1822 2588 1892 ἔτερα
2610 1820 2894 1891 πνεύματα
2918 1820 3256 1891 πονηρότερα
3276 1817 3501 1873 ἑαυτοῦ
3529 1834 3544 1848 ’
3576 1820 3675 1873 καὶ
3697 1822 3853 1889 (pairs.

597 1912 732 1969 illud
765 1927 891 1966 vero
946 1912 1206 1982 nequius,
1266 1911 1568 1969 diﬂ‘erentia
1621 1913 1876 1983 nequitiae
1930 1922 2033 1970 est.
2066 1914 2167 1970 Ubi

598 2012 683 2059 est
730 2011 925 2058 natura
979 2019 1088 2058 non
1137 2005 1239 2059 sibi
1290 2006 1524 2072 similis,
1586 2005 1629 2060 si
1665 2006 1972 2061 differentia
2015 2022 2169 2077 repe-

598 2099 740 2153 ritur
768 2098 823 2151 in
853 2098 1130 2167 nequitia;
1161 2109 1214 2155 et
1240 2097 1542 2154 differentia
1575 2099 1893 2163 voluntatis,
1929 2115 2037 2155 non
2070 2115 2168 2154 na-

602 2191 915 2246 turaetestis
944 2191 1066 2246 est?
1119 2190 1198 2245 Ac
1246 2190 1314 2247 de
1361 2190 1446 2246 his
1494 2191 1712 2262 quidem
1772 2192 1909 2248 satis
1958 2191 2165 2247 dictum

600 2280 692 2336 sit.

2264 1932 2352 1968 ται
2381 1917 2445 1969 ἐκ
2476 1913 2568 1967 τοῦ
2602 1912 2757 1982 λόγου
2792 1912 3050 1977 ἐπίδοσις,
3076 1912 3157 1965 ὅτι
3185 1911 3247 1964 τὺ
3284 1912 3397 1982 μὲν
3439 1912 3713 1985 πονηρὸν,
3740 1913 3853 1965 τὸδὲ

2264 2008 2642 2079 πονηρότερον,
2672 2004 2903 2076 διαφορὰ
2930 2004 3213 2076 πονηρίας.
3250 2002 3378 2057 Ποῦ
3425 2003 3553 2057 ἔστι
3598 2003 3757 2072 φύσις
3791 2004 3851 2075 μή

2263 2094 2396 2153 οὖσα
2434 2098 2594 2169 ὁμοία
2627 2099 2813 2169 ἑαυτῇ.
2848 2097 3109 2169 διαφορᾶς
3147 2098 3206 2149 ἐν
3239 2097 3507 2168 πονηρίᾳ
3550 2095 3851 2167 εὑρισκομέ-

2265 2207 2383 2262 νης,
2415 2192 2509 2245 καὶ
2548 2193 2648 2263 τῆς
2686 2191 2947 2263 διαφορᾶς
2994 2190 3394 2261 μαρτυρούσης
3430 2193 3502 2262 τῇ
3560 2188 3849 2260 προαιρέσει

2263 2284 2358 2337 καὶ
2395 2281 2469 2354 μὴ
2501 2285 2566 2355 τῇ
2599 2283 2794 2352 φύσει;
2829 2282 2981 2346 ’Ἅλις
3005 2283 3102 2353 μὲν
3133 2281 3241 2335 τῶν
3272 2282 3565 2336 τοιούτων
3591 2282 3778 2350 λόγων.

598 2390 725 2446 αλιι.
766 2390 1004 2447 XXXIII.
1058 2389 1286 2446 Manetis
1323 2389 1429 2448 duo
1474 2393 1737 2463 principia
1792 2394 2024 2519 ingenita
2050 2408 2357 2519 .sequratah
2387 2374 2567 2520 Matri}
2614 2395 2813 2461 Satan,
2864 2395 3006 2452 Deus
3050 2396 3234 2452 bonus.
3270 2395 3552 2468 Aposluli
3588 2393 3843 2466 aliquando

1976 2483 2083 2520 om.
2107 2485 2137 2520 a
2164 2484 2317 2520 rauan
2362 2484 2390 2520 ο
2423 2484 2505 2520 ma
2532 2483 2570 2520 ι.

1976 2483 2083 2533 om,
2107 2483 2390 2537 attquanao
2423 2483 2570 2521 man.

668 2577 1062 2648 Aggrediemur
1089 2577 1346 2648 deinceps
1368 2587 1733 2633 commentum
1765 2579 2002 2649 primum
2024 2580 2162 2636 isto-

600 2686 720 2724 rum
758 2670 951 2725 l'abulaa
978 2684 1274 2740 exponere,
1304 2678 1359 2724 et
1397 2668 1866 2727 confutationibus
1893 2671 2160 2727 refellere.

602 2761 824 2827 Malum,
855 2761 1051 2831 inquit,
1082 2768 1198 2816 erat
1219 2800 1235 2826 ,
1286 2768 1342 2817 et
1393 2761 1693 2831 ingenitum
1722 2771 1876 2817 erat:
1917 2771 2034 2819 erat
2068 2780 2167 2817 au-

601 2862 708 2908 tem
758 2860 811 2908 et
841 2852 984 2908 Deus
1010 2852 1230 2917 bonus,
1273 2861 1329 2907 et
1387 2853 1559 2908 divisa
1608 2853 1729 2907 loca
1777 2853 2164 2923 habitationis,

599 2950 655 2999 et
688 2950 914 3025 uterque
937 2943 1079 3014 apud
1112 2958 1170 2999 se
1221 2945 1290 2999 ab
1321 2944 1490 2999 altero
1544 2944 1869 3014 seiunctus:
1907 2961 1972 3001 ac
2007 2963 2167 3017 sepa-

600 3042 756 3090 ratus
789 3034 1005 3105 quidem
1036 3034 1180 3091 Deus
1208 3052 1238 3090 a
1269 3037 1413 3091 malo
1439 3055 1453 3104 ;
1510 3046 1798 3108 separatus
1830 3040 1956 3095 item
1985 3054 2015 3092 a
2054 3040 2165 3095 Deo

2348 2581 2812 2654 Ἐπιχειρήσωμεν
2843 2580 2899 2634 δὲ
2920 2579 3014 2635 καὶ
3039 2580 3138 2651 τὴν
3182 2579 3531 2651 μυθοποιίαν
3568 2577 3740 2633 αὐτῶν
3763 2575 3838 2645 τὴν

2269 2671 2490 2745 πρώτην
2522 2671 2955 2743 ὑφηγησάμενοι,
2978 2674 3087 2733 τοῖς
3119 2671 3636 2732 ἀνασκευαστικοῖς
3658 2667 3837 2740 meo

2274 2766 2413 2837 μεθα
2457 2764 2656 2832 λόγοις.
2698 2763 2902 2827 Κακία,
2943 2762 3127 2832 φησιν,
3161 2756 3251 2832 ἦν,
3286 2760 3393 2814 καὶ
3438 2761 3730 2830 ἅγέννητος

2269 2853 2336 2929 ἦν
2362 2855 2418 2911 δὲ
2445 2858 2536 2909 καὶ
2566 2858 2595 2909 6
2620 2855 2820 2924 ἀγαθὸς
2849 2852 2998 2917 Θεὸς,
3023 2854 3114 2905 καὶ
3148 2852 3566 2923 μεμερισμένοι
3597 2852 3738 2904 τόποι
3758 2848 3833 2916 τῆς

2268 2951 2532 3021 οἰκήσεως
2554 2966 2566 2978 ·
2594 2949 2685 3001 καὶ
2705 2947 2960 3019 ἑκάτερος
2983 2946 3103 3000 καθ’
3131 2945 3327 2999 ἑαυτὸν
3351 2945 3455 2998 τοῦ
3480 2944 3668 3016 ἐτέρου
3691 2940 3829 3010 ἀπηλ-

2268 3042 2571 3113 λαγμένος·
2628 3040 2722 3095 καὶ⁹
2751 3040 3025 3112 ἀφώριστο
3073 3038 3170 3111 μὲν
3229 3038 3445 3102 κακίας
3495 3040 3525 3092 ὁ
3563 3037 3718 3099 Θεός’
3752 3034 3821 3100 ἀφ-

603 3126 854 3197 princeps
890 3128 1018 3182 mali
1052 3146 1065 3181 :
1095 3135 1150 3183 et
1198 3135 1423 3199 uterque
1474 3130 1614 3200 apud
1649 3146 1708 3186 se
1738 3139 1895 3195 erat,
1939 3141 2165 3202 uterque

2271 3134 2472 3207 ὡριστο
2498 3133 2555 3187 δὲ
2592 3134 2685 3186 καὶ
2707 3134 2734 3187 6
2755 3133 2853 3203 τῆς
2870 3132 3065 3194 κακίας
3081 3131 3261 3202 ἄρχων
3278 3129 3382 3183 τοῦ
3407 3129 3550 3183 Θεοῦ
3568 3146 3582 3159 ·
3617 3129 3704 3182 καὶ
3725 3126 3822 3178 ἐκά-

604 3215 718 3269 suis
742 3216 1041 3284 imperabat
1080 3224 1136 3271 et
1167 3218 1546 3288 gubernabat,
1595 3230 1655 3273 ut
1692 3229 1856 3277 natus
1899 3230 1954 3276 et
2009 3232 2168 3293 aptus

602 3314 760 3361 erat:
792 3307 966 3362 malus
998 3309 1214 3378 quidem
1250 3310 1423 3375 male;
1474 3311 1652 3367 bonus
1681 3328 1811 3368 vero
1839 3314 2010 3382 bene;
2061 3331 2173 3370 ma-

604 3398 690 3453 lus
714 3413 917 3453 nocens
944 3407 998 3454 et
1020 3400 1134 3456 suis
1161 3400 1326 3456 rebus
1353 3417 1581 3469 nocens,
1613 3412 1667 3458 et
1696 3406 1812 3461 suis
1839 3421 2038 3463 nocere
2059 3423 2168 3463 non

604 3490 894 3558 desinens;
935 3491 1115 3547 bonus
1149 3508 1366 3564 semper
1415 3495 1588 3551 bonus
1621 3505 1674 3549 et
1702 3495 1932 3573 juvans,
1986 3506 2039 3553 et
2087 3515 2172 3555 res

605 3598 735 3638 suas
752 3583 971 3653 juvans,
993 3592 1045 3640 et
1078 3602 1357 3657 nunquam
1394 3603 1502 3641 non
1533 3587 1752 3657 juvans.
1811 3588 1999 3646 Omnis
2026 3591 2169 3646 enim

606 3674 813 3728 utilitas
843 3690 871 3727 a
896 3674 1041 3729 bono
1073 3677 1238 3745 coapit
1271 3677 1564 3746 proﬁcisci.
1602 3676 1738 3732 Cum
1776 3679 2042 3734 doctrinis
2070 3695 2165 3748 pu-

605 3773 942 3836 gnaverunt;
973 3774 1213 3822 extrema
1245 3769 1641 3838 quaesiverunt;
1668 3770 1910 3823 invenire
1941 3786 2045 3823 non
2078 3786 2167 3840 po-

606 3865 858 3925 tuerunt;
895 3859 984 3929 qui
1018 3874 1049 3912 a
1084 3860 1386 3930 principio,
1437 3877 1557 3931 qua:
1588 3863 1931 3916 consectaria
1984 3871 2170 3927 erant,

606 3966 716 4005 non
742 3951 1200 4022 approbaverunt.
1228 3953 1304 4007 Ac
1331 3968 1496 4023 parva
1517 3952 1895 4024 quidemsnnt
1929 3954 2043 4008 haec
2062 3994 2076 4017 ,
2122 3961 2174 4008 et

608 4060 716 4098 non
770 4043 974 4111 multa;
1025 4045 1160 4100 satis
1217 4053 1399 4100 tamen
1446 4054 1575 4102 sunt
1620 4046 1685 4100 ad
1746 4046 2171 4118 disputationem

607 4135 926 4206 quaestionis
959 4155 972 4191 :
1009 4134 1239 4191 formam
1273 4145 1482 4192 tantum
1530 4140 1764 4208 protuli;
1818 4155 1925 4193 non
1957 4137 2174 4193 excurri

609 4230 674 4284 ad
709 4230 1111 4286 multitudinem
1143 4233 1603 4287 testimoniorum.
1653 4231 1787 4299 Quae
1823 4235 1963 4288 enim
2002 4232 2168 4286 allini-

608 4331 769 4378 tatcm
800 4331 854 4378 et
885 4324 1262 4394 cognationem
1287 4340 1410 4379 cum
1441 4325 1526 4380 his
1577 4327 1796 4389 habent,
1854 4334 2061 4396 qnzeret
2105 4326 2176 4380 le-

607 4424 745 4477 ctor.
778 4426 831 4471 et
862 4432 925 4472 ex
964 4417 1046 4471 his
1070 4416 1135 4469 ad
1170 4417 1368 4471 similia
1397 4425 1449 4472 et
1479 4417 1736 4473 allinitate
1770 4418 2062 4489 conjuncta
2097 4418 2173 4473 le-

607 4508 839 4578 gendum
871 4508 1264 4578 progredictur.

679 4598 789 4669 Age
815 4614 981 4664 nunc,
1011 4599 1347 4654 instruamus
1365 4614 1724 4670 paremusqne
1744 4599 1962 4653 illorum
1992 4597 2172 4666 dispu-

608 4699 885 4765 tationem,
918 4699 1159 4768 ipsorum
1187 4698 1439 4768 dogmata
1475 4710 1828 4768 apponentes.
1859 4695 2030 4749 Malus
2059 4694 2173 4763 qui-

606 4786 727 4842 dem
764 4797 880 4842 erat
925 4788 1177 4850 Satanas,
1212 4789 1387 4842 bonus
1430 4802 1557 4840 vero
1613 4780 1802 4840 Deus:
1844 4792 1898 4839 et
1949 4784 2028 4839 sic
2082 4795 2168 4836 res

604 4888 742 4936 erat.
776 4879 1030 4934 Fabulam
1055 4888 1226 4943 verto,
1264 4889 1322 4934 ut
1354 4878 1591 4934 fabulam
1625 4877 1900 4951 repudiem
1930 4895 1945 4944 ;
1985 4884 2038 4931 et
2062 4876 2167 4931 nisi

603 4989 872 5046 opponam
896 4988 1014 5043 qua:
1047 4980 1344 5043 exponunt,
1364 4989 1471 5028 non
1497 4988 1716 5043 possum
1751 4970 1985 5026 fabulam
2016 4985 2170 5025 ever-

608 5076 742 5119 tere.
781 5063 960 5119 Bonus
988 5064 1202 5133 quidem
1237 5073 1355 5120 erat
1391 5064 1552 5129 Deus,
1583 5064 1798 5135 inquit;
1832 5064 2006 5118 malus
2041 5078 2169 5117 vero

610 5156 877 5223 Satanas;
905 5163 959 5211 et
983 5171 1260 5226 nunquam
1290 5174 1398 5212 non
1428 5166 1578 5224 erat;
1610 5166 1728 5212 erat
1760 5156 1903 5210 enim
1929 5170 2165 5226 semper,

606 5259 664 5307 et
686 5265 716 5304 a
750 5250 899 5304 nullo
929 5248 1237 5320 profectus;
1272 5257 1387 5305 erat
1417 5252 1582 5316 enim,
1619 5257 1671 5306 et
1702 5249 1855 5304 radix
1887 5256 2036 5314 erat,
2086 5251 2171 5305 in-

677 5410 700 5442 ’
728 5406 861 5463 Luc.
891 5421 969 5473 x1,
1005 5405 1096 5460 26.

684 5564 796 5631 (15)
834 5564 945 5619 Τὸν
990 5566 1106 5633 lxv.
1156 5560 1514 5633 Interrogavit
1557 5561 1715 5633 enim
1747 5560 1901 5633 i_|lum
1956 5557 2162 5614 Iesus:

610 5632 765 5701 Quod
780 5629 864 5687 est
906 5629 1253 5687 tibi’nomen?
1279 5629 1428 5699 (Luc.
1462 5646 1579 5692 vm,
1610 5629 1724 5700 50.)
1746 5630 1915 5701 Τυιιιι.

681 5704 791 5774 (l6)
814 5706 869 5757 Ἀ
879 5705 1085 5774 rradd.
1102 5703 1376 5773 Legerem,
1402 5701 1666 5755 ἀκόλουθα
1682 5700 1830 5774 λμαθη
1840 5700 2043 5774 μάτων,
2063 5700 2167 5774 sic-

612 5770 717 5844 que
766 5770 1039 5828 rcddcrcm
1083 5770 1245 5829 totam
1281 5774 1560 5844 periodum
1603 5790 1614 5826 :
1656 5770 2061 5840 Consequentia:
2088 5771 2167 5823 di-

2268 3243 2424 3298 τερος
2449 3224 2568 3278 καθ’
2597 3224 2785 3278 ἑαυτὸν
2809 3221 2876 3296 ἦν
2895 3241 2909 3254 ·
2941 3225 3032 3277 καὶ
3051 3219 3219 3295 ἦρχεν
3245 3224 3525 3294 ἑκάτερος
3549 3222 3657 3276 τῶν
3684 3219 3821 3273 ἰδίων

2270 3318 2364 3372 καὶ
2391 3318 2655 3389 ᾠκονόμει
2683 3318 2757 3380 ὠς
2780 3316 3042 3387 ἐπεφύκει
3061 3333 3073 3345 ·
3108 3317 3135 3369 ὀ
3163 3315 3262 3386 μὲν
3304 3315 3486 3379 κακὸς
3521 3312 3720 3376 κακῶς,
3742 3307 3823 3362 όδὲ

2269 3412 2468 3481 ἀγαθὸς
2516 3410 2734 3480 ἁγαθῶς
2754 3426 2767 3439 ⁶
2792 3411 2820 3463 6
2850 3409 2947 3478 μὲν
2989 3407 3156 3471 κακὸς
3187 3405 3477 3476 βλάπτων,
3509 3405 3604 3461 καλ⁸
3635 3403 3697 3456 τὰ
3727 3402 3822 3454 ἐαυ-

2269 3500 2360 3562 τοῦ
2399 3500 2668 3571 βλάπτων,
2699 3499 2793 3552 καὶ
2818 3497 2910 3551 τοῦ
2946 3496 3199 3568 βλάπτειν
3230 3496 3302 3549 τὰ
3335 3497 3448 3550 ἴδια
3485 3498 3561 3570 μὴ
3593 3491 3819 3548 ἀπαλλατ-

2269 3593 2523 3661 τόμενοςς.⁹
2560 3594 2587 3645 6
2615 3591 2671 3648 δὲ
2692 3589 2895 3660 ἀγαθὸς
2917 3590 3002 3643 ἀεὶ
3034 3588 3238 3659 ἀγαθὸς
3258 3592 3360 3642 καὶ
3389 3587 3640 3658 ὠφελῶν,
3674 3583 3753 3638 καὶ
3773 3578 3821 3632 τὰ

2272 3682 2464 3737 ἑαυτοῦ
2515 3682 2759 3752 ὠφελῶν,
2820 3682 2915 3736 καὶ
2965 3680 3233 3753 μηδέποτε
3276 3681 3356 3752 μὴ
3399 3679 3656 3750 ὠφελῶν·
3704 3677 3815 3727 πᾶςα

2271 3774 2378 3846 γὰρ
2407 3774 2640 3843 ὠφέλεια
2660 3772 2719 3838 ἐξ
2748 3772 2950 3841 ἀγαθοῦ
2980 3774 3309 3844 προήρχετο.
3341 3772 3460 3843 (16)
3501 3763 3817 3824 Ἀνακὸλουθει

2275 3864 2608 3936 μαθημάτων
2634 3864 2967 3936 ἐμαχέσαντο
2984 3880 2997 3894 ο
3029 3864 3097 3915 τὰ
3123 3861 3418 3915 τελευταῖα
3447 3862 3723 3933 ἐζήτησαν,
3747 3854 3813 3905 εὑ-

2276 3962 2385 4030 ρεῖν
2414 3959 2511 4011 οὐκ
2539 3957 2899 4028 ἠδυνήθησαν,
2928 3957 3038 4010 ἀπὸ
3058 3957 3158 4028 τῆς
3184 3957 3365 4029 ἀρχῆς
3409 3956 3514 4026 τὴν
3542 3947 3813 4007 ἀκολουθίαν

2275 4052 2348 4124 μὴ
2399 4050 2850 4122 παραδεξάμενοι·
2877 4051 2986 4105 Καὶ
3034 4049 3205 4121 μικρὰ
3252 4050 3357 4120 μὲν
3414 4047 3610 4110 ταῦτα,
3651 4041 3731 4097 καὶ
3764 4035 3811 4087 0'3

2273 4144 2441 4198 πολλά
2458 4163 2470 4175 ’
2505 4146 2748 4215 αὐτάρκη
2774 4144 2829 4197 δὲ
2856 4144 2988 4215 πρὸς
3007 4143 3104 4215 τὴν
3126 4140 3358 4214 ζήτησιν
3385 4161 3395 4171 ·
3427 4142 3521 4194 τὸν
3537 4130 3811 4228 χαρακτῆξα

2274 4235 2432 4307 μόνον
2462 4234 2748 4305 κεκίνηκα,
2777 4234 2871 4287 καί
2900 4234 3000 4286 οὐκ
3032 4234 3111 4294 είς
3136 4230 3343 4303 πλῆθος
3373 4228 3712 4295 καταϐέϐηκα
3730 4232 3808 4270 των

2274 4325 2618 4397 μαρτυριῶν·
2655 4325 2700 4396 (1
2712 4324 2765 4393 7)
2794 4323 2860 4377 τὰ
2891 4323 2993 4393 γὰρ
3027 4322 3261 4393 συγγενῆ
3292 4321 3406 4375 τῶν
3435 4316 3723 4389 λεγομένων
3739 4307 3811 4397 ξηξ

2270 4418 2423 4489 τήσει
2454 4418 2481 4468 ὁ
2513 4414 2916 4484 ἀναγινώσκων,
2942 4414 3035 4467 καὶ
3064 4415 3127 4466 ὲκ
3142 4410 3350 4465 τούτων
3376 4409 3468 4464 ἐπὶ
3491 4408 3559 4461 τὰ
3576 4408 3718 4476 ὃμοια
3740 4394 3806 4449 καὶ

2199 4490 2248 4548 υ
2275 4509 2477 4578 ἀδελφὰ
2506 4510 2743 4579 χωρήσει
2776 4506 3195 4577 ἁναγνὼσματα.

2358 4603 2546 4673 Ἡμεῖς
2563 4601 2616 4653 δὲ
2644 4601 2706 4669 φὲ
2716 4618 2773 4670 pa
2800 4598 3291 4667 κατασκευάσωμεν
3310 4596 3405 4649 τὸν
3427 4591 3642 4646 ἐκείνων
3665 4582 3802 4679 λᾶὶίονῖ

2273 4695 2343 4749 τὰ
2371 4669 2614 4765 δόγματα
2642 4669 2863 4748 ἐκείνων
2890 4692 3298 4764 παραθέμενοι·
3335 4685 3573 4757 πονηρὸς
3610 4678 3697 4750 μὲν
3783 4669 3805 4719 δ

2275 4760 2544 4851 Σατανας,
2574 4786 2774 4857 ἀγαθὸς
2813 4786 2868 4840 δὲ
2910 4760 3039 4859 ἦνὸ
3089 4760 3254 4847 Θεός·
3290 4781 3385 4834 καὶ
3425 4776 3591 4836 οὕτως
3620 4760 3804 4865 ’ξι-Τὸν

2278 4880 2445 4951 μῦθον
2479 4880 2714 4951 στρέφω,
2745 4879 2833 4932 ἵνα
2870 4878 2961 4932 τὸν
3003 4877 3167 4949 μῦθον
3196 4873 3506 4943 δυσωπήσω
3525 4884 3538 4899 ο
3570 4863 3655 4917 καὶ
3683 4858 3799 4958 εἱιμη

2276 4972 2605 5045 παράθωμαι
2633 4972 2669 5027 ἃ
2713 4971 3051 5041 ἐξηγοῦνται,
3101 4966 3356 5039 ὲντρὲψαι
3390 4962 3489 5033 τὴν
3528 4953 3797 5045 Wo“???

2275 5031 2374 5120 οὐκ
2413 5031 2538 5136 ἔχω.
2577 5031 2807 5134 Ἀγαθός
2823 5031 2934 5136 ’μὲν
2963 5031 3047 5134 ἦν⁷
3073 5063 3101 5114 ὁ
3135 5031 3285 5124 Θέὺςξ
3335 5031 3488 5128 φησῖν
3527 5031 3797 5136 πονηρἚῶ

2276 5160 2304 5211 6
2331 5160 2575 5220 Σατανᾶς
2593 5174 2607 5186 ο
2628 5157 2722 5209 καὶ
2761 5152 2827 5227 ἦν
2855 5154 3117 5225 πονηρός·
3159 5152 3252 5205 καὶ
3290 5149 3412 5203 οὔτε
3447 5139 3570 5196 ποτὲ
3596 5135 3683 5238 οὐκ

2275 5251 2360 5305 ἀεὶ
2394 5250 2501 5322 γὰρ
2650 5250 2742 5305 καὶ
2769 5217 2868 5301 οὐκ
2897 5217 3010 5301 ἁπό-
3031 5217 3172 5308 τινος
3197 5241 3264 5315 ἦν
3287 5261 3300 5273 ·
3333 5236 3400 5312 ἦν
3422 5236 3527 5306 γάρ
3546 5248 3559 5262 ⁶
3589 5224 3671 5281 καὶ
3697 5217 3792 5289 ῥίζα

2273 5557 2614 5640 ετίηιίηανιιηι
2652 5565 2986 5642 negaverunt.
3018 5564 3252 5638 arti-cina
3274 5538 3784 5642 quwtitfﬂﬁgfg;

2271 5609 2556 5695 ῥέέίὲείηὸη
2576 5609 2883 5697 potuerunt,
2899 5609 3271 5696 principiorum
3286 5609 3683 5697 consequently!
3702 5609 3753 5650 πο

2276 5682 2642 5757 admittentes;
2677 5699 2756 5753 sic
2784 5682 2929 5752 enim
2967 5682 3160 5766 planius
3186 5706 3268 5751 est
3296 5682 3497 5769 sensus.
3530 5682 3670 5733 l’ASN-

2350 5769 2454 5790 ιιι-ι
2494 5770 2564 5790 mn
2592 5788 2602 5790 Α
2639 5773 2688 5790 2.-
2892 5767 3142 5790 n-___-_|.-._.
3175 5768 3354 5790 .t...-......
3383 5754 3663 5790 mdnlmnllll
3694 5736 3708 5790 l

2347 5769 2457 5839 (I7)
2494 5770 2565 5824 Τὰ
2590 5742 2695 5837 γδρ
2719 5785 2856 5838 συγ.
2891 5742 3145 5832 Qu'uxlant
3170 5768 3355 5822 deesse
3383 5754 3663 5812 \Yidt'banlnl
3695 5742 3777 5790 hoc

3975 1328 3977 1365 ί
