  <div class='ocr_page' id='page_1' title='image "/cluster/home/n/w/nwhite01/storage/ocr_20150623/18/mdp.39015008168943/586.png"; bbox 0 0 4064 6290; ppageno 0'>
   <div class='ocr_carea' id='block_1_1' title="bbox 290 353 1904 421">
    <p class='ocr_par' dir='ltr' id='par_1_1' title="bbox 290 355 1904 421">
     <span class='ocr_line' id='line_1_1' title="bbox 290 355 1904 421; baseline -0.007 0"><span class='ocrx_word' id='word_1_1' title='bbox 290 364 325 421; x_wconf 69' lang='grc'><strong>1</strong></span> <span class='ocrx_word' id='word_1_2' title='bbox 346 365 452 420; x_wconf 61' lang='lat' dir='ltr'><strong>{Si</strong></span> <span class='ocrx_word' id='word_1_3' title='bbox 1410 355 1780 412; x_wconf 77' lang='lat' dir='ltr'><strong>ADVERSUS</strong></span> <span class='ocrx_word' id='word_1_4' title='bbox 1821 356 1904 410; x_wconf 66' lang='lat' dir='ltr'><strong>MA</strong></span> 
     </span>
    </p>
   </div>
   <div class='ocr_carea' id='block_1_2' title="bbox 2004 353 3562 421">
    <p class='ocr_par' dir='ltr' id='par_1_2' title="bbox 2004 353 3562 417">
     <span class='ocr_line' id='line_1_2' title="bbox 2004 353 3562 417; baseline 0.004 -7"><span class='ocrx_word' id='word_1_5' title='bbox 2004 354 2246 412; x_wconf 56' lang='lat' dir='ltr'><strong>EHIEOS</strong></span> <span class='ocrx_word' id='word_1_6' title='bbox 2285 355 2411 409; x_wconf 67' lang='lat' dir='ltr'><strong>leB.</strong></span> <span class='ocrx_word' id='word_1_7' title='bbox 2456 353 2499 412; x_wconf 84' lang='grc' dir='ltr'><strong>Ι.</strong></span> <span class='ocrx_word' id='word_1_8' title='bbox 3420 361 3562 417; x_wconf 68' lang='lat'><strong>“22</strong></span> 
     </span>
    </p>
   </div>
   <div class='ocr_carea' id='block_1_3' title="bbox 284 475 1904 560">
    <p class='ocr_par' dir='ltr' id='par_1_3' title="bbox 284 475 1883 560">
     <span class='ocr_line' id='line_1_3' title="bbox 284 475 1883 560; baseline -0.008 -19"><span class='ocrx_word' id='word_1_9' title='bbox 284 484 404 560; x_wconf 71' lang='grc' dir='ltr'>ἦν,</span> <span class='ocrx_word' id='word_1_10' title='bbox 437 481 590 557; x_wconf 69' lang='grc' dir='ltr'>φησὶ,</span> <span class='ocrx_word' id='word_1_11' title='bbox 622 484 716 537; x_wconf 76' lang='grc' dir='ltr'>καὶ</span> <span class='ocrx_word' id='word_1_12' title='bbox 745 477 812 554; x_wconf 81' lang='grc' dir='ltr'>ἦν</span> <span class='ocrx_word' id='word_1_13' title='bbox 834 483 1058 554; x_wconf 83' lang='grc' dir='ltr'>Κύριος,</span> <span class='ocrx_word' id='word_1_14' title='bbox 1089 483 1184 537; x_wconf 79' lang='grc' dir='ltr'>καὶ</span> <span class='ocrx_word' id='word_1_15' title='bbox 1212 480 1371 544; x_wconf 76' lang='grc' dir='ltr'>αὐτὸς</span> <span class='ocrx_word' id='word_1_16' title='bbox 1403 476 1500 551; x_wconf 87' lang='grc' dir='ltr'><strong>ἦν·</strong></span> <span class='ocrx_word' id='word_1_17' title='bbox 1534 479 1629 535; x_wconf 76' lang='grc' dir='ltr'><strong>καὶ</strong></span> <span class='ocrx_word' id='word_1_18' title='bbox 1654 479 1779 542; x_wconf 69' lang='grc' dir='ltr'>ῥίζα</span> <span class='ocrx_word' id='word_1_19' title='bbox 1796 475 1883 549; x_wconf 81' lang='grc' dir='ltr'><strong>ἦν·</strong></span> 
     </span>
    </p>
   </div>
   <div class='ocr_carea' id='block_1_4' title="bbox 2004 475 3560 560">
    <p class='ocr_par' dir='ltr' id='par_1_4' title="bbox 2004 475 3560 548">
     <span class='ocr_line' id='line_1_4' title="bbox 2004 475 3560 548; baseline 0.001 -17"><span class='ocrx_word' id='word_1_20' title='bbox 2004 479 2146 548; x_wconf 57' lang='lat' dir='ltr'><strong>quit:</strong></span> <span class='ocrx_word' id='word_1_21' title='bbox 2178 484 2297 532; x_wconf 90' lang='lat' dir='ltr'><strong>erat</strong></span> <span class='ocrx_word' id='word_1_22' title='bbox 2332 478 2459 532; x_wconf 89' lang='lat' dir='ltr'><strong>item</strong></span> <span class='ocrx_word' id='word_1_23' title='bbox 2494 475 2790 540; x_wconf 85' lang='lat' dir='ltr'><strong>Dominus,</strong></span> <span class='ocrx_word' id='word_1_24' title='bbox 2846 484 2901 531; x_wconf 87' lang='lat' dir='ltr'><strong>et</strong></span> <span class='ocrx_word' id='word_1_25' title='bbox 2936 476 3053 546; x_wconf 82' lang='lat' dir='ltr'><strong>ipse</strong></span> <span class='ocrx_word' id='word_1_26' title='bbox 3099 481 3252 540; x_wconf 87' lang='lat' dir='ltr'><strong>erat;</strong></span> <span class='ocrx_word' id='word_1_27' title='bbox 3300 484 3353 529; x_wconf 90' lang='lat' dir='ltr'><strong>et</strong></span> <span class='ocrx_word' id='word_1_28' title='bbox 3408 477 3560 532; x_wconf 81' lang='lat' dir='ltr'><strong>radix</strong></span> 
     </span>
    </p>
   </div>
   <div class='ocr_carea' id='block_1_5' title="bbox 288 567 1904 650">
    <p class='ocr_par' dir='ltr' id='par_1_5' title="bbox 288 570 1894 650">
     <span class='ocr_line' id='line_1_5' title="bbox 288 570 1894 650; baseline -0.006 -18"><span class='ocrx_word' id='word_1_29' title='bbox 288 577 414 632; x_wconf 76' lang='grc' dir='ltr'>καὶ</span> <span class='ocrx_word' id='word_1_30' title='bbox 449 575 574 650; x_wconf 86' lang='grc' dir='ltr'>ῥίζα</span> <span class='ocrx_word' id='word_1_31' title='bbox 603 574 763 645; x_wconf 82' lang='grc' dir='ltr'>καλὴ.</span> <span class='ocrx_word' id='word_1_32' title='bbox 804 574 896 627; x_wconf 80' lang='grc' dir='ltr'>καὶ</span> <span class='ocrx_word' id='word_1_33' title='bbox 926 573 1049 643; x_wconf 90' lang='grc' dir='ltr'>ῥίζα</span> <span class='ocrx_word' id='word_1_34' title='bbox 1074 572 1254 626; x_wconf 78' lang='grc' dir='ltr'>καλῶν</span> <span class='ocrx_word' id='word_1_35' title='bbox 1274 589 1287 602; x_wconf 91' lang='grc'><strong>·</strong></span> <span class='ocrx_word' id='word_1_36' title='bbox 1321 573 1413 626; x_wconf 80' lang='grc' dir='ltr'>καὶ</span> <span class='ocrx_word' id='word_1_37' title='bbox 1442 573 1548 625; x_wconf 81' lang='grc' dir='ltr'>πᾶν</span> <span class='ocrx_word' id='word_1_38' title='bbox 1588 571 1749 625; x_wconf 76' lang='grc' dir='ltr'>κιλὸν</span> <span class='ocrx_word' id='word_1_39' title='bbox 1787 570 1894 623; x_wconf 79' lang='grc' dir='ltr'><strong>ἀπὸ</strong></span> 
     </span>
    </p>
   </div>
   <div class='ocr_carea' id='block_1_6' title="bbox 2004 567 3564 650">
    <p class='ocr_par' dir='ltr' id='par_1_6' title="bbox 2004 567 3564 635">
     <span class='ocr_line' id='line_1_6' title="bbox 2004 567 3564 635; baseline -0.002 -8"><span class='ocrx_word' id='word_1_40' title='bbox 2004 576 2156 635; x_wconf 82' lang='lat' dir='ltr'><strong>bona,</strong></span> <span class='ocrx_word' id='word_1_41' title='bbox 2193 580 2246 626; x_wconf 91' lang='lat' dir='ltr'><strong>et</strong></span> <span class='ocrx_word' id='word_1_42' title='bbox 2274 570 2431 625; x_wconf 88' lang='lat' dir='ltr'><strong>radix</strong></span> <span class='ocrx_word' id='word_1_43' title='bbox 2471 570 2772 635; x_wconf 89' lang='lat' dir='ltr'><strong>bonorum;</strong></span> <span class='ocrx_word' id='word_1_44' title='bbox 2812 576 2867 623; x_wconf 90' lang='lat' dir='ltr'><strong>et</strong></span> <span class='ocrx_word' id='word_1_45' title='bbox 2891 583 3053 623; x_wconf 86' lang='lat' dir='ltr'><strong>omne</strong></span> <span class='ocrx_word' id='word_1_46' title='bbox 3106 567 3308 623; x_wconf 89' lang='lat' dir='ltr'><strong>bonum</strong></span> <span class='ocrx_word' id='word_1_47' title='bbox 3340 567 3410 622; x_wconf 91' lang='lat' dir='ltr'><strong>ab</strong></span> <span class='ocrx_word' id='word_1_48' title='bbox 3461 568 3564 624; x_wconf 84' lang='lat' dir='ltr'><strong>hoc</strong></span> 
     </span>
    </p>
   </div>
   <div class='ocr_carea' id='block_1_7' title="bbox 287 659 1904 736">
    <p class='ocr_par' dir='ltr' id='par_1_7' title="bbox 287 659 1895 736">
     <span class='ocr_line' id='line_1_7' title="bbox 287 659 1895 736; baseline -0.007 -13"><span class='ocrx_word' id='word_1_49' title='bbox 287 667 510 722; x_wconf 78' lang='grc' dir='ltr'>τούτου</span> <span class='ocrx_word' id='word_1_50' title='bbox 558 664 776 736; x_wconf 72' lang='grc' dir='ltr'>ἐξῆλθε·</span> <span class='ocrx_word' id='word_1_51' title='bbox 807 663 901 716; x_wconf 85' lang='grc' dir='ltr'><strong>δύο</strong></span> <span class='ocrx_word' id='word_1_52' title='bbox 927 663 1035 733; x_wconf 86' lang='grc' dir='ltr'><strong>γὰρ</strong></span> <span class='ocrx_word' id='word_1_53' title='bbox 1073 659 1214 733; x_wconf 78' lang='grc' dir='ltr'>ἦσαν</span> <span class='ocrx_word' id='word_1_54' title='bbox 1246 661 1411 733; x_wconf 68' lang='grc' dir='ltr'>ῥίζαι,</span> <span class='ocrx_word' id='word_1_55' title='bbox 1447 662 1539 714; x_wconf 79' lang='grc' dir='ltr'>καὶ</span> <span class='ocrx_word' id='word_1_56' title='bbox 1573 661 1666 714; x_wconf 79' lang='grc' dir='ltr'><strong>δύο</strong></span> <span class='ocrx_word' id='word_1_57' title='bbox 1694 659 1895 732; x_wconf 79' lang='grc' dir='ltr'>προῆλ-</span> 
     </span>
    </p>
   </div>
   <div class='ocr_carea' id='block_1_8' title="bbox 2004 659 3568 736">
    <p class='ocr_par' dir='ltr' id='par_1_8' title="bbox 2004 659 3568 734">
     <span class='ocr_line' id='line_1_8' title="bbox 2004 659 3568 734; baseline 0.001 -18"><span class='ocrx_word' id='word_1_58' title='bbox 2004 662 2295 734; x_wconf 83' lang='lat' dir='ltr'><strong>prol&#39;ectum</strong></span> <span class='ocrx_word' id='word_1_59' title='bbox 2338 670 2422 717; x_wconf 88' lang='lat' dir='ltr'><strong>est</strong></span> <span class='ocrx_word' id='word_1_60' title='bbox 2455 678 2469 715; x_wconf 91' lang='lat'><strong>:</strong></span> <span class='ocrx_word' id='word_1_61' title='bbox 2506 660 2629 715; x_wconf 67' lang='lat' dir='ltr'><strong>duae</strong></span> <span class='ocrx_word' id='word_1_62' title='bbox 2648 676 2885 730; x_wconf 86' lang='lat' dir='ltr'><strong>namque</strong></span> <span class='ocrx_word' id='word_1_63' title='bbox 2926 660 3136 714; x_wconf 83' lang='lat' dir='ltr'><strong>radices</strong></span> <span class='ocrx_word' id='word_1_64' title='bbox 3171 667 3346 725; x_wconf 87' lang='lat' dir='ltr'><strong>erant,</strong></span> <span class='ocrx_word' id='word_1_65' title='bbox 3379 668 3427 716; x_wconf 88' lang='lat' dir='ltr'><strong>et</strong></span> <span class='ocrx_word' id='word_1_66' title='bbox 3457 659 3568 718; x_wconf 88' lang='lat' dir='ltr'><strong>duo</strong></span> 
     </span>
    </p>
   </div>
   <div class='ocr_carea' id='block_1_9' title="bbox 292 752 1904 830">
    <p class='ocr_par' dir='ltr' id='par_1_9' title="bbox 292 752 1893 830">
     <span class='ocr_line' id='line_1_9' title="bbox 292 752 1893 830; baseline -0.007 -16"><span class='ocrx_word' id='word_1_67' title='bbox 292 759 411 814; x_wconf 82' lang='grc' dir='ltr'><strong>θον</strong></span> <span class='ocrx_word' id='word_1_68' title='bbox 439 756 677 830; x_wconf 75' lang='grc' dir='ltr'><strong>πρόοδοι,</strong></span> <span class='ocrx_word' id='word_1_69' title='bbox 703 757 757 809; x_wconf 72' lang='lat' dir='ltr'><strong>at</strong></span> <span class='ocrx_word' id='word_1_70' title='bbox 790 755 1005 827; x_wconf 83' lang='grc' dir='ltr'><strong>πρόοδοι</strong></span> <span class='ocrx_word' id='word_1_71' title='bbox 1032 753 1356 822; x_wconf 84' lang='grc' dir='ltr'>κατάλληλοι</span> <span class='ocrx_word' id='word_1_72' title='bbox 1393 754 1515 815; x_wconf 88' lang='grc' dir='ltr'>ταῖς</span> <span class='ocrx_word' id='word_1_73' title='bbox 1556 752 1728 822; x_wconf 79' lang='grc' dir='ltr'><strong>ῥίζαις</strong></span> <span class='ocrx_word' id='word_1_74' title='bbox 1751 766 1765 781; x_wconf 82' lang='lat'>&#39;</span> <span class='ocrx_word' id='word_1_75' title='bbox 1799 752 1893 805; x_wconf 81' lang='grc' dir='ltr'><strong>ἀπ’</strong></span> 
     </span>
    </p>
   </div>
   <div class='ocr_carea' id='block_1_10' title="bbox 2004 752 3568 830">
    <p class='ocr_par' dir='ltr' id='par_1_10' title="bbox 2004 752 3568 825">
     <span class='ocr_line' id='line_1_10' title="bbox 2004 752 3568 825; baseline -0.003 -14"><span class='ocrx_word' id='word_1_76' title='bbox 2004 757 2199 811; x_wconf 78' lang='lat' dir='ltr'><strong>surculi</strong></span> <span class='ocrx_word' id='word_1_77' title='bbox 2234 761 2629 825; x_wconf 86' lang='lat' dir='ltr'><strong>provenerunt,</strong></span> <span class='ocrx_word' id='word_1_78' title='bbox 2687 753 2891 806; x_wconf 84' lang='lat' dir='ltr'><strong>surculi</strong></span> <span class='ocrx_word' id='word_1_79' title='bbox 2924 752 3202 806; x_wconf 83' lang='lat' dir='ltr'><strong>radicibus</strong></span> <span class='ocrx_word' id='word_1_80' title='bbox 3231 754 3568 822; x_wconf 83' lang='lat' dir='ltr'><strong>responden-</strong></span> 
     </span>
    </p>
   </div>
   <div class='ocr_carea' id='block_1_11' title="bbox 292 841 1904 922">
    <p class='ocr_par' dir='ltr' id='par_1_11' title="bbox 292 841 1897 922">
     <span class='ocr_line' id='line_1_11' title="bbox 292 841 1897 922; baseline -0.007 -17"><span class='ocrx_word' id='word_1_81' title='bbox 292 853 538 922; x_wconf 79' lang='grc' dir='ltr'><strong>ἐκείνης</strong></span> <span class='ocrx_word' id='word_1_82' title='bbox 565 848 636 903; x_wconf 82' lang='grc' dir='ltr'><strong>τά</strong></span> <span class='ocrx_word' id='word_1_83' title='bbox 662 847 904 913; x_wconf 82' lang='grc' dir='ltr'>τοιαῦτα,</span> <span class='ocrx_word' id='word_1_84' title='bbox 927 847 1020 901; x_wconf 79' lang='grc' dir='ltr'>καὶ</span> <span class='ocrx_word' id='word_1_85' title='bbox 1042 845 1149 899; x_wconf 82' lang='grc' dir='ltr'><strong>ἀπὸ</strong></span> <span class='ocrx_word' id='word_1_86' title='bbox 1174 844 1379 916; x_wconf 80' lang='grc' dir='ltr'>ταύτης</span> <span class='ocrx_word' id='word_1_87' title='bbox 1399 842 1469 896; x_wconf 82' lang='grc' dir='ltr'>τὰ</span> <span class='ocrx_word' id='word_1_88' title='bbox 1490 842 1712 896; x_wconf 80' lang='grc' dir='ltr'>τοιαῦτα</span> <span class='ocrx_word' id='word_1_89' title='bbox 1743 841 1897 913; x_wconf 82' lang='grc' dir='ltr'>θρυλ-</span> 
     </span>
    </p>
   </div>
   <div class='ocr_carea' id='block_1_12' title="bbox 2004 841 3315 922">
    <p class='ocr_par' dir='ltr' id='par_1_12' title="bbox 2004 843 3315 913">
     <span class='ocr_line' id='line_1_12' title="bbox 2004 843 3315 913; baseline -0.005 -11"><span class='ocrx_word' id='word_1_90' title='bbox 2004 854 2077 902; x_wconf 80' lang='lat' dir='ltr'><strong>Lcs</strong></span> <span class='ocrx_word' id='word_1_91' title='bbox 2109 867 2123 901; x_wconf 87' lang='lat'><strong>:</strong></span> <span class='ocrx_word' id='word_1_92' title='bbox 2157 847 2224 900; x_wconf 84' lang='lat' dir='ltr'><strong>ab</strong></span> <span class='ocrx_word' id='word_1_93' title='bbox 2257 846 2347 899; x_wconf 90' lang='lat' dir='ltr'><strong>illa</strong></span> <span class='ocrx_word' id='word_1_94' title='bbox 2377 846 2525 910; x_wconf 86' lang='lat' dir='ltr'><strong>talia,</strong></span> <span class='ocrx_word' id='word_1_95' title='bbox 2551 846 2618 899; x_wconf 89' lang='lat' dir='ltr'><strong>ab</strong></span> <span class='ocrx_word' id='word_1_96' title='bbox 2651 845 2755 899; x_wconf 84' lang='lat' dir='ltr'><strong>hac</strong></span> <span class='ocrx_word' id='word_1_97' title='bbox 2784 846 2912 898; x_wconf 90' lang='lat' dir='ltr'><strong>talia</strong></span> <span class='ocrx_word' id='word_1_98' title='bbox 2944 843 3057 899; x_wconf 80' lang='lat' dir='ltr'><strong>licri</strong></span> <span class='ocrx_word' id='word_1_99' title='bbox 3087 843 3315 913; x_wconf 88' lang='lat' dir='ltr'><strong>jactant.</strong></span> 
     </span>
    </p>
   </div>
   <div class='ocr_carea' id='block_1_13' title="bbox 295 943 522 997">
    <p class='ocr_par' dir='ltr' id='par_1_13' title="bbox 295 943 522 997">
     <span class='ocr_line' id='line_1_13' title="bbox 295 943 522 997; baseline 0.009 -2"><span class='ocrx_word' id='word_1_100' title='bbox 295 943 522 997; x_wconf 68' lang='grc' dir='ltr'>λοῦσινε</span> 
     </span>
    </p>
   </div>
   <div class='ocr_carea' id='block_1_14' title="bbox 387 1023 1898 1104">
    <p class='ocr_par' dir='ltr' id='par_1_14' title="bbox 387 1023 1898 1104">
     <span class='ocr_line' id='line_1_14' title="bbox 387 1023 1898 1104; baseline -0.007 -17"><span class='ocrx_word' id='word_1_101' title='bbox 387 1035 511 1087; x_wconf 87' lang='grc' dir='ltr'>Στῶ</span> <span class='ocrx_word' id='word_1_102' title='bbox 519 1050 616 1104; x_wconf 87' lang='grc' dir='ltr'><strong>μεν</strong></span> <span class='ocrx_word' id='word_1_103' title='bbox 640 1032 745 1096; x_wconf 82' lang='grc' dir='ltr'>ἓως</span> <span class='ocrx_word' id='word_1_104' title='bbox 773 1029 975 1084; x_wconf 83' lang='grc' dir='ltr'>τούτων</span> <span class='ocrx_word' id='word_1_105' title='bbox 997 1028 1431 1100; x_wconf 78' lang='grc' dir='ltr'><strong>ἐπιχειρήσωμεν</strong></span> <span class='ocrx_word' id='word_1_106' title='bbox 1452 1024 1637 1079; x_wconf 84' lang='grc' dir='ltr'>λοιπὸν</span> <span class='ocrx_word' id='word_1_107' title='bbox 1678 1026 1778 1097; x_wconf 82' lang='grc' dir='ltr'>τὴν</span> <span class='ocrx_word' id='word_1_108' title='bbox 1812 1023 1898 1090; x_wconf 80' lang='grc' dir='ltr'><strong>ἐξ-</strong></span> 
     </span>
    </p>
   </div>
   <div class='ocr_carea' id='block_1_15' title="bbox 296 1116 1896 1195">
    <p class='ocr_par' dir='ltr' id='par_1_15' title="bbox 296 1116 1896 1195">
     <span class='ocr_line' id='line_1_15' title="bbox 296 1116 1896 1195; baseline -0.007 -15"><span class='ocrx_word' id='word_1_109' title='bbox 296 1127 507 1181; x_wconf 76' lang='grc' dir='ltr'>έτασιν</span> <span class='ocrx_word' id='word_1_110' title='bbox 530 1167 543 1190; x_wconf 93' lang='grc'><strong>,</strong></span> <span class='ocrx_word' id='word_1_111' title='bbox 572 1125 666 1178; x_wconf 75' lang='grc' dir='ltr'>καὶ</span> <span class='ocrx_word' id='word_1_112' title='bbox 684 1124 877 1195; x_wconf 70' lang='grc' dir='ltr'>ἴδωμεν</span> <span class='ocrx_word' id='word_1_113' title='bbox 900 1121 1306 1191; x_wconf 86' lang='grc' dir='ltr'>συλλογισμοὺς,</span> <span class='ocrx_word' id='word_1_114' title='bbox 1323 1119 1417 1172; x_wconf 75' lang='grc' dir='ltr'>καὶ</span> <span class='ocrx_word' id='word_1_115' title='bbox 1442 1116 1896 1189; x_wconf 83' lang='grc' dir='ltr'>μνημονεύσωμεν</span> 
     </span>
    </p>
   </div>
   <div class='ocr_carea' id='block_1_16' title="bbox 2064 1021 3560 1096">
    <p class='ocr_par' dir='ltr' id='par_1_16' title="bbox 2064 1021 3560 1096">
     <span class='ocr_line' id='line_1_16' title="bbox 2064 1021 3560 1096; baseline 0 -21"><span class='ocrx_word' id='word_1_116' title='bbox 2064 1021 2385 1077; x_wconf 87' lang='lat' dir='ltr'><strong>lnsistamus</strong></span> <span class='ocrx_word' id='word_1_117' title='bbox 2410 1023 2520 1085; x_wconf 87' lang='lat' dir='ltr'><strong>hic,</strong></span> <span class='ocrx_word' id='word_1_118' title='bbox 2552 1022 2748 1078; x_wconf 89' lang='lat' dir='ltr'><strong>deinde</strong></span> <span class='ocrx_word' id='word_1_119' title='bbox 2771 1025 3127 1094; x_wconf 64' lang='lat' dir='ltr'><strong>quaestionem</strong></span> <span class='ocrx_word' id='word_1_120' title='bbox 3161 1024 3560 1096; x_wconf 77' lang='lat' dir='ltr'><strong>aggrediamur,</strong></span> 
     </span>
    </p>
   </div>
   <div class='ocr_carea' id='block_1_17' title="bbox 1996 1115 3566 1187">
    <p class='ocr_par' dir='ltr' id='par_1_17' title="bbox 1996 1115 3566 1187">
     <span class='ocr_line' id='line_1_17' title="bbox 1996 1115 3566 1187; baseline 0 -18"><span class='ocrx_word' id='word_1_121' title='bbox 1996 1115 2386 1183; x_wconf 83' lang='lat' dir='ltr'><strong>videamusque</strong></span> <span class='ocrx_word' id='word_1_122' title='bbox 2433 1116 2956 1185; x_wconf 75' lang='lat' dir='ltr'><strong>argumentationes,</strong></span> <span class='ocrx_word' id='word_1_123' title='bbox 2992 1124 3045 1171; x_wconf 94' lang='lat' dir='ltr'><strong>et</strong></span> <span class='ocrx_word' id='word_1_124' title='bbox 3077 1132 3197 1187; x_wconf 68' lang='lat' dir='ltr'><strong>quae</strong></span> <span class='ocrx_word' id='word_1_125' title='bbox 3241 1118 3382 1171; x_wconf 89' lang='lat' dir='ltr'><strong>dicta</strong></span> <span class='ocrx_word' id='word_1_126' title='bbox 3438 1127 3566 1170; x_wconf 87' lang='lat' dir='ltr'><strong>sunt</strong></span> 
     </span>
    </p>
   </div>
   <div class='ocr_carea' id='block_1_18' title="bbox 301 1207 1897 1290">
    <p class='ocr_par' dir='ltr' id='par_1_18' title="bbox 301 1207 1897 1290">
     <span class='ocr_line' id='line_1_18' title="bbox 301 1207 1897 1290; baseline -0.008 -19"><span class='ocrx_word' id='word_1_127' title='bbox 301 1217 527 1290; x_wconf 81' lang='grc' dir='ltr'>ῥητῶν,</span> <span class='ocrx_word' id='word_1_128' title='bbox 559 1216 647 1269; x_wconf 77' lang='grc' dir='ltr'>ἵνα</span> <span class='ocrx_word' id='word_1_129' title='bbox 678 1214 771 1268; x_wconf 63' lang='grc' dir='ltr'><strong>καὶ⁵</strong></span> <span class='ocrx_word' id='word_1_130' title='bbox 804 1216 914 1275; x_wconf 88' lang='grc' dir='ltr'>τοῖς</span> <span class='ocrx_word' id='word_1_131' title='bbox 946 1211 1322 1281; x_wconf 82' lang='grc' dir='ltr'>συλλογισμοῖς</span> <span class='ocrx_word' id='word_1_132' title='bbox 1363 1208 1773 1278; x_wconf 82' lang='grc' dir='ltr'><strong>συναγάγωμεν,</strong></span> <span class='ocrx_word' id='word_1_133' title='bbox 1805 1207 1897 1260; x_wconf 79' lang='grc' dir='ltr'><strong>καὶ</strong></span> 
     </span>
    </p>
   </div>
   <div class='ocr_carea' id='block_1_19' title="bbox 298 1298 1893 1380">
    <p class='ocr_par' dir='ltr' id='par_1_19' title="bbox 298 1298 1893 1380">
     <span class='ocr_line' id='line_1_19' title="bbox 298 1298 1893 1380; baseline 0.004 -18"><span class='ocrx_word' id='word_1_134' title='bbox 298 1312 438 1373; x_wconf 83' lang='grc' dir='ltr'>τοῖς</span> <span class='ocrx_word' id='word_1_135' title='bbox 469 1310 653 1380; x_wconf 84' lang='grc' dir='ltr'>ῥητοῖς</span> <span class='ocrx_word' id='word_1_136' title='bbox 698 1306 973 1375; x_wconf 82' lang='grc' dir='ltr'><strong>πείσωμεν</strong></span> <span class='ocrx_word' id='word_1_137' title='bbox 995 1320 1007 1334; x_wconf 87' lang='grc'><strong>·</strong></span> <span class='ocrx_word' id='word_1_138' title='bbox 1055 1306 1297 1376; x_wconf 78' lang='grc' dir='ltr'>φήσομεν</span> <span class='ocrx_word' id='word_1_139' title='bbox 1330 1300 1440 1373; x_wconf 83' lang='grc' dir='ltr'>γὰρ</span> <span class='ocrx_word' id='word_1_140' title='bbox 1478 1301 1613 1372; x_wconf 78' lang='grc' dir='ltr'>πρὸς</span> <span class='ocrx_word' id='word_1_141' title='bbox 1658 1298 1854 1362; x_wconf 63' lang='grc' dir='ltr'><strong>αὐτούς</strong></span> <span class='ocrx_word' id='word_1_142' title='bbox 1879 1314 1893 1329; x_wconf 81' lang='grc'><strong><em>⁸</em></strong></span> 
     </span>
    </p>
   </div>
   <div class='ocr_carea' id='block_1_20' title="bbox 316 1392 1899 1469">
    <p class='ocr_par' dir='ltr' id='par_1_20' title="bbox 316 1392 1899 1469">
     <span class='ocr_line' id='line_1_20' title="bbox 316 1392 1899 1469; baseline -0.007 -15"><span class='ocrx_word' id='word_1_143' title='bbox 316 1402 491 1454; x_wconf 72' lang='grc' dir='ltr'>Ἐπεὶ</span> <span class='ocrx_word' id='word_1_144' title='bbox 518 1400 650 1463; x_wconf 71' lang='grc' dir='ltr'>Θεὸς</span> <span class='ocrx_word' id='word_1_145' title='bbox 675 1397 799 1469; x_wconf 82' lang='grc' dir='ltr'>ῥίζα</span> <span class='ocrx_word' id='word_1_146' title='bbox 835 1393 924 1468; x_wconf 78' lang='grc' dir='ltr'>ἦν,</span> <span class='ocrx_word' id='word_1_147' title='bbox 955 1395 1051 1450; x_wconf 75' lang='grc' dir='ltr'>καὶ</span> <span class='ocrx_word' id='word_1_148' title='bbox 1084 1394 1208 1467; x_wconf 86' lang='grc' dir='ltr'>ῥίζα</span> <span class='ocrx_word' id='word_1_149' title='bbox 1242 1393 1403 1465; x_wconf 83' lang='grc' dir='ltr'>καλὴ,</span> <span class='ocrx_word' id='word_1_150' title='bbox 1448 1394 1540 1447; x_wconf 77' lang='grc' dir='ltr'>καὶ</span> <span class='ocrx_word' id='word_1_151' title='bbox 1571 1392 1773 1463; x_wconf 84' lang='grc' dir='ltr'>καρποὶ</span> <span class='ocrx_word' id='word_1_152' title='bbox 1798 1408 1899 1444; x_wconf 91' lang='grc' dir='ltr'>κα-</span> 
     </span>
    </p>
   </div>
   <div class='ocr_carea' id='block_1_21' title="bbox 305 1481 1899 1559">
    <p class='ocr_par' dir='ltr' id='par_1_21' title="bbox 305 1481 1899 1559">
     <span class='ocr_line' id='line_1_21' title="bbox 305 1481 1899 1559; baseline -0.004 -17"><span class='ocrx_word' id='word_1_153' title='bbox 305 1487 410 1542; x_wconf 75' lang='grc' dir='ltr'>λοὶ</span> <span class='ocrx_word' id='word_1_154' title='bbox 445 1487 551 1541; x_wconf 81' lang='grc' dir='ltr'><strong>ἀπὸ</strong></span> <span class='ocrx_word' id='word_1_155' title='bbox 584 1486 745 1559; x_wconf 79' lang='grc' dir='ltr'>ῥιζῶν</span> <span class='ocrx_word' id='word_1_156' title='bbox 784 1484 963 1539; x_wconf 86' lang='grc' dir='ltr'>καλῶν</span> <span class='ocrx_word' id='word_1_157' title='bbox 991 1483 1404 1556; x_wconf 82' lang='grc' dir='ltr'>προηνέχθησαν</span> <span class='ocrx_word' id='word_1_158' title='bbox 1425 1499 1437 1511; x_wconf 84' lang='grc'><em>’</em></span> <span class='ocrx_word' id='word_1_159' title='bbox 1473 1483 1565 1536; x_wconf 74' lang='grc' dir='ltr'>καὶ</span> <span class='ocrx_word' id='word_1_160' title='bbox 1591 1485 1618 1536; x_wconf 87' lang='grc' dir='ltr'><strong>ό</strong></span> <span class='ocrx_word' id='word_1_161' title='bbox 1656 1481 1899 1545; x_wconf 78' lang='grc' dir='ltr'><strong>Σατανᾶς</strong></span> 
     </span>
    </p>
   </div>
   <div class='ocr_carea' id='block_1_22' title="bbox 307 1570 1899 1648">
    <p class='ocr_par' dir='ltr' id='par_1_22' title="bbox 307 1570 1899 1648">
     <span class='ocr_line' id='line_1_22' title="bbox 307 1570 1899 1648; baseline -0.004 -19"><span class='ocrx_word' id='word_1_162' title='bbox 307 1576 454 1647; x_wconf 86' lang='grc' dir='ltr'>ῥίζα</span> <span class='ocrx_word' id='word_1_163' title='bbox 484 1573 574 1648; x_wconf 79' lang='grc' dir='ltr'>ἦν,</span> <span class='ocrx_word' id='word_1_164' title='bbox 609 1576 702 1628; x_wconf 79' lang='grc' dir='ltr'>καὶ</span> <span class='ocrx_word' id='word_1_165' title='bbox 727 1572 850 1645; x_wconf 87' lang='grc' dir='ltr'>ῥίζα</span> <span class='ocrx_word' id='word_1_166' title='bbox 879 1576 1050 1646; x_wconf 79' lang='grc' dir='ltr'>κακή·</span> <span class='ocrx_word' id='word_1_167' title='bbox 1081 1574 1176 1626; x_wconf 75' lang='grc' dir='ltr'><strong>καὶ</strong></span> <span class='ocrx_word' id='word_1_168' title='bbox 1202 1573 1400 1644; x_wconf 63' lang='grc' dir='ltr'><strong>καρποὶ⁵</strong></span> <span class='ocrx_word' id='word_1_169' title='bbox 1432 1572 1591 1625; x_wconf 75' lang='grc' dir='ltr'>κακοὶ</span> <span class='ocrx_word' id='word_1_170' title='bbox 1614 1570 1721 1624; x_wconf 84' lang='grc' dir='ltr'><strong>ἀπὸ</strong></span> <span class='ocrx_word' id='word_1_171' title='bbox 1746 1570 1899 1642; x_wconf 84' lang='grc' dir='ltr'>ῥίζης</span> 
     </span>
    </p>
   </div>
   <div class='ocr_carea' id='block_1_23' title="bbox 294 1660 1899 1737">
    <p class='ocr_par' dir='ltr' id='par_1_23' title="bbox 294 1660 1899 1737">
     <span class='ocr_line' id='line_1_23' title="bbox 294 1660 1899 1737; baseline -0.005 -17"><span class='ocrx_word' id='word_1_172' title='bbox 294 1667 506 1737; x_wconf 74' lang='grc' dir='ltr'>κακῆς</span> <span class='ocrx_word' id='word_1_173' title='bbox 534 1663 945 1736; x_wconf 81' lang='grc' dir='ltr'>προηνέχθησαν</span> <span class='ocrx_word' id='word_1_174' title='bbox 969 1678 981 1691; x_wconf 82' lang='lat'><strong><em>°</em></strong></span> <span class='ocrx_word' id='word_1_175' title='bbox 1014 1663 1157 1726; x_wconf 89' lang='grc' dir='ltr'>τίνος</span> <span class='ocrx_word' id='word_1_176' title='bbox 1181 1662 1382 1734; x_wconf 75' lang='grc' dir='ltr'>καρποὶ</span> <span class='ocrx_word' id='word_1_177' title='bbox 1401 1663 1465 1714; x_wconf 87' lang='grc' dir='ltr'><strong>οἱ.</strong></span> <span class='ocrx_word' id='word_1_178' title='bbox 1485 1660 1789 1722; x_wconf 81' lang='grc' dir='ltr'>ἀπόστολοι,</span> <span class='ocrx_word' id='word_1_179' title='bbox 1815 1661 1899 1713; x_wconf 78' lang='grc' dir='ltr'>ἵνα</span> 
     </span>
    </p>
   </div>
   <div class='ocr_carea' id='block_1_24' title="bbox 304 1753 1899 1828">
    <p class='ocr_par' dir='ltr' id='par_1_24' title="bbox 304 1753 1899 1828">
     <span class='ocr_line' id='line_1_24' title="bbox 304 1753 1899 1828; baseline -0.003 -18"><span class='ocrx_word' id='word_1_180' title='bbox 304 1760 381 1813; x_wconf 80' lang='grc' dir='ltr'>ὲκ</span> <span class='ocrx_word' id='word_1_181' title='bbox 422 1759 535 1812; x_wconf 88' lang='grc' dir='ltr'><strong>τῶν</strong></span> <span class='ocrx_word' id='word_1_182' title='bbox 590 1756 818 1828; x_wconf 82' lang='grc' dir='ltr'>καρπῶν</span> <span class='ocrx_word' id='word_1_183' title='bbox 856 1755 1072 1826; x_wconf 82' lang='grc' dir='ltr'>γνῶμεν</span> <span class='ocrx_word' id='word_1_184' title='bbox 1114 1757 1174 1808; x_wconf 85' lang='grc' dir='ltr'>τὸ</span> <span class='ocrx_word' id='word_1_185' title='bbox 1226 1756 1595 1827; x_wconf 85' lang='grc' dir='ltr'>ζητούμενον;</span> <span class='ocrx_word' id='word_1_186' title='bbox 1641 1754 1775 1823; x_wconf 83' lang='grc' dir='ltr'>ὅπερ</span> <span class='ocrx_word' id='word_1_187' title='bbox 1800 1753 1899 1805; x_wconf 83' lang='grc' dir='ltr'>οὐκ</span> 
     </span>
    </p>
   </div>
   <div class='ocr_carea' id='block_1_25' title="bbox 1998 1208 3565 1276">
    <p class='ocr_par' dir='ltr' id='par_1_25' title="bbox 1998 1208 3565 1276">
     <span class='ocr_line' id='line_1_25' title="bbox 1998 1208 3565 1276; baseline 0.001 -15"><span class='ocrx_word' id='word_1_188' title='bbox 1998 1208 2379 1270; x_wconf 78' lang='lat' dir='ltr'><strong>recordemur,</strong></span> <span class='ocrx_word' id='word_1_189' title='bbox 2435 1211 2495 1258; x_wconf 89' lang='lat' dir='ltr'><strong>ut</strong></span> <span class='ocrx_word' id='word_1_190' title='bbox 2559 1209 3128 1276; x_wconf 84' lang='lat' dir='ltr'><strong>argumentationibus</strong></span> <span class='ocrx_word' id='word_1_191' title='bbox 3184 1210 3565 1263; x_wconf 63' lang='lat' dir='ltr'><strong>conclusiones</strong></span> 
     </span>
    </p>
   </div>
   <div class='ocr_carea' id='block_1_26' title="bbox 1997 1296 3565 1365">
    <p class='ocr_par' dir='ltr' id='par_1_26' title="bbox 1997 1296 3565 1365">
     <span class='ocr_line' id='line_1_26' title="bbox 1997 1296 3565 1365; baseline 0.001 -14"><span class='ocrx_word' id='word_1_192' title='bbox 1997 1296 2391 1358; x_wconf 82' lang='lat' dir='ltr'><strong>couliciamus;</strong></span> <span class='ocrx_word' id='word_1_193' title='bbox 2424 1301 2477 1350; x_wconf 88' lang='lat' dir='ltr'><strong>et</strong></span> <span class='ocrx_word' id='word_1_194' title='bbox 2508 1310 2574 1349; x_wconf 84' lang='lat' dir='ltr'><strong>ex</strong></span> <span class='ocrx_word' id='word_1_195' title='bbox 2604 1296 2672 1349; x_wconf 91' lang='lat' dir='ltr'><strong>iis</strong></span> <span class='ocrx_word' id='word_1_196' title='bbox 2712 1312 2834 1365; x_wconf 67' lang='lat' dir='ltr'><strong>quae</strong></span> <span class='ocrx_word' id='word_1_197' title='bbox 2877 1297 3139 1362; x_wconf 79' lang='lat' dir='ltr'><strong>diximus,</strong></span> <span class='ocrx_word' id='word_1_198' title='bbox 3194 1300 3351 1352; x_wconf 86' lang='lat' dir='ltr'><strong>ﬁdem</strong></span> <span class='ocrx_word' id='word_1_199' title='bbox 3402 1298 3565 1353; x_wconf 58' lang='lat' dir='ltr'><strong>racia»</strong></span> 
     </span>
    </p>
   </div>
   <div class='ocr_carea' id='block_1_27' title="bbox 1999 1386 3567 1452">
    <p class='ocr_par' dir='ltr' id='par_1_27' title="bbox 1999 1386 3567 1452">
     <span class='ocr_line' id='line_1_27' title="bbox 1999 1386 3567 1452; baseline 0.002 -12"><span class='ocrx_word' id='word_1_200' title='bbox 1999 1402 2154 1442; x_wconf 87' lang='lat' dir='ltr'><strong>mus:</strong></span> <span class='ocrx_word' id='word_1_201' title='bbox 2197 1386 2442 1441; x_wconf 83' lang='lat' dir='ltr'><strong>dicemus</strong></span> <span class='ocrx_word' id='word_1_202' title='bbox 2472 1386 2615 1440; x_wconf 91' lang='lat' dir='ltr'><strong>enim</strong></span> <span class='ocrx_word' id='word_1_203' title='bbox 2656 1386 2778 1442; x_wconf 89' lang='lat' dir='ltr'><strong>istis</strong></span> <span class='ocrx_word' id='word_1_204' title='bbox 2820 1405 2834 1441; x_wconf 88' lang='lat'><strong>:</strong></span> <span class='ocrx_word' id='word_1_205' title='bbox 2873 1386 2928 1441; x_wconf 91' lang='lat' dir='ltr'><strong>Si</strong></span> <span class='ocrx_word' id='word_1_206' title='bbox 2981 1388 3125 1445; x_wconf 89' lang='lat' dir='ltr'><strong>Deus</strong></span> <span class='ocrx_word' id='word_1_207' title='bbox 3155 1400 3271 1444; x_wconf 89' lang='lat' dir='ltr'><strong>erat</strong></span> <span class='ocrx_word' id='word_1_208' title='bbox 3306 1390 3481 1452; x_wconf 79' lang='lat' dir='ltr'><strong>radix,</strong></span> <span class='ocrx_word' id='word_1_209' title='bbox 3511 1396 3567 1444; x_wconf 85' lang='lat' dir='ltr'><strong>et</strong></span> 
     </span>
    </p>
   </div>
   <div class='ocr_carea' id='block_1_28' title="bbox 1997 1476 3567 1552">
    <p class='ocr_par' dir='ltr' id='par_1_28' title="bbox 1997 1476 3567 1552">
     <span class='ocr_line' id='line_1_28' title="bbox 1997 1476 3567 1552; baseline 0.003 -19"><span class='ocrx_word' id='word_1_210' title='bbox 1997 1478 2141 1533; x_wconf 89' lang='lat' dir='ltr'><strong>bona</strong></span> <span class='ocrx_word' id='word_1_211' title='bbox 2163 1477 2337 1542; x_wconf 90' lang='lat' dir='ltr'><strong>radix,</strong></span> <span class='ocrx_word' id='word_1_212' title='bbox 2370 1487 2424 1533; x_wconf 91' lang='lat' dir='ltr'><strong>et</strong></span> <span class='ocrx_word' id='word_1_213' title='bbox 2445 1478 2574 1533; x_wconf 89' lang='lat' dir='ltr'><strong>boni</strong></span> <span class='ocrx_word' id='word_1_214' title='bbox 2611 1476 2824 1535; x_wconf 76' lang='lat' dir='ltr'><strong>fructus</strong></span> <span class='ocrx_word' id='word_1_215' title='bbox 2850 1495 2915 1534; x_wconf 84' lang='lat' dir='ltr'><strong>ex</strong></span> <span class='ocrx_word' id='word_1_216' title='bbox 2950 1481 3108 1536; x_wconf 88' lang='lat' dir='ltr'><strong>bonis</strong></span> <span class='ocrx_word' id='word_1_217' title='bbox 3139 1482 3413 1536; x_wconf 84' lang='lat' dir='ltr'><strong>radicibus</strong></span> <span class='ocrx_word' id='word_1_218' title='bbox 3443 1497 3567 1552; x_wconf 85' lang='lat' dir='ltr'><strong>pro—</strong></span> 
     </span>
    </p>
   </div>
   <div class='ocr_carea' id='block_1_29' title="bbox 1999 1567 3565 1639">
    <p class='ocr_par' dir='ltr' id='par_1_29' title="bbox 1999 1567 3565 1639">
     <span class='ocr_line' id='line_1_29' title="bbox 1999 1567 3565 1639; baseline 0.003 -16"><span class='ocrx_word' id='word_1_219' title='bbox 1999 1569 2140 1636; x_wconf 79' lang='lat' dir='ltr'><strong>fusi;</strong></span> <span class='ocrx_word' id='word_1_220' title='bbox 2171 1584 2235 1622; x_wconf 91' lang='lat' dir='ltr'><strong>ac</strong></span> <span class='ocrx_word' id='word_1_221' title='bbox 2266 1567 2497 1623; x_wconf 90' lang='lat' dir='ltr'><strong>Satanas</strong></span> <span class='ocrx_word' id='word_1_222' title='bbox 2527 1567 2682 1622; x_wconf 86' lang='lat' dir='ltr'><strong>radix</strong></span> <span class='ocrx_word' id='word_1_223' title='bbox 2713 1577 2852 1631; x_wconf 84' lang='lat' dir='ltr'><strong>eral,</strong></span> <span class='ocrx_word' id='word_1_224' title='bbox 2885 1579 2939 1624; x_wconf 85' lang='lat' dir='ltr'><strong>et</strong></span> <span class='ocrx_word' id='word_1_225' title='bbox 2971 1571 3110 1624; x_wconf 89' lang='lat' dir='ltr'><strong>mala</strong></span> <span class='ocrx_word' id='word_1_226' title='bbox 3140 1572 3314 1639; x_wconf 81' lang='lat' dir='ltr'><strong>radix,</strong></span> <span class='ocrx_word' id='word_1_227' title='bbox 3348 1588 3411 1627; x_wconf 90' lang='lat' dir='ltr'><strong>ac</strong></span> <span class='ocrx_word' id='word_1_228' title='bbox 3450 1572 3565 1627; x_wconf 83' lang='lat' dir='ltr'><strong>l‘ru-</strong></span> 
     </span>
    </p>
   </div>
   <div class='ocr_carea' id='block_1_30' title="bbox 1999 1660 3564 1735">
    <p class='ocr_par' dir='ltr' id='par_1_30' title="bbox 1999 1660 3564 1735">
     <span class='ocr_line' id='line_1_30' title="bbox 1999 1660 3564 1735; baseline 0.004 -20"><span class='ocrx_word' id='word_1_229' title='bbox 1999 1671 2122 1716; x_wconf 90' lang='lat' dir='ltr'><strong>ctus</strong></span> <span class='ocrx_word' id='word_1_230' title='bbox 2174 1660 2300 1714; x_wconf 91' lang='lat' dir='ltr'><strong>mali</strong></span> <span class='ocrx_word' id='word_1_231' title='bbox 2334 1676 2400 1715; x_wconf 83' lang='lat' dir='ltr'><strong>ex</strong></span> <span class='ocrx_word' id='word_1_232' title='bbox 2443 1661 2583 1714; x_wconf 89' lang='lat' dir='ltr'><strong>mala</strong></span> <span class='ocrx_word' id='word_1_233' title='bbox 2619 1661 2801 1717; x_wconf 85' lang='lat' dir='ltr'><strong>radice</strong></span> <span class='ocrx_word' id='word_1_234' title='bbox 2829 1660 2976 1716; x_wconf 84' lang='lat' dir='ltr'><strong>fusi:</strong></span> <span class='ocrx_word' id='word_1_235' title='bbox 3013 1663 3168 1732; x_wconf 84' lang='lat' dir='ltr'><strong>cujus</strong></span> <span class='ocrx_word' id='word_1_236' title='bbox 3213 1665 3412 1720; x_wconf 84' lang='lat' dir='ltr'><strong>radicis</strong></span> <span class='ocrx_word' id='word_1_237' title='bbox 3439 1680 3564 1735; x_wconf 81' lang='lat' dir='ltr'><strong>apo-</strong></span> 
     </span>
    </p>
   </div>
   <div class='ocr_carea' id='block_1_31' title="bbox 2002 1753 3570 1826">
    <p class='ocr_par' dir='ltr' id='par_1_31' title="bbox 2002 1753 3570 1826">
     <span class='ocr_line' id='line_1_31' title="bbox 2002 1753 3570 1826; baseline 0.001 -18"><span class='ocrx_word' id='word_1_238' title='bbox 2002 1754 2128 1809; x_wconf 89' lang='lat' dir='ltr'><strong>stoli</strong></span> <span class='ocrx_word' id='word_1_239' title='bbox 2156 1753 2366 1808; x_wconf 80' lang='lat' dir='ltr'><strong>fructus</strong></span> <span class='ocrx_word' id='word_1_240' title='bbox 2396 1754 2744 1815; x_wconf 82' lang='lat' dir='ltr'><strong>exstiterunt,</strong></span> <span class='ocrx_word' id='word_1_241' title='bbox 2772 1762 2830 1808; x_wconf 85' lang='lat' dir='ltr'><strong>ut</strong></span> <span class='ocrx_word' id='word_1_242' title='bbox 2863 1771 2927 1807; x_wconf 81' lang='lat' dir='ltr'><strong>ex</strong></span> <span class='ocrx_word' id='word_1_243' title='bbox 2963 1754 3228 1810; x_wconf 81' lang='lat' dir='ltr'><strong>fructibus</strong></span> <span class='ocrx_word' id='word_1_244' title='bbox 3259 1756 3399 1825; x_wconf 84' lang='lat' dir='ltr'><strong>quod</strong></span> <span class='ocrx_word' id='word_1_245' title='bbox 3423 1771 3570 1826; x_wconf 66' lang='lat' dir='ltr'><strong>quae-</strong></span> 
     </span>
    </p>
   </div>
   <div class='ocr_carea' id='block_1_32' title="bbox 305 1828 1904 1922">
    <p class='ocr_par' dir='ltr' id='par_1_32' title="bbox 305 1847 1897 1922">
     <span class='ocr_line' id='line_1_32' title="bbox 305 1847 1897 1922; baseline -0.004 -16"><span class='ocrx_word' id='word_1_246' title='bbox 305 1851 435 1906; x_wconf 83' lang='grc' dir='ltr'><strong>ἀπδ</strong></span> <span class='ocrx_word' id='word_1_247' title='bbox 469 1851 578 1905; x_wconf 87' lang='grc' dir='ltr'><strong>τῶν</strong></span> <span class='ocrx_word' id='word_1_248' title='bbox 632 1850 794 1922; x_wconf 88' lang='grc' dir='ltr'>ῥιζῶν</span> <span class='ocrx_word' id='word_1_249' title='bbox 836 1849 1096 1921; x_wconf 77' lang='grc' dir='ltr'>λαμϐάνω</span> <span class='ocrx_word' id='word_1_250' title='bbox 1118 1864 1131 1876; x_wconf 91' lang='grc'><strong>·</strong></span> <span class='ocrx_word' id='word_1_251' title='bbox 1163 1850 1407 1919; x_wconf 84' lang='grc' dir='ltr'>φήσομεν</span> <span class='ocrx_word' id='word_1_252' title='bbox 1434 1848 1562 1919; x_wconf 82' lang='grc' dir='ltr'>γὰρ,</span> <span class='ocrx_word' id='word_1_253' title='bbox 1613 1848 1680 1900; x_wconf 85' lang='lat' dir='ltr'><strong>&#39;H</strong></span> <span class='ocrx_word' id='word_1_254' title='bbox 1710 1847 1835 1918; x_wconf 78' lang='grc' dir='ltr'>ῥίζα</span> <span class='ocrx_word' id='word_1_255' title='bbox 1864 1847 1897 1916; x_wconf 82' lang='grc' dir='ltr'>ἡ</span> 
     </span>
    </p>
   </div>
   <div class='ocr_carea' id='block_1_33' title="bbox 2004 1828 3570 1922">
    <p class='ocr_par' dir='ltr' id='par_1_33' title="bbox 2004 1843 3570 1919">
     <span class='ocr_line' id='line_1_33' title="bbox 2004 1843 3570 1919; baseline 0.004 -21"><span class='ocrx_word' id='word_1_256' title='bbox 2004 1847 2195 1909; x_wconf 88' lang='lat' dir='ltr'><strong>rimus,</strong></span> <span class='ocrx_word' id='word_1_257' title='bbox 2222 1845 2652 1914; x_wconf 80' lang='lat' dir='ltr'><strong>cognoscamus?</strong></span> <span class='ocrx_word' id='word_1_258' title='bbox 2674 1843 2921 1900; x_wconf 79' lang='lat' dir='ltr'><strong>Nondum</strong></span> <span class='ocrx_word' id='word_1_259' title='bbox 2947 1861 2975 1898; x_wconf 90' lang='lat' dir='ltr'><strong>a</strong></span> <span class='ocrx_word' id='word_1_260' title='bbox 3000 1847 3269 1903; x_wconf 85' lang='lat' dir='ltr'><strong>radicibus</strong></span> <span class='ocrx_word' id='word_1_261' title='bbox 3287 1864 3570 1919; x_wconf 80' lang='lat' dir='ltr'><strong>argumen-</strong></span> 
     </span>
    </p>
   </div>
   <div class='ocr_carea' id='block_1_34' title="bbox 301 1933 1904 2012">
    <p class='ocr_par' dir='ltr' id='par_1_34' title="bbox 301 1933 1899 2012">
     <span class='ocr_line' id='line_1_34' title="bbox 301 1933 1899 2012; baseline -0.003 -19"><span class='ocrx_word' id='word_1_262' title='bbox 301 1940 475 2012; x_wconf 84' lang='grc' dir='ltr'>κακὴ</span> <span class='ocrx_word' id='word_1_263' title='bbox 536 1939 690 1993; x_wconf 81' lang='grc' dir='ltr'>οὐδὲν</span> <span class='ocrx_word' id='word_1_264' title='bbox 742 1938 902 1993; x_wconf 84' lang='grc' dir='ltr'>καλὸν</span> <span class='ocrx_word' id='word_1_265' title='bbox 938 1941 1318 2009; x_wconf 82' lang='grc' dir='ltr'>προσενεγκεῖν</span> <span class='ocrx_word' id='word_1_266' title='bbox 1345 1933 1483 1992; x_wconf 79' lang='grc' dir='ltr'>οἶδεν</span> <span class='ocrx_word' id='word_1_267' title='bbox 1508 1957 1521 1969; x_wconf 86' lang='grc'><strong>-</strong></span> <span class='ocrx_word' id='word_1_268' title='bbox 1560 1938 1741 2009; x_wconf 74' lang='grc' dir='ltr'>οὖτεή</span> <span class='ocrx_word' id='word_1_269' title='bbox 1776 1937 1899 2008; x_wconf 84' lang='grc' dir='ltr'>ῥίζα</span> 
     </span>
    </p>
   </div>
   <div class='ocr_carea' id='block_1_35' title="bbox 2004 1933 3568 2012">
    <p class='ocr_par' dir='ltr' id='par_1_35' title="bbox 2004 1936 3568 2004">
     <span class='ocr_line' id='line_1_35' title="bbox 2004 1936 3568 2004; baseline 0.005 -15"><span class='ocrx_word' id='word_1_270' title='bbox 2004 1945 2116 1990; x_wconf 90' lang='lat' dir='ltr'><strong>tum</strong></span> <span class='ocrx_word' id='word_1_271' title='bbox 2148 1951 2340 2004; x_wconf 90' lang='lat' dir='ltr'><strong>sumo;</strong></span> <span class='ocrx_word' id='word_1_272' title='bbox 2371 1936 2617 1992; x_wconf 89' lang='lat' dir='ltr'><strong>dicemus</strong></span> <span class='ocrx_word' id='word_1_273' title='bbox 2645 1939 2787 1991; x_wconf 89' lang='lat' dir='ltr'><strong>enim</strong></span> <span class='ocrx_word' id='word_1_274' title='bbox 2814 1957 2826 1992; x_wconf 90' lang='lat'>:</span> <span class='ocrx_word' id='word_1_275' title='bbox 2882 1937 3024 1992; x_wconf 83' lang='lat' dir='ltr'><strong>Mala</strong></span> <span class='ocrx_word' id='word_1_276' title='bbox 3076 1939 3228 1993; x_wconf 88' lang='lat' dir='ltr'><strong>radix</strong></span> <span class='ocrx_word' id='word_1_277' title='bbox 3273 1941 3407 1995; x_wconf 86' lang='lat' dir='ltr'><strong>nihil</strong></span> <span class='ocrx_word' id='word_1_278' title='bbox 3440 1942 3568 1997; x_wconf 69' lang='lat' dir='ltr'><strong>boni</strong></span> 
     </span>
    </p>
   </div>
   <div class='ocr_carea' id='block_1_36' title="bbox 294 2026 1904 2104">
    <p class='ocr_par' dir='ltr' id='par_1_36' title="bbox 294 2026 1903 2104">
     <span class='ocr_line' id='line_1_36' title="bbox 294 2026 1903 2104; baseline -0.002 -18"><span class='ocrx_word' id='word_1_279' title='bbox 294 2034 339 2104; x_wconf 82' lang='grc' dir='ltr'><strong>ἡ</strong></span> <span class='ocrx_word' id='word_1_280' title='bbox 414 2031 566 2104; x_wconf 77' lang='grc' dir='ltr'>καλὴ</span> <span class='ocrx_word' id='word_1_281' title='bbox 626 2031 774 2087; x_wconf 73' lang='grc' dir='ltr'>οὐδὲν</span> <span class='ocrx_word' id='word_1_282' title='bbox 835 2030 1004 2084; x_wconf 84' lang='grc' dir='ltr'>κακὸν</span> <span class='ocrx_word' id='word_1_283' title='bbox 1064 2032 1446 2102; x_wconf 85' lang='grc' dir='ltr'>προσενεγκεῖν</span> <span class='ocrx_word' id='word_1_284' title='bbox 1501 2026 1630 2085; x_wconf 75' lang='grc' dir='ltr'>οἶδε.</span> <span class='ocrx_word' id='word_1_285' title='bbox 1688 2030 1903 2083; x_wconf 78' lang='grc' dir='ltr'>Φαίνον-</span> 
     </span>
    </p>
   </div>
   <div class='ocr_carea' id='block_1_37' title="bbox 2004 2026 3566 2104">
    <p class='ocr_par' dir='ltr' id='par_1_37' title="bbox 2004 2028 3566 2103">
     <span class='ocr_line' id='line_1_37' title="bbox 2004 2028 3566 2103; baseline 0.003 -20"><span class='ocrx_word' id='word_1_286' title='bbox 2004 2028 2249 2099; x_wconf 81' lang='lat' dir='ltr'><strong>proferre</strong></span> <span class='ocrx_word' id='word_1_287' title='bbox 2277 2028 2490 2098; x_wconf 86' lang='lat' dir='ltr'><strong>potuit,</strong></span> <span class='ocrx_word' id='word_1_288' title='bbox 2522 2043 2698 2098; x_wconf 90' lang='lat' dir='ltr'><strong>neque</strong></span> <span class='ocrx_word' id='word_1_289' title='bbox 2741 2031 2893 2084; x_wconf 80' lang='lat' dir='ltr'><strong>radix</strong></span> <span class='ocrx_word' id='word_1_290' title='bbox 2925 2031 3067 2086; x_wconf 90' lang='lat' dir='ltr'><strong>bona</strong></span> <span class='ocrx_word' id='word_1_291' title='bbox 3095 2031 3388 2103; x_wconf 80' lang='lat' dir='ltr'><strong>quidquam</strong></span> <span class='ocrx_word' id='word_1_292' title='bbox 3420 2034 3566 2088; x_wconf 90' lang='lat' dir='ltr'><strong>mali.</strong></span> 
     </span>
    </p>
   </div>
   <div class='ocr_carea' id='block_1_38' title="bbox 304 2117 1904 2191">
    <p class='ocr_par' dir='ltr' id='par_1_38' title="bbox 304 2120 1897 2191">
     <span class='ocr_line' id='line_1_38' title="bbox 304 2120 1897 2191; baseline -0.004 -13"><span class='ocrx_word' id='word_1_293' title='bbox 304 2141 411 2178; x_wconf 84' lang='grc' dir='ltr'><strong>ται</strong></span> <span class='ocrx_word' id='word_1_294' title='bbox 466 2122 525 2176; x_wconf 83' lang='grc' dir='ltr'><strong>δὲ</strong></span> <span class='ocrx_word' id='word_1_295' title='bbox 556 2124 607 2176; x_wconf 83' lang='grc' dir='ltr'>οι</span> <span class='ocrx_word' id='word_1_296' title='bbox 639 2121 922 2176; x_wconf 85' lang='grc' dir='ltr'>ἀπόστολοι</span> <span class='ocrx_word' id='word_1_297' title='bbox 952 2122 1078 2174; x_wconf 80' lang='grc' dir='ltr'>ποτὲ</span> <span class='ocrx_word' id='word_1_298' title='bbox 1113 2122 1210 2191; x_wconf 83' lang='grc' dir='ltr'>μὲν</span> <span class='ocrx_word' id='word_1_299' title='bbox 1256 2121 1430 2183; x_wconf 79' lang='grc' dir='ltr'>καλοὶ,</span> <span class='ocrx_word' id='word_1_300' title='bbox 1465 2121 1595 2175; x_wconf 84' lang='grc' dir='ltr'>ποτὲ</span> <span class='ocrx_word' id='word_1_301' title='bbox 1623 2120 1680 2174; x_wconf 82' lang='grc' dir='ltr'><strong>δὲ</strong></span> <span class='ocrx_word' id='word_1_302' title='bbox 1711 2120 1897 2174; x_wconf 72' lang='grc' dir='ltr'>κακοίο</span> 
     </span>
    </p>
   </div>
   <div class='ocr_carea' id='block_1_39' title="bbox 2004 2117 3573 2191">
    <p class='ocr_par' dir='ltr' id='par_1_39' title="bbox 2004 2117 3573 2191">
     <span class='ocr_line' id='line_1_39' title="bbox 2004 2117 3573 2191; baseline 0.004 -19"><span class='ocrx_word' id='word_1_303' title='bbox 2004 2117 2269 2173; x_wconf 80' lang='lat' dir='ltr'><strong>Videntur</strong></span> <span class='ocrx_word' id='word_1_304' title='bbox 2303 2131 2484 2173; x_wconf 89' lang='lat' dir='ltr'><strong>autem</strong></span> <span class='ocrx_word' id='word_1_305' title='bbox 2508 2120 2738 2189; x_wconf 77' lang='lat' dir='ltr'><strong>apostoli</strong></span> <span class='ocrx_word' id='word_1_306' title='bbox 2785 2121 3109 2191; x_wconf 86' lang='lat' dir='ltr'><strong>quandoque</strong></span> <span class='ocrx_word' id='word_1_307' title='bbox 3144 2123 3295 2189; x_wconf 88' lang='lat' dir='ltr'><strong>boni,</strong></span> <span class='ocrx_word' id='word_1_308' title='bbox 3323 2124 3573 2191; x_wconf 81' lang='lat' dir='ltr'><strong>quando-</strong></span> 
     </span>
    </p>
   </div>
   <div class='ocr_carea' id='block_1_40' title="bbox 300 2210 1904 2285">
    <p class='ocr_par' dir='ltr' id='par_1_40' title="bbox 300 2210 1902 2285">
     <span class='ocr_line' id='line_1_40' title="bbox 300 2210 1902 2285; baseline -0.002 -16"><span class='ocrx_word' id='word_1_309' title='bbox 300 2216 411 2270; x_wconf 76' lang='grc' dir='ltr'>καὶ</span> <span class='ocrx_word' id='word_1_310' title='bbox 452 2215 552 2285; x_wconf 77' lang='grc' dir='ltr'><strong>ὀψὲ</strong></span> <span class='ocrx_word' id='word_1_311' title='bbox 579 2214 677 2285; x_wconf 83' lang='grc' dir='ltr'>μὲν</span> <span class='ocrx_word' id='word_1_312' title='bbox 706 2212 881 2277; x_wconf 79' lang='grc' dir='ltr'>καλοὶ,</span> <span class='ocrx_word' id='word_1_313' title='bbox 912 2210 1152 2283; x_wconf 77' lang='grc' dir='ltr'>ἀρχῆθεν</span> <span class='ocrx_word' id='word_1_314' title='bbox 1176 2212 1232 2264; x_wconf 85' lang='grc' dir='ltr'><strong>δὲ</strong></span> <span class='ocrx_word' id='word_1_315' title='bbox 1267 2213 1447 2277; x_wconf 79' lang='grc' dir='ltr'>κακοὶ,</span> <span class='ocrx_word' id='word_1_316' title='bbox 1476 2213 1569 2266; x_wconf 80' lang='grc' dir='ltr'>καὶ</span> <span class='ocrx_word' id='word_1_317' title='bbox 1600 2213 1902 2285; x_wconf 81' lang='grc' dir='ltr'>μεταϐολὴν</span> 
     </span>
    </p>
   </div>
   <div class='ocr_carea' id='block_1_41' title="bbox 2004 2210 3574 2285">
    <p class='ocr_par' dir='ltr' id='par_1_41' title="bbox 2004 2210 3574 2285">
     <span class='ocr_line' id='line_1_41' title="bbox 2004 2210 3574 2285; baseline 0.003 -20"><span class='ocrx_word' id='word_1_318' title='bbox 2004 2226 2106 2281; x_wconf 88' lang='lat' dir='ltr'><strong>que</strong></span> <span class='ocrx_word' id='word_1_319' title='bbox 2137 2212 2264 2265; x_wconf 90' lang='lat' dir='ltr'><strong>mali</strong></span> <span class='ocrx_word' id='word_1_320' title='bbox 2298 2210 2498 2277; x_wconf 83' lang='lat' dir='ltr'><strong>fuisse;</strong></span> <span class='ocrx_word' id='word_1_321' title='bbox 2533 2226 2597 2264; x_wconf 83' lang='lat' dir='ltr'><strong>ac</strong></span> <span class='ocrx_word' id='word_1_322' title='bbox 2645 2225 2768 2266; x_wconf 90' lang='lat' dir='ltr'><strong>sero</strong></span> <span class='ocrx_word' id='word_1_323' title='bbox 2826 2211 3046 2281; x_wconf 89' lang='lat' dir='ltr'><strong>quidem</strong></span> <span class='ocrx_word' id='word_1_324' title='bbox 3092 2211 3257 2278; x_wconf 89' lang='lat' dir='ltr'><strong>boni,</strong></span> <span class='ocrx_word' id='word_1_325' title='bbox 3301 2214 3574 2285; x_wconf 81' lang='lat' dir='ltr'><strong>principio</strong></span> 
     </span>
    </p>
   </div>
   <div class='ocr_carea' id='block_1_42' title="bbox 303 2303 1904 2378">
    <p class='ocr_par' dir='ltr' id='par_1_42' title="bbox 303 2303 1211 2378">
     <span class='ocr_line' id='line_1_42' title="bbox 303 2303 1211 2378; baseline -0.006 -16"><span class='ocrx_word' id='word_1_326' title='bbox 303 2305 695 2378; x_wconf 81' lang='grc' dir='ltr'>πεποιημένοι</span> <span class='ocrx_word' id='word_1_327' title='bbox 733 2304 840 2358; x_wconf 80' lang='grc' dir='ltr'><strong>ἀπὸ</strong></span> <span class='ocrx_word' id='word_1_328' title='bbox 871 2303 978 2357; x_wconf 86' lang='grc' dir='ltr'><strong>τῶν</strong></span> <span class='ocrx_word' id='word_1_329' title='bbox 1005 2303 1211 2358; x_wconf 85' lang='grc' dir='ltr'>κακῶν.</span> 
     </span>
    </p>
   </div>
   <div class='ocr_carea' id='block_1_43' title="bbox 2004 2303 3172 2378">
    <p class='ocr_par' dir='ltr' id='par_1_43' title="bbox 2004 2303 3172 2372">
     <span class='ocr_line' id='line_1_43' title="bbox 2004 2303 3172 2372; baseline 0.005 -18"><span class='ocrx_word' id='word_1_330' title='bbox 2004 2311 2183 2357; x_wconf 87' lang='lat' dir='ltr'><strong>autem</strong></span> <span class='ocrx_word' id='word_1_331' title='bbox 2217 2304 2366 2366; x_wconf 86' lang='lat' dir='ltr'><strong>mali,</strong></span> <span class='ocrx_word' id='word_1_332' title='bbox 2400 2313 2753 2372; x_wconf 88' lang='lat' dir='ltr'><strong>mutasseque</strong></span> <span class='ocrx_word' id='word_1_333' title='bbox 2786 2303 2959 2358; x_wconf 89' lang='lat' dir='ltr'><strong>malos</strong></span> <span class='ocrx_word' id='word_1_334' title='bbox 2994 2319 3172 2360; x_wconf 83' lang='lat' dir='ltr'><strong>mores</strong></span> 
     </span>
    </p>
   </div>
   <div class='ocr_carea' id='block_1_44' title="bbox 384 2391 1904 2469">
    <p class='ocr_par' dir='ltr' id='par_1_44' title="bbox 384 2392 1903 2469">
     <span class='ocr_line' id='line_1_44' title="bbox 384 2392 1903 2469; baseline -0.001 -17"><span class='ocrx_word' id='word_1_335' title='bbox 384 2400 466 2453; x_wconf 87' lang='grc' dir='ltr'>Εί</span> <span class='ocrx_word' id='word_1_336' title='bbox 488 2399 584 2469; x_wconf 83' lang='grc' dir='ltr'>μὲν</span> <span class='ocrx_word' id='word_1_337' title='bbox 601 2398 708 2469; x_wconf 87' lang='grc' dir='ltr'><strong>γὰρ</strong></span> <span class='ocrx_word' id='word_1_338' title='bbox 733 2397 974 2467; x_wconf 86' lang='grc' dir='ltr'>φήσομεν</span> <span class='ocrx_word' id='word_1_339' title='bbox 993 2395 1087 2449; x_wconf 80' lang='grc' dir='ltr'><strong>τοῦ</strong></span> <span class='ocrx_word' id='word_1_340' title='bbox 1113 2396 1327 2450; x_wconf 79' lang='grc' dir='ltr'>Σατανᾶ</span> <span class='ocrx_word' id='word_1_341' title='bbox 1349 2397 1594 2468; x_wconf 77' lang='grc' dir='ltr'>καρποὺς</span> <span class='ocrx_word' id='word_1_342' title='bbox 1619 2392 1756 2450; x_wconf 79' lang='grc' dir='ltr'>εἶναι</span> <span class='ocrx_word' id='word_1_343' title='bbox 1778 2397 1903 2461; x_wconf 77' lang='grc' dir='ltr'>τοὺς</span> 
     </span>
    </p>
   </div>
   <div class='ocr_carea' id='block_1_45' title="bbox 2004 2391 3572 2469">
    <p class='ocr_par' dir='ltr' id='par_1_45' title="bbox 2076 2391 3572 2469">
     <span class='ocr_line' id='line_1_45' title="bbox 2076 2391 3572 2469; baseline 0.003 -23"><span class='ocrx_word' id='word_1_344' title='bbox 2076 2391 2132 2447; x_wconf 88' lang='lat' dir='ltr'><strong>Si</strong></span> <span class='ocrx_word' id='word_1_345' title='bbox 2156 2394 2299 2448; x_wconf 87' lang='lat' dir='ltr'><strong>enim</strong></span> <span class='ocrx_word' id='word_1_346' title='bbox 2341 2394 2589 2448; x_wconf 87' lang='lat' dir='ltr'><strong>dicamus</strong></span> <span class='ocrx_word' id='word_1_347' title='bbox 2626 2408 2746 2449; x_wconf 86' lang='lat' dir='ltr'><strong>esse</strong></span> <span class='ocrx_word' id='word_1_348' title='bbox 2780 2393 3055 2462; x_wconf 83' lang='lat' dir='ltr'><strong>aposwlos</strong></span> <span class='ocrx_word' id='word_1_349' title='bbox 3088 2394 3304 2448; x_wconf 65' lang='lat' dir='ltr'><strong>Satanae</strong></span> <span class='ocrx_word' id='word_1_350' title='bbox 3360 2393 3572 2469; x_wconf 74' lang='lat' dir='ltr'><strong>fructus</strong></span> 
     </span>
    </p>
   </div>
   <div class='ocr_carea' id='block_1_46' title="bbox 227 2484 1904 2560">
    <p class='ocr_par' dir='ltr' id='par_1_46' title="bbox 227 2484 1903 2560">
     <span class='ocr_line' id='line_1_46' title="bbox 227 2484 1903 2560; baseline -0.004 -12"><span class='ocrx_word' id='word_1_351' title='bbox 227 2484 231 2487; x_wconf 56' lang='grc'><em>’</em></span> <span class='ocrx_word' id='word_1_352' title='bbox 312 2491 663 2554; x_wconf 83' lang='grc' dir='ltr'>ἀποστόλους</span> <span class='ocrx_word' id='word_1_353' title='bbox 693 2491 778 2546; x_wconf 83' lang='grc' dir='ltr'>διὰ</span> <span class='ocrx_word' id='word_1_354' title='bbox 805 2491 876 2544; x_wconf 80' lang='grc' dir='ltr'>τὰ</span> <span class='ocrx_word' id='word_1_355' title='bbox 898 2490 1102 2544; x_wconf 87' lang='grc' dir='ltr'>παλαιὰ</span> <span class='ocrx_word' id='word_1_356' title='bbox 1131 2491 1466 2560; x_wconf 83' lang='grc' dir='ltr'>πταίσματα,</span> <span class='ocrx_word' id='word_1_357' title='bbox 1487 2489 1903 2560; x_wconf 84' lang='grc' dir='ltr'>δυσωπηθήσον-</span> 
     </span>
    </p>
   </div>
   <div class='ocr_carea' id='block_1_47' title="bbox 2004 2484 3572 2560">
    <p class='ocr_par' dir='ltr' id='par_1_47' title="bbox 2004 2484 3572 2555">
     <span class='ocr_line' id='line_1_47' title="bbox 2004 2484 3572 2555; baseline 0.003 -18"><span class='ocrx_word' id='word_1_358' title='bbox 2004 2493 2225 2555; x_wconf 88' lang='lat' dir='ltr'><strong>pr0pter</strong></span> <span class='ocrx_word' id='word_1_359' title='bbox 2256 2494 2431 2539; x_wconf 82' lang='lat' dir='ltr'><strong>vetera</strong></span> <span class='ocrx_word' id='word_1_360' title='bbox 2459 2484 2680 2551; x_wconf 89' lang='lat' dir='ltr'><strong>delicta,</strong></span> <span class='ocrx_word' id='word_1_361' title='bbox 2715 2485 3049 2539; x_wconf 87' lang='lat' dir='ltr'><strong>adhibebuut</strong></span> <span class='ocrx_word' id='word_1_362' title='bbox 3094 2486 3173 2541; x_wconf 90' lang='lat' dir='ltr'><strong>eis</strong></span> <span class='ocrx_word' id='word_1_363' title='bbox 3215 2488 3572 2543; x_wconf 80' lang='lat' dir='ltr'><strong>reverentiam</strong></span> 
     </span>
    </p>
   </div>
   <div class='ocr_carea' id='block_1_48' title="bbox 300 2576 1904 2652">
    <p class='ocr_par' dir='ltr' id='par_1_48' title="bbox 300 2577 1903 2652">
     <span class='ocr_line' id='line_1_48' title="bbox 300 2577 1903 2652; baseline 0 -20"><span class='ocrx_word' id='word_1_364' title='bbox 300 2596 422 2632; x_wconf 82' lang='grc' dir='ltr'>-ται</span> <span class='ocrx_word' id='word_1_365' title='bbox 458 2577 547 2631; x_wconf 77' lang='grc' dir='ltr'><strong>διὰ</strong></span> <span class='ocrx_word' id='word_1_366' title='bbox 578 2577 676 2649; x_wconf 83' lang='grc' dir='ltr'>τὴν</span> <span class='ocrx_word' id='word_1_367' title='bbox 706 2578 1009 2648; x_wconf 82' lang='grc' dir='ltr'>ἀποστολὴν</span> <span class='ocrx_word' id='word_1_368' title='bbox 1042 2579 1136 2633; x_wconf 78' lang='grc' dir='ltr'>καὶ</span> <span class='ocrx_word' id='word_1_369' title='bbox 1166 2580 1265 2650; x_wconf 80' lang='grc' dir='ltr'>τὴν</span> <span class='ocrx_word' id='word_1_370' title='bbox 1302 2579 1608 2649; x_wconf 83' lang='grc' dir='ltr'>τελειότητα</span> <span class='ocrx_word' id='word_1_371' title='bbox 1634 2581 1743 2633; x_wconf 86' lang='grc' dir='ltr'><strong>τῶν</strong></span> <span class='ocrx_word' id='word_1_372' title='bbox 1774 2583 1903 2652; x_wconf 88' lang='grc' dir='ltr'>ἀρε-</span> 
     </span>
    </p>
   </div>
   <div class='ocr_carea' id='block_1_49' title="bbox 2004 2576 3574 2652">
    <p class='ocr_par' dir='ltr' id='par_1_49' title="bbox 2007 2576 3574 2647">
     <span class='ocr_line' id='line_1_49' title="bbox 2007 2576 3574 2647; baseline 0.003 -17"><span class='ocrx_word' id='word_1_373' title='bbox 2007 2587 2224 2647; x_wconf 91' lang='lat' dir='ltr'><strong>propter</strong></span> <span class='ocrx_word' id='word_1_374' title='bbox 2246 2578 2611 2646; x_wconf 90' lang='lat' dir='ltr'><strong>apostolatum</strong></span> <span class='ocrx_word' id='word_1_375' title='bbox 2646 2585 2699 2632; x_wconf 90' lang='lat' dir='ltr'><strong>et</strong></span> <span class='ocrx_word' id='word_1_376' title='bbox 2729 2576 3117 2647; x_wconf 81' lang='lat' dir='ltr'><strong>perfectionem</strong></span> <span class='ocrx_word' id='word_1_377' title='bbox 3152 2578 3436 2635; x_wconf 87' lang='lat' dir='ltr'><strong>virtutum.</strong></span> <span class='ocrx_word' id='word_1_378' title='bbox 3476 2577 3574 2634; x_wconf 85' lang='lat' dir='ltr'><strong>Sin</strong></span> 
     </span>
    </p>
   </div>
   <div class='ocr_carea' id='block_1_50' title="bbox 323 2667 1904 2741">
    <p class='ocr_par' dir='ltr' id='par_1_50' title="bbox 323 2667 1904 2741">
     <span class='ocr_line' id='line_1_50' title="bbox 323 2667 1904 2741; baseline 0.002 -21"><span class='ocrx_word' id='word_1_379' title='bbox 323 2669 445 2722; x_wconf 86' lang='grc' dir='ltr'><strong>τῶν</strong></span> <span class='ocrx_word' id='word_1_380' title='bbox 465 2684 479 2697; x_wconf 89' lang='grc'><strong>·</strong></span> <span class='ocrx_word' id='word_1_381' title='bbox 512 2669 637 2722; x_wconf 80' lang='grc' dir='ltr'><strong>εἰδὲ</strong></span> <span class='ocrx_word' id='word_1_382' title='bbox 662 2668 755 2721; x_wconf 82' lang='grc' dir='ltr'><strong>τοῦ</strong></span> <span class='ocrx_word' id='word_1_383' title='bbox 784 2667 940 2731; x_wconf 79' lang='grc' dir='ltr'>Θεοῦ,</span> <span class='ocrx_word' id='word_1_384' title='bbox 972 2670 1024 2722; x_wconf 88' lang='grc' dir='ltr'><strong>τί</strong></span> <span class='ocrx_word' id='word_1_385' title='bbox 1046 2668 1229 2735; x_wconf 82' lang='grc' dir='ltr'>ὲροῦσι</span> <span class='ocrx_word' id='word_1_386' title='bbox 1256 2670 1383 2740; x_wconf 80' lang='grc' dir='ltr'>περὶ</span> <span class='ocrx_word' id='word_1_387' title='bbox 1412 2669 1519 2722; x_wconf 92' lang='grc' dir='ltr'><strong>τῶν</strong></span> <span class='ocrx_word' id='word_1_388' title='bbox 1553 2672 1904 2741; x_wconf 86' lang='grc' dir='ltr'>πταισμάτων</span> 
     </span>
    </p>
   </div>
   <div class='ocr_carea' id='block_1_51' title="bbox 2004 2667 3574 2741">
    <p class='ocr_par' dir='ltr' id='par_1_51' title="bbox 2005 2667 3574 2739">
     <span class='ocr_line' id='line_1_51' title="bbox 2005 2667 3574 2739; baseline 0.002 -18"><span class='ocrx_word' id='word_1_389' title='bbox 2005 2684 2133 2723; x_wconf 88' lang='lat' dir='ltr'><strong>vero</strong></span> <span class='ocrx_word' id='word_1_390' title='bbox 2166 2667 2259 2722; x_wconf 90' lang='lat' dir='ltr'><strong>Dei</strong></span> <span class='ocrx_word' id='word_1_391' title='bbox 2302 2670 2549 2734; x_wconf 80' lang='lat' dir='ltr'><strong>fructus,</strong></span> <span class='ocrx_word' id='word_1_392' title='bbox 2596 2669 2729 2738; x_wconf 90' lang='lat' dir='ltr'><strong>quid</strong></span> <span class='ocrx_word' id='word_1_393' title='bbox 2782 2669 2966 2723; x_wconf 85' lang='lat' dir='ltr'><strong>dicent</strong></span> <span class='ocrx_word' id='word_1_394' title='bbox 2993 2668 3061 2723; x_wconf 89' lang='lat' dir='ltr'><strong>de</strong></span> <span class='ocrx_word' id='word_1_395' title='bbox 3092 2670 3332 2739; x_wconf 85' lang='lat' dir='ltr'><strong>antiquis</strong></span> <span class='ocrx_word' id='word_1_396' title='bbox 3383 2685 3574 2726; x_wconf 89' lang='lat' dir='ltr'><strong>eorum</strong></span> 
     </span>
    </p>
   </div>
   <div class='ocr_carea' id='block_1_52' title="bbox 324 2758 1904 2833">
    <p class='ocr_par' dir='ltr' id='par_1_52' title="bbox 324 2758 1904 2833">
     <span class='ocr_line' id='line_1_52' title="bbox 324 2758 1904 2833; baseline 0.001 -19"><span class='ocrx_word' id='word_1_397' title='bbox 324 2760 447 2815; x_wconf 84' lang='grc' dir='ltr'><strong>τῶν</strong></span> <span class='ocrx_word' id='word_1_398' title='bbox 482 2758 726 2814; x_wconf 82' lang='grc' dir='ltr'>παλαιῶν</span> <span class='ocrx_word' id='word_1_399' title='bbox 755 2761 849 2813; x_wconf 78' lang='grc' dir='ltr'>καὶ</span> <span class='ocrx_word' id='word_1_400' title='bbox 879 2761 977 2832; x_wconf 81' lang='grc' dir='ltr'>τῆς</span> <span class='ocrx_word' id='word_1_401' title='bbox 1013 2760 1250 2821; x_wconf 83' lang='grc' dir='ltr'>παλαιᾶς</span> <span class='ocrx_word' id='word_1_402' title='bbox 1280 2760 1565 2832; x_wconf 80' lang='grc' dir='ltr'>διαϐολῆς;</span> <span class='ocrx_word' id='word_1_403' title='bbox 1599 2762 1904 2833; x_wconf 82' lang='grc' dir='ltr'>δυσωπήσει</span> 
     </span>
    </p>
   </div>
   <div class='ocr_carea' id='block_1_53' title="bbox 2004 2758 3573 2833">
    <p class='ocr_par' dir='ltr' id='par_1_53' title="bbox 2006 2759 3573 2830">
     <span class='ocr_line' id='line_1_53' title="bbox 2006 2759 3573 2830; baseline 0.001 -14"><span class='ocrx_word' id='word_1_404' title='bbox 2006 2760 2268 2830; x_wconf 87' lang='lat' dir='ltr'><strong>peccatis,</strong></span> <span class='ocrx_word' id='word_1_405' title='bbox 2299 2767 2352 2815; x_wconf 89' lang='lat' dir='ltr'><strong>et</strong></span> <span class='ocrx_word' id='word_1_406' title='bbox 2373 2760 2440 2815; x_wconf 91' lang='lat' dir='ltr'><strong>de</strong></span> <span class='ocrx_word' id='word_1_407' title='bbox 2470 2762 2695 2830; x_wconf 85' lang='lat' dir='ltr'><strong>antiqua</strong></span> <span class='ocrx_word' id='word_1_408' title='bbox 2727 2760 2835 2813; x_wconf 90' lang='lat' dir='ltr'><strong>vita</strong></span> <span class='ocrx_word' id='word_1_409' title='bbox 2861 2759 3130 2814; x_wconf 87' lang='lat' dir='ltr'><strong>diabolica</strong></span> <span class='ocrx_word' id='word_1_410' title='bbox 3153 2761 3178 2813; x_wconf 68' lang='grc' dir='ltr'><strong>ί</strong></span> <span class='ocrx_word' id='word_1_411' title='bbox 3209 2762 3276 2816; x_wconf 89' lang='lat' dir='ltr'><strong>ad</strong></span> <span class='ocrx_word' id='word_1_412' title='bbox 3307 2762 3573 2830; x_wconf 90' lang='lat' dir='ltr'><strong>pudorem</strong></span> 
     </span>
    </p>
   </div>
   <div class='ocr_carea' id='block_1_54' title="bbox 325 2851 1904 2926">
    <p class='ocr_par' dir='ltr' id='par_1_54' title="bbox 325 2851 1904 2926">
     <span class='ocr_line' id='line_1_54' title="bbox 325 2851 1904 2926; baseline 0.001 -20"><span class='ocrx_word' id='word_1_413' title='bbox 325 2852 449 2924; x_wconf 81' lang='grc' dir='ltr'>γὰρ</span> <span class='ocrx_word' id='word_1_414' title='bbox 486 2851 681 2915; x_wconf 80' lang='grc' dir='ltr'>αὐτοὺς</span> <span class='ocrx_word' id='word_1_415' title='bbox 705 2851 766 2904; x_wconf 85' lang='grc' dir='ltr'>τὸ</span> <span class='ocrx_word' id='word_1_416' title='bbox 799 2852 1052 2924; x_wconf 85' lang='grc' dir='ltr'>γράμμα,</span> <span class='ocrx_word' id='word_1_417' title='bbox 1087 2855 1180 2906; x_wconf 75' lang='grc' dir='ltr'>καὶ</span> <span class='ocrx_word' id='word_1_418' title='bbox 1207 2854 1410 2922; x_wconf 80' lang='grc' dir='ltr'>ἐλέγξει</span> <span class='ocrx_word' id='word_1_419' title='bbox 1454 2853 1629 2907; x_wconf 78' lang='grc' dir='ltr'>αὐτῶν</span> <span class='ocrx_word' id='word_1_420' title='bbox 1660 2856 1758 2925; x_wconf 81' lang='grc' dir='ltr'>τὴν</span> <span class='ocrx_word' id='word_1_421' title='bbox 1789 2855 1904 2926; x_wconf 91' lang='grc' dir='ltr'>κρί-</span> 
     </span>
    </p>
   </div>
   <div class='ocr_carea' id='block_1_55' title="bbox 2004 2851 3575 2926">
    <p class='ocr_par' dir='ltr' id='par_1_55' title="bbox 2006 2851 3575 2924">
     <span class='ocr_line' id='line_1_55' title="bbox 2006 2851 3575 2924; baseline 0.002 -17"><span class='ocrx_word' id='word_1_422' title='bbox 2006 2854 2148 2907; x_wconf 85' lang='lat' dir='ltr'><strong>enim</strong></span> <span class='ocrx_word' id='word_1_423' title='bbox 2184 2852 2462 2906; x_wconf 88' lang='lat' dir='ltr'><strong>revocabit</strong></span> <span class='ocrx_word' id='word_1_424' title='bbox 2487 2867 2581 2906; x_wconf 89' lang='lat' dir='ltr'><strong>eos</strong></span> <span class='ocrx_word' id='word_1_425' title='bbox 2614 2851 2896 2921; x_wconf 90' lang='lat' dir='ltr'><strong>Scriptura</strong></span> <span class='ocrx_word' id='word_1_426' title='bbox 2927 2892 2941 2916; x_wconf 93' lang='lat'><strong>,</strong></span> <span class='ocrx_word' id='word_1_427' title='bbox 2997 2861 3050 2905; x_wconf 91' lang='lat' dir='ltr'><strong>et</strong></span> <span class='ocrx_word' id='word_1_428' title='bbox 3078 2868 3265 2908; x_wconf 85' lang='lat' dir='ltr'><strong>eorum</strong></span> <span class='ocrx_word' id='word_1_429' title='bbox 3305 2854 3575 2924; x_wconf 90' lang='lat' dir='ltr'><strong>judicium</strong></span> 
     </span>
    </p>
   </div>
   <div class='ocr_carea' id='block_1_56' title="bbox 326 2942 1904 3016">
    <p class='ocr_par' dir='ltr' id='par_1_56' title="bbox 326 2944 1904 3016">
     <span class='ocr_line' id='line_1_56' title="bbox 326 2944 1904 3016; baseline 0 -18"><span class='ocrx_word' id='word_1_430' title='bbox 326 2961 444 2998; x_wconf 86' lang='grc' dir='ltr'>σιν.</span> <span class='ocrx_word' id='word_1_431' title='bbox 465 2944 528 2996; x_wconf 79' lang='lat' dir='ltr'><strong>Ei</strong></span> <span class='ocrx_word' id='word_1_432' title='bbox 553 2944 628 3007; x_wconf 84' lang='grc' dir='ltr'><strong>δὲ,</strong></span> <span class='ocrx_word' id='word_1_433' title='bbox 658 2944 987 3016; x_wconf 83' lang='grc' dir='ltr'>ἀποροῦντες</span> <span class='ocrx_word' id='word_1_434' title='bbox 1009 2946 1102 2997; x_wconf 73' lang='grc' dir='ltr'>καὶ</span> <span class='ocrx_word' id='word_1_435' title='bbox 1125 2948 1299 2998; x_wconf 86' lang='grc' dir='ltr'>εἰπεῖν</span> <span class='ocrx_word' id='word_1_436' title='bbox 1331 2946 1405 3016; x_wconf 85' lang='grc' dir='ltr'>μὴ</span> <span class='ocrx_word' id='word_1_437' title='bbox 1433 2945 1718 3016; x_wconf 77' lang='grc' dir='ltr'>δυνάμενοι</span> <span class='ocrx_word' id='word_1_438' title='bbox 1738 2986 1753 3011; x_wconf 87' lang='grc'><strong>,</strong></span> <span class='ocrx_word' id='word_1_439' title='bbox 1783 2948 1904 3000; x_wconf 86' lang='grc' dir='ltr'>ἀντ-</span> 
     </span>
    </p>
   </div>
   <div class='ocr_carea' id='block_1_57' title="bbox 2004 2942 3578 3016">
    <p class='ocr_par' dir='ltr' id='par_1_57' title="bbox 2007 2942 3578 3016">
     <span class='ocr_line' id='line_1_57' title="bbox 2007 2942 3578 3016; baseline 0.001 -18"><span class='ocrx_word' id='word_1_440' title='bbox 2007 2946 2313 3014; x_wconf 79' lang='lat' dir='ltr'><strong>redarguet.</strong></span> <span class='ocrx_word' id='word_1_441' title='bbox 2347 2942 2404 2997; x_wconf 90' lang='lat' dir='ltr'><strong>Si</strong></span> <span class='ocrx_word' id='word_1_442' title='bbox 2433 2961 2560 2999; x_wconf 90' lang='lat' dir='ltr'><strong>vero</strong></span> <span class='ocrx_word' id='word_1_443' title='bbox 2612 2960 2723 2999; x_wconf 93' lang='lat' dir='ltr'><strong>non</strong></span> <span class='ocrx_word' id='word_1_444' title='bbox 2774 2945 3108 3016; x_wconf 85' lang='lat' dir='ltr'><strong>reperientes</strong></span> <span class='ocrx_word' id='word_1_445' title='bbox 3129 2945 3356 3012; x_wconf 83' lang='lat' dir='ltr'><strong>exitum,</strong></span> <span class='ocrx_word' id='word_1_446' title='bbox 3388 2955 3443 3002; x_wconf 88' lang='lat' dir='ltr'><strong>et</strong></span> <span class='ocrx_word' id='word_1_447' title='bbox 3468 2960 3578 3016; x_wconf 87' lang='lat' dir='ltr'><strong>quo</strong></span> 
     </span>
    </p>
   </div>
   <div class='ocr_carea' id='block_1_58' title="bbox 307 3034 1904 3112">
    <p class='ocr_par' dir='ltr' id='par_1_58' title="bbox 307 3034 1904 3112">
     <span class='ocr_line' id='line_1_58' title="bbox 307 3034 1904 3112; baseline 0.004 -25"><span class='ocrx_word' id='word_1_448' title='bbox 307 3034 584 3107; x_wconf 87' lang='grc' dir='ltr'>-ερωτῶσι</span> <span class='ocrx_word' id='word_1_449' title='bbox 601 3036 898 3105; x_wconf 82' lang='grc' dir='ltr'>φάσκοντες</span> <span class='ocrx_word' id='word_1_450' title='bbox 920 3036 1175 3091; x_wconf 87' lang='grc' dir='ltr'>δύσκολον</span> <span class='ocrx_word' id='word_1_451' title='bbox 1202 3035 1340 3092; x_wconf 78' lang='grc' dir='ltr'>εἶναι</span> <span class='ocrx_word' id='word_1_452' title='bbox 1365 3040 1463 3110; x_wconf 78' lang='grc' dir='ltr'>τὴν</span> <span class='ocrx_word' id='word_1_453' title='bbox 1483 3039 1634 3094; x_wconf 86' lang='grc' dir='ltr'>λύσιν</span> <span class='ocrx_word' id='word_1_454' title='bbox 1654 3040 1760 3093; x_wconf 87' lang='grc' dir='ltr'><strong>τῶν</strong></span> <span class='ocrx_word' id='word_1_455' title='bbox 1780 3058 1904 3112; x_wconf 83' lang='grc' dir='ltr'>προ-</span> 
     </span>
    </p>
   </div>
   <div class='ocr_carea' id='block_1_59' title="bbox 2004 3034 3581 3112">
    <p class='ocr_par' dir='ltr' id='par_1_59' title="bbox 2008 3037 3581 3106">
     <span class='ocr_line' id='line_1_59' title="bbox 2008 3037 3581 3106; baseline -0.001 -13"><span class='ocrx_word' id='word_1_456' title='bbox 2008 3053 2067 3093; x_wconf 86' lang='lat' dir='ltr'><strong>se</strong></span> <span class='ocrx_word' id='word_1_457' title='bbox 2090 3042 2305 3091; x_wconf 82' lang='lat' dir='ltr'><strong>vertant</strong></span> <span class='ocrx_word' id='word_1_458' title='bbox 2336 3037 2642 3091; x_wconf 89' lang='lat' dir='ltr'><strong>nescientes</strong></span> <span class='ocrx_word' id='word_1_459' title='bbox 2670 3079 2684 3103; x_wconf 93' lang='lat'><strong>,</strong></span> <span class='ocrx_word' id='word_1_460' title='bbox 2733 3052 2834 3091; x_wconf 91' lang='lat' dir='ltr'><strong>nos</strong></span> <span class='ocrx_word' id='word_1_461' title='bbox 2868 3052 3063 3091; x_wconf 88' lang='lat' dir='ltr'><strong>rursus</strong></span> <span class='ocrx_word' id='word_1_462' title='bbox 3096 3038 3471 3106; x_wconf 80' lang='lat' dir='ltr'><strong>interrogent,</strong></span> <span class='ocrx_word' id='word_1_463' title='bbox 3501 3037 3581 3093; x_wconf 90' lang='lat' dir='ltr'><strong>di-</strong></span> 
     </span>
    </p>
   </div>
   <div class='ocr_carea' id='block_1_60' title="bbox 325 3128 1904 3228">
    <p class='ocr_par' dir='ltr' id='par_1_60' title="bbox 325 3128 1904 3204">
     <span class='ocr_line' id='line_1_60' title="bbox 325 3128 1904 3204; baseline 0.004 -24"><span class='ocrx_word' id='word_1_464' title='bbox 325 3128 566 3192; x_wconf 86' lang='grc' dir='ltr'>τάσεων,</span> <span class='ocrx_word' id='word_1_465' title='bbox 602 3129 696 3182; x_wconf 71' lang='grc' dir='ltr'>καὶ</span> <span class='ocrx_word' id='word_1_466' title='bbox 733 3128 986 3183; x_wconf 78' lang='grc' dir='ltr'>δύσκολον</span> <span class='ocrx_word' id='word_1_467' title='bbox 1024 3129 1287 3202; x_wconf 83' lang='grc' dir='ltr'>εἶναιτὴν</span> <span class='ocrx_word' id='word_1_468' title='bbox 1325 3130 1627 3196; x_wconf 83' lang='grc' dir='ltr'>ἀπόδειξιν·</span> <span class='ocrx_word' id='word_1_469' title='bbox 1662 3134 1904 3204; x_wconf 82' lang='grc' dir='ltr'>φήσομεν</span> 
     </span>
    </p>
   </div>
   <div class='ocr_carea' id='block_1_61' title="bbox 2004 3128 3580 3228">
    <p class='ocr_par' dir='ltr' id='par_1_61' title="bbox 2009 3128 3580 3198">
     <span class='ocr_line' id='line_1_61' title="bbox 2009 3128 3580 3198; baseline 0.001 -15"><span class='ocrx_word' id='word_1_470' title='bbox 2009 3137 2241 3198; x_wconf 87' lang='lat' dir='ltr'><strong>cantque</strong></span> <span class='ocrx_word' id='word_1_471' title='bbox 2278 3128 2437 3182; x_wconf 91' lang='lat' dir='ltr'><strong>nobis</strong></span> <span class='ocrx_word' id='word_1_472' title='bbox 2473 3142 2690 3198; x_wconf 89' lang='lat' dir='ltr'><strong>quoque</strong></span> <span class='ocrx_word' id='word_1_473' title='bbox 2725 3128 2965 3184; x_wconf 83' lang='lat' dir='ltr'><strong>dilliciles</strong></span> <span class='ocrx_word' id='word_1_474' title='bbox 2998 3129 3479 3198; x_wconf 72' lang='lat' dir='ltr'><strong>essequaastiones</strong></span> <span class='ocrx_word' id='word_1_475' title='bbox 3508 3128 3580 3184; x_wconf 77' lang='lat' dir='ltr'><strong>ad</strong></span> 
     </span>
    </p>
   </div>
   <div class='ocr_carea' id='block_1_62' title="bbox 326 3219 1904 3293">
    <p class='ocr_par' dir='ltr' id='par_1_62' title="bbox 326 3219 1904 3293">
     <span class='ocr_line' id='line_1_62' title="bbox 326 3219 1904 3293; baseline 0.003 -19"><span class='ocrx_word' id='word_1_476' title='bbox 326 3221 430 3274; x_wconf 73' lang='grc' dir='ltr'>καὶ</span> <span class='ocrx_word' id='word_1_477' title='bbox 453 3222 614 3292; x_wconf 80' lang='grc' dir='ltr'>ἡμεῖς</span> <span class='ocrx_word' id='word_1_478' title='bbox 637 3222 698 3274; x_wconf 83' lang='grc' dir='ltr'>οὐ</span> <span class='ocrx_word' id='word_1_479' title='bbox 718 3225 961 3293; x_wconf 72' lang='grc' dir='ltr'>καρποὺς</span> <span class='ocrx_word' id='word_1_480' title='bbox 987 3219 1123 3277; x_wconf 77' lang='grc' dir='ltr'>εἶναι</span> <span class='ocrx_word' id='word_1_481' title='bbox 1142 3225 1268 3287; x_wconf 77' lang='grc' dir='ltr'>τοὺς</span> <span class='ocrx_word' id='word_1_482' title='bbox 1290 3224 1615 3288; x_wconf 84' lang='grc' dir='ltr'>ἀποστόλους</span> <span class='ocrx_word' id='word_1_483' title='bbox 1635 3225 1727 3278; x_wconf 79' lang='grc' dir='ltr'><strong>τοῦ</strong></span> <span class='ocrx_word' id='word_1_484' title='bbox 1749 3225 1904 3290; x_wconf 85' lang='grc' dir='ltr'>Θεοῦ,</span> 
     </span>
    </p>
   </div>
   <div class='ocr_carea' id='block_1_63' title="bbox 2004 3219 3573 3293">
    <p class='ocr_par' dir='ltr' id='par_1_63' title="bbox 2009 3220 3573 3285">
     <span class='ocr_line' id='line_1_63' title="bbox 2009 3220 3573 3285; baseline 0.001 -9"><span class='ocrx_word' id='word_1_485' title='bbox 2009 3220 2377 3285; x_wconf 86' lang='lat' dir='ltr'><strong>solvendum;</strong></span> <span class='ocrx_word' id='word_1_486' title='bbox 2447 3220 2662 3275; x_wconf 88' lang='lat' dir='ltr'><strong>dilIicile</strong></span> <span class='ocrx_word' id='word_1_487' title='bbox 2729 3222 2857 3276; x_wconf 89' lang='lat' dir='ltr'><strong>item</strong></span> <span class='ocrx_word' id='word_1_488' title='bbox 2924 3222 3135 3275; x_wconf 86' lang='lat' dir='ltr'><strong>ratione</strong></span> <span class='ocrx_word' id='word_1_489' title='bbox 3199 3221 3573 3278; x_wconf 87' lang='lat' dir='ltr'><strong>concludere:</strong></span> 
     </span>
    </p>
   </div>
   <div class='ocr_carea' id='block_1_64' title="bbox 325 3310 1904 3388">
    <p class='ocr_par' dir='ltr' id='par_1_64' title="bbox 325 3314 1904 3388">
     <span class='ocr_line' id='line_1_64' title="bbox 325 3314 1904 3388; baseline 0 -20"><span class='ocrx_word' id='word_1_490' title='bbox 325 3314 470 3368; x_wconf 84' lang='grc' dir='ltr'><strong>ἀλλά</strong></span> <span class='ocrx_word' id='word_1_491' title='bbox 499 3316 777 3385; x_wconf 85' lang='grc' dir='ltr'>ποιήματα</span> <span class='ocrx_word' id='word_1_492' title='bbox 806 3315 899 3369; x_wconf 78' lang='grc' dir='ltr'>καὶ</span> <span class='ocrx_word' id='word_1_493' title='bbox 935 3315 1236 3387; x_wconf 85' lang='grc' dir='ltr'>πλάσματα</span> <span class='ocrx_word' id='word_1_494' title='bbox 1254 3331 1269 3345; x_wconf 74' lang='grc'><strong><em>⁸</em></strong></span> <span class='ocrx_word' id='word_1_495' title='bbox 1299 3317 1357 3368; x_wconf 81' lang='grc' dir='ltr'>οὐ</span> <span class='ocrx_word' id='word_1_496' title='bbox 1381 3316 1488 3388; x_wconf 76' lang='grc' dir='ltr'>γὰρ</span> <span class='ocrx_word' id='word_1_497' title='bbox 1521 3316 1595 3379; x_wconf 84' lang='grc' dir='ltr'>ὡς</span> <span class='ocrx_word' id='word_1_498' title='bbox 1622 3316 1730 3368; x_wconf 87' lang='grc' dir='ltr'><strong>ἀπὸ</strong></span> <span class='ocrx_word' id='word_1_499' title='bbox 1755 3315 1904 3387; x_wconf 79' lang='grc' dir='ltr'>ῥίζης</span> 
     </span>
    </p>
   </div>
   <div class='ocr_carea' id='block_1_65' title="bbox 2004 3310 3574 3388">
    <p class='ocr_par' dir='ltr' id='par_1_65' title="bbox 2008 3310 3574 3381">
     <span class='ocr_line' id='line_1_65' title="bbox 2008 3310 3574 3381; baseline 0.001 -15"><span class='ocrx_word' id='word_1_500' title='bbox 2008 3311 2479 3380; x_wconf 88' lang='lat' dir='ltr'><strong>respondebimus,</strong></span> <span class='ocrx_word' id='word_1_501' title='bbox 2507 3326 2614 3364; x_wconf 89' lang='lat' dir='ltr'><strong>non</strong></span> <span class='ocrx_word' id='word_1_502' title='bbox 2644 3326 2766 3367; x_wconf 87' lang='lat' dir='ltr'><strong>esse</strong></span> <span class='ocrx_word' id='word_1_503' title='bbox 2799 3311 3011 3366; x_wconf 83' lang='lat' dir='ltr'><strong>fructus</strong></span> <span class='ocrx_word' id='word_1_504' title='bbox 3038 3310 3131 3365; x_wconf 89' lang='lat' dir='ltr'><strong>Dei</strong></span> <span class='ocrx_word' id='word_1_505' title='bbox 3159 3312 3459 3381; x_wconf 88' lang='lat' dir='ltr'><strong>apostolos,</strong></span> <span class='ocrx_word' id='word_1_506' title='bbox 3477 3311 3574 3367; x_wconf 88' lang='lat' dir='ltr'><strong>sed</strong></span> 
     </span>
    </p>
   </div>
   <div class='ocr_carea' id='block_1_66' title="bbox 312 3402 1904 3476">
    <p class='ocr_par' dir='ltr' id='par_1_66' title="bbox 312 3402 1904 3476">
     <span class='ocr_line' id='line_1_66' title="bbox 312 3402 1904 3476; baseline 0.001 -23"><span class='ocrx_word' id='word_1_507' title='bbox 312 3403 538 3472; x_wconf 69' lang='grc' dir='ltr'>καρποὶ</span> <span class='ocrx_word' id='word_1_508' title='bbox 578 3402 1009 3475; x_wconf 83' lang='grc' dir='ltr'>προηνέχθησαν,</span> <span class='ocrx_word' id='word_1_509' title='bbox 1039 3404 1152 3458; x_wconf 79' lang='grc' dir='ltr'>ἀλλ’</span> <span class='ocrx_word' id='word_1_510' title='bbox 1169 3406 1244 3468; x_wconf 80' lang='grc' dir='ltr'>ὡς</span> <span class='ocrx_word' id='word_1_511' title='bbox 1271 3406 1378 3459; x_wconf 84' lang='grc' dir='ltr'><strong>ἀπὸ</strong></span> <span class='ocrx_word' id='word_1_512' title='bbox 1403 3406 1620 3459; x_wconf 84' lang='grc' dir='ltr'>κτίστου</span> <span class='ocrx_word' id='word_1_513' title='bbox 1639 3407 1731 3459; x_wconf 78' lang='grc' dir='ltr'>καὶ</span> <span class='ocrx_word' id='word_1_514' title='bbox 1752 3422 1904 3476; x_wconf 86' lang='grc' dir='ltr'>ποιη-</span> 
     </span>
    </p>
   </div>
   <div class='ocr_carea' id='block_1_67' title="bbox 2004 3402 3576 3476">
    <p class='ocr_par' dir='ltr' id='par_1_67' title="bbox 2006 3402 3576 3473">
     <span class='ocr_line' id='line_1_67' title="bbox 2006 3402 3576 3473; baseline -0.001 -16"><span class='ocrx_word' id='word_1_515' title='bbox 2006 3402 2181 3458; x_wconf 79' lang='lat' dir='ltr'><strong>factos</strong></span> <span class='ocrx_word' id='word_1_516' title='bbox 2201 3411 2254 3456; x_wconf 82' lang='lat' dir='ltr'><strong>et</strong></span> <span class='ocrx_word' id='word_1_517' title='bbox 2284 3402 2477 3470; x_wconf 86' lang='lat' dir='ltr'><strong>ﬁctos;</strong></span> <span class='ocrx_word' id='word_1_518' title='bbox 2518 3417 2626 3457; x_wconf 89' lang='lat' dir='ltr'><strong>non</strong></span> <span class='ocrx_word' id='word_1_519' title='bbox 2662 3404 2806 3458; x_wconf 87' lang='lat' dir='ltr'><strong>enim</strong></span> <span class='ocrx_word' id='word_1_520' title='bbox 2857 3410 3113 3473; x_wconf 90' lang='lat' dir='ltr'><strong>tanquam</strong></span> <span class='ocrx_word' id='word_1_521' title='bbox 3151 3403 3361 3458; x_wconf 83' lang='lat' dir='ltr'><strong>fructus</strong></span> <span class='ocrx_word' id='word_1_522' title='bbox 3389 3418 3455 3458; x_wconf 84' lang='lat' dir='ltr'><strong>ex</strong></span> <span class='ocrx_word' id='word_1_523' title='bbox 3486 3417 3576 3456; x_wconf 84' lang='lat' dir='ltr'><strong>ra-</strong></span> 
     </span>
    </p>
   </div>
   <div class='ocr_carea' id='block_1_68' title="bbox 305 3483 1904 3565">
    <p class='ocr_par' dir='ltr' id='par_1_68' title="bbox 305 3490 1904 3565">
     <span class='ocr_line' id='line_1_68' title="bbox 305 3490 1904 3565; baseline 0.003 -22"><span class='ocrx_word' id='word_1_524' title='bbox 305 3490 450 3555; x_wconf 82' lang='grc' dir='ltr'>-τοῦ,</span> <span class='ocrx_word' id='word_1_525' title='bbox 488 3492 759 3562; x_wconf 84' lang='grc' dir='ltr'>κτίσματα</span> <span class='ocrx_word' id='word_1_526' title='bbox 794 3494 887 3546; x_wconf 73' lang='grc' dir='ltr'><strong>καὶ</strong></span> <span class='ocrx_word' id='word_1_527' title='bbox 911 3498 1194 3564; x_wconf 82' lang='grc' dir='ltr'>ποιήματα</span> <span class='ocrx_word' id='word_1_528' title='bbox 1222 3496 1542 3565; x_wconf 81' lang='grc' dir='ltr'>γεγένηνται</span> <span class='ocrx_word' id='word_1_529' title='bbox 1562 3494 1654 3549; x_wconf 82' lang='grc' dir='ltr'>τοῦ</span> <span class='ocrx_word' id='word_1_530' title='bbox 1683 3512 1904 3565; x_wconf 84' lang='grc' dir='ltr'>πεποιη-</span> 
     </span>
    </p>
   </div>
   <div class='ocr_carea' id='block_1_69' title="bbox 2004 3483 3576 3565">
    <p class='ocr_par' dir='ltr' id='par_1_69' title="bbox 2010 3483 3576 3565">
     <span class='ocr_line' id='line_1_69' title="bbox 2010 3483 3576 3565; baseline 0 -16"><span class='ocrx_word' id='word_1_531' title='bbox 2010 3494 2129 3549; x_wconf 89' lang='lat' dir='ltr'><strong>dice</strong></span> <span class='ocrx_word' id='word_1_532' title='bbox 2161 3493 2369 3565; x_wconf 80' lang='lat' dir='ltr'><strong>profusi</strong></span> <span class='ocrx_word' id='word_1_533' title='bbox 2398 3502 2545 3558; x_wconf 86' lang='lat' dir='ltr'><strong>sunt,</strong></span> <span class='ocrx_word' id='word_1_534' title='bbox 2576 3494 2940 3564; x_wconf 86' lang='lat' dir='ltr'><strong>sedtanquam</strong></span> <span class='ocrx_word' id='word_1_535' title='bbox 2969 3483 3231 3550; x_wconf 70' lang='lat' dir='ltr'><strong>creaturae</strong></span> <span class='ocrx_word' id='word_1_536' title='bbox 3259 3511 3287 3548; x_wconf 91' lang='lat' dir='ltr'><strong>a</strong></span> <span class='ocrx_word' id='word_1_537' title='bbox 3316 3493 3576 3551; x_wconf 87' lang='lat' dir='ltr'><strong>Creatore</strong></span> 
     </span>
    </p>
   </div>
   <div class='ocr_carea' id='block_1_70' title="bbox 327 3583 1904 3659">
    <p class='ocr_par' dir='ltr' id='par_1_70' title="bbox 327 3583 1904 3659">
     <span class='ocr_line' id='line_1_70' title="bbox 327 3583 1904 3659; baseline 0.002 -21"><span class='ocrx_word' id='word_1_538' title='bbox 327 3583 494 3646; x_wconf 88' lang='grc' dir='ltr'>κότος</span> <span class='ocrx_word' id='word_1_539' title='bbox 507 3601 521 3614; x_wconf 71' lang='grc'><strong><em>⁸</em></strong></span> <span class='ocrx_word' id='word_1_540' title='bbox 539 3584 636 3654; x_wconf 85' lang='grc' dir='ltr'><strong>οὐχ</strong></span> <span class='ocrx_word' id='word_1_541' title='bbox 655 3585 730 3648; x_wconf 87' lang='grc' dir='ltr'>ὼς</span> <span class='ocrx_word' id='word_1_542' title='bbox 754 3587 1011 3655; x_wconf 89' lang='grc' dir='ltr'>όμοουσία</span> <span class='ocrx_word' id='word_1_543' title='bbox 1026 3587 1117 3641; x_wconf 80' lang='grc' dir='ltr'><strong>τοῦ</strong></span> <span class='ocrx_word' id='word_1_544' title='bbox 1138 3589 1515 3659; x_wconf 82' lang='grc' dir='ltr'>πεποιηκότος·</span> <span class='ocrx_word' id='word_1_545' title='bbox 1538 3590 1784 3658; x_wconf 75' lang='grc' dir='ltr'>γεννητοὶ</span> <span class='ocrx_word' id='word_1_546' title='bbox 1804 3587 1904 3659; x_wconf 79' lang='grc' dir='ltr'>γὰρ</span> 
     </span>
    </p>
   </div>
   <div class='ocr_carea' id='block_1_71' title="bbox 2004 3583 3578 3659">
    <p class='ocr_par' dir='ltr' id='par_1_71' title="bbox 2011 3584 3578 3655">
     <span class='ocr_line' id='line_1_71' title="bbox 2011 3584 3578 3655; baseline 0 -16"><span class='ocrx_word' id='word_1_547' title='bbox 2011 3594 2063 3639; x_wconf 90' lang='lat' dir='ltr'><strong>et</strong></span> <span class='ocrx_word' id='word_1_548' title='bbox 2093 3593 2315 3640; x_wconf 86' lang='lat' dir='ltr'><strong>auctore</strong></span> <span class='ocrx_word' id='word_1_549' title='bbox 2347 3585 2556 3650; x_wconf 89' lang='lat' dir='ltr'><strong>creati;</strong></span> <span class='ocrx_word' id='word_1_550' title='bbox 2597 3591 2861 3639; x_wconf 77' lang='lat' dir='ltr'><strong>creaturae</strong></span> <span class='ocrx_word' id='word_1_551' title='bbox 2903 3584 3047 3639; x_wconf 85' lang='lat' dir='ltr'><strong>enim</strong></span> <span class='ocrx_word' id='word_1_552' title='bbox 3087 3585 3207 3655; x_wconf 87' lang='lat' dir='ltr'><strong>ejus</strong></span> <span class='ocrx_word' id='word_1_553' title='bbox 3262 3593 3431 3651; x_wconf 84' lang='lat' dir='ltr'><strong>sunt,</strong></span> <span class='ocrx_word' id='word_1_554' title='bbox 3465 3600 3578 3640; x_wconf 90' lang='lat' dir='ltr'><strong>non</strong></span> 
     </span>
    </p>
   </div>
   <div class='ocr_carea' id='block_1_72' title="bbox 306 3674 1909 3750">
    <p class='ocr_par' dir='ltr' id='par_1_72' title="bbox 306 3674 1909 3750">
     <span class='ocr_line' id='line_1_72' title="bbox 306 3674 1909 3750; baseline 0.002 -22"><span class='ocrx_word' id='word_1_555' title='bbox 306 3677 397 3728; x_wconf 60' lang='lat' dir='ltr'><strong>ex</strong></span> <span class='ocrx_word' id='word_1_556' title='bbox 425 3674 525 3727; x_wconf 83' lang='grc' dir='ltr'><strong>τοῦ</strong></span> <span class='ocrx_word' id='word_1_557' title='bbox 555 3675 849 3746; x_wconf 87' lang='grc' dir='ltr'>ἁγεννήτου</span> <span class='ocrx_word' id='word_1_558' title='bbox 877 3678 1005 3730; x_wconf 80' lang='grc' dir='ltr'>ποτὲ</span> <span class='ocrx_word' id='word_1_559' title='bbox 1031 3679 1130 3731; x_wconf 82' lang='grc' dir='ltr'>οὐκ</span> <span class='ocrx_word' id='word_1_560' title='bbox 1158 3679 1330 3743; x_wconf 79' lang='grc' dir='ltr'>ὄντες,</span> <span class='ocrx_word' id='word_1_561' title='bbox 1362 3678 1585 3749; x_wconf 82' lang='grc' dir='ltr'>ὕστερον</span> <span class='ocrx_word' id='word_1_562' title='bbox 1605 3680 1661 3732; x_wconf 85' lang='grc' dir='ltr'><strong>δὲ</strong></span> <span class='ocrx_word' id='word_1_563' title='bbox 1679 3696 1909 3750; x_wconf 85' lang='grc' dir='ltr'>πεποιη-</span> 
     </span>
    </p>
   </div>
   <div class='ocr_carea' id='block_1_73' title="bbox 332 3763 1908 3839">
    <p class='ocr_par' dir='ltr' id='par_1_73' title="bbox 332 3763 1908 3839">
     <span class='ocr_line' id='line_1_73' title="bbox 332 3763 1908 3839; baseline 0.003 -23"><span class='ocrx_word' id='word_1_564' title='bbox 332 3765 522 3836; x_wconf 82' lang='grc' dir='ltr'>μένοι·</span> <span class='ocrx_word' id='word_1_565' title='bbox 558 3764 620 3817; x_wconf 85' lang='grc' dir='ltr'>τὸ</span> <span class='ocrx_word' id='word_1_566' title='bbox 655 3766 752 3836; x_wconf 84' lang='grc' dir='ltr'>μὲν</span> <span class='ocrx_word' id='word_1_567' title='bbox 785 3763 924 3819; x_wconf 78' lang='grc' dir='ltr'>εἶναι</span> <span class='ocrx_word' id='word_1_568' title='bbox 965 3768 1073 3822; x_wconf 84' lang='grc' dir='ltr'><strong>ἀπὸ</strong></span> <span class='ocrx_word' id='word_1_569' title='bbox 1114 3768 1206 3822; x_wconf 77' lang='grc' dir='ltr'>τοῦ</span> <span class='ocrx_word' id='word_1_570' title='bbox 1238 3770 1598 3839; x_wconf 80' lang='grc' dir='ltr'>πεποιηκότος</span> <span class='ocrx_word' id='word_1_571' title='bbox 1635 3769 1908 3833; x_wconf 78' lang='grc' dir='ltr'>λαϐόντες,</span> 
     </span>
    </p>
   </div>
   <div class='ocr_carea' id='block_1_74' title="bbox 327 3855 1913 3931">
    <p class='ocr_par' dir='ltr' id='par_1_74' title="bbox 327 3855 1913 3931">
     <span class='ocr_line' id='line_1_74' title="bbox 327 3855 1913 3931; baseline 0.004 -24"><span class='ocrx_word' id='word_1_572' title='bbox 327 3856 432 3908; x_wconf 76' lang='grc' dir='ltr'>οὐκ</span> <span class='ocrx_word' id='word_1_573' title='bbox 461 3855 641 3908; x_wconf 81' lang='grc' dir='ltr'>οὐσίαι</span> <span class='ocrx_word' id='word_1_574' title='bbox 673 3855 730 3908; x_wconf 87' lang='grc' dir='ltr'><strong>δὲ</strong></span> <span class='ocrx_word' id='word_1_575' title='bbox 758 3856 815 3923; x_wconf 76' lang='grc' dir='ltr'>ἐξ</span> <span class='ocrx_word' id='word_1_576' title='bbox 841 3857 1046 3922; x_wconf 78' lang='grc' dir='ltr'>οὐσίας,</span> <span class='ocrx_word' id='word_1_577' title='bbox 1078 3859 1192 3912; x_wconf 85' lang='grc' dir='ltr'>ἀλλ’</span> <span class='ocrx_word' id='word_1_578' title='bbox 1221 3861 1542 3924; x_wconf 81' lang='grc' dir='ltr'>ὑποστάσεις</span> <span class='ocrx_word' id='word_1_579' title='bbox 1566 3861 1624 3926; x_wconf 78' lang='grc' dir='ltr'>ἐξ</span> <span class='ocrx_word' id='word_1_580' title='bbox 1647 3860 1913 3931; x_wconf 84' lang='grc' dir='ltr'>ἀγαοότη-</span> 
     </span>
    </p>
   </div>
   <div class='ocr_carea' id='block_1_75' title="bbox 327 3946 1914 4022">
    <p class='ocr_par' dir='ltr' id='par_1_75' title="bbox 327 3946 1914 4022">
     <span class='ocr_line' id='line_1_75' title="bbox 327 3946 1914 4022; baseline 0.003 -20"><span class='ocrx_word' id='word_1_581' title='bbox 327 3964 423 4012; x_wconf 80' lang='grc' dir='ltr'><strong>τος</strong></span> <span class='ocrx_word' id='word_1_582' title='bbox 450 3946 547 3999; x_wconf 84' lang='grc' dir='ltr'>τοῦ</span> <span class='ocrx_word' id='word_1_583' title='bbox 576 3948 917 4018; x_wconf 84' lang='grc' dir='ltr'>Δημιουργοῦ</span> <span class='ocrx_word' id='word_1_584' title='bbox 943 3951 1319 4022; x_wconf 85' lang='grc' dir='ltr'>πεποιημένοι·</span> <span class='ocrx_word' id='word_1_585' title='bbox 1344 3952 1437 4005; x_wconf 80' lang='grc' dir='ltr'>καὶ</span> <span class='ocrx_word' id='word_1_586' title='bbox 1457 3950 1597 4005; x_wconf 82' lang='grc' dir='ltr'>οὕτω</span> <span class='ocrx_word' id='word_1_587' title='bbox 1616 3952 1914 4022; x_wconf 82' lang='grc' dir='ltr'>πεποιημέ-</span> 
     </span>
    </p>
   </div>
   <div class='ocr_carea' id='block_1_76' title="bbox 332 4036 1911 4116">
    <p class='ocr_par' dir='ltr' id='par_1_76' title="bbox 332 4036 1911 4116">
     <span class='ocr_line' id='line_1_76' title="bbox 332 4036 1911 4116; baseline 0.003 -24"><span class='ocrx_word' id='word_1_588' title='bbox 332 4056 437 4105; x_wconf 86' lang='grc' dir='ltr'>νοι,</span> <span class='ocrx_word' id='word_1_589' title='bbox 469 4040 560 4094; x_wconf 81' lang='grc' dir='ltr'>ἵνα</span> <span class='ocrx_word' id='word_1_590' title='bbox 602 4041 916 4113; x_wconf 79' lang='grc' dir='ltr'>προαιρέσει</span> <span class='ocrx_word' id='word_1_591' title='bbox 945 4041 1043 4114; x_wconf 80' lang='grc' dir='ltr'>τὴν</span> <span class='ocrx_word' id='word_1_592' title='bbox 1073 4043 1247 4114; x_wconf 82' lang='grc' dir='ltr'>ἀρχὴν</span> <span class='ocrx_word' id='word_1_593' title='bbox 1287 4043 1450 4115; x_wconf 77' lang='grc' dir='ltr'>ἔχωσι</span> <span class='ocrx_word' id='word_1_594' title='bbox 1491 4044 1625 4116; x_wconf 82' lang='grc'><strong>(18).</strong></span> <span class='ocrx_word' id='word_1_595' title='bbox 1660 4036 1911 4097; x_wconf 80' lang='grc' dir='ltr'>Φαίνεται</span> 
     </span>
    </p>
   </div>
   <div class='ocr_carea' id='block_1_77' title="bbox 333 4130 1908 4205">
    <p class='ocr_par' dir='ltr' id='par_1_77' title="bbox 333 4130 1908 4205">
     <span class='ocr_line' id='line_1_77' title="bbox 333 4130 1908 4205; baseline 0.001 -18"><span class='ocrx_word' id='word_1_596' title='bbox 333 4130 428 4187; x_wconf 77' lang='grc' dir='ltr'>οὖν</span> <span class='ocrx_word' id='word_1_597' title='bbox 455 4134 488 4184; x_wconf 86' lang='grc' dir='ltr'>ὁ</span> <span class='ocrx_word' id='word_1_598' title='bbox 509 4133 698 4204; x_wconf 84' lang='grc' dir='ltr'>Σωτὴρ</span> <span class='ocrx_word' id='word_1_599' title='bbox 717 4133 887 4202; x_wconf 86' lang='grc' dir='ltr'>λέγων</span> <span class='ocrx_word' id='word_1_600' title='bbox 912 4151 925 4164; x_wconf 87' lang='grc'><strong>·</strong></span> <span class='ocrx_word' id='word_1_601' title='bbox 949 4135 1024 4188; x_wconf 81' lang='grc' dir='ltr'><strong>Εἴ</strong></span> <span class='ocrx_word' id='word_1_602' title='bbox 1047 4153 1136 4200; x_wconf 80' lang='grc' dir='ltr'><strong>τις</strong></span> <span class='ocrx_word' id='word_1_603' title='bbox 1167 4136 1325 4190; x_wconf 79' lang='grc' dir='ltr'>θέλει</span> <span class='ocrx_word' id='word_1_604' title='bbox 1347 4137 1538 4190; x_wconf 82' lang='grc' dir='ltr'>ὀπίσω</span> <span class='ocrx_word' id='word_1_605' title='bbox 1552 4154 1672 4205; x_wconf 79' lang='grc' dir='ltr'><strong>μου</strong></span> <span class='ocrx_word' id='word_1_606' title='bbox 1691 4135 1908 4191; x_wconf 74' lang='grc' dir='ltr'>ἐλθεῖν·</span> 
     </span>
    </p>
   </div>
   <div class='ocr_carea' id='block_1_78' title="bbox 332 4223 1913 4298">
    <p class='ocr_par' dir='ltr' id='par_1_78' title="bbox 332 4223 1913 4298">
     <span class='ocr_line' id='line_1_78' title="bbox 332 4223 1913 4298; baseline 0.001 -19"><span class='ocrx_word' id='word_1_607' title='bbox 332 4227 408 4279; x_wconf 85' lang='grc' dir='ltr'>Εί</span> <span class='ocrx_word' id='word_1_608' title='bbox 436 4223 633 4291; x_wconf 77' lang='grc' dir='ltr'>θέλεις</span> <span class='ocrx_word' id='word_1_609' title='bbox 658 4225 884 4292; x_wconf 79' lang='grc' dir='ltr'>τέλειος</span> <span class='ocrx_word' id='word_1_610' title='bbox 911 4227 1186 4296; x_wconf 77' lang='grc' dir='ltr'>γενέσθαι</span> <span class='ocrx_word' id='word_1_611' title='bbox 1207 4244 1219 4255; x_wconf 93' lang='grc'>·</span> <span class='ocrx_word' id='word_1_612' title='bbox 1242 4231 1307 4282; x_wconf 83' lang='grc' dir='ltr'>Εί</span> <span class='ocrx_word' id='word_1_613' title='bbox 1324 4228 1517 4294; x_wconf 83' lang='grc' dir='ltr'>θέλεις</span> <span class='ocrx_word' id='word_1_614' title='bbox 1557 4227 1726 4298; x_wconf 75' lang='grc' dir='ltr'>ὑγιὴς</span> <span class='ocrx_word' id='word_1_615' title='bbox 1753 4228 1913 4298; x_wconf 73' lang='grc' dir='ltr'>γενέ-</span> 
     </span>
    </p>
   </div>
   <div class='ocr_carea' id='block_1_79' title="bbox 334 4315 1911 4392">
    <p class='ocr_par' dir='ltr' id='par_1_79' title="bbox 334 4315 1911 4392">
     <span class='ocr_line' id='line_1_79' title="bbox 334 4315 1911 4392; baseline 0.003 -22"><span class='ocrx_word' id='word_1_616' title='bbox 334 4319 480 4370; x_wconf 87' lang='grc' dir='ltr'>σθαι</span> <span class='ocrx_word' id='word_1_617' title='bbox 498 4332 513 4346; x_wconf 85' lang='lat'><strong><em>°</em></strong></span> <span class='ocrx_word' id='word_1_618' title='bbox 546 4317 594 4369; x_wconf 87' lang='grc' dir='ltr'><strong>εί</strong></span> <span class='ocrx_word' id='word_1_619' title='bbox 614 4317 643 4369; x_wconf 80' lang='grc' dir='ltr'>ὁ</span> <span class='ocrx_word' id='word_1_620' title='bbox 657 4322 886 4390; x_wconf 85' lang='grc' dir='ltr'>ποιήσας</span> <span class='ocrx_word' id='word_1_621' title='bbox 914 4318 1138 4373; x_wconf 75' lang='grc' dir='ltr'>τοιαῦτα</span> <span class='ocrx_word' id='word_1_622' title='bbox 1158 4319 1327 4387; x_wconf 87' lang='grc' dir='ltr'>λαλεῖ,</span> <span class='ocrx_word' id='word_1_623' title='bbox 1347 4320 1413 4374; x_wconf 83' lang='grc' dir='ltr'><strong>δι’</strong></span> <span class='ocrx_word' id='word_1_624' title='bbox 1434 4315 1495 4373; x_wconf 76' lang='grc' dir='ltr'><strong>οὗ</strong></span> <span class='ocrx_word' id='word_1_625' title='bbox 1526 4320 1713 4392; x_wconf 81' lang='grc' dir='ltr'>Πατὴρ</span> <span class='ocrx_word' id='word_1_626' title='bbox 1735 4322 1911 4374; x_wconf 84' lang='grc' dir='ltr'>πάντα</span> 
     </span>
    </p>
   </div>
   <div class='ocr_carea' id='block_1_80' title="bbox 336 4408 1911 4482">
    <p class='ocr_par' dir='ltr' id='par_1_80' title="bbox 336 4408 1911 4482">
     <span class='ocr_line' id='line_1_80' title="bbox 336 4408 1911 4482; baseline 0.003 -22"><span class='ocrx_word' id='word_1_627' title='bbox 336 4410 584 4479; x_wconf 79' lang='grc' dir='ltr'>ἐποίησε,</span> <span class='ocrx_word' id='word_1_628' title='bbox 617 4409 726 4463; x_wconf 82' lang='grc' dir='ltr'>νόει</span> <span class='ocrx_word' id='word_1_629' title='bbox 758 4408 853 4462; x_wconf 81' lang='grc' dir='ltr'>τοῦ</span> <span class='ocrx_word' id='word_1_630' title='bbox 880 4412 1239 4482; x_wconf 83' lang='grc' dir='ltr'>πεποιηκότος</span> <span class='ocrx_word' id='word_1_631' title='bbox 1269 4411 1369 4476; x_wconf 79' lang='grc' dir='ltr'>τὰς</span> <span class='ocrx_word' id='word_1_632' title='bbox 1393 4412 1603 4481; x_wconf 77' lang='grc' dir='ltr'>φωνάς·</span> <span class='ocrx_word' id='word_1_633' title='bbox 1639 4412 1698 4464; x_wconf 83' lang='grc' dir='ltr'>ὲν</span> <span class='ocrx_word' id='word_1_634' title='bbox 1727 4411 1805 4482; x_wconf 82' lang='grc' dir='ltr'>τῷ</span> <span class='ocrx_word' id='word_1_635' title='bbox 1823 4411 1911 4465; x_wconf 83' lang='grc' dir='ltr'><strong>θέ-</strong></span> 
     </span>
    </p>
   </div>
   <div class='ocr_carea' id='block_1_81' title="bbox 336 4498 1907 4574">
    <p class='ocr_par' dir='ltr' id='par_1_81' title="bbox 336 4498 1907 4574">
     <span class='ocr_line' id='line_1_81' title="bbox 336 4498 1907 4574; baseline 0.003 -21"><span class='ocrx_word' id='word_1_636' title='bbox 336 4498 450 4553; x_wconf 88' lang='grc' dir='ltr'>λειν</span> <span class='ocrx_word' id='word_1_637' title='bbox 475 4500 600 4562; x_wconf 81' lang='grc' dir='ltr'>τοὺς</span> <span class='ocrx_word' id='word_1_638' title='bbox 620 4498 816 4571; x_wconf 86' lang='grc' dir='ltr'>νόμους</span> <span class='ocrx_word' id='word_1_639' title='bbox 840 4500 989 4553; x_wconf 80' lang='grc' dir='ltr'>ἔθετο</span> <span class='ocrx_word' id='word_1_640' title='bbox 1008 4517 1022 4531; x_wconf 87' lang='grc'><strong>·</strong></span> <span class='ocrx_word' id='word_1_641' title='bbox 1047 4504 1103 4554; x_wconf 82' lang='grc' dir='ltr'>ἐν</span> <span class='ocrx_word' id='word_1_642' title='bbox 1126 4505 1192 4573; x_wconf 78' lang='grc' dir='ltr'>τῇ</span> <span class='ocrx_word' id='word_1_643' title='bbox 1218 4502 1430 4574; x_wconf 86' lang='grc' dir='ltr'>θελήσει</span> <span class='ocrx_word' id='word_1_644' title='bbox 1456 4502 1524 4555; x_wconf 80' lang='grc' dir='ltr'>τὰ</span> <span class='ocrx_word' id='word_1_645' title='bbox 1550 4502 1748 4572; x_wconf 83' lang='grc' dir='ltr'>νομικὰ</span> <span class='ocrx_word' id='word_1_646' title='bbox 1769 4503 1907 4557; x_wconf 78' lang='grc' dir='ltr'>ἀπο-</span> 
     </span>
    </p>
   </div>
   <div class='ocr_carea' id='block_1_82' title="bbox 336 4590 1905 4667">
    <p class='ocr_par' dir='ltr' id='par_1_82' title="bbox 336 4590 1905 4667">
     <span class='ocr_line' id='line_1_82' title="bbox 336 4590 1905 4667; baseline 0.003 -22"><span class='ocrx_word' id='word_1_647' title='bbox 336 4590 685 4662; x_wconf 85' lang='grc' dir='ltr'>ταμιεύεται·</span> <span class='ocrx_word' id='word_1_648' title='bbox 729 4591 826 4663; x_wconf 84' lang='grc' dir='ltr'>τὴν</span> <span class='ocrx_word' id='word_1_649' title='bbox 876 4592 1127 4664; x_wconf 83' lang='grc' dir='ltr'>βούλησιν</span> <span class='ocrx_word' id='word_1_650' title='bbox 1170 4594 1279 4648; x_wconf 88' lang='grc' dir='ltr'><strong>τῶν</strong></span> <span class='ocrx_word' id='word_1_651' title='bbox 1323 4594 1666 4665; x_wconf 86' lang='grc' dir='ltr'>πραττόντων</span> <span class='ocrx_word' id='word_1_652' title='bbox 1714 4595 1905 4667; x_wconf 81' lang='grc' dir='ltr'>κυρίαν</span> 
     </span>
    </p>
   </div>
   <div class='ocr_carea' id='block_1_83' title="bbox 340 4684 1197 4756">
    <p class='ocr_par' dir='ltr' id='par_1_83' title="bbox 340 4684 1197 4756">
     <span class='ocr_line' id='line_1_83' title="bbox 340 4684 1197 4756; baseline 0.004 -19"><span class='ocrx_word' id='word_1_653' title='bbox 340 4684 451 4738; x_wconf 89' lang='grc' dir='ltr'><strong>τῶν</strong></span> <span class='ocrx_word' id='word_1_654' title='bbox 479 4686 865 4756; x_wconf 80' lang='grc' dir='ltr'>πραττομένων</span> <span class='ocrx_word' id='word_1_655' title='bbox 893 4687 1197 4740; x_wconf 70' lang='grc' dir='ltr'>ἐπίσταται.</span> 
     </span>
    </p>
   </div>
   <div class='ocr_carea' id='block_1_84' title="bbox 2010 3676 3576 3747">
    <p class='ocr_par' dir='ltr' id='par_1_84' title="bbox 2010 3676 3576 3747">
     <span class='ocr_line' id='line_1_84' title="bbox 2010 3676 3576 3747; baseline 0.001 -17"><span class='ocrx_word' id='word_1_656' title='bbox 2010 3682 2266 3746; x_wconf 88' lang='lat' dir='ltr'><strong>tanquam</strong></span> <span class='ocrx_word' id='word_1_657' title='bbox 2343 3676 2587 3744; x_wconf 82' lang='lat' dir='ltr'><strong>ejusdem</strong></span> <span class='ocrx_word' id='word_1_658' title='bbox 2652 3676 3012 3741; x_wconf 81' lang='lat' dir='ltr'><strong>substantiae,</strong></span> <span class='ocrx_word' id='word_1_659' title='bbox 3080 3676 3238 3747; x_wconf 88' lang='lat' dir='ltr'><strong>cujus</strong></span> <span class='ocrx_word' id='word_1_660' title='bbox 3290 3677 3408 3747; x_wconf 90' lang='lat' dir='ltr'><strong>ipse</strong></span> <span class='ocrx_word' id='word_1_661' title='bbox 3470 3683 3576 3732; x_wconf 82' lang='lat' dir='ltr'><strong>est.</strong></span> 
     </span>
    </p>
   </div>
   <div class='ocr_carea' id='block_1_85' title="bbox 2010 3765 3577 3839">
    <p class='ocr_par' dir='ltr' id='par_1_85' title="bbox 2010 3765 3577 3839">
     <span class='ocr_line' id='line_1_85' title="bbox 2010 3765 3577 3839; baseline 0.001 -17"><span class='ocrx_word' id='word_1_662' title='bbox 2010 3765 2188 3822; x_wconf 89' lang='lat' dir='ltr'><strong>Geniti</strong></span> <span class='ocrx_word' id='word_1_663' title='bbox 2216 3775 2344 3824; x_wconf 87' lang='lat' dir='ltr'><strong>sunt</strong></span> <span class='ocrx_word' id='word_1_664' title='bbox 2370 3768 2438 3822; x_wconf 89' lang='lat' dir='ltr'><strong>ab</strong></span> <span class='ocrx_word' id='word_1_665' title='bbox 2460 3767 2722 3838; x_wconf 80' lang='lat' dir='ltr'><strong>ingenito,</strong></span> <span class='ocrx_word' id='word_1_666' title='bbox 2749 3784 2874 3822; x_wconf 90' lang='lat' dir='ltr'><strong>cum</strong></span> <span class='ocrx_word' id='word_1_667' title='bbox 2908 3769 3202 3839; x_wconf 89' lang='lat' dir='ltr'><strong>aliquando</strong></span> <span class='ocrx_word' id='word_1_668' title='bbox 3235 3785 3343 3825; x_wconf 90' lang='lat' dir='ltr'><strong>non</strong></span> <span class='ocrx_word' id='word_1_669' title='bbox 3366 3776 3577 3836; x_wconf 88' lang='lat' dir='ltr'><strong>essent,</strong></span> 
     </span>
    </p>
   </div>
   <div class='ocr_carea' id='block_1_86' title="bbox 2010 3859 3578 3930">
    <p class='ocr_par' dir='ltr' id='par_1_86' title="bbox 2010 3859 3578 3930">
     <span class='ocr_line' id='line_1_86' title="bbox 2010 3859 3578 3930; baseline 0.001 -17"><span class='ocrx_word' id='word_1_670' title='bbox 2010 3868 2199 3930; x_wconf 85' lang='lat' dir='ltr'><strong>postea</strong></span> <span class='ocrx_word' id='word_1_671' title='bbox 2225 3859 2352 3914; x_wconf 85' lang='lat' dir='ltr'><strong>facti</strong></span> <span class='ocrx_word' id='word_1_672' title='bbox 2380 3867 2546 3925; x_wconf 90' lang='lat' dir='ltr'><strong>sunt;</strong></span> <span class='ocrx_word' id='word_1_673' title='bbox 2588 3860 2683 3928; x_wconf 90' lang='lat' dir='ltr'><strong>qui</strong></span> <span class='ocrx_word' id='word_1_674' title='bbox 2728 3866 2785 3912; x_wconf 92' lang='lat' dir='ltr'><strong>ut</strong></span> <span class='ocrx_word' id='word_1_675' title='bbox 2812 3867 2997 3914; x_wconf 87' lang='lat' dir='ltr'><strong>essent</strong></span> <span class='ocrx_word' id='word_1_676' title='bbox 3027 3859 3268 3930; x_wconf 87' lang='lat' dir='ltr'><strong>quidem,</strong></span> <span class='ocrx_word' id='word_1_677' title='bbox 3297 3860 3365 3914; x_wconf 90' lang='lat' dir='ltr'><strong>ab</strong></span> <span class='ocrx_word' id='word_1_678' title='bbox 3392 3874 3458 3915; x_wconf 87' lang='lat' dir='ltr'><strong>eo</strong></span> <span class='ocrx_word' id='word_1_679' title='bbox 3480 3859 3578 3930; x_wconf 85' lang='lat' dir='ltr'><strong>qui</strong></span> 
     </span>
    </p>
   </div>
   <div class='ocr_carea' id='block_1_87' title="bbox 2011 3949 3578 4020">
    <p class='ocr_par' dir='ltr' id='par_1_87' title="bbox 2011 3949 3578 4020">
     <span class='ocr_line' id='line_1_87' title="bbox 2011 3949 3578 4020; baseline -0.002 -13"><span class='ocrx_word' id='word_1_680' title='bbox 2011 3951 2164 4016; x_wconf 79' lang='lat' dir='ltr'><strong>fecit,</strong></span> <span class='ocrx_word' id='word_1_681' title='bbox 2203 3958 2552 4020; x_wconf 89' lang='lat' dir='ltr'><strong>acceperunt,</strong></span> <span class='ocrx_word' id='word_1_682' title='bbox 2597 3966 2706 4005; x_wconf 89' lang='lat' dir='ltr'><strong>non</strong></span> <span class='ocrx_word' id='word_1_683' title='bbox 2747 3950 3070 4006; x_wconf 69' lang='lat' dir='ltr'><strong>substantiae</strong></span> <span class='ocrx_word' id='word_1_684' title='bbox 3125 3966 3192 4006; x_wconf 89' lang='lat' dir='ltr'><strong>ex</strong></span> <span class='ocrx_word' id='word_1_685' title='bbox 3232 3949 3578 4016; x_wconf 87' lang='lat' dir='ltr'><strong>substantia,</strong></span> 
     </span>
    </p>
   </div>
   <div class='ocr_carea' id='block_1_88' title="bbox 2010 4042 3578 4114">
    <p class='ocr_par' dir='ltr' id='par_1_88' title="bbox 2010 4042 3578 4114">
     <span class='ocr_line' id='line_1_88' title="bbox 2010 4042 3578 4114; baseline -0.001 -15"><span class='ocrx_word' id='word_1_686' title='bbox 2010 4043 2104 4099; x_wconf 86' lang='lat' dir='ltr'><strong>sed</strong></span> <span class='ocrx_word' id='word_1_687' title='bbox 2148 4043 2278 4097; x_wconf 79' lang='lat' dir='ltr'><strong>facti</strong></span> <span class='ocrx_word' id='word_1_688' title='bbox 2324 4043 2645 4114; x_wconf 88' lang='lat' dir='ltr'><strong>hypostases</strong></span> <span class='ocrx_word' id='word_1_689' title='bbox 2694 4042 2938 4098; x_wconf 90' lang='lat' dir='ltr'><strong>bonitate</strong></span> <span class='ocrx_word' id='word_1_690' title='bbox 2971 4044 3245 4107; x_wconf 89' lang='lat' dir='ltr'><strong>auctoris,</strong></span> <span class='ocrx_word' id='word_1_691' title='bbox 3305 4049 3468 4113; x_wconf 83' lang='lat' dir='ltr'><strong>atque</strong></span> <span class='ocrx_word' id='word_1_692' title='bbox 3499 4042 3578 4098; x_wconf 88' lang='lat' dir='ltr'><strong>ita</strong></span> 
     </span>
    </p>
   </div>
   <div class='ocr_carea' id='block_1_89' title="bbox 2013 4131 3579 4204">
    <p class='ocr_par' dir='ltr' id='par_1_89' title="bbox 2013 4131 3579 4204">
     <span class='ocr_line' id='line_1_89' title="bbox 2013 4131 3579 4204; baseline 0 -17"><span class='ocrx_word' id='word_1_693' title='bbox 2013 4134 2162 4197; x_wconf 81' lang='lat' dir='ltr'><strong>facti,</strong></span> <span class='ocrx_word' id='word_1_694' title='bbox 2196 4133 2282 4186; x_wconf 77' lang='grc' dir='ltr'><strong>ἵνα</strong></span> <span class='ocrx_word' id='word_1_695' title='bbox 2315 4132 2628 4203; x_wconf 86' lang='grc' dir='ltr'>προαιρέσει</span> <span class='ocrx_word' id='word_1_696' title='bbox 2652 4131 2750 4204; x_wconf 85' lang='grc' dir='ltr'>τὴν</span> <span class='ocrx_word' id='word_1_697' title='bbox 2788 4132 2959 4204; x_wconf 77' lang='grc' dir='ltr'>ἀρχὴν</span> <span class='ocrx_word' id='word_1_698' title='bbox 2990 4133 3173 4203; x_wconf 82' lang='grc' dir='ltr'>ἔχωσι,</span> <span class='ocrx_word' id='word_1_699' title='bbox 3215 4139 3273 4186; x_wconf 80' lang='lat' dir='ltr'><strong>ut</strong></span> <span class='ocrx_word' id='word_1_700' title='bbox 3297 4132 3579 4187; x_wconf 83' lang='lat' dir='ltr'><strong>voluntate</strong></span> 
     </span>
    </p>
   </div>
   <div class='ocr_carea' id='block_1_90' title="bbox 2011 4221 3579 4294">
    <p class='ocr_par' dir='ltr' id='par_1_90' title="bbox 2011 4221 3579 4294">
     <span class='ocr_line' id='line_1_90' title="bbox 2011 4221 3579 4294; baseline -0.003 -15"><span class='ocrx_word' id='word_1_701' title='bbox 2011 4224 2245 4279; x_wconf 87' lang='lat' dir='ltr'><strong>habeant</strong></span> <span class='ocrx_word' id='word_1_702' title='bbox 2261 4224 2645 4294; x_wconf 87' lang='lat' dir='ltr'><strong>principatum.</strong></span> <span class='ocrx_word' id='word_1_703' title='bbox 2663 4223 2752 4276; x_wconf 86' lang='lat' dir='ltr'><strong>Ait</strong></span> <span class='ocrx_word' id='word_1_704' title='bbox 2768 4223 2930 4293; x_wconf 81' lang='lat' dir='ltr'><strong>igitur</strong></span> <span class='ocrx_word' id='word_1_705' title='bbox 2944 4222 3193 4277; x_wconf 84' lang='lat' dir='ltr'><strong>Salvator</strong></span> <span class='ocrx_word' id='word_1_706' title='bbox 3216 4242 3229 4278; x_wconf 90' lang='lat'><strong>:</strong></span> <span class='ocrx_word' id='word_1_707' title='bbox 3260 4221 3447 4294; x_wconf 78' lang='lat' dir='ltr'><strong>Siquis</strong></span> <span class='ocrx_word' id='word_1_708' title='bbox 3469 4221 3579 4276; x_wconf 79' lang='lat' dir='ltr'><strong>vult</strong></span> 
     </span>
    </p>
   </div>
   <div class='ocr_carea' id='block_1_91' title="bbox 2009 4311 3579 4385">
    <p class='ocr_par' dir='ltr' id='par_1_91' title="bbox 2009 4311 3579 4385">
     <span class='ocr_line' id='line_1_91' title="bbox 2009 4311 3579 4385; baseline -0.002 -15"><span class='ocrx_word' id='word_1_709' title='bbox 2009 4318 2180 4370; x_wconf 82' lang='lat' dir='ltr'><strong>venire</strong></span> <span class='ocrx_word' id='word_1_710' title='bbox 2204 4326 2322 4385; x_wconf 83' lang='lat' dir='ltr'><strong>post</strong></span> <span class='ocrx_word' id='word_1_711' title='bbox 2343 4332 2421 4369; x_wconf 86' lang='lat' dir='ltr'><strong>me</strong></span> <span class='ocrx_word' id='word_1_712' title='bbox 2454 4314 2504 4382; x_wconf 87' lang='grc'><strong>³;</strong></span> <span class='ocrx_word' id='word_1_713' title='bbox 2537 4311 2597 4368; x_wconf 85' lang='lat' dir='ltr'><strong>Si</strong></span> <span class='ocrx_word' id='word_1_714' title='bbox 2629 4316 2702 4368; x_wconf 83' lang='lat' dir='ltr'><strong>vis</strong></span> <span class='ocrx_word' id='word_1_715' title='bbox 2723 4314 2982 4384; x_wconf 80' lang='lat' dir='ltr'><strong>perfectus</strong></span> <span class='ocrx_word' id='word_1_716' title='bbox 3016 4331 3125 4369; x_wconf 77' lang='lat' dir='ltr'><strong>esse</strong></span> <span class='ocrx_word' id='word_1_717' title='bbox 3148 4314 3202 4382; x_wconf 66' lang='lat'><strong>‘;</strong></span> <span class='ocrx_word' id='word_1_718' title='bbox 3234 4313 3294 4369; x_wconf 85' lang='lat' dir='ltr'><strong>Si</strong></span> <span class='ocrx_word' id='word_1_719' title='bbox 3316 4316 3390 4368; x_wconf 77' lang='lat' dir='ltr'><strong>vis</strong></span> <span class='ocrx_word' id='word_1_720' title='bbox 3414 4331 3579 4369; x_wconf 79' lang='lat' dir='ltr'><strong>sanus</strong></span> 
     </span>
    </p>
   </div>
   <div class='ocr_carea' id='block_1_92' title="bbox 2011 4404 3577 4479">
    <p class='ocr_par' dir='ltr' id='par_1_92' title="bbox 2011 4404 3577 4479">
     <span class='ocr_line' id='line_1_92' title="bbox 2011 4404 3577 4479; baseline -0.002 -17"><span class='ocrx_word' id='word_1_721' title='bbox 2011 4410 2129 4479; x_wconf 82' lang='lat' dir='ltr'><strong>ﬁeri</strong></span> <span class='ocrx_word' id='word_1_722' title='bbox 2165 4409 2208 4463; x_wconf 81' lang='grc'><strong>⁸.</strong></span> <span class='ocrx_word' id='word_1_723' title='bbox 2249 4407 2305 4463; x_wconf 91' lang='lat' dir='ltr'><strong>Si</strong></span> <span class='ocrx_word' id='word_1_724' title='bbox 2338 4409 2385 4465; x_wconf 89' lang='lat' dir='ltr'><strong>is</strong></span> <span class='ocrx_word' id='word_1_725' title='bbox 2408 4408 2499 4478; x_wconf 87' lang='lat' dir='ltr'><strong>qui</strong></span> <span class='ocrx_word' id='word_1_726' title='bbox 2531 4407 2675 4474; x_wconf 80' lang='lat' dir='ltr'><strong>fecit,</strong></span> <span class='ocrx_word' id='word_1_727' title='bbox 2717 4408 2799 4461; x_wconf 89' lang='lat' dir='ltr'><strong>sic</strong></span> <span class='ocrx_word' id='word_1_728' title='bbox 2830 4408 3088 4478; x_wconf 91' lang='lat' dir='ltr'><strong>loquitur,</strong></span> <span class='ocrx_word' id='word_1_729' title='bbox 3129 4422 3225 4477; x_wconf 89' lang='lat' dir='ltr'><strong>per</strong></span> <span class='ocrx_word' id='word_1_730' title='bbox 3269 4421 3429 4477; x_wconf 89' lang='lat' dir='ltr'><strong>quem</strong></span> <span class='ocrx_word' id='word_1_731' title='bbox 3472 4404 3577 4460; x_wconf 86' lang='lat' dir='ltr'><strong>Pa-</strong></span> 
     </span>
    </p>
   </div>
   <div class='ocr_carea' id='block_1_93' title="bbox 2013 4496 3579 4570">
    <p class='ocr_par' dir='ltr' id='par_1_93' title="bbox 2013 4496 3579 4570">
     <span class='ocr_line' id='line_1_93' title="bbox 2013 4496 3579 4570; baseline -0.003 -13"><span class='ocrx_word' id='word_1_732' title='bbox 2013 4511 2096 4557; x_wconf 91' lang='lat' dir='ltr'><strong>ter</strong></span> <span class='ocrx_word' id='word_1_733' title='bbox 2115 4503 2298 4556; x_wconf 89' lang='lat' dir='ltr'><strong>omnia</strong></span> <span class='ocrx_word' id='word_1_734' title='bbox 2329 4501 2629 4558; x_wconf 79' lang='lat' dir='ltr'><strong>fabricatus</strong></span> <span class='ocrx_word' id='word_1_735' title='bbox 2673 4510 2777 4565; x_wconf 88' lang='lat' dir='ltr'><strong>est,</strong></span> <span class='ocrx_word' id='word_1_736' title='bbox 2809 4500 3050 4570; x_wconf 80' lang='lat' dir='ltr'><strong>intelligo</strong></span> <span class='ocrx_word' id='word_1_737' title='bbox 3081 4514 3244 4554; x_wconf 83' lang='lat' dir='ltr'><strong>voces</strong></span> <span class='ocrx_word' id='word_1_738' title='bbox 3289 4496 3531 4553; x_wconf 82' lang='lat' dir='ltr'><strong>auctoris</strong></span> <span class='ocrx_word' id='word_1_739' title='bbox 3556 4516 3579 4553; x_wconf 86' lang='lat'><strong>:.</strong></span> 
     </span>
    </p>
   </div>
   <div class='ocr_carea' id='block_1_94' title="bbox 2011 4588 3572 4663">
    <p class='ocr_par' dir='ltr' id='par_1_94' title="bbox 2011 4588 3572 4663">
     <span class='ocr_line' id='line_1_94' title="bbox 2011 4588 3572 4663; baseline -0.003 -17"><span class='ocrx_word' id='word_1_740' title='bbox 2011 4592 2066 4646; x_wconf 90' lang='lat' dir='ltr'><strong>in</strong></span> <span class='ocrx_word' id='word_1_741' title='bbox 2099 4592 2378 4645; x_wconf 86' lang='lat' dir='ltr'><strong>voluntate</strong></span> <span class='ocrx_word' id='word_1_742' title='bbox 2407 4593 2590 4662; x_wconf 88' lang='lat' dir='ltr'><strong>posuit</strong></span> <span class='ocrx_word' id='word_1_743' title='bbox 2608 4592 2789 4663; x_wconf 74' lang='lat' dir='ltr'><strong>leges;</strong></span> <span class='ocrx_word' id='word_1_744' title='bbox 2824 4591 2879 4644; x_wconf 87' lang='lat' dir='ltr'><strong>in</strong></span> <span class='ocrx_word' id='word_1_745' title='bbox 2913 4589 3192 4644; x_wconf 85' lang='lat' dir='ltr'><strong>voluntate</strong></span> <span class='ocrx_word' id='word_1_746' title='bbox 3217 4588 3457 4658; x_wconf 78' lang='lat' dir='ltr'><strong>legitima</strong></span> <span class='ocrx_word' id='word_1_747' title='bbox 3487 4602 3572 4641; x_wconf 84' lang='lat' dir='ltr'><strong>re—</strong></span> 
     </span>
    </p>
   </div>
   <div class='ocr_carea' id='block_1_95' title="bbox 2012 4678 3571 4753">
    <p class='ocr_par' dir='ltr' id='par_1_95' title="bbox 2012 4678 3571 4753">
     <span class='ocr_line' id='line_1_95' title="bbox 2012 4678 3571 4753; baseline -0.001 -16"><span class='ocrx_word' id='word_1_748' title='bbox 2012 4682 2236 4751; x_wconf 89' lang='lat' dir='ltr'><strong>condit;</strong></span> <span class='ocrx_word' id='word_1_749' title='bbox 2276 4683 2608 4738; x_wconf 84' lang='lat' dir='ltr'><strong>voluntatem</strong></span> <span class='ocrx_word' id='word_1_750' title='bbox 2640 4682 2914 4753; x_wconf 80' lang='lat' dir='ltr'><strong>agentium</strong></span> <span class='ocrx_word' id='word_1_751' title='bbox 2964 4680 3068 4736; x_wconf 89' lang='lat' dir='ltr'><strong>scit</strong></span> <span class='ocrx_word' id='word_1_752' title='bbox 3091 4678 3366 4734; x_wconf 84' lang='lat' dir='ltr'><strong>dominam</strong></span> <span class='ocrx_word' id='word_1_753' title='bbox 3398 4679 3571 4735; x_wconf 82' lang='lat' dir='ltr'><strong>aetio-</strong></span> 
     </span>
    </p>
   </div>
   <div class='ocr_carea' id='block_1_96' title="bbox 2014 4789 2317 4828">
    <p class='ocr_par' dir='ltr' id='par_1_96' title="bbox 2014 4789 2317 4828">
     <span class='ocr_line' id='line_1_96' title="bbox 2014 4789 2317 4828; baseline 0 -1"><span class='ocrx_word' id='word_1_754' title='bbox 2014 4790 2140 4827; x_wconf 89' lang='lat' dir='ltr'><strong>num</strong></span> <span class='ocrx_word' id='word_1_755' title='bbox 2175 4789 2317 4828; x_wconf 84' lang='lat' dir='ltr'><strong>esse.</strong></span> 
     </span>
    </p>
   </div>
   <div class='ocr_carea' id='block_1_97' title="bbox 319 4879 3585 5010">
    <p class='ocr_par' dir='ltr' id='par_1_97' title="bbox 319 4879 3585 5010">
     <span class='ocr_line' id='line_1_97' title="bbox 319 4879 3585 5010; baseline -0.003 -66"><span class='ocrx_word' id='word_1_756' title='bbox 319 4887 467 4944; x_wconf 63' lang='lat' dir='ltr'><strong>Cap.</strong></span> <span class='ocrx_word' id='word_1_757' title='bbox 519 4884 759 4942; x_wconf 73' lang='lat' dir='ltr'><strong>XXXIV.</strong></span> <span class='ocrx_word' id='word_1_758' title='bbox 799 4883 936 4941; x_wconf 77' lang='lat' dir='ltr'><strong>Mali</strong></span> <span class='ocrx_word' id='word_1_759' title='bbox 978 4885 1185 4957; x_wconf 80' lang='lat' dir='ltr'><strong>aliquas</strong></span> <span class='ocrx_word' id='word_1_760' title='bbox 1231 4886 1448 4940; x_wconf 79' lang='lat' dir='ltr'><strong>virtutes</strong></span> <span class='ocrx_word' id='word_1_761' title='bbox 1491 4884 1702 4941; x_wconf 83' lang='lat' dir='ltr'><strong>habent.</strong></span> <span class='ocrx_word' id='word_1_762' title='bbox 1748 4886 1984 5010; x_wconf 54' lang='grc' dir='ltr'><strong>ΡΙιαὶἱιο.</strong></span> <span class='ocrx_word' id='word_1_763' title='bbox 2032 4885 2545 4940; x_wconf 81' lang='lat' dir='ltr'><strong>Nabuchodonosor.</strong></span> <span class='ocrx_word' id='word_1_764' title='bbox 2600 4881 2908 4954; x_wconf 80' lang='lat' dir='ltr'><strong>Nequitiam</strong></span> <span class='ocrx_word' id='word_1_765' title='bbox 2953 4881 3126 4935; x_wconf 80' lang='lat' dir='ltr'><strong>lumen</strong></span> <span class='ocrx_word' id='word_1_766' title='bbox 3169 4882 3409 4951; x_wconf 76' lang='lat' dir='ltr'><strong>rapuisse</strong></span> <span class='ocrx_word' id='word_1_767' title='bbox 3429 4879 3585 4937; x_wconf 70' lang='lat' dir='ltr'><strong>deut:</strong></span> 
     </span>
     <span class='ocr_line' id='line_1_98' title="bbox 1924 4975 2060 5010; baseline 0 0"><span class='ocrx_word' id='word_1_768' title='bbox 1924 4975 2060 5010; x_wconf 80' lang='lat' dir='ltr'><strong>anes.</strong></span> 
     </span>
    </p>
   </div>
   <div class='ocr_carea' id='block_1_98' title="bbox 1924 4975 2060 5011">
    <p class='ocr_par' dir='ltr' id='par_1_98' title="bbox 1924 4975 2060 5011">
     <span class='ocr_line' id='line_1_99' title="bbox 1924 4975 2060 5011; baseline 0 -1"><span class='ocrx_word' id='word_1_769' title='bbox 1924 4975 2060 5011; x_wconf 79' lang='lat' dir='ltr'><strong>anes.</strong></span> 
     </span>
    </p>
   </div>
   <div class='ocr_carea' id='block_1_99' title="bbox 422 5073 1891 5149">
    <p class='ocr_par' dir='ltr' id='par_1_99' title="bbox 422 5073 1891 5149">
     <span class='ocr_line' id='line_1_100' title="bbox 422 5073 1891 5149; baseline 0.004 -24"><span class='ocrx_word' id='word_1_770' title='bbox 422 5073 635 5143; x_wconf 81' lang='grc' dir='ltr'>Ἀμέλει</span> <span class='ocrx_word' id='word_1_771' title='bbox 677 5075 851 5146; x_wconf 88' lang='grc' dir='ltr'>τιμῶν</span> <span class='ocrx_word' id='word_1_772' title='bbox 879 5074 977 5147; x_wconf 83' lang='grc' dir='ltr'>τὴν</span> <span class='ocrx_word' id='word_1_773' title='bbox 1021 5075 1129 5130; x_wconf 88' lang='grc' dir='ltr'><strong>τῶν</strong></span> <span class='ocrx_word' id='word_1_774' title='bbox 1155 5076 1266 5148; x_wconf 80' lang='grc'><strong>(19)</strong></span> <span class='ocrx_word' id='word_1_775' title='bbox 1312 5076 1561 5149; x_wconf 81' lang='grc' dir='ltr'>πράξεων</span> <span class='ocrx_word' id='word_1_776' title='bbox 1598 5079 1891 5145; x_wconf 81' lang='grc' dir='ltr'>κοινωνίαν,</span> 
     </span>
    </p>
   </div>
   <div class='ocr_carea' id='block_1_100' title="bbox 335 5165 1907 5241">
    <p class='ocr_par' dir='ltr' id='par_1_100' title="bbox 335 5165 1907 5241">
     <span class='ocr_line' id='line_1_101' title="bbox 335 5165 1907 5241; baseline 0.004 -22"><span class='ocrx_word' id='word_1_777' title='bbox 335 5165 638 5236; x_wconf 82' lang='grc' dir='ltr'>ἀνήρτησεν</span> <span class='ocrx_word' id='word_1_778' title='bbox 678 5167 737 5218; x_wconf 82' lang='grc' dir='ltr'>ὲν</span> <span class='ocrx_word' id='word_1_779' title='bbox 766 5170 832 5240; x_wconf 78' lang='grc' dir='ltr'><strong>τῇ</strong></span> <span class='ocrx_word' id='word_1_780' title='bbox 868 5167 1082 5241; x_wconf 85' lang='grc' dir='ltr'>θελήσει</span> <span class='ocrx_word' id='word_1_781' title='bbox 1109 5172 1137 5224; x_wconf 88' lang='grc' dir='ltr'><strong>ό</strong></span> <span class='ocrx_word' id='word_1_782' title='bbox 1167 5170 1350 5240; x_wconf 89' lang='grc' dir='ltr'>λόγος·</span> <span class='ocrx_word' id='word_1_783' title='bbox 1394 5170 1535 5227; x_wconf 81' lang='grc' dir='ltr'><strong>Ἐὰν</strong></span> <span class='ocrx_word' id='word_1_784' title='bbox 1561 5171 1772 5240; x_wconf 78' lang='grc' dir='ltr'>θέλητε</span> <span class='ocrx_word' id='word_1_785' title='bbox 1806 5171 1907 5226; x_wconf 78' lang='grc' dir='ltr'><strong>καί</strong></span> 
     </span>
    </p>
   </div>
   <div class='ocr_carea' id='block_1_101' title="bbox 408 5318 1488 5398">
    <p class='ocr_par' dir='ltr' id='par_1_101' title="bbox 408 5318 1488 5398">
     <span class='ocr_line' id='line_1_102' title="bbox 408 5318 1488 5398; baseline 0.008 -23"><span class='ocrx_word' id='word_1_786' title='bbox 408 5320 431 5353; x_wconf 89' lang='grc'><em>³</em></span> <span class='ocrx_word' id='word_1_787' title='bbox 452 5318 644 5377; x_wconf 71' lang='lat' dir='ltr'><strong>Matth.</strong></span> <span class='ocrx_word' id='word_1_788' title='bbox 674 5341 783 5390; x_wconf 76' lang='lat' dir='ltr'><strong>xw,</strong></span> <span class='ocrx_word' id='word_1_789' title='bbox 812 5325 904 5382; x_wconf 72' lang='grc'><strong>24.</strong></span> <span class='ocrx_word' id='word_1_790' title='bbox 978 5326 1001 5359; x_wconf 74' lang='grc'><strong>⁸</strong></span> <span class='ocrx_word' id='word_1_791' title='bbox 1031 5326 1217 5383; x_wconf 82' lang='lat' dir='ltr'><strong>Matth.</strong></span> <span class='ocrx_word' id='word_1_792' title='bbox 1255 5346 1369 5398; x_wconf 63' lang='grc' dir='ltr'>χιχ,</span> <span class='ocrx_word' id='word_1_793' title='bbox 1399 5330 1488 5384; x_wconf 74' lang='grc'><strong>21.</strong></span> 
     </span>
    </p>
   </div>
   <div class='ocr_carea' id='block_1_102' title="bbox 339 5546 1909 5619">
    <p class='ocr_par' dir='ltr' id='par_1_102' title="bbox 339 5546 1909 5619">
     <span class='ocr_line' id='line_1_103' title="bbox 339 5546 1909 5619; baseline 0.003 -18"><span class='ocrx_word' id='word_1_794' title='bbox 339 5548 473 5619; x_wconf 84' lang='lat' dir='ltr'><strong>loco,</strong></span> <span class='ocrx_word' id='word_1_795' title='bbox 502 5563 624 5617; x_wconf 72' lang='lat' dir='ltr'><strong>qua:</strong></span> <span class='ocrx_word' id='word_1_796' title='bbox 647 5546 714 5602; x_wconf 88' lang='lat' dir='ltr'><strong>ad</strong></span> <span class='ocrx_word' id='word_1_797' title='bbox 741 5550 1174 5605; x_wconf 82' lang='lat' dir='ltr'><strong>confutationem</strong></span> <span class='ocrx_word' id='word_1_798' title='bbox 1199 5565 1386 5606; x_wconf 86' lang='lat' dir='ltr'><strong>eorum</strong></span> <span class='ocrx_word' id='word_1_799' title='bbox 1418 5566 1539 5619; x_wconf 68' lang='lat' dir='ltr'><strong>qum</strong></span> <span class='ocrx_word' id='word_1_800' title='bbox 1561 5550 1805 5619; x_wconf 82' lang='lat' dir='ltr'><strong>proxime</strong></span> <span class='ocrx_word' id='word_1_801' title='bbox 1831 5565 1909 5606; x_wconf 80' lang='lat' dir='ltr'><strong>ex.</strong></span> 
     </span>
    </p>
   </div>
   <div class='ocr_carea' id='block_1_103' title="bbox 326 5566 1895 5693">
    <p class='ocr_par' dir='ltr' id='par_1_103' title="bbox 326 5566 1895 5693">
     <span class='ocr_line' id='line_1_104' title="bbox 339 5566 1895 5619; baseline 0.001 -18"><span class='ocrx_word' id='word_1_802' title='bbox 339 5566 473 5609; x_wconf 81' lang='lat' dir='ltr'><strong>IOCO,</strong></span> <span class='ocrx_word' id='word_1_803' title='bbox 502 5566 624 5617; x_wconf 74' lang='lat' dir='ltr'><strong>qua:</strong></span> <span class='ocrx_word' id='word_1_804' title='bbox 647 5566 714 5602; x_wconf 88' lang='lat' dir='ltr'><strong>aa</strong></span> <span class='ocrx_word' id='word_1_805' title='bbox 741 5566 1174 5605; x_wconf 81' lang='lat' dir='ltr'><strong>comutauonem</strong></span> <span class='ocrx_word' id='word_1_806' title='bbox 1199 5566 1386 5606; x_wconf 84' lang='lat' dir='ltr'><strong>eorum</strong></span> <span class='ocrx_word' id='word_1_807' title='bbox 1459 5566 1539 5604; x_wconf 68' lang='lat' dir='ltr'><strong>um</strong></span> <span class='ocrx_word' id='word_1_808' title='bbox 1561 5566 1805 5619; x_wconf 77' lang='lat' dir='ltr'><strong>proxime</strong></span> <span class='ocrx_word' id='word_1_809' title='bbox 1831 5566 1895 5603; x_wconf 81' lang='lat' dir='ltr'><strong>ex</strong></span> 
     </span>
     <span class='ocr_line' id='line_1_105' title="bbox 326 5566 1895 5693; baseline 0.002 -21"><span class='ocrx_word' id='word_1_810' title='bbox 326 5618 615 5693; x_wconf 61' lang='lat' dir='ltr'><strong>Manichzei</strong></span> <span class='ocrx_word' id='word_1_811' title='bbox 665 5620 806 5693; x_wconf 85' lang='lat' dir='ltr'><strong>libro</strong></span> <span class='ocrx_word' id='word_1_812' title='bbox 840 5622 1185 5686; x_wconf 87' lang='lat' dir='ltr'><strong>recitaverat,</strong></span> <span class='ocrx_word' id='word_1_813' title='bbox 1221 5566 1612 5693; x_wconf 52' lang='lat' dir='ltr'><strong>pertinebant;</strong></span> <span class='ocrx_word' id='word_1_814' title='bbox 1663 5636 1895 5693; x_wconf 83' lang='lat' dir='ltr'><strong>quorum</strong></span> 
     </span>
    </p>
   </div>
   <div class='ocr_carea' id='block_1_104' title="bbox 340 5689 1507 5748">
    <p class='ocr_par' dir='ltr' id='par_1_104' title="bbox 340 5689 1507 5748">
     <span class='ocr_line' id='line_1_106' title="bbox 340 5689 1507 5748; baseline 0.003 -5"><span class='ocrx_word' id='word_1_815' title='bbox 340 5689 635 5745; x_wconf 78' lang='lat' dir='ltr'><strong>confutatio</strong></span> <span class='ocrx_word' id='word_1_816' title='bbox 660 5692 852 5745; x_wconf 91' lang='lat' dir='ltr'><strong>ordine</strong></span> <span class='ocrx_word' id='word_1_817' title='bbox 887 5700 1143 5746; x_wconf 86' lang='lat' dir='ltr'><strong>secutura</strong></span> <span class='ocrx_word' id='word_1_818' title='bbox 1164 5689 1301 5748; x_wconf 73' lang='lat' dir='ltr'><strong>erat.</strong></span> <span class='ocrx_word' id='word_1_819' title='bbox 1332 5691 1507 5747; x_wconf 77' lang='lat' dir='ltr'><strong>Tuan.</strong></span> 
     </span>
    </p>
   </div>
   <div class='ocr_carea' id='block_1_105' title="bbox 405 5760 1893 5834">
    <p class='ocr_par' dir='ltr' id='par_1_105' title="bbox 405 5760 1893 5834">
     <span class='ocr_line' id='line_1_107' title="bbox 405 5760 1893 5834; baseline 0.004 -21"><span class='ocrx_word' id='word_1_820' title='bbox 405 5760 511 5832; x_wconf 85' lang='lat' dir='ltr'><strong>(l8)</strong></span> <span class='ocrx_word' id='word_1_821' title='bbox 544 5761 660 5831; x_wconf 77' lang='grc' dir='ltr'><strong>Τὴν</strong></span> <span class='ocrx_word' id='word_1_822' title='bbox 686 5760 885 5831; x_wconf 81' lang='grc' dir='ltr'><strong>ἀρχὴν</strong></span> <span class='ocrx_word' id='word_1_823' title='bbox 916 5761 1009 5833; x_wconf 77' lang='grc' dir='ltr'><strong>ἐχ.</strong></span> <span class='ocrx_word' id='word_1_824' title='bbox 1033 5761 1289 5833; x_wconf 79' lang='grc' dir='ltr'>ΙηΕρίει.</span> <span class='ocrx_word' id='word_1_825' title='bbox 1318 5762 1470 5819; x_wconf 67' lang='grc' dir='ltr'>,Ιιιιιεε</span> <span class='ocrx_word' id='word_1_826' title='bbox 1503 5764 1536 5833; x_wconf 60' lang='grc' dir='ltr'><em>ᾖ</em></span> <span class='ocrx_word' id='word_1_827' title='bbox 1565 5762 1621 5831; x_wconf 84' lang='grc'>6,</span> <span class='ocrx_word' id='word_1_828' title='bbox 1669 5762 1893 5834; x_wconf 78' lang='lat' dir='ltr'><strong>Angelos</strong></span> 
     </span>
    </p>
   </div>
   <div class='ocr_carea' id='block_1_106' title="bbox 1566 5330 1942 5397">
    <p class='ocr_par' dir='ltr' id='par_1_106' title="bbox 1566 5330 1942 5397">
     <span class='ocr_line' id='line_1_108' title="bbox 1566 5330 1942 5397; baseline 0.005 -13"><span class='ocrx_word' id='word_1_829' title='bbox 1566 5331 1586 5363; x_wconf 87' lang='grc'>⁸</span> <span class='ocrx_word' id='word_1_830' title='bbox 1618 5330 1776 5386; x_wconf 84' lang='lat' dir='ltr'><strong>Joan.</strong></span> <span class='ocrx_word' id='word_1_831' title='bbox 1810 5347 1862 5397; x_wconf 73' lang='grc' dir='ltr'><strong>ν,</strong></span> <span class='ocrx_word' id='word_1_832' title='bbox 1888 5332 1942 5386; x_wconf 88' lang='grc'><strong>6.</strong></span> 
     </span>
    </p>
   </div>
   <div class='ocr_carea' id='block_1_107' title="bbox 2083 5071 3581 5147">
    <p class='ocr_par' dir='ltr' id='par_1_107' title="bbox 2083 5071 3581 5147">
     <span class='ocr_line' id='line_1_109' title="bbox 2083 5071 3581 5147; baseline -0.005 -15"><span class='ocrx_word' id='word_1_833' title='bbox 2083 5075 2227 5132; x_wconf 91' lang='lat' dir='ltr'><strong>Sane</strong></span> <span class='ocrx_word' id='word_1_834' title='bbox 2260 5075 2475 5147; x_wconf 91' lang='lat' dir='ltr'><strong>quidem</strong></span> <span class='ocrx_word' id='word_1_835' title='bbox 2511 5083 2573 5130; x_wconf 91' lang='lat' dir='ltr'><strong>ut</strong></span> <span class='ocrx_word' id='word_1_836' title='bbox 2608 5090 2708 5130; x_wconf 92' lang='lat' dir='ltr'><strong>nos</strong></span> <span class='ocrx_word' id='word_1_837' title='bbox 2736 5074 3030 5131; x_wconf 88' lang='lat' dir='ltr'><strong>honoraret</strong></span> <span class='ocrx_word' id='word_1_838' title='bbox 3050 5117 3066 5141; x_wconf 93' lang='lat'><strong>,</strong></span> <span class='ocrx_word' id='word_1_839' title='bbox 3116 5074 3285 5129; x_wconf 88' lang='lat' dir='ltr'><strong>voluit</strong></span> <span class='ocrx_word' id='word_1_840' title='bbox 3315 5071 3581 5134; x_wconf 71' lang='lat' dir='ltr'><strong>Verbum,</strong></span> 
     </span>
    </p>
   </div>
   <div class='ocr_carea' id='block_1_108' title="bbox 2010 5163 3582 5236">
    <p class='ocr_par' dir='ltr' id='par_1_108' title="bbox 2010 5163 3582 5236">
     <span class='ocr_line' id='line_1_110' title="bbox 2010 5163 3582 5236; baseline -0.004 -11"><span class='ocrx_word' id='word_1_841' title='bbox 2010 5181 2070 5225; x_wconf 88' lang='lat' dir='ltr'><strong>ut</strong></span> <span class='ocrx_word' id='word_1_842' title='bbox 2108 5172 2471 5226; x_wconf 87' lang='lat' dir='ltr'><strong>communitas</strong></span> <span class='ocrx_word' id='word_1_843' title='bbox 2524 5170 2801 5224; x_wconf 88' lang='lat' dir='ltr'><strong>actionum</strong></span> <span class='ocrx_word' id='word_1_844' title='bbox 2846 5169 2903 5224; x_wconf 91' lang='lat' dir='ltr'><strong>in</strong></span> <span class='ocrx_word' id='word_1_845' title='bbox 2956 5170 3236 5224; x_wconf 90' lang='lat' dir='ltr'><strong>voluntate</strong></span> <span class='ocrx_word' id='word_1_846' title='bbox 3292 5163 3582 5236; x_wconf 71' lang='lat' dir='ltr'><strong>penderet.</strong></span> 
     </span>
    </p>
   </div>
   <div class='ocr_carea' id='block_1_109' title="bbox 2004 5536 3533 5621">
    <p class='ocr_par' dir='ltr' id='par_1_109' title="bbox 2004 5536 3533 5621">
     <span class='ocr_line' id='line_1_111' title="bbox 2004 5536 3533 5621; baseline -0.007 -13"><span class='ocrx_word' id='word_1_847' title='bbox 2004 5569 2122 5608; x_wconf 75' lang='lat' dir='ltr'><strong>vero</strong></span> <span class='ocrx_word' id='word_1_848' title='bbox 2141 5553 2230 5621; x_wconf 81' lang='lat' dir='ltr'><strong>qui</strong></span> <span class='ocrx_word' id='word_1_849' title='bbox 2252 5568 2353 5605; x_wconf 84' lang='lat' dir='ltr'><strong>non</strong></span> <span class='ocrx_word' id='word_1_850' title='bbox 2374 5557 2709 5608; x_wconf 71' lang='lat' dir='ltr'><strong>servaverunt</strong></span> <span class='ocrx_word' id='word_1_851' title='bbox 2729 5565 2886 5605; x_wconf 80' lang='lat' dir='ltr'><strong>suum</strong></span> <span class='ocrx_word' id='word_1_852' title='bbox 2920 5546 3292 5621; x_wconf 75' lang='lat' dir='ltr'><strong>principatum.</strong></span> <span class='ocrx_word' id='word_1_853' title='bbox 3318 5544 3425 5596; x_wconf 89' lang='lat' dir='ltr'><strong>etc.</strong></span> <span class='ocrx_word' id='word_1_854' title='bbox 3453 5536 3533 5598; x_wconf 74' lang='lat' dir='ltr'><strong>in.</strong></span> 
     </span>
    </p>
   </div>
   <div class='ocr_carea' id='block_1_110' title="bbox 1982 5619 3582 5693">
    <p class='ocr_par' dir='ltr' id='par_1_110' title="bbox 1982 5619 3582 5693">
     <span class='ocr_line' id='line_1_112' title="bbox 1982 5619 3582 5693; baseline -0.011 -10"><span class='ocrx_word' id='word_1_855' title='bbox 1982 5680 1983 5683; x_wconf 44' lang='grc' dir='ltr'><strong>η</strong></span> <span class='ocrx_word' id='word_1_856' title='bbox 2075 5619 2489 5693; x_wconf 74' lang='grc' dir='ltr'><strong>(19)]7ράξεων</strong></span> <span class='ocrx_word' id='word_1_857' title='bbox 2512 5641 2664 5678; x_wconf 77' lang='grc' dir='ltr'>κοιν.</span> <span class='ocrx_word' id='word_1_858' title='bbox 2691 5621 2950 5693; x_wconf 75' lang='lat' dir='ltr'><strong>Actiones</strong></span> <span class='ocrx_word' id='word_1_859' title='bbox 2973 5619 3146 5680; x_wconf 83' lang='lat' dir='ltr'><strong>bonae,</strong></span> <span class='ocrx_word' id='word_1_860' title='bbox 3170 5626 3400 5685; x_wconf 86' lang='lat' dir='ltr'><strong>quarum</strong></span> <span class='ocrx_word' id='word_1_861' title='bbox 3427 5624 3582 5693; x_wconf 47' lang='lat' dir='ltr'><strong>com:—</strong></span> 
     </span>
    </p>
   </div>
   <div class='ocr_carea' id='block_1_111' title="bbox 2001 5688 3581 5762">
    <p class='ocr_par' dir='ltr' id='par_1_111' title="bbox 2001 5688 3581 5762">
     <span class='ocr_line' id='line_1_113' title="bbox 2001 5688 3581 5762; baseline -0.008 -15"><span class='ocrx_word' id='word_1_862' title='bbox 2001 5688 2271 5748; x_wconf 76' lang='lat' dir='ltr'><strong>munitate</strong></span> <span class='ocrx_word' id='word_1_863' title='bbox 2305 5711 2428 5748; x_wconf 86' lang='lat' dir='ltr'><strong>cum</strong></span> <span class='ocrx_word' id='word_1_864' title='bbox 2482 5693 2596 5752; x_wconf 88' lang='lat' dir='ltr'><strong>Deo</strong></span> <span class='ocrx_word' id='word_1_865' title='bbox 2641 5689 3173 5762; x_wconf 88' lang='lat' dir='ltr'><strong>conjuncti&#39;sumus,</strong></span> <span class='ocrx_word' id='word_1_866' title='bbox 3226 5696 3416 5739; x_wconf 88' lang='lat' dir='ltr'><strong>omnes</strong></span> <span class='ocrx_word' id='word_1_867' title='bbox 3447 5688 3581 5738; x_wconf 74' lang='lat' dir='ltr'><strong>sunt</strong></span> 
     </span>
    </p>
   </div>
   <div class='ocr_carea' id='block_1_112' title="bbox 2000 5764 2444 5822">
    <p class='ocr_par' dir='ltr' id='par_1_112' title="bbox 2000 5764 2444 5822">
     <span class='ocr_line' id='line_1_114' title="bbox 2000 5764 2444 5822; baseline -0.005 -1"><span class='ocrx_word' id='word_1_868' title='bbox 2000 5764 2340 5822; x_wconf 71' lang='lat' dir='ltr'><strong>voluntariae.</strong></span> <span class='ocrx_word' id='word_1_869' title='bbox 2371 5764 2444 5819; x_wconf 86' lang='lat' dir='ltr'><strong>lo.</strong></span> 
     </span>
    </p>
   </div>
  </div>
