4064 6290
564 336 704 392 H25

1686 333 1824 390 TITI
1863 332 2288 391 BOSTRENSIS
2329 333 2633 393 EPISCOPI

3664 336 3820 393 1124

563 452 624 507 Si
651 453 936 516 volueritis,
973 451 1178 521 inquit,
1229 463 1277 506 et
1329 453 1605 508 audieritis
1641 471 1721 508 me
1744 495 1759 519 ,
1807 453 1942 507 bona
1975 465 2104 508 terra

2211 446 2623 525 ἐίσακούσητέ
2637 475 2776 526 μου,
2806 458 2876 512 τὰ
2896 456 3082 526 ἀγαθὰ
3104 456 3208 525 τῆς
3233 455 3346 527 τῆς
3368 455 3632 526 φάτεσθε
3651 475 3666 486 ·
3695 457 3820 511 ἐὰν

525 556 532 566 "
562 544 883 606 comedetis;
917 545 964 598 si
997 553 1170 596 autem
1221 545 1524 610 nolueritis,
1561 562 1651 600 nec
1694 546 1968 600 audieritis
2012 563 2125 610 me,

561 638 772 707 gladius
816 635 1081 690 devorabit
1115 653 1201 691 vos
1237 639 1277 692 ⁸.
1317 637 1422 694 Sed
1454 639 1750 694 absurdum
1783 646 1866 694 est
1909 650 2130 709 praster-

561 730 776 783 mittere
815 743 1122 783 sermonem
1153 729 1219 784 de
1255 729 1673 800 improbissimis
1697 769 1712 792 ,
1755 747 1820 786 ae
1849 731 2128 801 praeterire

562 820 1050 874 considerationem
1089 821 1156 876 de
1207 821 1276 876 iis
1306 823 1398 890 qui
1428 823 1746 891 turpissime
1780 832 1943 894 atque
1972 824 2128 880 etfre-

565 911 851 965 natissima
905 911 1122 966 licentia
1176 913 1229 967 in
1267 913 1379 966 vita
1405 922 1718 979 versantur,
1754 930 1822 970 ne
1875 923 2124 970 nostrum

555 1003 832 1057 silentium
860 1005 1378 1073 perieulosissimam
1413 1005 1846 1076 desperationem
1882 1009 1961 1062 eis
1983 1023 2126 1062 eom-

556 1098 728 1160 paret.
754 1089 870 1146 Non
892 1107 1217 1162 magnopere
1235 1103 1492 1150 accusant
1512 1093 2126 1152 Nabuchodonosorem?

555 1172 662 1237 non
685 1183 841 1238 valde
875 1185 1280 1255 reprehendunt
1303 1185 1686 1242 Pharaonem?
1717 1204 1826 1242 non
1878 1190 1944 1243 ad
1973 1206 2125 1244 sum-

555 1290 701 1330 mum
734 1276 1010 1347 fastigium
1042 1277 1399 1348 turpitudinis
1428 1293 1750 1348 progressos
1772 1281 2124 1336 existimant?

552 1367 681 1420 talia
718 1367 860 1421 enim
893 1367 960 1422 de
992 1367 1208 1421 illorum
1244 1368 1353 1421 vita
1399 1378 1451 1423 et
1496 1368 1746 1423 instituto
1794 1370 1994 1441 ubique
2031 1373 2122 1443 ja-

551 1467 719 1512 etant.
747 1457 803 1512 Si
837 1459 1000 1530 igitur
1047 1461 1100 1513 in
1142 1461 1359 1514 illorum
1391 1461 1588 1515 animis
1639 1463 1845 1516 nullum
1879 1465 2119 1519 studium

551 1559 888 1613 cerneretur,
915 1549 1018 1602 alia
1049 1550 1188 1603 ratio
1208 1558 1373 1604 esset.
1407 1549 1502 1605 Sin
1537 1567 1665 1606 vero
1699 1555 1754 1606 in
1795 1554 1929 1608 adeo
1963 1555 2120 1612 malis

551 1643 713 1694 etiam
769 1649 956 1711 partes
995 1643 1188 1711 aliqua:
1226 1657 1411 1696 eorum
1447 1658 1565 1712 quae
1608 1643 1746 1697 bona
1793 1652 1920 1699 sunt
1966 1660 2119 1714 repe-

551 1731 789 1795 riuntur,
822 1747 1042 1796 sensus,
1083 1733 1479 1802 perceptiones,
1518 1733 1908 1804 intelligentia,
1944 1735 2119 1806 poeni-

2228 544 2296 598 δὲ
2321 545 2406 614 μὴ
2441 546 2670 613 θέλητε,
2717 546 2873 616 μηδέ
2915 547 3309 614 εὶσακούσητέ
3352 565 3492 616 μου,
3533 547 3816 616 μάχαιρα

2227 636 2382 706 ὑμᾶς
2413 637 2736 692 κατέδεται.
2777 639 3007 692 Ἄτοπον
3035 638 3092 692 δὲ
3114 639 3207 692 καὶ
3237 637 3327 692 τὸν
3369 640 3496 711 περὶ
3524 639 3631 692 τῶν
3658 657 3812 709 φαυ-

2225 727 2462 782 λοτάτων
2506 729 2820 784 καταλιπεῖν
2860 730 3034 800 λόγον,
3061 731 3151 784 καὶ
3179 730 3278 802 τὴν
3325 732 3452 802 περὶ
3490 730 3598 784 τῶν
3621 731 3814 800 αίσχί-

2228 841 2365 886 στως
2393 823 2487 875 καὶ
2517 822 2976 894 ἐκδεδιῃτημένως
2995 823 3437 893 ἀναστρεφόντων
3467 823 3814 893 παραλιπεῖν

2225 913 2485 978 ἐξέτασιν,
2518 915 2714 985 μήπως
2745 917 2776 982 ἡ
2802 912 2954 984 ἡμῶν
2987 913 3162 984 σιωπὴ
3196 913 3452 966 ἀπόνοιαν
3474 913 3808 983 χαλεπωτά-

2223 1021 2324 1076 την
2353 1004 2533 1068 αὐτοῖς
2572 1004 2966 1074 κατασκευάσῃ.
3003 1004 3077 1056 Οὐ
3103 1005 3304 1076 σφόδρα
3336 1005 3678 1058 διαϐάλλουσι
3708 1005 3808 1057 τὸν

2223 1094 2730 1165 Ναϐουχοδονόσορ;
2775 1095 2834 1146 ού
2875 1094 3078 1166 σφόδρα
3111 1097 3410 1165 μέμφονται
3439 1096 3528 1148 τὸν
3551 1094 3803 1164 Φαραὼ;

2223 1189 2282 1241 ού
2323 1188 2486 1259 πέρας
2525 1187 2878 1258 αἰσχρότητπ
2925 1187 3121 1250 αὐτοὺς
3168 1188 3516 1258 νενομίκασις
3566 1187 3805 1242 τοιαῦτα

2221 1279 2328 1350 γάρ
2361 1279 2486 1349 περὶ
2514 1279 2612 1348 τῆς
2639 1279 2858 1332 ἐκείνων
2887 1279 3160 1348 διαγωγῆς
3186 1280 3296 1333 ἄνω
3321 1280 3415 1333 καί
3446 1280 3596 1333 κάτω
3625 1279 3801 1351 θρυλ-

2221 1369 2420 1424 λοῦσιν.
2452 1370 2514 1422 Εί
2547 1371 2641 1439 μὲν
2666 1365 2757 1422 οὖν
2796 1371 2852 1422 ἐν
2886 1369 3287 1445 ταῖςβιανοίαις
3317 1370 3540 1424 ἐκείνων
3563 1371 3802 1441 οὐδεμία

2222 1461 2422 1532 σπουδὴ
2445 1461 2658 1531 φανείη,
2686 1461 2839 1530 λόγος
2862 1461 2926 1514 ἂν
2947 1460 3030 1532 εἴη
3057 1461 3240 1531 ἐτερος
3259 1479 3271 1492 ·
3296 1464 3343 1514 εἰ
3365 1462 3420 1516 δέ
3446 1463 3631 1527 ἐντοῖς
3650 1464 3802 1518 οὓτω

2220 1555 2406 1614 κακοῖς
2434 1553 2525 1605 καὶ
2541 1553 2677 1624 μέρη
2703 1554 3011 1624 εὑρίσκεται
3034 1553 3230 1617 καλῶν,
3265 1556 3358 1608 καὶ
3373 1555 3675 1626 αἰσθήσεις,
3701 1557 3802 1610 καὶ

2219 1642 2546 1713 ἀντιλήψεις,
2577 1644 2669 1696 καὶ
2725 1644 3044 1714 μετάμελος,
3081 1648 3172 1699 καὶ
3204 1646 3433 1699 ἱκεσίαιο
3475 1647 3529 1700 τί
3559 1647 3640 1701 ἑτι
3687 1652 3802 1720 φή-

2220 1749 2438 1796 σουσιν;
2477 1734 2536 1786 Εί
2560 1734 2666 1804 γάρ
2713 1728 2864 1798 οὗτος
2901 1739 2928 1788 ὁ
2958 1739 3098 1792 πάνυ
3130 1738 3404 1808 αἴσχιστος
3434 1738 3630 1811 φανείη
3669 1742 3801 1794 τινὰ

557 1824 726 1877 tentia
773 1839 836 1878 ac
887 1824 1346 1894 supplicationes;
1379 1825 1508 1894 quid
1566 1825 1678 1894 jam
1708 1825 1908 1880 dicturi
1945 1828 2104 1881 sunt‘.

2221 1825 2358 1896 μέρη
2410 1825 2547 1896 ἔχων
2587 1827 2804 1897 ἀρετῆς,
2855 1828 2948 1881 καὶ
2988 1829 3201 1898 τρόπων
3252 1810 3688 1901 ἐπιτηδειότητα,
3743 1832 3800 1884 τί

552 1914 610 1969 Si
649 1916 792 1970 enim
842 1915 929 1969 hic
967 1915 1321 1986 turpissimus
1375 1926 1633 1986 appareat
1688 1917 1886 1972 habere
1934 1928 2116 1989 partes

550 2009 812 2076 quasdam
846 2010 1060 2063 virtutis
1107 2017 1160 2063 et
1217 2024 1397 2064 mores
1441 2010 1653 2080 aliquos
1690 2011 1911 2068 idoneos
1937 2051 1952 2076 ,
1985 2014 2114 2082 quid

549 2101 769 2155 dicent?
798 2100 852 2154 Si
887 2101 1031 2155 enim
1085 2101 1513 2170 respondebunt,
1545 2101 1768 2157 mistum
1807 2118 1931 2158 esse
1962 2103 2116 2158 Sata-

547 2209 695 2259 nam,
730 2193 900 2264 utqui
932 2192 1142 2248 fructus
1173 2209 1241 2248 ex
1284 2194 1487 2249 virtute
1534 2210 1597 2249 ac
1647 2195 1780 2249 vitio
1806 2195 1997 2250 mistos
2033 2205 2116 2249 at-

547 2286 750 2350 tu-lerit,
787 2294 878 2339 aut
906 2285 1116 2340 fruetus
1154 2285 1254 2341 hos
1285 2301 1393 2339 non
1424 2301 1546 2340 esse
1565 2285 1763 2340 diaboli
1789 2304 1804 2354 ;
1835 2301 1940 2340 non
1967 2287 2113 2341 enim

546 2375 758 2431 fructus
817 2375 995 2440 misti,
1054 2374 1268 2429 fructus
1317 2374 1521 2430 fuerint
1554 2377 1792 2430 carentis
1822 2377 2112 2443 mistione;

543 2485 720 2538 neque
752 2467 896 2537 quod
933 2482 1038 2520 non
1077 2473 1163 2520 est
1216 2467 1440 2521 mistum
1467 2508 1481 2532 ,
1517 2468 1669 2520 radix
1703 2468 1847 2522 misti
1881 2470 2016 2535 erit;
2058 2469 2112 2522 hi

545 2569 726 2614 autem
761 2559 906 2613 misti
937 2573 1079 2620 esse,
1111 2557 1296 2626 aliquo
1346 2565 1590 2627 tempore
1640 2567 2029 2627 apparuerunt,
2060 2569 2114 2612 et

545 2647 850 2715 percepisse
876 2645 1154 2707 scientias,
1190 2652 1242 2698 et
1274 2645 1623 2715 improbitate
1647 2648 1791 2717 capti
1816 2663 1937 2702 esse
1964 2667 1978 2702 :
2011 2649 2110 2704 hac

542 2739 754 2792 ratione
790 2737 1125 2808 apparebunt
1175 2753 1282 2793 non
1341 2753 1464 2795 esse
1510 2755 1650 2794 verae
1683 2755 1962 2810 personae,
2013 2743 2108 2799 sed

543 2831 680 2885 ficta:
710 2830 1058 2901 cogitatione.

615 2920 688 2974 En
736 2920 968 2989 Pharao,
1007 2938 1131 2978 cum
1174 2923 1505 2994 increpatur,
1554 2924 1787 2978 remittit"
1823 2933 1876 2980 et
1922 2927 2107 2981 mollia

539 3022 650 3078 tur,
686 3011 920 3069 ﬂectitur
953 3023 1152 3084 mente,
1197 3027 1248 3072 et
1294 3031 1553 3086 percussa
1605 3017 1785 3070 anima
1832 3034 1942 3072 non
1983 3035 2108 3089 per-

2217 1917 2463 1988 ἐροῦσιν;
2503 1919 2574 1971 Ἦ
2605 1919 2712 1988 γάρ
2742 1919 2831 1973 τὸν
2867 1921 3108 1974 Σατανᾶν
3153 1921 3342 1991 μικτὸν
3375 1921 3434 1986 ἐξ
3463 1923 3666 1993 ἀρετῆς
3693 1925 3800 1976 καὶ

2214 2009 2430 2073 κακίας,
2457 2009 2532 2072 ὡς
2567 2011 2789 2079 μικτους
2833 2011 3076 2082 καρποὺς
3119 2011 3407 2079 ἐνεγκόντα
3440 2013 3726 2083 φήσουσιν,
3760 2015 3798 2083 ἢ

2212 2099 2431 2163 τούτους
2465 2102 2708 2173 καρποὺς
2738 2103 2811 2172 μὴ
2840 2099 2978 2156 εἶναι
3011 2103 3104 2156 τοῦ
3145 2103 3387 2157 διαϐόλου
3409 2121 3422 2134 ·
3451 2105 3636 2158 οὐκέτι
3678 2105 3799 2176 γὰρ

2211 2193 2261 2244 οἱ
2310 2193 2490 2261 μικτο“ι
2527 2191 2620 2244 τοῦ
2663 2193 2895 2262 ἀμίκτου
2945 2189 3052 2246 εἷεν
3095 2194 3161 2246 ἂν
3203 2195 3423 2265 καρποὶ,
3457 2193 3580 2247 οὔτε
3633 2195 3799 2264 ῥίζα-ν

2211 2285 2271 2337 τὸ
2303 2284 2530 2355 ἄμικτον
2562 2285 2656 2338 τοῦ
2695 2287 2883 2356 μικτοῦ
2918 2288 3251 2357 φανήσεται·
3278 2283 3423 2341 οὗτοι
3455 2288 3512 2340 δέ
3558 2287 3656 2340 καὶ
3700 2305 3798 2357 μι-

2211 2377 2329 2428 κτοὶ
2355 2375 2627 2448 ἐφάνησαν
2658 2377 2851 2448 χρόνῳ,
2887 2379 2980 2431 καὶ
3025 2378 3124 2441 τὰς
3153 2379 3462 2450 ἐπιστήμας
3490 2378 3753 2442 λαὸόντες
3772 2417 3792 2444 ,

2212 2465 2307 2516 καὶ
2340 2465 2570 2536 πονηρίᾳ
2599 2465 2937 2536 αἱρεθέντες·
2975 2467 3069 2520 καὶ
3101 2469 3394 2538 φανήσεται
3425 2467 3566 2523 κατά
3595 2467 3794 2521 τοῦτον

2209 2555 2300 2609 τὸν
2326 2556 2480 2625 λόγον
2508 2556 2731 2626 πλάσμα
2755 2553 2891 2610 εἶναι
2913 2557 3092 2626 λόγου,
3123 2559 3217 2611 καὶ
3250 2558 3326 2629 μὴ
3356 2557 3618 2622 ἀληθείας
3651 2559 3790 2612 ὑπό-

2213 2662 2420 2710 στασις.

2291 2923 2416 2976 Ἰδοὺ
2442 2924 2549 2991 γάρ
2575 2923 2602 2975 ὁ
2631 2923 2727 2992 μὲν
2749 2921 2944 2994 Φαραὼ
2971 2923 3028 2976 ἐν
3051 2925 3171 2987 ταῖς
3196 2924 3504 2994 ἐπιτιμίαις
3532 2925 3779 2983 ἐνδίδωσι

2208 3015 2301 3068 καὶ
2339 3015 2687 3069 ἀπαλύνεται·
2729 3015 2968 3068 ἐνδίδωσι
3011 3018 3074 3086 τῇ
3123 3015 3348 3088 διανοίᾳ,
3395 3017 3491 3070 καὶ
3538 3035 3780 3072 κακατυ-

539 3113 751 3160 several
786 3106 842 3159 in
880 3105 1118 3173 duritia;
1161 3108 1293 3178 quin
1334 3107 1516 3178 potius
1543 3107 1652 3162 duo
1683 3106 1812 3162 facit
1871 3127 1884 3162 :
1929 3111 2104 3180 poscit

2210 3109 2362 3178 φθεὶς
2401 3109 2497 3180 τὴν
2534 3107 2710 3178 ψυχὴν
2750 3108 2848 3161 οὐκ
2892 3107 3137 3177 ἐπιμένει
3175 3111 3241 3179 τῇ
3274 3108 3595 3180 τραχύτητι’
3641 3108 3776 3164 ἀλλά

536 3195 682 3266 quod
725 3204 895 3267 Optat,
943 3207 996 3252 et
1041 3207 1264 3254 accusat
1317 3197 1570 3267 factum;
1620 3207 1674 3254 et
1729 3215 1861 3270 non.
1890 3203 2103 3258 videtur

2204 3201 2294 3254 δύο
2326 3204 2486 3263 ποιεῖ,
2533 3201 2626 3253 καὶ
2670 3199 2765 3270 τὴν
2805 3199 2967 3270 εὐχὴν
2998 3200 3156 3264 αἰτεῖ,
3204 3201 3295 3252 καὶ
3337 3203 3642 3272 κατηγορεῖ
3681 3202 3774 3255 τοῦ

536 3289 715 3343 anima
739 3289 913 3344 oculis
939 3297 1117 3359 capta,
1151 3290 1246 3345 sed
1278 3291 1344 3345 ad
1375 3292 1748 3360 paenitentiam
1781 3293 2098 3362 procedens,

533 3395 599 3435 ac
633 3381 953 3450 petitionem
982 3388 1038 3436 et
1075 3383 1534 3452 supplicationem
1574 3385 1929 3454 amplectens,
1962 3397 2014 3442 et
2045 3389 2100 3443 in

533 3473 788 3542 precibus
828 3472 1136 3529 blandiens.
1188 3474 1248 3527 Si
1300 3481 1480 3530 autem
1525 3483 1724 3528 natura
1757 3478 1934 3533 malus
1965 3479 2101 3534 fuis-

533 3562 958 3632 set,‘quomodo
1011 3564 1079 3620 de
1129 3564 1384 3634 precibus
1435 3573 1488 3619 et
1538 3566 1859 3635 pmoitentia
1914 3571 2102 3639 cogni-

533 3654 737 3708 tionem
781 3654 1106 3710 habuisset?
1148 3654 1206 3709 Si
1261 3657 1406 3710 enim
1453 3655 1596 3710 bona
1632 3667 1716 3710 est
1754 3660 2095 3727 poenitentia,

529 3756 586 3800 et
641 3747 785 3802 bona
839 3748 966 3801 item
1030 3749 1312 3818 precatio;
1381 3749 1427 3804 si
1479 3764 1606 3804 vero
1667 3759 1860 3805 natura
1931 3754 2093 3818 mala,

527 3839 804 3909 quomodo
857 3841 1059 3894 malum
1109 3855 1235 3893 cum
1295 3840 1439 3895 bono
1488 3841 1712 3896 mistum
1767 3842 1905 3897 fuit?
1946 3844 2097 3911 Quo—

529 3931 691 3986 modo
742 3947 808 3985 ex
865 3933 1008 3987 malo
1056 3933 1258 3987 bonum
1319 3933 1592 4002 prolatum
1645 3935 1767 3990 est?
1811 3935 2093 4006 Apparent

527 4041 636 4078 non
685 4026 986 4094 intelligere
1012 4042 1132 4096 quae
1167 4027 1484 4095 loquuntur,
1523 4028 1655 4096 quin
1691 4029 1872 4096 potius
1916 4041 2096 4086 mente

528 4116 651 4170 rudi
700 4126 754 4170 et
807 4118 1098 4184 inerudita,
1144 4127 1302 4188 sputa
1349 4119 1524 4189 magis
1577 4121 1893 4189 verborum,
1928 4139 2093 4194 quam

528 4209 690 4263 verba
717 4209 980 4278 proferre.
1847 4216 1849 4218 ’

595 4321 1121 4388 Nabuchodonosor,
1150 4323 1396 4391 quamvis
1425 4324 1668 4380 moribus
1707 4341 1883 4381 saevus
1921 4336 2088 4395 esset,

523 4425 578 4468 et
619 4414 896 4468 fornacem
931 4422 1311 4484 praeparasset,
1352 4421 1406 4466 et
1440 4412 1728 4483 imaginem
1769 4415 2010 4482 fecisset,
2034 4425 2090 4473 et

2199 3291 2510 3361 γενομένου,
2543 3289 2634 3342 καὶ
2662 3291 2722 3342 ού
2759 3289 3002 3358 φαίνεται
3037 3288 3211 3360 πηρὸς
3241 3291 3274 3360 ἡ
3309 3289 3478 3361 ψυχὴ,
3515 3292 3633 3345 ἀλλ’
3675 3295 3775 3364 ἐμ-

2201 3387 2490 3447 ϐλέπουσα,
2523 3385 2616 3438 καὶ
2650 3385 2783 3455 πρὸς
2812 3384 3095 3455 μετάνοιαν
3129 3383 3398 3454 χωροῦσασ
3438 3386 3772 3456 ἀντιλαμϐα-

2199 3479 2394 3548 νομένη
2435 3479 2489 3530 δὲ
2531 3477 2623 3530 καὶ
2655 3476 2754 3546 τῆς
2782 3476 3045 3543 αἰτήσεως
3083 3475 3176 3527 καὶ
3208 3474 3437 3538 ἱκεσίας,
3481 3477 3580 3529 καὶ
3615 3477 3773 3531 λιπα-

2203 3569 2365 3639 ροῦσα
2392 3569 2551 3638 εὐχῆς
2573 3567 2776 3621 ἐνεκεν.
2807 3567 2865 3619 El
2890 3565 2945 3618 δέ
2966 3565 3228 3634 ἐπεφύκει
3252 3566 3442 3630 κακὸς,
3468 3569 3590 3631 πῶς
3613 3568 3774 3637 ἐγνώ-

2198 3678 2281 3713 κει
2312 3661 2436 3729 περὶ
2459 3660 2556 3730 τῆς
2577 3659 2738 3728 εύχῆς
2760 3659 2851 3711 καὶ
2871 3659 2968 3730 τῆς
2992 3658 3303 3729 μετανοίας;
3327 3659 3389 3710 Εἰ
3411 3658 3523 3731 γὰρ
3552 3662 3585 3729 ἡ
3610 3661 3770 3731 μετά-

2196 3770 2310 3805 νοια
2343 3751 2501 3823 καλὴ,
2543 3753 2635 3805 καί¹
2669 3752 2800 3822 εύχὴ
2835 3751 2994 3822 καλή·
3025 3753 3074 3803 εί
3101 3751 3156 3803 δὲ
3247 3751 3411 3820 φύσις
3445 3753 3616 3824 κακὴ,
3649 3754 3763 3817 πῶς

2196 3844 2362 3913 ἐμίγη
2409 3844 2470 3896 τὸ
2514 3843 2680 3896 κακὸν
2711 3843 2787 3914 τῷ
2824 3842 2999 3913 καλῶς
3048 3842 3172 3906 Πῶς
3207 3843 3262 3895 δὲ
3295 3846 3361 3896 ἐκ
3393 3845 3570 3898 κακοῦ
3607 3848 3764 3901 καλὸν

2197 3934 2534 4005 προηνέχθης
2583 3936 2691 3987 Καὶ
2733 3934 3010 4004 φαίνονται
3059 3935 3132 4004 μὴ
3173 3935 3372 3998 εἰδότες
3416 3937 3446 3988 ὃ
3493 3938 3755 4007 λέγουσιν·

2194 4026 2327 4079 άλλά
2369 4026 2673 4097 ἀπαιδεύτῳ
2710 4026 2902 4100 γνώμῃ
2943 4026 3230 4096 πτύσματα
3266 4027 3468 4096 μᾶλλον
3503 4030 3757 4102 ῥημάτων

2193 4117 2224 4188 ἣ
2255 4119 2319 4188 ῥή
2329 4135 2471 4188 ματα.
2503 4117 2950 4189 προσφερόμενοι.

2260 4319 2402 4372 Εἰδέ
2433 4319 2568 4370 καὶὸ
2597 4315 3079 4387 Ναϐουχοδονόσορ,
3123 4316 3298 4369 καίτοι
3327 4318 3564 4387 χαλεπὸς
3595 4319 3669 4372 ὢν
3700 4320 3756 4372 τὸ

2188 4407 2318 4483 ἦθος
2360 4413 2451 4464 καὶ
2493 4411 2590 4479 τὴν
2637 4411 2864 4480 κάμινον
2913 4408 3254 4478 εὐτρεπίσας,
3302 4411 3398 4463 καὶ
3439 4412 3541 4483 τὴν
3576 4411 3755 4465 εἰκόνα

525 4508 690 4563 minis
738 4516 986 4570 terreret,
1026 4514 1190 4576 atque
1226 4505 1513 4576 imaginem
1540 4508 1790 4560 venerari
1831 4518 2081 4578 cogeret;

2204 4505 2436 4573 ποιήσας,
2485 4504 2577 4556 καὶ
2616 4505 2682 4572 τῇ
2721 4501 2912 4572 ἀπειλῇ
2955 4498 3165 4569 φοϐῶν,
3201 4502 3295 4554 καὶ
3329 4507 3656 4572 προσκυνεῖν
3695 4503 3752 4556 τὸ

523 4601 707 4654 statim
750 4607 811 4653 ut
860 4599 1034 4653 sancti
1073 4599 1225 4669 pueri
1267 4599 1321 4651 in
1359 4597 1629 4653 fornacem
1669 4600 1800 4653 illati
1841 4609 1988 4666 sunt,
2034 4611 2086 4656 et

522 4688 748 4745 cedebat
791 4687 1028 4753 ﬂamma,
1072 4701 1125 4743 et
1162 4703 1391 4758 corpora
1429 4703 1537 4741 non
1593 4688 1794 4757 attigit,
1830 4689 2086 4760 factaque

521 4789 607 4837 est
664 4780 854 4834 fornax
902 4795 1195 4852 synagoga,
1249 4795 1314 4834 ac
1367 4796 1470 4851 pro
1513 4780 1764 4835 lamentis
1811 4781 1994 4852 hymni
2032 4791 2086 4838 et

519 4873 711 4928 laudes
761 4873 1174 4938 adhibebantur,
1235 4889 1410 4943 neque
1459 4873 1570 4942 jam
1633 4879 1895 4942 tanquam
1961 4874 2084 4944 igne

519 4981 742 5021 carnem
801 4972 988 5020 urente
1047 4966 1362 5020 lamentatio
1415 4965 1598 5028 ﬁebat,
1655 4965 1750 5019 sed
1799 4965 1865 5019 ab
1903 4965 2083 5018 anima

519 5062 736 5115 laetante
791 5065 987 5112 cantus
1041 5059 1417 5113 celebrabatur
1480 5076 1494 5112 :
1553 5059 1768 5122 statim,
1824 5057 2078 5127 inquam,

519 5149 800 5220 prospexit
856 5163 976 5218 qua:
1029 5147 1171 5200 intra
1235 5147 1509 5202 fornacem
1568 5148 1800 5209 liehaut,
1848 5149 2082 5202 honora-

517 5251 715 5312 tusque
761 5247 846 5296 est
895 5239 1070 5310 angeli
1125 5241 1457 5308 spectaculo,
1504 5241 1761 5310 misitque
1813 5255 2004 5294 vocem
2063 5259 2076 5294 :

520 5333 705 5387 Nonne
737 5343 839 5386 tres
861 5332 997 5386 uiros
1029 5332 1081 5384 in
1112 5330 1376 5400 fornacem
1398 5332 1713 5387 intulimus?
1747 5349 1830 5396 en,
1856 5341 2080 5402 quatuor

514 5426 684 5490 uideo,
735 5435 787 5479 et
833 5433 1079 5495 quartum
1131 5432 1382 5492 tanquam
1433 5424 1656 5476 similem
1701 5422 1846 5478 Filio
1890 5421 1990 5476 Dei
2035 5423 2076 5472 ⁷.

513 5517 786 5574 Continuo
826 5516 990 5588 igitur
1035 5516 1206 5586 legem
1251 5514 1319 5568 de
1362 5513 1465 5566 hac
1511 5529 1572 5568 re
1609 5515 1820 5578 scribit,
1859 5521 1916 5568 ut
1948 5528 2078 5568 con-

517 5609 770 5664 ﬁteantur
809 5607 1000 5666 Deum.
1053 5616 1112 5663 ut
1152 5613 1422 5663 testentur
1455 5606 1780 5675 veritatem;
1817 5607 1874 5662 ﬁt
1907 5606 2078 5662 inter-

525 5776 527 5778 '
587 5769 607 5800 ⁵
630 5769 734 5824 lsa.
764 5785 804 5834 ι,
838 5770 924 5837 l9,
947 5769 1036 5823 20.
1113 5772 1129 5802 ⁷
1161 5767 1296 5824 Dan.
1325 5782 1407 5831 Ill,
1439 5766 1528 5833 9i,
1560 5763 1671 5855 92.‘

2188 4595 2403 4664 ἄγαλμα
2433 4593 2772 4661 ἀναγκάζων,
2808 4592 2880 4655 ὡς
2905 4594 2951 4644 οἱ
2977 4590 3118 4660 ἆγιοι
3149 4591 3294 4645 ἔνδον
3324 4592 3632 4658 ἐϐάλλοντο,
3662 4595 3754 4646 καὶ

2186 4685 2454 4756 ὑπεχώρει
2493 4688 2524 4754 ὴ
2556 4684 2683 4754 φλὸξ
2713 4685 2805 4738 καὶ
2846 4683 2950 4736 τῶν
2981 4683 3242 4754 σωμάτων
3275 4685 3374 4754 οὐχ
3404 4686 3629 4756 ἥπτετο,
3663 4689 3748 4742 καί

2187 4775 2470 4846 συναγωγὴ
2563 4775 2787 4846 κάμινος
2814 4776 3032 4843 ἐγίνετο·
3067 4773 3160 4826 καὶ
3188 4774 3307 4826 ἀντὶ
3336 4775 3590 4846 ὀδυρμῶν
3611 4776 3753 4830 ἔνδον

2186 4867 2342 4938 ὕμνοι
2384 4867 2677 4928 ἐτελοῦντο,
2712 4867 2805 4919 καὶ
2837 4865 3018 4919 οὐκέτι
3051 4864 3350 4934 καιομένης
3388 4868 3594 4936 σαρκὸς
3624 4869 3752 4939 θρῆ-

2184 4977 2269 5022 νος
2303 4959 2594 5029 ἐπέμπετο,
2638 4958 2751 5011 ἀλλ’
2784 4959 2847 5010 ἐκ
2880 4953 3356 5026 πανηγυριζούσης
3385 4955 3564 5028 ψυχῆς
3602 4954 3750 5028 ᾆσμα

2183 5049 2431 5102 ἐτελεῖτο·
2459 5048 2766 5119 παρέκυψεν
2799 5049 2923 5101 ἰδεῖν
2951 5049 3017 5102 τά
3046 5048 3210 5112 ἔνδον,
3241 5050 3534 5120 τετίμηται
3562 5055 3628 5122 τῇ
3659 5051 3748 5103 τοῦ

2181 5141 2412 5210 ἀγγέλου
2451 5141 2667 5212 θεωρίᾳ,
2707 5141 2882 5210 ἀφῆκε
2916 5141 3115 5210 φωνήνο
3163 5137 3309 5206 Οὐχὶ
3340 5140 3501 5207 τρεῖς
3531 5140 3748 5208 ἄνδρας

2180 5234 2536 5302 ἑι-ἐϐάλομεν
2563 5236 2648 5298 εἰς
2673 5231 2784 5299 τὴν
2805 5229 3086 5300 κάμινον;
3118 5229 3244 5284 ἰδοὺ
3275 5234 3585 5300 τέσσαρας
3615 5229 3745 5298 ὁρῶ,

2179 5326 2413 5380 καὶτὸν
2449 5326 2746 5394 τέταρτον,
2789 5325 2867 5390 ὠς
2905 5322 3106 5392 ὅμοιον
3151 5320 3258 5386 Υἱῷ
3305 5323 3479 5376 Θεοῦ.
3537 5323 3747 5384 Εὐθέως

2178 5419 2307 5488 γοῦν
2333 5419 2532 5489 γράφει
2565 5417 2704 5489 ὑπὲρ
2730 5415 2918 5468 τούτου
2947 5415 3127 5486 νόμον,
3157 5414 3441 5485 ὁμολογεῖν
3471 5415 3565 5467 τὸν
3596 5413 3743 5472 Θεὸν,

2180 5514 2472 5583 μαρτυρεῖν
2499 5509 2595 5580 τὴν
2621 5507 2892 5579 ἀλήθειαν*
2917 5505 3184 5577 ἐξηγητὴς
3214 5506 3310 5576 τῆς
3335 5505 3584 5576 ὁράσεως
3608 5503 3746 5574 γίνε-

2176 5619 2284 5658 ται.
2309 5602 2671 5673 Διαὸάλλομεν
2701 5596 2791 5655 οὖν
2818 5598 2914 5664 τὰς
2944 5597 3248 5669 ἐξηγήσεις,
3283 5596 3315 5655 ἢ
3345 5597 3745 5667 ἐπαινέσομενς
