4064 6290
291 347 463 404 1125
1340 343 1707 400 ADVERSUS
1744 342 2170 399 MANICHEOS
2209 343 2339 399 LIB.
2380 343 2421 398 l.
3421 341 3557 398 H26

289 463 486 519 καλὸν
522 463 584 518 τὸ
619 463 970 532 ,πρεσϐεύειν
999 463 1149 530 ὑπὲρ
1191 462 1470 530 Χριστοῦ,
1512 463 1545 533 ἢ
1589 465 1645 516 ἐν
1674 461 1890 532 πονηρῷ

1990 477 2114 532 pres
2161 469 2216 516 et
2257 468 2542 515 enarrator
2588 459 2712 514 visi.
2759 457 3152 514 Accusabimus
3192 457 3359 528 igitur
3395 473 3556 513 enar-

294 559 482 628 μέρει
503 555 632 610 αὐτὸ
656 555 868 626 ἐῶμεν;
897 556 959 608 Et
993 555 1090 625 μὲν
1120 555 1228 626 γὰρ
1248 556 1309 607 τὸ
1331 554 1650 626 πρεσϐεύειν
1677 553 1743 606 τά
1772 552 1890 607 θεῖα

1995 553 2257 617 rationes,
2291 567 2358 605 au
2390 550 2774 605 laudabimus?
2793 550 3050 620 praeclara
3075 565 3164 605 res
3195 558 3278 604 est
3299 549 3556 620 legatione

286 649 498 717 λόγια,
524 649 617 701 καὶ
641 647 922 720 μάρτυρας
944 641 1081 700 εἶναι
1103 647 1200 716 τῆς
1226 646 1498 716 ἀληθείας,
1528 644 1708 698 καλόν·
1733 645 1890 715 ἐπρέ-

1995 643 2143 713 [ungi
2195 658 2290 712 pro
2336 641 2594 696 Christo8
2650 657 2665 695 :
2719 655 2788 694 an
2834 639 2937 694 hoc
2981 639 3041 692 in
3089 638 3288 692 malam
3343 645 3554 706 partem

295 737 519 790 σϐευσε
546 737 725 795 Scaea).
759 735 1246 807 Ναϐουχοδονόσορ,
1294 736 1388 790 καὶ
1426 735 1648 807 ἔγραψε,
1687 735 1780 788 καὶ
1811 737 1890 799 είς

1995 737 2168 806 accipi
2219 736 2464 791 sinamus
2480 735 2517 788 ι.
2557 733 2612 787 Si
2659 733 2812 788 obire
2849 731 3174 802 legationem
3218 745 3318 800 pro
3365 731 3553 784 divina

295 831 506 882 πᾶσαν
525 831 622 900 τὴν
643 827 814 900 ἀρχὴν
840 827 1003 880 αὑτοῦ
1027 827 1255 898 ἔπεμψε·
1291 827 1504 880 λέλυται
1525 828 1556 898 ἠ
1579 826 1738 895 φύσις
1754 826 1887 897 (20)·

1998 829 2304 900 Scriptura,
2355 838 2411 884 et
2452 835 2619 884 testes
2657 842 2779 882 esse
2822 825 3068 881 veritatis
3108 825 3406 895 gloriosum
3443 831 3549 889 est,

295 919 685 989 ἐπιστάμενος
707 917 816 988 γὰρ
848 917 910 970 τὸ
943 915 1121 980 καλὸν,
1156 917 1290 987 πρὸς
1317 916 1413 988 τὴν
1446 916 1674 988 μάθησιν
1702 916 1890 986 ἔϐλεψε

2003 921 2175 976 obivit
2217 931 2394 976 autem
2437 920 2756 991 legationem
2785 917 3305 982 Nabuchodonosor,
3331 923 3385 971 et
3413 917 3553 972 scri-

297 1010 415 1062 τοῦ
458 1008 642 1062 καλοῦ.
684 1009 746 1062 Ei
773 1009 829 1061 δὲ
858 1007 1094 1080 ἤμϐλυνε
1124 1007 1222 1079 τὴν
1265 1009 1497 1079 μάθησιν
1529 1012 1592 1080 τῇ
1628 1010 1761 1080 πρὸς
1789 1011 1889 1080 τὴν

1994 1011 2122 1081 psit,
2145 1019 2199 1066 et
2231 1011 2297 1066 ad
2326 1012 2630 1066 universam
2661 1009 2919 1066 ditionem
2953 1024 3104 1064 suam
3130 1009 3273 1063 misit
3300 1025 3313 1061 :
3341 1007 3554 1063 sublata

303 1101 593 1172 πονηρίαν
619 1100 870 1164 διαθέσει,
898 1103 1296 1171 κατηγορεῖται·
1323 1101 1504 1173 ἕτερον
1531 1103 1638 1174 γὰρ
1667 1103 1726 1156 τὸ
1754 1103 1889 1166 ὅλως

1994 1111 2078 1157 εει
2125 1112 2324 1157 natura
2376 1103 2503 1156 mali
2536 1118 2549 1154 :
2577 1101 2847 1172 siquidem
2881 1117 3002 1157 cum
3041 1102 3225 1166 sciret,
3256 1099 3402 1170 quod
3434 1106 3554 1154 erat

306 1193 397 1264 μὴ
425 1193 686 1246 δύνασθαι
709 1195 878 1246 ποιεῖν
898 1192 956 1244 τὸ
977 1191 1156 1244 καλόν·
1184 1191 1269 1245 έτε
1277 1210 1368 1263 ρον
1387 1194 1441 1246 δὲ
1465 1195 1527 1246 τὸ
1548 1195 1745 1248 εἰδέναι
1768 1195 1885 1266 μὲν,

1993 1194 2220 1259 bonum,
2274 1194 2342 1248 ad
2393 1193 2697 1249 doctrinam
2733 1193 2799 1248 de
2838 1193 2983 1248 bono
3029 1193 3286 1262 respexit.
3329 1191 3386 1245 Si
3420 1207 3553 1246 vero

309 1285 400 1355 μὴ
423 1284 682 1338 δύνασθαι
696 1284 753 1338 δὲ
765 1286 933 1338 ποιεῖν
952 1283 1011 1336 τὸ
1029 1283 1218 1349 καλὸν,
1245 1287 1309 1356 τῇ
1334 1285 1468 1356 πρὸς
1489 1285 1556 1340 τὰ
1577 1286 1720 1358 πάθη
1747 1289 1884 1357 ῥοπῇ

1993 1285 2296 1341 doctrinam
2332 1285 2618 1342 affectione
2659 1285 3018 1356 turpitudinis
3066 1284 3359 1348 hebetavit,
3387 1298 3553 1338 accu-

302 1375 657 1446 ἡττώμενον.

1995 1385 2190 1444 satur;
2250 1377 2398 1431 aliud
2451 1376 2595 1430 enim
2645 1383 2752 1441 est,
2801 1390 2908 1428 non
2963 1389 3127 1444 posse
3175 1388 3334 1442 agere
3403 1369 3552 1440 quod

308 1467 620 1524 honestum
670 1475 797 1535 est;
859 1468 1007 1524 aliud
1052 1485 1183 1525 vero
1235 1470 1376 1526 scire
1420 1471 1551 1542 quid
1596 1479 1702 1541 est,
1747 1472 1892 1544 quod
1929 1473 2218 1529 honestum
2255 1480 2360 1538 est,
2392 1488 2499 1526 non
2539 1480 2720 1526 tamen
2785 1485 2944 1526 acere
2991 1485 3174 1526 nosse.
3207 1465 3552 1524 iuclinationi

305 1559 555 1615 affectus
594 1559 1058 1616 succumbentem.

405 1656 626 1727 Ἐπειδὴ
662 1656 716 1709 δὲ
753 1658 808 1709 ἐν
837 1657 1140 1729 ἀνθρώποις
1163 1660 1366 1730 καρποὶ
1396 1659 1489 1713 τοῦ
1525 1660 1766 1714 διαϐόλου
1789 1661 1884 1730 οὐχ

2059 1653 2263 1720 Quodsi
2305 1654 2360 1707 in
2400 1652 2713 1708 hominibus
2751 1667 2860 1707 non
2915 1659 3044 1707 sunt
3093 1653 3293 1723 reperti
3333 1655 3547 1712 fructus

301 1747 646 1819 εὑρέθησαν,
671 1749 762 1802 καὶ
783 1749 1107 1802 ἐδυσωπεῖτο
1131 1750 1308 1804 αὐτῶν
1327 1753 1356 1804 ὁ
1375 1751 1592 1822 τρόπος,
1615 1753 1708 1806 καὶ
1727 1753 1886 1823 ἠλέγ-

1989 1746 2213 1812 diaboli,
2271 1753 2326 1800 et
2383 1760 2569 1800 eorum
2607 1761 2746 1816 quos
2791 1745 3052 1810 diximus,
3094 1760 3273 1800 mores
3310 1746 3548 1816 pudendi

301 1839 418 1909 χθη
473 1838 648 1892 αὐτῶν
681 1840 711 1908 ή
743 1839 956 1892 ἀτοπία·
1009 1838 1114 1891 ποῦ
1156 1839 1340 1894 λοιπὸν
1367 1841 1694 1913 τραπῶμεν;
1730 1845 1777 1894 εί
1814 1843 1887 1913 μὴ

1993 1837 2232 1902 fuerunt,
2283 1836 2634 1907 ipsorumque
2674 1836 2954 1905 turpitudo
2996 1837 3246 1889 convicta
3283 1844 3406 1890 est:
3440 1853 3550 1905 quo

295 1929 423 2000 ἄρα
477 1929 611 2000 πρὸς
644 1930 768 1991 τοὺς
806 1929 1061 2000 δαίμονας
1099 1929 1420 2003 βαδίσωμεν·
1458 1934 1511 1986 εἴ
1552 1949 1615 2001 γε
1667 1933 1740 2005 μὴ
1782 1934 1890 2004 ἄρα

299 2022 383 2092 φή
395 2038 614 2085 σουσιν,
633 2021 752 2073 Ἀνθ
762 2019 954 2107 ρώπων
969 2023 1064 2092 μέν
1085 2023 1256 2086 οὐδεὶς
1280 2024 1488 2094 καρπὸς
1505 2024 1596 2078 τοῦ
1621 2023 1886 2088 διαϐόλου,

295 2115 576 2184 δαίμονες
605 2113 660 2165 δὲ
685 2113 828 2180 γόνοι
853 2113 946 2164 καὶ
965 2113 1181 2176 τοκετὸς
1206 2114 1355 2184 μόνοι
1375 2112 1559 2168 αὑτοῦ.
1588 2115 1696 2167 Καὶ
1717 2113 1888 2168 ταῦτα

293 2206 574 2274 λέγοντες
604 2203 1077 2276 δυσωπηθήσονται
1111 2206 1207 2275 μὲν
1245 2207 1338 2257 καὶ
1375 2208 1431 2258 ἐν
1449 2204 1638 2276 τούτῳ·
1678 2206 1889 2278 πρῶτον

1990 1929 2206 1984 demum
2241 1936 2620 1984 convertemus
2667 1929 2801 1984 nos?
2841 1929 2944 1982 nisi
2988 1928 3126 1983 forte
3164 1930 3228 1984 ad
3276 1929 3548 1985 datmones

1989 2036 2217 2086 eamus;
2254 2021 2361 2075 nisi
2390 2021 2530 2075 forte
2562 2021 2747 2075 dicant
2784 2021 2994 2074 nullum
3023 2021 3238 2091 quidem
3275 2023 3547 2077 hominem

1990 2128 2112 2168 esse
2155 2111 2395 2167 fructum
2445 2113 2646 2168 diaboli
2676 2131 2692 2181 ;
2726 2113 2998 2168 daemones
3027 2128 3156 2167 vero
3202 2115 3370 2181 solos,
3407 2114 3548 2169 fetus

1990 2214 2043 2260 et
2069 2213 2253 2274 partes
2290 2205 2409 2275 ejus
2431 2221 2575 2260 esse.
2603 2205 2707 2260 Sed
2732 2207 2779 2261 si
2812 2207 2911 2261 hoc
2940 2205 3196 2268 dixerint,
3221 2207 3308 2260 hic
3332 2223 3549 2278 quoque

299 2298 366 2352 δὲ
405 2297 777 2351 ἀκουέτωσαν·
822 2297 882 2350 Εἰ
931 2287 1100 2358 ούδεὶς
1139 2297 1421 2368 ἄνθρωπος
1463 2297 1596 2362 τέως
1636 2299 1730 2352 τοῦ
1774 2301 1891 2364 ἐνὸς

306 2389 670 2451 ὰπολέλυται,
711 2389 857 2442 οὐδὲν
893 2384 984 2441 οὖν
1017 2388 1129 2460 (21)
1169 2390 1343 2442 κοινὸν
1391 2388 1470 2460 τῷ
1518 2391 1747 2464 Σατανᾷ,
1797 2395 1891 2448 καὶ

308 2481 400 2552 τῷ
447 2481 548 2551 βίῳ
587 2481 778 2551 τούτῳ,
827 2480 960 2534 ἀλλὰ
1002 2481 1215 2534 πάντων
1260 2481 1623 2554 ἀπήλλακται,
1674 2487 1889 2540 πάντων

316 2575 519 2642 γέγονε
549 2573 714 2646 ξένος,
741 2573 1061 2644 ἐκϐέϐληται
1089 2577 1524 2647 καταπετόμενος
1543 2577 1674 2649 (‘29.).

407 2840 626 2912 Ἐπειδὴ
653 2841 726 2904 δὲ,
759 2841 839 2893 ἐτι
861 2843 916 2894 ἐν
939 2843 1000 2913 τῇ
1031 2840 1206 2913 πλάνῃ
1239 2841 1332 2894 καὶ
1364 2841 1421 2895 ἐν
1453 2845 1517 2914 τῇ
1553 2842 1738 2914 ἀπάτῃ
1759 2859 1891 2912 προ-

319 2931 638 2994 κόπτοντες,
662 2931 739 2984 ἒτι
761 2932 1133 3004 ἀπατηλότερα
1154 2934 1246 2986 καὶ
1268 2934 1654 3004 πεπλανημένα
1675 2935 1891 3005 ῥήματα

321 3022 681 3094 προφέρουσι,
709 3025 782 3094 μὴ
806 3026 1183 3096 σιωπήσωμεν·
1211 3027 1341 3094 φασὶ
1369 3025 1496 3096 γὰρ,
1524 3027 1602 3078 ἕίτι
1630 3025 1890 3097 προῖοῦσα

1991 2295 2226 2364 pudendi
2254 2307 2432 2350 erunt.
2457 2293 2696 2348 Primum
2728 2310 2856 2350 vero
2883 2295 3106 2349 audiant
3137 2313 3150 2349 :
3189 2294 3249 2349 Si
3274 2295 3548 2352 daemones

1991 2395 2121 2442 sunt
2173 2385 2386 2442 fructus
2445 2386 2668 2450 diaboli,
2736 2394 2790 2442 ει
2847 2387 3030 2442 nullus
3084 2389 3248 2443 homo
3302 2397 3384 2444 est
3432 2388 3550 2442 dia-

1989 2480 2096 2536 boli
2161 2479 2426 2535 fructus:
2495 2479 2659 2548 igitur
2729 2481 2876 2533 nulla
2924 2488 3007 2534 est
3061 2479 3277 2536 diabolo
3333 2481 3388 2534 in
3445 2481 3548 2535 hac

1990 2571 2098 2626 vita
2147 2586 2269 2626 cum
2312 2571 2627 2626 hominibus
2668 2573 3071 2639 communitas;
3116 2572 3212 2628 sed
3258 2574 3442 2642 potius
3479 2574 3550 2628 ab

1989 2662 2246 2717 omnibus
2277 2661 2586 2733 disiunctus
2612 2671 2717 2729 est,
2749 2663 2818 2718 ab
2846 2663 3100 2719 omnibus
3133 2664 3402 2721 alienatus
3438 2672 3546 2732 est,

1988 2753 2193 2822 ejectus
2221 2761 2323 2809 est.

2059 2843 2198 2910 Quia
2224 2861 2348 2900 vero
2376 2845 2430 2900 in
2457 2861 2642 2901 errore
2669 2851 2723 2900 et
2752 2844 2964 2901 fallacia
2991 2847 3169 2902 adhuc
3197 2849 3550 2919 progredien-

1989 2944 2093 3004 tes,
2129 2938 2310 3008 magis
2349 2937 2528 2992 adhuc
2569 2938 2783 2993 fallacia
2810 2948 2864 2993 et
2893 2938 3150 2994 mendosa
3175 2939 3338 2994 verba
3367 2939 3550 3010 profe-

1991 3035 2141 3091 runt,
2168 3043 2236 3082 ne
2269 3028 2487 3082 silentio
2540 3029 3015 3098 praetermittamus
3041 3043 3104 3083 ea
3145 3046 3159 3083 :
3195 3029 3348 3083 aiunt
3379 3033 3546 3096 enim,

319 3117 356 3184 ἡ
391 3115 645 3186 πονηρία,
680 3117 772 3168 καὶ
807 3115 925 3168 καθ’
953 3118 1148 3188 ἑαυτὴν
1178 3116 1428 3189 χωροῦσα
1462 3116 1654 3188 ἑαυτὴν
1689 3118 1884 3189 ἠδίκει,

1989 3117 2134 3190 quod
2178 3119 2418 3188 nequitia
2467 3126 2668 3172 cuncta
2707 3130 3043 3189 antegressa,
3086 3126 3140 3173 et
3189 3119 3305 3173 sola
3353 3135 3549 3190 proce-

324 3206 424 3258 xat't
451 3207 642 3278 ἑαυτὴν
685 3207 1018 3277 ἐλυμαίνετο·
1055 3208 1130 3273 ὡς
1158 3209 1213 3262 δὲ
1247 3209 1446 3282 ἐπέστη
1479 3209 1556 3280 τῷ
1586 3209 1766 3281 χωρίῳ
1793 3210 1890 3281 τῆς

319 3297 605 3368 ἀληθείας,
653 3298 956 3372 ἐξεπλάγη·
1006 3299 1188 3371 θαῦμα
1233 3300 1391 3353 ἔλαϐε
1441 3299 1532 3354 τοῦ
1580 3299 1891 3365 ἐξαπιναίου

321 3390 526 3458 φωτός·
560 3390 847 3446 ἐπελάθετο
879 3395 976 3465 τῆς
1004 3393 1136 3454 ίδίας
1166 3395 1360 3464 μάχης·
1397 3393 1620 3446 ἐπέθετο
1665 3391 1742 3463 τῷ
1786 3409 1890 3462 φα-

323 3481 498 3534 νέντι·
535 3482 748 3552 ἥρπασε
776 3483 918 3552 φῶς·
960 3485 1183 3538 κατέπιε
1213 3485 1274 3538 τὸ
1311 3483 1598 3555 θεωρηθέν.
1633 3481 1892 3536 Ἐνταῦθα

319 3572 512 3625 λοιπὸν
546 3574 708 3636 πολὺς
743 3575 770 3626 ὁ
798 3575 968 3642 γέλως
1009 3576 1102 3628 καὶ
1141 3575 1349 3645 μεγάλη
1383 3576 1415 3646 ή
1443 3574 1626 3644 χλεύη·
1659 3572 1890 3627 ἐνταῦθα

321 3663 436 3724 πᾶς
468 3662 771 3731 πεπάτηται
821 3663 986 3732 μῦθος
1041 3662 1364 3733 Ἑλληνικὸς,
1397 3663 1692 3734 νικώμενος
1720 3663 1892 3736 τούτῳ

319 3751 403 3821 τῷ
434 3753 694 3819 σχήματι·
728 3749 972 3818 λέγονται
1015 3752 1121 3822 γὰρ
1167 3753 1324 3822 μῦθοι
1371 3755 1418 3804 οἱ
1462 3753 1640 3822 μῦθοι,
1678 3753 1790 3805 ἀλλ’
1817 3753 1894 3816 ὡς

325 3840 492 3912 μῦθοι
525 3839 883 3894 πιστεύονται·
923 3833 1075 3904 οὗτος
1103 3843 1178 3906 δέ,
1215 3843 1262 3894 εί
1295 3845 1411 3913 μὲν,
1440 3843 1515 3906 ὡς
1545 3844 1758 3912 ἐλέγετο
1792 3843 1893 3914 μῦ-

320 3930 438 3994 θος,
469 3928 546 3992 ὠς
583 3927 747 3998 μῦθος
787 3928 1117 3993 ἐπιστεύετο,
1166 3930 1364 4002 μικρὰν
1407 3931 1472 3985 ἂν
1512 3927 1622 4002 εἶχε
1663 3933 1761 4004 τὴν
1799 3933 1894 4006 ζη-

324 4022 482 4094 μίαν·
534 4018 628 4073 νῦν
673 4020 729 4073 δὲ
769 4022 893 4090 νικᾷ
935 4020 1033 4091 μὲν
1076 4022 1201 4084 τοὺς
1237 4021 1457 4091 μύθους,
1495 4023 1807 4079 πιστεύεται
1835 4026 1890 4080 δὲ

325 4113 479 4185 παρὰ
503 4113 617 4174 τοῖς
644 4113 868 4182 ἄφροσιν
893 4111 966 4175 ὼς
991 4111 1232 4180 ἀλήθεια.
1268 4113 1330 4165 Et
1357 4113 1466 4183 γὰρ
1490 4115 1564 4176 ὡς
1595 4119 1890 4185 μεμηνυῖα,

320 4206 401 4271 ὣς
431 4222 592 4275 φατε,
616 4207 709 4258 καὶ
743 4204 863 4258 καθ’
889 4206 1082 4277 ἑαυτὴν
1116 4205 1492 4278 πολιορκοῦσα,
1528 4207 1791 4276 ἐφθακυῖα
1814 4210 1894 4272 είς

323 4301 395 4354 τὰ
422 4301 596 4354 οἰκεῖα
628 4300 770 4370 ὅρια,
807 4295 910 4352 εἷδε
944 4299 1058 4367 φῶς
1090 4298 1184 4352 καὶ
1217 4299 1556 4369 κατεπλάγη,
1593 4300 1685 4353 καὶ
1713 4300 1891 4370 ἀπηλ-

326 4393 470 4463 λάγη
510 4391 611 4460 τῆς
649 4391 781 4454 ἰδίας
817 4392 1014 4462 μάχης,
1045 4393 1138 4445 καὶ
1165 4391 1385 4445 ἐπέθετο
1418 4392 1494 4462 τῷ
1520 4392 1760 4462 φανέντι,
1793 4392 1894 4462 ἥρ·

1992 3211 2158 3273 deus,
2232 3212 2467 3280 seipsam
2514 3209 2714 3279 injuria
2751 3207 3014 3262 alliciebat
3045 3215 3099 3264 et
3137 3209 3241 3264 sibi
3270 3211 3498 3265 nocebat
3531 3230 3544 3264 ε

1992 3310 2279 3371 postquam
2319 3315 2450 3355 vero
2491 3300 2665 3354 adfuit
2692 3300 2748 3353 in
2794 3300 2916 3354 loco
2946 3299 3212 3364 veritatis,
3243 3301 3546 3371 obstupuit.

1991 3401 2046 3446 et
2099 3393 2447 3463 repentinum
2506 3392 2692 3445 lumen
2745 3391 3009 3444 admirata
3045 3399 3150 3455 est,
3203 3407 3396 3462 pugna:
3435 3408 3548 3448 sua:

1993 3484 2160 3539 oblita
2213 3492 2316 3540 est.
2370 3483 2574 3538 Invasit
2621 3483 2767 3552 quod
2813 3483 3084 3552 apparuit,
3127 3484 3307 3552 rapuit
3339 3485 3544 3547 lumen,

1992 3575 2279 3631 absorbuit
2305 3581 2628 3645 spectatum.
2663 3572 2781 3628 Jam
2814 3574 2903 3628 hic
2935 3575 3078 3629 risus
3115 3575 3318 3630 multus
3346 3585 3400 3630 et
3434 3592 3548 3630 mae

1991 3683 2153 3738 gnum
2187 3666 2478 3720 ludibrium
2517 3685 2530 3721 :
2574 3666 2662 3720 hic
2692 3666 2869 3722 omnis
2901 3665 3080 3720 fabula
3101 3665 3286 3720 Graeca
3315 3669 3544 3736 protrita

1990 3767 2094 3825 est,
2112 3770 2164 3814 et
2184 3759 2326 3813 victa
2343 3759 2504 3828 hujus
2531 3756 2722 3813 fabula:
2738 3758 2920 3813 habitu
2943 3777 2957 3825 ;
2979 3757 3170 3812 fabulae
3191 3758 3334 3813 enim
3351 3758 3548 3814 fabula:

1991 3850 2268 3916 dicuntur,
2309 3851 2406 3921 sed
2451 3861 2711 3920 tanquam
2744 3851 2946 3905 fabulis
2975 3849 3220 3906 creditur
3253 3870 3266 3905 ι
3303 3852 3419 3906 haec
3448 3866 3548 3906 ann

1993 3951 2099 3998 tem
2140 3943 2182 3998 si
2219 3952 2279 3998 ut
2314 3943 2494 3997 fabula
2529 3943 2753 4007 dicitur,
2785 3944 2867 3998 sic
2907 3951 3163 4014 tanquam
3211 3942 3408 3998 fabulae
3435 3959 3549 4000 cre-

1992 4033 2232 4099 deretur,
2280 4051 2470 4106 parum
2532 4035 2719 4090 damni
2761 4035 2950 4101 fieret;
3009 4050 3156 4090 nunc
3199 4050 3329 4090 vero
3379 4035 3549 4090 vincit

1992 4127 2205 4183 fabulas
2239 4143 2252 4179 :
2286 4136 2336 4182 et
2378 4127 2530 4183 stulti
2575 4125 2804 4182 credunt
2835 4127 2885 4181 ei
2927 4134 3186 4196 tanquam
3215 4126 3448 4182 veritati.
3487 4125 3546 4179 Si

1991 4221 2136 4275 enim
2167 4221 2304 4291 apud
2335 4236 2394 4275 se
2427 4235 2674 4283 manens,
2714 4227 2774 4272 ut
2805 4218 3009 4283 dicitis,
3045 4219 3277 4288 seipsam
3312 4218 3546 4280 obsedit,

1993 4328 2117 4367 cum
2162 4313 2399 4368 venisset
2457 4311 2514 4366 in
2567 4311 2704 4364 ﬁnes
2755 4309 2996 4376 luminis,
3058 4309 3194 4364 vidit
3251 4310 3435 4363 lumen
3493 4317 3550 4364 et

1994 4404 2299 4472 obstupuit,
2327 4415 2381 4457 et
2423 4418 2452 4456 a
2495 4417 2590 4457 sua
2633 4416 2812 4472 pugna
2863 4400 3090 4455 liberata
3130 4408 3236 4464 est,
3267 4409 3321 4456 et
3359 4401 3549 4454 adorta

331 4501 472 4539 πασε
503 4482 562 4535 τὸ
591 4483 879 4554 θεωρηθέν·
927 4484 1042 4546 πῶς
1089 4483 1190 4536 οὐκ
1241 4483 1486 4537 ἀδύνατοι
1534 4485 1628 4537 καὶ
1680 4483 1890 4554 ψευδεῖς

1993 4508 2076 4553 εει
2122 4500 2299 4552 lumen
2333 4497 2530 4560 visum,
2575 4501 2629 4549 et
2669 4495 2848 4563 rapuit
2885 4494 3028 4562 quod
3066 4495 3364 4563 spectavit;
3415 4510 3550 4563 quo-

332 4575 658 4644 φανήσονται
685 4576 733 4626 οἱ
753 4573 930 4642 λόγοι;
963 4573 1085 4636 Πῶς
1108 4573 1215 4644 γὰρ
1245 4574 1441 4645 ἑαυτὴν
1470 4574 1700 4645 ἠδίκειὴ
1731 4591 1894 4644 πονη-

337 4665 458 4735 ρία;
483 4663 674 4734 ἐαυτὴν
697 4663 903 4734 ἀνῄρει;
925 4665 1119 4734 ἑαυτὴν
1142 4664 1399 4734 ἠφάνιζεν
1419 4682 1433 4731 ;
1459 4665 1581 4737 ἄρτι
1607 4666 1705 4735 μὲν
1725 4682 1892 4718 κατα-

331 4757 582 4819 πίνουσα,
605 4757 727 4828 ἄρτι
751 4756 806 4808 δὲ
829 4756 1090 4824 γεννῶσα,
1125 4756 1238 4826 εἴγε
1267 4757 1555 4828 ἀγέννητος
1581 4753 1680 4829 ἦν;
1711 4756 1894 4810 ἐλύετο

335 4849 443 4921 γὰρ
470 4849 662 4920 ἑαυτὴν
686 4848 1083 4919 διαφθείρουσα.
1113 4850 1175 4900 Ei
1209 4849 1265 4900 δέ
1293 4847 1362 4901 τὰ
1397 4849 1534 4922 μέρη
1567 4850 1761 4919 ἑαυτῆς
1781 4845 1892 4917 εἶχε

332 4938 767 5008 διαφθειρόμενα,
811 4940 961 4989 ποῖον
998 4936 1248 5009 ἐνέχυρον
1277 4935 1565 5009 αὔταρκες,
1601 4938 1682 4991 ὅτι
1708 4939 1800 5008 ὅλη
1829 4938 1891 4990 οὐ

413 5073 434 5103 ⁸
485 5070 527 5124 ll
558 5071 684 5125 Cor.
716 5089 768 5133 v,
793 5072 881 5126 20.

407 5202 518 5278 (2Q)
562 5204 633 5278 Ἡ
661 5205 860 5278 φύσις.
916 5203 1185 5278 Interpres
1229 5207 1524 5278 legebant]
1583 5207 1744 5275 φύσις
1796 5207 1890 5261 τοῦ

337 5273 530 5396 iam?
588 5276 762 5344 Atque
810 5275 948 5328 hanc
1001 5273 1308 5330 lectionem'
1328 5273 1613 5332 confirmat
1657 5295 1892 5349 sequens

369 5361 492 5396 πιστ
536 5361 708 5396 μενος.

369 5361 708 5415 πισταμενος.

409 5409 742 5487 (Ξριγοὺδὲν
758 5409 894 5487 οὖν.
913 5414 1086 5487 Opera
1113 5416 1255 5471 enim
1279 5417 1516 5472 hominis
1543 5418 1704 5482 mala,
1728 5433 1890 5487 opera

340 5485 680 5540 tenebrarum
714 5493 768 5538 et
793 5486 990 5538 diaboli
1033 5486 1309 5551 dicuntur,
1344 5497 1398 5543 et
1425 5497 1552 5543 sunt
1589 5485 1890 5543 secundum

339 5556 721 5622 imitationem;
749 5563 802 5609 et
831 5558 1130 5610 secundum
1160 5572 1222 5611 ea
1255 5569 1338 5612 est
1363 5559 1563 5613 homini
1590 5563 1893 5612 communi-

341 5636 420 5680 tas
451 5641 572 5679 cum
603 5643 688 5680 ευ.
719 5623 946 5678 Deerant
974 5626 1058 5679 hic
1087 5627 1286 5696 aliqua.
1313 5628 1508 5683 Tunn.’
1867 5640 1870 5644 '

408 5696 518 5766 (‘22)
562 5700 784 5750 Καταπ.
840 5696 1059 5752 Diversa
1104 5698 1259 5766 plane
1305 5708 1486 5754 textus
1518 5699 1686 5753 series
1724 5699 1890 5754 est.in

342 5765 572 5833 Graecis;
608 5767 806 5838 quippe
851 5765 1172 5837 sequuntur,
1219 5770 1310 5822 καὶ
1362 5769 1504 5824 ἐστιν
1549 5770 1750 5840 ἁλωτὴ,
1802 5770 1891 5822 καὶ

1993 4588 2155 4644 modo
2184 4605 2291 4642 non
2323 4588 2661 4658 apparebunt
2691 4586 2806 4640 bazc
2837 4601 2944 4639 non
2978 4600 3140 4654 posse
3169 4584 3303 4646 ﬁeri.
3336 4593 3391 4640 et
3414 4585 3550 4640 falsa

1991 4682 2152 4736 esse?
2189 4681 2471 4747 Quomodo
2525 4679 2670 4734 enim
2721 4678 2963 4748 nequitia
3003 4677 3108 4731 sibi
3146 4678 3261 4746 ipsa
3292 4676 3550 4745 injuriam

1991 4772 2263 4827 faciebat?
2305 4788 2365 4827 se
2422 4773 2541 4842 ipsa
2594 4769 2984 4825 interimebat?
3021 4785 3081 4824 se
3131 4769 3250 4839 ipsa
3295 4769 3554 4824 delebat?

1990 4863 2273 4930 Quomodo
2341 4880 2487 4918 nunc
2542 4864 2761 4934 quidem
2821 4862 3160 4925 absorbens,
3216 4876 3364 4915 nunc
3421 4876 3551 4914 vero

1990 4971 2278 5027 generans,
2307 4957 2352 5010 si
2406 4957 2643 5026 ingenita
2677 4955 2831 5010 erat?
2871 4953 3272 5009 dissolvebatur
3293 4954 3438 5010 enim
3465 4967 3551 5008 se-

1990 5215 2143 5285 λυτὴ,
2167 5215 2259 5267 καὶ
2285 5214 2540 5284 λυομένη,
2565 5222 2731 5281 potest
2761 5215 2918 5283 igitur
2938 5212 3341 5285 εαρὶηάὶεεοίυὶ,
3364 5220 3412 5265 ει
3432 5211 3548 5285 itis-

1991 5283 2165 5338 soluta
2195 5296 2348 5354 atque
2376 5283 2550 5352 Capta.
2569 5293 2698 5346 etc.,
2734 5299 2852 5354 quae
2890 5285 2942 5337 in
2977 5283 3171 5354 pagina
3201 5283 3442 5354 sequenti
3474 5284 3548 5337 le-

1991 5365 2200 5422 gentur.
2249 5353 2450 5408 Deinde
2493 5367 2619 5408 vero
2660 5354 2712 5406 in
2750 5353 2936 5408 Codice
2982 5353 3085 5407 ms.
3143 5353 3548 5423 interjiciuntur

1991 5426 2197 5494 paginae
2244 5425 2507 5493 plurimae,
2543 5424 2596 5477 in
2637 5439 2866 5492 quorum
2909 5439 3013 5477 una
3053 5422 3547 5494 occurritiinitium

1945 5524 1957 5539 -
1993 5490 2114 5548 libri
2159 5490 2323 5550 tertii.
2360 5495 2493 5548 Cum
2535 5490 2667 5548 haae
2686 5495 2818 5550 satis
2855 5501 3106 5564 accurate
3145 5490 3548 5564 nonidisfingui

1992 5567 2045 5619 in
2077 5564 2262 5620 Greco
2289 5566 2475 5619 codice
2506 5566 2662 5619 nobis
2693 5573 2986 5626 constaret,
3022 5561 3276 5616 Turriani
3304 5561 3547 5618 ordinem

1990 5637 2184 5700 secuti,
2238 5651 2357 5705 quae.
2401 5636 2776 5705 discerptapet
2825 5635 2880 5686 in
2916 5633 3076 5688 tertio
3126 5633 3262 5688 libro
3310 5632 3552 5704 reposita

1989 5717 2164 5773 erant,
2197 5703 2285 5762 hic
2317 5706 2658 5777 subjicimus.
2689 5703 2848 5758 Basx.
