4064 6290
604 331 742 387 1127

1742 318 1876 374 τιτι
1908 314 2337 374 BosrnENsts
2374 313 2681 388 EPISCOPI

3699 310 3849 368 “23

602 450 777 521 ipsam
825 448 1180 507 interimens;
1223 453 1279 499 et
1326 458 1436 498 non
1478 442 1589 510 jam
1635 454 1760 495 esse
1797 445 2010 508 poterat
2053 436 2149 492 sibi

2258 434 2642 505 διαφθείρεται,
2682 433 2790 486 τῶν
2829 421 3008 504 μερῶν
3059 433 3462 506 διαφθείρεσθαι
3517 432 3847 504 πεφυλακόο

601 540 877 598 interitum
921 536 1175 593 aﬂ‘erens.
1220 534 1278 590 Si
1323 543 1504 589 autem
1549 539 1732 603 partes
1767 545 1895 586 suas
1924 527 2157 582 habebat

601 635 956 697 intereuntes,
1011 630 1155 700 quod
1213 630 1411 700 pignus
1459 642 1579 682 esse
1631 634 1809 695 potest
1854 622 1992 676 satis
2043 620 2159 674 ido-

598 741 791 790 neum,
823 739 931 779 non
976 731 1144 777 totam
1180 720 1403 775 interire
1447 717 1694 787 partibus
1733 714 1877 768 natis
1922 711 2064 782 aptis
2093 710 2161 764 ad

2259 544 2404 592 των;
2437 529 2497 581 Εἰ
2524 526 2580 580 δὲ
2609 526 2700 580 καὶ
2731 526 2928 597 ἑαυτὴν
2952 526 3161 594 ὲγέννα,
3201 527 3294 581 καὶ
3331 522 3468 581 εἶναι
3492 528 3713 597 ἦρχετοο
3739 528 3852 599 ἁρ-

2263 619 2466 689 χομένη
2507 617 2563 670 δὲ
2601 617 2695 671 τοῦ
2723 613 2881 683 εἶναι,
2910 621 3003 672 καὶ
3029 617 3260 690 γεννητὴ
3290 613 3379 689 ἦν’
3422 618 3539 682 πῶς
3571 618 3655 671 ἔτι
3706 619 3848 687 άγὲ-

2267 726 2427 780 νητος
2446 726 2461 773 ;

598 819 1022 877 iutereundum?
1046 818 1102 872 Si
1130 825 1310 871 autem
1341 818 1577 885 seipsam
1608 811 1924 884 generabat,
1952 819 2006 863 et
2028 820 2150 862 esse
2189 806 2502 876 incipiebat,
2534 814 2590 861 et
2618 806 2889 877 incipiens
2926 822 3067 873 esse,
3127 808 3456 879 generabilis
3482 817 3626 875 erat,
3690 824 3848 879 quo—

596 914 758 969 modo
788 921 905 968 erat
937 910 1212 982 ingenita?

1549 1027 1678 1083 CAP.
1720 1022 1932 1079 XXXV.
1967 1021 2264 1092 Ingenitum
2303 1016 2520 1070 dissolvi
2550 1034 2651 1071 non
2679 1027 2864 1088 potest.

661 1143 1026 1211 Quamobrem
1061 1161 1169 1201 non
1206 1146 1275 1200 ab
1308 1146 1415 1199 alio
1445 1144 1682 1199 absurda
1722 1157 1911 1198 eorum
1940 1138 2149 1211 opinio,
2200 1194 2203 1197 _

592 1237 688 1293 sed
720 1238 789 1293 ab
812 1254 1002 1293 eorum
1034 1239 1198 1308 nugis
1228 1236 1603 1307 redarguenda
1634 1244 1719 1291 est
1748 1253 1762 1301 ;
1799 1234 1968 1288 multa
2009 1230 2152 1286 enim

591 1329 784 1384 dicunt
836 1346 1023 1385 secum
1077 1337 1403 1400 pugnantes,
1456 1343 1559 1383 nec
1609 1333 1930 1396 exspectant
1987 1323 2152 1378 faciat

592 1421 735 1476 alius
764 1430 823 1476 ut
850 1421 1199 1484 erubescant,
1235 1419 1331 1475 sed
1380 1417 1483 1488 ipsi
1521 1418 1622 1472 hoc
1646 1417 1768 1470 aliis
1801 1414 2060 1478 invident,
2101 1419 2154 1468 et

592 1512 699 1584 ipsi
738 1527 798 1566 se
837 1511 1189 1566 erubescunt.
1229 1508 1387 1575 Quod
1415 1508 1559 1562 enim
1607 1505 1832 1559 dissolvi
1870 1511 2069 1574 potest,
2100 1508 2154 1556 et

590 1602 913 1659 dissolvitur
938 1611 993 1656 et
1030 1608 1209 1672 potest
1229 1600 1473 1662 interire,
1511 1596 1783 1668 quomodo
1817 1595 1979 1650 fuerit
2005 1595 2155 1662 inge-

590 1696 808 1750 nitum?
848 1692 1120 1763 quomodo
1166 1707 1197 1746 a
1253 1707 1312 1745 se
1366 1689 1681 1745 exstiterit?
1724 1688 1997 1756 quomodo
2046 1702 2155 1740 non

2328 1134 2418 1187 Διὸ
2442 1136 2622 1189 οὐκέτι
2655 1138 2783 1210 παρ’
2811 1138 2995 1211 ἑτέρου
3017 1140 3108 1193 τὸν
3135 1141 3351 1213 ἔλεγχον
3378 1145 3475 1214 τῆς
3505 1145 3711 1199 ἀτόπου
3744 1147 3842 1200 δό-

2260 1226 2356 1298 ξης
2379 1229 2554 1282 αὐτῶν
2586 1229 2861 1301 λήψονται,
2892 1232 3003 1286 ἀλλ’
3033 1235 3139 1287 ἀπὸ
3175 1235 3276 1305 τῆς
3306 1236 3509 1299 οἰκείας
3537 1237 3835 1311 φλυαρίας

2259 1317 2425 1371 πολλὰ
2449 1319 2556 1390 γὰρ
2590 1320 2969 1391 φθεγγόμενοι,
3002 1325 3211 1389 ἑαυτοῖς
3246 1327 3537 1398 μαχόμενοι
3563 1327 3839 1397 φθέγγον-

2256 1424 2365 1461 ται·
2406 1411 2500 1463 καὶ
2543 1411 2726 1466 οὐκέτι
2775 1414 3128 1486 ἀναμένουσιν
3175 1418 3265 1487 ὑφ’
3312 1418 3497 1490 ἐτέρου
3542 1421 3832 1493 ὲρυθριᾷν,

2257 1501 2390 1556 ἀλλὰ
2416 1503 2781 1576 φλυαροῦντες
2818 1508 2975 1561 τοῦτο
2999 1508 3105 1562 ἀπὸ
3132 1511 3230 1581 τῆς
3260 1512 3461 1575 οἰκείας
3494 1516 3832 1583 προπετείας

2253 1592 2538 1664 πάσχουσι.
2572 1595 2645 1650 Τὸ
2670 1597 2779 1669 γὰρ
2807 1598 3098 1670 δυνάμενον
3126 1600 3365 1667 λύεσθαι,
3396 1604 3489 1657 καὶ
3518 1605 3671 1658 λύσιν
3707 1609 3833 1660 ἐπι-

2250 1685 2552 1756 δεχόμενον,
2577 1690 2670 1742 καὶ
2701 1688 2992 1762 δυνάμενον
3024 1691 3448 1764 διαφθείρεσθαι,
3492 1698 3609 1761 πῶς
3645 1698 3714 1751 ἂν
3740 1700 3827 1769 εἴη

590 1789 660 1844 ab
706 1788 814 1843 alio
862 1787 1127 1861 originem
1173 1784 1429 1839 duxerit?
1477 1799 1600 1838 cum
1648 1782 1748 1837 ltoc
1793 1781 2008 1852 quidem
2049 1780 2149 1832 tale

2255 1778 2579 1850 ἀγέννητον;
2615 1782 2730 1846 πῶς
2766 1781 2830 1837 ἂν
2864 1784 2947 1856 εἴη
2978 1786 3069 1855 ἀφ’
3097 1787 3289 1840 ἑαυτοῦ
3322 1789 3412 1854 δν;
3450 1790 3567 1855 πῶς
3599 1793 3702 1845 οὒκ
3732 1794 3827 1862 ἀφ’

590 1882 822 1936 liberum
871 1879 942 1934 sit
996 1879 1064 1933 ab
1114 1877 1337 1932 interitu
1382 1887 1435 1931 et
1484 1874 1802 1946 impatibile,
1844 1872 1976 1927 illud
2021 1886 2151 1925 vero

589 1972 709 2029 tolli
745 1983 801 2027 et
841 1971 1018 2042 perire
1056 1971 1250 2041 possit,
1297 1984 1422 2023 cum
1474 1982 1580 2021 non
1628 1967 1699 2021 sit
1741 1980 1771 2019 a
1814 1980 1890 2019 se.
1944 1962 2149 2029 Quodsi

588 2066 755 2137 perit,
795 2072 854 2118 ut
899 2062 1106 2126 dicitis,
1140 2063 1243 2117 hoc
1281 2061 1425 2116 enim
1471 2058 1650 2114 verbis
1683 2059 1879 2113 vestris
1915 2055 2150 2112 deﬁnitis

587 2172 656 2213 ac
710 2157 1026 2219 decernitis,
1084 2154 1407 2210 confitentes
1460 2150 1763 2214 absorberi,
1834 2159 1887 2204 et
1936 2157 2148 2218 captam

587 2258 755 2321 atque
790 2249 1103 2319 absorptam
1160 2247 1438 2302 interitum
1471 2244 1685 2314 cepisse
1717 2263 1731 2308 ;
1770 2249 1947 2312 potest
1987 2239 2151 2309 igitur

585 2343 706 2413 capi
734 2350 789 2397 et
822 2342 1068 2405 dissolvi,
1114 2348 1168 2394 et
1209 2340 1476 2395 dissoluta
1522 2348 1682 2406 atque
1718 2342 1876 2404 capta
1906 2348 2012 2387 non
2036 2331 2149 2401 jam

585 2436 913 2492 sustentabit
946 2450 1032 2497 ea,
1078 2450 1199 2504 qum
1234 2440 1363 2488 sunt
1406 2447 1512 2485 non
1555 2427 1945 2482 intereuntium
1978 2442 1989 2476 :
2025 2438 2148 2479 cum

583 2539 715 2579 vero
750 2539 858 2578 non
908 2523 1105 2577 habeat
1133 2530 1383 2576 naturam
1409 2522 1476 2574 ab
1516 2519 1861 2573 incommodo
1893 2523 1946 2571 et
1985 2515 2152 2570 inter-

585 2616 668 2672 itu
700 2617 958 2679 alienam,
990 2630 1100 2669 non
1124 2614 1237 2683 jam
1267 2613 1507 2683 ingenita
1531 2626 1653 2666 esse
1674 2609 1954 2680 putabitur
1978 2625 1994 2672 ;
2021 2616 2070 2663 et
2103 2606 2150 2661 si

583 2708 825 2780 ingenita
866 2724 977 2763 non
1015 2718 1097 2763 est
1144 2706 1403 2777 nequitia,
1454 2720 1628 2776 neque
1667 2713 1794 2758 ortu
1833 2718 2008 2771 neque
2046 2701 2151 2754 ﬁne

582 2815 776 2855 carere
806 2800 1121 2870 apparebit,
1155 2814 1277 2853 cum
1309 2799 1446 2852 alias
1475 2797 1694 2869 quidem
1725 2811 1835 2850 non
1868 2794 1959 2855 sit,
1988 2794 2148 2847 modo

582 2906 718 2948 vero
751 2892 926 2947 solum
955 2892 1214 2947 insonare
1241 2889 1507 2943 videatur.
1544 2888 1698 2954 Quod
1728 2887 1872 2943 enim
1902 2894 2007 2949 est,
2038 2900 2149 2939 non

585 2990 670 3036 est
701 2980 1026 3045 substantia,
1060 2979 1154 3034 sed
1185 2979 1410 3034 morbus
1443 2978 1534 3047 qui
1571 2977 1895 3033 substantiis
1927 2976 2145 3041 accidit,

587 3071 682 3142 qui
710 3078 888 3141 potest
920 3085 950 3124 a
981 3069 1307 3126 substantiis
1335 3078 1389 3125 et
1419 3070 1668 3140 personis
1699 3069 1962 3138 separari.
1991 3068 2146 3134 Quod

2251 1869 2434 1939 ἐτέρου
2465 1870 2683 1941 ἧρξατο,
2706 1872 2798 1925 τοῦ
2829 1874 2925 1944 μὲν
2952 1874 3190 1930 τοιούτου
3217 1879 3516 1952 ἀνωλέθρου
3549 1882 3644 1934 καὶ
3676 1882 3838 1935 ἀπα-’

2250 1958 2374 2024 θοῦς
2402 1961 2755 2033 ὑπάρχοντος,
2783 1964 2877 2018 τοῦ
2904 1966 2960 2019 δὲ
2987 1966 3285 2038 δυναμένου
3332 1970 3688 2038 ἀφανίζεσθαι
3729 1974 3825 2027 καὶ

2247 2048 2647 2121 διαφθείρεσθαι
2691 2053 2790 2106 οὐκ
2832 2053 2925 2124 ἀφ’
2964 2055 3156 2108 ἑαυτοῦ
3194 2056 3376 2122 δντοςς
3411 2060 3460 2111 εί
3488 2060 3545 2112 δὲ
3572 2059 3824 2130 διαφθεί-

2250 2159 2421 2214 ρεται,
2460 2141 2532 2207 ὦς
2565 2161 2722 2213 φατε,
2751 2144 2907 2199 τοῦτο
2944 2146 3052 2219 γὰρ
3088 2150 3115 2201 ὁ
3145 2149 3404 2222 ὑμέτερος
3441 2150 3613 2223 ὁρίζει
3638 2152 3824 2222 λόγος,

2246 2233 2306 2286 τὸ
2347 2234 2737 2289 κατατείνεσθαι
2782 2237 3077 2307 ὁμολογῶν,
3113 2241 3172 2294 τὸ
3206 2239 3342 2295 εἶναι
3382 2243 3688 2308 ἀλλοίωσιν,
3726 2248 3825 2301 καὶ

2249 2326 2452 2397 φθορὰν
2488 2326 2585 2399 τὴν
2626 2330 2944 2382 κατάποσιν·
2985 2334 3078 2385 καὶ
3111 2332 3256 2386 ἔστιν
3284 2334 3484 2407 άλωτὴ,
3524 2336 3621 2389 καὶ⁵
3659 2337 3819 2410 λυοὴ,

2248 2420 2339 2471 καὶ
2380 2419 2633 2493 λυομένη,
2671 2422 2763 2474 καὶ
2804 2422 3218 2496 ἁναλισκομένη,
3260 2428 3443 2482 οὐκέτι
3482 2429 3551 2482 τά
3588 2429 3696 2484 τῶν
3747 2431 3820 2502 μὴ

2246 2511 2655 2583 ἀφανιζομένων
2694 2515 3079 2587 ὑποστήσεταν
3119 2518 3192 2591 μὴ
3230 2518 3424 2591 ἔχουσα
3449 2522 3506 2575 δὲ
3530 2522 3628 2595 τὴν
3652 2523 3821 2593 φύσιν

2247 2606 2452 2678 ἀϐλαϐῆ
2480 2608 2573 2660 καὶ
2601 2607 2923 2680 ἀνώλεθρον,
2957 2610 3138 2663 οὐκέτι
3160 2611 3447 2684 ἁγέννητος
3477 2615 3821 2686 ὑποτεθήστο

2246 2717 2353 2753 ται·
2394 2699 2467 2771 μὴ
2494 2696 2628 2754 οὖσα
2664 2702 2721 2756 δὲ
2755 2703 3064 2772 άγέννητος,
3100 2702 3222 2756 οὕτε
3254 2703 3502 2775 ἄναρχος,
3534 2705 3661 2760 οὔτε
3688 2708 3821 2761 ἀτει-

2246 2791 2502 2862 λεύτητος
2544 2798 2839 2865 φανήσεται
2882 2797 2915 2866 ἡ
2959 2795 3144 2859 κακία,
3185 2795 3370 2850 ἄλλοτε
3401 2798 3497 2867 μὲν
3526 2798 3627 2851 οὐκ
3658 2794 3817 2865 οὖσα,

2245 2883 2369 2955 ἄρτι
2395 2884 2451 2937 δὲ
2483 2885 2712 2939 δοκοῦσα
2745 2887 3061 2958 ὲμϐομϐεῖν.
3097 2889 3205 2941 Καὶ
3231 2889 3339 2960 γὰρ
3361 2890 3388 2941 ὃ
3414 2893 3563 2944 ἐστιν
3593 2891 3695 2944 οὐκ
3727 2893 3817 2945 οὐ-

2248 2975 2336 3028 σία
2364 2975 2532 3039 ὲστὶν,
2570 2975 2704 3031 ἀλλὰ
2730 2978 2941 3048 νόσημά
2968 2995 3019 3030 τι
3057 2978 3399 3052 συμϐεϐηκὸς
3435 2981 3566 3052 περὶ
3597 2983 3699 3047 τὰς
3726 2985 3817 3037 οὒ-

2246 3068 2386 3131 σίας,
2408 3067 2701 3139 δυνάμενον
2728 3068 2836 3122 τῶν
2858 3070 3051 3123 οὐσιῶν
3078 3070 3172 3124 καὶ
3195 3071 3300 3124 τῶν
3326 3073 3677 3127 ὑποστάσεων
3708 3094 3815 3145 χω-

588 3132 772 3218 aute-nt
815 3164 1096 3234 deceptor.
1136 3162 1284 3233 quod
1322 3132 1436 3227 est,
1463 3163 1621 3216 ruina
1650 3169 1705 3217 et
1744 3132 1899 3230 lapsu
1927 3132 2144 3223 accidit,

2250 3159 2515 3232 ptoﬂﬁvat'
2541 3161 2621 3213 ὅτι
2655 3159 2762 3233 γὰρ
2800 3160 2958 3224 αὐτὸς
2988 3163 3016 3214 ὁ
3039 3161 3312 3226 ἀπατεὼν,
3338 3164 3475 3235 ὅπερ
3504 3165 3645 3229 ἐστὶ,
3676 3164 3814 3219 κατὰ

586 3266 647 3311 ut
672 3265 838 3320 esset,
865 3258 983 3327 ipsa
1015 3258 1174 3312 ruina
1190 3265 1244 3312 et
1260 3258 1415 3327 lapsu
1440 3263 1732 3310 attestante
1751 3253 2145 3324 ademptionem

582 3351 850 3408 bonorum
903 3351 1170 3422 priorum,
1224 3357 1456 3404 testatur
1511 3348 1732 3418 quidem
1788 3346 1957 3401 Isaias
2023 3359 2146 3414 pro-

581 3444 765 3514 pheta,
798 3457 922 3496 cum
969 3442 1044 3496 ait
1080 3461 1093 3495 :
1144 3438 1416 3505 Quomodo
1474 3437 1657 3492 cecidit
1699 3454 1726 3490 ε
1774 3436 1900 3490 caelo
1940 3435 2146 3503 lucifer,

578 3538 672 3607 qui
700 3552 855 3589 mane
883 3534 1152 3588 oriebatur
1189 3534 1255 3587 9?
1302 3530 1437 3585 Cum
1472 3546 1599 3585 vero
1643 3529 1789 3583 hunc
1831 3528 1988 3582 talen;
2028 3527 2148 3595 ejus

582 3635 790 3684 statum
847 3643 915 3683 ex
960 3627 1117 3696 lapsu
1167 3623 1435 3680 accidisse
1479 3622 1647 3676 sciret
1693 3619 1962 3684 Salvator,
2002 3620 2148 3671 anti-

580 3735 751 3791 quum
802 3733 934 3773 vero
980 3725 1187 3773 statum
1231 3716 1475 3771 divinum
1528 3728 1593 3769 ac
1646 3712 2148 3783 splendidissimum

574 3810 635 3866 ‘et
666 3810 902 3864 maxime
939 3808 1198 3863 decorum
1230 3804 1421 3868 fuisse.
1451 3805 1518 3861 de
1543 3821 1609 3861 eo
1637 3814 1864 3861 testatur
1895 3804 1951 3872 in
1979 3802 2149 3856 Evan-

576 3902 721 3972 gelio
750 3901 1002 3970 inquiens
1026 3897 1193 3952 :Ecce
1225 3896 1370 3952 video
1412 3895 1671 3952 Satanam
1698 3906 1947 3964 tanquam
1969 3894 2149 3964 fulgur

569 3994 850 4048 madentem
896 3992 960 4047 de
1008 3992 1135 4046 caelo
1198 3992 1262 4045 ¹⁰.
1321 3991 1379 4045 Si
1429 3999 1609 4046 autem
1663 3990 1743 4045 sic
1805 3995 1962 4043 natus
2005 3996 2144 4053 erat,

571 4084 632 4139 si
670 4083 751 4138 sic
797 4091 956 4152 aptus
993 4091 1208 4143 natura,
1252 4095 1362 4135 non
1397 4080 1672 4135 diceretur
1703 4087 1816 4133 tum
1858 4078 2142 4144 cecidisse,

582 4183 700 4228 tum
749 4173 1063 4237 decidisse;
1107 4171 1254 4242 quod
1299 4173 1443 4227 enim
1507 4171 1673 4235 cadit,
1714 4188 1782 4226 ex
1824 4179 1972 4227 statu
2015 4186 2146 4241 quo-

582 4266 729 4337 piam
754 4264 936 4331 cadit;
968 4273 1023 4319 et
1052 4263 1198 4334 quod
1226 4263 1451 4328 decidit,
1481 4278 1549 4319 ex
1575 4263 1831 4334 quapiam
1861 4263 2146 4319 abundan-

585 4360 659 4415 tia
687 4357 919 4413 excedit.

2246 3251 2448 3305 πτῶσιν
2483 3254 2576 3305 καὶ
2603 3254 2722 3307 κατ’
2746 3252 2962 3324 ὀλεθρον
2987 3252 3240 3323 τυγχάνει
3270 3255 3368 3325 τῆς
3396 3253 3682 3320 πτώσεως,
3721 3255 3812 3309 καὶ

2244 3344 2336 3398 τοῦ
2368 3345 2578 3399 ὀλίσθου
2625 3345 3020 3418 μαρτυροῦντος
3059 3348 3124 3415 τῇ
3166 3344 3508 3416 ὑπεξαιρέσει
3540 3347 3651 3399 τῶν
3683 3365 3809 3419 προ-

2248 3439 2612 3508 υπηργμένων
2642 3424 2838 3501 καλῶν,
2882 3440 3147 3509 μαρτυρεῖ
3178 3438 3275 3508 μὲν
3290 3439 3513 3503 Ἡσαΐας
3540 3437 3570 3488 ὁ
3600 3439 3808 3512 προφη-

2243 3546 2364 3600 τηςυ
2382 3528 2512 3594 Πῶς
2521 3530 2808 3594 ἐξέπεσεν
2821 3529 2889 3582 ἐκ
2905 3529 3008 3582 τοῦ
3029 3528 3284 3596 οὐρανοῦ
3303 3533 3336 3583 ό
3351 3531 3656 3599 ἑωσφόρος
3669 3533 3811 3600 πρωῒ

2243 3621 2622 3693 ἀνᾳτέλλωιπ
2645 3622 2744 3693 τὴν
2789 3621 2884 3692 μὲν
2912 3621 3117 3675 τοιάνδε
3163 3623 3324 3676 αὑτοῦ
3357 3624 3693 3678 κατάστασιν
3724 3628 3809 3680 ἐκ-

2245 3731 2454 3768 πτωτον
2479 3714 2651 3782 εἰδὼς,
2677 3715 2774 3785 τὴν
2795 3715 2850 3768 δὲ
2872 3715 3108 3769 παλαιὰν
3135 3715 3284 3771 Θείαν
3303 3718 3397 3770 καὶ
3418 3717 3807 3790 διαυγεστάτην

2243 3807 2632 3877 τυγχάνουσαν
2667 3811 2930 3879 μαρτυρεῖ
2954 3808 3010 3860 δὲ
3039 3809 3133 3863 καὶ
3160 3811 3188 3863 ό
3222 3810 3412 3881 Σωτὴρ
3443 3812 3502 3864 ὲν
3530 3812 3607 3882 τῷ
3634 3813 3807 3881 Εὐαγ-

2243 3897 2430 3969 γελίῳ,
2463 3897 2653 3967 λέγων·
2700 3899 2844 3953 Ἰδοὺ
2882 3899 2996 3968 ὁρῶ
3020 3900 3127 3953 τὸν
3156 3899 3431 3954 Σατανᾶν
3460 3902 3542 3967 ὡς
3588 3903 3805 3971 ἀστρα-

2244 3988 2371 4059 πὴν
2403 3993 2668 4044 πεσόντα
2697 3991 2765 4044 ἐκ
2796 3991 2902 4045 τοῦ
2926 3993 3203 4060 οὐρανοῦ.
3241 3995 3303 4047 Εἰ
3332 3995 3389 4048 δὲ
3412 3995 3586 4060 οὕτως
3619 3997 3809 4066 ἐπεφύ-

2244 4097 2349 4147 κει,
2377 4081 2469 4134 καὶ
2495 4080 2665 4144 οὕτως
2689 4078 2777 4153 ἦν,
2819 4083 2920 4136 οὐκ
2949 4082 3013 4136 ἂν
3042 4084 3115 4154 πὴ
3147 4085 3242 4155 μὲν
3273 4084 3499 4151 πτῶσις,
3647 4089 3702 4142 δὲ
3727 4089 3806 4142 Ex-

2244 4190 2450 4237 πτωσις
2479 4174 2741 4227 ἐκαλεῖτο·
2776 4176 2837 4228 τὸ
2875 4176 2983 4247 γὰρ
3029 4181 3224 4231 πῖπτον
3255 4179 3360 4232 ἀπό
3389 4197 3537 4244 τινος
3571 4183 3803 4245 στάσεως

2244 4264 2453 4319 πίπτει’
2499 4266 2561 4320 τὸ
2605 4267 2662 4320 δὲ
2709 4270 2969 4322 ἐκπῖπτον
3021 4269 3128 4322 ἀπό
3168 4287 3313 4334 τινος
3353 4274 3674 4344 περιουσίας
3715 4277 3803 4327 ὲκ-

2244 4357 2442 4413 ϐαίνει.

653 4449 710 4505 Si
739 4446 1053 4503 nominatur
1071 4445 1123 4498 in
1147 4445 1213 4500 iis
1235 4444 1325 4515 qui
1350 4443 1684 4507 ceciderunt,
1710 4452 1826 4515 erat
1851 4445 2144 4514 aliquando

2316 4451 2378 4505 El
2408 4451 2463 4504 δὲ
2493 4452 2550 4504 ἐν
2586 4451 2809 4505 πεσοῦσι
2851 4451 3083 4521 λέγεται,
3110 4449 3179 4526 ἦν
3223 4473 3354 4509 ποτε
3402 4458 3462 4511 ἐν
3505 4459 3691 4513 στάσει
3716 4461 3804 4515 καὶ

583 4543 639 4597 in
672 4549 815 4596 statu
848 4544 902 4592 et
930 4536 1224 4592 stabilitate
1254 4535 1337 4590 :si
1381 4543 1559 4589 autem
1608 4535 1662 4588 in
1704 4535 1772 4589 iis
1797 4537 1889 4606 qui
1921 4536 2139 4592 decide-

584 4642 731 4695 runt,
760 4636 1073 4691 accusatur,
1113 4643 1221 4682 non
1248 4638 1366 4683 erat
1393 4627 1569 4698 inops,
1598 4642 1708 4681 non
1752 4638 1870 4683 erat
1894 4629 2012 4683 Irus
2053 4630 2144 4683 ali-

580 4723 820 4795 quando,
853 4737 976 4776 cum
1018 4721 1267 4777 adluebat
1296 4720 1455 4776 bonis
1490 4720 1742 4790 copiose;
1789 4722 1987 4792 quibus
2018 4738 2143 4792 pro-

582 4826 702 4888 pter
734 4813 983 4869 morbum
1019 4814 1255 4884 aliquem
1291 4812 1555 4883 privatus,
1587 4812 1643 4865 iu
1689 4813 1756 4866 iis
1801 4814 1892 4882 qui
1928 4813 2144 4869 cecide-

582 4916 731 4974 runt,
760 4913 1081 4960 numeratur
1115 4913 1168 4960 et
1201 4905 1451 4960 habetur.
1486 4901 1629 4958 Sane
1660 4904 1877 4973 quidem
1918 4905 2142 4962 affluen-

582 5004 713 5057 tiam
758 5001 878 5071 ejus
928 5000 1211 5071 Scriptura
1254 4999 1563 5056 fatctur:si
1593 5000 1738 5055 enim
1784 5000 1840 5052 in
1886 5013 1951 5053 eo
1999 4999 2142 5069 quod

584 5099 687 5165 ait,
733 5096 1005 5165 Quomodo
1056 5098 1238 5150 cecidit
1295 5096 1517 5166 lucifer?
1562 5111 1762 5151 nomen
1808 5095 2021 5151 luciferi
2063 5096 2145 5150 af-

582 5190 805 5247 ﬂuentia
840 5199 977 5253 erat,
1011 5196 1065 5243 et
1095 5190 1188 5259 qui
1220 5199 1338 5244 erat
1367 5189 1560 5244 lucifer
1595 5188 1769 5259 ipsam
1812 5187 2023 5242 luciferi
2067 5187 2144 5243 cf-

585 5283 871 5338 fectionem
893 5288 947 5335 et
967 5280 1096 5345 vim,
1121 5289 1175 5336 et
1192 5280 1535 5348 alliuentiam,
1553 5289 1607 5336 et
1627 5280 2026 5352 possessionem
2045 5280 2144 5334 ha-

581 5375 775 5442 bebat;
806 5381 862 5428 et
893 5372 961 5427 ab
996 5372 1101 5427 hac
1136 5387 1261 5427 cum
1298 5373 1520 5441 decidit,
1553 5375 1654 5429 hac
1704 5374 1883 5430 factus
1925 5381 2008 5427 est
2055 5388 2145 5426 va-

580 5467 939 5536 cuuszinops
975 5465 1192 5535 quidem
1241 5475 1326 5520 est
1358 5465 1505 5520 illius
1555 5466 1840 5523 allluentiae
1887 5465 2139 5530 lucileri,

580 5568 805 5631 vagatur
829 5558 1134 5626 mendicus,
1162 5565 1217 5614 et
1249 5564 1334 5613 est
1366 5573 1503 5627 pene
1529 5558 1669 5631 Irus,
1698 5571 1751 5616 et
1781 5559 1838 5616 in
1866 5574 2054 5616 casum
2079 5573 2142 5614 ac

555 5812 567 5820 .
653 5718 796 5787 'lsa.
825 5748 935 5800 xv1,
968 5731 1056 5790 12.
1118 5735 1171 5787 .¹⁶
1203 5734 1333 5792 Luc.
1371 5750 1425 5803 τ,
1463 5736 1544 5791 18.

2243 4543 2543 4617 ὲδραιότητι
2575 4548 2879 4616 τυγχάνων
2911 4549 2962 4600 εί
2989 4546 3046 4600 δὲ
3082 4548 3176 4600 καὶ
3208 4551 3265 4602 ἐν
3296 4553 3406 4613 τοῖς
3433 4552 3804 4607 ἐκπεπτωκόσι

2241 4638 2642 4706 κατηγορεῖται,
2687 4636 2747 4689 οὐ
2788 4637 2951 4708 πένης
2974 4633 3062 4708 ἦν,
3098 4640 3199 4691 οὐκ
3226 4635 3372 4711 Ἶρος
3410 4637 3479 4713 ἦν
3529 4660 3678 4708 ποτε,
3720 4644 3802 4696 ὅτε

2241 4729 2440 4800 πολλὴν
2480 4732 2791 4800 περιουσίαν
2830 4726 2995 4802 εἶχεν,
3022 4730 3156 4785 ἀλλὰ
3187 4732 3274 4786 διά
3299 4750 3420 4787 τινα
3442 4734 3597 4788 νόσον
3626 4736 3804 4809 στέρη-

2242 4839 2327 4875 σιν
2354 4822 2564 4892 ἐκείνης
2590 4822 2689 4892 τῆς
2718 4822 3033 4893 περιουσίας
3063 4823 3376 4893 ὑπομείνας,
3409 4827 3466 4878 ὲν
3499 4827 3804 4880 πεπτωκόσι

2241 4914 2501 4985 κρίνεται.
2548 4914 2758 4983 Ἀμέλει
2788 4914 2880 4967 καὶ
2907 4913 3003 4984 τὴν
3032 4915 3346 4984 περιουσίαν
3375 4916 3408 4986 ἡ
3449 4918 3643 4989 Γραφὴ
3679 4920 3802 4989 ὀμο-

2239 5006 2404 5075 λογεῖ.
2441 5007 2503 5059 ΕΞ
2525 5006 2651 5075 γάρ,
2681 5005 2813 5070 Πῶς
2850 5005 3139 5070 ἐξέπεσεν
3164 5009 3197 5059 ὀ
3219 5007 3562 5076 ἑωσφόρος
3591 5011 3683 5062 καὶ
3712 5026 3803 5063 τπ-

2245 5096 2452 5169 ριουσία
2476 5092 2543 5167 ἦν
2565 5097 2625 5149 τὸ
2647 5096 2836 5166 ὄνομα,
2864 5097 2957 5148 καὶ
2990 5097 3263 5167 ἑωσφόρος
3288 5096 3362 5150 ὢν
3391 5100 3562 5171 αὐτὴν
3588 5101 3689 5171 τὴν
3716 5098 3802 5153 τοῦ

2240 5189 2516 5260 ἐωσφόρου
2542 5190 2841 5259 ἐνέργειαν,
2864 5189 2957 5241 καὶ
2977 5188 3221 5258 δύναμιν,
3240 5190 3333 5242 καὶ
3355 5193 3692 5261 περιουσίαν,
3716 5190 3804 5245 καὶ

2240 5285 2429 5354 κτῆσιν
2463 5280 2594 5353 εἶχε,
2626 5283 2719 5335 καὶ
2746 5280 2947 5351 ταύτης
2977 5280 3245 5343 ἐκπεσὼν,
3266 5282 3472 5351 ταύτης
3507 5284 3699 5353 γέγονε
3720 5302 3804 5339 κε-

2239 5371 2357 5435 νός·
2388 5371 2669 5441 πενητεύει
2711 5371 2808 5441 μὲν
2844 5373 2901 5423 ἐν
2931 5373 2995 5442 τῇ
3039 5370 3323 5441 περιουσίᾳ
3353 5372 3449 5426 τοῦ
3504 5374 3800 5447 ἑωσφόρου,

2239 5461 2490 5534 ἀληθεύει
2518 5464 2574 5515 δὲ
2601 5463 2693 5516 καὶ
2729 5462 3022 5516 κινδυνεύει
3044 5460 3191 5532 Ἶρος
3229 5461 3304 5516 ὢν
3333 5465 3427 5517 καὶ
3458 5464 3737 5531 ἔκπτωτος
3773 5466 3802 5518 ὀ

2241 5554 2406 5609 πάλαι
2434 5553 2631 5627 πολλὴν
2662 5554 2970 5624 περιουσίαν
2994 5553 3148 5625 ἔχων·
3193 5556 3241 5608 εί
3278 5555 3334 5609 δὲ
3366 5556 3509 5626 κατὰ
3538 5557 3600 5611 τὸ
3627 5558 3800 5627 Εὐαγ-
