4064 6290
342 329 494 386 1129

1422 329 1789 386 ADVERSUS
1825 329 2252 387 MANICHEOS
2292 328 2418 384 LIB.
2460 329 2502 384 I.

3467 337 3604 392 “50

339 449 534 522 γέλιον
555 448 665 502 τῶν
687 449 992 508 πιπτόντων
1010 451 1127 505 ἐστὶ
1152 451 1245 507 καὶ
1269 453 1444 524 χαμαὶ
1460 453 1726 524 κειμένων
1753 453 1931 508 κυλιν-

2032 452 2244 506 ruinam
2277 451 2458 513 datus,
2494 451 2591 522 qui
2624 451 2753 504 olim
2785 451 2938 507 valde
2962 453 3219 523 copiosus
3247 465 3382 510 erat.
3420 455 3476 512 Si
3504 475 3604 513 an-

336 543 648 616 δουμένων,
665 541 850 597 λοιπὸν
869 545 927 598 ὲν
949 543 1025 615 τῷ
1044 545 1229 614 ἐδάφει
1252 547 1493 616 εἱστήκει
1507 547 1655 610 ποτὲ,
1682 547 1774 600 καὶ
1801 547 1928 616 ἡδύ-

339 654 480 692 νατο
499 635 695 705 λέγειν·
713 634 994 702 Ἐστῶτες
1028 633 1190 707 ἦσαν
1223 639 1276 691 ol
1306 636 1488 702 πόδες
1515 635 1682 706 ἡμῶν
1704 635 1774 691 ἑν
1800 637 1927 702 ταῖς

338 729 568 796 αὐλαῖς
600 743 737 793 σου,
781 727 1198 800 Ἰερουσαλήμ·
1231 729 1460 799 ἠδύνατο
1488 728 1722 784 ἀκούειν’
1740 729 1928 798 Στῆτε

337 821 812 892 περιζωσάμενοι
842 824 948 890 τὰς
983 823 1215 892 ὀσφύας
1248 821 1414 893 ὑμῶν
1437 823 1507 878 ἐν
1532 823 1801 892 ἀληθείᾳ·
1835 824 1928 876 καὶ

339 914 649 986 δυνάμενος
671 901 764 968 τοῦ
791 915 1026 980 ἀκούειν,
1059 916 1156 968 ούκ
1190 915 1522 986 ἠσφαλίσατο
1549 916 1608 969 τὸ
1641 916 1926 988 εἰρημένον

313 997 551 1072 λόγιον*
608 1003 672 1058 '0
702 1003 898 1058 δοκῶν
943 1004 1188 1058 ἑστάναι
1211 1004 1486 1069 βλεπέτω
1502 1004 1588 1076 μὴ
1619 1005 1796 1075 πέσῃ·
1833 1007 1927 1060 καὶ

345 1097 622 1169 μηδεμίαν
668 1098 804 1169 πρὸς
835 1097 896 1151 τὸ
926 1098 1162 1152 τοιοῦτον
1202 1098 1566 1170 πεποιημένος
1603 1098 1922 1167 ἀσφάλειαν,

338 1190 412 1243 ἐν
443 1192 555 1252 τοῖς
577 1189 836 1253 τοιούτοις
862 1191 1095 1261 σήμερον
1115 1189 1437 1243 κυλινδεῖται
1460 1206 1473 1220 ο
1502 1189 1563 1244 τὸ
1594 1190 1702 1263 γὰρ
1730 1191 1816 1244 ἀεὶ
1837 1207 1928 1261 χα-

347 1280 454 1349 μαὶ
487 1281 756 1350 κείμενον,
785 1281 884 1334 οὐκ
919 1281 984 1335 ἂν
1009 1282 1182 1356 πέσῃο
1215 1285 1387 1336 κεῖται
1413 1282 1521 1355 γὰρ
1560 1283 1753 1354 χαμαί’
1785 1282 1845 1336 τὸ
1869 1282 1927 1336 δὲ

340 1371 638 1436 πεπτωκὸς
661 1371 753 1425 καὶ
765 1373 936 1442 χαμαὶ
951 1373 1191 1442 γεγονὸς,
1215 1372 1322 1428 ἀπὸ
1343 1374 1646 1444 ἑστηκότων
1669 1375 1760 1428 καὶ⁹
1778 1375 1928 1446 ἠρει-

346 1457 568 1527 σμένων
585 1459 877 1530 παρέλκον,
901 1461 992 1512 ἐπὶ
1009 1460 1069 1513 τὸ
1087 1465 1273 1514 πεσεῖν
1300 1463 1580 1516 ἐλεύσεται
1597 1479 1609 1491 ⁸
1637 1465 1732 1517 καὶ
1751 1463 1812 1516 τὸ
1840 1464 1928 1516 ἀεὶ

345 1550 650 1620 πενητεῦον
681 1552 775 1603 καὶ
794 1551 1048 1605 οὐδέποτε
1070 1555 1288 1626 εἰληφὸς
1317 1555 1568 1627 οὐδεμίαν
1585 1556 1922 1628 περιουσίαν,

341 1637 605 1692 οὐδέποτε
631 1641 962 1694 ὲκπεσεῖται’
987 1645 1074 1697 ἀεὶ
1101 1645 1208 1718 γὰρ
1229 1647 1379 1700 οὐδὲν
1405 1647 1535 1717 ἔχει,
1564 1648 1658 1701 καὶ
1683 1649 1743 1700 οὐ
1766 1647 1924 1702 δύνα-

339 1745 442 1782 ται
469 1731 738 1795 ἐκπεσεῖν,
761 1732 911 1786 οὐδὲν
933 1734 1187 1790 οὐδέποτε
1210 1739 1460 1809 ἐσχηκόςο
1491 1739 1550 1792 τὸ
1575 1739 1630 1792 δὲ
1656 1739 1924 1793 ἔκπτωσιν

2031 552 2138 598 tem
2177 544 2476 599 secundum
2521 541 2875 612 Evangelium
2921 560 2986 599 ex
3015 559 3202 600 eorum
3236 563 3464 603 numero
3497 559 3602 615 est,

2030 635 2121 706 qui
2153 633 2374 700 cadunt,
2393 644 2448 689 et
2475 633 2624 687 humi
2649 633 2855 703 jacent,
2876 642 2929 690 et
2959 645 3175 706 poterat
3203 637 3416 694 dicere:
3445 633 3609 696 Stani

2032 733 2104 777 tes
2138 732 2288 778 erant
2317 723 2470 794 pedes
2504 724 2678 776 nostri
2715 725 2769 776 in
2813 727 2968 779 atriis
3009 728 3133 789 tuis,
3177 725 3474 785 Jerusalem
3517 732 3600 788 “z

2029 824 2243 886 poterat
2272 816 2462 871 audire
2497 816 2631 872 illud
2667 816 2852 872 :State
2884 820 3137 873 succincti
3169 820 3372 878 lumbos
3407 833 3602 880 vestros

2028 909 2082 961 in
2125 909 2343 962 veritate
2373 911 2414 940 "
2443 927 2457 964 :
2490 919 2544 965 et
2587 925 2712 964 cum
2749 919 2934 980 posset
2978 911 3082 966 hoc
3116 913 3326 981 audire,
3359 916 3605 972 adhibuit

2029 998 2097 1053 ad
2149 1001 2460 1055 cautionem
2506 1009 2561 1056 et
2604 1003 2913 1056 lirmitatem
2967 1002 3111 1072 quod
3153 1003 3226 1057 ait
3288 1003 3600 1076 Scriptura,

2031 1091 2136 1158 Qui
2165 1101 2293 1156 stat,
2323 1093 2498 1148 videat
2526 1110 2590 1147 ne
2629 1093 2786 1147 cadat
2816 1094 2859 1124 ¹³
2887 1113 2900 1149 :
2925 1103 2979 1149 et
3007 1109 3131 1149 cum
3162 1097 3299 1150 nihil
3341 1100 3603 1155 munierit

2030 1192 2220 1240 contra
2250 1185 2374 1253 hoc,
2405 1187 2460 1241 in
2505 1187 2709 1242 talibus
2753 1187 2914 1244 hodie
2945 1190 3175 1244 vertitur
3223 1205 3287 1246 ac
3327 1193 3599 1261 volvitur;

2029 1277 2175 1348 quod
2225 1278 2372 1332 enim
2413 1293 2629 1349 semper
2671 1279 2827 1333 humi
2857 1278 3025 1349 jacet,
3077 1297 3357 1352 nunquam
3404 1283 3600 1353 cadet;

2023 1370 2169 1440 jacet
2189 1371 2335 1425 enim
2363 1371 2512 1426 humi
2543 1372 2727 1442 :quod
2755 1383 2934 1428 autem
2969 1373 3188 1438 cecidit,
3220 1384 3276 1430 et
3308 1383 3392 1430 est
3421 1376 3596 1442 humi,

2028 1479 2136 1516 non
2167 1463 2416 1516 deveniet
2445 1464 2512 1517 ab
2545 1465 2820 1519 stantibus
2847 1474 2900 1518 et
2931 1465 3130 1520 erectis
3158 1465 3222 1519 ad
3254 1466 3596 1535 cadendum;

2026 1562 2080 1610 et
2109 1557 2252 1625 quod
2300 1571 2514 1626 semper
2541 1565 2626 1612 est
2663 1557 2717 1611 in
2746 1557 2952 1627 inopia,
2987 1565 3042 1613 et
3089 1574 3366 1629 nunquam
3401 1561 3600 1616 accidit

2027 1657 2086 1702 ut
2115 1649 2320 1714 aﬂluat,
2352 1665 2630 1720 nunquam
2664 1651 2855 1716 cadet;
2900 1665 3115 1720 semper
3159 1655 3303 1708 enim
3342 1654 3476 1708 nihil
3509 1653 3600 1709 ha-

2025 1741 2136 1805 bet,
2166 1751 2219 1795 et
2244 1741 2442 1796 cadere
2488 1757 2597 1796 non
2635 1751 2835 1812 potest,
2889 1743 3034 1814 quod
3066 1743 3200 1797 nihil
3231 1760 3469 1816 unquam
3500 1746 3597 1800 ha-

341 1823 674 1894 ύπομείναν,
706 1825 798 1878 καὶ
832 1825 1095 1891 πεπονθὸς
1127 1827 1234 1882 ἀπὸ
1263 1829 1464 1901 πολλῆς
1491 1831 1804 1902 περιουσίας
1833 1833 1926 1884 καὶ

2028 1829 2164 1883 buit.
2197 1829 2566 1895 Quodcasum
2607 1839 2662 1886 et
2694 1832 2909 1886 ruinam
2953 1834 3138 1897 sentit,
3173 1842 3392 1907 propter
3419 1836 3595 1891 abun-

336 1912 634 1986 ύπάρξεως
659 1915 934 1986 τυγχάνει.
963 1917 1072 1970 Καὶ
1101 1917 1339 1984 τοιοῦτος
1371 1920 1470 1992 μὲν
1490 1922 1518 1974 6
1545 1920 1756 1992 πρῶτος
1772 1921 1921 1990 ἔλεγ-

326 2019 463 2074 χος.

2026 1921 2270 1976 dantiam
2317 1930 2370 1978 et
2418 1938 2533 1978 rem
2567 1923 2824 1979 amissam
2865 1926 3051 1980 sentit.
3081 1926 3160 1981 Ac
3190 1928 3329 1983 ratio
3375 1930 3593 2000 quidem

2027 2015 2202 2086 prima
2229 2015 2540 2086 opinionem
2572 2017 2736 2072 istam
2770 2017 3128 2074 convincendi
3166 2020 3291 2076 talis
3319 2031 3423 2078 est.

1245 2187 1375 2243 Car.
1408 2185 1648 2242 XXXVI.
1686 2185 1933 2243 Patibilis
1962 2189 2105 2246 Deus
2130 2192 2416 2247 secundum
2445 2191 2791 2251 Manichwos.

445 2349 570 2404 Δλλ*
615 2351 801 2424 ἐπειδή
851 2369 1012 2422 φασιν
1037 2369 1051 2383 ο
1075 2355 1194 2408 Ἔτι
1244 2356 1510 2427 προϊοῦσα
1541 2359 1574 2429 ἡ
1607 2360 1794 2423 κακία,
1827 2376 1922 2414 και

331 2443 545 2512 ἑαυτὴν
578 2444 988 2509 κατατείνουσα,
1018 2447 1111 2500 καὶ¹
1150 2449 1414 2521 γενομένη
1460 2451 1596 2522 πρὸς
1637 2451 1715 2522 τῷ
1759 2454 1918 2522 φωτὶ,

335 2536 596 2605 ἣρπασεν
627 2537 736 2589 ἀπὸ
776 2535 868 2590 τοῦ
906 2539 1101 2606 φωτὸς,
1129 2539 1224 2592 καὶ¹
1257 2541 1512 2595 κατέπιεν
1536 2543 1642 2596 ἀπὸ
1679 2544 1772 2597 τοῦ
1809 2562 1922 2614 φω-

338 2629 468 2692 τός·
507 2627 636 2700 φέρε
673 2628 770 2699 τὴν
809 2630 1123 2700 πρεσϐείαν,
1157 2633 1222 2703 ἣν
1253 2633 1394 2706 ὑπὲρ
1425 2635 1519 2688 τοῦ
1557 2637 1792 2710 πονηροῦ
1819 2656 1918 2691 πε-

339 2721 599 2792 ποίηνται
639 2720 778 2774 κατὰ
797 2722 893 2792 τῆς
929 2722 1202 2793 ἀληθείας,
1233 2724 1532 2779 καταλῦσαι
1560 2727 1632 2799 μὴ
1656 2747 1920 2801 παραιτη-

343 2809 606 2882 σώμεθα⁸
651 2811 935 2881 ἐπαίρουσι
985 2813 1093 2884 γὰρ
1131 2813 1208 2884 τῷ
1249 2814 1392 2886 λόγῳ
1432 2801 1602 2886 τούτῳ
1630 2815 1726 2886 τὴν
1757 2835 1920 2888 πονη-

343 2904 495 2974 ρίαν,
542 2903 872 2967 εὐτελίζουσι
902 2905 1086 2977 δὲτὴν
1120 2906 1406 2978 ἀλήθειαν
1454 2909 1548 2960 καὶ
1595 2907 1762 2978 νεῦρα
1819 2908 1918 2978 μὲν

341 2993 550 3048 διδόασι
588 2997 650 3064 τῇ
698 2995 950 3067 πονηρία,
984 2995 1206 3069 άνευρον
1231 2998 1287 3051 δὲ
1314 2997 1410 3070 τὴν
1449 2997 1704 3070 ἀλήθειαν
1732 2998 1917 3052 ὑποτί-

344 3086 554 3141 θενται.
591 3087 652 3140 ΕΞ
700 3089 809 3159 γὰρ
851 3091 882 3160 ή
931 3089 1026 3160 μὲν
1059 3090 1291 3160 πονηρία
1347 3091 1584 3162 ἥρπασε,
1619 3091 1677 3143 τὸ
1707 3090 1764 3143 δὲ
1803 3089 1917 3160 φῶς

342 3181 644 3252 ἥρπασται,
676 3182 769 3235 καὶ
797 3182 1173 3252 ἁρπαζόμενον
1202 3182 1424 3254 ἔπασχε,
1456 3183 1546 3237 καὶ
1569 3185 1774 3254 πάσχον
1816 3200 1915 3238 πα-

2091 2357 2198 2416 Sed
2239 2359 2367 2430 quia
2416 2359 2607 2416 dicunt
2649 2359 2797 2430 quod
2848 2359 3093 2432 nequitia
3137 2359 3315 2416 adhuc
3367 2377 3590 2435 progre-

2021 2450 2198 2515 diens,
2232 2467 2295 2506 ac
2325 2467 2384 2507 se
2415 2451 2587 2521 ipsam
2613 2452 2900 2508 intendens
2932 2469 2994 2508 ac
3024 2454 3288 2509 roborans
3317 2465 3370 2509 et
3399 2456 3591 2511 lumini

2020 2543 2484 2612 appropinquans,
2520 2543 2701 2613 rapuit
2733 2558 2799 2599 ex
2824 2559 2890 2599 eo
2936 2553 2990 2599 et
3023 2545 3342 2614 absorbuit;
3377 2561 3474 2618 age
3514 2548 3589 2603 le—

2020 2634 2289 2702 gationem
2324 2649 2484 2704 quam
2537 2651 2635 2705 pro
2665 2635 2884 2691 diabolo
2913 2645 3105 2692 contra
3141 2640 3417 2694 veritatem
3468 2657 3590 2698 sus—

2018 2731 2315 2792 ceperunt,
2377 2724 2677 2780 dissolvere
2753 2741 2822 2780 ne
2871 2725 3215 2796 defugiamus
3261 2746 3273 2782 :
3323 2729 3590 2782 extollunt

2019 2819 2163 2873 enim
2206 2819 2292 2875 his
2335 2821 2516 2876 verbis
2557 2822 2795 2888 malum,
2829 2829 3126 2877 extenuant
3169 2833 3348 2879 autem
3391 2826 3591 2881 verita-

2018 2911 2152 2969 tem,
2195 2912 2248 2960 et
2281 2921 2478 2961 nervos
2523 2909 2774 2963 tribuunt
2808 2912 3099 2981 nequitiae;
3129 2913 3412 2968 veritatem
3459 2930 3590 2970 vero

2019 2996 2137 3053 sine
2171 2999 2355 3055 nervis
2387 3010 2617 3071 ponunt.
2653 3001 2864 3058 Etenim
2913 3005 2957 3058 si
2989 3005 3228 3074 nequitia
3272 3007 3473 3076 rapuit,
3507 3007 3590 3062 lu-

2018 3105 2142 3147 men
2171 3107 2300 3147 vero
2338 3103 2551 3164 raptum
2589 3102 2698 3161 est,
2746 3096 2964 3167 etquod
2997 3097 3399 3155 dominaturum
3447 3107 3585 3165 erat,

2020 3180 2259 3250 patitur;
2294 3190 2347 3238 et
2377 3187 2520 3254 quod
2545 3187 2771 3254 patitur,
2811 3187 3029 3256 patibile
3067 3197 3180 3255 est;
3214 3190 3454 3260 patibilis
3485 3193 3580 3262 igi-

343 3273 508 3344 Οητδν
551 3270 645 3346 ἦν·
706 3273 942 3346 παθητὸς
995 3275 1092 3346 μὲν
1125 3275 1243 3329 κατ’
1272 3276 1468 3339 αὐτοὺς
1523 3277 1555 3328 6
1587 3275 1738 3340 Θεὸς,
1777 3275 1919 3329 ἀπα-

2022 3283 2110 3328 tur
2139 3275 2379 3345 ipsorum
2405 3277 2659 3346 Opinione
2691 3277 2834 3334 Deus
2851 3287 2932 3334 est
2955 3300 2967 3334 :
2992 3280 3222 3335 Satanas
3247 3299 3375 3338 vero
3394 3299 3589 3354 expers

343 3365 446 3437 θὴς
477 3365 536 3419 δὲ
571 3368 599 3419 6
631 3367 909 3430 Σατανᾶς·
949 3368 978 3420 6
1027 3367 1126 3437 μὲν
1168 3367 1461 3438 δυνάμενος
1522 3366 1739 3432 παθεῖν,
1783 3370 1811 3421 6
1859 3367 1917 3420 δὲ

339 3457 639 3528 δυνάμενος
659 3459 874 3530 δρᾶσαι.
894 3458 999 3512 Τοῦ
1023 3458 1131 3531 γὰρ
1160 3459 1336 3530 φωτὸς
1358 3459 1510 3524 ὄντος
1535 3459 1802 3531 παθητοῦ,
1827 3459 1918 3512 καὶ

339 3550 504 3614 αὐτὸς
535 3550 600 3604 ἂν
630 3552 714 3621 εἴη
747 3551 1004 3620 παθητὸς,
1040 3553 1137 3622 οὐχ
1171 3552 1355 3625 ἕτερος
1385 3551 1461 3606 ὢν
1500 3552 1648 3623 παρὰ
1677 3553 1738 3604 τὸ
1769 3551 1912 3620 φῶς·

339 3644 456 3710 εἴγε
481 3641 716 3712 ἠδυνήθη
745 3642 953 3706 παθεῖν,
983 3644 1076 3696 καὶ
1116 3644 1308 3696 παθεῖν
1341 3642 1415 3714 μὴ
1439 3643 1530 3712 ἀφ’
1554 3642 1769 3706 ἑαυτοῦ,
1801 3640 1914 3695 ἀλλ’

339 3736 449 3789 ὑπὸ
480 3735 572 3787 τοῦ
596 3734 852 3806 πολεμίου
885 3737 976 3789 καὶ
1005 3736 1340 3807 μαχομένου·
1373 3737 1467 3789 καὶ
1494 3735 1791 3805 ἀποστῆναι
1817 3734 1914 3805 μὲν

337 3824 562 3891 ἑαυτοῦ,
592 3826 842 3894 γενέσθαι
871 3826 927 3879 δὲ
958 3828 1098 3900 πρὸς·
1118 3826 1196 3897 τῷ
1215 3827 1440 3899 χείρονι’
1467 3826 1583 3890 πῶς
1612 3827 1669 3880 δὲ
1695 3826 1914 3880 καὶτῶν

341 3922 494 3976 ἰδίων
523 3918 870 3990 κεχώρισται,
891 3921 921 3972 6
945 3919 1042 3990 τὴν
1057 3918 1317 3990 ἑνωτικὴν
1345 3919 1503 3988 φύσιν
1527 3918 1694 3989 έχων;
1719 3918 1786 3972 τὰ
1806 3917 1914 3990 γὰρ

336 4013 487 4068 κατὰ
514 4013 674 4082 φύσιν
697 4011 977 4081 πεφυκότα
999 4011 1321 4084 χωρίζεσθαι
1343 4011 1546 4065 ἑαυτῶν
1574 4012 1633 4064 ού
1653 4011 1909 4080 πέφυκεν.

335 4106 401 4158 Et
435 4103 496 4156 δὲ
519 4101 809 4172 ἀγέννητον
836 4097 903 4173 ἦν
943 4101 1004 4154 τὸ
1042 4102 1156 4170 φῶς
1183 4102 1278 4156 καὶ
1312 4103 1487 4174 ἥνωτο
1509 4101 1587 4172 τῷ
1615 4102 1909 4173 ἀγεννήτῳ,

336 4197 458 4260 πῶς
489 4213 618 4248 ποτε
659 4193 988 4266 χωρισθῆναι
1019 4194 1332 4266 δεδύνηταιο
1369 4194 1484 4260 πῶς
1509 4195 1566 4249 δὲ
1598 4194 1912 4265 ἀπαλλαγῆ-

334 4308 424 4344 ναι
461 4287 677 4353 ἑαυτοῦ,
707 4290 802 4342 καὶ
835 4287 1089 4358 γενέσθαι
1121 4288 1307 4361 ἕτερον
1336 4290 1463 4360 παρ’
1495 4287 1685 4351 ἑαυτάς
1719 4289 1768 4340 εἰ
1803 4286 1911 4357 γὰρ

334 4382 654 4453 ὑπηρέτησε
685 4380 926 4452 πονηρῷ,
967 4381 1062 4434 καὶ
1097 4379 1450 4451 βεϐιασμένον
1477 4379 1583 4433 ὑπὸ
1619 4380 1718 4449 τῆς
1744 4395 1910 4449 πονη-

339 4477 483 4547 ρίας,
516 4474 699 4527 λοιπὸν
744 4473 813 4526 τὰ
869 4474 1130 4545 πονηρίας
1179 4474 1380 4543 ᾑρεῖτο,
1415 4471 1509 4524 καὶ
1565 4470 1799 4539 ἔπραττε
1843 4468 1910 4521 τά

337 4566 635 4638 πονηρίαςο
682 4565 777 4618 καὶ
821 4565 1006 4636 ἠγνόει
1045 4566 1143 4636 μὲν
1193 4563 1374 4625 ἑαυτὸ,
1405 4564 1498 4616 καὶ
1531 4561 1714 4615 οὐκέτι
1749 4558 1908 4611 ἑαυτὸ

337 4633 658 4729 ἐγνώριζεν,
703 4657 817 4710 ἀλλ’
847 4633 1144 4728 έπιλῆσμον
1170 4655 1363 4710 ἑαυτοῦ
1394 4653 1661 4723 ἐγεγόνει·
1687 4649 1822 4722 ᾤετο
1847 4649 1904 4703 δὲ
1938 4633 1980 4686 D

337 4751 497 4805 ἑαυτὸ
519 4749 756 4804 τοιοῦτον
786 4745 924 4802 εἶναι
946 4746 1056 4803 οἷόν
1079 4751 1194 4802 ἐστι
1228 4748 1320 4802 καὶ
1351 4747 1412 4800 τὸ
1438 4745 1668 4818 πονηρόν
1687 4763 1700 4776 ·
1739 4744 1904 4815 μαχό-

341 4859 496 4913 μενος
553 4843 849 4913 φανήσεται
893 4844 922 4894 6
961 4841 1144 4908 λόγος’
1197 4841 1257 4893 τὸ
1301 4841 1410 4910 γάρ
1447 4839 1736 4909 ἀγέννητον
1781 4835 1902 4889 οὔτε

335 4936 495 4990 ἑαυτὸ
544 4937 746 5005 ἀγνοεῖ,
795 4934 916 4988 οὔτε
959 4933 1111 4988 ἔσται
1143 4933 1326 5006 ἓτερον
1372 4933 1500 5004 παρ’
1532 4931 1726 4984 ἑαυτό·
1769 4927 1904 4982 ἀλλὰ

335 5027 572 5081 τοιοῦτον
622 5029 884 5097 διαμένει,
933 5022 1044 5080 οἷον
1087 5023 1186 5098 ἦν·
1250 5028 1342 5080 καὶ
1403 5025 1656 5079 οὐδέποτε
1710 5020 1899 5075 ἑαυτοῦ

335 5119 794 5191 ἀπαλλαγήσεται,
823 5119 1077 5172 οὐδέποτε
1104 5119 1197 5172 τοῦ
1228 5116 1366 5173 εἶναι
1399 5118 1722 5190 ἀρξάμενον.

2021 3375 2229 3420 natura:
2262 3367 2536 3435 patibilis;
2574 3369 2664 3423 ille
2690 3370 2906 3439 quidem
2938 3372 3078 3426 male
3102 3372 3236 3427 aﬂiei
3271 3383 3471 3443 potest,
3498 3377 3586 3430 hic

2018 3473 2149 3512 vero
2187 3461 2328 3514 male
2361 3458 2593 3515 allicere.
2632 3460 2691 3515 Si
2729 3464 2873 3516 enim
2914 3464 3095 3518 lumen
3139 3466 3362 3535 patibile
3391 3475 3496 3534 est,
3533 3478 3586 3524 et

2019 3550 2136 3621 ipse
2181 3550 2325 3607 Deus
2369 3561 2453 3608 est
2485 3553 2748 3623 patibilis,
2779 3570 2901 3610 eum
2949 3573 3057 3611 non
3109 3559 3179 3613 sit
3213 3559 3358 3613 aliud
3394 3569 3589 3630 praeter

2016 3641 2220 3696 lumen.
2249 3641 2407 3708 Quod
2438 3643 2484 3698 si
2519 3646 2695 3712 potuit
2721 3643 2862 3700 male
2891 3643 3052 3713 alIici,
3078 3652 3132 3699 et
3163 3661 3269 3700 non
3303 3662 3333 3700 a
3365 3663 3424 3702 se
3447 3647 3586 3702 male

2016 3732 2175 3796 allici,
2208 3735 2299 3789 sed
2323 3735 2392 3790 ab
2424 3735 2581 3789 hoste
2611 3741 2665 3788 et
2697 3748 2994 3805 pugnante,
3027 3745 3080 3791 et
3101 3735 3336 3792 deﬁcere
3366 3753 3393 3791 a
3418 3753 3497 3806 se,
3519 3746 3574 3794 et

2014 3841 2137 3880 esse
2189 3824 2332 3895 apud
2365 3826 2649 3882 deterius:
2679 3827 2955 3896 quomodo
2996 3842 3026 3881 a
3068 3829 3303 3898 propriis
3350 3845 3573 3900 separa-

2015 3923 2128 3970 tum
2171 3925 2275 3976 est.
2313 3917 2459 3986 quod
2506 3925 2754 3971 naturam
2798 3918 2958 3974 habet
3002 3920 3428 3990 c0pulatricem?
3454 3939 3575 3993 qua:

2013 4009 2158 4064 enim
2189 4008 2490 4064 secundum
2543 4015 2794 4094 naturaJn
2831 4019 2956 4082 apta
3002 4021 3130 4065 nata
3173 4020 3320 4078 sunt,
3355 4021 3413 4068 ut
3455 4031 3486 4070 a
3523 4032 3581 4072 se

2013 4101 2149 4171 ipsis
2179 4108 2522 4171 separentur,
2557 4117 2666 4156 non
2702 4101 2892 4158 insunt
2925 4110 3138 4158 natura.
3190 4105 3246 4158 Si
3291 4114 3468 4160 autem
3500 4108 3585 4161 in-

2010 4193 2252 4264 genitum
2281 4201 2398 4248 erat
2424 4194 2630 4258 lumen,
2678 4201 2733 4249 et
2772 4204 2890 4249 erat
2919 4211 3042 4250 eum
3078 4197 3323 4268 ingenito
3359 4201 3584 4270 copula-

2010 4293 2148 4350 tum,
2184 4286 2459 4355 quomodo
2498 4300 2740 4355 unquam
2776 4289 3022 4357 separari
3065 4291 3278 4359 potuit?
3306 4292 3581 4362 quomodo

2010 4390 2042 4429 a
2066 4392 2124 4432 se
2149 4375 2355 4443 divelli,
2391 4385 2444 4432 et
2477 4376 2593 4432 ﬁeri
2624 4375 2771 4430 aliud
2797 4392 2960 4448 quam
2997 4380 3148 4434 erat?
3184 4379 3242 4436 Si
3281 4383 3428 4437 enim
3478 4382 3582 4438 mi-

2009 4470 2266 4525 nistravit
2307 4470 2468 4532 malo,
2517 4471 2680 4541 idque
2729 4487 2825 4541 per
2854 4473 2961 4526 vim
3012 4488 3040 4526 a
3073 4475 3316 4544 nequitia
3349 4476 3578 4538 illatam,

2010 4557 2270 4630 deinceps
2305 4559 2605 4630 nequitiam
2635 4560 2890 4630 eligebat,
2925 4571 2979 4618 et
3008 4579 3128 4633 quae
3161 4573 3288 4619 sunt
3319 4582 3579 4635 nequam,

2010 4651 2390 4720 perpetrabat;
2427 4658 2482 4705 et
2511 4651 2796 4722 ignorabat
2839 4668 2920 4717 se,
2961 4668 3063 4708 nec
3107 4669 3166 4709 se
3193 4654 3306 4724 jam
3345 4657 3584 4727 amplius

2009 4743 2361 4812 agnoscebat,
2398 4743 2491 4798 sed
2541 4743 2627 4798 sui
2664 4743 2847 4814 potius
2893 4744 3124 4799 oblitum
3166 4753 3318 4812 erat;
3357 4748 3578 4817 putabat

2008 4833 2153 4887 enim
2186 4847 2244 4888 se
2275 4835 2382 4888 tale
2413 4848 2559 4900 esse,
2591 4835 2750 4902 quale
2773 4841 2858 4888 est
2885 4835 3112 4892 malum.
3141 4835 3199 4890 Si
3223 4837 3296 4890 ita
3320 4845 3460 4903 erat,
3483 4853 3577 4909 ap-

2010 4926 2277 4996 parebunt
2321 4925 2437 4980 haec
2470 4926 2850 4996 repugnantia.
2898 4925 3052 4994 Quod
3087 4929 3230 4982 enim
3277 4928 3572 5000 ingenitum

2007 5025 2113 5080 est,
2147 5033 2322 5086 neque
2365 5033 2424 5072 se
2463 5018 2694 5087 ignorat,
2729 5033 2829 5073 nec
2869 5019 3015 5074 aliud
3052 5021 3176 5084 erit,
3211 5029 3575 5092 praeterquam

2007 5117 2112 5172 est,
2162 5108 2256 5164 sed
2301 5109 2482 5178 potius
2531 5109 2638 5166 tale
2678 5118 3012 5180 perseverat,
3063 5114 3224 5185 quale
3267 5123 3416 5180 erat;
3468 5129 3568 5170 nec

337 5227 572 5280 unquam
604 5228 632 5264 a
661 5227 720 5266 se
747 5212 983 5281 disjungi
1020 5213 1218 5283 potuit,
1245 5213 1390 5282 quod
1421 5224 1699 5280 nunquam
1729 5205 1894 5274 carpit
1922 5216 2063 5258 esse.

416 5305 552 5360 Ἀλλ’
585 5307 772 5378 ἐπειδὴ
805 5307 1025 5379 γραώδη
1057 5310 1152 5363 καί¹
1177 5308 1391 5379 μυθώδη
1409 5305 1900 5378 φθέγγονται,οὗτε

333 5398 361 5451 δ
390 5397 634 5466 λέγουσιν
678 5399 902 5462 ειδότες,
935 5399 1050 5453 ἀλλ’
1088 5402 1182 5470 ἀφ’
1227 5395 1301 5454 ὧν
1334 5401 1581 5470 λέγοντες
1621 5398 1901 5454 δυσωπού-

337 5506 504 5562 μενοι,
541 5493 634 5544 καὶ
665 5490 824 5544 τοῦτο
858 5491 1269 5564 προγράφωμεν
1292 5491 1370 5562 τῷ
1399 5492 1561 5562 λόγον
1587 5493 1650 5545 Εἰ
1669 5491 1902 5561 ἠδύνατο

2082 5316 2303 5384 Verum,
2331 5321 2456 5390 quia
2498 5322 2664 5377 anilia
2712 5331 2768 5379 et
2817 5327 3190 5383 commentitia
3237 5328 3570 5397 loquuntur,

2008 5425 2117 5464 non
2154 5411 2513 5482 intelligentes
2553 5431 2676 5485 quae
2702 5416 2911 5483 dicunt,
2940 5419 3035 5472 sed
3077 5434 3144 5473 ex
3188 5419 3256 5473 iis
3287 5419 3421 5488 ipsis
3449 5436 3570 5491 quae

2006 5499 2216 5563 dicunt,
2242 5503 2431 5557 revicti
2465 5512 2518 5559 et
2551 5519 2611 5561 se
2653 5508 3061 5572 erubescentes,
3092 5508 3196 5564 hoc
3223 5509 3387 5564 etiam
3419 5512 3485 5566 ad
3507 5528 3569 5568 ea

333 5585 391 5638 τὸ
427 5583 541 5652 φῶς
569 5583 922 5656 ἁμειφθῆναι,
964 5586 1058 5638 καὶ
1088 5585 1274 5656 ἕτερον
1303 5585 1430 5657 παρ’
1448 5585 1608 5639 ἑαυτὸ
1627 5585 1898 5654 γενέσθαι,

2018 5607 2126 5648 uua:
2167 5591 2312 5647 dicta
2350 5601 2497 5661 sunt,
2530 5595 2792 5653 addamus
2824 5615 2836 5650 :
2865 5597 2919 5652 Si
2947 5605 3159 5668 poterat
3198 5600 3380 5656 lumen
3419 5616 3577 5660 com-

403 5739 437 5770 ¹¹
466 5737 611 5794 Psal.
653 5754 800 5802 cm,
832 5738 887 5791 ‘3.

649 5835 919 5893 ΡΑΤιιοι..
963 5833 1080 5894 Gn.
1130 5828 1360 5894 XVIII.

967 5739 1009 5769 ¹²
1036 5737 1232 5808 Ephes.
1266 5755 1339 5802 vr,
1375 5739 1460 5799 M.
1541 5741 1582 5772 ⁸³
1614 5738 1784 5795 ICor.
1820 5759 1872 5804 vc.
1907 5744 1999 5796 I2.

3176 5852 3254 5914 36
