4064 6290
550 353 680 410 “Si

1669 337 1834 393 'TlTl
1872 333 2293 393 BOSTRENSIS
2331 331 2633 389 EPISCOP!

3641 324 3783 383 H32

550 475 771 539 mutari,
817 481 869 529 et
914 473 1057 528 aliud
1091 467 1450 544 malequam
1499 473 1616 523 erat
1659 465 1837 536 ipsum
1873 461 2010 527 ﬁeri,
2055 470 2108 517 et

2211 459 2304 510 καὶ
2335 457 2587 526 γενέσθαι
2635 457 2769 528 πρὸς
2800 458 2865 528 τῇ
2893 471 3143 526 πονηριᾳ,
3172 465 3266 507 και
3299 449 3489 506 εαυτοῦ
3524 449 3626 520 μὲν
3655 449 3780 500 ἑπι-

550 583 674 622 esse
722 566 862 637 apud
912 566 1207 635 nequitiam
1256 579 1319 619 ac
1370 561 1456 619 sui
1501 558 1898 623 oblivisci,-et
1930 556 2107 612 facere

551 673 885 728 quaecunque
905 657 1152 727 nequitia
1180 655 1342 721 facit;
1373 652 1550 724 potuit
1580 651 1685 705 hoc
1714 648 1930 705 evenire
1957 647 2108 719 prin-

551 752 763 822 cipibus
803 751 1074 822 nequitiae,
1105 756 1163 805 ut
1187 749 1360 819 magis
1388 745 1661 817 potuerint
1693 741 1890 797 mutari
1920 745 1974 795 in
2005 741 2104 794 bo-

552 860 698 899 num.
746 843 800 897 Si
851 851 1030 898 autem
1085 842 1310 896 mutatio
1350 841 1465 895 ﬁeri
1514 837 1693 908 potuit
1748 845 1802 890 et
1853 833 2104 896 variatio,

549 929 823 998 quomodo
851 944 961 983 non
993 930 1184 983 melius
1216 935 1332 983 erat
1365 943 1431 982 ex
1462 926 1594 980 vitio
1623 927 1678 978 in
1703 924 1957 977 virtutem
1988 938 2106 976 mu-

550 1019 674 1082 tari,
701 1036 864 1089 quam
907 1037 972 1075 ex
1005 1021 1205 1076 virtute
1239 1021 1294 1074 in
1326 1018 1557 1077 vitium?
1591 1016 1874 1083 Quomodo
1914 1030 2105 1086 passus

549 1117 630 1164 est
673 1107 838 1172 Deus,
892 1117 945 1164 et
975 1110 1222 1179 permisit
1254 1108 1370 1179 rapi
1408 1107 1626 1162 lumen?
1667 1105 1948 1174 Quomodo
1994 1120 2104 1159 non

548 1197 825 1266 prohibuit
871 1199 1322 1268 aggressionem?
1368 1195 1652 1264 Quomodo
1710 1212 1819 1250 non
1870 1196 2105 1250 servavit

549 1289 684 1342 sua?
711 1288 994 1355 Quomodo
1011 1296 1300 1359 postquam
1328 1289 1506 1342 ablata
1537 1295 1684 1351 sunt,
1713 1288 1888 1342 noluit
1914 1303 2102 1341 eorum

549 1379 939 1448 providentiam
982 1385 1035 1433 et
1066 1379 1504 1447 procurationem
1551 1379 1788 1434 habere?
1824 1377 2104 1444 Quomodo

547 1489 655 1527 non
684 1473 836 1543 prius
869 1472 1127 1540 impetum
1158 1479 1211 1525 et
1237 1483 1492 1525 conatum
1524 1470 1800 1524 coercuit?
1823 1469 2103 1535 Quomodo

548 1577 654 1615 non
688 1561 858 1631 magis
891 1562 1125 1616 servavit
1154 1575 1221 1616 ne
1248 1566 1594 1631 caperentur,
1622 1560 1716 1614 sed
1746 1561 1925 1629 potius
1947 1566 2100 1628 capta

546 1660 600 1706 et
623 1651 832 1721 direpta
863 1651 1066 1706 auxilio
1103 1667 1217 1706 non
1255 1651 1578 1705 honoravit?
1620 1649 1678 1704 Si
1714 1650 1836 1704 ideo
1868 1649 2013 1714 fecit,
2045 1657 2102 1702 ut

549 1743 729 1795 lumen
781 1755 904 1795 cum
953 1740 1008 1795 in
1058 1742 1216 1797 malis
1255 1747 1420 1805 esset,
1462 1740 1606 1794 mala
1651 1747 1902 1805 mutaret,
1945 1739 2099 1808 quasi

2209 547 2484 613 λαθέσθαι,
2513 548 2732 618 ποιῆσαι
2767 547 2823 600 δὲ
2858 547 2957 600 ὅσα
2985 543 3273 616 ήπονηρία
3315 543 3487 595 ποιεῖ·
3514 539 3781 610 ἠδύναντο

2209 642 2302 696 καὶ
2320 643 2366 694 οἱ
2382 642 2480 711 τῆς
2494 640 2754 711 πονηρίας
2775 640 3032 712 ἄρχοντες
3048 636 3204 690 τοῦτο
3219 635 3432 699 παθεῖν,
3452 633 3547 687 καὶ
3573 631 3779 702 μᾶλλον

2209 731 2734 804 μεταϐάλλεσθαιὲπὶ
2744 730 2804 783 τὸ
2816 730 2974 784 καλόν
2993 769 3007 782 .
3023 723 3332 799 Ἰσχυούσης
3345 726 3402 778 δὲ
3420 724 3518 795 τῆς
3540 723 3780 796 μεταϐο-

2205 824 2303 895 λῆς
2319 824 2410 876 καὶ
2422 823 2724 894 δυναμένης
2734 823 2830 892 τῆς
2845 821 3198 883 ἀλλοιώσεως,
3218 819 3332 881 πῶς
3347 818 3448 870 οὐκ
3467 818 3690 888 ἄμεινον
3706 809 3780 884 ἦν

2203 919 2316 980 τοῖς
2353 919 2541 980 κακοῖς
2589 917 2788 986 μᾶλλον
2815 916 2906 968 ἐπὶ
2931 915 3028 985 τὴν
3055 912 3258 984 ἀρετὴν
3297 909 3700 982 μεταϐληθῆναι
3739 907 3778 975 ἧ

2204 1010 2316 1072 τοῖς
2348 1006 2529 1069 καλοῖς
2574 1007 2666 1058 ἐπὶ
2699 1005 2795 1076 τὴν
2821 1005 3016 1058 κακίαν
3045 1021 3059 1068 ;
3088 1002 3212 1065 Πῶς
3240 1002 3296 1055 δὲ
3330 1001 3424 1054 καὶ
3449 999 3708 1068 ἠνέσχετο
3747 997 3783 1047 ὁ

2205 1099 2354 1163 Θεὸς,
2387 1099 2479 1151 καὶ
2506 1097 2773 1167 ληφθῆναι
2800 1096 2860 1148 τὺ
2893 1095 3006 1164 φῶς
3037 1091 3299 1163 ἐπέτρεψε
3323 1108 3336 1156 ;
3361 1090 3483 1153 Πῶς
3509 1091 3569 1142 οὐ
3591 1086 3778 1147 κεκὼ-

2204 1191 2333 1245 λυκε
2380 1191 2478 1262 τὴν
2522 1190 2733 1261 ὁρμήν,
2783 1187 2906 1252 Πῶς
2947 1186 3014 1240 τὰ
3061 1185 3168 1238 ἴδια
3205 1185 3304 1237 οὐκ
3345 1183 3610 1254 ὲτήρησε;
3647 1179 3782 1242 Πῶς

2203 1283 2281 1345 δὲ,
2306 1262 2451 1352 ’μετά
2490 1281 2552 1334 τὸ
2584 1279 2970 1352 ἀφαιρεθῆναι,
3015 1278 3268 1349 πρόνοιαν
3299 1276 3406 1328 τῶν
3446 1271 3780 1345 ἀφαιρεθέν-

2204 1391 2311 1427 των
2354 1371 2680 1444 ποιήσασθαι
2709 1371 2768 1424 οὐ
2805 1369 3155 1441 βεϐούληται;
3187 1368 3310 1432 Πῶς
3364 1367 3424 1420 οὐ
3485 1363 3781 1436 προλαϐὼν

2204 1464 2401 1534 ἐπέσχε
2453 1461 2548 1533 τὴν
2593 1462 2963 1533 έπιχείρησιν;
3004 1459 3127 1524 Πῶς
3177 1457 3374 1530 μᾶλλον
3412 1455 3667 1510 ἀνάλωτα
3709 1455 3778 1507 οὐ

2203 1557 2524 1627 τετήρηκεν,
2575 1553 2710 1608 ἀλλὰ
2754 1553 2948 1606 ἁλόντα
2998 1553 3089 1604 καὶ
3136 1550 3406 1622 ληφθέντα
3458 1547 3684 1618 βοηθείᾳ
3712 1547 3780 1600 οὐ

2201 1646 2524 1717 τετίμηκεν;
2575 1645 2638 1697 Et
2687 1644 2784 1714 μὲν
2823 1644 3002 1696 εἴασεν
3038 1642 3123 1694 ἵνα
3157 1639 3216 1694 τὸ
3254 1641 3369 1708 φῶς
3400 1639 3693 1708 γενόμενον
3718 1639 3781 1689 ἐν

2202 1741 2314 1800 τοῖς
2355 1739 2543 1799 κακοῖς
2561 1735 2850 1814 μεταόάλῃ
2873 1736 2940 1789 τὰ
2974 1734 3138 1799 κακὰ,
3167 1733 3241 1797 ὡς
3270 1731 3576 1802 δυναμένων
3607 1747 3782 1801 μετα-

550 1831 743 1884 mutari
804 1837 1029 1901 possent
1074 1830 1269 1884 mala:
1316 1844 1426 1883 non
1487 1828 1653 1899 igitur
1707 1829 1850 1881 mala
1905 1835 2101 1882 natura

2203 1828 2490 1883 ϐάλλεσθαι
2526 1828 2632 1881 τῶν
2677 1827 2882 1894 κακῶν,
2911 1828 3094 1881 οὐκέτι
3122 1826 3188 1880 τὰ
3213 1825 3356 1879 κακὰ
3389 1823 3590 1894 φυσικά
3613 1823 3781 1876 δυνά-

549 1923 691 1976 mala
725 1933 884 1990 sunt;
914 1938 1034 1993 quae
1073 1938 1196 1978 cum
1227 1922 1426 1976 mutari
1454 1928 1705 1991 possunt,
1751 1919 2102 1990 sponsionem

548 2007 604 2061 in
634 2011 931 2066 mutatione
961 2011 1076 2081 ipsa
1104 2011 1399 2080 accipiunt,
1435 2026 1546 2064 non
1570 2024 1691 2065 esse
1713 2019 1907 2064 natura
1937 2009 2098 2064 mala.

621 2099 676 2154 Si
697 2107 875 2156 autem
908 2101 1110 2156 sciebat
1143 2115 1250 2154 non
1280 2100 1501 2165 mutari,
1531 2115 1708 2170 neque
1747 2107 1942 2154 natura
1977 2108 2103 2169 apta

547 2207 670 2247 esse
733 2203 790 2247 ut
840 2195 1191 2249 mutationem
1247 2203 1502 2265 caperent
1577 2193 1851 2264 quomodo
1898 2193 2103 2248 frustra

547 2284 691 2350 sivit,
737 2295 796 2339 ut
830 2285 1030 2340 bonum
1059 2287 1332 2356 jacturam
1375 2285 1600 2351 faceret,
1646 2293 1700 2341 et
1736 2287 1945 2341 lucrum
1992 2299 2101 2339 non

545 2375 811 2432 tribueret
842 2377 1024 2431 malo?
1054 2377 1336 2444 Quomodo
1369 2379 1497 2434 sivit
1527 2379 1644 2448 ipsa
1677 2377 1818 2432 mala
1845 2392 1956 2431 non
1983 2393 2105 2431 mu-

543 2469 673 2533 tari,
706 2483 764 2524 se
791 2483 920 2523 vero
949 2477 1002 2524 et
1033 2484 1132 2523 sua
1153 2469 1294 2532 bona
1319 2477 1526 2524 mutata
1560 2469 1833 2540 neglexit?
1853 2468 2104 2522 Absurda

543 2570 628 2615 est
659 2560 802 2615 enim
839 2560 952 2614 haec
987 2561 1343 2631 praescriptio,
1390 2561 1570 2631 ipsum
1598 2577 1720 2616 esse
1765 2563 2100 2627 mutabilem,

544 2652 672 2722 quia
715 2667 813 2708 sua
861 2660 1170 2720 mutantur;
1224 2668 1335 2707 non
1389 2669 1511 2709 esse
1559 2663 1736 2708 autem
1787 2655 2103 2709 mutabilem

543 2743 848 2797 materiam.
877 2743 1052 2812 Atque
1091 2743 1192 2797 hoc
1225 2743 1444 2813 quidem
1491 2744 1571 2798 sic
1601 2743 2002 2814 redarguimus,
2045 2752 2103 2799 ut

545 2834 816 2904 prolixum
844 2848 1149 2889 sermonem
1178 2835 1584 2898 contrahamus,
1621 2835 1837 2890 silentio
1870 2845 2096 2905 praeter-

548 2931 742 2978 euntes
779 2924 872 2978 illa
912 2924 1278 2995 integumenta
1325 2942 1446 2996 qua:
1482 2925 1803 2992 obtendunt,
1856 2927 1979 2982 illas
2019 2943 2102 2982 re-

545 3012 876 3082 pugnantias
905 3021 960 3067 et
987 3011 1198 3069 fabulas
1229 3025 1283 3068 et
1307 3029 1518 3085 pugnas
1556 3017 1866 3086 gigantum;
1893 3025 1951 3070 ut
1982 3033 2102 3087 quae

544 3102 612 3156 de
655 3102 920 3174 principio
969 3119 1152 3160 rerum
1205 3105 1350 3160 dicta
1411 3114 1560 3172 sunt,
1609 3108 1782 3162 instar
1814 3108 2097 3178 cujusdam

545 3193 773 3249 subsidii
803 3195 947 3250 dicta
992 3195 1122 3265 sint,
1163 3197 1571 3269 habeanturque
1615 3207 1869 3270 tanquam
1910 3215 2096 3256 semen

545 3288 923 3354 quastionum.

2206 1942 2342 1996 μενα
2390 1923 2840 1995 μεταϐάλλεσθαι,
2867 1923 2976 1977 ἀπὸ
3008 1923 3115 1976 τῶν
3143 1921 3330 1976 κακῶν
3377 1921 3630 1991 ἐνέχυρον
3677 1918 3778 1989 τὴν

2206 2017 2504 2090 μεταϐολὴν
2534 2017 2676 2071 κατά
2702 2020 2799 2088 τῆς
2830 2017 3043 2087 φύσεως
3065 2014 3345 2086 λαμϐάνει.

2271 2110 2335 2162 Εἰ
2365 2109 2421 2162 δὲ
2449 2109 2733 2178 ἠπίστατο,
2763 2109 2844 2160 ὅτι
2883 2109 2957 2161 οὑ’
2995 2107 3370 2179 μετεϐάλλετο,
3420 2105 3512 2158 καὶ
3560 2105 3646 2157 ὅτι
3711 2103 3775 2154 οὗ

2204 2200 2444 2268 πέφυκεν
2483 2195 2854 2252 ἀλλοιοῦσθαι·
2899 2198 3016 2261 πῶς
3048 2199 3222 2270 μάτην
3258 2199 3405 2250 είασε
3442 2194 3644 2264 ζημίαν
3674 2192 3776 2264 μὲν

2202 2290 2486 2360 ὑπομεῖναι
2540 2291 2601 2343 τὸ
2649 2290 2830 2357 καλὸν,
2882 2291 3072 2360 κέρδος
3128 2290 3185 2343 δὲ
3241 2289 3314 2360 μὴ
3357 2289 3651 2358 ἀπονεῖμαι
3695 2285 3776 2355 τῷ

2202 2382 2390 2452 xum};
2421 2383 2546 2448 Πῶς
2575 2384 2632 2437 δὲ
2660 2384 2798 2437 αὐτὰ
2832 2385 2929 2456 μὲν
2967 2384 3035 2438 τά
3070 2384 3211 2437 κακὰ
3241 2381 3578 2438 ἀλλοιοῦσθαι
3603 2376 3772 2441 οἷδδο,

2203 2474 2392 2528 ἑαυτὸν
2439 2477 2493 2529 δὲ
2523 2477 2614 2529 καὶ
2649 2476 2717 2530 τὰ
2746 2476 2936 2530 ἑαυτοῦ
2977 2475 3118 2530 καλὰ
3164 2475 3516 2546 ἀλλοιούμενα
3573 2473 3771 2544 παρεῖ-

2201 2565 2324 2630 δεν;
2352 2567 2585 2630 Ἀτοπος
2605 2567 2712 2639 γάρ
2737 2569 2860 2638 ὅρος
2885 2561 3058 2632 οὗτος,
3081 2567 3238 2621 αὑτὸν
3263 2568 3360 2638 μὲν
3386 2562 3524 2620 εἶναι
3553 2565 3771 2619 ἀλλοιω-

2201 2657 2312 2724 τὸν,
2359 2639 2446 2711 διὰ
2492 2659 2553 2711 τὸ
2603 2659 2941 2714 ἀλλοιοῦσθαι
2971 2661 3040 2714 τά
3076 2660 3288 2726 ἑαυτοῦ,
3316 2659 3388 2731 μὴ
3426 2654 3562 2711 εἶναι
3592 2657 3649 2710 δὲ
3679 2657 3772 2710 άλο

2201 2747 2518 2820 λοιουμένην
2548 2750 2644 2822 τὴν
2671 2750 2824 2822 ὓλην.
2857 2753 2965 2806 Καὶ
2982 2753 3171 2805 τούτου
3198 2753 3294 2821 μὲν
3318 2750 3552 2812 τοιοῦτος
3579 2750 3607 2801 ό
3626 2749 3770 2816 ελεγ-

2201 2856 2312 2910 χος,
2343 2841 2428 2893 ἵνα
2458 2841 2655 2914 πολλὴν
2689 2844 3050 2914 συστείλωμεν
3083 2843 3312 2914 ὁμιλίαν,
3355 2841 3451 2906 τὰς
3500 2842 3766 2912 προϐολὰς

2199 2931 2398 2996 αὐτῶν,
2423 2931 2520 2996 τάς
2551 2934 2746 3004 μάχας,
2763 2934 2859 2998 τὰς
2887 2934 3201 3005 μυθοποιίας
3229 2933 3440 2995 ὲκείνας
3472 2933 3566 2985 καὶ
3582 2949 3770 3000 γιγαν-

2200 3023 2465 3094 τομαχίας
2495 3025 2800 3089 σιωπῶντες
2819 3043 2831 3055 ·
2867 3027 2952 3079 ἴνα
2995 3027 3088 3079 καὶ
3120 3026 3186 3079 τά
3216 3025 3478 3096 εἰρημένα
3511 3026 3639 3094 περὶ
3671 3023 3768 3092 τῆς

2201 3113 2372 3184 ἀρχῆς
2403 3114 2509 3168 τῶν
2541 3117 2902 3187 πραγμάτων,
2956 3117 3109 3189 δίκην
3137 3118 3388 3189 ἀφορμῆς
3425 3133 3572 3179 τινος
3623 3117 3768 3187 είρη-

2205 3203 2339 3273 μένα
2385 3205 2644 3280 τυγχάνῃ,
2682 3209 2774 3260 καὶ
2803 3207 3021 3280 σπέρμα
3068 3207 3175 3260 τῶν
3207 3207 3482 3280 ζητήσεων
3521 3208 3765 3282 ὑπάρχῃ.

543 3441 3734 3475 ._________.___________________________________________

1634 3625 1988 3713 LIBER
2060 3625 2753 3750 SECUNDUS._

1377 3931 1504 3989 Car.
1546 3931 1585 3986 l.
1620 3930 1818 4002 Scopus
1849 3934 2170 3990 auctoribus.
2213 3930 2368 3987 Nihil
2401 3932 2529 3986 mali
2571 3940 2803 3985 creatum
2834 3941 2929 3988 est.

614 4061 770 4127 Ducit
815 4072 924 4140 jam
967 4087 1066 4127 nos
1108 4033 1369 4143 deinceps
1412 4073 1550 4128 ratio
1593 4073 1983 4144 disputationis
2031 4075 2098 4128 ad

542 4162 920 4218 disserendum
960 4163 1105 4217 serio
1137 4161 1206 4217 de
1237 4162 1367 4219 Deo.
1407 4161 1684 4219 Fortassis
1716 4167 1860 4220 enim
1900 4166 2032 4220 nihil
2068 4182 2098 4220 a

543 4255 674 4308 ludo
723 4251 1012 4316 ditl‘erunt,
1064 4267 1185 4322 quae
1227 4251 1498 4308 hactenus
1547 4253 1617 4307 ad
1667 4255 2098 4310 confutationem

543 4349 738 4403 fabula:
768 4348 913 4402 illius
945 4347 1090 4401 dicta
1123 4356 1269 4402 sunt.
1295 4346 1373 4402 Ne
1397 4347 1560 4416 igitur
1584 4349 1755 4404 risum
1783 4365 2098 4406 moveamus

542 4444 900 4515 prudentibus
920 4482 935 4508 ,
963 4449 1327 4498 commentum
1353 4443 1508 4498 valde
1533 4443 1636 4499 sibi
1670 4460 1978 4515 repugnans
2007 4461 2099 4500 ac-

542 4537 790 4591 curatius
818 4535 1159 4590 excutientes
1185 4552 1199 4600 ;
1231 4547 1351 4603 quae
1379 4541 1558 4588 autem
1597 4549 1625 4587 a
1659 4533 1955 4590 Manichtno
1985 4552 2099 4589 ma-

543 4627 624 4695 gis
657 4625 888 4696 mystica
919 4626 1135 4680 inventa
1164 4633 1326 4688 sunt,
1357 4639 1477 4693 qua:
1505 4632 1635 4680 sunt
1664 4627 1948 4696 complura
1971 4667 1986 4691 ,
2024 4627 2100 4681 si-

544 4717 710 4770 lentio
743 4724 1129 4786 praetereuntes
1156 4735 1170 4770 :
1205 4716 1584 4787 aggrediemur
1611 4717 1726 4786 jam
1743 4716 1943 4773 docere
1964 4761 1978 4785 ,
1999 4733 2099 4773 ne-

542 4806 770 4874 quitiam
800 4807 1014 4876 quidem
1039 4822 1380 4878 nequaquam
1411 4808 1709 4862 secundum
1737 4809 2097 4864 substantiam

542 4898 806 4953 exsistere
826 4937 841 4962 ,
875 4914 1050 4968 neque
1076 4899 1318 4955 materia:
1349 4899 1676 4971 principium
1702 4900 1872 4953 ullum
1899 4901 2101 4970 princi-

543 4992 632 5059 pio
664 5003 856 5043 carens
883 4987 992 5042 Deo
1019 4990 1356 5044 contrarium
1397 5005 1544 5044 esse.
1591 4987 1768 5044 Unum
1809 5005 1938 5044 vero
1978 5005 2098 5046 esse

2277 4080 2431 4146 Ἀγει
2461 4077 2525 4147 δὴ
2555 4075 2738 4129 λοιπὸν
2781 4075 2924 4146 ἡμᾶς
2963 4076 2991 4128 ὁ
3041 4074 3197 4143 λόγος
3237 4074 3326 4128 ἐπὶ
3354 4075 3450 4145 τὴν
3479 4075 3609 4146 περὶ
3634 4069 3767 4130 Θεοῦ

2203 4166 2666 4234 σπουδαιολογίαν·
2701 4165 2916 4228 παιδιᾶς
2938 4165 3044 4239 γάρ
3078 4164 3207 4228 ῐσως
3239 4164 3484 4236 διέφερεν
3521 4166 3674 4221 οὐδὲν
3699 4167 3766 4218 τὰ

2203 4258 2338 4328 πρὸς
2365 4255 2668 4324 ἀνασκευὴν
2715 4255 2816 4325 τῆς
2857 4255 3063 4308 ἐκείνου
3113 4253 3436 4325 μυθολογίας
3479 4256 3760 4328 εἰρημένα.

2205 4349 2319 4401 Ἵνα
2344 4345 2436 4402 οὖν
2471 4349 2544 4419 μὴ
2567 4349 2659 4401 καὶ
2685 4347 2894 4416 γέλωτα
2913 4349 3232 4420 ὀφλήσωμεν
3259 4347 3407 4417 παρὰ
3427 4351 3541 4412 τοῖς
3561 4348 3758 4418 ἔμφροτ

2206 4457 2278 4506 σι,
2311 4440 2530 4509 πλάσμα
2571 4440 2689 4494 λίαν
2720 4439 3018 4493 ἀσύστατον
3043 4439 3456 4512 περιεργότερον
3490 4439 3765 4503 ἐξετάζον·

2201 4550 2311 4595 τες,
2339 4535 2439 4586 ὅσα
2479 4532 2542 4603 δὴ
2582 4533 2806 4603 εὕρηται
2837 4532 3210 4603 μυστικώτερα
3241 4530 3318 4600 τῷ
3350 4531 3588 4584 Μάνεντι
3633 4531 3767 4601 (ἔστι

2202 4625 2259 4677 δὲ
2289 4624 2623 4694 πάμπολλα),
2654 4624 2811 4692 λόγου
2843 4623 3104 4696 μηδαμῶς
3119 4622 3480 4690 ἀξιώσαντες·
3512 4623 3616 4694 ήδη
3651 4639 3765 4675 πει-

2208 4715 2482 4786 ρασόμεθα
2516 4716 2702 4780 δεῖξαι,
2733 4716 2808 4779 ὼς
2848 4717 3012 4770 κακία
3045 4717 3140 4786 μὲν
3181 4714 3414 4786 οὐδαμοῦ
3441 4715 3561 4768 κατ’
3583 4715 3766 4768 οὐσίαν

2205 4809 2454 4879 ὑπάρχει,
2501 4807 2613 4861 οὗθ’
2661 4808 2791 4880 ὕλης
2826 4810 2965 4880 ἀρχή
3007 4827 3090 4872 τις
3133 4809 3364 4878 ἄναρχος
3391 4807 3764 4861 ἀντιτέτακται

2204 4899 2322 4970 Θεῷ
2340 4917 2352 4929 ·
2386 4901 2481 4970 μία
2508 4901 2564 4954 δὲ
2585 4901 2726 4972 ἀρχὴ
2747 4901 2854 4954 τῶν
2885 4901 3042 4963 ὅλων,
3078 4901 3170 4956 καὶ
3194 4896 3273 4963 εἷς
3295 4900 3426 4964 Θεὸς
3445 4901 3475 4952 ὀ
3501 4899 3573 4954 τά
3595 4899 3765 4952 πάντα

2201 4991 2627 5062 δημιουργήσας.
2650 4992 2790 5046 καλά
2816 5009 2874 5044 τε
2908 4993 3000 5045 καὶ
3029 4993 3126 5063 τῆς
3153 4991 3315 5045 αὑτοῦ
3376 4991 3570 5060 σοφίας
3619 4990 3762 5055 ἄξια.

545 5083 869 5152 principium
909 5082 1150 5135 omnium
1171 5121 1186 5147 ,
1227 5089 1281 5138 et
1321 5097 1489 5136 unum
1535 5081 1703 5138 Deum
1724 5121 1740 5146 ,
1781 5082 1871 5150 qui
1912 5083 2094 5136 omnia
2120 5083 2326 5137 creavit
2353 5082 2495 5138 bona
2527 5091 2580 5138 et
2611 5083 2797 5152 iipsius
2827 5081 3090 5150 sapientia
3121 5081 3304 5152 digna.

613 5196 893 5252 Manichaei
938 5195 1081 5249 enim
1109 5234 1125 5260 ,
1176 5203 1461 5266 postquam
1511 5197 1566 5250 in
1613 5196 1983 5266 disputatione
2027 5195 2094 5251 de

542 5291 828 5362 principiis
879 5287 1113 5342 convicti
1171 5294 1334 5350 sunt,
1387 5289 1455 5342 ad
1517 5289 1656 5342 hanc
1700 5288 2096 5342 dubitationem

531 5390 802 5450 tanquam
855 5375 1124 5433 dimcilem
1154 5375 1221 5430 ad
1250 5375 1595 5431 enodaudum
1644 5387 1700 5432 et
1741 5378 1940 5433 multas
1983 5385 2101 5431 ten-

546 5471 755 5527 diculas
778 5480 832 5526 et
870 5468 1152 5540 captiones
1193 5475 1383 5522 contra
1423 5465 1716 5523 disserenti
1765 5469 2094 5538 praebentem

547 5565 909 5618 deducuntur.
943 5561 1203 5629 Quarum
1228 5560 1370 5616 enim
1392 5599 1407 5623 ,
1439 5559 1582 5614 unde
1619 5561 1759 5614 mala
1798 5561 2104 5616 exsistant?

545 5653 657 5708 Nos
699 5666 876 5710 autem
926 5654 1154 5710 ﬁdenter
1203 5649 1630 5722 respondemus,
1683 5667 1806 5705 cum
1846 5668 1989 5708 unus
2032 5652 2103 5706 sit

549 5745 690 5801 Deus
719 5747 811 5816 qui
839 5755 1036 5801 cuncta
1065 5745 1189 5802 fecit
1209 5786 1223 5811 ,
1244 5745 1379 5800 nihil
1404 5743 1623 5815 quidem
1654 5742 1951 5800 secundum
1977 5743 2102 5799 sub-

2272 5199 2381 5252 Καὶ
2417 5199 2525 5269 γὰρ
2570 5199 2634 5269 δὴ
2673 5199 2722 5250 οἱ
2752 5197 2810 5261 ἐξ
2850 5197 3079 5260 ἐκείνου,
3103 5196 3319 5250 ἐπειδὰν
3341 5199 3470 5269 περὶ
3500 5197 3609 5251 τῶν
3638 5199 3763 5254 ἀσυ-

2205 5292 2410 5345 στάτων
2439 5289 2620 5361 ἀρχῶν
2649 5292 2708 5342 ὲν
2723 5289 2864 5360 λόγῳ
2877 5289 3274 5360 διελεγχθῶσιν,
3304 5290 3396 5342 ὲπὶ
3419 5289 3622 5360 ταύτην
3645 5307 3763 5344 κατ-

2203 5383 2420 5449 άγονται
2464 5381 2562 5452 τὴν
2589 5380 2950 5450 ὲπαπόρησιν,
2978 5379 3054 5444 ὠς
3075 5380 3509 5444 δυσαπόδεικτον,
3531 5382 3625 5434 καὶ
3648 5380 3765 5432 πολ-

2204 5472 2300 5534 λὰς
2355 5471 2694 5543 παρέχουσαν
2741 5470 2911 5534 λαϐάς
2951 5472 3089 5525 κατὰ
3120 5471 3212 5524 τοῦ
3243 5471 3760 5543 προδιαλεγομένου,

2207 5564 2524 5631 φάσκοντεςο
2553 5563 2723 5616 Πόθεν
2749 5558 2842 5616 οὗν
2872 5563 2939 5615 τὰ
2967 5563 3111 5616 κακά
3128 5579 3142 5628 ;
3159 5562 3341 5632 Φαμὲν
3366 5563 3430 5634 δὴ
3456 5561 3763 5634 θαρσαλέως

2205 5655 2383 5723 ἡμεῖς,
2411 5654 2485 5717 ὡς
2538 5653 2657 5717 ἑνὸς
2713 5653 2865 5717 ὄντος
2897 5653 3031 5706 Θεοῦ
3068 5654 3163 5707 τοῦ
3212 5653 3387 5707 πάντα
3432 5653 3764 5723 δημιουργήυ

2207 5759 2416 5809 σαντος,
2443 5743 2592 5797 οὒδὲν
2635 5745 2732 5816 μὲν
2773 5746 2891 5798 κατ’
2923 5744 3107 5798 οὐσίαν
3141 5745 3204 5798 ἐν
3241 5747 3352 5807 τοῖς
3405 5739 3524 5798 οὖσι
3573 5743 3762 5810 κσκδν,
