4064 6290
295 391 456 448 1155
1404 393 1772 450 ADVERSUS
1809 394 1877 448 ΜΛ

1981 393 2231 450 ΟΗΑΞΟΞ
2271 394 2393 450 LIB.
2436 393 2498 448 il.
3429 403 3565 460 1154

293 513 500 567 πάντα
543 511 602 566 δέ
644 511 785 566 καλὰ
824 512 964 577 λίαν,
1003 515 1098 568 καὶ
1133 515 1401 585 διαφόρως
1441 516 1602 579 καλὰ,
1633 519 1877 590 καὶπρὸς

1991 517 2248 571 stantiam
2293 517 2496 571 malum
2535 501 2697 584 esse;
2731 527 2930 572 cuncta
2975 527 3158 574 autem
3189 522 3344 576 valde
3385 523 3562 590 bona,

292 603 570 666 ποικίλας
603 603 826 673 χρήσεις
872 605 1378 676 κατεσκευασμένα,
1416 605 1641 660 καὶτῶν
1665 607 1877 677 γενομέ-

1993 615 2047 662 ct
2076 607 2392 665 diﬂ‘erenter
2422 610 2596 674 bona,
2627 617 2684 665 et
2713 610 2782 665 ad
2812 612 2993 666 varios
3024 626 3158 667 usus
3190 612 3329 668 facta
3357 633 3371 681 ;
3397 617 3563 670 nihil-

293 711 423 752 νων
469 695 622 750 οὐδὲν
663 695 790 749 ἄνευ
835 696 995 767 λόγου
1040 700 1360 772 γεγένηταισ
1391 701 1504 754 ἀλλ’
1525 702 1752 756 ἕκαστον
1784 703 1877 756 τῶι

1992 713 2099 769 que
2141 713 2331 754 eorum
2378 715 2501 770 quae
2553 702 2692 755 facta
2742 710 2899 767 sunt,
2944 701 3063 757 sine
3103 706 3318 760 ratione
3363 705 3562 762 factum

289 784 484 840 ὄντων
515 785 724 857 μικρῶν
750 803 809 840 τε
837 787 928 841 καὶ
953 789 1203 858 μεγάλων
1233 792 1289 843 ἐν
1310 790 1484 861 ἑαυτῷ
1505 790 1616 862 ἔχει
1637 791 1730 845 τοῦ
1753 788 1877 845 εἶναι

1991 805 2146 856 esse,
2193 791 2286 847 sed
2333 794 2762 864 unumquodque
2802 810 2993 850 eorum
3033 810 3153 865 quae
3180 795 3370 853 eil‘ecta
3401 809 3563 862 sunt,

291 876 404 929 τὸν
436 875 612 944 λόγον,
634 875 740 930 τῶν
771 894 830 930 τε
857 878 914 932 ἐν
945 876 1157 950 οὐρανῷ
1178 880 1271 932 καὶ
1301 880 1358 932 ἐν
1380 881 1446 950 τῇ
1474 882 1544 951 γῇ
1584 881 1675 933 καὶ
1702 883 1758 934 ἐν
1797 879 1877 934 θαι

1993 896 2216 952 parvum
2247 891 2301 938 et
2336 899 2620 950 magnum,
2652 886 2706 940 in
2739 887 2881 940 caelo
2909 894 2964 942 et
2993 887 3052 940 in
3085 896 3230 943 terra
3258 897 3313 944 et
3343 889 3398 944 in
3429 894 3560 945 mari

291 965 510 1038 λάττῃο
563 965 657 1018 καὶ
697 964 885 1038 ῶσπερ
931 966 1115 1038 ἄρτιον
1165 969 1257 1022 καὶ
1302 969 1592 1041 ὁλόκληρον
1635 969 1792 1040 σῶμα
1822 975 1877 1041 τῇ

1993 973 2196 1029 habere
2219 975 2274 1029 in
2299 990 2358 1030 se
2386 977 2652 1032 rationezn
2683 993 2797 1033 sua:
2822 980 3108 1042 essentia,
3135 981 3564 1054 fabricatamque

295 1058 572 1111 συστάσει
600 1057 710 1112 τῶν
753 1058 934 1130 μερῶν
958 1060 1051 1112 καὶ
1095 1059 1272 1130 μελῶν
1299 1060 1696 1115 κατεσκεύασεν
1731 1064 1764 1133 ή
1789 1061 1877 1134 ἆρ-

1991 1081 2114 1122 esse
2144 1067 2468 1136 sapientiam
2494 1068 2588 1124 Dei
2622 1070 2949 1128 inellabilem
2977 1073 3293 1133 universum
3321 1077 3426 1132 hoc
3450 1087 3563 1133 tan-

295 1151 479 1222 ῥητος
523 1149 618 1203 τοῦ
661 1150 796 1204 Θεοῦ
842 1151 1000 1220 σοφία
1044 1151 1160 1205 τόδε
1209 1152 1270 1205 τὸ
1315 1154 1454 1206 πᾶν·
1486 1151 1625 1206 ὥστε
1653 1153 1788 1225 ὅπερ
1823 1154 1877 1209 ἂι

1990 1175 2153 1229 quam
2185 1161 2455 1231 integrum
2483 1170 2536 1216 et
2569 1170 2740 1216 totum
2774 1179 2978 1235 corpus
3006 1169 3401 1226 constitutione
3435 1188 3561 1243 par.

294 1243 536 1314 ἀφέλοις
558 1243 635 1314 τῷ
655 1242 797 1314 λόγῳ
821 1243 926 1296 τῶν
952 1243 1256 1315 γενομένων
1284 1244 1360 1308 ὼς
1388 1245 1664 1316 περιττὸν,
1683 1247 1877 1318 καὶτῆς

1991 1251 2122 1306 tium
2152 1259 2208 1308 et
2241 1254 2643 1309 membrorum:
2667 1265 2744 1320 ut,
2778 1258 3042 1328 quidquid
3069 1261 3339 1318 ademeris
3361 1242 3559 1320 rationi

293 1337 503 1410 χρείας
529 1337 826 1409 ἀλλότριον,
855 1336 1509 1423 ἀκρωτηριάζεσθαιᾲόλον
1533 1337 1594 1392 τὸ
1619 1338 1780 1410 σῶμα
1807 1339 1877 1393 δο-

1989 1358 2180 1398 eorum
2211 1361 2332 1415 qua:
2361 1346 2502 1401 facta
2528 1355 2690 1412 sunt,
2723 1357 2983 1420 tanquam
3016 1368 3482 1423 supervacaneum
3507 1369 3561 1414 et

295 1428 428 1479 κεῖ·
462 1426 648 1497 ἐπειδή
679 1441 741 1494 γε
766 1423 827 1478 τὸ
853 1423 1041 1478 δοκοῦν
1080 1427 1138 1478 ἐν
1181 1428 1294 1490 τοῖς
1340 1420 1456 1479 οὖσι
1491 1425 1609 1480 λίαν
1655 1428 1877 1482 εὐκατα-

1989 1433 2182 1491 inutile
2211 1475 2225 1501 ,
2267 1445 2441 1492 totum
2500 1454 2700 1510 corpus
2751 1443 3061 1498 mutilatum
3085 1420 3229 1502 esse
3288 1448 3556 1505 videatur.

297 1517 603 1591 φρόνητον,
633 1516 1087 1588 συμπληρωτικὸν
1127 1517 1227 1588 τῆς
1267 1516 1361 1571 τοῦ
1393 1515 1644 1588 σώματος
1685 1518 1877 1572 τελειό-

1991 1526 2270 1598 Siquidem
2301 1530 2444 1600 quod
2478 1531 2534 1586 in
2562 1532 2728 1588 rebus
2759 1533 2976 1590 videtur
3003 1535 3332 1595 vilissimum
3374 1552 3428 1598 et
3466 1541 3560 1600 de-

297 1613 476 1685 τητός
516 1615 665 1667 ἐστι’
710 1613 805 1666 καὶ
835 1613 986 1667 οὐδὲν
1019 1614 1185 1686 ἀργὸν
1212 1615 1269 1667 ἐν
1297 1615 1412 1677 τοῖς
1445 1609 1614 1682 οὖσιν,
1639 1615 1760 1668 οὐδέ
1790 1614 1877 1686 μά-

1988 1619 2458 1689 spicatissimum,
2515 1623 2916 1682 absolutionem
2973 1631 3222 1700 corporis
3276 1635 3557 1704 complet;

293 1724 414 1778 την
442 1707 682 1777 γεγονὸς,
704 1707 809 1761 οὐδ’
845 1709 924 1772 είς
953 1707 1262 1778 φιλοτιμίαν
1293 1706 1551 1780 περιττὴν
1588 1706 1877 1780 παρεγκεί-

1987 1712 2234 1783 nihilque
2263 1713 2317 1767 in
2348 1715 2513 1771 rebus
2541 1715 2780 1772 otiosum
2811 1726 2928 1784 est,
2961 1736 3139 1792 neque
3169 1734 3370 1780 temere
3397 1733 3559 1797 atque

297 1817 498 1871 μεναν,
1988 1804 2222 1860 inaniter
2253 1805 2454 1863 factum
2474 1849 2489 1876 ,
2533 1825 2634 1866 nec
2667 1811 2734 1865 ad
2769 1827 3160 1882 supervacuam
3209 1818 3557 1878 ambitionem

1921 1897 1962 1953 Β
1992 1897 2392 1969 interpositum.

367 1996 532 2067 Μόνη
560 1996 617 2050 δὲ
643 1995 877 2066 εὐλόγως
902 1997 997 2050 καὶ
1026 1996 1249 2062 δικαίως
1274 1997 1499 2070 περιττὴ
1522 2001 1554 2070 ή
1584 1997 1691 2052 τῶν
1715 1999 1877 2070 ἁμαρ·

2065 2009 2191 2064 Sola
2237 2026 2369 2066 vero
2416 2012 2696 2070 hominum
2745 2017 2811 2073 ad
2866 2021 3161 2090 nequitiam
3215 2025 3555 2094 peccantium

283 2091 576 2144 τανόντων
624 2088 924 2162 ἀνθρώπων
966 2090 1180 2157 ἀδικία,
1211 2091 1306 2144 καὶ
1351 2090 1568 2162 ἀληθῶς
1602 2107 1666 2160 γε
1716 2091 1877 2183 κακία

1993 2098 2260 2170 injustitia
2300 2111 2449 2158 recte
2479 2110 2533 2159 et
2558 2105 2708 2175 juste
2735 2122 2801 2162 ac
2829 2088 2965 2166 vere
2998 2088 3240 2183 nequitia
3280 2121 3402 2181 est,
3447 2131 3555 2172 non

281 2182 587 2254 τυγχάνει,
617 2182 678 2236 οὐ
719 2181 823 2254 μὴν
849 2181 908 2248 ἐξ
933 2181 1168 2255 ἀνάρχου
1213 2182 1427 2249 κακίας,
1461 2181 1650 2252 ἥντινα
1685 2181 1759 2253 μὴ
1792 2177 1877 2235 οῦ-

1991 2197 2172 2247 tamen
2198 2207 2261 2248 ex
2290 2195 2529 2264 nequitia
2552 2198 2821 2270 principio
2845 2210 3068 2258 carenle
3085 2177 3333 2274 profecta
3354 2246 3369 2272 ,
3387 2177 3557 2278 quam

282 2292 396 2330 σαν
433 2275 508 2338 ὡς
533 2276 640 2329 ἀπὸ
661 2275 865 2347 ταύτης
893 2292 957 2345 γε
988 2273 1156 2347 οὔσης
1179 2276 1472 2348 ἐπενόησεν
1502 2277 1532 2328 6
1559 2276 1777 2346 Μάνης
1808 2275 1877 2339 ὡς

1988 2282 2354 2350 Manichacus,
2379 2301 2504 2341 cum
2527 2303 2635 2344 non
2664 2291 2768 2358 sit,
2796 2307 2917 2348 esse
2944 2273 3268 2366 excogitavit
3297 2304 3556 2368 tanquam

279 2371 313 2422 6
338 2369 517 2438 λόγος
566 2368 664 2440 ήδη
717 2369 812 2440 μὲν
863 2368 1061 2432 ἱκανῶς
1101 2368 1350 2439 ὴνοίξατο
1401 2369 1512 2432 τοῖς
1554 2366 1877 2438 ἔμπροσθεν,

1989 2371 2058 2426 ab
2087 2371 2191 2428 bac
2213 2375 2485 2447 principio
2511 2390 2731 2436 carente
2751 2423 2766 2447 ,
2793 2399 2957 2453 quam
2991 2387 3146 2442 tinxit
3166 2427 3180 2450 ,
3208 2366 3558 2457 proﬁciscen-

285 2462 472 2528 δείξει
498 2461 555 2516 δέ
588 2461 918 2534 σαφέστερον
949 2463 1178 2526 καὶτοῖς
1209 2459 1353 2532 ἑξῆς.

1987 2469 2135 2532 tem;
2163 2471 2225 2520 ut
2251 2467 2387 2522 satis
2413 2467 2468 2522 in
2499 2471 2875 2541 superioribus
2901 2475 3199 2545 disputatio
3225 2480 3472 2550 aperuit,
3502 2487 3558 2536 et

1987 2555 2205 2612 docebit
2234 2558 2440 2616 clarius
2469 2561 2524 2616 in
2556 2562 2623 2620 iis
2651 2579 2771 2636 quae
2797 2578 3121 2638 sequuntur.

549 2724 680 2780 CAP.
718 2722 781 2778 ll.
827 2721 1000 2777 Homo
1026 2720 1346 2777 uberrimus.
1390 2718 1604 2775 Peccati
1630 2735 1771 2786 reus,
1809 2736 1927 2774 cum
1950 2720 2020 2775 sit
2051 2720 2202 2776 iiber.
2241 2721 2497 2780 Homines
2526 2736 2745 2796 possunt
2779 2745 2890 2784 esse
2925 2729 3046 2784 boni
3071 2739 3122 2784 et
3155 2733 3305 2788 mali.

372 2864 467 2917 Διὸ
489 2865 552 2936 δὴ
583 2863 799 2935 πρῶτον
828 2862 956 2934 περὶ
983 2863 1172 2917 τούτου
1200 2860 1563 2926 διαλαϐόντες,
1587 2859 1756 2924 οὕτως
1778 2858 1882 2931 ὁδῷ

300 2956 752 3029 προελευσόμεθα
780 2954 1103 3020 δεικνύντες,
1126 2955 1202 3018 ὼς
1235 2955 1356 3008 κατ’
1385 2953 1570 3006 οὐσίαν
1594 2950 1748 3005 οὐδὲν
1772 2950 1881 3004 τῶν

297 3051 477 3104 ὄντων
504 3049 668 3103 κακόν
687 3067 701 3080 ·
729 3049 865 3103 ἀλλὰ
905 3049 1011 3120 μὴν
1042 3049 1140 3102 ὅσα
1161 3047 1302 3102 κατὰ
1321 3046 1514 3116 γενεὰν
1541 3046 1816 3114 οἰκονομεῖ
1851 3043 1881 3095 ὁ

299 3143 460 3207 Θεὸς,
492 3141 806 3214 πρεπόντως
837 3157 901 3210 γε
938 3143 1004 3213 τῇ
1025 3137 1228 3194 ¹ἑαυτοῦ
1263 3140 1422 3212 σοφίᾳ
1459 3138 1553 3193 καὶ
1581 3137 1881 3209 συμφερόν-

297 3253 414 3299 τως
439 3235 708 3305 οἰκονομεῖ
735 3236 847 3297 τοῖς
869 3234 1009 3306 ὑπὲρ
1033 3227 1108 3286 ὧν
1135 3231 1308 3286 ταῦτα
1329 3233 1488 3284 ποιεῖ.
1516 3230 1734 3302 Κόσμον
1771 3230 1882 3283 τοί-

299 3343 400 3379 νυν
426 3325 535 3397 (25)
571 3325 968 3379 κατεσκεύασεν
993 3327 1021 3379 6
1052 3324 1202 3390 Θεός’
1230 3325 1324 3378 καὶ
1353 3324 1480 3395 περὶ
1515 3322 1727 3390 τούτου,
1746 3323 1882 3394 πρὸς

295 3420 397 3486 οὒς
422 3423 450 3474 6
474 3420 648 3490 λόγος,
664 3421 726 3474 οὐ
750 3418 1188 3491 διαχειμάζονται
1209 3434 1223 3449 ·
1253 3419 1301 3471 εἰ
1321 3417 1429 3490 γὰρ
1452 3415 1515 3489 δή
1537 3417 1631 3470 καὶ
1651 3417 1731 3480 είς
1754 3417 1883 3469 ἁκο-

301 3511 472 3585 σμίαν
507 3512 728 3584 κόσμιον
755 3512 883 3566 ὄντα
919 3511 1011 3566 τὸν
1041 3511 1242 3582 κόσμον
1273 3507 1720 3581 μεταϐάλλουσιν,
1747 3506 1883 3562 ἀλλά

296 3624 363 3676 γε
397 3605 528 3678 περί
559 3622 619 3658 τε
649 3605 853 3677 τρόπου
887 3605 980 3658 καὶ
1007 3605 1104 3675 τῆς
1129 3604 1307 3666 αἰτίας
1339 3601 1436 3655 τοῦ
1467 3599 1718 3670 γενέσθαι
1747 3601 1880 3670 ὁμο-

295 3697 543 3769 λογοῦσι.
570 3695 756 3768 Τούτῳ
775 3696 858 3768 δὴ,
887 3696 1047 3766 μέρος
1075 3695 1174 3766 μὲν
1202 3693 1328 3746 ὄντα
1361 3691 1454 3746 τοῦ
1489 3691 1708 3756 παντὸς,
1733 3691 1880 3762 ὅμως

2057 2859 2419 2928 Quamobrem
2452 2880 2576 2920 cum
2623 2865 2691 2921 de
2737 2866 2842 2923 hoc
2885 2869 3061 2940 primo
3103 2879 3284 2925 actum
3329 2871 3435 2936 sit,
3479 2871 3559 2927 sic

1987 2951 2072 3007 via
2097 2962 2151 3009 et
2177 2955 2389 3011 ratione
2415 2957 2828 3028 progrediemur
2851 2979 2866 3029 ;
2891 2961 3152 3017 docentes
3182 2962 3318 3017 nihil
3351 2978 3472 3020 esse
3501 2964 3557 3019 in

1986 3043 2152 3100 rebus
2196 3045 2400 3100 malum
2444 3047 2745 3103 secundum
2774 3051 3136 3106 substantiam
3165 3070 3177 3107 :
3212 3053 3343 3123 quin
3374 3054 3558 3124 potius

1986 3149 2329 3208 quaecunque
2356 3139 2411 3193 in
2443 3141 2647 3195 saeculo
2674 3142 2943 3213 gubernat
2972 3158 3037 3198 ac
3064 3143 3351 3214 dispensat
3378 3145 3519 3201 Deus
3539 3186 3554 3210 ,

1988 3227 2186 3282 decore
2209 3267 2222 3294 ,
2256 3236 2317 3282 ut
2348 3231 2673 3300 sapientiam
2701 3234 2822 3303 ejus
2850 3235 3036 3304 decet,
3070 3244 3124 3292 et
3154 3238 3222 3292 ad
3255 3240 3556 3296 utilitatem

1911 3374 1954 3432 Ο
1988 3336 2212 3386 eorum,
2247 3333 2469 3392 propter
2497 3339 2635 3393 quos
2669 3325 2787 3381 haec
2835 3326 2998 3396 facit,
3021 3329 3292 3400 gubernat
3333 3347 3398 3387 ac
3440 3332 3559 3388 dis-

1987 3422 2199 3485 pensat.
2238 3413 2501 3471 Ornatum
2537 3418 2702 3488 igitur
2759 3422 3030 3478 exstruxit
3059 3422 3236 3479 Deus:
3268 3435 3324 3481 et
3353 3427 3420 3482 de
3455 3427 3558 3484 hoc

1985 3505 2025 3559 ii
2071 3513 2264 3561 contra
2307 3523 2446 3578 quos
2487 3508 2868 3579 disputamus,
2912 3529 3023 3568 non
3068 3514 3336 3573 ﬂuctuant
3380 3536 3559 3592 neque

1984 3607 2304 3667 tempestate
2329 3599 2608 3669 jactantur
2634 3621 2647 3656 :
2682 3602 2730 3658 si
2754 3603 2898 3658 enim
2926 3604 3190 3660 mundum
3217 3617 3473 3664 ornatum
3504 3617 3558 3666 et

1983 3687 2242 3744 decorum
2274 3690 2331 3746 in
2362 3691 2673 3746 inornatum
2704 3702 2954 3761 mutant,
2985 3697 3053 3752 de
3092 3699 3253 3753 modo
3293 3709 3348 3755 et
3388 3716 3556 3758 causa

295 3792 357 3846 δὲ
399 3787 628 3857 πολίτην
665 3789 962 3858 ἐπιστήσας
999 3785 1214 3854 λογικὸν
1240 3785 1332 3838 τὸν
1357 3782 1640 3854 ἄνθρωπον
1669 3783 1697 3834 6
1725 3779 1878 3843 Θεὸς,

294 3883 368 3939 τὰ
394 3883 497 3954 μὲν
522 3881 656 3935 ἄλλα
683 3880 782 3933 ὅσα
810 3880 947 3951 μήτε
967 3879 1102 3950 πρὸς
1129 3877 1328 3949 ἀρετὴν
1350 3877 1488 3949 μήτε
1521 3875 1656 3946 πρὸς
1681 3873 1881 3926 κακίαν

295 3977 420 4048 ὁρᾷ,
460 3961 636 4045 ἐαυτῷ
665 3974 968 4045 τετήρηκεν
993 3972 1320 4040 οἰκονομεῖν·
1349 3968 1548 4041 ἀρετὴν
1578 3967 1636 4020 δὲ
1666 3963 1822 4036 μόνον
1844 3964 1878 4034 ἢ

297 4067 504 4122 κακίαν
537 4067 624 4118 ἐπ’
653 4064 801 4136 αὐτῷ
826 4059 964 4118 εἶναι
993 4062 1280 4131 πεποίηκε,
1315 4063 1380 4133 τῇ
1413 4059 1572 4129 φύσει
1600 4055 1880 4129 προενθεὶς

297 4159 565 4232 ἐκατέρου
609 4156 706 4230 τὴν
753 4155 981 4228 γνῶσιν·
1019 4156 1127 4220 ἵνα,
1170 4150 1449 4224 ὀφθαλμοῦ
1489 4150 1644 4221 δίκην
1677 4146 1879 4217 ταύτην

298 4252 664 4322 ἐπαγόμενος,
711 4250 771 4304 οὐ
820 4248 978 4322 μόνον
1036 4246 1174 4319 μετὰ
1203 4245 1413 4307 τελείας
1451 4241 1760 4310 ἐπιστήμης
1788 4237 1878 4290 τὸν

299 4341 414 4412 βίον
455 4339 634 4414 ὀδεύῃ,
668 4339 803 4393 ἀλλὰ
829 4339 925 4393 καὶ
952 4335 1250 4409 αὐτουργὸς
1273 4334 1381 4389 τῶν
1403 4333 1502 4405 τῆς
1522 4330 1720 4404 ἀρετῆς
1746 4345 1877 4382 κατ-

297 4433 442 4506 ορθω
453 4433 639 4504 μάτων
675 4433 914 4505 ὑπάρχῃ.

1983 3778 2110 3835 facti
2131 3781 2316 3836 mundi
2340 3784 2687 3842 conﬁtentur.
2713 3785 2996 3844 Hominem
3017 3804 3174 3856 vero,
3199 3790 3303 3847 etsi
3325 3801 3408 3849 est
3430 3810 3558 3864 pars

1986 3870 2214 3938 mundi,
2247 3879 2426 3928 tamen
2459 3874 2586 3943 quia
2615 3890 2739 3930 eum
2775 3876 2948 3932 civem
2979 3881 3209 3936 rationis
3238 3883 3557 3956 participem

1985 3964 2284 4031 praeposuit
2320 3978 2385 4018 ac
2431 3963 2672 4036 praefecit
2714 3965 2892 4035 Deus,
2926 3969 2982 4025 in
3023 3974 3235 4030 caeteris
3282 3975 3408 4030 aliis
3435 3991 3559 4046 quae

1985 4071 2162 4126 neque
2205 4058 2272 4113 ad
2304 4061 2603 4130 nequitiam
2634 4077 2735 4118 nec
2765 4065 2830 4119 ad
2873 4066 3129 4121 virtutem
3172 4077 3452 4139 spectant,
3497 4080 3558 4129 ut

1982 4149 2341 4218 gubernaret,
2368 4153 2472 4208 sibi
2498 4153 2600 4226 ipsi
2630 4159 2929 4212 reservavit
2953 4177 2967 4227 ;
2998 4159 3171 4216 virtus
3201 4169 3255 4216 et
3278 4161 3468 4217 vitium
3496 4171 3556 4218 ut

1985 4237 2040 4292 in
2088 4249 2353 4310 potestate
2396 4243 2514 4314 ejus
2553 4257 2728 4312 esset,
2774 4247 2932 4315 fecit,
2978 4245 3304 4322 ingenerans
3349 4261 3560 4312 natura

1987 4331 2275 4404 utriusque
2305 4338 2670 4407 cognitionem
2697 4358 2710 4394 :
2744 4347 2802 4394 ut
2830 4341 3005 4397 instar
3033 4342 3176 4397 oculi
3209 4342 3352 4398 hanc
3382 4343 3557 4399 addu-

1986 4436 2118 4478 cens
2147 4433 2201 4480 et
2231 4426 2494 4486 adhibens
2514 4472 2528 4496 ,
2562 4447 2671 4487 non
2703 4431 2878 4488 solum
2909 4450 3033 4490 cum
3058 4435 3300 4507 perfecta
3329 4438 3554 4493 scientia

300 4531 357 4585 in
400 4530 512 4584 vita
555 4528 890 4592 ambularet,
945 4525 1040 4583 sed
1078 4527 1240 4583 etiam
1266 4533 1411 4581 esset
1439 4528 1628 4578 auctor
1656 4516 1956 4575 omciorum
1988 4517 2225 4576 virtutis.

377 4643 692 4715 Ἀνθρωπος
729 4641 932 4710 τοίνυν⁴
948 4641 1166 4709 ἀδικῶν,
1201 4639 1535 4712 ἁμαρτάνειν
1565 4635 1876 4706 ἐγκαλεῖται

2055 4635 2230 4694 Homo
2257 4639 2421 4710 igitur
2446 4643 2649 4714 injuste
2669 4659 2903 4716 operans
2923 4685 2938 4712 ,
2964 4645 3112 4715 juste
3130 4646 3198 4702 de
3220 4655 3446 4717 peccato
3465 4662 3557 4701 ac-

299 4737 545 4802 δικειίως.
572 4736 634 4789 Ei
663 4735 762 4806 μὲν
790 4733 899 4806 γὰρ
937 4733 1165 4806 πράττει
1187 4733 1284 4805 τὴν
1322 4732 1596 4804 ἁμαρτίαν
1627 4732 1687 4784 οὐ
1719 4729 1875 4784 δυνά-

305 4846 462 4901 μενος
489 4827 824 4900 ἀποσχέσθαι
849 4826 1072 4896 ταύτης,
1100 4826 1284 4880 ἄδικον
1312 4826 1572 4898 ὑπομένει
1599 4825 1697 4896 τὴν
1737 4824 1877 4896 μέμ-

299 4925 423 4994 ψιν·
452 4925 500 4976 εἰ
527 4923 605 4987 δὲ,
637 4921 756 4987 ἐξὸν
799 4920 874 4994 μὴ
905 4925 1098 4987 ποιεῖν,
1123 4921 1432 4975 τούναντίον
1461 4921 1622 4983 ποιεῖ,
1647 4918 1722 4981 ὡς
1756 4918 1874 4972 ἁδι-

302 5014 412 5070 κῶν
449 5013 684 5083 εὐλόγως
711 5013 1050 5082 ἐγκαλεῖται·
1080 5014 1173 5068 καὶ
1211 5012 1392 5078 καλῶς
1417 5029 1480 5081 γε
1508 5011 1652 5083 λόγῳ
1677 5010 1875 5083 ἐγκλή-

305 5123 468 5176 ματος
501 5108 534 5178 ή
567 5107 812 5177 ἁμαρτία
835 5105 1078 5159 καλεῖται
1113 5105 1262 5178 παρὰ
1294 5097 1532 5173 λόγον,ᾧ
1552 5121 1614 5173 γε
1650 5105 1876 5158 δυνατόν

303 5201 414 5252 ἐστι
467 5198 792 5270 χρήσασθαι,
825 5196 1098 5270 πανταχοῦ
1170 5199 1547 5270 πραττομένη·
1603 5199 1678 5264 ὡς
1735 5193 1874 5251 εἶναι

303 5291 574 5361 ἁμαρτίαν
630 5292 738 5344 πᾶν
793 5291 855 5344 τὸ
906 5291 1060 5362 παρὰ
1097 5290 1254 5360 λόγον
1282 5292 1673 5364 πραττόμενον,
1704 5293 1752 5344 εί
1781 5293 1875 5347 καὶ

303 5388 364 5439 ἐκ
387 5384 492 5438 τῶν
525 5385 669 5441 κατὰ
703 5386 864 5456 φύσιν
889 5385 1152 5456 λαμϐάνει
1172 5386 1274 5457 τὴν
1302 5386 1584 5458 ἀφορμήν·
1626 5386 1732 5440 τῶν
1765 5385 1873 5458 γὰρ

302 5476 437 5531 κατὰ
467 5477 629 5548 φύσιν
655 5480 688 5550 ή
718 5477 1000 5547 ἀλόγιστος
1038 5477 1235 5550 χρῆσις
1266 5479 1412 5530 ποιεῖ
1442 5477 1540 5548 τὴν
1569 5476 1868 5549 ἁμαρτίαν·

303 5570 448 5640 λόγος
471 5572 527 5626 δὲ
553 5573 610 5627 ἐν
641 5575 775 5645 ήμῖν
813 5570 1198 5642 δοκιμαστικὸς
1219 5568 1326 5625 τῶν
1355 5569 1500 5624 κατὰ
1531 5569 1692 5638 φύσιν
1712 5586 1725 5600 ·
1754 5567 1874 5623 ὅθεν

305 5665 361 5720 οὐ
386 5665 634 5721 λανθάνει
663 5665 1036 5738 πραττομένη.

1985 4741 2231 4786 cusatur.
2263 4732 2320 4787 Si
2349 4734 2495 4790 enim
2526 4745 2808 4807 peccatum
2837 4738 3127 4795 committit
3156 4747 3414 4806 tanquam
3445 4738 3553 4795 no‘n

1985 4823 2158 4891 possit
2185 4823 2254 4879 ab
2281 4839 2347 4880 co
2376 4842 2435 4882 se
2473 4827 2781 4891 abstinere,
2815 4828 3072 4898 injustam
3093 4829 3387 4900 quaarelam
3428 4831 3557 4884 sub-

1983 4916 2025 4970 it
2053 4931 2069 4981 ;
2113 4917 2195 4971 sin
2244 4925 2456 4983 autem,
2493 4935 2616 4974 cum
2648 4929 2834 4990 posset
2867 4935 2976 4978 non
3020 4919 3234 4987 facere,
3264 4920 3395 4977 facit
3426 4936 3559 4976 con-

1983 5011 2236 5077 trarium,
2259 5012 2455 5067 merito
2484 5021 2776 5069 accusatur
2799 5022 3055 5084 tanquam
3084 5015 3408 5084 injustitiam
3435 5031 3558 5070 sus-

1985 5103 2195 5175 cipiens
2220 5123 2232 5158 :
2262 5112 2316 5160 et
2372 5113 2655 5176 peccatum
2684 5113 2833 5161 recte
2855 5106 3066 5161 ratione
3094 5107 3346 5162 criminis
3371 5106 3559 5175 appel-

1986 5197 2129 5252 latur
2160 5205 2477 5268 peccatum,
2505 5197 2653 5269 quod
2695 5214 2910 5272 semper
2955 5201 3320 5257 committitur
3361 5205 3559 5269 praiter

1983 5290 2252 5347 rationem
2284 5306 2390 5360 qua
2422 5289 2498 5343 uti
2531 5291 2739 5360 potuit:
2766 5299 2827 5344 ut
2849 5291 2917 5347 sit
2941 5291 3056 5362 jam
3086 5299 3368 5362 peccatum
3395 5303 3557 5343 omne

1983 5382 2035 5438 id
2056 5423 2071 5448 ,
2103 5383 2249 5454 quod
2284 5393 2479 5454 praeter
2509 5384 2776 5439 rationem
2821 5383 2905 5452 ﬁt,
2959 5384 3209 5455 quamvis
3243 5398 3309 5437 ex
3340 5379 3408 5436 iis
3435 5396 3556 5450 quae

1982 5484 2112 5533 sunt
2141 5477 2439 5532 secundum
2471 5485 2722 5532 naturam
2743 5517 2757 5542 ,
2789 5477 3136 5532 occasionem
3166 5483 3220 5530 et
3250 5470 3554 5530 subsidium

1982 5568 2251 5639 accipiat:
2300 5585 2433 5626 usus
2479 5569 2624 5624 enim
2675 5584 2867 5623 eorum
2914 5583 3034 5637 qua:
3083 5573 3212 5621 sunt
3255 5563 3555 5622 secundum

1980 5671 2270 5728 naturam,
2318 5679 2349 5718 τι
2390 5663 2605 5719 ratione
2644 5677 2904 5728 aversus,
2951 5659 3112 5714 eﬁicit
3167 5667 3227 5713 ut
3269 5667 3558 5730 peccatum

363 5841 477 5916 {(23)
507 5847 748 5916 Κόσμον
773 5846 922 5903 τοίν.
956 5843 1190 5916 Clarius,
1228 5842 1476 5899 mundum
1510 5845 1670 5917 igitur
1705 5860 1877 5900 ert-orn.

2011 5842 2170 5899 Deus.
2206 5841 2390 5901 Βιεκ..
