4064 6290
542 387 681 446 1135

1709 385 1846 440 ΤιΤΙ
1887 386 2318 446 BOSTRENSIS
2356 389 2661 448 EPISCOPZ

3663 391 3816 450 H56

541 507 771 563 exsistat
798 525 811 573 ;
843 505 982 560 ratio
1008 503 1289 559 autem‘in
1329 503 1491 559 nobis
1521 503 1853 573 exploratrix
1895 515 1981 562 est
2024 521 2214 564 eorum
2241 553 2256 578 ,
2289 526 2408 582 quae
2440 511 2743 568 secundum
2801 523 3051 570 naturam
3109 527 3279 572 sunt:
3345 531 3412 570 ex
3454 529 3567 586 quo
3614 513 3677 568 ﬁt
3743 523 3814 569 ut

539 613 654 654 non
681 598 881 662 lateat,
912 611 1036 676 cum
1073 594 1458 650 committitur.

615 693 672 748 Si
695 708 824 763 ergo
849 688 916 743 ad
943 689 1392 746 exercitationem
1414 690 1633 746 virtutis
1655 690 1923 747 rationem
1949 692 2104 749 nobis

2283 694 2345 746 Ει
2375 710 2472 765 μεν
2493 712 2672 749 τοινυν
2706 709 2844 768 προς
2865 697 3098 768 ἄσκησιν
3129 695 3333 769 ἀρετῆς
3363 697 3454 751 τὸν
3485 698 3646 768 λόγον
3683 700 3811 753 δια-

543 786 762 842 insitam
809 797 1204 853 exerceamus,
1259 791 1519 852 tanquam
1566 798 1768 854 corpus
1815 792 2118 854 temperato

542 886 690 932 motu
708 916 723 940 ,
759 891 947 930 sanam
976 875 1120 929 hanc
1148 884 1204 930 et
1232 875 1641 931 benevolentem
1667 875 1994 931 reddemus:
2031 876 2114 931 sin

503 956 669 1022 ‘vero
700 966 1094 1021 exercitatione
1123 973 1178 1020 et
1227 965 1578 1020 accuratione
1621 966 1763 1020 hanc
1800 982 1911 1021 non
1956 982 2118 1023 exco-

541 1059 831 1124 luerimus,
859 1058 1219 1129 languescens
1237 1057 1525 1114 obscurior
1539 1056 1790 1124 eﬂicitur,
1813 1074 1877 1113 ac
1898 1059 2115 1114 demum

541 1151 784 1222 neglecta
811 1159 1066 1204 caecatur.
1095 1148 1268 1204 Penes
1299 1163 1400 1203 nos
1440 1163 1572 1202 vero
1616 1158 1733 1214 est,
1777 1149 1982 1220 ubique
2024 1165 2114 1203 ra-

542 1245 690 1300 tione
717 1258 839 1314 quae
864 1243 921 1297 in
953 1243 1112 1297 nobis
1143 1251 1226 1296 est
1247 1283 1263 1308 ,
1297 1241 1374 1296 uti
1406 1259 1420 1304 ;
1453 1248 1506 1294 et
1549 1242 1692 1296 sicut
1721 1225 2012 1313 qui‘artem
2043 1257 2115 1296 a3-

540 1338 794 1393 dificandi
824 1342 1116 1398 exercent,
1148 1335 1229 1390 sic
1259 1348 1452 1388 norma
1483 1349 1546 1388 ac
1575 1334 1761 1405 regula
1794 1334 1860 1389 ad
1888 1348 2112 1390 accurac

541 1431 746 1484 tionem
785 1428 1006 1484 virtutis
1047 1424 1323 1488 adhibita,
1367 1425 1508 1480 hanc
1536 1426 1802 1479 rationem
1830 1426 2078 1480 excolere
2099 1464 2112 1486 ,

539 1529 800 1592 tanquam
828 1521 1039 1576 semina
1065 1519 1120 1573 in
1148 1524 1294 1572 terra
1319 1532 1511 1588 sparsa
1530 1557 1545 1584 ,
1572 1532 1692 1588 qua:
1719 1532 1844 1573 cum
1871 1517 2114 1589 neglecta

540 1623 704 1678 sunt,
739 1618 972 1684 pereunt

612 1707 726 1760 lloc
756 1705 876 1760 loco
903 1703 1231 1773 ambiguitas
1259 1702 1580 1775 quaestionis
1620 1701 1888 1756 exoritur.
1927 1700 2114 1768 Quare

540 1807 692 1854 tanto
723 1795 968 1868 periculo
996 1795 1198 1865 objecti
1229 1811 1422 1851 sumus
1441 1837 1456 1863 ,
1489 1802 1548 1849 ut
1578 1810 1744 1865 penes
1768 1809 1868 1848 nos
1895 1795 1966 1848 sit
1991 1807 2116 1848 esse

541 1891 715 1945 bonos
737 1877 768 1952 ,’
785 1897 838 1944 ει
869 1902 977 1943 non
1005 1888 1172 1943 esse?
1212 1895 1272 1942 ut
1315 1902 1424 1942 non
1467 1887 1692 1941 omnino
1737 1884 1866 1940 boni
1912 1884 2114 1940 cilicia-

538 1997 684 2046 mur,
713 1981 805 2038 sed
829 1982 1178 2050 plerumque,
1205 1995 1312 2034 non
1343 1986 1554 2034 tantum
1583 1979 1913 2049 quandoque
1943 1976 2108 2040 mali,

2217 783 2590 855 γυμνάζωμεν
2619 785 2712 838 τὸν
2747 787 2805 839 ἐν
2835 788 2987 858 ἡμῖν,
3014 786 3206 859 ὥσπερ
3239 788 3397 859 σῶμα
3429 791 3497 861 τῇ
3541 790 3813 862 εὐμέτρῳ

2218 879 2452 949 κινήσει,
2471 879 2596 948 ὑγιῆ
2623 880 2718 932 καὶ
2735 878 3008 951 εὔρωστον
3029 881 3219 934 τοῦτον
3241 881 3598 956 [παρέξομεν.
3622 883 3695 956 ἣν
3720 884 3806 956 δὲ]

2221 970 2294 1040 μὴ
2311 969 2550 1040 ἀξιῶμεν
2569 971 2677 1043 (24)
2696 988 2710 1002 ο
2740 973 2926 1026 τοῦτον
2947 972 3230 1045 ἀσκήσεώς
3244 991 3302 1027 τε
3323 975 3416 1028 καὶ
3429 974 3806 1046 ἐπιμελείας,]

2216 1061 2458 1116 ἀσθενῶν
2490 1063 2865 1136 ἀμαυρότερος
2903 1066 3134 1134 γίνεται,
3176 1065 3271 1119 καὶ
3304 1066 3455 1131 τέλος
3486 1069 3810 1138 ἀμελούμε⁹

2216 1172 2305 1219 νος
2343 1156 2640 1229 πηροῦται·
2683 1157 2770 1226 ἐφ’
2809 1159 2940 1229 ἡμῖν
2964 1159 3020 1213 δὲ
3051 1160 3308 1231 τυγχάνει
3333 1161 3607 1232 πανταχοῦ
3649 1163 3808 1233 λόγῳ

2215 1247 2294 1317 τῷ
2328 1248 2386 1300 ἐν
2419 1250 2551 1318 ἡμῖν
2602 1249 2925 1320 κεχρῆσθαι,
2967 1250 3156 1322 ὥσπερ
3196 1253 3244 1305 οἱ
3291 1252 3391 1324 τὴν
3446 1253 3806 1325 οἰκοδομικὴν

2220 1339 2494 1409 μετιόντες
2525 1339 2603 1411 τῷ
2633 1341 2895 1412 γνώμονι,
2948 1344 3083 1414 πρὸς
3127 1343 3225 1416 τὴν
3253 1346 3451 1416 ἀρετῆς
3483 1348 3802 1418 ἀκρίϐειαν,

2217 1433 2309 1484 καὶ¹
2335 1432 2522 1486 τοῦτον
2546 1437 2833 1506 γεωργεῖν,
2851 1435 3037 1508 ῶσπερ
3062 1439 3127 1508 τῇ
3158 1439 3226 1508 γῇ
3251 1437 3318 1491 τὰ
3349 1440 3802 1512 καταϐαλλόμενα

2217 1524 2535 1596 σπέρματα·
2572 1528 2736 1600 ἅπερ,
2765 1529 2981 1583 ἐπειδὰν
3013 1529 3284 1602 ἀμεληθῇ,
3311 1531 3710 1604 διαφθείρεται.

2299 1699 2564 1754 Ἐνταῦθα
2576 1699 2639 1771 δὴ
2656 1700 2714 1752 τὸ
2736 1699 3034 1770 ἀμφίϐολον
3054 1702 3355 1756 ἀνακύπτει
3374 1703 3475 1774 τῆς
3489 1701 3798 1778 ζητήσεως.

2215 1788 2371 1854 Τίνος
2404 1790 2564 1860 χάριν
2593 1790 2671 1860 τῷ
2700 1807 2765 1856 γε
2787 1791 3025 1863 τοσούτῳ
3045 1792 3274 1864 κινδύνῳ
3304 1796 3797 1869 παραϐεϐλήμεθα,

2214 1877 2298 1946 ἐφ’
2332 1878 2544 1942 ἑαυτοῖς
2595 1877 2809 1949 ἔχοντες
2855 1881 2916 1933 τὸ
2968 1881 3309 1948 σπουδάζειν,
3339 1887 3432 1938 καὶ
3467 1887 3574 1956 μή;
3603 1887 3680 1951 ώς
3722 1890 3797 1960 μὴ

2216 1971 2431 2033 πάντως
2465 1969 2702 2036 ἀγαθοὺς
2742 1971 3144 2036 ἀποτελεῖσθαι,
3179 1973 3293 2026 ἀλλ’
3319 1974 3351 2045 ἢ
3379 1975 3456 2040 ὡς
3482 1977 3576 2029 ἐπὶ
3608 1977 3670 2030 τὸ
3695 1997 3797 2032 πο-

539 2076 932 2141 necessarium,
963 2090 1072 2128 non
1103 2073 1423 2143 simpliciter
1454 2073 1581 2126 utile
1608 2072 1933 2142 periculum.
1963 2070 2104 2125 Alio-

2211 2061 2297 2125 λὺ,
2324 2061 2385 2114 οὑ
2416 2062 2573 2134 μόνον
2589 2062 2734 2117 ἔστιν
2757 2065 2866 2129 ὅτε,
2895 2067 3119 2132 κακοὺς,
3145 2070 3457 2138 ἀναγκαῖος,
3483 2071 3584 2142 οὑχ
3607 2071 3799 2136 ἁπλῶς

537 2168 630 2239 qui
679 2183 707 2220 a
758 2174 876 2222 toto
904 2166 1257 2231 aberramus,
1289 2172 1516 2235 totoque
1551 2163 1982 2219 frustrarentur:
2028 2171 2111 2217 et-

535 2261 679 2315 enim
709 2259 754 2314 si
783 2258 1002 2315 fecisset
1023 2274 1126 2314 nos
1151 2256 1316 2325 Deus,
1340 2265 1398 2310 ut
1419 2272 1526 2312 non
1545 2271 1833 2328 possemus
1861 2269 2106 2326 peccare,

535 2368 814 2424 nunquam
841 2351 971 2406 facti
993 2366 1240 2408 essemus
1271 2350 1395 2405 boni
1422 2368 1436 2418 ;
1470 2350 1646 2405 bonus
1669 2349 1814 2405 enim
1845 2347 1984 2419 apud
2011 2347 2110 2400 ho-

535 2447 711 2501 mines
735 2454 851 2510 est,
883 2444 975 2515 qui
1003 2445 1189 2513 justus
1217 2452 1270 2498 et
1302 2449 1636 2513 temperatus
1665 2448 1750 2496 est
1777 2460 1791 2496 :
1825 2440 2108 2495 abstinens

535 2548 720 2594 autem
771 2538 838 2592 ab
889 2537 1160 2608 injustltia
1206 2535 1266 2589 fit
1305 2535 1532 2605 justus;
1577 2542 1632 2590 et
1673 2531 1885 2605 fugiens
1913 2531 2108 2586 intem-

535 2632 838 2701 perantiam
881 2635 1236 2699 temperatus.
1279 2625 1555 2682 Potestate
1603 2626 1772 2696 igitur
1800 2623 2107 2678 contrario-

537 2740 656 2779 rum
688 2731 1039 2792 comparatur
1067 2730 1122 2777 et
1151 2720 1455 2791 acquiritur
1487 2718 1766 2790 possessio
1794 2717 2105 2772 contrario-

533 2831 679 2872 rum.
715 2812 784 2869 Ut
813 2814 860 2870 si
889 2814 1014 2884 quis
1041 2829 1153 2868 non
1200 2812 1405 2868 habeat
1458 2817 1784 2881 potestatem
1815 2808 2106 2878 intempe-

533 2907 759 2972 rantiaa,
794 2921 905 2960 non
933 2906 1114 2977 possit
1147 2904 1262 2960 fieri
1294 2912 1606 2974 temperans
1634 2922 1646 2956 :
1681 2918 1790 2956 non
1817 2901 1964 2956 enim
1995 2914 2103 2954 non

533 3013 694 3070 posse
716 2997 998 3067 suSeipere
1017 2994 1471 3050 incontinentiam
1492 3035 1506 3058 ,
1532 2994 1662 3048 facit
1684 2993 2104 3056 continentiam;

531 3107 634 3148 nec
673 3090 949 3148 infirmum
988 3104 1110 3145 esse
1144 3089 1213 3144 ad
1257 3087 1582 3158 iniustitiam
1626 3087 1756 3142 facit
1786 3085 2101 3156 justitiam:

533 3181 630 3236 sed
661 3195 824 3251 posse
851 3179 1031 3234 facere
1051 3219 1066 3243 ,
1099 3179 1312 3233 ratione
1342 3193 1471 3233 vero
1501 3177 1778 3232 abstinere
1799 3192 1875 3232 ne
1905 3175 2103 3241 faciat,

531 3275 647 3329 haec
673 3280 757 3329 est
780 3256 957 3342 virtus
984 3271 1359 3342 temperantiae
1379 3279 1434 3326 et
1451 3270 1710 3340 justitite;
1734 3279 1787 3324 et
1809 3284 1920 3324 non
1944 3284 2107 3339 posse

532 3366 709 3422 solum
732 3405 748 3430 ,
780 3365 877 3420 sed
916 3379 946 3418 a
978 3371 1178 3421 natura
1216 3364 1437 3418 invitari
1465 3371 1519 3418 et
1554 3361 1799 3426 titillari,
1832 3368 1892 3416 ut
1922 3362 2103 3432 aliqua

2211 2155 2504 2227 ὠφέλιμος,
2533 2159 2562 2210 ό
2588 2157 2846 2223 κίνδυνος-ο
2874 2160 3078 2213 ὲπείτοι
3104 2160 3195 2214 τοῦ
3231 2163 3449 2235 παντὸς,
3472 2163 3800 2236 διαμάρτοι-

2213 2263 2313 2316 μεν
2356 2249 2440 2302 ἄν.
2490 2249 2554 2300 Et
2600 2247 2707 2320 γάρ
2751 2250 3050 2321 πεποίηκεν
3094 2253 3290 2322 ὴμᾶςὸ
3325 2253 3456 2319 Θεὸς
3497 2255 3799 2320 ἀδυνάτους

2211 2339 2384 2410 πάντη
2445 2340 2581 2412 πρὸς
2620 2343 2914 2414 ἁμαρτίαν,
2958 2343 3057 2397 οὑκ
3098 2343 3164 2398 ἂν
3202 2346 3507 2417 γεγόναμεν
3558 2347 3791 2418 ἀγαθοί·

2208 2431 2411 2499 ἀγαθὸς
2460 2433 2557 2503 μὲν
2605 2434 2712 2506 γὰρ
2751 2436 2809 2487 ἐν
2834 2434 3138 2507 ἀνθρώποις
3169 2437 3197 2490 ὀ
3223 2438 3433 2503 δίκαιός
3461 2457 3520 2492 τε
3555 2441 3652 2494 καὶ
3685 2442 3795 2494 σώ-

2209 2540 2378 2595 φρων·
2399 2525 2736 2596 ἀπεχόμενος
2761 2526 2816 2580 δὲ
2841 2528 2940 2598 τῆς
2966 2528 3197 2594 ἀδικίας,
3219 2530 3423 2598 γίνεται
3448 2532 3678 2598 δίκαιος
3700 2536 3795 2589 καὶ

2209 2619 2425 2688 φεύγων
2471 2621 2764 2676 ἀκολασίαν
2810 2622 3040 2694 σώφρων
3088 2626 3452 2682 ἀποτελεῖται.
3501 2629 3566 2682 Ἡ
3613 2632 3795 2685 τοίνυν

2207 2709 2423 2774 ἐξουσία
2453 2711 2563 2766 τῶν
2591 2713 2844 2767 ἐναντίων
2884 2714 2983 2786 τὴν
3031 2716 3313 2786 κτῆσιν....
3349 2717 3458 2782 Ὦς,
3494 2717 3550 2772 εῐ
3579 2737 3664 2784 τις
3717 2723 3793 2793 μὴ

2208 2805 2266 2856 ὲν
2303 2804 2520 2876 ἐξουσίᾳ
2561 2805 2858 2870 ἀκολασίας
2895 2807 3172 2877 τυγχάνοι,
3211 2809 3442 2882 σώφρων
3468 2813 3569 2864 οὑκ
3606 2813 3670 2866 ἂν
3701 2816 3794 2883 γέ-

2207 2915 2369 2951 νοιτο.
2389 2899 2523 2970 Φαίη
2546 2898 2653 2970 γάρ
2674 2899 2739 2953 ἀν
2779 2917 2864 2963 τις
2885 2900 3016 2972 (εεγ
3037 2901 3131 2965 Τίς
3159 2903 3286 2974 γὰρ,
3309 2899 3420 2968 οἷός
3436 2923 3496 2958 τε
3515 2904 3591 2958 ὢν
3618 2911 3793 2961 ποιεῖν

2208 2989 2525 3056 ἀκόλαστον,
2553 2991 2614 3044 οὐ
2667 2991 2998 3064 πεποίηκεν;
3028 2995 3087 3046 οὑ
3130 2993 3239 3067 γὰρ
3272 2995 3547 3068 ἀδυναμία
3592 2999 3793 3052 ἀκολα-

2211 3084 2330 3148 σίας
2358 3087 2502 3137 ποιεῖ
2546 3085 2919 3157 σωφροσύνην,
2950 3087 3070 3140 οὐδὲ
3115 3088 3366 3143 ἀσθένεια
3398 3091 3533 3162 πρὸς
3574 3091 3791 3147 ἀδικίαν

2209 3178 2352 3229 ποιεῖ
2379 3176 2754 3250 δικαιοσύνην·
2787 3178 2921 3233 ἀλλά
2961 3179 3022 3232 τὸ
3071 3179 3332 3234 δύνασθαι
3364 3183 3461 3253 μὲν
3499 3185 3785 3255 πράττειν,

2207 3268 2350 3341 λόγῳ
2395 3269 2452 3323 δὲ
2503 3270 2831 3341 ἀπέχεσθαι,
2862 3271 3084 3344 τοῦτοή
3135 3273 3304 3346 ἀρετὴ
3347 3275 3705 3348 σωφροσύνης
3731 3294 3790 3328 τε

2209 3363 2303 3415 καὶ
2332 3363 2693 3434 δικαιοσύνης·
2730 3364 2825 3418 καὶ
2859 3366 2978 3436 οὐχὶ
3005 3365 3264 3419 δύνασθαι
3302 3367 3636 3438 μόνον,ἀλλά
3656 3373 3789 3442 πρὸς

532 3474 659 3514 vera
690 3463 809 3512 laus
837 3458 908 3511 sit
931 3457 1170 3512 voluisse
1190 3469 1300 3510 non
1327 3454 1508 3510 facere
1531 3474 1545 3510 :
1573 3460 1685 3509 haec
1705 3454 1851 3510 enim
1873 3495 1888 3522 ,
1911 3463 1966 3509 ει
1995 3469 2104 3507 non

2207 3455 2305 3526 τῆς
2327 3455 2541 3524 φύσεως
2585 3455 2944 3528 ἐρεθίζεσθαι,
2977 3459 3064 3511 ἵνα
3095 3476 3178 3523 τις
3205 3460 3301 3513 καὶ
3332 3441 3786 3533 ἀληθὴς-ἔπαινος

531 3551 637 3603 alia
687 3547 919 3603 inveniri
975 3553 1156 3617 potest
1200 3544 1344 3615 apud
1390 3544 1640 3599 homines
1691 3544 1911 3607 virtus,
1959 3541 2103 3598 Deus

529 3643 675 3697 enim
710 3655 819 3695 non
865 3646 951 3695 est
991 3637 1276 3693 vocandus
1320 3645 1668 3707 temperans,
1719 3643 1815 3690 aut
1853 3634 2016 3690 fortis
2051 3642 2104 3690 et

529 3734 636 3788 alia
667 3731 983 3804 liujusmodi
1009 3771 1025 3796 ,
1054 3727 1327 3801 siquidem
1372 3744 1539 3798 supra
1585 3728 1884 3782 humanam
1926 3727 2100 3782 virtu-

527 3836 638 3883 tem
668 3833 754 3882 est
788 3845 801 3880 :
833 3825 939 3880 etsi
968 3824 1114 3878 enim
1147 3823 1349 3877 dicitur
1372 3822 1589 3891 justus,
1621 3820 1780 3874 aliter
1807 3834 1971 3891 quam
2004 3833 2102 3874 nos

527 3917 749 3972 dicitur.
799 3914 972 3970 l-lomo
1007 3921 1189 3969 autem
1215 3953 1232 3980 ,
1264 3920 1540 3984 quatenus
1583 3913 1778 3978 homo,
1827 3910 2101 3982 quomodo

529 4010 621 4060 fiat
650 4007 828 4062 bonus
849 4047 864 4073 ,
894 4006 1192 4076 quaerimus
1219 4023 1231 4058 :
1269 4003 1563 4070 unicuique
1586 4004 1733 4059 enim
1761 4018 1950 4060 eorum
1981 4019 2102 4074 quae

529 4101 670 4153 facta
703 4105 867 4163 sunt,
899 4111 1156 4153 mensura
1191 4104 1402 4150 natura:
1434 4095 1654 4150 decreta
1697 4103 1752 4150 et
1799 4094 2100 4150 constituta

527 4186 646 4252 est,
669 4203 834 4258 quam
855 4187 1074 4259 quidem
1105 4187 1342 4242 transire
1367 4193 1420 4241 et
1448 4201 1710 4256 superare
1741 4200 1851 4241 non
1880 4193 2098 4256 potest;

529 4284 622 4340 sed
654 4283 887 4338 deficere
915 4291 1093 4353 potest
1117 4283 1361 4352 perfecta
1385 4292 1440 4338 et
1463 4283 1716 4338 absoluta
1739 4284 1936 4339 virtus.
1967 4280 2100 4350 Quae

529 4378 696 4446 igitur
723 4389 981 4430 mensura
1012 4373 1224 4428 homini
1255 4375 1324 4428 ad
1351 4375 1608 4430 virtutem
1638 4375 1858 4431 definita
1888 4385 1972 4431 est
1992 4417 2006 4442 ,
2044 4383 2099 4430 et

527 4477 587 4522 ιιι
615 4468 687 4523 sit
725 4468 927 4522 bonum
966 4465 1340 4537 temperantia:
1383 4474 1436 4520 et
1467 4465 1697 4534 justitiac
1720 4506 1734 4530 ,
1771 4473 1825 4520 ct
1865 4467 2096 4520 aliarum

526 4561 830 4617 virtutum?
884 4574 1051 4630 supra
1103 4558 1220 4613 haec
1264 4559 1409 4613 enim
1452 4566 1512 4612 ut
1550 4558 1713 4613 homo
1761 4558 1834 4614 sit
1882 4559 2093 4622 bonus,

531 4657 646 4713 ﬁeri
680 4672 789 4710 non
822 4662 1021 4728 potest.
1055 4654 1112 4709 Si
1142 4654 1287 4710 enim
1313 4653 1673 4722 temperantia
1696 4659 1778 4706 est
1813 4652 2098 4707 continere

527 4747 854 4819 cupiditates
875 4747 1216 4817 voluptatum
1239 4785 1254 4810 ,
1278 4753 1495 4815 oportet
1517 4757 1641 4799 esse
1669 4743 1722 4796 in
1742 4750 2009 4812 potestate
2031 4759 2094 4798 ea

527 4857 648 4912 quae
681 4842 1052 4910 temperantia:
1095 4847 1226 4894 sunt
1264 4836 1575 4902 contraria,
1613 4850 1846 4906 quorum
1889 4833 2095 4888 dicitur

526 4934 890 4997 continentia,
924 4949 1044 5004 qua:
1071 4942 1155 4988 est
1185 4931 1565 5003 temperantia:
1609 4943 1808 4984 nomen
1831 4969 1846 4995 ,
1894 4937 1946 4984 et
1981 4927 2098 4983 olli-

526 5025 671 5080 cium
699 5032 862 5095 atque
893 5039 1052 5092 opus.
1089 5022 1209 5078 Non
1240 5040 1364 5080 esse
1393 5031 1574 5077 autem
1612 5021 1668 5075 in
1697 5027 1969 5091 potestate
2003 5037 2100 5076 vo-

527 5117 796 5185 luptates,
847 5114 1206 5185 privationem
1258 5111 1637 5185 temperantfre
1692 5113 1854 5183 plane
1914 5111 2095 5167 cﬂicit.

527 5207 734 5264 Similis
766 5208 906 5263 ratio
933 5215 1019 5262 est
1039 5205 1264 5275 justitiaa
1288 5215 1340 5261 et
1374 5206 1604 5260 aliarum
1640 5206 1927 5262 virtutum.

2203 3542 2236 3620 ᾗ
2276 3546 2371 3599 τοῦ
2425 3547 2498 3619 μὴ
2545 3548 2806 3618 πράττειν
2852 3549 3156 3622 αἱρεῖσθαι·
3185 3550 3325 3623 αὕτη
3359 3552 3468 3624 γὰρ
3494 3553 3657 3626 μόνη,
3695 3557 3788 3608 καὶ

2203 3639 2302 3691 οὑκ
2345 3638 2479 3708 άλλη
2515 3657 2597 3702 τις
2624 3638 2871 3712 εὑρεθείη
2907 3640 3057 3714 παρά
3099 3641 3408 3716 ἀνθρώποις
3433 3647 3625 3719 ἀρετή.
3656 3648 3786 3702 Θεὸν

2207 3729 2304 3800 μὲν
2327 3729 2434 3803 γὰρ
2461 3730 2584 3784 οὔτε
2615 3731 2866 3804 σώφρονα
2890 3733 3136 3804 κλητέον,
3160 3735 3283 3790 οὔτε
3311 3737 3578 3810 ἀνδρεῖον,
3595 3742 3693 3795 καὶ
3721 3743 3785 3794 τά

2202 3821 2456 3876 τοιαῦτα·
2503 3823 2690 3878 ἐπάνω
2737 3826 2846 3899 γάρ
2879 3828 2978 3900 τῆς
3011 3829 3357 3903 ἀνθρωπίνης
3386 3833 3590 3905 ἀρετῆς
3613 3837 3784 3909 ὑπάρο

2203 3932 2319 3986 χει·
2350 3915 2451 3971 κᾶν
2473 3917 2679 3980 δίκαιος
2699 3919 2755 3973 δὲ
2776 3920 3028 3992 καλῆται,
3046 3922 3339 3994 ἑτέρως·οὑ
3363 3926 3474 3998 γὰρ
3501 3927 3579 3992 ὡς
3601 3931 3776 3999 ἡμεῖς·

2202 4008 2485 4081 ἄνθρωπος
2514 4011 2590 4075 δὲ,
2613 4011 2736 4066 ὅσον
2762 4012 3066 4086 ἄνθρωπος,
3092 4016 3209 4080 πῶς
3232 4017 3298 4070 ἂν
3323 4018 3536 4086 γένοιτο
3559 4021 3779 4090 ἀγαθὸς,

2202 4097 2505 4172 ζητοῦμενο
2548 4105 2765 4176 ἑκάστῳ
2808 4106 2916 4178 γὰρ
2949 4108 3057 4162 τῶν
3087 4110 3386 4180 γινομένων
3421 4111 3624 4184 μέτρον
3656 4113 3780 4186 ὥρι-

2205 4207 2326 4245 σται
2358 4193 2592 4262 φύσεως,
2616 4197 2753 4269 ὅπερ
2787 4199 3087 4272 ὑπερϐῆναι
3111 4202 3211 4272 μὲν
3230 4203 3515 4270 ἀδύνατον,
3545 4207 3607 4260 τὸ
3636 4207 3692 4261 δὲ
3710 4208 3778 4280 μὴ

2203 4285 2589 4360 ὑπολειφθῆναι
2623 4291 2841 4365 ἐντελὴς
2866 4294 3053 4367 ἀρετή.
3084 4296 3148 4348 Τί
3175 4297 3356 4352 τοίνυν
3379 4299 3657 4373 ἀνθρώπῳ
3687 4303 3777 4373 μέ-

2200 4395 2326 4449 τρον
2346 4379 2578 4451 ὥρισται
2597 4384 2735 4456 πρὸς
2767 4387 2967 4458 ἀρετὴν
2998 4391 3092 4442 καὶ
3120 4390 3257 4463 πρὸς
3279 4393 3341 4446 τὸ
3365 4395 3624 4462 γενέσθαι
3650 4398 3780 4465 ἀγα-

2201 4469 2323 4534 θόν;
2361 4475 2680 4547 σωφροσύνη
2730 4495 2788 4530 τε
2833 4481 2929 4533 καὶ
2965 4481 3300 4555 δικαιοσύνη,
3327 4487 3421 4540 καὶ
3453 4489 3624 4542 τᾶλλα
3645 4508 3658 4520 ·
3693 4491 3780 4544 ἀν-

2201 4561 2415 4634 θρωπον
2445 4563 2552 4635 γάρ
2585 4567 2724 4639 ὑπὲρ
2752 4570 2923 4625 ταῦτα
2953 4574 3205 4641 γενέσθαι
3232 4576 3458 4646 ἀγαθὸν,
3498 4581 3778 4634 ἀδύνατον.

2200 4654 2261 4707 Ei
2299 4654 2356 4708 δὲ
2394 4658 2426 4726 ἡ
2474 4661 2793 4734 σωφροσύνη
2818 4665 3112 4736 ἐγκράτειά
3147 4670 3294 4723 ἐστιν
3315 4670 3540 4742 ἡδονῶν,
3570 4675 3653 4726 δεῖ
3679 4673 3781 4727 τῶν

2198 4746 2298 4836 τῆς
2330 4749 2683 4824 σωφροσύνης
2709 4755 2968 4810 ἐναντίων
2999 4761 3057 4814 ὲν
3082 4759 3300 4834 ἐξουσίᾳ
3325 4766 3637 4836 τυγχάνειν,
3664 4767 3780 4820 καθ’

2200 4832 2274 4892 ὧν
2298 4841 2330 4910 ή
2356 4842 2671 4914 ἐγκράτεια.
2713 4850 3067 4924 σωφροσύνης
3102 4832 3282 4925 ὄνομά
3303 4873 3363 4909 τε
3393 4832 3490 4911 καὶ
3513 4858 3694 4930 ἔργον.
3711 4860 3778 4912 Τὸ

2198 4933 2254 4985 δὲ
2284 4933 2358 5005 μὴ
2382 4931 2520 4989 εἶναι
2545 4939 2602 4990 ὲν
2624 4937 2844 5012 ἐξουσίᾳ.
2867 4942 2974 4996 τῶν
2997 4944 3221 5016 ἡδονῶν,
3241 4947 3506 5019 ἄντικρυς
3525 4952 3775 5024 στέρησιν

2202 5027 2554 5174 σωῐρρὲἷξνης
2596 5035 2760 5088 ποιεῖ.
2804 5035 3206 5109 Παραπλησίως
3232 5039 3289 5093 δὲ
3313 5041 3426 5112 ἔχει
3464 5043 3774 5112 δικαιοσύνη

2202 5135 2271 5171 κα
2318 5137 2348 5172 τ
2453 5139 2504 5174 α.
2607 5156 2616 5162 -

2202 5135 2296 5172 και
2318 5135 2504 5176 ταλΛα.
2607 5156 2616 5162 -

725 5329 852 5384 CAP.
895 5327 986 5382 lll.
1025 5328 1107 5382 An
1144 5330 1312 5398 potuit
1344 5330 1492 5384 homo
1516 5346 1627 5384 esse
1652 5329 2025 5398 impeccabilis.
2063 5330 2241 5386 Virtus
2277 5335 2427 5389 nulla
2460 5339 2571 5394 sine
2597 5357 2790 5412 pugna.
2834 5345 2975 5400 Puer
3006 5365 3110 5403 non
3147 5349 3300 5404 habet
3328 5353 3568 5408 tinum,

599 5421 654 5478 Si
686 5425 809 5494 quis
858 5437 990 5478 vero
1026 5421 1217 5476 contra
1250 5420 1429 5486 dicat,
1480 5422 1790 5493 Oportuisse
1839 5437 1940 5478 nos
1982 5438 2092 5476 non

527 5530 648 5570 esse
682 5527 838 5587 aptos
870 5516 938 5571 ad
960 5513 1304 5585 suscipienda
1343 5513 1616 5568 contraria
1641 5514 1938 5569 virtutibus
1965 5553 1980 5580 ,
2035 5523 2094 5567 ut

600 5655 710 5724 (24)
738 5656 834 5724 Μὴ
868 5656 966 5720 ἁξ.
1002 5655 1101 5710 llic
1140 5655 1400 5727 nonnulla
1427 5654 1618 5727 deesse
1644 5653 1916 5727 videntur.
1953 5655 2103 5727 (Qua:

532 5723 633 5780 nos
662 5723 982 5794 supplendo,
1011 5727 1168 5780 uncis
1199 5725 1536 5779 inclusimus.
1566 5723 1743 5794 Eutr.)

603 5794 712 5868 (25)
732 5793 895 5864 dmin
927 5800 1032 5865 γὰρ
1061 5795 1138 5851 ἄν
1159 5814 1265 5863 τις.
1302 5795 1422 5851 [Lee
1450 5795 1643 5851 desunt
1672 5793 1732 5849 in
1756 5793 1944 5850 Latina
1968 5813 2091 5852 ver-

2273 5427 2334 5482 Εί
2385 5431 2441 5484 δέ
2486 5449 2567 5496 τις
2608 5435 2909 5505 ἀντιλέγοι,
2939 5439 3017 5503 ὡς
3054 5441 3169 5496 δέον
3200 5445 3346 5514 ἡμᾶς
3394 5447 3774 5510 ἀνεπιδέκτους

2201 5513 2338 5572 εἶναι
2366 5521 2473 5576 τῶν
2500 5525 2754 5580 ἐναντίων
2778 5529 3072 5597 ἀκολασίας
3098 5552 3158 5587 τε
3191 5535 3287 5588 καὶ
3327 5536 3567 5604 ἀδικίας,
3589 5539 3773 5611 ὥσπερ

2212 5661 2363 5744 sione
2399 5661 2649 5744 Tttrriani
2684 5665 2898 5744 :_Dicat
2943 5671 3079 5724 enim
3134 5672 3348 5742 aliquis,
3384 5689 3455 5727 an
3501 5676 3571 5730 sit
3622 5678 3773 5728 homo

2203 5735 2293 5803 qui
2324 5737 2487 5789 possit
2514 5735 2688 5804 facere
2710 5739 3160 5810 intemperantem,
3195 5735 3242 5797 εὶ
3278 5735 3383 5798 non
3422 5745 3571 5813 fecit.
3611 5748 3769 5803 BASN.
