4064 6290
300 347 454 405 N37

1402 349 1775 410 ADVERSUS
1812 345 2242 407 “ANICHAEOS
2278 343 2409 401 LIB.
2452 342 2521 399 Π.

3433 337 3567 395 “58

292 466 327 517 6
359 462 513 530 θεὸς,
536 462 693 519 οὐδὲν
713 464 903 537 ἓτερον
923 466 953 519 6
977 463 1214 529 τοιοῦτος
1243 464 1410 535 λέγει,
1434 467 1467 539 ἦ
1498 469 1574 534 ὡς
1606 468 1725 523 δέον
1752 463 1891 522 εἶναι

1998 462 2477 535 intemperantiam
2527 467 2583 516 et
2615 460 2976 532 iniustitiam,
3027 457 3174 515 sicut
3206 455 3381 522 Deus;
3432 454 3566 510 nihil

293 556 459 628 ἡμᾶς
484 555 587 610 οὐκ
614 554 934 629 ἀνθρώπους
954 572 968 587 ·
1000 554 1187 627 ῶσπερ
1220 554 1286 611 ἄν
1317 573 1425 623 τις,
1450 559 1610 614 ἀετὸν
1641 560 1752 614 ἄνω
1787 574 1888 611 που

293 647 534 719 θεωρῶν
585 647 789 721 sq,th
840 648 1172 722 ίπτάμενον,
1228 649 1561 723 ἀγανακτοίη
1615 651 1759 706 κατὰ
1792 652 1891 723 τῆς

293 740 482 795 ἵππου
518 740 755 812 φύσεως,
793 743 888 796 καὶ
935 741 1148 813 πικρῶς
1193 744 1407 810 κακίζοι
1438 744 1663 817 ταύτην,
1710 745 1786 810 ὡς
1816 745 1890 818 μὴ

296 833 706 906 παραπλησίαν
761 837 827 905 τῇ
870 834 964 889 τοῦ
1000 833 1160 890 ἀετοῦ
1180 876 1196 903 ,
1255 835 1373 890 δέον
1414 837 1579 893 ἵππον
1629 838 1706 903 ὡς
1755 838 1892 912 πρὸς

295 920 485 975 ἵππου
518 922 680 992 φύσιν
725 922 1021 991 ἐξετάζειν.
1069 925 1388 998 ’Ἄνθρωπον
1426 927 1491 1001 δὴ
1531 929 1829 1002 πεποίηκεν
1861 925 1905 983 ὁ’

294 1012 447 1078 Θεὸς
472 1013 567 1068 τὸν
600 1013 909 1087 ἄνθρωπον,
931 1014 1111 1089 ψυχὴν
1129 1015 1193 1088 δὴ
1221 1018 1357 1090 μετά
1384 1018 1633 1090 σώματος
1651 1036 1666 1051 ο
1700 1038 1886 1090 σωμα-

292 1107 465 1172 τικὺς
497 1106 606 1179 γάρ
654 1109 801 1162 ἐστιν
849 1109 1089 1183 οἰκήτωρ
1118 1109 1347 1183 κόσμου.
1375 1105 1543 1175 Οὗτος
1578 1112 1755 1166 τοίνυν
1794 1111 1890 1167 ἐὰν

295 1202 540 1272 γένηται
584 1201 809 1272 ἀγαθὸς,
839 1203 962 1257 ὅσον
991 1206 1159 1275 χωρεί
1189 1202 1477 1276 ἀνθρώπου
1521 1203 1703 1275 φύσις,
1739 1205 1890 1260 εὐδό·

297 1314 478 1369 κιμος
507 1295 574 1351 ἂν
619 1296 889 1370 εὑρεθείη.
937 1296 1065 1362 Πῶς
1107 1297 1175 1353 ἂν
1212 1292 1305 1353 οὖν
1349 1299 1562 1369 γένοιτο
1606 1300 1890 1373 ἄνθρωπος

299 1387 538 1458 ἀγαθὸς,
581 1386 862 1462 ζητητέον,
893 1391 941 1444 εί
992 1389 1289 1461 πεποίηκεν
1325 1391 1507 1446 αὐτόν.
1539 1390 1750 1447 Οὐκοῦν
1794 1393 1888 1446 ἄν·

301 1478 535 1551 θρωπος
564 1478 771 1549 γένοιτο
810 1479 1035 1549 ἀγαθὸς,
1063 1480 1112 1534 εἰ
1142 1479 1376 1554 σώφρων
1404 1480 1489 1554 εἴη
1523 1482 1619 1537 καὶ
1649 1482 1853 1548 δίκαιος
1872 1500 1885 1515 ·

300 1569 358 1619 εί
383 1566 497 1639 γὰρ
516 1565 692 1621 ἔνεστι
723 1567 918 1639 βελτίω
943 1568 1144 1641 τρόπον
1161 1569 1448 1642 ἄνθρωπον
1470 1572 1720 1642 γενέσθαι
1748 1574 1887 1643 ἁγα-

300 1658 425 1724 θὸν,
456 1660 727 1714 αἰτιατέον
746 1659 838 1714 τὸν
870 1659 1374 1735 δημιουργήσαντα,
1392 1666 1474 1720 ὅτι
1506 1665 1581 1739 μὴ
1606 1666 1726 1721 κατ’
1747 1668 1890 1721 ἐκεῖ·

298 1767 402 1806 νον
435 1751 672 1820 ἀνέδειξε
725 1752 818 1806 τὸν
865 1752 1152 1825 ἄνθρωπον
1206 1756 1429 1825 ἀγαθόν.
1461 1758 1525 1811 Εί
1571 1757 1629 1811 δὲ
1674 1758 1799 1813 ὅσον
1831 1761 1890 1812 ἐν

1995 557 2145 613 aliud
2177 556 2265 611 hic
2288 556 2444 619 dicit,
2477 570 2640 626 quam
2673 562 2928 626 oportere
2954 567 3056 608 nos
3088 565 3197 606 non
3222 562 3347 604 esse
3387 545 3566 601 homi-

1993 666 2093 707 nes
2122 669 2134 705 :
2170 656 2229 703 ut
2282 647 2330 703 si
2386 648 2510 718 quis
2541 653 2813 718 spectaret
2860 644 3099 715 aquilam
3130 643 3184 698 in
3213 640 3448 698 sublime
3474 653 3570 692 vo-

1992 742 2219 808 lantem,
2243 747 2295 795 et
2324 747 2675 796 succcnseret
2706 746 2916 793 natura:
2937 735 3086 809 equi,
3112 748 3345 804 eamque
3374 730 3572 787 acerbe

1991 835 2324 906 vituperaret
2386 841 2646 904 tanquam
2703 829 3027 888 dissimilem
3080 833 3292 883 natura:
3331 822 3569 896 aquilae,

1991 943 2116 983 cum
2146 932 2421 998 oporteret
2453 941 2657 998 equum
2702 940 2770 980 ex
2807 929 3004 978 natura
3037 919 3165 992 equi
3194 917 3568 975 considerare.

1994 1017 2142 1072 Sane
2174 1016 2393 1089 quidem
2415 1015 2693 1071 hominem
2726 1014 2857 1069 fecit
2883 1011 3047 1077 Deus,
3073 1010 3168 1081 qui
3199 1015 3347 1065 esset
3372 1007 3568 1071 homo;

1991 1111 2229 1165 animam
2294 1111 2425 1165 item
2473 1122 2600 1163 cum
2650 1121 2920 1177 corpore,
2974 1104 3105 1176 quia
3156 1109 3242 1159 est
3293 1099 3572 1156 habitator

1990 1200 2179 1256 mundi
2210 1214 2531 1272 corporeus.
2567 1197 2668 1254 Hic
2698 1197 2868 1271 igitur
2904 1195 2953 1254 si
3004 1195 3096 1251 ﬁat
3124 1195 3302 1250 bonus
3325 1233 3341 1259 ,
3387 1190 3571 1264 quoad

1989 1300 2189 1348 natura
2216 1291 2457 1347 hominis
2491 1291 2700 1363 patitur
2725 1330 2740 1356 ,
2769 1297 3048 1361 spectatus
3080 1296 3135 1344 et
3165 1286 3433 1359 probatus
3478 1298 3570 1341 re-

1991 1385 2254 1457 periatur.
2290 1384 2576 1451 Quomodo
2609 1390 2790 1438 autem
2842 1382 2936 1436 tiat
2990 1381 3156 1437 homo
3187 1379 3429 1452 probus,
3483 1376 3569 1431 in;

1989 1476 2319 1547 quirendum
2364 1482 2451 1532 est
2503 1485 2667 1547 atque
2716 1473 3105 1545 requirendum
3136 1487 3168 1529 a
3217 1470 3350 1536 Deo,
3384 1476 3568 1525 utrum

1991 1568 2183 1625 fecerit
2216 1583 2362 1624 eum.
2413 1566 2588 1623 Homo
2621 1568 2788 1639 igitur
2832 1565 2923 1623 ﬁet
2950 1566 3154 1630 bonus,
3191 1564 3238 1621 si
3264 1563 3336 1620 sit
3364 1570 3573 1632 tempe-

1989 1675 2123 1716 rans
2150 1668 2204 1716 et
2228 1660 2454 1731 justus:
2492 1661 2537 1717 si
2573 1660 2718 1716 enim
2778 1659 2940 1715 liceat
2987 1658 3212 1714 meliore
3249 1655 3412 1711 modo
3453 1653 3569 1709 ﬂeri

1992 1754 2272 1809 hominem
2306 1754 2512 1823 bonum
2535 1795 2551 1818 ,
2587 1753 2934 1809 accusandus
2983 1752 3056 1808 sit
3090 1750 3233 1808 Deus
3258 1788 3273 1815 ,
3325 1749 3421 1820 qui
3476 1747 3572 1801 illo

296 1841 603 1916 ἀνθρώπου
636 1843 795 1932 φύσει
822 1844 975 1900 οὐδὲν
1010 1846 1236 1918 βέλτιον,
1267 1847 1534 1903 ἐπιδέοιτο
1565 1848 1632 1904 ἂν
1681 1848 1891 1922 ἄνθρω-

1993 1846 2155 1902 modo
2185 1846 2570 1918 praestantiore
2595 1862 2706 1901 non
2741 1844 2867 1902 iecit
2898 1844 3173 1901 hominem
3208 1844 3435 1899 bonum.
3471 1837 3571 1894 Sin

295 1952 408 1999 πος
432 1934 788 2008 σωφροσύνης
811 1936 907 1991 καὶ
931 1936 1040 1992 τῶν
1058 1937 1233 1994 ἄλλων
1250 1956 1264 1970 ·
1292 1938 1575 2013 ζητητέον,
1598 1940 1717 2005 πῶς
1739 1936 1891 2006 αὖθις

1996 1947 2180 1997 autem
2206 1947 2473 2012 quantum
2502 1940 2558 1995 in
2589 1945 2786 1995 natura
2818 1936 3058 1993 hominis
3089 1937 3254 1992 situm
3296 1942 3404 1999 est,
3437 1932 3571 1988 nihil

290 2029 534 2084 δυνατόν
558 2046 622 2100 γε
651 2028 936 2103 ἄνθρωπον
969 2030 1226 2107 σώφρονά
1262 2050 1321 2088 τε
1354 2034 1451 2088 καὶ
1491 2033 1697 2091 δίκαιον
1720 2033 1891 2090 εἶναι’

294 2120 562 2194 βούλεται
603 2122 712 2195 γὰρ
765 2123 938 2179 ταῦτα
979 2119 1117 2178 εἶναι
1173 2125 1337 2180 αὐτὸν
1379 2128 1409 2180 6
1462 2126 1891 2201 δημιουργήσας.

292 2214 522 2269 Οὐκοῦν
552 2215 875 2290 σωφροσύνη
915 2217 1039 2289 δίχα
1082 2218 1186 2289 τῆς
1228 2218 1323 2272 τοῦ
1365 2219 1610 2274 ἐναντίου
1653 2221 1889 2294 παραθέ-

292 2325 448 2373 σεως
483 2309 586 2363 οὐκ
619 2306 686 2363 ἂν
729 2308 968 2378 γένοιτο·
1000 2309 1202 2381 ὁμοίως
1228 2310 1284 2363 δὲ
1329 2312 1423 2365 καὶ
1467 2311 1812 2387 δικαιοσύνη·
1841 2316 1891 2368 εί

289 2402 352 2457 δὲ
386 2404 498 2476 μὴ,
525 2402 628 2457 οὐκ
653 2401 722 2458 ἂν
752 2403 839 2476 είη
873 2404 1193 2476 σωφροσύνη
1222 2403 1345 2459 οὔτε
1379 2406 1713 2476 δικαιοσύνη.

1996 2032 2227 2099 melius;
2256 2047 2396 2103 opus
2428 2040 2513 2089 est
2543 2031 2749 2088 homini
2781 2029 3142 2101 temperantia
3161 2068 3176 2095 ,
3234 2034 3289 2085 et
3323 2027 3572 2098 justitia,

1998 2127 2228 2196 aliisque
2273 2124 2591 2179 virtutibus.
2647 2121 2747 2178 llic
2792 2138 2989 2179 rursus
3039 2119 3394 2192 quaerendum
3444 2127 3569 2181 est,

1999 2218 2274 2291 quomodo
2311 2217 2477 2274 homo
2510 2223 2847 2288 temperatus
2879 2223 2936 2272 et
2965 2215 3154 2286 justus
3186 2227 3309 2269 esse
3347 2219 3526 2283 potest
3554 2230 3568 2267 :

1999 2313 2115 2367 vult
2144 2313 2289 2369 enim
2317 2310 2411 2383 qui
2442 2326 2567 2367 eum
2600 2309 2748 2379 fecit,
2780 2316 2840 2364 ut
2880 2307 3004 2365 talis
3037 2307 3129 2366 sit.
3163 2307 3336 2379 Igitur
3365 2315 3576 2377 tempe-

1999 2405 2179 2462 rantia
2206 2404 2326 2460 sine
2357 2401 2768 2474 comparatione
2822 2409 2878 2456 et
2931 2401 3283 2457 contentione
3310 2397 3574 2454 contrarii

292 2495 422 2551 ﬁeri
480 2510 594 2550 non
638 2504 849 2568 potest;
905 2497 1160 2555 similiter
1201 2498 1416 2570 justitia
1444 2518 1458 2555 :
1491 2485 1698 2568 alioqui
1747 2514 2030 2569 nunquam
2066 2497 2172 2554 erit
2203 2496 2584 2568 temperantia,
2613 2508 2793 2565 neque
2821 2493 3056 2562 justitia.

371 2632 441 2686 Εί
484 2631 541 2685 δὲ
574 2634 649 2704 μὴ
698 2634 783 2703 εἰη
812 2630 1001 2685 τοῦτον
1035 2630 1125 2685 τὸν
1150 2632 1351 2705 τρόπον
1382 2628 1890 2705 δυνατδνγενέσθαι

293 2723 517 2779 δίκαιόν
548 2741 609 2777 τε
653 2724 747 2778 καὶ
791 2723 1073 2798 σώφρονα,
1109 2726 1209 2779 οὐκ
1249 2725 1314 2779 ἂν
1348 2725 1522 2792 ἄλλως
1558 2726 1767 2796 γένοιτο
1796 2730 1891 2785 ἄν-

296 2816 329 2870 0
337 2833 533 2889 ρωπος
561 2814 766 2881 δίκαιός
791 2833 851 2870 τε
875 2818 968 2870 καὶ
1001 2814 1234 2889 σώφρων
1252 2834 1266 2848 ο
1301 2818 1395 2872 καὶ
1416 2817 1535 2872 τότε
1558 2819 1795 2888 εὐλόγως
1826 2820 1892 2875 ἂν

296 2911 328 2963 6
357 2908 699 2981 δημιουργὸς
739 2908 1053 2981 διαϐληθείη
1078 2926 1092 2940 ο
1118 2909 1200 2963 ὅτι
1241 2909 1510 2981 πεποίηκε
1540 2910 1765 2966 δυνατὸν
1792 2913 1891 2967 ούκ

297 2996 454 3055 εἶναι
488 3000 579 3055 τὸν
626 3000 912 3075 ἄνθρωπον
949 3001 1203 3071 γενέσθαι
1238 3000 1462 3071 ἀγαθὸν,
1503 3002 1648 3072 λέγω
1692 3003 1756 3075 δὴ
1788 3003 1893 3058 σώ-

2070 2635 2226 2705 Quod
2250 2635 2298 2693 si
2326 2635 2431 2693 hoc
2463 2634 2625 2690 modo
2648 2649 2757 2690 non
2788 2632 2965 2704 possit
2987 2630 3104 2687 ﬁeri
3132 2629 3317 2699 justus
3346 2634 3402 2685 et
3429 2634 3573 2683 tem-

1998 2741 2258 2804 peratus,
2304 2746 2415 2787 non
2459 2730 2618 2785 aliter
2651 2726 2742 2783 [iet
2786 2726 2952 2780 homo
2996 2723 3184 2793 justus
3213 2726 3269 2779 et
3301 2727 3574 2790 tempera-

1998 2834 2125 2881 tus:
2160 2832 2213 2882 et
2243 2831 2374 2880 tunc
2407 2822 2604 2879 merito
2636 2818 3071 2891 reprehendatur
3121 2814 3286 2881 Deus,
3315 2812 3442 2885 quia
3494 2811 3574 2867 fe-

1997 2919 2074 2974 cit
2113 2926 2175 2974 ut
2203 2916 2545 2988 impossibile
2565 2921 2711 2973 esset
2732 2912 2851 2969 ﬁeri
2876 2909 3155 2966 hominem
3183 2907 3414 2973 bonum,
3437 2913 3575 2960 tem-

1996 3021 2246 3081 peratum
2286 3010 2433 3074 dico,
2462 3016 2517 3066 et
2557 3008 2809 3079 justum;
2854 3018 2966 3075 quo
2990 3001 3210 3073 quidem
3263 2998 3423 3054 modo
3452 3008 3575 3053 tan«

299 3092 492 3168 φρονά
536 3111 602 3149 τε
653 3095 746 3149 καὶ
779 3094 1006 3158 δίκαιον,
1043 3093 1164 3148 καθ’
1197 3094 1256 3148 ὃν
1316 3095 1476 3166 μόνον
1515 3096 1612 3149 καὶ
1641 3096 1891 3169 οὐδαμῶς

1995 3113 2133 3169 ttnn,
2168 3111 2223 3158 et
2245 3103 2397 3158 nullo
2436 3101 2691 3173 quopiam
2724 3098 2835 3154 alio
2872 3096 3091 3152 futurus
3126 3101 3245 3148 erat
3274 3090 3570 3163 gloriosus,

298 3186 501 3259 ἕτερόν
537 3203 660 3241 τινα
690 3187 891 3258 τρόπον
936 3185 1244 3258 εὐδοξήσειν
1277 3187 1489 3259 ἔμελλε,
1521 3189 1615 3244 καὶ
1645 3190 1794 3258 ἄξιός
1824 3209 1889 3261 γε

298 3280 409 3351 τῆς
436 3277 535 3332 τοῦ
574 3277 936 3348 πεποιηκότος
971 3278 1162 3348 σοφίας
1202 3279 1710 3353 ἀποδειχθήσεσθαι.
1739 3283 1802 3335 Et
1834 3282 1892 3336 δέ

298 3370 561 3443 ἐπιμένοι
596 3372 626 3425 ὁ
659 3370 976 3440 ἀντιλέγων,
1004 3370 1079 3435 ὡς
1111 3370 1279 3442 ἐχρῆν
1312 3371 1492 3444 φύσει,
1528 3373 1623 3428 καὶ
1654 3374 1713 3428 οὐ
1746 3374 1893 3447 πόνῳ

298 3462 566 3535 σώφρονα
596 3462 852 3533 γενέσθαι
896 3462 986 3517 τὸν
1020 3463 1344 3535 ἄνθρωπον,
1392 3464 1573 3531 πάλιν,
1606 3450 1665 3519 τδ
1696 3466 1748 3520 τί
1777 3467 1893 3520 ἐστι

298 3556 637 3629 σωφροσύνη
671 3556 1101 3628 καταλιμπάνων
1122 3599 1135 3622 ,
1177 3558 1267 3611 ἐπὶ
1300 3558 1583 3628 ἀλόγιστον
1625 3559 1835 3630 αἵρεσιν
1865 3561 1893 3613 6

291 3645 552 3710 τοιοῦτος
595 3645 866 3700 ἐκκλίνει⁸
915 3646 978 3699 τὸ
1030 3647 1126 3718 μὲν
1158 3647 1242 3700 ὅτι
1286 3647 1548 3702 ἀδύνατόν
1589 3649 1736 3701 ἐστιν
1766 3647 1891 3701 ἄνευ

296 3737 671 3813 σωφροσύνης
701 3739 793 3792 καὶ
818 3738 1166 3811 δικαιοσύνης
1194 3738 1342 3805 ἄξιον
1370 3736 1511 3794 εἶναι
1528 3739 1622 3794 τοῦ
1662 3744 1892 3810 πεποιηὲ

292 3832 462 3895 κότος
502 3828 802 3900 τιθέμενος,
834 3830 926 3882 τὸν
965 3828 1023 3882 δὲ
1047 3830 1248 3902 τρόπον
1280 3833 1379 3902 τῆς
1417 3832 1660 3902 κτήσεως
1687 3831 1891 3885 τούτων

295 3920 591 3991 ἐξετάζειν
622 3922 684 3976 οὐ
739 3921 1091 3993 βουλόμενος*
1131 3922 1213 3976 ᾶτι
1259 3923 1322 3994 δὴ
1350 3924 1412 3978 τὸ
1454 3923 1637 3995 δεσμῷ
1680 3923 1892 3993 φύσεως

300 4016 638 4087 γιγνόμενον
671 4014 771 4069 οὐκ
806 4014 873 4069 ἂν
899 4016 983 4087 εἴη
1029 4016 1373 4089 σωφροσύνη,
1424 4018 1546 4090 ἣτις
1588 4016 1789 4088 ἥκιστά
1828 4034 1891 4087 γε

303 4109 516 4181 ἐτέρως
540 4108 574 4178 ἢ
610 4109 677 4179 τῇ
711 4105 821 4160 τῶν
846 4105 1049 4177 ἡδονῶν
1074 4106 1387 4161 ἀντιστάσει
1421 4107 1764 4177 γνωρίζεται.
1794 4098 1806 4164 ζ
1833 4150 1847 4164 .
1874 4150 1888 4163 .

301 4203 483 4257 δεῖται
526 4199 635 4272 ἄρα
683 4197 794 4253 τῶν
845 4198 1278 4272 ἀνθισταμένων,
1327 4200 1414 4255 ἵνα
1463 4193 1748 4272 μαχομέύη
1800 4201 1893 4255 καὶ

302 4293 594 4369 κρατοῦσα
645 4292 832 4347 τοῦτον
878 4292 1050 4365 κληθῇ
1108 4292 1204 4347 καὶ
1250 4292 1475 4364 γένηται
1529 4293 1886 4365 σωφροσύνη·

302 4388 715 4462 παραπλησίως
742 4387 799 4441 δὲ
826 4388 921 4442 καὶ
950 4387 1019 4442 τὰ
1047 4386 1199 4443 ἄλλα.
1233 4386 1389 4441 Οὕτω
1414 4387 1480 4458 δὴ
1513 4386 1888 4441 κατεσκεύακε

303 4485 398 4539 τὸν
427 4481 750 4555 ἄνθρωπον⁸
788 4480 948 4551 φύσει
988 4482 1087 4553 μὲν
1132 4479 1243 4535 οὔτ’
1275 4478 1481 4550 ἀγαθὸν
1524 4478 1649 4534 οὕτε
1679 4480 1847 4534 κακόν
1869 4496 1883 4511 ο
1922 4464 1964 4519 D

304 4572 612 4643 ἐπιτρέψας
642 4572 700 4626 δέ
732 4570 811 4643 τῷ
841 4570 1090 4643 λογισμῷ
1125 4570 1218 4625 τοῦ
1260 4572 1567 4643 κρείττονος
1599 4570 1697 4644 τὴν
1739 4572 1890 4643 αἴρε-

306 4682 413 4719 σιν.
453 4665 515 4717 Εί
556 4664 612 4717 δέ
657 4680 738 4717 τοι
800 4664 926 4736 μήτ’
969 4663 1174 4733 ἀγαθὸν
1205 4664 1343 4737 μητέ
1376 4665 1571 4733 κακὸν,
1600 4665 1653 4719 τί
1673 4664 1739 4721 ἂν
1778 4666 1887 4738 εἴη,

304 4757 495 4811 λοιπὸν
525 4756 791 4830 ζητεῖται.

358 4890 688 4965 ΐΣκοπητεον
718 4905 781 4948 το
820 4893 991 4962 βραχυ
1034 4894 1249 4945 παιόιον
1277 4893 1343 4963 τῇ
1376 4909 1485 4945 των
1512 4882 1702 4963 ἄκρων
1737 4907 1891 4945 αναι-

307 4984 456 5058 psset
477 4983 898 5057 γνωριζόμενον,
920 4983 1062 5053 λέγω
1086 4982 1151 5056 δὴ
1177 4982 1288 5038 οὔτ’
1311 4982 1515 5053 ἀγαθὸν
1536 4981 1662 5037 οὔτε
1686 4984 1853 5038 κακόν
1872 4999 1885 5013 ·

301 5078 334 5148 ἡ
369 5076 470 5147 μὲν
514 5075 626 5150 γὰρ
669 5076 829 5129 οὐσία
871 5075 1062 5130 τούτου
1110 5075 1283 5149 καλή·
1328 5076 1391 5130 τὸ
1432 5076 1490 5131 δέ
1528 5077 1648 5131 κατ’
1688 5075 1891 5148 ἀρετὴν

297 5173 508 5242 ἀγαθὸν
559 5174 714 5231 οὔπω
766 5175 1153 5249 προσείληφεν.
1212 5174 1370 5230 Οὕτω
1427 5176 1493 5248 δὴ
1541 5175 1636 5231 καὶ
1689 5173 1891 5246 χρυσὸς

296 5268 459 5340 φύσει
494 5270 693 5334 καλόςο
735 5269 880 5342 λόγῳ
922 5271 981 5324 δὲ
1024 5271 1225 5344 ἀρετῆς
1271 5271 1372 5325 οὐκ
1413 5269 1639 5340 ἀγαθὸς,
1684 5268 1890 5339 ἄψυχος

294 5363 400 5417 ὤν’
435 5362 542 5417 καὶ
592 5362 730 5418 λίθοι
775 5365 948 5436 τίμιοι
992 5365 1418 5437 παραπλησίως,
1463 5363 1559 5417 καὶ
1597 5361 1776 5416 πάντα
1819 5360 1887 5416 τὰ

289 5454 442 5519 ὄντα,
477 5452 721 5511 ἕκαστον
760 5456 904 5511 κατὰ
943 5457 1006 5510 τὸ
1047 5456 1179 5510 ἴδιον
1212 5459 1270 5511 ἐν
1311 5455 1432 5527 ὄψει
1478 5454 1693 5519 κάλλος.
1729 5452 1888 5508 Κατὰ

289 5548 354 5620 δὴ
385 5547 588 5605 τοῦτον
623 5550 714 5604 τὸν
753 5549 913 5620 λόγον
964 5550 1061 5604 καὶ
1110 5548 1394 5622 ἄνθρωπος
1418 5566 1431 5581 ·
1463 5547 1627 5613 καλὸς
1657 5549 1756 5618 μὲν
1795 5547 1891 5602 καὶ

291 5641 411 5697 λίαν
444 5643 621 5708 καλὸς
651 5644 807 5716 οὐσίᾳ
833 5661 893 5698 τε
917 5644 1014 5698 καὶ⁹
1044 5643 1194 5715 αὐτῷ
1216 5641 1292 5713 τῷ
1316 5637 1454 5697 εἶναι
1475 5660 1489 5673 ·
1515 5643 1576 5697 τὸ
1606 5643 1662 5697 δὲ
1684 5640 1888 5712 ἀγαθὸν

295 5736 357 5790 τδ
387 5735 477 5791 διὰ
536 5737 707 5809 μόνης
750 5737 956 5810 ἀρετῆς
1001 5734 1431 5811 προσγινόμενον
1486 5735 1635 5807 πόνῳ
1668 5734 1883 5788 κτᾶται.

306 5828 395 5882 Διδ
421 5829 557 5894 Θεὸς
598 5831 686 5885 ἐπ’
739 5829 889 5901 αὐτῷ
933 5826 1070 5886 εἶναι
1120 5828 1276 5883 τούτο
1322 5828 1659 5901 πεποίηκενο
1701 5829 1749 5881 εἰ
1794 5822 1887 5881 οὖν

1992 3204 2046 3254 et
2075 3197 2343 3269 sapientia
2372 3193 2616 3251 auctoris
2650 3191 2736 3249 sui
2792 3190 2991 3261 dignus
3043 3185 3347 3242 habendus.
3383 3182 3441 3238 Si
3473 3196 3574 3237 au—

1993 3297 2100 3347 tem
2131 3290 2225 3361 qui
2258 3287 2620 3349 contradicit,
2664 3289 2980 3356 perseveret
3029 3278 3366 3336 contendens
3409 3291 3575 3347 opor-

1991 3383 2166 3439 tuisse
2199 3388 2419 3444 natura,
2445 3387 2502 3436 et
2537 3395 2647 3435 non
2678 3377 2864 3433 labore
2910 3374 3025 3430 ﬁeri
3053 3372 3330 3428 hominem
3360 3376 3571 3440 tempe-

1992 3480 2241 3540 rantem;
2273 3487 2470 3528 rursus
2503 3470 2590 3524 hic
2628 3470 2889 3524 omittens
2908 3463 3041 3537 quid
3064 3464 3136 3520 sit
3164 3460 3522 3532 temperantia
3552 3500 3567 3520 ,

1993 3565 2063 3621 ad
2094 3564 2400 3635 eligendum
2435 3576 2501 3617 ac
2538 3559 2865 3618 sumendum
2913 3556 3059 3630 quod
3103 3571 3133 3610 a
3172 3555 3383 3609 ratione
3412 3568 3570 3609 avere

1994 3644 2114 3713 sum
2144 3663 2228 3713 est
2256 3654 2529 3723 declinat;
2562 3660 2677 3708 tum
2711 3652 2840 3722 quia
2879 3650 3032 3721 ponit
3060 3658 3114 3704 et
3139 3647 3362 3711 statuit,
3410 3659 3572 3716 posse

1994 3750 2268 3805 hominem
2300 3748 2419 3805 sine
2451 3744 2811 3817 temperantia
2842 3751 2897 3799 et
2931 3741 3148 3814 justitia
3194 3754 3317 3796 esse
3345 3738 3569 3811 dignum

1992 3849 2216 3897 auctore
2244 3855 2347 3895 suo
2380 3838 2469 3909 qui
2503 3852 2626 3892 eum
2665 3835 2825 3900 fecit;
2856 3842 2968 3887 tum
2996 3831 3123 3903 quia
3156 3846 3263 3885 non
3298 3830 3415 3884 vult
3447 3843 3575 3883 con-

1991 3934 2257 4001 siderare,
2283 3930 2558 4003 quomodo
2582 3927 2862 4001 possessio
2888 3927 3083 3981 harum
3118 3924 3381 3978 virtutum
3417 3936 3569 3976 com-

1991 4034 2250 4099 paretur,
2295 4026 2425 4096 quia
2454 4021 2600 4095 quod
2641 4020 2862 4076 vinculo
2890 4026 3100 4075 natura:
3135 4017 3336 4071 factum
3390 4019 3570 4078 esset,

1991 4131 2272 4188 nunquam
2318 4122 2467 4171 esset
2526 4110 2926 4184 temperantia,
2983 4123 3107 4179 quae
3149 4106 3376 4161 minime
3415 4104 3573 4158 aliter

1991 4226 2154 4281 quam
2211 4208 2596 4267 resistentibus
2650 4204 3020 4274 voluptatibus
3071 4199 3454 4273 cognoscitur;
3512 4206 3573 4252 ut

1992 4318 2245 4375 pugnans
2271 4310 2325 4357 et
2352 4301 2580 4357 vincens
2620 4313 2735 4364 eas,
2768 4303 2997 4351 vocetur
3045 4302 3099 4368 et
3151 4291 3223 4347 sit
3263 4298 3572 4360 temperan-

1993 4397 2108 4452 tia:
2148 4395 2400 4453 similiter
2433 4393 2490 4448 in
2524 4390 2669 4448 aliis.
2705 4387 2797 4445 Sic
2841 4401 2976 4444 sane
3019 4384 3295 4441 hominem
3319 4390 3573 4439 constru-

1994 4491 2093 4557 xit,
2119 4496 2316 4543 natura
2345 4485 2565 4557 quidem
2597 4496 2775 4553 neque
2831 4481 3035 4537 bonum
3094 4491 3269 4547 neque
3326 4475 3526 4529 malum
3553 4512 3571 4537 ,

1992 4581 2344 4638 committens
2392 4575 2595 4633 rationi
2648 4572 2974 4630 electionem
3033 4567 3295 4625 melioris.
3349 4564 3405 4622 Si
3440 4579 3578 4621 ver)

1942 4721 1948 4728 .
1993 4689 2176 4747 neque
2205 4672 2409 4729 bonum
2458 4684 2636 4741 neque
2665 4668 2892 4728 malum,
2922 4664 3190 4737 quaeritur
3214 4660 3347 4733 quid
3375 4666 3567 4715 restet.

2065 4892 2514 4952 Considerandus
2540 4898 2625 4947 est
2651 4905 2786 4961 puer
2812 4902 3013 4959 parvus
3038 4927 3052 4951 ,
3102 4887 3155 4940 in
3192 4899 3302 4955 quo
3329 4886 3573 4940 cernitur

2002 4991 2295 5059 utriusque
2322 4984 2554 5042 extremi
2593 4982 2888 5053 ademptio,
2916 4980 2969 5035 id
2999 4987 3105 5045 est,
3129 4992 3311 5049 neque
3342 4978 3567 5035 bonum.

1992 5096 2172 5152 neque
2198 5078 2402 5134 malum
2431 5090 2554 5131 esse
2593 5073 2905 5130 substantia
2926 5071 3072 5127 enim
3098 5069 3264 5140 hujus
3295 5068 3439 5124 bona
3463 5073 3570 5125 est.

1992 5173 2292 5231 bonitatem
2334 5185 2467 5227 vero
2515 5165 2817 5224 secundum
2849 5165 3104 5219 virtutem
3148 5160 3392 5218 nondum
3428 5158 3573 5245 asci-

1993 5269 2091 5323 vit.
2119 5265 2214 5321 Sic
2243 5266 2372 5321 item
2405 5272 2459 5319 et
2510 5275 2704 5315 aurum
2736 5259 2939 5314 bonum
2971 5265 3059 5314 est
3091 5263 3319 5322 natut;a;
3358 5250 3573 5306 ratione
3644 5297 3650 5303 .

1993 5375 2121 5416 vero
2153 5356 2374 5413 virtutis
2402 5370 2511 5411 non
2540 5360 2625 5410 est
2650 5353 2876 5417 bonum,
2906 5365 3032 5407 cum
3071 5349 3143 5404 sit
3178 5344 3568 5410 inanimatum;

1993 5452 2249 5511 similiter
2303 5447 2526 5521 pretiosi
2589 5445 2818 5518 lapides,
2872 5452 2928 5501 et
2996 5443 3181 5499 omnia
3234 5453 3358 5510 quae
3415 5444 3567 5501 sunt,

1991 5541 2417 5614 unumquodque
2461 5538 2761 5596 secundum
2789 5535 3066 5607 propriam
3092 5533 3148 5586 in
3187 5535 3415 5600 aspectu
3443 5527 3569 5598 pul-

1989 5623 2377 5694 chritudinem.
2410 5632 2523 5689 llas
2554 5632 2764 5687 ratione
2794 5628 2957 5682 homo
2999 5619 3429 5697 etiampulcher
3458 5624 3567 5683 est,

1990 5727 2149 5784 valde
2196 5724 2423 5797 pulcher
2481 5721 2788 5780 substantia
2844 5727 2899 5773 et
2943 5713 3185 5773 essentia
3216 5714 3336 5784 ipsa
3415 5709 3571 5793 honi-

1989 5832 2074 5879 tas
2131 5835 2260 5877 vero
2302 5834 2399 5891 per
2444 5818 2613 5875 solam
2668 5815 2923 5869 virtutem
2994 5807 3284 5865 asciseitut-
3315 5845 3330 5872 ,
3380 5805 3571 5860 labore
