4064 6290
499 359 633 414 1159

1656 357 1792 412 ΤΙἸΊ
1835 357 2265 416 BOSTRENSIS
2305 356 2606 417 El’lSCOPI

3610 358 3748 413 1140

495 485 874 548 comparatur.
902 475 1108 532 Idcirco
1150 475 1275 532 fecit
1305 477 1469 546 Deus,
1502 490 1560 536 ut
1583 481 1685 537 hoc
1714 483 1768 536 in
1801 491 2069 555 potestate

2190 487 2336 540 ἷδωκε
2371 487 2467 556 μὲν
2496 483 2592 556 τὴν
2621 481 2889 549 ἐξουσίαν,
2919 482 2980 537 οὐ
3014 480 3387 555 προεντέθεικε
3408 478 3464 534 δέ
3492 483 3557 553 τῇ
3586 478 3747 550 φύσει

497 566 619 638 ejus
647 568 813 623 situm
851 578 995 623 esset
1021 585 1034 622 :
1076 568 1122 623 si
1175 568 1341 639 igitur
1372 581 1693 641 potestatem
1725 576 1942 645 quidem
1973 577 2062 632 de-

495 657 671 714 disset
704 659 865 725 Deus,
891 674 1002 714 non
1048 667 1228 714 autem
1263 673 1474 719 natura:
1506 665 1837 736 praefecisset
1881 668 2069 739 cogni-

497 751 700 806 tionem
730 751 948 810 virtutis
977 761 1030 810 et
1060 755 1198 820 vitii,
1232 757 1379 812 visus
1411 766 1556 813 esset
1587 774 1789 813 caecum
1825 760 2067 830 aurigam

495 843 684 898 currui
710 845 1060 902 velocissimo
1093 851 1393 920 praaﬁcere.
1431 849 1528 904 Sin
1560 867 1690 906 vero
1721 853 1882 906 ambo
1905 852 2068 910 simul

498 935 865 1001 commiscuit,
895 946 1218 1008 potestatem
1265 941 1332 996 ad
1382 942 1765 998 asciscendum
1790 945 1937 1015 quod
1964 960 2072 1000 me-

499 1025 604 1081 lius
647 1034 754 1092 est,
796 1036 850 1083 et
879 1032 1262 1101 cogitationem
1296 1033 1363 1088 ad
1399 1035 1814 1090 discernendam
1843 1041 1898 1091 et
1950 1051 2072 1090 mu-

497 1117 757 1173 niendam
813 1121 1168 1191 electionem;
1227 1125 1490 1181 artiﬁcem
1548 1127 1766 1197 quidem
1831 1129 2075 1199 aurigam

500 1223 737 1269 mentem
763 1213 1049 1272 adhibuit:
1080 1215 1197 1272 haec
1235 1225 1418 1274 autem
1455 1233 1677 1273 currum
1714 1230 1922 1276 natura:
1970 1221 2082 1276 sal-

2172 579 2270 651 τὴν
2301 579 2498 649 γνῶσιν
2533 579 2734 651 ἀρετῆς
2777 597 2834 633 τε
2866 579 2961 631 καὶ
2999 577 3214 643 κακίας,
3250 576 3445 646 τυφλὸν
3473 574 3541 629 ἂν
3569 565 3774 638 ἔδοξεν

2175 672 2384 742 ἡνίοχον
2428 673 2652 742 ὲφιστᾷν
2698 670 2902 743 ἅρματι
2951 669 3226 739 όξυτάτῳ·
3267 669 3315 720 εί
3357 668 3412 720 δὲ
3457 667 3575 737 ἅμα
3622 683 3748 717 συντ

2175 763 2434 832 εκέρασεν
2461 763 2646 831 ἄμφω,
2697 761 2944 826 ἐξουσίαν
2988 777 3046 812 τε
3081 759 3216 831 πρὸς
3261 757 3451 829 κτῆσιν
3487 756 3582 810 τοῦ
3617 755 3750 808 καλ-

2176 852 2367 916 λίονος,
2407 854 2498 906 καὶ
2528 852 2726 921 γνῶσιν
2766 853 2902 923 πρὸς
2943 850 3209 922 διάκρισιν
3255 849 3348 902 καὶ
3396 847 3530 919 πρὸς
3575 846 3752 914 ἀσφά-

2178 947 2324 1000 λειαν
2356 947 2455 1017 τῆς
2502 946 2766 1017 αἱρέσεως
2786 960 2799 973 ⁶
2826 945 3075 1015 τεχνίτην
3107 943 3205 1014 μὲν
3237 940 3618 1014 προσανέδειξε
3658 938 3752 991 τδν

2180 1037 2393 1108 ἡνίοχον
2423 1035 2583 1090 νοῦν·
2639 1036 2822 1090 ἐλάσει
2865 1037 2921 1090 δὲ
2965 1036 3102 1089 σῶον
3145 1027 3303 1098 οὗτος
3338 1034 3400 1088 τὸ
3451 1032 3602 1106 ἆρμα
3652 1031 3752 1102 τῆς

2184 1126 2431 1196 φύσεως⁴
2473 1125 2586 1196 εἴγε
2619 1128 2728 1199 μὴ,
2764 1126 3016 1191 ὑπνώσας
3079 1125 3224 1180 κατὰ
3264 1125 3326 1178 τὸ
3356 1123 3602 1188 στάδιον,
3643 1119 3753 1174 ὐπὸ

2187 1217 2295 1270 τῶν
2317 1217 2517 1289 ἡδονῶν
2545 1217 2890 1288 ἁναδληθείη.

500 1322 625 1362 vum
660 1315 714 1363 et
747 1310 1073 1366 incolumem
1116 1311 1378 1383 agitabit;
1425 1312 1528 1367 nisi
1578 1328 1829 1368 somnum
1876 1315 1932 1368 in
1961 1313 2136 1370 stadio
2157 1312 2400 1382 capiens,
2433 1326 2463 1366 a
2489 1311 2856 1382 voluptatibus
2880 1311 3220 1368 deturbetur.

723 1468 853 1524 CAP.
892 1469 981 1525 Π.
1028 1470 1200 1524 Homo
1225 1471 1388 1526 bonus
1414 1480 1462 1526 et
1491 1471 1665 1526 malus
1686 1487 1748 1525 ex
1770 1473 2059 1542 proposito.
2092 1471 2408 1542 Beneficium
2439 1481 2515 1528 est
2543 1472 2764 1537 homini,
2795 1483 2944 1539 posse
2972 1470 3250 1525 admittere
3269 1478 3556 1540 peccatum.

576 1623 892 1682 Substantia
924 1627 1140 1696 quidem
1179 1636 1234 1681 et
1267 1636 1462 1683 natura
1493 1629 1718 1699 pulcher
1757 1639 1842 1686 est
1875 1629 2071 1695 homo,

503 1726 565 1772 ut
586 1734 802 1783 aurum,
832 1726 891 1773 ut
922 1719 1058 1790 lapis
1105 1719 1380 1790 pretiosus
1409 1761 1424 1786 ,
1475 1728 1532 1776 ut
1565 1736 1702 1792 opus
1737 1721 1862 1788 Dei;
1900 1723 2076 1778 bonus

505 1825 656 1876 vero,
684 1821 776 1865 aut
807 1818 996 1866 contra
1047 1813 1242 1876 malus,
1287 1814 1601 1883 proposito:
1639 1813 1752 1869 hzec
1801 1814 1946 1869 enim
1976 1814 2074 1869 ad-

502 1904 690 1971 jacent
724 1905 773 1960 ei
816 1911 1076 1975 tanquam
1128 1921 1250 1976 quae
1306 1905 1420 1961 ﬁeri
1467 1915 1721 1977 possunt.
1777 1907 2082 1974 Qualitates

506 2010 637 2051 vero
666 1995 961 2051 adveniunt
994 2003 1048 2051 et
1080 1996 1487 2068 adjunguntur,
1522 1996 1825 2053 secundum
1861 1997 2084 2053 institu-

507 2093 625 2145 tum
670 2101 781 2158 fluo
812 2088 1031 2141 ducitur
1052 2128 1067 2154 ,
1101 2094 1154 2142 et
1185 2088 1488 2143 secundum
1533 2087 1852 2143 electionem
1885 2103 2082 2158 propo-

509 2177 634 2244 siti;
666 2184 727 2231 ut
765 2177 1008 2249 nequitia
1039 2192 1160 2248 quae
1215 2179 1270 2232 in
1306 2179 1522 2234 actione
1560 2179 1815 2234 consistit
1865 2179 2043 2237 solum
2066 2218 2082 2242 ,

509 2277 636 2324 ante
667 2270 935 2324 actionem
970 2285 1078 2324 non
1119 2270 1338 2326 exsistit
1394 2286 1490 2341 per
1544 2285 1623 2326 se.
1675 2269 1847 2326 Habet
1902 2279 2084 2325 tamen

507 2363 674 2418 homo
709 2368 1032 2432 potestatem
1069 2361 1326 2433 nequitize
1349 2403 1363 2428 ,
1421 2378 1585 2433 quam
1620 2369 1800 2434 potest
1830 2363 2082 2432 operari:

510 2454 695 2519 habet,
733 2454 977 2524 inquam,
1014 2461 1337 2524 potestatem
1383 2454 1526 2524 ejus,
1551 2469 1662 2508 non
1693 2463 1751 2508 ut
1783 2468 1902 2508 eam
1955 2467 2085 2524 ope-

510 2555 681 2610 retur,
715 2547 810 2602 sed
844 2555 903 2600 ut
931 2561 1040 2601 non
1081 2562 1315 2616 operans
1341 2563 1458 2602 eam
1481 2587 1495 2611 ,
1533 2547 1774 2617 optimus
1802 2554 2082 2617 appareat.

512 2638 573 2693 Si
605 2639 748 2693 enim
781 2655 888 2694 non
925 2648 1070 2696 esset
1096 2655 1262 2710 penes
1291 2651 1414 2695 eUm
1452 2640 1614 2703 actio,
1641 2638 1920 2694 videretur
1951 2639 2085 2694 sub-

513 2733 592 2786 ire
616 2731 968 2787 invidentiam
997 2731 1276 2788 Creatoris
1298 2771 1312 2797 ,
1355 2738 1415 2786 ut
1469 2731 1692 2786 haberet
1725 2730 2085 2802 impedimen-

511 2832 627 2878 tum
665 2823 1108 2894 approbationis,
1159 2832 1213 2878 et
1256 2823 1617 2894 privationem
1668 2823 1968 2891 libertatis;
2026 2831 2086 2876 ut

510 2917 606 2986 qui
637 2931 745 2970 non
775 2915 998 2970 haberet
1044 2915 1100 2968 in
1155 2923 1423 2985 potestate
1453 2931 1553 2971 sua
1596 2915 1759 2972 situm
1783 2954 1798 2978 ,
1835 2924 1894 2970 ut
1939 2923 2086 2971 esset

513 3008 725 3075 bonus;
759 3019 818 3062 ut
858 3007 970 3078 jam
1003 3008 1246 3063 conditio
1278 3015 1568 3080 partesque
1600 3016 1830 3073 naturae,
1864 3023 1984 3078 qua:
2028 3008 2083 3063 in

514 3099 737 3154 homine
783 3098 1071 3156 inferiores
1103 3101 1388 3168 videntur,
1447 3102 1730 3158 verissime
1775 3101 2087 3171 superiores

2253 1633 2426 1703 Οὐσίᾳ
2445 1632 2542 1702 μὲν
2558 1633 2652 1686 καὶ
2670 1632 2829 1701 φύσει
2846 1630 3131 1702 ἄνθρωπος
3143 1629 3326 1694 καλὸς,
3347 1627 3654 1699 ὼςχρυσὺς,
3676 1627 3753 1688 ὡς

2181 1722 2328 1787 λίθος
2357 1724 2552 1792 τίμιος,
2575 1724 2651 1788 ὡς
2674 1723 2833 1795 ἔργον
2861 1723 2996 1776 θεοῦ
3017 1740 3028 1752 ·
3066 1721 3268 1790 ἀγαθὸς
3305 1718 3362 1774 δὲ
3387 1721 3419 1791 ἦ
3448 1720 3759 1774 τούναντίον

2185 1816 2350 1880 κακὸς
2371 1816 2623 1887 προθέσει
2642 1832 2654 1844 ·
2672 1815 2846 1868 ταῦτα
2871 1815 2979 1885 γὰρ
3003 1813 3152 1884 αὐτῷ
3182 1813 3513 1883 παράκειται
3531 1813 3652 1882 μὲν,
3682 1812 3760 1874 ὡς

2184 1905 2492 1977 πραχθῆναι
2509 1904 2798 1976 δυνάμενα·
2829 1903 2940 1977 (26)
2963 1903 3248 1974 ποιότητες
3275 1904 3412 1955 είσιν
3427 1901 3759 1972 ὲπισυμδαί-

2184 2012 2392 2058 νουσαι,
2429 1994 2569 2047 κατὰ
2601 1995 2700 2064 τὴν
2733 1993 3092 2064 ἐγγινομένην
3126 1991 3348 2062 ἀγωγὴν
3382 1991 3600 2062 καὶτῆς
3629 2009 3760 2064 προ-

2185 2087 2386 2150 θέσεως
2419 2087 2628 2157 αἵρεσιν
2649 2102 2663 2118 θ
2691 2085 2766 2149 ὡς
2797 2087 2896 2156 τὴν
2920 2086 3116 2139 κακίαν
3139 2088 3196 2140 ἐν
3225 2085 3422 2156 πράξει
3447 2085 3607 2156 μόνον
3637 2103 3763 2138 συν-

2187 2179 2502 2250 ισταμένην,
2527 2178 2653 2248 πρὶν
2680 2179 3008 2250 πραχθῆναι,
3043 2177 3116 2249 μὴ
3146 2178 3442 2246 ὑφεστάναι
3461 2194 3473 2206 ·
3507 2175 3762 2241 ἐξουσίαν

2188 2272 2367 2343 μέντοι
2399 2271 2512 2342 ἔχει
2545 2271 2740 2332 κακίας
2767 2272 2795 2324 ό
2820 2270 3105 2342 ἄνθρωπος
3140 2269 3237 2340 τῆς
3266 2269 3574 2340 πραχθῆναι
3600 2269 3761 2322 δυνα-

2188 2363 2388 2435 μένης,
2428 2365 2524 2434 οὐχ
2559 2365 2642 2417 ἵνα
2681 2361 2864 2434 πράξῃ
2896 2361 3099 2434 ταύτην
3119 2401 3134 2427 ,
3166 2361 3281 2415 ἀλλ’
3315 2363 3401 2415 ἵνα
3439 2363 3513 2434 μὴ
3546 2362 3762 2432 πράξας

2185 2457 2404 2528 ἄριστος
2427 2457 2738 2529 ἁναδειχθῇ.
2765 2458 2828 2510 Εί
2856 2457 2964 2528 γὰρ
3003 2455 3160 2509 τοῦτο
3196 2457 3453 2528 πράττειν
3484 2455 3584 2525 τὴν
3610 2455 3765 2521 ἐξου-

2188 2550 2307 2602 σίαν
2339 2550 2438 2602 οὐκ
2465 2545 2597 2620 εἶχε,
2625 2549 2816 2618 φθόνον
2841 2549 2906 2602 ἂν
2934 2547 3108 2614 ἔδοξεν
3139 2548 3360 2618 ὑπέχειν
3384 2547 3476 2600 τοῦ
3498 2547 3762 2618 δημιουρ-

2185 2641 2281 2711 γοῦ
2309 2642 2444 2712 πρὸς
2484 2641 2735 2713 ἐμπόδιον
2769 2637 3191 2712 εὐδοκιμήσεως,
3223 2640 3316 2693 καὶ
3339 2639 3475 2712 πρὸς
3508 2638 3764 2712 στέρησιν

2186 2733 2644 2806 ἐλευθεριότητος,
2677 2730 2752 2796 ὡς
2788 2732 2888 2786 οὐκ
2915 2732 3052 2803 ἔχων
3088 2730 3172 2801 ἐφ’
3201 2730 3379 2803 ἐαυτῷ
3418 2731 3478 2784 τὸ
3507 2729 3762 2800 γενέσθαι

2185 2825 2416 2894 ἀγαθός’
2473 2825 2548 2887 ὡς
2597 2824 2659 2877 τὸ
2712 2823 2901 2878 δοκοῦν
2959 2825 3107 2895 μεῖον
3161 2824 3350 2894 κτῆμα
3397 2821 3763 2892 ἀληθέστατον

2183 2921 2468 2992 τυγχάνειν
2517 2920 2616 2991 τῆς
2653 2913 2868 2989 φύσεως
2911 2917 3312 2988 πλεονέκτημα.
3359 2915 3472 2971 Νῦν
3511 2917 3610 2988 μὲν
3652 2915 3763 2986 γὰρ

2183 3015 2382 3084 ἣκιστα
2396 3011 2532 3083 πρὸς
2549 3011 2669 3082 βίαν
2686 3015 2718 3084 ἡ
2735 3011 3126 3066 κακία-ἔπεισιν
3153 3010 3324 3080 αὐτῷ,
3348 3011 3422 3082 μὴ
3440 3011 3558 3064 κατ’
3574 3010 3766 3062 οὐσίαν

2185 3105 2524 3178 ὑπάρχουσαθ
2549 3107 2595 3158 εί
2615 3104 2670 3158 δὲ
2690 3104 2763 3176 μὴ
2787 3099 2929 3176 εἶχεν
2946 3098 3191 3170 ἐξουσίαν
3209 3103 3399 3174 αὐτῆς,
3418 3104 3517 3156 οὐκ
3537 3101 3602 3156 ἂν
3620 3098 3767 3172 εἶχεν

515 3202 581 3243 ac
615 3190 944 3246 valentiores
968 3198 1173 3246 essent.
1199 3189 1356 3246 Nunc
1385 3198 1565 3246 autem
1594 3191 1836 3262 nequitia
1863 3191 2085 3248 minime

2190 3198 2269 3266 ἐφ’
2300 3195 2476 3268 ἐαυτῷ
2511 3197 2570 3250 τὸ
2602 3195 2823 3266 φεύγειν
2849 3196 3036 3267 αὐτήν·
3069 3190 3258 3265 φεύγει
3290 3193 3398 3266 γὰρ
3445 3193 3542 3264 οὐχ
3585 3193 3662 3256 ὡς
3707 3191 3767 3245 ὃν

515 3299 614 3352 per
635 3283 742 3338 vim
771 3282 938 3347 subit,
963 3298 1087 3338 cum
1116 3297 1226 3337 non
1251 3282 1323 3339 sit
1355 3283 1654 3339 secundum
1685 3282 2081 3338 substantiam:

2190 3287 2251 3340 τὸ
2270 3288 2342 3358 μὴ
2357 3287 2436 3352 ὃν,
2455 3287 2568 3341 ἀλλ’
2585 3287 2660 3352 ὡς
2679 3286 2947 3341 ὑπἀὐτοῦ
2967 3283 3221 3355 γενέσθαι
3245 3286 3562 3356 δυνάμενον.

515 3385 571 3432 et
597 3375 643 3430 si
683 3375 846 3430 homo
875 3391 983 3430 non
1013 3375 1236 3431 haberet
1263 3374 1383 3446 ejus
1423 3382 1771 3445 potestatem,
1797 3389 1907 3430 non
1936 3383 2084 3432 esset
2121 3393 2287 3448 penes
2325 3396 2448 3435 eum
2481 3379 2667 3450 fugere
2728 3394 2847 3435 eam
2911 3398 2925 3434 :
2979 3377 3118 3451 fugit
3168 3378 3312 3433 enim
3357 3393 3466 3433 non
3505 3384 3766 3448 tanquam

515 3464 746 3521 exsistat
791 3465 938 3535 quod
998 3480 1109 3520 non
1138 3467 1366 3531 exstitit,
1404 3466 1500 3522 sed
1537 3473 1798 3538 tanquam
1834 3466 1888 3521 id
1935 3467 2081 3534 quod
2121 3469 2188 3524 ab
2223 3471 2341 3542 ipso
2371 3470 2487 3526 ﬁeri
2514 3478 2711 3541 potest.

588 3583 873 3650 Quomodo
904 3591 1084 3638 autem
1115 3583 1208 3653 qui
1239 3581 1353 3638 odit
1381 3583 1585 3638 malum
1605 3625 1620 3650 ,
1651 3583 1797 3654 quod
1829 3585 2095 3655 optimum

515 3685 600 3734 est
621 3686 901 3748 comparet
942 3675 1051 3730 nisi
1079 3675 1211 3730 illud
1259 3676 1404 3747 quod
1437 3676 1616 3732 facere
1646 3686 1877 3747 poterat,
1906 3678 2096 3734 volens

517 3768 837 3825 recusaret?
891 3767 1064 3825 virtus
1113 3769 1258 3824 enim
1315 3768 1372 3822 in
1420 3767 1736 3823 hominibus
1768 3784 1904 3838 pene
1959 3769 2096 3825 nihil

519 3863 667 3918 aliud
698 3872 783 3919 est
815 3878 978 3934 quam
1018 3862 1294 3919 recusatio
1327 3877 1390 3916 ac
1440 3862 1734 3916 declinatio
1765 3862 1883 3916 vitii
1911 3880 1924 3916 :
1959 3872 2091 3918 tem.

521 3962 741 4024 peratus
770 3955 916 4009 enim
946 3961 1061 4018 est,
1105 3953 1197 4024 qui
1229 3970 1336 4010 non
1365 3961 1449 4008 est
1478 3953 1883 4025 intemperans;
1911 3962 1964 4010 et
2003 3954 2093 4025 jua

522 4050 663 4104 stus.
693 4044 787 4113 qui
837 4058 944 4099 non
985 4050 1071 4100 est
1117 4043 1390 4113 injustus;
1440 4052 1494 4099 et
1551 4045 1803 4100 similiter
1845 4043 1904 4099 in
1947 4045 2090 4101 aliis.

524 4133 667 4190 Deus
699 4135 842 4190 enim
879 4135 1055 4191 bonus
1089 4144 1195 4198 est,
1215 4150 1326 4190 non
1363 4135 1490 4206 quia
1513 4150 1619 4190 non
1650 4134 1780 4190 facit
1811 4135 2092 4205 injuriam,

523 4224 742 4279 tametsi
773 4227 981 4294 possit;
1024 4225 1116 4280 sed
1152 4226 1279 4294 quia
1313 4225 1652 4281 solummodo
1677 4228 1951 4282 beneﬁcus
1973 4234 2090 4283 est:

523 4316 873 4383 quamobrem
923 4317 1074 4371 solus
1123 4324 1206 4372 est
1241 4317 1437 4372 bonus.
1490 4316 1548 4372 In
1606 4317 1916 4374 hominibus
1965 4333 2094 4374 vero

521 4409 725 4463 bonum
775 4425 842 4466 ex
875 4406 1001 4479 fuga
1053 4409 1178 4462 mali
1216 4407 1452 4479 primum
1505 4409 1759 4477 exsistit;
1809 4411 1969 4481 cujus
1999 4425 2097 4482 po-

2270 3586 2394 3652 Πῶς
2428 3587 2472 3641 δ’
2499 3587 2563 3642 ἂν
2583 3587 2644 3640 τὸ
2670 3586 2964 3659 μισόκακον
2993 3587 3261 3657 ἐκτήσατο
3287 3576 3685 3643 κάλλιστον’ὅν,
3718 3585 3769 3634 εί

2203 3679 2298 3751 μὴ,
2322 3674 2432 3743 οἶός
2460 3697 2518 3732 τε
2557 3677 2632 3733 ὢν
2661 3677 2884 3732 τοιαῦτα
2927 3677 3206 3750 πράττειν,
3254 3677 3395 3731 ἑκὼν
3435 3679 3768 3749 παρῃτεῖτο;

2197 3773 2364 3842 ἁρετὴ
2407 3771 2516 3844 γὰρ
2558 3773 2615 3824 ἐν
2645 3769 2948 3842 ἀνθρώποις
2980 3769 3163 3841 σχεδὸν
3207 3769 3356 3823 οὐδὲν
3395 3767 3640 3842 ἕτερονῆ
3673 3785 3769 3819 κα-

2199 3863 2322 3927 κίας
2351 3863 2713 3935 παραίτησις·
2750 3862 2981 3933 σώφρων
3008 3862 3116 3934 γὰρ
3144 3863 3172 3914 ὁ
3207 3862 3280 3933 μὴ
3313 3861 3640 3923 ἀκόλαστος·
3677 3860 3769 3912 καὶ

2195 3953 2402 4019 δίκαιος
2425 3957 2453 4009 ὁ
2484 3954 2559 4027 μὴ
2589 3955 2792 4019 ἄδικος,
2829 3957 2922 4009 καὶ
2967 3955 3134 4008 τᾶλλα
3177 3953 3595 4025 παραπλησίως.
3639 3952 3768 4014 Θεὸς

2202 4047 2299 4117 μὲν
2330 4046 2438 4119 γὰρ
2476 4046 2681 4115 ἀγαθὸς
2723 4047 2782 4100 οὐ
2825 4046 2902 4117 τῷ
2941 4046 3016 4118 μὴ
3055 4047 3281 4108 ἀδικεῖν,
3305 4047 3354 4098 εί
3401 4044 3494 4097 καὶ
3525 4044 3768 4102 δύναται.

2200 4135 2333 4191 ἀλλὰ
2356 4139 2434 4209 τῷ
2465 4138 2622 4208 μόνον
2650 4140 2956 4210 εὐεργετεῖν
2977 4156 2991 4169 ο
3031 4139 3110 4192 διὸ
3144 4138 3235 4192 καὶ
3268 4136 3424 4208 μόνος
3449 4135 3651 4204 ἀγαθός
3673 4153 3686 4166 ο
3713 4135 3768 4186 ἐν

2199 4231 2506 4300 ἀνθρώποις
2528 4231 2584 4285 δέ
2603 4231 2663 4284 τὸ
2689 4231 2889 4300 ἀγαθὸν
2916 4230 3133 4302 πρῶτον
3159 4233 3220 4302 τῇ
3246 4231 3390 4300 φυγῇ
3411 4227 3504 4281 τοῦ
3532 4228 3769 4299 χείρονος

2202 4324 2552 4377 συνίσταται⁶
2609 4318 2668 4378 οὐ
2717 4323 2814 4396 τὴν
2865 4321 3111 4386 ἐξουσίαν
3160 4324 3456 4390 ἀναγκαῖον
3508 4320 3770 4390 παρακεῖ-

2204 4414 2348 4480 σθαι,
2381 4416 2447 4468 ϊν’
2476 4418 2570 4470 ἐπὶ
2592 4415 2668 4488 τῷ
2699 4415 3004 4487 βουλομένῳ
3032 4413 3282 4484 γενέσθαι
3311 4411 3500 4482 ἀγαθῷ
3527 4410 3770 4480 τυγχάνῃ

523 4507 774 4557 testatem
805 4515 1029 4558 necesse
1054 4508 1138 4556 est
1169 4515 1291 4556 esse
1311 4499 1360 4553 ei
1390 4500 1484 4569 qui
1514 4501 1628 4553 vult
1655 4516 1778 4556 esse
1806 4501 2006 4565 bonus,
2039 4511 2085 4555 ul

2204 4511 2265 4563 τὸ
2297 4509 2374 4581 μὴ
2405 4512 2577 4562 ποιεῖν
2603 4509 2758 4564 αὐτό·
2792 4509 2895 4562 κᾶν
2921 4506 3289 4579 γὰρότέλειος
3320 4502 3772 4576 προσαπαιτεῖται

524 4593 597 4649 sit
625 4608 789 4663 penes
819 4594 996 4662 ipsum
1057 4608 1164 4647 nou
1215 4592 1391 4648 facere
1422 4594 1668 4648 malum.‘
1700 4591 1817 4648 Etsi
1872 4594 2016 4648 enim
2066 4609 2094 4648 a

523 4683 765 4754 perfecto
799 4695 991 4756 prmter
1043 4685 1226 4756 fugam
1288 4685 1693 4740 contrariorum
1743 4685 2101 4753 requiruntur

523 4777 687 4834 etiam
717 4779 990 4844 actiones,
1039 4779 1164 4848 luga
1198 4787 1379 4834 tamen
1409 4787 1461 4834 et
1492 4777 1786 4832 declinatio
1809 4775 2098 4832 deterioris

525 4871 704 4942 majus
724 4872 855 4942 quid
889 4880 974 4928 est
1007 4872 1073 4926 ad
1102 4872 1497 4944 probationem.
1547 4869 1686 4924 Hinc
1719 4869 1808 4935 ﬁt,
1853 4877 1914 4924 ut
1952 4869 2095 4940 apud

525 4965 774 5020 homines
804 4979 963 5019 nemo
983 4981 1186 5020 vacuus
1216 4980 1245 5018 a
1274 4971 1500 5035 peccato
1522 4962 1861 5033 reperiatur;
1893 4961 2095 5031 quippe

523 5075 650 5116 cum
684 5057 964 5130 probatior
991 5059 1062 5113 sit
1081 5058 1243 5113 homo
1274 5068 1496 5128 pr0pter
1524 5055 1892 5112 diﬁicultatem
1924 5053 2095 5110 absti-

523 5153 690 5209 nendi
733 5167 762 5206 a
794 5159 1020 5222 peccato
1051 5170 1064 5205 :
1098 5149 1537 5221 quandoquidem
1597 5148 1702 5204 hoc
1744 5147 2098 5218 potissimum

526 5233 688 5301 modo
717 5248 962 5317 signatur
980 5245 1187 5311 virtus;
1215 5245 1482 5300 actionem
1503 5250 1682 5299 autem
1710 5241 1908 5298 bonam
1933 5242 2098 5296 etiam

528 5338 669 5407 apud
697 5337 854 5393 valde
880 5338 1055 5393 malos
1078 5335 1403 5406 reperimus.

593 5429 788 5502 Liquet
815 5431 982 5504 igitur
1011 5429 1335 5487 beneﬁcium
1377 5444 1501 5486 esse
1529 5428 1736 5483 homini
1772 5434 2096 5500 potestatem

531 5523 855 5593 suscipiendi
908 5532 1224 5595 peccatum;
1269 5537 1297 5576 a
1330 5537 1440 5594 quo
1478 5521 1696 5594 quidem
1728 5537 1788 5575 se
1819 5520 2100 5576 abstinens

2200 4602 2292 4655 καὶ
2320 4601 2548 4673 πράξεις
2592 4599 2812 4668 ἀγαθῶν
2851 4599 2987 4672 πρὸς
3021 4601 3088 4670 τῇ
3143 4599 3287 4667 φυγῇ
3336 4593 3442 4648 τῶν
3487 4593 3771 4655 ἐναντίωνν

2198 4695 2334 4749 ἀλλὰ
2374 4694 2556 4764 μεῖζον
2600 4695 2678 4756 εἰς
2711 4692 3055 4762 εὐδοκίμησιν
3097 4691 3130 4759 ἡ
3174 4687 3320 4758 φυγὴ
3359 4684 3452 4738 τοῦ
3504 4684 3766 4756 χείρονος.

2199 4789 2355 4843 υύτω
2382 4788 2481 4860 μὲν
2522 4785 2629 4859 γὰρ
2666 4785 2726 4839 τὸ
2784 4786 2880 4857 μὲν
2920 4785 3213 4839 ἄπταιστον
3267 4779 3418 4852 παρὰ
3461 4777 3768 4849 ἀνθρώποις

2197 4883 2448 4954 οὐδαμῶς
2504 4881 2655 4954 εὕροι
2703 4895 2786 4943 τις
2827 4878 2926 4942 ἂν,
2975 4878 3051 4940 ὡς
3096 4873 3524 4946 εὐδοκιμωτέρου
3567 4869 3768 4940 τυγχά-

2198 4991 2378 5038 νοντος
2398 4974 2486 5028 διὰ
2527 4974 2624 5046 τὴν
2653 4971 2969 5044 δυσχέρειαν
2995 4967 3088 5021 τοῦ
3121 4965 3414 5037 ἀπέχεσθαι
3441 4967 3540 5034 τῆς
3587 4965 3764 5032 ἁμαρα

2199 5067 2353 5130 τίας·
2398 5066 2584 5137 ἐπειδὴ
2623 5065 2811 5120 τοῦτον
2847 5063 3075 5134 μάλιστα
3106 5060 3196 5114 τὸν
3246 5059 3444 5129 τρόπον
3493 5070 3766 5126 χαρακτη-

2205 5157 2411 5229 ρίζεται
2438 5161 2471 5230 ἡ
2495 5158 2692 5230 ἀρετή·
2725 5157 2924 5230 πρᾶξιν
2955 5155 3012 5208 δὲ
3054 5151 3297 5225 χρηστὴν
3330 5151 3425 5202 καὶ
3464 5145 3618 5217 παρὰ
3659 5147 3768 5205 τοῖς

2200 5250 2321 5302 λίαν
2355 5253 2611 5321 πονηροῖς
2634 5249 2980 5321 εὑρίσκομεν.

2271 5428 2438 5498 Δῆλον
2471 5429 2667 5493 τοίνυν,
2695 5429 2770 5491 ὡς
2813 5428 3095 5498 ἄνθρωπος
3135 5421 3500 5495 εὐεργετεῖται
3525 5420 3592 5488 τῇ
3624 5416 3769 5482 ὲξου·

2204 5519 2294 5590 σίᾳ
2339 5518 2432 5571 τοῦ
2488 5517 2860 5589 πλημμελεῖνο
2909 5511 2970 5571 οὗ
3002 5533 3063 5585 γε
3121 5514 3494 5585 ἀπεχόμενος,
3536 5507 3630 5561 καὶ
3677 5505 3770 5572 οὐχ

597 5676 707 5748 (26)
747 5681 1082 5748 Ποιότητες.
1131 5679 1431 5746 Qualitates
1475 5675 1737 5734 bonitatis
1781 5675 1991 5732 scilicet
2053 5682 2098 5732 et
2135 5673 2416 5747 nequitiae,
2451 5675 2563 5732 sive
2595 5675 2812 5730 virtutis
2854 5682 2908 5728 et
2939 5673 3074 5738 vitii,
3109 5681 3166 5727 ut
3197 5672 3409 5728 dicatur
3447 5671 3628 5725 bonus
3684 5667 3766 5722 vel

526 5747 722 5801 malus.
766 5748 937 5803 Tum.
