4064 6290
356 337 492 392 ΜΗ

1443 344 1809 399 Αῡγειιδυδ
1851 344 2271 402 ΜᾹΝΙΟΗΞΟΞ
2312 345 2439 401 LIB.
2477 345 2543 404 ll.

3461 349 3592 402 11-ίῖ

351 455 583 528 ἑτέρως,
618 456 909 529 εὐδοκιμεῖ.
940 458 1363 532 Ἐλευθεριότητι
1392 464 1676 534 τοιγαροῦν
1710 464 1912 534 τετίμη-

2026 471 2301 535 spectatur
2325 473 2379 519 et
2411 463 2689 534 probatur,
2721 470 2773 517 et
2811 480 2917 517 non
2963 463 3136 518 aliter.
3191 463 3382 517 Libera
3429 464 3593 534 igitur

349 565 449 602 ται
477 547 790 620 ἄνθρωπος,
824 549 1023 621 ἀρετῆς
1067 567 1126 604 τε
1171 551 1265 604 καὶ
1293 551 1489 616 κακίας
1521 553 1721 606 τούτων
1766 553 1923 621 φύσει

347 639 456 710 τὴν
492 639 695 708 γνῶσιν·
739 641 896 712 ἔχων,
952 643 1262 714 δυναμέκων
1315 644 1640 715 πραχθῆναι,
1691 645 1819 717 πρὶν
1869 644 1925 697 δὲ

352 728 669 802 πραχθῆναι
704 733 776 802 μὴ
822 732 1018 786 ὄντων·
1070 733 1169 787 ποῦ
1202 734 1310 806 γὰρ
1354 735 1418 789 ἂν
1449 735 1532 807 εἴη
1572 737 1630 789 τὸ
1684 735 1922 807 πραττό-

357 835 542 889 μενον,
564 820 656 872 τοῦ
687 823 1015 891 πράττοντος
1037 825 1109 895 μὴ
1134 825 1464 898 ὑπάρχοντος
1487 842 1500 890 ;
1525 824 1682 879 Ὥστε
1717 825 1925 895 γίνεται

351 910 454 963 καὶ
481 909 795 980 ἀπογίνεται
828 916 996 970 κακία
1030 917 1409 989 πραττομένη,
1459 918 1553 972 καὶ
1589 919 1682 989 μή.
1715 918 1920 971 Αὐτίκα

349 1001 452 1056 καὶ
483 1001 642 1068 Θεὸς,
677 1004 879 1074 ἀγαθὸς
911 1005 1016 1072 ὢν,
1061 1009 1155 1061 καὶ
1197 1009 1353 1078 μόνον
1395 1010 1699 1082 εὐεργετεῖν
1731 1007 1918 1073 εἰδὼς,

347 1093 525 1147 κακὸν
589 1095 686 1164 μὲν
731 1096 882 1150 οὐδὲν
935 1098 1064 1170 δρᾷ·
1119 1099 1240 1152 οὔτε
1289 1099 1346 1153 δὲ
1414 1101 1604 1170 ἀγνοίᾳ
1659 1100 1921 1172 ἀπέχεται

347 1181 571 1248 κακίας,
603 1183 724 1237 οὗτε
769 1185 1036 1258 ἀδυναμίᾳ
1063 1189 1293 1260 πάμπαν
1328 1191 1653 1262 κεχώρισται
1696 1190 1918 1263 ταύτης.

347 1273 484 1336 Πῶς
532 1274 640 1346 γὰρ
684 1277 866 1346 ἀγνοεῖ
908 1280 936 1331 ὁ
979 1278 1242 1336 διδάσκων
1292 1282 1365 1354 μὴ
1411 1283 1670 1354 πράττειν
1717 1283 1919 1354 αύτήν;

346 1363 479 1426 Πῶς
506 1363 562 1418 δὲ
591 1363 807 1434 εὔλογον
838 1367 906 1420 δι’
963 1368 1262 1441 ἀδυναμίαν
1314 1371 1445 1425 Θεὸν
1479 1371 1776 1442 ἀπέχεσθαι
1820 1388 1918 1423 κα-

345 1454 479 1519 κίας
512 1456 791 1527 ἡγεῖσθαι,
825 1460 886 1512 οὐ
921 1459 1029 1532 γὰρ
1062 1462 1330 1535 ἀδυναμίᾳ
1368 1462 1462 1516 τοῦ
1500 1463 1752 1534 ἀδικῆσαι
1786 1464 1920 1531 ἀγα-

345 1543 511 1609 θὸς.ὁ
561 1548 794 1616 ἀγαθὸς,
839 1550 975 1606 ἀλλὰ
1007 1553 1188 1626 τελείᾳ
1235 1554 1329 1608 τοῦ
1382 1554 1456 1626 μὴ
1511 1553 1792 1626 βούλεσθαι
1823 1555 1916 1608 δυ-

345 1637 533 1709 νάμει.

2025 563 2293 627 potestate
2330 555 2546 610 virtutis
2584 561 2638 610 et
2668 554 2784 609 vitii
2811 554 3111 608 honoratus
3139 561 3222 608 est
3246 554 3408 609 homo
3436 592 3450 616 ,
3496 555 3593 608 ha-

2023 649 2157 703 bens
2193 655 2386 702 natura
2422 646 2615 701 horum
2646 645 3034 715 cognitionem,
3072 660 3190 714 qua:
3232 644 3284 699 in
3321 645 3590 700 actionem

2024 739 2211 793 venire
2237 744 2485 808 possunt,
2517 743 2570 790 et
2620 736 2772 806 prius
2815 750 2976 806 quam
3009 735 3249 799 veniant,
3277 750 3383 788 non
3426 741 3550 790 sunt
3577 755 3588 788 :

1954 830 1980 860 ’-
2026 827 2281 881 ubienim
2317 825 2421 879 erit
2449 823 2592 895 quod
2628 823 2846 894 agitur,
2896 824 2941 878 si
2990 839 3098 876 non
3148 831 3231 878 est
3284 823 3378 892 qui
3431 823 3595 893 agat?

2029 919 2207 985 Quare
2237 917 2390 974 adest
2419 917 2682 987 nequitia,
2715 931 2836 970 cum
2892 922 2976 971 est
3012 914 3154 969 actio
3201 914 3351 984 ejus;
3393 914 3548 968 abest
3575 954 3589 974 ,

2028 1025 2150 1065 cum
2178 1025 2287 1065 non
2312 1016 2414 1064 est.
2444 1008 2717 1064 Continuo
2763 1008 2928 1062 etiam
2962 1005 3104 1060 Deus
3131 1005 3307 1060 bonus
3332 1020 3455 1059 cum
3484 1005 3591 1069 sit,

2026 1109 2080 1157 et
2111 1101 2452 1156 solummodo
2483 1100 2780 1164 beneﬁcus,
2803 1099 2936 1152 nihil
2968 1098 3092 1151 mali
3123 1096 3272 1161 facit,
3303 1111 3478 1166 neque
3495 1111 3592 1165 per

2029 1191 2391 1261 ignorantiam
2421 1190 2653 1245 abstinet
2679 1204 2708 1241 a
2743 1187 2982 1258 nequitia
3004 1227 3018 1251 ,
3056 1202 3229 1256 neque
3273 1186 3399 1256 quia
3441 1185 3592 1240 deest

2026 1288 2288 1352 potestas,
2323 1281 2545 1335 omnino
2562 1281 2628 1335 ab
2645 1295 2705 1335 ea
2725 1279 3006 1348 sejunctus
3021 1285 3122 1333 est.
3141 1277 3419 1344 Quomodo
3446 1277 3586 1332 enim

2023 1373 2234 1443 ignoret
2263 1371 2579 1443 nequitiam,
2617 1386 2778 1442 quam
2814 1370 3000 1432 docet,
3055 1385 3162 1424 non
3191 1369 3446 1423 adhibere
3469 1383 3588 1422 eam

2024 1463 2091 1516 ad
2147 1462 2461 1517 actionem?
2516 1461 2800 1527 Quomodo
2862 1477 3056 1516 rursus
3108 1461 3304 1514 rationi
3356 1475 3590 1514 conscn~

2023 1559 2247 1607 laneum
2275 1558 2359 1607 est
2391 1551 2726 1612 existimare,
2757 1551 2884 1618 quia
2911 1550 3052 1604 desit
3086 1550 3344 1620 potentia,
3386 1549 3527 1604 Deus
3559 1566 3586 1602 a

2022 1643 2262 1714 nequitia
2295 1643 2603 1698 abstineat?
2637 1656 2745 1696 non
2773 1641 2915 1695 enim
2945 1641 3033 1696 ille
3064 1642 3154 1711 qui
3189 1650 3270 1695 est
3307 1641 3458 1696 solus
3491 1641 3587 1694 bo-

345 1743 478 1792 nus,
504 1730 631 1800 quia
657 1747 765 1786 non
793 1741 972 1804 potest
1009 1735 1246 1806 injustus
1274 1752 1416 1803 esse,
1451 1739 1628 1793 bonus
1663 1745 1784 1804 est;
1826 1735 1920 1792 sed
1959 1736 2086 1805 quia
2142 1734 2437 1806 perfectam
2469 1741 2793 1806 potestatem
2831 1733 2993 1788 habet
3024 1749 3130 1788 non
3185 1733 3396 1786 volendi
3446 1731 3586 1800 inju-

337 1821 578 1878 stitiam.

490 1931 616 1987 CAP.
659 1933 725 1991 ν.
766 1935 904 1992 Deus
927 1955 1026 1993 non
1051 1951 1216 2010 potest
1248 1944 1420 2012 facere
1446 1945 1719 2016 injustam.
1757 1942 1984 1998 Mutatio
2007 1936 2233 1992 hominis
2261 1934 2328 1988 ad
2359 1934 2563 1989 vitium.
2599 1933 2953 2003 Impossibilis
2981 1935 3244 1988 conversio
3275 1936 3428 1990 unde.
3510 1925 3512 1928 ’

401 2051 482 2104 El
527 2051 582 2104 δὲ
624 2053 909 2126 λέγοιμεν,
949 2059 1023 2124 ὡς
1079 2061 1138 2113 ού
1186 2062 1406 2117 δύναται
1461 2065 1591 2128 Θεὸς
1635 2066 1816 2119 ἄδικόν
1865 2082 1912 2117 τι

2091 2053 2147 2110 Si
2183 2063 2360 2108 autem
2392 2051 2660 2117 dicamus,
2686 2069 2794 2108 non
2837 2067 2997 2122 posse
3027 2049 3194 2106 Deum
3245 2051 3447 2132 aliquid
3501 2052 3586 2107 in-

323 2145 606 2215 ποιῆσαι,
646 2147 823 2212 καλῶς
848 2149 910 2222 δή
961 2168 1168 2223 φαμεψ
1214 2156 1275 2208 τὸ
1317 2157 1496 2226 μέντοι
1542 2158 1617 2229 μὴ
1661 2157 1915 2211 δύνασθαι

317 2236 385 2288 οὐ
460 2235 594 2306 πρὸς
637 2237 917 2294 ἀσθένειαν
963 2242 1229 2316 ἕλκομεν,
1283 2247 1416 2302 ἀλλά
1465 2250 1600 2321 πρὸς
1641 2249 1916 2321 ἀκρότητα

317 2323 440 2380 τοῦ
477 2328 554 2399 μὴ
583 2328 882 2399 βούλεσθαι,
926 2335 1019 2394 κα).
1049 2337 1184 2407 πρὸς
1213 2339 1273 2392 τὸ
1295 2340 1665 2410 ἀμετάστατον
1692 2341 1790 2412 τῆς
1819 2341 1913 2394 τοῦ

328 2416 590 2489 χεερονος
624 2423 1032 2493 παραιτήσεως’
1065 2427 1329 2497 ἄτρεπτος
1363 2429 1470 2501 γὰρ
1499 2428 1573 2482 ὣν
1605 2429 1700 2501 τὴν
1733 2429 1912 2500 φύσιν,

335 2512 615 2581 ἄτρεπτον
663 2511 774 2582 ἔχει
818 2513 878 2567 τὸ
926 2515 1000 2587 μὴ
1044 2516 1325 2586 βούλεσθαί
1367 2537 1418 2573 τι
1478 2521 1642 2574 κακὸν
1684 2521 1907 2592 δρᾶσαι·

335 2603 487 2656 ὥστε
521 2603 740 2657 δύναται
785 2607 914 2675 μὲν,
949 2610 1010 2660 οὐ
1046 2609 1147 2680 δρᾷ
1198 2610 1254 2664 δὲ
1299 2611 1554 2682 ἀτρέπτῳ
1578 2616 1642 2684 τῇ
1692 2613 1782 2666 τοῦ
1838 2614 1910 2686 μὴ

341 2693 631 2763 βούλεσθαι
660 2695 836 2766 φύσει.
869 2699 979 2751 Καὶ
1009 2699 1178 2765 οὕτως
1194 2701 1291 2754 ούκ
1305 2702 1600 2758 ἓστικακία
1617 2705 1765 2775 παρὰ
1793 2707 1911 2778 Θεῷ

336 2783 403 2837 τύ
439 2782 600 2853 μόνον
627 2784 702 2854 τῷ
744 2785 816 2856 μὴ
864 2788 1177 2855 ὑφεστάναι,
1221 2790 1355 2844 ἀλλὰ
1386 2793 1518 2864 μηδὲ
1556 2793 1632 2865 τῷ
1678 2798 1909 2867 πράττε-

342 2874 491 2927 σθαι.
537 2875 751 2949 Ἐπειδὴ
782 2877 838 2930 δέ
874 2897 986 2943 πως
1009 2880 1312 2953 ἀνθρώποις
1342 2884 1441 2937 οὐκ
1476 2884 1621 2940 ἐστιν
1649 2887 1910 2959 ἄτρεπτος

346 2966 375 3035 ἢ
405 2967 740 3038 παραίτησις
776 2971 964 3040 αὐτῆς,
999 2971 1100 3026 κάν
1131 2990 1216 3037 τις
1255 2975 1579 3047 ἀναϐεϐήκει
1621 2979 1754 3050 πρὸς
1785 2981 1910 3050 ἀρε-

337 3057 466 3127 τὴν,
498 3061 840 3132 πραττομένη
888 3062 1044 3133 μόνον
1076 3060 1213 3118 εἶναι
1266 3065 1428 3130 δοκεῖ,
1465 3068 1584 3138 ούχὶ
1625 3069 1679 3122 δὲ
1711 3071 1802 3123 καὶ
1834 3072 1906 3142 μὴ

338 3149 691 3220 πραττομένη
716 3155 1075 3226 προϋπάρχει.
1103 3157 1256 3209 Οὕτω
1285 3159 1381 3228 μὲν
1407 3157 1469 3230 δὴ
1501 3160 1591 3213 τὸν
1624 3161 1907 3233 ἄνθρωπον

335 3238 638 3310 τετίμηκεν
689 3243 716 3295 ό
763 3243 920 3308 Θεὸς,
957 3248 1076 3300 κατ’
1113 3246 1295 3300 εἰκόνα
1341 3248 1533 3302 ἑαυτοῦ
1574 3249 1906 3324 δημιουργή-

335 3346 538 3393 σαντος
551 3332 710 3385 αὐτόν
729 3351 742 3364 ο
771 3335 836 3388 ἵν’
869 3335 1056 3410 ὥσπερ
1089 3339 1249 3403 αὐτὸς
1270 3339 1665 3413 ἐλευθεριότητι
1697 3345 1908 3413 φύσεως

333 3417 566 3487 ἀγαθὸς.
599 3419 740 3476 οὕτω
770 3422 832 3492 δὴ
874 3427 965 3478 καὶ
986 3402 1326 3501 δ’ἄνθρωπος
1354 3402 1745 3504 ἐλεύθεριότητι
1778 3402 1911 3504 προίι
1935 3402 1978 3458 c

336 3509 547 3574 θέσεως
571 3510 815 3586 ζηλωτὴς
846 3517 1062 3590 ὑπάρχῃ
1087 3519 1242 3589 Θεοῦ,
1269 3523 1370 3576 ούκ
1401 3523 1669 3598 ἀδυναμίᾳ
1696 3526 1909 3595 φύσεως

332 3600 432 3654 τοῦ
486 3603 817 3673 ἁμαρτάνειν
865 3609 1228 3680 ἀπεχόμενος,
1275 3613 1666 3688 ἐλευθεριότητι
1707 3619 1763 3672 δέ
1812 3618 1908 3691 τὴν

335 3696 546 3768 ἀρετὴν
577 3697 772 3768 τιμῶν.

411 3871 601 3927 Ταῦτα
641 3874 696 3928 δὲ
746 3876 994 3948 σημαίνει
1028 3879 1126 3950 μὲν
1157 3882 1460 3954 αὐτάρκως,
1497 3886 1588 3938 καὶ
1619 3887 1679 3938 τὸ
1709 3889 1910 3954 πολλὰς

341 3961 607 4026 πολλάκις
647 3966 704 4017 ἐν
751 3965 1056 4038 ἀνθρώποις
1105 3972 1456 4044 εὑρίσκεσθαι
1517 3979 1652 4049 πρὸς
1709 3981 1909 4052 ἀρετὴν

339 4055 438 4108 καὶ
497 4055 694 4110 κακίαν
748 4059 1076 4126 μεταϐολὰς,
1127 4058 1208 4129 οἷς
1260 4065 1327 4119 ἂν
1375 4068 1666 4141 μηδέτερον
1706 4072 1910 4126 τούτων

335 4143 557 4234 παγίως
611 4147 894 4222 ἐνυπάρχῃ,
936 4153 1130 4224 χρονίῳ
1180 4155 1468 4228 συνηθείᾳ·
1520 4159 1619 4212 ὅσα
1660 4161 1758 4230 μὲν
1802 4161 1910 4234 γὰρ

337 4233 555 4301 φύσεως
584 4235 795 4311 ἀνάγκῃ
828 4239 1062 4312 δρῶμεν,
1097 4243 1297 4301 τούτων
1331 4248 1630 4321 μεταϐολὴν
1662 4252 1762 4304 οὐκ
1792 4233 1912 4306 ἐπιί-

337 4323 630 4412 δεχόμεθαο
665 4327 763 4381 ὅσα
808 4329 864 4383 δὲ
906 4331 1048 4404 λόγῳ
1078 4336 1379 4406 προθέσεως
1428 4341 1708 4412 ποιοῦμεν,
1739 4344 1908 4399 ταῦτα

337 4411 530 4466 ἄλλοτε
573 4415 744 4482 ἄλλως
777 4422 834 4472 ἐν
880 4423 1011 4494 ἡμῖν
1059 4424 1170 4496 ἔχει
1224 4428 1360 4500 πρὸς
1410 4430 1506 4496 τὰς
1556 4411 1910 4505 ἐγγινομένας

339 4506 685 4596 τῇγπροθέσει
717 4513 906 4580 ῥοπάς.
935 4516 1008 4569 Οὐ
1031 4518 1209 4571 τοίνυν
1244 4523 1469 4588 φυσικὸν
1493 4526 1586 4578 καὶ
1612 4526 1907 4596 ἀναγκαῖον
1930 4588 1933 4591 ,

335 4595 644 4662 ἀνθρώποις
685 4601 744 4654 τὸ
790 4605 1078 4675 ἁμαρτεῖν,
1112 4607 1246 4662 ἀλλά
1287 4615 1665 4684 προαιρετικὸν
1715 4595 1776 4670 τὸ
1809 4635 1907 4670 κα-

334 4694 652 4762 κοπραγεῖν.
685 4694 944 4766 Σημαίνει
980 4699 1037 4752 δέ
1087 4702 1181 4755 καὶ
1220 4705 1248 4757 ὁ
1279 4704 1436 4769 πόνος
1476 4708 1572 4779 τῆς
1607 4710 1806 4780 ἀρετῆς
1840 4711 1902 4763 τὸ

336 4784 718 4854 προαιρετικὸν
772 4787 878 4840 τῶν
935 4795 1284 4864 κεκτημένων
1340 4798 1507 4869 αὑτήν
1535 4816 1548 4829 ⁸
1601 4794 1682 4865 οἷς
1736 4803 1790 4856 εἴ
1848 4819 1902 4854 τι

335 4874 434 4974 καῘἸ
513 4876 708 4949 μικρὸν
775 4879 1033 4950 ἀμελείας
1095 4885 1394 4954 ἐγγίνοιτο,
1476 4891 1768 4946 κινδυνεύει
1841 4896 1900 4948 τὸ

335 4980 539 5035 κτημα.

403 5141 558 5230 Είῗδέ
591 5164 673 5210 τις
704 5149 844 5202 κατὰ
867 5149 960 5202 τοῦ
993 5150 1150 5220 λόγου
1183 5154 1421 5226 παράγοι
1451 5154 1542 5209 τὸν
1576 5156 1895 5230 βουλόμενον

335 5226 434 5297 μὲν
465 5229 611 5286 ἐστιν
649 5236 736 5288 ὅτε
785 5237 1001 5306 φαύλων
1040 5241 1358 5312 ἀπέχεσθαι,
1397 5226 1761 5314 φάσκοντάγέ
1794 5247 1900 5317 μὴν

331 5319 608 5389 ἀδυνάτως
629 5327 804 5398 ἔχειν’
840 5330 1171 5403 μανθανέτω,
1201 5335 1276 5398 ὡς
1299 5336 1509 5408 χρόνιον
1540 5339 1638 5406 μὲν
1669 5339 1762 5393 καὶ
1789 5339 1900 5408 (27)

331 5414 476 5468 κατά
507 5419 663 5491 σῶμα
685 5421 855 5487 πάθος
875 5426 934 5478 ού
969 5426 1162 5498 ῥᾳδίως
1189 5429 1592 5500 μετακινεῖσθαι
1622 5431 1861 5499 πέφυκεν
1882 5450 1895 5463 ·

331 5504 476 5560 οὕτω
508 5509 570 5582 δὴ
604 5513 696 5566 καὶ
739 5517 838 5588 τῆς
868 5516 1046 5590 ψυχῆς
1077 5517 1188 5584 ἕξις
1218 5522 1316 5575 οὐκ
1346 5521 1545 5595 ἀγαθὴ,
1576 5524 1748 5596 χρόνῳ
1791 5542 1897 5580 πα-

334 5604 514 5669 τςῖσα,
553 5607 652 5660 οὐκ
693 5607 912 5664 εὔκολον
950 5612 1061 5683 ἔχει
1102 5613 1210 5668 τῶν
1255 5618 1310 5670 ἐν
1345 5616 1510 5688 πολλῇ
1540 5634 1602 5686 γε
1643 5617 1900 5691 συνηθείᾳ

2015 2144 2223 2215 justum
2272 2140 2450 2197 facere
2477 2183 2492 2208 ,
2535 2151 2682 2198 recte
2736 2141 2952 2213 quidem
2984 2141 3249 2208 dicimus;
3299 2149 3538 2198 attamen
3567 2185 3583 2205 ,

2017 2251 2124 2290 non
2153 2251 2334 2305 posse,
2369 2249 2479 2288 non
2509 2233 2573 2288 ad
2624 2232 2995 2288 infirmitatem
3053 2232 3360 2295 referimus,
3393 2232 3487 2288 sed
3516 2234 3582 2288 ad

2017 2340 2283 2379 summam
2320 2322 2706 2394 perfectionem
2751 2338 2860 2377 non
2889 2323 3101 2378 volendi
3133 2323 3278 2394 quod
3314 2323 3581 2393 injustum

2015 2423 2120 2478 est,
2144 2421 2197 2469 et
2251 2413 2320 2469 ad
2368 2413 2761 2468 immutabilem
2797 2413 3214 2468 declinationem
3247 2414 3533 2471 deterioris
3567 2435 3580 2470 ε

2015 2520 2137 2560 cum
2166 2505 2311 2560 enim
2345 2505 2418 2560 sit
2443 2503 2744 2560 secundum
2777 2514 3026 2558 naturam
3071 2505 3450 2573 immutabilis,
3477 2507 3582 2560 im-

2013 2596 2273 2650 mutabile
2306 2603 2390 2650 est
2416 2596 2466 2650 ei
2492 2595 2634 2650 nolle
2664 2593 2960 2665 quidquam
2997 2595 3122 2648 mali
3147 2593 3343 2651 facere.
3379 2587 3599 2662 Quam?

2012 2688 2201 2743 obrem
2237 2689 2416 2758 potest
2447 2687 2690 2756 quidem,
2721 2687 2814 2741 sed
2851 2701 2960 2740 non
2997 2685 3126 2740 facit
3149 2695 3342 2741 natura
3379 2690 3579 2743 immu-

2013 2778 2165 2832 tabili
2196 2795 2306 2834 non
2328 2777 2546 2832 volendi
2566 2777 2783 2831 .malum
2809 2796 2821 2830 :
2849 2783 3010 2846 atque
3043 2775 3114 2830 ita
3147 2793 3255 2831 non
3283 2786 3367 2832 est
3397 2782 3583 2848 nequi-

2014 2869 2085 2922 tia
2115 2868 2255 2938 apud
2281 2867 2471 2933 Deum,
2497 2883 2606 2922 non
2637 2867 2812 2921 solum
2848 2867 2973 2936 quia
3008 2882 3116 2921 non
3139 2869 3352 2923 exsistit
3375 2886 3469 2939 per
3497 2886 3576 2934 se,

2011 2958 2104 3014 sed
2134 2959 2258 3028 quia
2292 2972 2391 3013 nec
2417 2966 2500 3012 est
2543 2957 2600 3011 in
2650 2957 2882 3011 actione.
2918 2955 3056 3021 Quia
3104 2971 3230 3011 vero
3269 2956 3578 3013 hominibus

2011 3051 2411 3122 quodammodo
2440 3065 2547 3104 non
2572 3056 2656 3104 est
2695 3046 3050 3102 immutabilis
3083 3048 3354 3102 recusatio
3386 3050 3578 3118 nequi-

2010 3145 2138 3209 tiae;
2164 3143 2267 3198 etsi
2300 3143 2424 3212 quis
2456 3141 2523 3195 ad
2552 3141 2803 3196 virtutem
2839 3139 3114 3207 ascendit;
3148 3141 3322 3195 solum
3363 3139 3575 3195 videtur

2008 3250 2129 3290 esse
2167 3233 2430 3303 nequitia,
2467 3233 2594 3286 dum
2627 3240 2711 3288 est
2750 3232 2804 3285 in
2834 3231 3087 3296 actione;
3130 3246 3238 3285 non
3277 3239 3457 3286 autem
3490 3242 3572 3287 est

2009 3333 2134 3381 ante
2152 3322 2541 3380 actionem.Sic
2557 3324 2828 3378 hominem
2849 3323 2989 3378 Deus
3007 3323 3290 3378 honoravit
3306 3323 3574 3378 fabricans

2011 3432 2133 3472 eum
2160 3416 2227 3471 ad
2251 3415 2540 3486 imaginem
2573 3430 2725 3470 suam
2756 3434 2767 3468 :
2802 3422 2860 3468 ut
2889 3414 3030 3468 sicut
3062 3414 3178 3484 ipse
3205 3414 3454 3468 libertate
3478 3431 3576 3468 na-

2012 3517 2148 3564 turae
2185 3509 2360 3564 bonus
2390 3515 2495 3571 est,
2525 3507 2604 3562 sic
2625 3509 2786 3560 homo
2819 3505 3064 3561 libertate
3094 3505 3358 3577 prepositi
3391 3505 3576 3560 imita-

2011 3611 2098 3658 tor
2128 3601 2222 3658 Dei
2252 3609 2431 3666 esset;
2465 3617 2573 3656 non
2604 3600 2886 3656 abstinens
2933 3614 2960 3652 a
3003 3606 3244 3669 peccato,
3283 3597 3409 3668 quia
3438 3596 3576 3654 desit

2013 3702 2220 3756 natura:
2250 3693 2352 3764 ipsi
2385 3699 2646 3764 potestas,
2674 3691 2767 3748 sed
2820 3692 3071 3748 libertate
3101 3691 3367 3764 propositi
3400 3691 3574 3748 virtu-

2012 3798 2116 3844 tem
2159 3788 2456 3843 honoraris.

2082 3878 2206 3934 llaec
2236 3889 2413 3932 autem
2450 3877 2583 3932 satis
2617 3875 2938 3946 abundeque
2971 3875 3249 3931 declarant
3279 3880 3359 3928 tot
3394 3883 3572 3928 muta-

2011 3969 2187 4023 tiones
2221 3969 2289 4023 ad
2322 3969 2574 4022 virtutem
2614 3974 2667 4021 ct
2718 3967 2941 4030 vitium,
2989 3981 3109 4036 quae
3155 3968 3208 4018 in
3257 3963 3571 4019 hominibus

2012 4075 2381 4131 saepenumero
2415 4059 2786 4129 reperiuntur,
2832 4058 2887 4112 in
2933 4058 3133 4127 quibus
3177 4065 3428 4111 neutrum
3473 4056 3570 4110 ho-

2009 4167 2131 4206 rum
2165 4151 2420 4204 diuturna
2453 4149 2850 4205 consuetudine
2888 4150 2991 4203 ﬁxe
3026 4148 3186 4203 inest.
3223 4146 3570 4218 Quaecunque

2009 4243 2154 4298 enim
2230 4243 2555 4296 necessitate
2597 4250 2806 4294 natura:
2845 4237 3111 4304 facimus,
3156 4239 3347 4294 horum
3395 4252 3571 4294 muta-

2009 4337 2212 4390 tionem
2248 4351 2354 4390 non
2390 4335 2700 4405 recipimus
2725 4376 2739 4401 ,
2793 4347 3133 4403 quaecunque
3181 4349 3312 4388 vero
3362 4335 3571 4388 ratione

2010 4427 2276 4498 propositi
2305 4437 2358 4482 et
2383 4426 2795 4484 deliberationis
2832 4426 3098 4489 facimus,
3138 4424 3250 4479 haec
3313 4425 3369 4479 in
3411 4426 3574 4481 nobis

2010 4519 2312 4585 variantur,
2345 4526 2398 4573 et
2426 4518 2562 4572 alias
2611 4518 2767 4573 aliter
2813 4518 3012 4572 habent
3062 4515 3130 4570 ad
3178 4517 3572 4587 propensiones

2009 4626 2130 4681 qua:
2157 4611 2217 4665 in
2255 4610 2535 4681 proposito
2564 4609 2719 4664 ﬁunt.
2757 4608 2876 4662 Non
2912 4609 3078 4677 igitur
3113 4623 3374 4676 peccare,
3412 4617 3571 4662 natu-

2009 4703 2122 4758 rale
2149 4709 2234 4757 est
2265 4710 2319 4758 et
2379 4701 2751 4756 necessarium
2795 4700 3144 4763 hominibus,
3189 4698 3283 4754 sed
3323 4701 3572 4755 volunta-

2006 4795 2148 4849 rium
2180 4803 2265 4850 est
2297 4794 2646 4849 maleﬁcium.
2684 4791 2931 4848 Declarat
2959 4799 3137 4846 autem
3170 4792 3323 4846 labor
3351 4793 3571 4849 virtutis

2005 4886 2369 4940 voluntarium
2397 4901 2586 4940 eorum
2616 4886 2707 4955 qui
2734 4899 2852 4940 eam
2888 4883 3293 4952 acquisiverunt
3321 4901 3334 4952 ;
3370 4885 3424 4938 in
3449 4888 3569 4956 qui-

2006 4979 2110 5036 bus
2143 4979 2188 5034 si
2225 4979 2445 5050 paulum
2487 4977 2830 5049 negligentia:
2881 4976 3046 5042 insit,
3075 4977 3414 5049 periclitatur
3445 4995 3568 5051 pos-

2005 5071 2182 5126 sessio
2211 5071 2432 5125 virtutis
2460 5079 2639 5143 parta.

2077 5160 2134 5216 Si
2163 5163 2288 5232 quis
2321 5176 2451 5218 vero
2500 5160 2763 5217 adversus
2807 5161 2911 5216 hoc
2957 5160 3224 5231 producat
3260 5176 3417 5226 eum,
3472 5165 3564 5231 qui

2000 5254 2118 5308 vult
2150 5252 2371 5324 quidem
2411 5253 2737 5325 quandoque
2776 5253 3052 5310 abstinere
3098 5269 3128 5308 a
3173 5253 3386 5325 pravis,
3435 5255 3567 5308 dicit

2005 5353 2186 5400 tamen
2238 5360 2298 5400 se
2339 5361 2448 5399 non
2492 5360 2694 5416 posse;
2752 5344 2999 5402 advertat
3040 5345 3190 5415 ipse,
3234 5343 3379 5414 quod
3422 5347 3564 5401 sicut

2001 5438 2227 5493 morbus
2258 5439 2508 5508 corporis
2537 5439 2828 5495 diuturnus
2860 5456 2970 5494 non
3002 5437 3160 5492 facile
3189 5445 3449 5506 mutatur,
3483 5439 3560 5494 sic

2001 5531 2194 5584 animae
2223 5529 2466 5584 habitum
2499 5545 2610 5585 non
2639 5532 2840 5587 bonum
2871 5540 3110 5599 tempore
3145 5526 3305 5581 ﬁxum
3342 5545 3448 5584 non
3479 5540 3558 5586 est

1999 5619 2177 5677 facilis
2206 5620 2345 5675 ratio
2381 5620 2684 5692 depellendi
2720 5623 2774 5677 in
2801 5621 3093 5692 longinqua
3124 5622 3560 5687 consuetudine;

409 5759 521 5834 (27)
558 5766 716 5820 Κατὰ
746 5767 915 5838 σῶμα
944 5769 1132 5837 πάθος
1261 5789 1471 5842 petax.
1507 5772 1748 5830 Mutatur
1775 5773 2018 5844 morbus,
2047 5775 2136 5831 cui
2168 5775 2393 5849 depulso
2426 5778 2614 5834 morbo
2649 5775 2890 5834 succedit
2915 5773 3138 5830 sanitas.
3173 5772 3328 5831 Tum
