4064 6290
513 370 647 425 1H3

1641 368 1777 425 TITI
1817 362 2257 426 BOSTRENSIS‘
2276 367 2585 426 EPISCOPI

3591 364 3740 419 ιιιι

510 486 615 544 nisi
644 483 823 554 majus
854 485 1084 553 aliquem
1126 484 1328 538 bonum
1365 484 1593 547 subeat,
1636 502 1746 555 quo
1788 495 2062 556 antegres-

2168 484 2265 557 τὴν
2295 485 2577 555 ἀποφυγήν
2597 502 2611 515 ·
2658 483 2796 556 πλὴν
2824 483 2874 536 εί
2913 484 2986 556 μή
3012 499 3064 536 τι
3108 480 3290 554 μεῖζον
3319 479 3523 551 ἀγᾶθδν
3556 482 3739 548 πάθος

509 594 630 634 tum
664 578 863 630 malum
897 576 1218 645 expellatur.
1265 575 1404 632 llinc
1447 577 1539 642 ﬁt,
1583 586 1642 631 ut
1684 592 1825 647 saepe
1866 578 2063 648 aliquis

510 686 634 723 cum
666 667 921 723 effrenate
950 668 1005 722 in
1036 678 1194 740 turpe
1230 669 1501 740 quoddam
1532 685 1669 739 opus
1701 670 1955 741 impetum
1989 669 2066 724 fe-

508 762 704 825 cisset,
736 761 820 816 vel
854 762 1191 832 pr0positum
1224 778 1346 818 esse
1384 762 1680 817 adulterari
1702 802 1716 827 ,
1754 764 1871 819 solo
1904 778 2064 833 aspe-

508 860 597 905 ctu
640 852 860 918 mariti,
894 861 1039 907 metu
1086 855 1435 923 cupiditatem
1481 856 1773 925 repressit,
1818 864 1912 911 aut
1951 871 2063 911 me-

507 940 679 994 moria
710 941 885 1011 legum
919 943 972 996 in
1007 951 1185 998 mente
1213 952 1486 998 revocata.
1522 946 1677 1001 Alius
1705 962 1827 1000 cum
1860 945 2063 1002 delibe-

505 1039 680 1088 rasset
713 1032 1059 1099 latrocinari,
1091 1043 1235 1089 metu
1268 1037 1517 1106 supplicii
1542 1038 1891 1107 cupiditatem
1914 1051 2067 1092 coer—

503 1123 632 1177 cuit.
687 1121 781 1178 Sic
842 1131 1065 1193 peccata
1114 1139 1277 1195 opera
1328 1133 1458 1182 sunt
1509 1126 1897 1193 aﬁ‘ectionum,
1955 1144 2065 1184 non

504 1228 681 1269 autem
729 1231 796 1270 ex
844 1224 1038 1271 natura
1082 1218 1449 1275 efﬂorescunt.
1496 1220 1837 1276 Honoramus
1884 1230 2064 1277 autem

503 1323 691 1363 omnes
716 1318 767 1363 et
794 1324 1040 1366 amamus
1058 1351 1073 1374 ,
1101 1310 1193 1381 qui
1217 1312 1491 1381 aequitatis
1520 1314 1812 1383 participes
1840 1329 2062 1379 sumus,

502 1397 647 1468 leges
677 1414 797 1468 qua:
826 1400 1101 1456 maleﬁcos
1134 1400 1251 1457 sine
1274 1403 1384 1456 ulla
1407 1405 1760 1460 excusatione
1790 1406 2022 1475 puniunt
2048 1423 2063 1460 :

503 1489 582 1544 sic
596 1491 870 1545 communi
883 1493 1138 1562 opinione
1152 1508 1247 1563 per
1259 1508 1424 1563 Opera
1434 1494 1820 1552 conﬁrmamus
1833 1512 1938 1551 non
1950 1495 2069 1568 cogi

502 1581 746 1636 homines
768 1592 960 1637 natura
990 1583 1056 1637 ad
1090 1584 1376 1649 maleﬁcia,
1415 1584 1511 1641 sed
1544 1586 1670 1656 quia
1704 1586 1982 1657 prOposito
2009 1595 2064 1643 et

501 1673 892 1730 deliberatione
920 1691 982 1729 ea
1012 1676 1239 1746 eligunt,
1265 1677 1536 1749 supplicio
1562 1677 1756 1749 dignos
1772 1678 2057 1735 declarari.

2167 577 2475 632 ἐπεισελθὺν
2523 577 2584 631 τὸ
2638 575 2906 647 προλαϐὸν
2942 574 3178 630 ἐκϐάλοι.
3227 561 3434 628 Αὐτίκα
3477 575 3731 646 ὁρμήσας

2163 688 2247 734 τις
2300 668 2557 732 πολλάκις
2593 667 2837 738 ἀσχέτως
2879 666 2971 721 ἐπὶ
3024 665 3234 738 φαύλην
3266 665 3391 719 τινά
3441 666 3661 739 πρᾶξιν,
3694 664 3729 735 ἢ

2163 763 2254 817 τὸν
2296 761 2461 831 ἀνδρα
2508 761 2837 831 θεασάμενος
2865 759 2962 830 τῆς
2990 756 3246 828 γυναικὸς
3280 758 3562 830 μοιχεῦσαι
3593 774 3733 828 προ-

2166 855 2409 926 θέμενος,
2440 851 2705 924 ἀνεστάλη
2737 851 2885 923 φόϐῳ
2911 850 3016 905 τῶν
3044 850 3278 922 ἐλέγχων
3307 850 3404 920 τῆς
3432 848 3731 919 ἐπιθυμίας

2163 946 2196 1018 ἢ
2223 945 2330 1000 τῶν
2361 943 2538 1016 νόμων
2560 941 2952 1015 ἀναμνησθείς·
2996 941 3172 1006 ἀλλος,
3203 941 3493 1013 λῃστεύσαι
3526 940 3730 1012 προθέ-

2169 1053 2345 1106 μενος,
2376 1035 2481 1088 δέει
2528 1035 2626 1107 τῆς
2674 1032 2942 1105 τιμωρίας
2972 1033 3071 1105 τὴν
3111 1031 3402 1104 ἐπιθυμίαν
3444 1032 3725 1087 ἐκόλασεν.

2165 1129 2319 1182 Οὕτω
2373 1126 2559 1181 παθῶν
2611 1126 2748 1199 ἐργα
2802 1126 2872 1180 τά
2932 1127 3333 1198 ἁμαρτήματα,
3384 1125 3445 1178 ού
3508 1125 3727 1193 φύσεως

2165 1220 2531 1291 ἐξανθήματα.
2584 1219 2840 1291 Τιμῶμεν
2894 1218 2951 1272 δὲ
3002 1219 3199 1282 πάντες
3244 1218 3340 1272 καὶ
3395 1218 3723 1288 ἀγαπῶμεν,

2167 1306 2249 1376 οἷς
2304 1310 2602 1375 ἐπιεικείας
2653 1311 2903 1381 μέτεστι,
2956 1311 3083 1374 τοὺς
3142 1309 3339 1381 νόμους
3398 1307 3726 1373 κολάζοντας

2169 1402 2553 1473 ἀπαραιτήτοις
2576 1401 2699 1465 τοὺς
2721 1399 3197 1472 κακοπραγοῦντας
3216 1417 3230 1430 ’
3251 1398 3392 1453 οὓτω
3418 1402 3568 1469 κοινῇ
3594 1398 3726 1469 δόξῃ

2169 1497 2257 1551 διά
2282 1497 2388 1551 τῶν
2423 1498 2597 1570 ἐργων
2622 1497 2905 1570 τιθέμεθα,
2941 1497 3014 1569 μὴ
3046 1495 3394 1568 βιαζομένους
3431 1496 3590 1567 φύσει
3614 1513 3727 1550 κα-

2166 1591 2483 1660 κοπραγεῖν,
2516 1589 2867 1662 αἱρουμένους
2911 1589 2968 1643 δέ
3014 1588 3264 1661 προθέσει
3304 1587 3405 1660 τῆς
3447 1587 3726 1652 κολάσεως

2165 1680 2348 1745 ἀξίους
2376 1680 2789 1751 ἀποφαίνεσθαι.

883 1790 1012 1845 CAP.
1052 1790 1138 1846 Vl.
1180 1791 1536 1864 Cogitationes
1559 1795 1842 1866 aliquando
1875 1797 2352 1873 boumgquuando
2382 1797 2557 1852 malm.
2588 1798 2741 1852 Actio
2767 1803 2831 1851 ab
2862 1797 3109 1852 electione
3136 1797 3337 1867 pendet.

574 1883 681 1941 Sed
727 1888 855 1957 quia
901 1886 1181 1944 Manicliaai
1224 1890 1383 1945 aliter
1421 1891 1585 1946 etiam
1630 1892 1882 1946 nituntur
1925 1908 2059 1948 con-
2093 1895 2138 1956 Β

503 1975 718 2034 vincere
745 1979 883 2035 duas
910 1988 1134 2037 naturas
1161 1982 1465 2038 contrarias
1490 1983 1545 2037 in
1575 1984 1734 2040 nobis
1757 1999 1911 2050 esse,
1936 1985 2063 2055 quia

502 2067 791 2137 aliquando
831 2069 1048 2141 quidem
1088 2084 1190 2127 nos
1218 2073 1523 2143 cogitamus
1558 2076 1733 2140 mala,
1770 2074 2063 2143 aliquando

500 2172 629 2212 vero
668 2158 847 2226 bona;
894 2160 1282 2219 advertendum
1330 2172 1442 2229 est,
1487 2166 1614 2235 quia
1660 2166 1925 2223 naturalis
1966 2181 2062 2221 co-

501 2251 670 2320 gnitio
701 2260 1056 2325 utrorumque
1094 2255 1148 2310 in
1194 2256 1353 2312 nobis
1391 2258 1566 2325 inest,
1607 2260 1917 2315 necessario
1956 2275 2059 2316 nos

501 2339 567 2393 ad
596 2341 979 2411 cogitationem
1009 2360 1195 2399 eorum
1221 2361 1341 2416 quae
1363 2349 1764 2418 cognoscimus,
1790 2349 2057 2417 excitari,

500 2430 703 2483 nullam
736 2431 955 2501 quidem
1002 2434 1273 2504 jacturam
1325 2444 1420 2490 aut
1460 2435 1717 2491 damnum
1766 2437 2057 2504 facientes,

500 2521 592 2576 sed
627 2523 805 2592 potius
837 2531 1009 2578 totum
1043 2526 1353 2592 lucrantes,
1394 2529 1685 2598 praeposito
1731 2539 1783 2585 et
1822 2532 2060 2587 antelato

500 2615 642 2685 quod
677 2617 871 2672 melius
896 2624 999 2673 est.
1035 2616 1321 2683 Quomodo
1349 2621 1496 2674 enim
1527 2622 1582 2675 in
1608 2622 1920 2680 hominibus
1954 2640 2061 2679 mo-

499 2715 590 2762 tus
615 2716 669 2763 et
695 2709 950 2764 excitatio
978 2710 1045 2764 ad
1076 2712 1268 2768 melius
1297 2722 1490 2768 testata
1514 2723 1689 2780 esset,
1720 2716 1824 2772 nisi
1853 2725 2062 2772 utrum-

502 2816 607 2869 que
633 2802 953 2857 naturaliter
985 2804 1211 2873 cogitari
1242 2814 1463 2876 posset,
1496 2806 1713 2876 justitia
1757 2809 1965 2865 scilicet
2006 2817 2061 2865 et

502 2890 807 2959 injustitia?
831 2891 1082 2961 Cognitio
1110 2909 1345 2964 namque
1366 2898 1678 2952 necessaria
1705 2906 1789 2954 est
1815 2898 1881 2952 ad
1912 2898 2060 2969 diju-

500 2981 794 3037 dicandum
821 2999 837 3049 ;
864 2984 1123 3054 cogitatio
1157 3002 1285 3041 vero
1317 2988 1548 3042 rimatur
1566 2990 1781 3059 cognita
1811 3008 1826 3057 ;
1859 3005 2059 3062 propo-

501 3074 664 3129 situm
687 3082 867 3130 autem
888 3116 903 3141 ,
929 3077 982 3131 in
1006 3093 1167 3147 quam
1189 3086 1396 3149 partem
1421 3079 1570 3143 vult,
1597 3081 1920 3151 propendet:
1946 3082 2062 3137 haec

498 3181 630 3221 vero
658 3182 767 3221 non
802 3175 929 3223 sunt
962 3176 1145 3239 partes
1185 3170 1381 3231 anima:
1419 3169 1766 3237 diﬁ‘erentes,
1810 3173 1904 3228 sed
1941 3182 2063 3228 tan-

2249 1893 2400 1947 Ἐπεὶ
2429 1893 2487 1947 δὲ
2515 1893 2607 1947 καὶ
2636 1892 2808 1956 ἄλλως
2833 1894 2881 1946 οἱ
2908 1894 2973 1946 ἐκ
2997 1892 3092 1946 τοῦ
3123 1892 3398 1957 Μάνεντος
3423 1892 3725 1964 πειρῶνται

2164 1984 2257 2041 δύο
2284 1984 2471 2054 φύσεις
2498 1984 2745 2048 ἐναντίας
2774 1986 2903 2055 ἡμῖν
2933 1982 3097 2047 οὔσας
3122 1983 3463 2055 ἀπελέγχειν,
3488 1983 3568 2054 τῷ
3590 1986 3726 2038 ποτέ

2168 2077 2265 2147 μὲν
2318 2078 2468 2148 ἡμᾶς
2516 2074 2863 2147 ἐνθυμεῖσθαι
2911 2075 3118 2146 φαῦλα,
3166 2075 3352 2129 ἄλλοτε
3399 2074 3457 2128 δὲ
3498 2075 3720 2143 ἀγαθά·

2165 2167 2577 2238 ἐπισημαντέον,
2620 2166 2714 2231 ὡς,
2759 2167 2990 2236 φυσικῆς
3017 2167 3075 2219 ἐν
3101 2167 3232 2237 ἡμῖν
3262 2163 3428 2236 οὔσης
3452 2165 3553 2237 τῆς
3579 2165 3727 2235 γνώ-

2165 2275 2302 2323 σεως
2338 2259 2630 2330 ἑκατέρων,
2676 2257 2985 2327 ἀναγκαίως
3027 2257 3118 2310 ἐπὶ
3145 2256 3242 2329 τὴν
3281 2257 3595 2329 ἐνθύμησιν,
3642 2250 3725 2311 ὧν

2163 2345 2518 2417 γινώσκομεν,
2552 2346 2866 2417 κινούμεθα,
2890 2343 3240 2418 ζημιούμενοι
3271 2347 3367 2418 μὲν
3391 2347 3497 2401 οὐδ’
3520 2346 3721 2407 ὁτιοῦν,

2162 2438 2530 2511 κερδαίνοντες
2558 2438 2614 2492 δέ
2656 2438 2716 2492 τὸ
2761 2440 2869 2492 πᾶν
2899 2441 2966 2511 τῇ
3008 2438 3099 2492 τοῦ
3137 2439 3411 2503 καλλίονος
3453 2441 3725 2512 προτιμή-

2163 2547 2264 2585 σει.
2304 2530 2427 2594 Πῶς
2465 2529 2571 2603 γάρ
2602 2530 2667 2584 ἂν
2694 2530 2728 2600 ἡ
2755 2531 2848 2584 ἐπὶ
2877 2529 2938 2583 τδ
2968 2533 3211 2603 κρεῖττον
3236 2529 3540 2603 ἀνθρώποις
3565 2532 3725 2585 ἐκού-

2162 2637 2272 2687 σιος
2306 2621 2655 2695 ἐμαρτυρήθη
2689 2623 2920 2694 κίνησις,
2955 2623 3030 2695 μὴ
3066 2623 3166 2693 τῆς
3208 2623 3552 2695 ἐνθυμήσεως
3588 2625 3723 2677 ἐκα-

2158 2714 2335 2786 τέροις
2362 2714 2605 2784 φυσικῶς
2634 2713 3047 2786 ἐπιὸαλλούσης,
3081 2714 3263 2787 ἀδικίᾳ
3303 2733 3364 2767 τε
3396 2715 3490 2768 καὶ
3516 2714 3724 2767 δικαιο-

2161 2806 2327 2879 stiva;
2371 2807 2435 2860 Ἦ
2465 2807 2563 2878 μὲν
2592 2807 2702 2879 γὰρ
2726 2806 2924 2876 γνῶσις
2962 2806 3228 2874 ἀναγκαία
3255 2803 3390 2879 πρὸς
3414 2803 3681 2875 διάκρισιν
3702 2822 3717 2834 ο

2158 2902 2191 2971 ἡ
2223 2899 2279 2952 δὲ
2314 2898 2608 2971 ἐνθύμησις
2638 2897 2859 2970 ψηλαφᾷ
2885 2898 2952 2952 τά
2978 2898 3290 2967 ἐγνωσμένα
3310 2916 3323 2929 ·
3356 2898 3389 2970 ἡ
3426 2897 3482 2950 δέ
3521 2898 3721 2969 πρόθε-

2162 3008 2245 3055 σις
2272 2991 2355 3061 ἐφ’
2391 2991 2419 3044 δ
2445 2991 2689 3062 βούλεται
2721 2991 2876 3063 ῥέπει
2898 3008 2913 3022 ·
2937 2991 3110 3045 ταῦτα
3138 2990 3194 3044 δὲ
3218 2991 3341 3061 οὐχὶ
3372 2989 3511 3062 μέρη
3539 2989 3721 3059 ψυχῆς

2159 3084 2408 3156 διάφορα,
2437 3085 2548 3139 ἀλλ’
2576 3085 2650 3150 ώς
2672 3084 2938 3157 ἐνέργειαι
2974 3083 3204 3157 ταύτηςο
3253 3084 3393 3138 οὕτω
3434 3084 3615 3154 μέντοι
3640 3082 3721 3153 τῷ

2162 3172 2411 3244 ἡμετέρῳ
2461 3173 2722 3244 ὀφθαλμῷ
2750 3173 3006 3245 πρόσεστι
3059 3171 3302 3243 φυσικῶς
3326 3172 3388 3226 τὸ
3415 3173 3544 3244 όρᾷν
3591 3172 3720 3226 ἄλλο

501 3269 663 3323 quam
690 3258 1036 3326 Operationes
1063 3259 1182 3328 ejus
1208 3278 1221 3313 :
1259 3275 1370 3315 non
1400 3270 1583 3316 tamen
1612 3261 1753 3317 inest
1779 3264 1938 3319 oculo
1962 3280 2061 3319 no.

2161 3265 2209 3317 εί
2246 3263 2416 3336 τύχοι,
2448 3266 2481 3336 ἢ
2521 3265 2745 3336 πράξεις
2773 3266 2945 3329 κακάς
2981 3280 3041 3317 τε
3094 3264 3186 3319 καὶ
3217 3263 3445 3332 ἀγαθὰς,
3475 3263 3570 3318 καὶ
3595 3263 3718 3318 σύδ-

500 3358 616 3403 stro
662 3350 1005 3413 naturaliter,
1062 3359 1122 3419 ut
1174 3352 1355 3407 videat
1408 3353 1553 3408 aliud
1602 3354 1649 3409 si
1698 3355 1942 3424 accidat,
1973 3357 2058 3412 vel

502 3438 743 3493 actiones
777 3439 950 3493 malas
985 3447 1039 3494 et
1069 3440 1242 3496 bonas
1260 3482 1275 3504 ,
1300 3455 1362 3494 ac
1385 3442 1633 3496 neutrius
1660 3457 1826 3498 causa
1852 3443 2014 3497 fuerit
2042 3462 2058 3511 ;

501 3543 653 3583 mens
679 3530 824 3584 enim
854 3539 1135 3600 aspectum
1170 3533 1400 3602 recipit,
1446 3533 1563 3588 visa
1600 3533 1863 3603 dijudicat
1897 3542 2060 3605 atque

500 3620 815 3676 discernit:
868 3622 949 3677 sic
1001 3623 1259 3694 cogitatio
1315 3624 1628 3680 necessario
1684 3625 1857 3680 instar
1913 3627 2059 3681 oculi

499 3719 744 3769 movetur
769 3712 838 3767 ad
870 3728 933 3767 ea
962 3727 1082 3783 quae
1108 3715 1221 3770 ﬁeri
1256 3725 1487 3785 possunt
1508 3756 1523 3781 ,
1550 3733 1660 3771 non
1691 3732 1913 3773 movens
1942 3717 2062 3771 ani-

498 3820 641 3858 mam
676 3804 744 3859 ad
773 3820 835 3861 ea
865 3822 962 3876 per
990 3807 1099 3861 vim
1121 3847 1135 3872 ,
1175 3807 1271 3863 sed
1314 3808 1624 3879 cognitione
1663 3806 1899 3866 naturali
1945 3811 2061 3866 haec

500 3896 802 3953 attendens.
856 3897 1128 3952 Continuo
1184 3900 1401 3969 quidem
1456 3901 1502 3957 si
1552 3903 1839 3969 volumus,
1898 3903 2062 3958 simul

498 3988 772 4042 contraria
803 3988 1146 4058 cogitamus;
1178 3991 1340 4045 simul
1371 3999 1547 4048 tamen
1579 3995 1854 4050 contraria
1884 3994 2063 4050 facere

498 4093 606 4133 non
633 4094 940 4148 possumus.

573 4169 632 4224 In
664 4170 809 4226 hunc
841 4171 1061 4227 modum
1093 4172 1237 4228 actio
1264 4175 1482 4244 quidem
1510 4176 1775 4234 electione
1799 4178 2060 4249 propositi

499 4263 717 4317 decreta
749 4269 831 4317 est
858 4280 873 4329 ;
919 4264 1175 4333 cogitatio
1202 4280 1330 4320 vero
1359 4250 1663 4321 naturalem
1694 4269 2059 4339 cognitionem

499 4354 718 4410 virtutis
748 4362 803 4410 et
836 4354 953 4409 vitii
986 4361 1255 4409 testatur:
1291 4356 1397 4410 nisi
1426 4357 1571 4412 enim
1603 4359 1719 4415 hazc
1750 4375 2063 4431 praacogno-

501 4461 777 4503 sceremus
797 4487 812 4511 ,
838 4461 937 4501 nec
966 4461 1027 4501 ea
1056 4446 1420 4517 cogitaremus
1440 4487 1455 4510 ,
1488 4465 1663 4519 neque
1692 4451 1837 4521 quod
1868 4452 2062 4509 melius

498 4546 582 4594 cst
600 4578 615 4602 ,
646 4538 967 4610 eligeremus
990 4576 1005 4601 ,
1039 4553 1339 4610 praegressa
1368 4541 1589 4595 omnino
1616 4541 1881 4596 electione
1912 4543 2062 4599 dete-

2163 3353 2361 3426 ετέρων
2407 3354 2575 3418 αίτιος
2620 3354 2686 3408 ἂν
2730 3355 2847 3427 εἴη·
2896 3354 3194 3425 διαδέχεται
3222 3354 3328 3426 γάρ
3369 3357 3397 3408 ό
3451 3354 3573 3418 νοῦς
3619 3354 3719 3425 τὴν

2159 3444 2299 3514 ὄψιν,
2353 3446 2447 3499 καὶ
2493 3445 2753 3516 διακρίνει
2797 3446 2867 3499 τὰ
2910 3444 3193 3517 ὁρώμενα·
3261 3444 3403 3499 οὕτω
3436 3445 3500 3517 δὴ
3538 3445 3633 3499 καὶ
3681 3448 3716 3516 ἠ

2159 3537 2454 3609 ἐνθύμησις
2524 3536 2799 3608 ὀφθαλμοῦ
2875 3536 3030 3608 δίκην
3104 3538 3416 3605 ἀναγκαίως
3490 3541 3717 3592 κινεῖται

2160 3631 2294 3703 πρὸς
2341 3629 2401 3685 τὸ
2443 3630 2689 3699 γενέσθαι
2741 3628 3083 3700 ἐνδεχόμενα,
3134 3630 3194 3682 ού
3250 3628 3542 3700 βιαζομένη
3583 3631 3715 3702 πρὸς

2158 3721 2298 3776 αὐτὰ
2333 3723 2433 3795 τὴν
2475 3721 2670 3793 ψυχὴν,
2702 3719 2837 3774 ἀλλά
2881 3718 3078 3789 γνώσει
3111 3721 3308 3790 φυσικῇ
3361 3719 3716 3774 ἐπιϐάλλουσα

2158 3813 2385 3878 τούτοις.
2433 3813 2641 3866 Αὐτίκα
2688 3811 2803 3883 ἅμα
2841 3810 2960 3883 μὲν,
3009 3811 3102 3863 ἐάν
3157 3809 3420 3880 θέλωμεν,
3464 3811 3715 3864 τάναντία

2160 3904 2552 3977 ἐνθυμούμεθα,
2600 3903 2717 3976 ἀμα
2765 3903 2821 3956 δὲ
2863 3902 3119 3957 τάναντία
3162 3902 3421 3973 πράττειν
3462 3902 3521 3955 οὐ
3558 3902 3712 3957 δυνά-

2162 3995 2321 4068 μεθα.

2231 4174 2414 4241 Οὕτως
2453 4172 2488 4246 ἡ
2540 4173 2637 4246 μὲν
2664 4172 2863 4246 πρᾶξις
2902 4171 3207 4244 ἀφώρισται
3257 4173 3324 4242 τῇ
3368 4168 3578 4241 αἱρέσει
3620 4170 3714 4240 τῆς

2161 4268 2503 4341 προθέσεως·
2553 4267 2587 4338 ὴ
2637 4266 2694 4319 δέ
2751 4264 3046 4337 ἐνθύμησις
3088 4262 3187 4334 τὴν
3235 4260 3466 4333 φυσικὴν
3517 4260 3714 4331 γνῶσιν

2160 4361 2359 4433 ἀρετῆς
2404 4377 2464 4413 τε
2522 4360 2616 4412 καὶ
2672 4356 2867 4421 κακίας
2921 4355 3306 4442 μαρτυρεῖταιο
3365 4355 3413 4407 εί
3471 4353 3581 4426 γάρ
3643 4352 3714 4423 μὴ

2158 4451 2330 4505 ταῦτα
2363 4447 2839 4522 προεγινώσκομεν
2858 4487 2873 4512 ,
2901 4445 3010 4500 οὔτ’
3043 4444 3109 4500 ἂν
3134 4443 3564 4516 ἐνεθυμήθημεν,
3606 4442 3713 4497 οὔτ’

2148 4540 2229 4597 ἀν
2272 4542 2334 4595 τὸ
2385 4543 2629 4612 κρεῖττον
2683 4537 2966 4610 εἱλόμεθαο
3009 4536 3320 4609 στερόμενοι
3372 4534 3451 4605 τῷ
3504 4535 3715 4597 πάντως

502 4629 690 4698 rioris,
723 4630 905 4699 pravis
933 4629 1199 4686 institutis
1226 4630 1524 4701 anticipati.
1554 4629 1916 4698 Quamobrem
1946 4648 2059 4686 ma-

2164 4630 2536 4707 προαιρεῖσθαι
2571 4631 2632 4684 τὸ
2664 4632 2864 4702 χεῖρον,
2888 4629 3146 4698 ἀγωνίαις
3173 4627 3394 4699 φαύλοις
3422 4627 3716 4699 προειλημ-

500 4722 581 4798 εἰε
625 4728 711 4776 est
754 4720 1078 4780 studendum
1133 4728 1187 4778 et
1234 4723 1587 4779 laborandum
1636 4723 1947 4779 hominibus
2003 4725 2057 4779 in

498 4812 818 4869 educatione
853 4813 1083 4869 ﬁliorum
1108 4856 1123 4879 ,
1159 4830 1320 4886 quam
1353 4815 1609 4886 agricolis
1639 4815 1692 4869 in
1723 4816 2059 4870 incremento

502 4905 779 4961 arborum.
815 4904 1164 4977 Interpretari
1201 4908 1366 4979 igitur
1397 4908 1782 4978 cogitationem
1815 4918 2056 4964 nostram

503 4996 759 5056 indicium
807 5012 930 5053 esse
980 4999 1211 5054 duarum
1262 5008 1580 5055 naturarum
1625 5001 2056 5063 contrariarum,

500 5086 725 5159 perinde
752 5095 837 5143 est
871 5103 934 5142 ac
971 5088 1017 5143 si
1051 5091 1174 5160 quis
1206 5090 1445 5152 diceret,
1483 5106 1606 5147 esse
1639 5099 1922 5163 aspectum
1955 5091 2058 5144 mi-

499 5177 729 5234 stionem
780 5178 1022 5232 omnium
1084 5178 1361 5247 colorum,
1416 5181 1543 5250 quia
1598 5179 1652 5233 in
1711 5177 1825 5233 haec
1876 5177 2058 5231 omnia

498 5270 667 5325 aciem
698 5268 949 5324 intendit.
983 5268 1140 5335 Quod
1176 5270 1342 5341 igitur
1374 5272 1688 5327 necessario
1722 5271 1930 5341 accepit
1959 5271 2058 5326 ho-

498 5376 587 5414 mo
633 5368 691 5416 ut
739 5367 921 5431 posset
971 5376 1231 5431 peccare,
1281 5363 1361 5418 sic
1394 5378 1425 5417 a
1455 5362 1565 5418 Deo
1599 5363 1809 5427 factus,
1844 5371 1904 5416 ut
1944 5378 2053 5417 non

497 5449 655 5504 aliter
686 5458 870 5520 posset
902 5467 969 5506 ex
1004 5450 1205 5505 virtute
1237 5450 1417 5505 vivere
1446 5468 1460 5511 :
1497 5452 1551 5505 id
1582 5452 1741 5521 quod.
1764 5450 1906 5508 Deus
1932 5467 2055 5507 cum

495 5546 639 5593 esset
677 5541 852 5595 bonus
882 5547 939 5595 et
968 5556 1074 5595 non
1121 5539 1370 5605 invidus,
1415 5549 1623 5595 naturae
1666 5542 1889 5597 insitum
1934 5557 2057 5598 esse

496 5630 702 5686 voluit°
734 5642 789 5688 et
819 5634 963 5705 quod
1000 5640 1216 5706 propter
1254 5649 1329 5706 ea_
1362 5649 1483 5706 quae
1523 5632 1726 5706 injuste
1770 5634 1914 5707 apud
1959 5634 2057 5692 ho-

568 5740 701 5822 (21')
736 5750 1077 5812 Desideratur
1105 5757 1221 5829 τήν.
1258 5754 1417 5815 Enn.

2160 4725 2332 4795 μένοι.
2370 4723 2460 4776 Διὸ
2486 4722 2549 4795 δὴ
2598 4721 2795 4794 μᾶλλον
2840 4719 3143 4792 ἀνθρώποις
3191 4719 3547 4773 σπουδαστέον
3595 4719 3715 4789 περὶ

2154 4816 2251 4887 τὴν
2266 4815 2371 4868 τῶν
2395 4814 2597 4869 παίδων
2629 4812 2934 4886 ἀνατροφὴν
2954 4812 2987 4884 ἢ
3014 4813 3276 4883 γεωργοῖς
3300 4812 3428 4884 περὶ
3452 4809 3587 4882 (27')
3613 4810 3715 4862 τῶν

2157 4907 2337 4976 φυτῶν
2369 4905 2615 4978 αὔξησιν.
2653 4905 2726 4959 Th
2756 4904 2933 4958 τοίνυν
2977 4904 3074 4975 τὴν
3113 4901 3407 4974 ἐνθύμησιν
3448 4903 3604 4975 ἡμῶν
3640 4903 3715 4965 είς

2156 4999 2448 5070 τεκμήριον
2496 4997 2790 5069 λαμϐάνειν
2838 4996 2932 5050 δύο
2972 4994 3184 5065 φύσεων
3217 4995 3497 5057 ἐναντίων,
3545 5009 3714 5065 παρα-

2162 5088 2383 5160 πλήσιον
2429 5088 2493 5143 ἂν
2544 5089 2630 5157 εἴη
2662 5087 2849 5158 ὥσπερ
2883 5085 2936 5139 εί
2968 5103 3052 5150 τις
3087 5085 3216 5155 φαίη
3264 5084 3371 5139 τῶν
3415 5084 3713 5155 χρωμάτων

2161 5180 2413 5234 ἁπάντων
2439 5180 2634 5251 κρᾶσιν
2663 5174 2797 5233 εἶναι
2824 5177 2922 5248 τὴν
2954 5177 3095 5246 ὄψιν,
3123 5174 3307 5246 ἐπειδὴ
3340 5174 3547 5239 τούτοις
3579 5173 3714 5227 ἀπα-

2161 5284 2243 5324 σιν
2271 5270 2567 5325 ἐπιϐάλλει.
2619 5270 2740 5324 Ὀτι
2785 5270 2881 5339 μὲν
2932 5264 3026 5321 οὖν
3072 5266 3382 5336 ἀναγκαίως
3419 5272 3481 5320 τὸ
3523 5264 3711 5330 ἐξεῖναι

2158 5363 2492 5433 ἀμαρτάνειν
2531 5362 2750 5434 εἴληφεν
2788 5362 3089 5435 ἄνθρωπος,
3129 5361 3271 5416 οὕτω
3307 5359 3616 5429 γενόμενος,
3642 5355 3712 5415 ὡς

2156 5455 2257 5508 ούκ
2283 5452 2348 5507 ἂν
2374 5454 2575 5527 ἑτέρως
2606 5454 2666 5506 τὸ
2713 5452 3007 5524 κατορθοῦν
3052 5451 3309 5507 δύνασθαι
3337 5447 3672 5521 κτησάμενος
3694 5460 3709 5474 ·

2156 5546 2293 5618 ὅπερ
2339 5545 2471 5609 Θεὸς
2515 5544 2717 5613 ἀγαθός
2747 5561 2806 5597 τε
2858 5546 2958 5599 καῖ’
2997 5543 3224 5614 ἄφθονος
3272 5540 3535 5612 ὑπάρχων
3573 5533 3710 5590 ἐντέ-

2160 5636 2405 5716 θεθξςςςῇ
2454 5635 2649 5706 φύσει-ο,
2680 5636 2774 5693 καὶ
2813 5637 2893 5692 ὃτι
2938 5636 3073 5701 τέως
3108 5633 3196 5692 διά
3225 5650 3289 5703 γε
3326 5633 3395 5688 τὰ
3425 5630 3575 5703 παρά
3619 5628 3708 5682 ἀνα
