4064 6290
277 345 442 404 1145

1385 349 1751 406 ADVERSUS
1791 348 2230 406 MANICHEOS'
2246 349 2373 407 LIB:
2412 351 2476 406 Ιῐ.

3377 358 3516 412 1146

271 457 536 530 θρώποις
568 458 874 532 ἀδικήματα
923 464 1147 536 οὐδεμία
1190 463 1401 537 ἀνάγκη
1451 466 1583 536 ὓλην
1629 467 1858 540 ἄναρχον

1961 465 2133 522 mines
2163 468 2300 521 fiunt
2327 487 2340 523 :
2370 470 2523 523 nullo
2571 477 2732 540 pacto
2764 484 2986 526 necesse
3034 479 3118 526 est
3160 477 3348 542 putare
3402 487 3518 525 ma-

271 550 386 601 καὶ
435 547 632 602 κακίαν
674 549 849 604 δοκεῖν
895 553 1379 624 ἀντιπαρατάττειν
1411 555 1560 627 Θεῷ’
1592 556 1714 610 οὐτε
1751 558 1854 630 μὴν

269 638 430 702 ὅλως
459 641 578 692 κατ’
616 640 799 694 οὐσίαν
828 643 1188 715 ὑφεστηκέναι
1217 643 1456 715 νομίζειν
1488 645 1707 714 κακίαν,
1739 630 1852 702 ἀλλ’

267 730 339 781 ὲν
374 731 578 802 πράξει
604 731 702 802 τὴν
727 731 1020 789 ὑπόστασιν
1050 733 1210 805 ἔχειν,
1237 735 1323 789 διά
1366 736 1473 789 τῶν
1520 739 1851 810 προειρημέ-

268 833 396 874 νων
438 819 827 876 ἀποδέδεικται.

1961 558 2152 612 teriam
2200 559 2466 630 principio
2513 569 2785 616 carentem
2837 567 2892 615 et
2931 563 3228 630 nequitiam
3263 562 3514 617 resistere

1959 649 2098 717 Deo;
2121 665 2225 704 nec
2253 651 2567 707 existimare
2594 653 2810 722 penitus
2832 653 3130 708 secundum
3158 654 3509 709 substantiam

1959 754 2056 810 per
2099 754 2159 794 se
2199 741 2477 795 exstitisse
2511 741 2806 811 nequitiam
2827 780 2842 805 ,
2876 742 2971 798 sed
3003 743 3058 797 in
3099 744 3312 808 actione,
3339 743 3510 796 consi-

1959 839 2102 888 stere
2124 873 2138 896 ,
2169 833 2420 902 superius
2450 832 2880 889 demonstratum
2910 841 2964 889 et
2992 834 3309 888 conclusum
3340 839 3441 887 est.

1269 915 1397 970 Car.
1434 916 1549 972 VII.
1591 917 1918 988 Objectioues
1947 927 2089 976 circa
2125 904 2543 981 Providentiam.

351 999 562 1056 Λοιπὸν
588 1001 666 1073 ιδὴ
714 1021 838 1075 περι
879 1022 938 1057 τε
973 1007 1069 1078 τῆς
1097 1007 1369 1077 πανσόφου
1409 1008 1720 1080 διοικήσεως
1759 1011 1852 1064 τοῦ

266 1089 453 1156 Θεοῦ,
487 1092 579 1146 καὶ
619 1094 878 1166 περὶτῶν
904 1096 1079 1168 μάτην
1112 1099 1191 1162 είς
1221 1098 1417 1153 κακίαν
1453 1100 1587 1171 πρὸς
1611 1100 1704 1154 τοῦ
1735 1102 1856 1156 Μά-

270 1199 478 1246 νεντος
507 1184 896 1255 διαϐληθέντων
920 1187 1218 1259 δημιουργη
1229 1191 1433 1259 μάτων,
1455 1191 1643 1262 ῥητέον
1662 1192 1736 1255 ὡς
1765 1192 1855 1246 δύ-

273 1288 478 1342 ναμις.
527 1274 773 1341 Ἀταξίαν
793 1275 854 1346 δὴ
886 1275 1081 1348 πολλὴν
1111 1277 1400 1350 ψηφίζεται
1425 1281 1531 1334 τῶν
1561 1281 1680 1336 καθ’
1708 1284 1854 1353 ἡμᾶς

274 1365 656 1436 πραγμάτων,
688 1365 910 1420 πλοῦτόν
948 1385 1007 1421 τε
1041 1369 1132 1424 καὶ
1169 1370 1376 1434 πενίαν,
1411 1372 1598 1441 ὑγείαν
1648 1390 1708 1427 τε
1759 1375 1853 1429 καὶ

275 1457 470 1519 νόσον,
502 1457 576 1520 ὡς
608 1457 765 1511 ἄνισα
811 1459 1138 1514 διαϐάλλωνο
1176 1462 1255 1514 ἔτι
1307 1462 1412 1534 μὴν
1440 1465 1532 1517 καὶ
1561 1464 1622 1518 τὸ
1653 1465 1848 1521 πολλά⁴

277 1565 380 1611 κις
427 1548 516 1602 τὸν
561 1547 659 1619 μὲν
687 1549 987 1620 κακοῦργον
1020 1551 1331 1622 διαφεύγειν
1375 1553 1472 1626 τὴν
1518 1555 1626 1610 τῶν
1673 1557 1851 1628 νόμων

275 1641 584 1712 τιμωρίαν,
635 1640 724 1693 τὸν
777 1638 822 1693 δ’
873 1643 1112 1696 ἀναίτιον
1162 1646 1532 1716 τιμωρεῖσθαι,
1583 1646 1674 1700 καὶ
1725 1648 1852 1711 τοὺς

274 1731 530 1831 φαύλους
563 1732 705 1831 έστιν
748 1734 836 1786 ὅτε
870 1734 970 1804 τῆς
1011 1735 1150 1789 κατά
1185 1737 1293 1790 τῶν
1325 1737 1497 1790 ἄλλων
1539 1737 1710 1808 ἀρχῆς
1736 1739 1853 1790 ὲπι-
1885 1776 1924 1831 Β

270 1821 514 1876 ϐαίνειν.
563 1822 779 1894 Ῥητέον
812 1824 923 1894 (28)
956 1826 1154 1889 τοίνυν,
1182 1828 1261 1880 ὄτι
1290 1829 1562 1900 παρῆκται
1581 1828 1689 1900 (29)
1719 1829 1852 1900 πρὸς

266 1912 372 1966 τοῦ
410 1913 911 1986 δημιουργήσαντος
951 1916 1233 1988 ἄνθρωπος
1278 1921 1357 1982 είς
1387 1918 1477 1972 τὸν
1513 1919 1648 1990 βίον,
1682 1922 1852 1990 ἐμπο-

271 2003 578 2075 ρευόμενος
626 2005 809 2077 ἕτερον
851 2006 1002 2061 οὐδὲν
1047 2009 1080 2080 ἢ
1132 2010 1298 2080 μόνην
1349 2009 1624 2064 εὐσέϐειάν
1672 2028 1730 2063 τε
1758 2011 1852 2064 καὶ

260 2096 506 2166 ἀρετήν.
535 2097 715 2150 Ταῦτα
763 2098 871 2169 γὰρ
921 2099 1259 2170 κτησάμενος
1303 2101 1420 2172 μὲν,
1468 2089 1644 2165 καλῶς
1682 2100 1748 2156 ἂν
1775 2101 1852 2155 δι·

267 2187 558 2259 ανήξηται
585 2190 732 2243 τόνδε
760 2190 849 2244 τὸν
882 2190 992 2260 βίον
1013 2207 1026 2221 ·
1061 2191 1337 2261 ἀμελήσας
1364 2191 1421 2245 δὲ
1443 2191 1664 2256 τούτων,
1692 2193 1852 2264 χαλε-

265 2276 394 2342 πῶς
428 2278 502 2332 ἂν
537 2277 944 2350 διαϐαπτισθείη
996 2278 1361 2350 πλανώμενος.
1406 2281 1622 2353 Τροφὴν
1653 2282 1708 2335 δὲ
1751 2280 1853 2335 σώ-

267 2387 453 2440 ματος
471 2371 567 2423 καὶ
585 2370 894 2441 ἐνδυμάτων
912 2370 1223 2442 περιϐολὴν,
1241 2372 1334 2424 καὶ
1348 2372 1447 2443 τὴν
1461 2372 1626 2445 ἀλλην
1643 2373 1850 2444 σκέπην

264 2459 521 2513 δέδωκεν
550 2461 578 2512 ό
606 2459 736 2522 Θεὸς
753 2460 900 2531 αὐτῷ
929 2462 1122 2532 οὑχ-ὡς
1140 2461 1274 2533 (29⁸)
1294 2463 1671 2535 προηγούμενα
1686 2465 1849 2539 δῶρα,

266 2552 392 2604 ἀλλ’
417 2552 503 2615 ὡς
526 2552 792 2620 ἀναγκαῖα
825 2552 959 2624 πρὸς
978 2553 1074 2624 τὴν
1105 2554 1334 2608 ἐνταῦθα
1366 2555 1458 2608 τοῦ
1489 2553 1626 2612 εἶναι
1655 2557 1852 2611 σύστα-

273 2661 365 2697 σιν
383 2660 400 2675 ο
426 2644 520 2697 ἴνα
555 2643 690 2712 μετά
717 2643 964 2714 σώματος
996 2644 1252 2716 ὑπάρχων
1275 2645 1334 2699 τὸ
1371 2647 1466 2717 μὲν
1491 2649 1589 2719 ζῇν
1619 2648 1703 2702 διὰ
1730 2649 1852 2702 τούς

270 2749 389 2784 των
434 2731 566 2802 ἔχῃ,
613 2731 674 2784 τὸ
722 2731 778 2785 δὲ
831 2735 1009 2786 πονεῖν
1070 2733 1165 2785 καὶ
1231 2734 1457 2789 κτᾶσθαι
1495 2736 1566 2790 τὰ
1623 2737 1852 2810 ῥηθέντα

275 2825 504 2886 ἀόκνως
532 2825 710 2896 μετίῃ.

351 2915 480 2977 Φῶς
519 2914 575 2966 δὲ
618 2915 965 2984 περιεποίησε
1013 2917 1352 2987 σωματικὸν,
1401 2918 1852 2992 καὶῗκατάλληλον

279 3004 454 3060 αὐτοῦ
486 3009 551 3077 τῇ
583 3006 760 3076 φύσει,
797 3009 888 3063 καὶ
913 3008 1049 3081 ἀέρα
1072 3008 1207 3082 πρὸς
1246 3010 1535 3082 ἀναπνοὴν,
1567 3013 1659 3064 καὶ
1688 3011 1848 3084 ὕδωρ,

2030 1015 2294 1085 Deinceps
2328 1017 2394 1071 de
2433 1016 2832 1084 sapientissima
2867 1014 2962 1071 Dei
3006 1014 3430 1085 gubernatione,
3464 1023 3513 1070 et

1959 1109 2027 1162 de
2073 1109 2142 1164 iis
2186 1126 2307 1180 quae
2352 1112 2591 1166 inaniter
2622 1119 2677 1166 et
2711 1109 2996 1165 temerarie
3042 1125 3071 1162 a
3126 1107 3420 1164 Mauichao
3463 1109 3515 1160 in

1958 1202 2280 1258 criminibus
2310 1203 2376 1258 ad
2405 1201 2752 1258 asserendam
2787 1201 3085 1269 nequitiam
3115 1199 3328 1269 objecta
3356 1205 3515 1256 sunt,

1959 1309 2055 1364 pro
2084 1295 2291 1350 viribus
2324 1293 2612 1350 dicendum
2643 1301 2747 1349 est.
2785 1292 3008 1347 Multam
3049 1291 3512 1361 perturbationem

1956 1387 2161 1442 ordinis
2195 1387 2248 1442 in
2281 1388 2483 1442 nostris
2521 1387 2686 1442 rebus
2725 1393 2970 1439 accusat.
3016 1385 3241 1438 Divitias
3287 1393 3340 1438 et
3379 1399 3513 1453 pau-

1954 1486 2217 1547 pertatem
2242 1517 2255 1541 ,
2283 1478 2568 1532 sanitatem
2595 1487 2648 1532 et
2674 1475 3122 1537 invaletudinem,
3153 1483 3408 1542 tauquam
3444 1474 3516 1527 sit

1955 1565 2010 1619 in
2053 1567 2131 1621 eis
2169 1565 2542 1635 inaequalitas,
2588 1565 2930 1619 criminatur.
2980 1562 3111 1616 Item
3159 1561 3329 1630 illud,
3373 1577 3514 1629 saepe

1955 1656 2256 1711 maleficum
2289 1642 2614 1726 supplicium
2647 1656 2825 1726 legum
2872 1654 3136 1724 eﬂ‘ugere,
3168 1653 3513 1708 innocentem

1953 1764 2080 1804 vero
2109 1749 2289 1819 puniri
2313 1788 2328 1813 ,
2357 1748 2683 1818 quandoque
2712 1748 2876 1802 etiam
2911 1747 3188 1816 improbos
3229 1745 3513 1814 imperium

1951 1839 2006 1894 in
2034 1840 2171 1894 alios
2205 1839 2478 1894 invadere.
2510 1836 2810 1893 Dicendum
2845 1838 3012 1908 igitur
3039 1846 3156 1902 est,
3186 1835 3512 1907 productum

1949 1943 2070 1985 esse
2114 1929 2388 1983 hominem
2429 1928 2496 1982 ab
2541 1934 2762 1982 auctore
2805 1941 2905 1981 suo
2945 1927 3000 1980 in
3041 1927 3182 1980 hanc
3224 1925 3422 1988 vitam,
3457 1934 3517 1978 ut

1950 2020 2156 2074 nullum
2207 2019 2353 2073 aliud
2401 2019 2678 2088 negotium
2737 2029 2952 2088 ageret,
3011 2032 3172 2086 quam
3229 2023 3286 2069 ut
3342 2015 3512 2070 solam

1949 2111 2198 2180 pietatem
2242 2119 2296 2164 et
2339 2109 2631 2172 virtutem,
2679 2115 3043 2178 compararet.
3100 2106 3225 2162 Haec
3277 2107 3422 2162 enim
3469 2108 3514 2162 si

1950 2199 2367 2270 acquisivisset.
2401 2207 2546 2254 recte
2579 2201 2722 2254 hanc
2764 2199 2929 2252 vitam
2963 2204 3223 2252 tranarct.
3264 2196 3360 2252 llis
3390 2213 3516 2252 vero

1949 2291 2242 2362 neglectis,
2288 2290 2596 2361 periculose
2622 2289 3040 2360 demergeretur
3081 2289 3360 2359 deceptus.
3405 2287 3518 2342 Ali-

1949 2389 2192 2436 mentum
2224 2389 2405 2437 autem
2441 2381 2687 2451 corporis
2707 2420 2722 2444 ,
2752 2389 2805 2435 et
2831 2380 3115 2445 vestitum,
3147 2385 3201 2434 et
3245 2379 3514 2448 reliquum

1949 2483 2313 2547 tegumentum
2371 2473 2520 2528 dedit
2561 2472 2707 2527 Deus
2752 2471 2859 2542 ipsi
2909 2487 3017 2526 non
3061 2479 3319 2542 tanquam
3365 2471 3506 2525 dona

1949 2567 2252 2637 prazcipua,
2295 2564 2388 2619 sed
2443 2572 2696 2634 tanquam
2747 2563 3056 2618 necessaria
3101 2564 3168 2617 ad
3212 2563 3376 2618 vitam
3424 2563 3514 2615 hic

1950 2657 2203 2712 tuendam
2235 2674 2250 2723 ;
2285 2663 2343 2708 ut
2371 2654 2500 2709 dum
2529 2670 2728 2725 corpus
2757 2654 2955 2718 habet,
2987 2664 3096 2708 tum
3139 2654 3333 2708 horum
3379 2667 3514 2724 prm-

1950 2747 2092 2804 sidio
2143 2747 2325 2809 vivat,
2378 2753 2493 2800 tum
2543 2745 2770 2816 impigre
2823 2744 3062 2799 laborem
3115 2743 3412 2814 suscipiat,
3459 2752 3513 2796 et

1950 2853 2069 2910 quae
2096 2837 2238 2892 dicta
2274 2845 2432 2904 sunt,
2465 2846 2618 2906 paret

2022 2926 2228 2982 Lumen
2270 2933 2449 2981 autem
2489 2925 2680 2980 ascivit
2715 2924 2764 2980 ei
2803 2940 3126 2995 corporeum
3159 2932 3366 2979 naturae
3397 2923 3518 2994 ejus

1951 3018 2282 3073 conveniens
2307 3057 2321 3081 ,
2357 3025 2470 3070 tum
2503 3031 2681 3070 aerem
2712 3015 2778 3069 ad
2809 3014 3112 3069 ducendum
3141 3014 3391 3084 spiritum
3415 3055 3428 3076 ,
3463 3025 3518 3068 et

280 3101 380 3153 καὶ
407 3101 480 3151 τά
513 3099 644 3152 ἄλλα
685 3099 747 3170 δὴ
781 3101 880 3153 ὅσα
909 3102 1208 3170 ἀναγκαῖα·
1237 3101 1410 3156 ταῦτα
1439 3099 1547 3176 γὰρ
1577 3103 1727 3158 κοινά
1762 3106 1858 3174 μὲν

1959 3124 2152 3180 aquam
2203 3118 2256 3163 et
2305 3121 2640 3178 quaecunque
2686 3106 2789 3159 alia
2825 3106 3171 3161 necessaria:
3216 3105 3331 3158 hate
3371 3104 3514 3159 enin:

278 3189 539 3259 φυσικῶς
583 3189 780 3243 ἅπασιν
830 3190 1132 3261 ἀνθρώποις
1189 3192 1420 3263 ὑπάρχει
1479 3193 1629 3265 παρὰ
1683 3195 1854 3248 Θεοῦ·

279 3282 379 3334 καὶ
404 3282 511 3334 οὐκ
543 3281 605 3334 ἄν
633 3298 717 3345 τις
747 3281 901 3351 φαίη,
938 3283 1012 3347 ὡς
1141 3283 1329 3354 πένητι
1374 3285 1591 3338 ἔλαττον
1618 3285 1708 3339 τοῦ
1746 3305 1858 3355 φω-

276 3373 373 3436 τὸς
423 3370 650 3442 μέτεστι
683 3372 714 3443 ἢ
756 3372 853 3442 τῆς
893 3373 998 3426 τῶν
1031 3374 1236 3428 ὑδάτων
1268 3376 1548 3447 χορηγίας,
1581 3375 1702 3429 οὐτε
1754 3377 1858 3447 μὴν

276 3464 382 3532 τῆς
407 3463 555 3535 πρὸς
591 3463 650 3516 τὸ
679 3463 776 3534 ζῇν
807 3466 1186 3537 φυσικωτάτης
1230 3467 1527 3539 ἀναπνοῆςο
1573 3469 1666 3521 καὶ
1695 3470 1861 3536 άναγ-

277 3553 445 3610 καίαν
489 3555 544 3606 δὲ
578 3555 675 3625 τὴν
704 3557 925 3628 τροφὴν,
972 3559 1020 3610 εί
1055 3559 1146 3611 καὶ
1191 3559 1264 3629 μὴ
1296 3559 1420 3612 ἄνευ
1460 3559 1679 3631 ἱδρῶτος
1707 3561 1860 3631 πορί-

278 3649 458 3713 ζεται,
527 3647 638 3700 ἀλλ’
696 3649 844 3718 ὅμως
894 3651 1066 3713 κοινὸς
1123 3653 1236 3714 τοῖς
1289 3653 1420 3704 πᾶσι
1478 3652 1577 3721 τῆς
1626 3651 1760 3722 πρὸς
1799 3652 1860 3705 τὸ

275 3739 611 3807 ἀναγκαίως
656 3737 752 3809 ζῇν
795 3742 1054 3810 χορηγίας
1080 3744 1108 3796 ὁ
1141 3741 1356 3814 τρόπος.
1397 3743 1607 3812 Χρυσός
1657 3760 1716 3796 τε
1765 3744 1858 3796 καὶ

282 3832 555 3903 ἄργυρος,
587 3829 682 3881 καὶ
711 3827 846 3881 λίθοι
873 3831 1062 3900 τίμιοι,
1091 3833 1218 3902 παρ’
1249 3832 1413 3885 αὐτοῦ
1442 3833 1535 3886 καὶ
1559 3832 1726 3886 ταῦτα
1751 3835 1861 3896 τοῖς

287 3917 654 3987 κεκτημένοις
699 3917 931 3988 ὑπάρχει
952 3935 964 3948 ·
1001 3918 1060 3970 οὐ
1105 3917 1208 3988 μὴν
1240 3918 1398 3972 πλέον
1430 3937 1483 3973 τι
1516 3918 1858 3990 συμϐάλλοιτ’

294 4012 363 4064 ἂν
425 4007 564 4078 πρὸς
610 4007 708 4077 τὴν
759 4008 1158 4079 προειρημένην
1206 4009 1494 4080 ἐμπορίαν,
1543 4011 1591 4062 εί
1644 4009 1716 4080 μὴ
1767 4011 1860 4064 καὶ

298 4100 505 4171 μᾶλλον
562 4098 900 4169 ἐμποδίσειεν
942 4099 1025 4152 ἄν.
1072 4099 1258 4170 Ὅμως
1301 4099 1356 4152 δὲ
1407 4099 1528 4152 οὔτε
1573 4100 1730 4172 πενίᾳ
1770 4101 1859 4153 άν-

296 4193 521 4261 έφικτος
577 4191 610 4261 ἡ
669 4191 987 4262 προτεθεῖσα
1037 4190 1186 4261 παρὰ
1241 4189 1375 4243 Θεοῦ
1407 4194 1518 4254 τοῖς
1551 4189 1856 4260 ἀνθρώποις

299 4283 520 4354 πορεία,
551 4278 671 4334 οὔτε
705 4280 918 4351 πλούτῳ
959 4281 1154 4351 μᾶλλον
1181 4280 1365 4353 ῥᾳδία·
1400 4279 1512 4333 ἀλλ’
1542 4279 1862 4351 ἀμφοτέρως

299 4379 478 4430 ἔνεστι
506 4378 619 4439 τοῖς
669 4392 732 4444 γε
764 4375 1195 4440 σπουδαιοτάτοις
1238 4375 1338 4446 τὴν
1380 4375 1740 4447 προκειμένην
1778 4393 1862 4429 τε-

1933 3210 2181 3258 'auctore
2211 3200 2319 3255 Deo
2346 3198 2657 3254 communia
2698 3205 2826 3254 sunt
2868 3199 3189 3252 naturaliter
3233 3213 3356 3250 cum
3403 3211 3520 3250 om-

1958 3295 2120 3350 nibus
2165 3291 2519 3358 hominibus;
2565 3304 2664 3344 nec
2709 3289 2856 3344 ullus
2895 3288 3078 3344 dicere
3119 3289 3293 3358 possit
3338 3288 3521 3342 minus

1958 3385 2180 3440 -uminis
2209 3383 2474 3452 impartiri
2511 3381 2767 3451 pauperi,
2801 3396 2976 3449 neque
3005 3381 3186 3433 minus
3219 3393 3371 3448 aqum
3399 3393 3524 3446 sup-

1957 3475 2220 3546 pcdilari,
2256 3489 2430 3543 neque
2466 3472 2646 3526 minus
2679 3470 2820 3526 aeris
2852 3469 2918 3524 ad
2950 3468 3359 3538 respirationem
3395 3482 3518 3536 quae

1957 3576 2042 3623 est
2072 3567 2139 3621 ad
2169 3565 2457 3620 vivendum
2491 3564 2726 3618 maxime
2770 3561 3065 3623 naturalis,
3106 3568 3160 3614 et
3204 3559 3520 3613 alimentum

1959 3659 2330 3715 necessarium
2351 3699 2366 3724 ,
2404 3655 2618 3710 tametsi
2657 3669 2765 3708 non
2805 3654 2924 3708 sine
2953 3651 3152 3706 sudore
3184 3650 3518 3720 suppeditat.

1960 3753 2163 3807 Aurum
2200 3757 2379 3805 autem
2411 3755 2464 3803 et
2492 3753 2773 3816 argentum
2806 3753 2860 3799 et
2891 3742 3098 3814 lapides
3132 3741 3516 3812 pretiosos-qui

1960 3845 2195 3906 habent,
2224 3843 2292 3897 ab
2321 3843 2438 3911 ipso
2463 3840 2753 3910 accipiunt.
2778 3836 2895 3891 Non
2924 3844 3105 3890 tamen
3127 3836 3247 3905 plus
3273 3833 3523 3887 conferre

1960 3937 2170 4007 possint
2193 3934 2259 3987 ad
2291 3933 2600 3987 facultatem
2619 3972 2632 3997 ,
2661 3945 2822 3996 quam
2852 3927 3102 3997 superius
3129 3926 3387 3989 diximus,
3413 3925 3518 3980 nisi

1961 4025 2135 4094 magis
2163 4024 2323 4078 etiam
2356 4022 2638 4092 impedire.
2671 4019 2879 4074 Tamen
2907 4033 3083 4089 neque
3120 4015 3382 4088 profectio
3422 4016 3521 4070 ho-

1963 4117 2200 4172 minibus
2252 4131 2282 4168 a
2335 4113 2442 4169 Deo
2491 4113 2800 4183 preposita,
2845 4116 3163 4182 paupertate
3207 4107 3515 4178 impeditur,

1961 4222 2136 4276 neque
2164 4205 2368 4260 divitiis
2402 4203 2616 4258 facilior
2644 4201 2894 4275 eflicitur.
2931 4199 3037 4254 Sed
3067 4206 3298 4269 utraque
3329 4197 3520 4252 condi-

1960 4301 2104 4353 tione
2135 4295 2392 4353 studiosis
2421 4302 2476 4349 et
2505 4294 2738 4348 maxime
2765 4292 3050 4348 industriis
3081 4305 3144 4345 ac
3171 4289 3361 4360 gnavis
3391 4289 3520 4344 licet

1963 4389 2311 4445 constitutam
2338 4387 2482 4441 viam
2511 4394 2567 4441 et
2600 4385 2924 4440 destinatam
2953 4381 3220 4438 conficere
3246 4401 3258 4435 :
3289 4396 3520 4451 panper-

304 4471 426 4540 μεῖν
451 4466 568 4521 ὁδόν
587 4482 600 4496 ·
634 4467 790 4520 πενία
820 4468 915 4538 μὲν
947 4467 1052 4539 γὰρ
1078 4466 1164 4520 διά
1201 4468 1492 4540 καρτερίας
1520 4468 1612 4521 καὶ
1650 4466 1858 4520 ἐλευθε-

1965 4487 2049 4535 tas
2075 4478 2220 4534 enim
2250 4491 2346 4548 per
2385 4476 2728 4531 tolerantiam
2772 4481 2825 4528 et
2865 4473 3204 4536 libertatem,
3242 4469 3516 4540 opulentia

306 4559 573 4632 ριότητος,
619 4557 844 4622 πλοῦτος
891 4558 948 4611 δὲ
995 4557 1084 4612 διὰ
1135 4558 1592 4630 μετριοφροσύνης
1635 4559 1727 4612 καὶ
1765 4558 1859 4611 τοῦ

301 4650 576 4720 προτιμᾷν
617 4649 724 4701 τῶν
758 4648 1015 4702 δοθέντων
1040 4649 1129 4702 τὸν
1157 4649 1442 4715 δεδωκότα,
1471 4647 1861 4721 κατορθώσειεν

305 4742 370 4794 ἂν
398 4740 458 4793 τὸ
485 4740 932 4810 σπουδαζόμενον,
964 4739 1038 4804 ὡς
1075 4742 1208 4812 μήτε
1247 4742 1334 4794 τὸν
1365 4739 1705 4810 πτωχεύοντα
1735 4740 1861 4793 δυσ-

305 4831 524 4901 χερείας
574 4832 700 4885 ἄνευ
750 4832 843 4884 καὶ
903 4831 1076 4883 πόνων
1120 4830 1426 4884 ἐπιϐάλλειν
1472 4831 1549 4902 τῷ
1593 4831 1864 4902 κατορθώ-

309 4939 438 4992 ματι
459 4939 472 4952 ·
513 4923 716 4976 δεῖσθαι
747 4923 800 4975 δὲ
832 4923 1172 4994 προσεχείας,
1207 4926 1256 4976 εί
1295 4923 1385 4976 καί
1411 4941 1492 4986 τις
1522 4923 1670 4994 αὐτῷ
1702 4924 1866 4994 πρόσ-

302 5030 450 5066 εστιν
484 5013 856 5084 ἁφροντιστία,
887 5014 1021 5084 πρὸς
1051 5012 1110 5065 τὸ
1144 5014 1219 5084 μὴ
1257 5014 1356 5084 τῆς
1412 5013 1682 5083 πτωχείας
1708 5013 1865 5085 χάριν

304 5102 655 5176 ἀνελεύθερόν
685 5122 738 5158 τι
769 5105 866 5175 μὲν
895 5107 1110 5176 δρᾶσαι,
1143 5107 1589 5177 ἀγανακτήσαντα
1627 5106 1684 5158 δὲ
1729 5107 1865 5176 πρὸς

301 5193 511 5263 ταύτην
544 5196 809 5265 διελέγξαι
842 5197 939 5270 τὴν
981 5199 1184 5252 οἰκείαν
1228 5198 1502 5270 πρόθεσιν,
1546 5197 1621 5261 ὼς
1669 5197 1865 5268 μᾶλλον

304 5285 370 5340 ἂν
399 5283 540 5340 Θεοῦ
574 5288 750 5360 τιμῴη
795 5288 863 5342 τά
911 5289 1046 5362 πρὸς
1079 5289 1241 5342 αὐτοῦ
1280 5289 1556 5359 διδόμεναο
1604 5290 1739 5360 μήτε
1771 5289 1864 5342 τὸν

302 5379 626 5449 περιουσίαν
652 5381 907 5452 πλείστην
937 5382 1268 5451 κεκτημένον
1293 5381 1451 5435 ὠνίου
1473 5381 1668 5452 τρόπον
1694 5381 1867 5452 ἑαυτῷ

248 5466 250 5469 ’
300 5467 569 5526 δύνασθαι
601 5472 878 5527 εὐσέϐειάν
913 5491 972 5527 τε
1006 5473 1099 5528 καὶ
1123 5472 1320 5544 ἀρετὴν
1359 5471 1701 5544 πορίσασθαι,
1734 5471 1867 5525 ἀλλὰ

371 5583 480 5656 (‘28)
531 5587 790 5656 Ῥητέον.
823 5605 875 5641 κ.
901 5606 953 5643 τ.
984 5589 1032 5642 λ.
1057 5589 1190 5644 Vide
1229 5589 1365 5643 infra
1391 5589 1444 5642 in
1491 5587 1866 5655 Supplementis

304 5653 510 5730 editos
543 5653 647 5711 Titi
672 5659 980 5730 Bostrensis
1009 5661 1199 5725 libros,
1231 5659 1319 5714 ubi
1354 5658 1380 5730 ᾗ
1426 5653 1868 5730 "extParalle-

248 5729 251 5734 '
311 5725 372 5777 iis
395 5725 794 5798 Damasceuieis
824 5727 1131 5798 descriptus
1164 5725 1768 5798 exhibeturhic_l_ocus.

404 5795 493 5869 29')
520 5797 835 5868 Παρῆκται.
865 5795 1070 5855 Parati.
1110 5801 1145 5855 l.
1166 5817 1238 5867 c.,
1263 5796 1532 5870 παρήχθη.
1574 5795 1696 5854 Μαι
1727 5795 1854 5852 ibid.

1960 4585 2089 4625 vero
2115 4583 2209 4638 per
2235 4567 2550 4622 modestiam
2576 4573 2630 4620 et
2655 4565 2858 4619 cultum
2885 4563 3252 4632 honoremque
3279 4561 3518 4616 auctoris

1960 4662 2224 4716 bonorum
2257 4674 2415 4730 quem
2447 4657 2727 4727 anteponit
2752 4655 2911 4710 bonis
2939 4655 3102 4725 ipsis,
3138 4653 3394 4725 perficere
3421 4667 3520 4723 po-

1960 4759 2067 4806 test
2109 4751 2253 4820 quod
2285 4749 2466 4805 studet
2495 4755 2550 4801 et
2587 4747 2837 4812 laborat;
2869 4751 2926 4799 ut
2956 4759 3130 4814 neque
3163 4758 3364 4812 pauper
3399 4743 3522 4798 sine

1962 4839 2276 4894 difficultate
2314 4848 2368 4892 et
2401 4837 2679 4893 laboribus
2719 4842 3045 4904 assequatur
3089 4833 3384 4899 virtutem;
3427 4833 3519 4888 sed

1961 4940 2113 5004 egeat
2145 4931 2324 4985 studio
2361 4937 2416 4984 et
2455 4929 2834 4990 accuratione,
2877 4927 2923 4982 si
2965 4940 3072 4996 qua
3117 4925 3171 4978 in
3218 4925 3336 4996 ipso
3381 4925 3522 4978 inest

1963 5025 2172 5080 incuria
2193 5066 2208 5089 ,
2238 5039 2307 5078 ne
2337 5030 2555 5091 propter
2595 5026 2966 5091 paupertatem
3016 5016 3217 5087 aliquid
3259 5014 3522 5070 illiberale

1964 5116 2160 5179 faciat,
2185 5121 2240 5170 ct
2267 5114 2396 5168 dum
2423 5114 2609 5182 iniquo
2635 5111 2818 5165 animo
2846 5110 2948 5166 fert
2973 5117 3342 5180 paupertatem
3364 5146 3378 5170 ,
3404 5104 3522 5158 aui-

1964 5223 2110 5262 mum
2140 5222 2298 5262 suum
2329 5220 2393 5260 ac
2420 5205 2752 5259 voluntatem
2787 5202 3112 5274 patefaciat;
3144 5210 3202 5255 ut
3230 5200 3321 5270 qui
3347 5195 3520 5264 magis

1966 5314 2125 5370 quam
2153 5297 2320 5353 Deum
2343 5337 2358 5361 ,
2387 5299 2617 5351 honoret
2646 5311 2711 5351 ea
2735 5312 2854 5366 quae
2879 5312 2909 5350 a
2942 5295 3050 5350 Deo
3079 5293 3274 5347 dantur
3299 5307 3314 5343 :
3344 5300 3520 5354 neque

1966 5391 2058 5461 qui
2090 5389 2292 5444 divitiis
2339 5387 2538 5446 afﬂuit.
2581 5388 2751 5458 possit
2800 5388 2904 5443 sibi
2949 5387 3120 5441 instar
3157 5381 3233 5436 rei
3277 5375 3516 5438 venalis,

1966 5483 2218 5553 pietatem
2255 5488 2308 5536 et
2338 5481 2588 5536 virtutem
2623 5495 2974 5551 comparare;
3017 5476 3148 5547 quin
3181 5471 3360 5542 potius
3390 5469 3518 5538 plus

1966 5594 2292 5658 διανήξαιτο.
2498 5661 2537 5664 η
2699 5662 2711 5664 Α
3066 5663 3069 5664 ν
3226 5662 3233 5664 _
3318 5652 3349 5664 _.

2038 5665 2170 5732 (εἶθ’)
2207 5665 2328 5732 Οὐχ
2358 5664 2456 5728 ὠς.
2498 5661 2620 5718 Haec
2651 5661 2950 5732 addidimus
2973 5696 2988 5720 ,
3024 5663 3077 5732 et
3122 5661 3386 5710 sententia
3416 5666 3520 5725 μσς

1971 5724 2228 5802 stulante,
2258 5724 2580 5790 et'versione
2603 5735 2672 5788 ita
2698 5729 2999 5786 exhibcutc.
3031 5724 3182 5780 Emr.

3499 5875 3545 5896 ..Δ
