4064 6290
561 334 698 388 1147
1744 332 1884 388 ἸἹΤΙ
1925 330 2175 388 Βοδτιιι

2279 329 2352 385 LIS
2391 328 2694 384 EPISCOPI
3690 324 3711 376 1
3733 323 3839 375 H8

562 455 619 506 in
648 453 751 507 hac
779 467 836 507 re
865 453 1167 508 sudandum
1191 454 1240 508 ei
1267 453 1379 509 sit:
1416 455 1588 525 magis
1619 455 1762 509 enim
1794 454 1915 516 hic,
1942 462 2000 507 ut
2035 469 2131 523 par
2160 469 2175 515 Α

2280 451 2483 514 λείονος
2515 450 2737 522 ἱδρῶτος
2775 448 2910 520 πρὸς
2955 448 3113 501 τοῦτο
3168 446 3400 500 δεῖσθαι’
3458 441 3837 516 χειμάζεσθαι

563 552 690 607 est,
765 543 1029 604 ﬂuctuat.
1094 553 1143 598 et
1209 553 1465 614 tanquam
1525 552 1844 614 tempestate
1894 544 2131 614 jactatur

2279 544 2338 616 ἀρ
2371 542 2570 615 μᾶλλον
2601 542 2692 595 τὸν
2714 540 2955 594 τοιοῦτον
2983 541 3127 605 είκδς
3149 541 3244 611 τὴν
3267 540 3529 602 διάνοιαν,
3565 539 3635 606 τῇ
3662 553 3839 608 φρον-

568 641 755 697 in‘ens,
781 648 912 688 cura
944 641 999 687 et
1035 634 1410 690 sollicitudine
1445 636 1499 690 in
1532 637 1670 691 bona
1693 645 1915 691 externa
1941 675 1956 700 ,
1987 643 2040 690 et
2077 635 2129 689 in

2279 638 2340 691 [δι
2371 637 2722 710 μεριζόμενον
2752 636 2889 704 πρός
2919 652 2979 688 τε
3012 633 3080 687 τὰ
3112 627 3266 695 ἐκτὸς
3313 631 3450 702 πρός
3490 647 3552 684 τε
3581 630 3656 681 τὰ
3699 631 3836 698 περὶ

569 726 808 779 animam
838 725 1036 796 partita
1064 747 1076 781 :
1105 735 1159 782 et
1185 728 1286 783 nisi
1315 728 1588 783 existimet
1612 744 1735 783 esse
1761 743 1890 798 opes
1913 728 2134 783 omnino

2279 731 2338 799 ἢν
2391 729 2568 800 ψυχήν
2593 746 2605 757 ’
2659 728 2753 791 ὡς’
2795 728 2844 780 εί
2900 726 2975 797 μὴ
3028 723 3303 796 πάρεργον
3359 718 3500 776 εἶναι
3539 719 3838 782 παντελῶς

565 817 864 889 πάρεργον,
910 817 1068 890 ἔργον
1108 834 1234 874 vero
1278 820 1454 876 solum
1499 820 1792 875 amicitiam
1839 836 1961 875 cum
2003 821 2132 886 Deo,

2279 819 2328 871 δν
2383 818 2608 872 πλοῦτον
2677 816 2920 888 οἰηθείη,
2977 817 3136 887 ἔργον
3187 815 3244 867 δὲ
3301 815 3459 884 μόνον
3527 811 3632 884 τὴν
3690 811 3836 881 πρὸς

567 908 913 980 demergetur
940 910 993 965 in
1019 911 1310 966 amentiam
1336 912 1604 982 integram
1631 929 1646 978 ;
1679 927 1790 966 non
1825 912 2133 984 intelligens

2279 907 2371 960 ἐὸν
2406 907 2606 976 φιλίαν,
2663 907 3087 979 βαπτισθήσεται
3134 907 3270 977 πρὸς
3317 906 3498 960 ἄνοιαν
3555 903 3832 972 παντελῆ.

565 1017 649 1065 se,
676 1003 855 1072 primo
881 1011 935 1058 ct
963 1004 1080 1059 solo
1110 1004 1253 1058 bono
1284 1005 1507 1069 relicto,
1541 1004 1748 1060 servire
1792 1005 2024 1061 mortuis
2051 1004 2136 1059 di-

2389 1001 2622 1064 συνιεὶς,
2681 1002 2776 1064 ὼς,
2832 1001 2895 1054 τὸ
2951 1001 3165 1072 πρῶτον
3227 1001 3320 1053 καὶ
3382 999 3541 1069 μόνον
3614 995 3836 1066 ἀγαθὸν

567 1093 736 1159 vitiis,
766 1110 902 1164 quas
927 1111 1049 1150 cum
1083 1097 1364 1167 reliquerit
1386 1097 1544 1162 aliis,
1575 1097 1692 1166 ipse
1719 1097 1910 1151 abibit.

2279 1093 2430 1157 άσας,
2461 1093 2698 1147 δουλεύει
2727 1092 2906 1166 νεκρῷ
2949 1093 3182 1164 πλούτῳ,
3219 1093 3276 1147 ὃν
3318 1089 3596 1148 ἀπολιπὼν
3641 1091 3834 1153 ἇλλοκ

2244 1186 2542 1257 οἰχήσεται.

1236 1289 1366 1344 CAP.
1409 1288 1544 1346 VIII.
1588 1289 1846 1361 Pauperis
1876 1302 1925 1344 et
1947 1290 2126 1346 divitis
2159 1293 2461 1352 discrimen.
2495 1295 2773 1368 Improbus
2799 1315 2959 1371 quare
2987 1298 3148 1355 dives.
3180 1322 3186 1329 '

644 1409 722 1464 Ex
752 1424 906 1480 azquo
943 1407 1108 1480 igitur
1137 1417 1295 1462 vacat
1340 1409 1586 1479 periculo
1621 1410 1708 1464 via
1744 1411 2007 1478 virtutis;
2052 1426 2150 1466 ne-

2335 1415 2639 1480 Ἀκίνδυνος
2670 1417 2770 1487 μὲν
2798 1414 2891 1470 οὖν
2921 1417 3115 1488 ἐπίσης
3141 1415 3264 1469 οὐτε
3297 1416 3534 1488 πλουσίῳ
3560 1417 3689 1470 οὐτε
3729 1417 3834 1471 πέ-

574 1520 680 1574 que
705 1503 880 1569 diviti,
911 1515 1086 1572 neque
1112 1503 1335 1572 pauperi
1379 1501 1660 1572 impedita.
1693 1501 1838 1557 Inter
1867 1518 1926 1557 se
1970 1512 2149 1557 autem

2279 1527 2373 1581 πητι
2423 1509 2524 1582 τὴς
2553 1511 2752 1582 ἀρετῆς
2806 1511 2838 1582 ὴ
2895 1509 3108 1583 πορεία,
3143 1511 3204 1563 οὐ
3238 1511 3343 1582 μὴν
3368 1510 3476 1563 οὐδ’
3531 1511 3834 1579 ἀνέφικτος

575 1597 732 1652 dives
764 1603 819 1650 et
857 1610 1059 1666 pauper
1085 1594 1259 1650 solum
1293 1593 1546 1648 differunt
1586 1601 1935 1649 externarum
1969 1610 2152 1649 rerum

2279 1599 2427 1653 ιύδενὶ
2465 1600 2674 1656 τούτοιν
2691 1619 2705 1632 ο
2732 1601 2973 1674 ἀλλήλων
3016 1600 3072 1655 δὲ
3095 1599 3408 1673 διαφέρουσι
3447 1601 3606 1672 μόνον
3632 1604 3701 1672 τῇ
3723 1602 3834 1654 τῶν

576 1687 912 1751 accessione,
936 1703 1057 1759 qua:
1091 1688 1261 1742 nihilo
1294 1689 1416 1757 plus
1450 1689 1592 1742 valet
1641 1687 1706 1742 ad
1744 1688 1797 1742 id
1838 1687 1982 1758 quod
2032 1703 2156 1759 pro-

2279 1690 2454 1757 ζξωθεν
2485 1690 2765 1764 περιϐολῇ,
2802 1692 2968 1762 μηδὲν
3004 1693 3202 1764 ἐχούσῃ
3236 1691 3395 1746 πλέον
3428 1693 3567 1762 πρὸς
3597 1693 3661 1746 τὸ
3699 1713 3833 1766 προ-

578 1783 817 1852 positum
849 1789 954 1846 est,
975 1779 1393 1852 adipiscendum
1430 1800 1441 1835 :
1476 1789 1638 1852 atque
1663 1780 1766 1836 hoc
1800 1781 2021 1852 quidem
2061 1798 2155 1838 ne-

581 1875 826 1930 cessario
862 1874 1045 1928 divina
1093 1873 1362 1944 sapientia
1406 1874 1698 1945 disposuit.
1737 1873 1967 1940 Quando
2009 1875 2156 1930 enim

583 1983 789 2039 pauper
820 1975 1108 2022 exercetur
1136 1967 1202 2022 ad
1235 1968 1578 2023 tolerantiam
1603 1967 1946 2038 capiendam,
1969 1969 2158 2023 videns

583 2059 729 2128 apud
761 2057 928 2112 alium
959 2058 1341 2129 ,opulentiam;
1385 2060 1599 2114 animus
1637 2060 1799 2114 etiam
1842 2059 2026 2116 divitis
2064 2077 2160 2116 ex-

586 2149 836 2220 ploratur
885 2149 1151 2204 tenuitate
1211 2149 1499 2220 pauperis;
1550 2149 1778 2206 inutiles
1833 2151 1978 2206 enim
2035 2160 2162 2207 sunt

585 2256 741 2312 opes,
775 2241 821 2296 si
849 2250 962 2295 non‘
987 2241 1128 2297 adsit
1152 2250 1442 2312 paupertas
1477 2261 1490 2296 :
1529 2243 1619 2297 cui
1650 2242 1795 2298 enim
1827 2241 2060 2314 benigne
2083 2242 2162 2297 fa-

586 2334 696 2389 ciet
725 2333 1056 2404 opulentus?
1081 2342 1132 2388 et
1157 2341 1446 2404 paupertas
1464 2350 1574 2390 non
1598 2341 1682 2390 est
1698 2343 1941 2406 spectata
1958 2342 2012 2390 et
2035 2351 2163 2406 pro-

589 2426 736 2491 bata,
763 2426 870 2482 nisi
895 2425 1220 2481 adversante
1257 2427 1556 2497 opulentia.
1597 2426 1840 2498 Denique
1881 2443 2058 2498 neque
2088 2427 2165 2482 di-

589 2517 755 2572 vitem
793 2533 916 2573 esse
947 2517 1166 2572 beatum
1205 2526 1309 2583 est,
1345 2535 1524 2590 neque
1567 2535 1863 2590 pauperem
1907 2536 2030 2576 esse
2061 2522 2165 2574 mi-

591 2624 774 2664 serum
803 2628 817 2666 :
852 2609 1290 2680 quandoquidem
1315 2610 1464 2666 solus
1497 2611 1588 2665 ille
1623 2611 1715 2665 cui
1755 2610 1966 2666 accedit
2011 2612 2166 2666 ﬁrma

593 2700 792 2754 animae
822 2699 1124 2755 secundum
1156 2700 1413 2756 virtutem
1444 2699 1700 2767 felicitas,
1732 2703 1846 2758 sive
1877 2702 2030 2758 dives
2053 2703 2168 2758 sive

594 2807 801 2862 pauper
833 2792 924 2856 sit,
958 2807 1182 2862 compos
1202 2792 1323 2862 ejus
1354 2802 1437 2848 cst
1462 2793 1620 2864 cujus
1645 2809 1812 2850 causa
1859 2809 1890 2848 a
1940 2795 2048 2850 Deo
2090 2794 2170 2848 fa-

594 2890 718 2938 ctus
751 2889 836 2938 est
857 2881 1018 2936 homo
1051 2899 1066 2936 :
1101 2891 1158 2936 ut
1189 2882 1302 2952 jam
1327 2898 1466 2962 opus
1503 2885 1573 2940 sit
1603 2899 1633 2938 a
1665 2883 1775 2940 Deo
1819 2885 2085 2954 accipere,
2109 2893 2170 2938 ut

597 2976 706 3043 sit;
754 2991 786 3030 a
817 2991 876 3031 se
929 2990 1058 3030 vero
1116 2977 1385 3047 accipere,
1425 2985 1486 3032 ut
1517 2978 1696 3034 bonus
1744 2978 1838 3042 sit,
1881 2978 2172 3048 adjuvante

598 3068 903 3124 Deozvult
942 3071 1087 3125 enim
1131 3069 1298 3136 Deus,
1359 3080 1419 3141 ut
1474 3072 1636 3127 homo
1697 3087 1822 3126 cum
1881 3073 1953 3128 sit
2007 3073 2173 3126 ratio-

597 3161 687 3216 nis
731 3162 1028 3232 particeps,
1081 3162 1278 3218 habeat
1333 3164 1539 3235 aliquid
1594 3179 1625 3217 a
1680 3179 1740 3220 se
1784 3163 1850 3218 ad
1877 3165 2170 3235 gloriosam

599 3241 877 3310 Ilduciam.

670 3345 939 3412 Quocirca
967 3361 1078 3401 non
1116 3345 1526 3413 admirabimur,
1572 3364 1750 3419 neque
1793 3349 2010 3406 beatum
2043 3366 2177 3422 prte-

599 3438 906 3496 dicabimus
939 3440 1118 3494 virum
1155 3439 1376 3494 divitem
1411 3440 1674 3496 maleﬁcia
1716 3443 2172 3498 committentem:

601 3547 779 3602 neque
809 3531 1150 3602 stupebimus
1203 3541 1391 3588 contra
1428 3532 1521 3588 Dei
1556 3535 1972 3604 providentiam,
2011 3535 2174 3605 quod,

603 3625 699 3696 qui
730 3627 857 3683 talis
895 3634 1003 3692 est,
1029 3627 1237 3682 divitiis
1266 3627 1468 3682 aﬂluat.
1501 3626 1642 3693 Quid
1662 3628 1804 3683 enim
1830 3629 2061 3698 amplius
2082 3629 2179 3682 ha—

606 3721 697 3775 bet
718 3722 800 3776 vir
825 3722 1109 3791 improbus
1156 3721 1347 3778 dives?
1375 3720 1516 3787 Quid
1553 3737 1682 3776 vero
1722 3737 1833 3776 non
1870 3722 2054 3777 minus
2085 3723 2178 3776 ha-

606 3811 740 3867 bet?
766 3813 965 3882 vigilia:
993 3814 1138 3868 enim
1166 3821 1219 3868 et
1241 3813 1482 3884 pericula
1509 3821 1730 3883 propter
1754 3813 2049 3883 pecunias;
2082 3814 2180 3868 do-

606 3905 753 3960 lores
785 3920 916 3960 vero
945 3904 1012 3960 de
1033 3907 1372 3975 consumptis
1407 3905 1663 3975 majores,
1683 3919 1845 3976 quam
1879 3906 2181 3976 voluptates

606 3998 676 4055 de
700 4000 983 4070 acquisitis
1011 4020 1023 4054 :
1056 4015 1161 4055 non
1205 4003 1347 4056 enim
1385 4009 1494 4055 tam
1537 4000 1771 4057 delectat
1806 4001 1950 4070 quod
2005 4001 2179 4064 adest,

607 4105 773 4160 quam
808 4093 1022 4146 cruciat
1059 4092 1205 4162 quod
1237 4093 1410 4160 abest,
1455 4102 1510 4147 et
1549 4108 1766 4165 semper
1808 4093 2075 4163 cupiditas
2105 4093 2186 4148 di-

613 4179 1070 4250 vitiisjaugetur:
1103 4183 1177 4236 ita
1213 4191 1270 4238 ut
1320 4185 1438 4239 sine
1489 4184 1893 4240 intermissione
1927 4183 2184 4256 cogitatio

613 4273 818 4328 habitet
847 4289 971 4328 cum
994 4274 1276 4329 ali‘ectione
1301 4275 1582 4337 effrenata,
1633 4290 1833 4346 corpus
1859 4291 1987 4330 vero
2016 4291 2184 4346 saepe-

613 4381 844 4420 numero
878 4367 1211 4436 cogitatione
1235 4368 1606 4423 contabescat.
1640 4367 1864 4423 Demum
1888 4385 2008 4438 qua:
2038 4369 2184 4424 vide-

2257 1783 2540 1854 κείμενον·
2576 1783 2886 1851 ἀναγκαίως
2917 1784 3010 1836 καὶ
3041 1783 3200 1837 τοῦτο
3219 1784 3319 1855 τῆς
3349 1784 3442 1837 τοῦ
3472 1784 3609 1838 Θεοῦ
3637 1787 3834 1855 σοφίας

2257 1875 2546 1945 διαθείσης.
2585 1875 2651 1928 ’⁸0
2676 1893 2737 1927 τε
2767 1875 2874 1946 γὰρ
2894 1875 3061 1946 πένης
3081 1875 3502 1946 διαγυμνάζεται
3534 1877 3674 1949 πρὸς
3698 1895 3834 1950 καρ-

2258 1967 2464 2038 τερίαν,
2500 1965 2726 2020 πλοῦτον
2763 1969 2892 2038 παρ’
2929 1967 3071 2038 ἄλλῳ
3100 1967 3310 2038 βλέπων
3329 2007 3345 2032 ,
3377 1968 3470 2022 καὶ
3500 1971 3528 2022 ό
3579 1969 3834 2033 πλούσιος

2259 2058 2610 2130 δοκιμάζεται
2650 2059 2750 2128 τὴν
2785 2057 3008 2130 γνώμην
3041 2061 3107 2130 τῇ
3139 2059 3234 2113 τοῦ
3272 2059 3640 2132 πτωχεύοντος
3683 2064 3835 2115 ὲντε-

2261 2150 2406 2222 λείᾳ·
2440 2149 2668 2213 πλοῦτος
2703 2149 2802 2221 μὲν
2833 2150 2941 2222 γὰρ
2986 2150 3060 2222 μὴ
3103 2155 3512 2226 παρακειμένης
3559 2155 3840 2226 πτωχείας

2262 2242 2563 2315 ἄχρηστος·
2598 2243 2718 2296 τίνα
2764 2243 2872 2316 γὰρ
2903 2245 3218 2315 εὐποιήσει;
3248 2246 3341 2299 καὶ
3382 2247 3541 2301 πενία
3575 2248 3840 2320 ἀδόκιμος

2268 2334 2342 2406 μὴ
2368 2334 2738 2404 ἀντικειμένου
2775 2334 3021 2389 πλούτου.
3049 2337 3225 2402 ’Ὀλως
3259 2338 3314 2391 δὲ
3346 2337 3468 2392 οὔτε
3502 2339 3561 2392 τὸ
3587 2340 3838 2394 πλουτεῖν

2269 2427 2556 2498 μακάριον,
2579 2425 2700 2479 οὐτε
2725 2427 2785 2480 τὸ
2805 2426 3056 2481 πένεσθαι
3084 2429 3310 2484 ἐλεεινόν
3332 2445 3346 2459 ⁸
3371 2431 3556 2502 ἐπειδή
3585 2449 3650 2500 γε
3680 2433 3839 2499 μόνος

2266 2523 2472 2584 ἐκεῖνος
2504 2520 2794 2592 μακάριος,
2819 2514 2863 2588 ᾧ
2893 2521 3179 2593 πρόσεστιν
3211 2525 3244 2594 ἡ
3290 2523 3505 2593 βέϐαιος
3529 2527 3630 2596 τῆς
3659 2525 3840 2598 ψυχῆς

2267 2613 2385 2668 κατ’
2419 2615 2618 2685 ἀρετὴν
2660 2613 2954 2685 εὐπραγία,
2989 2614 3150 2668 κάντε
3178 2615 3447 2680 πλούσιος,
3481 2617 3645 2670 κάντε
3673 2618 3842 2689 πένης

2269 2708 2487 2780 ὑπάρχῃ
2517 2709 2545 2761 ὀ
2585 2705 2853 2773 τοιοῦτος,
2883 2701 2949 2778 ἧς
2991 2707 3174 2760 ἕνεκεν
3219 2708 3355 2779 πρὸς
3389 2708 3523 2761 Θεοῦ
3555 2707 3842 2777 ἄνθρωπος

2270 2798 2591 2868 γεγένηται·
2620 2796 2696 2860 ὼς
2725 2797 2841 2850 δέον
2884 2796 3034 2869 παρά
3067 2797 3164 2868 μὲν
3199 2799 3332 2852 Θεοῦ
3365 2799 3425 2852 τὸ
3450 2796 3588 2851 εἶναι
3636 2798 3842 2858 λαϐεῖν,

2273 2891 2400 2960 παρ’
2430 2887 2621 2943 ἑαυτοῦ
2653 2888 2710 2941 δὲ
2743 2888 2804 2942 τὸ
2835 2889 3037 2958 ἀγαθὸν
3071 2891 3457 2961 προσγενέσθαι
3479 2891 3687 2955 λαϐεῖν,
3726 2909 3844 2944 συνο

2275 2980 2565 3052 εργοῦντος
2616 2979 2751 3034 Θεοῦ
2771 2999 2785 3012 ·
2823 2979 3065 3050 βούλεται
3090 2983 3198 3054 γὰρ
3228 2982 3364 3046 Θεὸς
3389 2985 3482 3037 καὶ
3515 2986 3648 3056 παρ’
3679 2983 3844 3037 αύτεῦ

2197 3121 2240 3178 C
2271 3073 2360 3126 τὸν
2386 3070 2670 3142 ἄνθρωπον
2709 3070 2852 3143 ἔχειν
2883 3072 2947 3127 ἄν
2969 3089 3040 3136 τι,
3071 3071 3284 3141 λογικὸν
3315 3073 3441 3128 ὅντα
3468 3073 3607 3145 πρὸς
3642 3073 3844 3138 ἔνδοξον

2275 3168 2606 3241 παρρησίαν.

2347 3351 2507 3404 ’Ὥστε
2563 3351 2624 3404 οὐ
2672 3349 3025 3422 θαυμάσομεν
3077 3351 3196 3404 οὐδὲ
3247 3349 3626 3424 μακαριοῦμεν
3683 3351 3844 3423 ἄνδρα

2287 3443 2536 3498 πλούσιον
2583 3443 3070 3516 κακοπραγοῦντα·
3117 3443 3239 3498 οὐδὲ
3286 3444 3730 3516 διαπορήσομεν,
3771 3446 3844 3497 ὃτι

2278 3537 2495 3591 πλουτεῖ
2520 3537 2758 3602 τοιοῦτος
2789 3536 2863 3590 ὣν
2901 3539 3036 3607 πρὸς
3059 3539 3158 3609 τὴν
3181 3536 3273 3591 τοῦ
3311 3537 3444 3591 Θεοῦ
3477 3538 3756 3609 πρόνοιαν.
3789 3535 3845 3589 Τί

2277 3631 2385 3702 γὰρ
2414 3631 2648 3702 ὑπάρχει
2689 3629 2849 3684 πλέον
2877 3630 3030 3704 ἀνδρὶ⁵
3059 3628 3278 3702 πονηρῷ
3311 3628 3624 3682 πλουτοῦντι
3650 3646 3666 3694 ;
3697 3628 3766 3681 Τί
3795 3627 3848 3683 Et

2277 3723 2376 3776 οὐκ
2408 3721 2625 3775 ἔλαττον
2647 3721 2794 3792 αὐτῷ
2819 3721 3139 3792 πρόσεστιν;
3173 3720 3468 3794 ἀγρυπνίαι
3492 3719 3590 3791 μὲν
3625 3721 3718 3773 καὶ
3738 3720 3847 3773 κίν-

2278 3812 2421 3867 δυνοι
2447 3813 2535 3868 διὰ
2568 3815 2636 3868 τὰ
2670 3815 2959 3885 χρήματα,
2991 3813 3157 3868 λύπαι
3186 3813 3242 3867 δὲ
3277 3813 3387 3867 τῶν
3411 3813 3846 3884 ἀναλισκομένων

2284 3906 2500 3978 μείζους
2529 3908 2671 3979 ἤπερ
2704 3907 2886 3978 ἡδοναὶ
2909 3907 3016 3960 τῶν
3053 3906 3450 3978 ποριζομένωνο
3484 3907 3544 3959 οὐ
3577 3907 3686 3977 γάρ
3712 3904 3848 3957 οῦτω

2279 3999 2340 4054 τὸ
2394 4001 2564 4070 παρὸν
2607 3998 2906 4072 εὐφραίνει,
2939 3999 3013 4063 ὡς
3041 3999 3099 4052 τὸ
3125 4000 3260 4053 ἀπὸν
3301 3998 3487 4051 λυπεῖ·
3521 3997 3614 4052 καὶ
3655 3999 3743 4051 ἀεὶ
3783 3998 3848 4049 τὰ

2281 4085 2379 4158 τῆς
2408 4086 2702 4158 ἐπιθυμίας
2751 4087 3070 4152 συναύξεται
3101 4087 3177 4158 τῷ
3211 4087 3450 4158 πλούτῳ,
3489 4089 3564 4152 ὼς
3593 4088 3685 4141 τὸν
3710 4089 3849 4156 λογι-

2285 4177 2420 4249 σμὺν
2473 4178 2827 4242 ἀδιαλείπτως
2883 4183 3146 4234 συνοικεῖν
3196 4179 3411 4251 ἀσχέτῳ
3457 4179 3650 4247 πάθει,
3698 4181 3760 4233 τὸ
3796 4179 3849 4232 δὲ

2287 4270 2444 4342 σῶμα
2477 4271 2734 4336 πολλάκις
2758 4271 3263 4343 συγκατατήκεσθαι
3289 4272 3365 4343 τῷ
3398 4272 3642 4344 λογισμῷ
3662 4291 3675 4303 ·
3713 4273 3772 4325 τὸ
3797 4272 3852 4325 δὲ

2285 4363 2474 4418 δοκοῦν
2495 4364 2869 4438 πλεονέκτημα
2893 4365 2986 4420 τοῦ
3012 4365 3323 4437 περιουσίαν
3346 4367 3679 4436 κεκτημένου
3703 4365 3851 4436 χαλε-

615 4465 708 4508 ιιιι·
757 4456 1102 4524 praestantior
1143 4456 1386 4510 conditio
1432 4458 1761 4512 allluentiam
1803 4474 1964 4529 opum
2006 4460 2175 4530 possi-

2288 4455 2529 4528 πώτερον
2562 4456 2872 4528 τυγχάνειῆ
2912 4457 3277 4528 μειονέκτημα
3302 4473 3316 4487 ο
3357 4456 3576 4526 τρυφῶν
3607 4455 3724 4526 ('50)
3749 4454 3850 4525 γὰρ

614 4546 816 4612 dentis,
865 4547 1138 4609 diIIicilior
1177 4554 1232 4605 et
1273 4551 1554 4607 molestior
1602 4559 1686 4608 est
1725 4567 1885 4623 quam
1945 4553 2184 4608 conditio

615 4641 824 4708 egentis
860 4661 873 4695 :
906 4641 996 4696 ille
1017 4641 1166 4710 enim
1190 4642 1400 4698 deliciis
1425 4651 1478 4698 et
1505 4643 1734 4698 mollitia
1773 4645 1970 4700 cubilis
2001 4654 2182 4710 utens,

618 4731 944 4804 quandoque
977 4734 1030 4788 in
1061 4735 1240 4790 varios
1289 4736 1508 4792 morbos
1559 4735 1768 4801 incidit,
1821 4752 1943 4790 cum
1981 4753 2186 4809 pauper

620 4827 870 4883 siccitate
928 4829 1104 4886 victus
1176 4831 1472 4886 necessarii
1540 4831 1903 4886 valetudinem
1969 4833 2184 4902 corpori

621 4921 834 4977 ascivit.
863 4919 932 4974 At
963 4923 1087 4992 quis
1116 4921 1260 4977 dicat
1297 4937 1403 4976 non
1439 4937 1560 4978 esse
1589 4937 1788 4992 corpus
1818 4923 2171 4978 excellentius

620 5022 674 5067 et
702 5011 876 5081 magis
904 5012 1224 5067 honoratum
1258 5029 1420 5083 quam
1451 5013 1591 5068 bona
1639 5013 1898 5069 externa?
1929 5011 2087 5078 Quod
2136 5014 2184 5069 si

625 5102 883 5159 habitudo
921 5105 1167 5172 corporis
1219 5107 1484 5160 valentior
1522 5106 1577 5159 in
1622 5105 1688 5161 iis
1741 5111 2051 5175 perseverat
2096 5105 2188 5175 qui

625 5197 952 5252 necessariis
981 5195 1255 5251 moderate
1295 5206 1551 5263 utuntur;
1589 5197 1656 5253 iis
1701 5213 1831 5252 vero
1875 5197 1967 5268 qui
2020 5212 2080 5253 se
2123 5197 2189 5252 ad

627 5288 1016 5344 immoderatas
1061 5287 1288 5342 delicias
1341 5290 1646 5354 dimittunt,
1710 5290 1871 5344 simul
1922 5291 2089 5344 robur
2136 5299 2193 5344 et

629 5379 856 5436 ﬁrmitas
879 5379 1126 5450 corporis
1157 5379 1465 5444 relaxatur;
1508 5396 1688 5435 annon
1729 5382 1896 5452 liquet
1919 5383 2020 5436 hac
2040 5390 2194 5451 parte

629 5482 681 5525 et
716 5474 816 5528 hac
840 5473 1049 5529 ratione
1076 5471 1362 5528 inferiores
1407 5487 1529 5527 esse
1573 5472 1794 5526 divitias
1842 5473 2196 5543 paupertate?

2289 4548 2382 4602 καὶ
2411 4547 2568 4618 εὐνῆς
2595 4547 2892 4619 ἁπαλότητι
2924 4547 3222 4620 χρώμενος,
3261 4549 3340 4611 είς
3378 4547 3687 4620 ἀρρωστίας
3714 4545 3851 4599 ἐστιν

2287 4641 2376 4694 ὅτε
2399 4639 2645 4704 ποικίλας
2665 4640 2946 4712 ἐμπίπτει·
2963 4639 3056 4694 τοῦ
3081 4641 3137 4694 δὲ
3157 4641 3387 4710 πένητος
3402 4643 3467 4711 τῇ
3487 4638 3744 4710 ξηρότητι
3763 4638 3851 4706 τῆς

2289 4732 2591 4801 ἀναγκαίας
2635 4733 2842 4804 διαίτης
2885 4733 2946 4786 τὸ
2991 4734 3230 4802 ὑγιαῖνον
3264 4732 3340 4806 τῷ
3385 4731 3597 4802 σώματι
3639 4727 3852 4801 «opt-{6-

2294 4843 2475 4896 μενον.
2531 4825 2723 4880 Καίτοι
2763 4826 2847 4892 τίς
2881 4826 2946 4880 ἂν
3000 4827 3155 4898 φαίη,
3189 4827 3264 4890 ὼς
3293 4825 3412 4897 οὐχὶ¹
3458 4824 3519 4878 τὸ
3550 4825 3713 4894 σῶμα
3755 4823 3854 4876 τῶν

2291 4918 2445 4982 ἐκτὸς
2474 4920 2897 4991 προτιμότερον;
2925 4919 2988 4972 Εί
3009 4919 3066 4972 δὲ
3088 4922 3197 4983 τοῖς
3231 4917 3299 4972 τά
3325 4918 3594 4986 ἀναγκαῖα
3622 4916 3856 4987 μετρίοις

2291 5011 2739 5084 ἐρρωμενεστέρα
2782 5011 2874 5064 τοῦ
2918 5010 3166 5082 σώματος
3203 5005 3319 5074 ἓξις
3361 5007 3624 5078 διαμένει,
3663 5007 3776 5068 τοῖς
3806 5003 3859 5056 δὲ

2293 5099 2428 5172 πρὸς
2479 5101 2715 5174 ἄμετρον
2758 5101 2967 5172 τρυφὴν
3018 5098 3476 5172 κεχαλασμένοις,
3528 5095 3862 5166 συγκατάγεο

2293 5211 2380 5246 ται
2410 5194 2505 5247 καὶ
2543 5193 2638 5247 τοῦ
2672 5193 2920 5266 σώματος
2959 5195 2987 5246 ὁ
3025 5195 3174 5258 τόνος
3193 5211 3206 5224 ο
3243 5193 3360 5256 πῶς
3391 5192 3490 5245 οὐκ
3519 5189 3759 5260 ἔνδηλον,
3791 5186 3861 5248 ὡς

2296 5286 2440 5342 κατά
2464 5287 2621 5341 τοῦτο
2652 5288 2745 5341 καὶ
2775 5287 2994 5341 έλαττον
3029 5289 3128 5358 τῆς
3166 5286 3354 5349 πενίας
3380 5286 3408 5338 ό
3433 5282 3699 5345 πλοῦτος;
3731 5278 3863 5349 πλὴν

2297 5383 2346 5434 εἰ
2391 5381 2464 5452 μή
2519 5399 2601 5444 τις
2629 5381 2875 5453 εὑρεθείη
2933 5381 3026 5434 καὶ
3067 5379 3175 5433 τῶν
3217 5378 3527 5447 ἀναγκαίων
3580 5372 3861 5445 προσδεὴςο

2299 5475 2434 5545 ὅπερ
2465 5474 2717 5527 οὐδέποτε
2751 5473 2830 5545 τῷ
2862 5474 2982 5527 κατ’
3013 5472 3212 5544 ἀρετὴν
3257 5468 3525 5539 σπουδαίῳ
3562 5466 3863 5538 συμϐαίνει.

633 5579 988 5640 praeterquam
1015 5567 1062 5626 si
1089 5567 1212 5639 quis
1244 5565 1547 5637 reperiatur
1595 5566 1687 5635 qui
1733 5574 1886 5635 egeat
1909 5566 2270 5633 necessariis;
2309 5567 2455 5638 quod
2479 5567 2696 5638 quidem
2719 5582 2997 5638 nunquam
3034 5565 3281 5622 studioso
3302 5563 3520 5618 virtutis
3545 5559 3761 5616 accidit.

705 5664 954 5736 Nunquid
1004 5666 1252 5736 voluptas
1299 5662 1546 5718 ciborum
1584 5671 2026 5742 sumptuosorum
2075 5679 2198 5732 pcr-

710 5787 820 5861 (30)
847 5788 1009 5846 Forte
1030 5793 1280 5860 τρυφαῖς.
1309 5789 1458 5844 Ευιτ.

2377 5659 2524 5735 Ἄρα
2560 5663 2623 5735 δὴ
2663 5664 2769 5716 τῶν
2806 5662 3109 5717 πολυτελῶν
3137 5660 3444 5732 ἐδεσμὲτων
3473 5660 3502 5728 ἠ
3536 5657 3699 5728 ἡδονὴ
3745 5666 3870 5710 συν·
3935 5689 3937 5694 -
