4064 6290
336 339 474 396 H69

1430 337 1804 396 ADVERSUS
1844 334 2267 394 MANICIM‘SOS
2304 338 2430 394 LIB.
2474 338 2536 396 Il.

3446 338 3579 394 “50

332 454 577 527 διαμένει
608 457 676 526 τῇ
706 453 954 526 αἰσθήσει
973 451 1083 508 τῶν
1120 454 1206 508 ἀεὶ
1231 455 1610 526 κεχρημένων,
1641 454 1677 524 ἢ
1701 453 1764 525 δὴ
1789 451 1884 506 λίαε

2011 461 2190 508 manet
2219 469 2342 508 cum
2373 469 2536 509 sensu
2571 467 2758 507 eorum
2803 453 2895 522 qui
2929 466 3140 522 semper
3181 452 3263 506 usi
3307 461 3437 507 sunt
3471 453 3576 521 eis,

334 547 666 614 εύτελίζεται
694 551 760 619 τῇ
792 547 981 619 χρονία
1011 547 1300 618 συνηθείᾳ;
1328 549 1404 612 ὡς
1429 548 1591 618 μηδὲν
1614 547 1755 618 ἔχειν
1782 546 1907 610 τοὺς

2010 558 2079 598 an
2107 545 2259 600 valde
2291 546 2414 600 vilis
2440 544 2669 600 edicitur
2691 544 2950 600 diuturno
2983 545 3120 599 usu?
3152 554 3208 598 ut
3243 545 3356 614 jam
3404 545 3576 601 nihilo

330 641 604 707 τοιούτους
628 643 806 707 πλέον,
831 643 967 714 ὅπερ
989 645 1068 706 είς
1087 642 1292 714 τρυφὴν
1309 642 1761 714 προσαγάγωνται
1777 657 1790 671 ο
1819 643 1884 695 ἀε

2007 635 2131 704 plus
2159 635 2393 690 habeant
2425 636 2514 691 isti
2544 637 2596 689 in
2626 651 2711 697 eo,
2745 636 2887 704 quod
2913 635 2978 690 ad
2999 635 3224 690 delicias
3249 646 3302 689 et
3325 637 3557 706 volupta-

330 735 444 806 γὰρ
476 736 536 788 τὸ
580 734 808 805 σύνηθες
853 736 1341 806 εὐκαταφρόνητον.
1383 735 1472 806 Τῷ
1498 736 1555 789 δὲ
1602 736 1792 807 πένητι
1845 736 1884 788 τὲ

2007 735 2113 782 tem
2159 727 2416 782 adhibent
2450 746 2462 780 :
2497 742 2708 797 semper
2731 727 2874 782 enim
2900 725 3046 795 quod
3099 735 3420 782 consuetum
3465 738 3572 792 cst,

336 825 434 896 μὲν
467 823 680 887 εὐτελὲς
713 823 801 877 διά
828 823 925 896 τὴν
956 824 1142 892 ὑγείαν
1159 823 1394 894 ἥδιστον,
1423 822 1484 876 τὸ
1518 823 1574 876 δὲ
1595 821 1901 886 πολυτελὲς,

333 915 389 968 εί
416 931 548 968 ποτε
582 914 816 982 γένοιτο,
851 913 998 978 ξένον
1032 914 1127 968 καὶ
1163 915 1475 968 καινότατον
1501 917 1579 978 είς
1611 914 1903 985 ἀνειμένην

331 1004 634 1078 ἀπόλαυσιν
653 1022 668 1037 ο
711 1004 851 1058 ὥστε
882 1005 1023 1058 κατά
1046 1005 1202 1059 τοῦτο
1229 1010 1342 1072 τοῖς
1369 1008 1548 1079 ὀρθοῖς
1570 1008 1848 1077 λογισμοῖς
1874 1007 1902 1059 6

333 1093 614 1164 χρώμενος
652 1094 802 1166 εὕροι
840 1094 907 1148 ἀν
935 1095 1095 1149 πλέον
1136 1095 1325 1167 ἔχοντα
1368 1098 1463 1152 τοῦ
1513 1097 1764 1151 πλουσίου
1811 1095 1900 1148 τὸν

332 1187 560 1257 πένητα.
591 1188 764 1250 Νόσος
789 1187 846 1241 δὲ
876 1189 970 1241 καὶ
1000 1189 1156 1258 ὑγεία
1176 1190 1570 1262 παραπλησίως
1593 1191 1862 1258 ἀναγκαῖα
1881 1206 1896 1222 ο

327 1277 361 1347 ἦ
393 1295 453 1331 τε
478 1279 586 1350 γάρ
617 1277 774 1347 ὑγεία
815 1277 952 1350 πρὸς
981 1279 1192 1334 ἀδικίαν
1219 1281 1313 1335 τοῦ
1351 1279 1511 1354 ἔργου
1540 1283 1636 1353 τῆς
1675 1281 1895 1354 ἀρετῆς,

326 1370 360 1440 ἥ
395 1387 456 1423 τε
487 1371 638 1435 νόσος
670 1370 814 1424 ἔστιν
833 1371 920 1425 ὅτε
947 1371 1084 1446 πρὸς
1111 1373 1419 1445 ἀνατροπὴν
1444 1373 1742 1446 ἁμαρτίας·
1775 1372 1900 1446 βοη-

327 1463 499 1517 θεῖται
521 1464 627 1535 γὰρ
651 1463 907 1527 πολλάκις
936 1465 964 1516 6
993 1463 1250 1536 λογισμὸς
1274 1470 1386 1530 τοῖς
1409 1466 1605 1532 ἔξωθεν
1633 1467 1893 1538 κύμασιν.

330 1555 538 1618 Ἄλλως
559 1573 616 1608 τε
640 1555 747 1608 τῶν
768 1557 1215 1629 ἀρρωστημάτων
1241 1561 1274 1630 ή
1303 1562 1464 1632 πεῖρα
1488 1560 1586 1632 τῆς
1606 1557 1699 1612 τοῦ
1723 1561 1898 1628 ὑγιαί-

323 1664 438 1702 νειν
470 1647 784 1718 εὐεργεσίας
819 1649 1220 1721 ἀναμιμνήσκει
1273 1650 1410 1722 πρὸς
1449 1650 1751 1705 εὐλάϐειαν.
1787 1647 1894 1704 Ἦν

319 1741 365 1793 δ’
399 1741 463 1794 ἂν
501 1743 593 1794 καὶ
632 1741 750 1795 λίαν
781 1743 1271 1815 εὐκαταφρόνητος,
1300 1745 1349 1797 εί
1371 1743 1492 1798 καθ’
1529 1745 1726 1816 ἑαυτὴν
1761 1743 1893 1798 καθ-

317 1831 438 1884 όλου
492 1831 726 1903 διέμενε,
775 1832 853 1904 τῷ
903 1835 1070 1906 μηδὲν
1105 1835 1414 1908 ἐνδέχεσθαι
1463 1836 1887 1908 παρεμποδίξειν

318 1921 507 1991 αὑτήν.
563 1983 568 1990 ι

2006 820 2164 875 facile
2203 821 2592 876 contemnitur.
2627 820 2859 890 Pauperi
2899 827 3080 875 autem
3122 820 3265 889 quod
3313 828 3474 875 tenue
3521 830 3575 877 et

2003 914 2110 968 vile
2168 923 2272 978 est,
2327 921 2548 983 propter
2589 914 2878 969 sanitatem
2930 914 3314 969 suavissimum
3368 921 3453 969 est
3483 931 3497 968 :
3527 915 3574 969 si

2003 1005 2223 1076 quando
2251 1020 2382 1060 vero
2413 1006 2485 1059 sit
2513 1005 2584 1069 ei,
2610 1005 2754 1074 quod
2785 1013 3168 1074 sumptuosum
3189 1014 3296 1069 est,
3336 1006 3572 1075 peregri.

2001 1113 2130 1152 mtm
2167 1107 2220 1152 et
2253 1112 2451 1152 novum
2484 1096 2635 1152 ducit
2681 1097 2748 1152 ad
2793 1097 3078 1153 fruendam
3129 1098 3521 1152 relaxationem
3557 1116 3570 1152 :

1999 1189 2188 1243 uthac
2215 1187 2446 1254 ratione,
2489 1190 2582 1258 qui
2626 1197 2773 1243 recte
2811 1189 3040 1259 cogitet,
3096 1203 3389 1258 pauperem
3428 1203 3575 1259 repe-

1999 1279 2106 1334 riat
2157 1286 2418 1348 praestare
2464 1277 2639 1332 diviti.
2681 1276 2902 1333 Morbus
2937 1287 3117 1332 autem
3172 1285 3226 1333 et
3294 1278 3434 1331 bona
3479 1292 3574 1330 va-

1999 1372 2181 1428 letudo
2229 1385 2384 1441 aeque
2429 1371 2739 1426 necessaria
2774 1378 2923 1426 sunt.
2976 1369 3194 1426 Sanitas
3248 1370 3393 1425 enim
3431 1368 3571 1424 valct

1998 1463 2269 1518 interdum
2298 1461 2366 1517 ad
2426 1461 2746 1531 injustitiatn
2797 1472 2851 1516 et
2900 1460 3258 1515 oﬂ‘ensionem
3331 1459 3568 1522 virtutis,

1998 1554 2222 1610 morbus
2250 1554 2376 1609 item
2405 1552 2697 1623 aliquando
2725 1553 2792 1606 ad
2826 1552 3181 1607 evertendum
3216 1561 3270 1608 et
3317 1551 3566 1607 refutan-

1995 1648 2124 1702 dum
2183 1656 2463 1717 peccatum
2518 1645 2708 1699 valet:
2737 1643 2962 1712 juvatur
3004 1644 3150 1698 enim
3195 1659 3570 1713 saepenumero

1997 1741 2136 1794 ratio
2161 1739 2402 1794 externis
2431 1736 2709 1792 ﬂuctibus.
2732 1735 3012 1791 Interdum
3047 1736 3382 1805 experientia
3418 1739 3572 1789 iuva-

1996 1831 2257 1888 letudinis
2285 1829 2354 1884 de
2383 1829 2652 1883 beneﬂcio
2676 1828 2831 1882 bona:
2870 1826 3197 1882 valetudinis
3220 1827 3474 1882 admonet
3501 1827 3570 1882 ad

1993 1918 2376 1977 declinandum
2407 1917 2751 1972 maleﬁcium.
2786 1915 2943 1972 Esset
2985 1907 3164 1971 autem
3205 1915 3460 1987 despecta
3489 1931 3571 1972 sa-

1999 2012 2165 2075 nitas,
2193 2010 2238 2064 si
2264 2010 2516 2064 universe
2543 2023 2638 2078 per
2670 2023 2729 2063 se
2761 2015 3122 2078 permaneret,
3149 2008 3392 2079 nihilque
3425 2008 3568 2080 quod

1986 2120 2106 2161 eam
2139 2101 2446 2172 impediret,
2470 2108 2654 2172 posset
2694 2101 3038 2168 contingere.

1092 2250 1217 2307 Car.
1262 2248 1352 2309 IX.
1388 2250 1578 2308 Justus
1611 2266 1898 2326 aegrotans.
1943 2258 2178 2327 Male/lci
2219 2274 2314 2312 cur
2344 2273 2449 2313 non
2479 2258 2790 2328 puniantur.

386 2392 447 2445 Ei
466 2391 510 2444 δ’
545 2390 574 2443 6
605 2389 701 2461 μὲν
727 2389 976 2461 ἐπιεικὴς
1005 2389 1206 2462 νοσοίη,
1248 2391 1480 2458 ὑγιαίνοι
1504 2390 1560 2443 δὲ
1586 2393 1615 2444 6
1649 2392 1886 2462 θρασύς·

310 2477 342 2532 6
373 2481 472 2552 μὲν
517 2480 830 2551 κατέχεται,
875 2478 955 2550 τῷ
999 2479 1204 2550 κύματι
1253 2480 1646 2552 βοηθούμενος,
1677 2484 1812 2555 πρὸς
1829 2486 1892 2538 τὸ

313 2574 600 2642 ἄμεμπτον
645 2573 744 2644 τῆς
777 2570 973 2626 ἑαυτοῦ
1025 2572 1204 2642 ζωῆς·
1232 2575 1261 2626 6
1301 2574 1360 2627 δὲ
1409 2576 1764 2646 παραδέδοται
1812 2577 1889 2650 τῷ

314 2663 653 2734 πλημμελεῖν
687 2664 765 2726 ὡς
809 2665 1248 2735 ἀπεγνωσμένος.
1278 2666 1340 2718 EI
1376 2666 1419 2719 δ’
1455 2663 1609 2731 αὖθις
1631 2669 1660 2721 6
1686 2667 1890 2739 θρασὺς

312 2755 406 2808 καὶ
436 2754 556 2808 λίαν
579 2754 782 2828 ἀσεϐὴς
819 2755 1156 2828 περιπίπτοι,
1196 2757 1224 2808 6
1259 2756 1315 2810 δὲ
1343 2759 1591 2830 ἐπιεικὴς
1620 2759 1850 2828 ὑγιαίνοι
1871 2773 1886 2790 ·

309 2851 338 2900 6
367 2849 463 2919 μὲν
485 2849 583 2919 οὑχ
616 2848 702 2900 ἵνα
733 2847 971 2920 βοηθηθῇ
1007 2848 1142 2920 πρὸς
1168 2848 1421 2920 αἴσθησιν
1441 2851 1746 2917 κολάζεται,
1773 2853 1888 2907 ἀλλ’

313 2939 399 2993 ἵνα
445 2938 788 3014 χρησιμεύσῃ
829 2943 943 3004 τοῖς
994 2940 1160 3012 ὁρῶσι
1203 2941 1340 3013 πρὸς
1377 2943 1707 3016 ὑπόδειγμαο
1734 2947 1763 2999 6
1805 2947 1886 3012 δὲ,

309 3034 384 3096 ὡς
407 3033 531 3103 δίχα
559 3031 772 3104 δεσμῶν
798 3032 1018 3104 ἡμέρως
1039 3033 1396 3104 ἀναστρέφειν
1419 3033 1734 3106 δυνάμενος,
1763 3037 1890 3091 ἀνο-

309 3142 402 3189 σος
423 3123 666 3194 διαμένει
688 3143 701 3155 ο
744 3126 792 3177 εί
841 3125 934 3177 καὶ
969 3124 1104 3187 ὅλως
1149 3125 1388 3197 ἑκάτερα
1437 3126 1714 3197 πανταχοῦ
1753 3130 1888 3200 χρή.

2067 2392 2124 2448 Si
2161 2399 2344 2448 autem
2376 2393 2467 2447 ille
2513 2391 2733 2462 quidem
2777 2390 2965 2462 justus
3017 2400 3264 2464 aegrotet,
3307 2391 3397 2448 hic
3439 2407 3572 2450 vero

1990 2486 2169 2541 audax
2199 2486 2338 2541 bene
2388 2485 2598 2553 valeat;
2661 2485 2752 2540 ille
2805 2485 3032 2556 quidem
3086 2486 3373 2540 cohibetur
3425 2487 3569 2542 unda

1991 2578 2234 2648 adjutus,
2262 2577 2448 2632 utvita
2471 2577 2590 2646 ejus
2636 2577 2859 2647 querela
2909 2587 2964 2632 et
3002 2577 3428 2647 reprehensione
3473 2594 3568 2632 ca-

1990 2677 2148 2736 reat;
2202 2669 2290 2723 hic
2337 2683 2469 2724 vero
2510 2678 2771 2740 tanquam
2836 2668 3158 2739 deSperalus
3208 2669 3444 2726 traditus
3485 2679 3570 2727 est

1988 2761 2246 2832 peccatis.
2283 2759 2340 2815 Si
2384 2777 2578 2817 rursus
2609 2761 2788 2815 audax
2834 2768 2888 2816 et
2935 2760 3094 2816 valde
3139 2761 3341 2832 impius
3378 2760 3569 2818 morbo

1990 2854 2360 2919 conﬂictetur,
2387 2854 2575 2924 justus
2623 2869 2748 2909 vero
2777 2853 2935 2908 ﬁrma
2984 2854 3297 2910 valetudine
3325 2857 3431 2921 sit;
3468 2871 3569 2924 pu-

1990 2945 2142 2999 nitur
2166 2945 2258 3000 ille
2287 2945 2504 3016 quidem
2551 2961 2716 3001 sensu
2770 2945 3045 3016 supplicii,
3100 2961 3210 3000 non
3243 2953 3303 3000 ut
3321 2945 3564 3014 juvetur,

1985 3037 2080 3092 sed
2117 3045 2175 3090 ut
2203 3036 2342 3092 alios
2372 3038 2620 3107 exemplo
2645 3037 2834 3107 juvet;
2860 3038 2948 3091 hic
2982 3053 3133 3104 vero,
3180 3049 3440 3108 tanquam
3471 3040 3564 3110 qui
3649 3114 3660 3122 ⁸

1983 3128 2178 3184 solutis
2210 3128 2442 3184 vinculis
2475 3137 2757 3185 mansuete
2793 3128 2998 3184 versari
3025 3131 3359 3198 potest,sine
3382 3145 3566 3201 aegro-

309 3235 462 3288 σιμα,
491 3218 586 3270 καὶ
612 3216 792 3281 ἀθλιος
813 3217 842 3270 6
871 3218 970 3289 τὴν
995 3217 1260 3289 Πρόνοιαν
1284 3218 1532 3273 ἐντεῦθεν
1556 3219 1884 3291 ἀρνούμενος

1992 3221 2203 3274 tatione
2232 3230 2565 3288 perseverat.
2599 3219 2859 3285 Quamvis
2893 3228 3124 3290 utraque
3166 3237 3393 3290 prorsus
3441 3223 3566 3278 ubi-

305 3306 338 3378 ἢ
369 3306 694 3360 διαϐάλλων·
732 3307 868 3379 μόνη
906 3306 1014 3381 γὰρ
1038 3307 1280 3381 ὀλέθριος
1311 3309 1491 3379 ἐκείνη
1521 3309 1694 3374 νόσος,
1721 3313 1754 3382 ή
1781 3312 1880 3382 τὴν

304 3398 538 3453 διάθεσιν
559 3399 659 3469 τῆς
678 3399 855 3470 ψυχῆς
883 3400 1019 3472 πρὸς
1045 3401 1366 3473 ἀποτροπὴν
1387 3402 1586 3473 ἀρετῆς
1613 3402 1877 3458 κακοῦσα.

305 3484 401 3555 Οἷς
429 3487 522 3545 οὖν
544 3495 572 3546 6
603 3491 860 3563 λογισμὸς
877 3488 1052 3557 ἀθῶος
1071 3493 1334 3564 διαμένοι,
1360 3494 1458 3547 εἴτ’
1479 3489 1572 3548 οὖν
1594 3496 1686 3548 καὶ
1706 3494 1884 3564 ὑγιαί-

305 3600 385 3636 νοι
420 3583 481 3636 τὸ
526 3583 704 3654 σῶμα,
733 3582 1083 3655 αἰσθήσονται
1117 3585 1377 3658 ἐκατέρου
1407 3584 1468 3637 τὸ
1498 3587 1764 3658 χρήσιμον
1784 3604 1796 3616 ο
1831 3586 1882 3638 εί

303 3677 411 3745 γὰρ
455 3673 531 3745 μὴ
583 3672 800 3736 πάντως
833 3672 1048 3739 κολάζοι
1073 3672 1164 3729 τὸν
1210 3675 1659 3748 κακοπραγοῦντα
1705 3679 1878 3744 νόσος,

302 3765 486 3837 ἐπειδὴ
529 3763 780 3828 καὶτοὺς
809 3765 1009 3836 νόμους
1054 3766 1199 3820 ἐστιν
1243 3768 1331 3821 ὅτε
1374 3767 1726 3836 διαφεύγουσι
1776 3785 1882 3822 κα-

301 3857 522 3930 κοῦργοι
541 3875 556 3889 ο
605 3854 694 3930 ἆρ’
725 3853 817 3911 οὖν
845 3854 944 3911 ούκ
976 3857 1052 3911 ἂν
1073 3859 1156 3931 εἴη
1186 3857 1274 3913 διὰ
1303 3859 1462 3913 τοῦτο
1508 3858 1737 3932 κώλυμα
1782 3859 1881 3931 τῆς

301 3951 633 4024 κακουργίας
662 3953 691 4004 6
733 3950 916 4023 νόμος,
953 3949 1139 4022 ἐπειδὴ
1182 3952 1256 4024 μὴ
1292 3952 1381 4006 διὰ
1425 3954 1640 4007 πάντων
1667 3953 1882 4024 πρόεισι

297 4046 406 4100 τῶν
436 4046 846 4118 ὑποκειμένων;
891 4043 923 4118 ἢ
950 4046 1010 4100 τὸ
1060 4043 1244 4116 θαῦμα
1270 4042 1366 4116 τῆς
1399 4044 1492 4098 τοῦ
1531 4045 1664 4100 Θεοῦ
1695 4045 1882 4116 σοφίας

300 4136 548 4190 ἐντεῦθεν
582 4137 657 4201 ὡς
700 4137 1036 4208 πανταχόθεν
1076 4137 1488 4202 ἀναδείκνυται;
1529 4138 1593 4190 Εἰ
1638 4137 1734 4208 μὲν
1774 4137 1883 4208 γὰρ

300 4229 518 4294 πάντως
554 4229 712 4301 δῆλον
754 4225 843 4302 ἦν,
867 4230 942 4294 ὡς
980 4229 1230 4301 οὐδαμῶς
1260 4229 1528 4301 ἐνδέχεται
1572 4228 1884 4298 διαφεύγειν

296 4319 404 4373 τῶν
448 4320 627 4392 νόμων
670 4321 770 4394 τὴν
820 4322 1039 4374 κόλασιν
1065 4321 1155 4375 τὸν
1202 4322 1230 4375 ὅ
1284 4339 1337 4375 τι
1388 4322 1584 4392 δήποτε
1625 4320 1732 4375 τῶν
1776 4321 1882 4373 ἀπ-

297 4412 681 4483 ηγορευμένων
720 4413 1216 4484 διαπραττόμενον,
1253 4413 1504 4483 κίϐδηλον
1538 4411 1602 4467 ἂν
1647 4412 1741 4465 καὶ
1763 4410 1883 4464 λίαν

294 4502 550 4572 ἀδόκιμον
579 4499 647 4575 ἦν
674 4505 734 4558 τὸ
767 4505 1045 4578 ἄπρακτον
1084 4506 1184 4577 τῆς
1216 4507 1491 4580 ἁμαρτίας
1509 4525 1521 4538 ·
1550 4491 1751 4569 πάντες
1776 4504 1883 4576 γάρ

1981 3327 2088 3382 que
2135 3311 2286 3365 utilia
2329 3312 2472 3378 sint;
2508 3317 2562 3366 et
2609 3312 2797 3376 miser,
2849 3312 2944 3383 qui
2995 3311 3397 3369 Providentiam
3437 3315 3566 3370 hinc

1982 3411 2140 3472 negat
2168 3411 2258 3456 aut
2300 3409 2522 3457 accusat
2555 3419 2569 3456 :
2601 3403 2689 3457 ille
2731 3402 2877 3457 enim
2913 3403 3140 3458 morbus
3187 3404 3338 3458 solus
3372 3403 3567 3459 morti-

1981 3491 2062 3548 fer
2091 3501 2194 3558 est,
2224 3493 2319 3564 qui
2350 3493 2587 3546 animam
2622 3497 2689 3547 ad
2717 3493 3068 3548 evertendam
3112 3493 3375 3548 virtutem
3423 3495 3566 3550 male

1982 3583 2163 3639 allicit.
2197 3583 2254 3638 In
2289 3584 2490 3655 quibus
2518 3584 2686 3654 igitur
2702 3584 2842 3638 ratio
2877 3585 3025 3640 salva
3041 3591 3095 3638 et
3126 3584 3420 3639 incolumis
3441 3600 3566 3655 per-

1983 3685 2217 3741 severat,
2252 3675 2368 3730 sive
2405 3689 2550 3746 aegro
2580 3689 2811 3744 corpore
2844 3673 2959 3729 sive
3002 3688 3138 3728 sano
3173 3675 3302 3740 sint,
3350 3675 3560 3729 utrius-

1982 3779 2088 3835 que
2117 3765 2410 3819 utilitatem
2436 3763 2672 3819 sentient
2698 3763 2832 3817 :etsi
2859 3763 3002 3816 enim
3043 3777 3152 3816 non
3181 3763 3403 3817 omnino
3424 3779 3563 3818 mor-

1983 3855 2086 3910 bus
2116 3857 2422 3910 maleticum
2459 3855 2670 3925 puniat,
2704 3853 2972 3924 siquidem
3006 3855 3152 3925 leges
3193 3856 3356 3910 etiam
3391 3856 3560 3911 inter—

1982 3945 2112 4000 dum
2164 3945 2397 4000 maleiici
2441 3943 2741 4016 effugiunt;
2777 3959 2848 3998 an
2895 3954 3184 4015 propterea
3222 3946 3434 4001 desinet
3479 3947 3558 4002 lex

1981 4051 2104 4091 esse
2134 4035 2578 4106 impedimentum
2614 4036 2895 4102 maleﬁcis,
2940 4037 3068 4106 quia
3105 4052 3212 4092 non
3249 4053 3344 4108 per
3371 4052 3562 4094 omnes

1982 4129 2084 4200 legi
2111 4129 2392 4198 subjectos
2427 4127 2706 4198 procedit?
2733 4129 2816 4182 An
2842 4129 3135 4184 admiratio
3160 4131 3444 4200 sapientiae
3464 4129 3557 4186 Dei

1984 4223 2113 4276 hinc
2144 4222 2310 4276 etiam
2345 4221 2485 4275 sicut
2535 4219 2777 4292 undique
2810 4221 3159 4277 declaratur?
3193 4220 3249 4276 Si
3289 4223 3433 4277 enim
3473 4239 3561 4294 pe-

1983 4315 2131 4368 nitus
2171 4321 2470 4378 constaret,
2507 4313 2660 4367 nullo
2694 4321 2855 4384 pacto
2891 4329 3052 4385 posse
3094 4313 3375 4370 hominem
3419 4315 3557 4369 ellu-

1983 4422 2108 4477 gere
2136 4407 2462 4476 supplicium
2484 4407 2684 4477 legum,
2735 4405 2828 4476 qui
2857 4406 3221 4477 quodcunque
3257 4406 3372 4477 lege
3423 4407 3558 4462 veti-

1986 4507 2102 4552 tum
2147 4506 2232 4554 est
2261 4497 2607 4564 admitteret;
2645 4498 2922 4554 abstinere
2966 4509 3212 4569 peccato,
3257 4514 3366 4552 non
3411 4508 3558 4552 esset

294 4594 360 4648 ἂν
405 4594 514 4648 δέει
563 4596 664 4666 τῆς
710 4576 999 4671 τιμωρίας,
1039 4576 1158 4669 οὐχὶ
1206 4576 1353 4671 μίσεί
1394 4602 1492 4670 τῆς
1519 4599 1873 4670 κακουργίας,

1989 4596 2292 4660 spectatum
2324 4605 2387 4642 ac
2424 4589 2734 4659 probatum,
2769 4589 2864 4644 sed
2896 4589 3262 4644 adulterinum
3296 4597 3350 4645 et
3374 4591 3555 4644 incer-

291 4687 598 4758 ἀπείχοντο.
641 4687 762 4761 Χρὴ
799 4689 855 4742 δὲ
900 4690 992 4778 τὸν
1037 4691 1319 4746 σπουδαῖον
1366 4694 1541 4763 μισεῖν
1571 4694 1630 4746 τὸ
1650 4689 1873 4761 ποιῆσαι

295 4778 492 4848 μᾶλλον
522 4778 555 4850 ἢ
595 4781 808 4844 παθεῖν,
846 4781 946 4835 κᾶν
982 4781 1054 4853 μὴ
1084 4783 1309 4848 δικαίως
1337 4784 1647 4851 συμϐαίνοι.

1983 4689 2097 4735 tum
2135 4699 2147 4735 :
2178 4695 2369 4736 omnes
2387 4681 2530 4736 enim
2564 4689 2709 4736 metu
2748 4681 3026 4752 supplicii,
3069 4697 3178 4736 non
3215 4681 3342 4736 odio
3384 4682 3556 4736 male-

1980 4774 2086 4829 ﬁcii
2125 4774 2483 4830 abstinerent.
2525 4772 2752 4844 Oportet
2787 4783 2968 4829 autem
3005 4774 3294 4830 honestum
3342 4781 3397 4830 et
3430 4789 3557 4846 pro-

291 4872 418 4925 bum
449 4869 623 4940 magis
653 4873 836 4928 odisse
869 4873 1195 4927 maleficium
1237 4873 1434 4938 facere,
1479 4889 1642 4945 quam
1693 4868 1944 4926 maleﬁcii
1984 4880 2175 4936 pinnas
2220 4864 2373 4931 dare,
2405 4865 2659 4936 quamvis
2688 4864 2914 4934 injuste.

374 4982 652 5038 Ἐντεῦθεν
677 4983 1026 5054 διαφεύγουσι
1054 4986 1180 5050 τοὺς
1209 4985 1407 5058 νόμους
1426 4985 1532 5039 τῶν
1553 4985 1872 5057 κακούργων

290 5073 341 5125 οἱ
368 5073 605 5138 πλείους,
639 5074 824 5145 ἐπειδή
856 5092 920 5143 γε
943 5075 1164 5140 κόλασις
1196 5077 1294 5147 οὑχ
1315 5075 1456 5146 αῦτη
1480 5075 1586 5128 τῶν
1625 5075 1872 5146 ἁμαρτα-

293 5165 488 5218 νόντων
509 5165 678 5230 ἐστὶν,
708 5167 884 5238 οίησις
917 5167 971 5220 δὲ
1001 5155 1158 5238 μόνον
1184 5171 1470 5241 τιμωρίας·
1508 5169 1734 5232 θάνατος
1764 5168 1872 5240 γὰρ

289 5259 317 5307 6
351 5253 493 5308 κατὰ
533 5255 694 5323 φύσιν
725 5257 818 5310 καὶ
850 5257 974 5328 δίχα
1017 5257 1288 5323 κολάσεως
1327 5258 1393 5312 ἂν
1438 5259 1673 5313 ἐπέλθοι.
1710 5260 1870 5313 Ὥστε

287 5344 419 5416 ἄλλη
445 5345 545 5415 μὲν
561 5345 676 5400 ἔστι
699 5349 812 5412 τοῖς
836 5347 1242 5420 παρανομοῦσιν
1272 5351 1304 5421 ἠ
1334 5351 1573 5420 ἄφυκτος
1593 5350 1832 5422 τιμωρία
1851 5368 1864 5381 °

286 5435 634 5506 διαφεύγουσι
663 5437 720 5492 δὲ
752 5439 848 5510 τὴν
883 5442 967 5508 ἐφ’
992 5439 1150 5511 ἡμῶν
1177 5443 1226 5495 ei
1252 5442 1489 5506 πλείους,
1523 5443 1608 5495 ἵνα
1639 5442 1698 5495 τὸ
1724 5442 1865 5495 ἐνδε-

287 5529 513 5600 χόμενον
538 5529 631 5584 τοῦ
672 5530 853 5585 λαθεῖν
878 5533 1108 5603 βάσανος
1139 5533 1361 5604 γένηται
1385 5533 1480 5588 τοῦ
1523 5535 1862 5606 ἀνθρωπίνου

286 5621 546 5693 λογισμοῦ
566 5639 581 5654 ο
618 5624 711 5676 καὶ
742 5624 968 5678 καθόλου
1000 5624 1090 5679 ὲπί
1121 5643 1181 5680 τε
1211 5626 1533 5692 κλέπτοντος
1562 5627 1656 5680 καὶ
1684 5625 1864 5696 ψευδο-

291 5713 473 5782 μένου,
498 5717 592 5768 καὶ
621 5715 689 5769 τὰ
716 5717 890 5787 μείζω
923 5717 1032 5771 τῶν
1065 5718 1247 5774 κακῶν
1275 5719 1404 5790 δρᾷν
1447 5719 1861 5791 ἐπιχειρούντων

289 5797 345 5849 τὸ
370 5801 531 5871 ῥηθὲν
564 5803 1002 5876 παρεκτείνεται.

2039 4978 2186 5044 Hinc
2224 4978 2283 5032 lit
2330 4985 2390 5033 ut
2428 4978 2606 5048 major
2650 4993 2780 5049 pars
2831 4977 3203 5036 maleﬁcorum
3246 4980 3391 5052 leges
3422 4981 3557 5037 elI'u-

1976 5071 2109 5142 giat,
2141 5070 2400 5140 quoniam
2449 5085 2559 5125 non
2585 5077 2670 5125 est
2700 5069 2804 5124 hoc
2858 5071 3190 5141 supplicium
3230 5071 3552 5144 delinquen-

1979 5162 2136 5224 tium,
2168 5162 2263 5217 sed
2290 5161 2474 5231 opinio
2511 5168 2724 5216 tantum
2775 5161 3161 5219 vindicationis
3192 5181 3205 5218 :
3237 5179 3387 5218 mors
3408 5163 3553 5218 enim

1977 5253 2244 5310 naturalis
2276 5254 2395 5309 sine
2427 5253 2696 5324 supplicio
2725 5253 2888 5309 etiam
2921 5254 3192 5311 adveniet.
3224 5253 3404 5319 Quare
3434 5253 3540 5307 alia

1979 5353 2062 5398 est
2097 5343 2228 5398 ultio
2256 5352 2311 5398 et
2360 5345 2690 5415 supplicium
2735 5344 3190 5415 delinquentium,
3221 5344 3381 5414 cujus
3425 5344 3555 5400 ellu-

1975 5436 2124 5508 gium
2152 5437 2389 5507 reperire
2412 5450 2521 5492 non
2568 5446 2801 5507 possunt
2831 5455 2844 5490 :
2878 5437 3116 5492 evadunt
3145 5445 3325 5491 autem
3365 5437 3550 5508 plures

1975 5545 2041 5585 ex
2082 5537 2270 5584 nostra
2318 5529 2579 5596 vindicta,
2615 5539 2676 5586 ut
2723 5547 2883 5602 posse
2918 5531 3086 5586 latere
3127 5538 3456 5587 tormentum
3495 5543 3549 5589 et

1973 5624 2252 5680 cruciatus
2302 5623 2552 5679 humana:
2573 5624 2922 5697 cogitationis
2969 5623 3253 5678 elliciatur.
3303 5623 3368 5678 Et
3423 5628 3544 5681 uni-

1971 5732 2127 5771 verse
2159 5717 2300 5786 quod
2330 5717 2533 5772 dictum
2565 5728 2666 5782 est,
2700 5715 2765 5769 ad
2797 5713 3066 5769 furantem
3099 5725 3151 5769 et
3190 5719 3538 5775 mentientem

1973 5815 2024 5864 et
2051 5807 2299 5880 graviora
2327 5808 2590 5865 maleﬁcia
2626 5806 3028 5863 committentes
3061 5809 3376 5879 porrigitur.
