  <div class='ocr_page' id='page_1' title='image "/cluster/home/n/w/nwhite01/storage/ocr_20150623/18/mdp.39015008168943/601.png"; bbox 0 0 4064 6290; ppageno 0'>
   <div class='ocr_carea' id='block_1_1' title="bbox 528 316 663 372">
    <p class='ocr_par' dir='ltr' id='par_1_1' title="bbox 528 316 663 372">
     <span class='ocr_line' id='line_1_1' title="bbox 528 316 663 372; baseline 0 0"><span class='ocrx_word' id='word_1_1' title='bbox 528 316 663 372; x_wconf 75' lang='lat'><strong>“5!</strong></span> 
     </span>
    </p>
   </div>
   <div class='ocr_carea' id='block_1_2' title="bbox 1716 315 2678 374">
    <p class='ocr_par' dir='ltr' id='par_1_2' title="bbox 1716 315 2678 374">
     <span class='ocr_line' id='line_1_2' title="bbox 1716 315 2678 374; baseline 0.001 -2"><span class='ocrx_word' id='word_1_2' title='bbox 1716 317 1855 372; x_wconf 81' lang='grc' dir='ltr'><strong>ΤΙἸῚ</strong></span> <span class='ocrx_word' id='word_1_3' title='bbox 1894 315 2327 374; x_wconf 60' lang='grc' dir='ltr'>Βοετιιειιειε</span> <span class='ocrx_word' id='word_1_4' title='bbox 2364 316 2678 373; x_wconf 68' lang='grc' dir='ltr'>ιιιιιειςορι</span> 
     </span>
    </p>
   </div>
   <div class='ocr_carea' id='block_1_3' title="bbox 3666 313 3808 369">
    <p class='ocr_par' dir='ltr' id='par_1_3' title="bbox 3666 313 3808 369">
     <span class='ocr_line' id='line_1_3' title="bbox 3666 313 3808 369; baseline -0.014 0"><span class='ocrx_word' id='word_1_5' title='bbox 3666 313 3808 369; x_wconf 69' lang='lat' dir='ltr'><strong>Hb!</strong></span> 
     </span>
    </p>
   </div>
   <div class='ocr_carea' id='block_1_4' title="bbox 599 424 2113 505">
    <p class='ocr_par' dir='ltr' id='par_1_4' title="bbox 599 431 2109 505">
     <span class='ocr_line' id='line_1_4' title="bbox 599 431 2109 505; baseline -0.001 -15"><span class='ocrx_word' id='word_1_6' title='bbox 599 431 710 489; x_wconf 81' lang='lat' dir='ltr'><strong>Sed</strong></span> <span class='ocrx_word' id='word_1_7' title='bbox 732 432 878 489; x_wconf 91' lang='lat' dir='ltr'><strong>dicet</strong></span> <span class='ocrx_word' id='word_1_8' title='bbox 905 434 1128 503; x_wconf 86' lang='lat' dir='ltr'><strong>aliquis,</strong></span> <span class='ocrx_word' id='word_1_9' title='bbox 1161 433 1338 503; x_wconf 91' lang='lat' dir='ltr'><strong>magis</strong></span> <span class='ocrx_word' id='word_1_10' title='bbox 1376 441 1727 505; x_wconf 79' lang='lat' dir='ltr'><strong>torqueretur</strong></span> <span class='ocrx_word' id='word_1_11' title='bbox 1769 434 2109 490; x_wconf 72' lang='lat' dir='ltr'><strong>conscientia</strong></span> 
     </span>
    </p>
   </div>
   <div class='ocr_carea' id='block_1_5' title="bbox 2215 424 3798 505">
    <p class='ocr_par' dir='ltr' id='par_1_5' title="bbox 2278 424 3798 503">
     <span class='ocr_line' id='line_1_5' title="bbox 2278 424 3798 503; baseline -0.007 -16"><span class='ocrx_word' id='word_1_12' title='bbox 2278 432 2418 503; x_wconf 69' lang='grc' dir='ltr'>Φαίη</span> <span class='ocrx_word' id='word_1_13' title='bbox 2443 432 2490 486; x_wconf 75' lang='grc' dir='ltr'>δ’</span> <span class='ocrx_word' id='word_1_14' title='bbox 2534 431 2603 487; x_wconf 83' lang='grc' dir='ltr'>ἀν</span> <span class='ocrx_word' id='word_1_15' title='bbox 2631 448 2739 495; x_wconf 89' lang='grc' dir='ltr'>τις,</span> <span class='ocrx_word' id='word_1_16' title='bbox 2776 430 2854 494; x_wconf 81' lang='grc' dir='ltr'>ὡς</span> <span class='ocrx_word' id='word_1_17' title='bbox 2887 428 3048 484; x_wconf 85' lang='grc' dir='ltr'>πλέον</span> <span class='ocrx_word' id='word_1_18' title='bbox 3072 426 3138 483; x_wconf 79' lang='grc' dir='ltr'>ἂν</span> <span class='ocrx_word' id='word_1_19' title='bbox 3179 425 3509 498; x_wconf 85' lang='grc' dir='ltr'>ἐϐασανίσθη</span> <span class='ocrx_word' id='word_1_20' title='bbox 3550 424 3671 480; x_wconf 80' lang='grc' dir='ltr'>τῶν</span> <span class='ocrx_word' id='word_1_21' title='bbox 3708 425 3798 479; x_wconf 70' lang='grc' dir='ltr'>ἀνι</span> 
     </span>
    </p>
   </div>
   <div class='ocr_carea' id='block_1_6' title="bbox 530 524 2109 597">
    <p class='ocr_par' dir='ltr' id='par_1_6' title="bbox 530 524 2109 597">
     <span class='ocr_line' id='line_1_6' title="bbox 530 524 2109 597; baseline 0.001 -17"><span class='ocrx_word' id='word_1_22' title='bbox 530 525 832 591; x_wconf 87' lang='lat' dir='ltr'><strong>hominum,</strong></span> <span class='ocrx_word' id='word_1_23' title='bbox 851 525 900 581; x_wconf 87' lang='lat' dir='ltr'><strong>si</strong></span> <span class='ocrx_word' id='word_1_24' title='bbox 912 524 1099 581; x_wconf 89' lang='lat' dir='ltr'><strong>nullus</strong></span> <span class='ocrx_word' id='word_1_25' title='bbox 1113 525 1395 582; x_wconf 86' lang='lat' dir='ltr'><strong>maleﬁcus</strong></span> <span class='ocrx_word' id='word_1_26' title='bbox 1411 525 1789 597; x_wconf 86' lang='lat' dir='ltr'><strong>deprehensus</strong></span> <span class='ocrx_word' id='word_1_27' title='bbox 1804 525 2109 597; x_wconf 74' lang='lat' dir='ltr'><strong>puniretur:</strong></span> 
     </span>
    </p>
   </div>
   <div class='ocr_carea' id='block_1_7' title="bbox 528 614 2109 687">
    <p class='ocr_par' dir='ltr' id='par_1_7' title="bbox 528 614 2109 687">
     <span class='ocr_line' id='line_1_7' title="bbox 528 614 2109 687; baseline -0.001 -16"><span class='ocrx_word' id='word_1_28' title='bbox 528 625 722 672; x_wconf 84' lang='lat' dir='ltr'><strong>contra</strong></span> <span class='ocrx_word' id='word_1_29' title='bbox 750 630 876 671; x_wconf 89' lang='lat' dir='ltr'><strong>vero</strong></span> <span class='ocrx_word' id='word_1_30' title='bbox 896 617 1080 671; x_wconf 90' lang='lat' dir='ltr'><strong>evenit</strong></span> <span class='ocrx_word' id='word_1_31' title='bbox 1105 622 1166 670; x_wconf 94' lang='lat' dir='ltr'><strong>ut</strong></span> <span class='ocrx_word' id='word_1_32' title='bbox 1204 616 1365 687; x_wconf 86' lang='lat' dir='ltr'><strong>plane</strong></span> <span class='ocrx_word' id='word_1_33' title='bbox 1395 617 1468 673; x_wconf 86' lang='lat' dir='ltr'><strong>sit</strong></span> <span class='ocrx_word' id='word_1_34' title='bbox 1499 616 1738 673; x_wconf 83' lang='lat' dir='ltr'><strong>hortatio</strong></span> <span class='ocrx_word' id='word_1_35' title='bbox 1773 616 2021 686; x_wconf 63' lang='lat' dir='ltr'><strong>quadarn</strong></span> <span class='ocrx_word' id='word_1_36' title='bbox 2043 614 2109 670; x_wconf 90' lang='lat' dir='ltr'><strong>ad</strong></span> 
     </span>
    </p>
   </div>
   <div class='ocr_carea' id='block_1_8' title="bbox 528 705 2113 778">
    <p class='ocr_par' dir='ltr' id='par_1_8' title="bbox 528 705 2113 778">
     <span class='ocr_line' id='line_1_8' title="bbox 528 705 2113 778; baseline -0.001 -15"><span class='ocrx_word' id='word_1_37' title='bbox 528 707 855 764; x_wconf 88' lang='lat' dir='ltr'><strong>maleﬁcium</strong></span> <span class='ocrx_word' id='word_1_38' title='bbox 875 706 1211 771; x_wconf 79' lang='lat' dir='ltr'><strong>faciendum,</strong></span> <span class='ocrx_word' id='word_1_39' title='bbox 1230 707 1498 778; x_wconf 84' lang='lat' dir='ltr'><strong>quosdam</strong></span> <span class='ocrx_word' id='word_1_40' title='bbox 1518 705 1797 763; x_wconf 86' lang='lat' dir='ltr'><strong>maleﬁcos</strong></span> <span class='ocrx_word' id='word_1_41' title='bbox 1819 705 2113 777; x_wconf 84' lang='lat' dir='ltr'><strong>aliquando</strong></span> 
     </span>
    </p>
   </div>
   <div class='ocr_carea' id='block_1_9' title="bbox 528 797 2115 870">
    <p class='ocr_par' dir='ltr' id='par_1_9' title="bbox 528 797 2115 870">
     <span class='ocr_line' id='line_1_9' title="bbox 528 797 2115 870; baseline -0.003 -14"><span class='ocrx_word' id='word_1_42' title='bbox 528 814 642 856; x_wconf 77' lang='lat' dir='ltr'><strong>non</strong></span> <span class='ocrx_word' id='word_1_43' title='bbox 668 797 1061 870; x_wconf 84' lang='lat' dir='ltr'><strong>comprehendi</strong></span> <span class='ocrx_word' id='word_1_44' title='bbox 1089 814 1120 853; x_wconf 89' lang='lat' dir='ltr'><strong>a</strong></span> <span class='ocrx_word' id='word_1_45' title='bbox 1153 799 1367 870; x_wconf 76' lang='lat' dir='ltr'><strong>legibus</strong></span> <span class='ocrx_word' id='word_1_46' title='bbox 1392 815 1409 854; x_wconf 91' lang='lat'><strong>:</strong></span> <span class='ocrx_word' id='word_1_47' title='bbox 1442 798 1587 854; x_wconf 89' lang='lat' dir='ltr'><strong>unde</strong></span> <span class='ocrx_word' id='word_1_48' title='bbox 1615 805 1907 869; x_wconf 88' lang='lat' dir='ltr'><strong>utrumque</strong></span> <span class='ocrx_word' id='word_1_49' title='bbox 1928 811 2115 853; x_wconf 87' lang='lat' dir='ltr'><strong>neces-</strong></span> 
     </span>
    </p>
   </div>
   <div class='ocr_carea' id='block_1_10' title="bbox 531 888 2114 960">
    <p class='ocr_par' dir='ltr' id='par_1_10' title="bbox 531 888 2114 960">
     <span class='ocr_line' id='line_1_10' title="bbox 531 888 2114 960; baseline -0.002 -14"><span class='ocrx_word' id='word_1_50' title='bbox 531 890 739 946; x_wconf 86' lang='lat' dir='ltr'><strong>sarium</strong></span> <span class='ocrx_word' id='word_1_51' title='bbox 776 896 884 954; x_wconf 88' lang='lat' dir='ltr'><strong>est,</strong></span> <span class='ocrx_word' id='word_1_52' title='bbox 943 899 1001 947; x_wconf 92' lang='lat' dir='ltr'><strong>et</strong></span> <span class='ocrx_word' id='word_1_53' title='bbox 1055 890 1300 946; x_wconf 87' lang='lat' dir='ltr'><strong>incidere</strong></span> <span class='ocrx_word' id='word_1_54' title='bbox 1344 888 1654 945; x_wconf 87' lang='lat' dir='ltr'><strong>maleﬁcum</strong></span> <span class='ocrx_word' id='word_1_55' title='bbox 1718 889 1776 943; x_wconf 91' lang='lat' dir='ltr'><strong>in</strong></span> <span class='ocrx_word' id='word_1_56' title='bbox 1827 889 1996 960; x_wconf 92' lang='lat' dir='ltr'><strong>leges,</strong></span> <span class='ocrx_word' id='word_1_57' title='bbox 2046 902 2114 944; x_wconf 88' lang='lat' dir='ltr'><strong>ac</strong></span> 
     </span>
    </p>
   </div>
   <div class='ocr_carea' id='block_1_11' title="bbox 528 978 2116 1052">
    <p class='ocr_par' dir='ltr' id='par_1_11' title="bbox 528 978 2116 1052">
     <span class='ocr_line' id='line_1_11' title="bbox 528 978 2116 1052; baseline -0.001 -16"><span class='ocrx_word' id='word_1_58' title='bbox 528 980 917 1052; x_wconf 83' lang='lat' dir='ltr'><strong>comprehendi</strong></span> <span class='ocrx_word' id='word_1_59' title='bbox 945 981 1015 1037; x_wconf 84' lang='lat' dir='ltr'><strong>ad</strong></span> <span class='ocrx_word' id='word_1_60' title='bbox 1036 981 1343 1052; x_wconf 81' lang='lat' dir='ltr'><strong>exemplum</strong></span> <span class='ocrx_word' id='word_1_61' title='bbox 1366 980 1578 1036; x_wconf 82' lang='lat' dir='ltr'><strong>vitandi</strong></span> <span class='ocrx_word' id='word_1_62' title='bbox 1609 980 1862 1037; x_wconf 87' lang='lat' dir='ltr'><strong>maleﬁcii</strong></span> <span class='ocrx_word' id='word_1_63' title='bbox 1889 998 1906 1048; x_wconf 84' lang='lat'><strong>;</strong></span> <span class='ocrx_word' id='word_1_64' title='bbox 1935 987 1992 1037; x_wconf 89' lang='lat' dir='ltr'><strong>et</strong></span> <span class='ocrx_word' id='word_1_65' title='bbox 2019 978 2116 1035; x_wconf 59' lang='lat' dir='ltr'><strong>cf-</strong></span> 
     </span>
    </p>
   </div>
   <div class='ocr_carea' id='block_1_12' title="bbox 531 1072 2116 1145">
    <p class='ocr_par' dir='ltr' id='par_1_12' title="bbox 531 1072 2116 1145">
     <span class='ocr_line' id='line_1_12' title="bbox 531 1072 2116 1145; baseline -0.001 -17"><span class='ocrx_word' id='word_1_66' title='bbox 531 1073 719 1144; x_wconf 80' lang='lat' dir='ltr'><strong>fugere</strong></span> <span class='ocrx_word' id='word_1_67' title='bbox 761 1081 1101 1130; x_wconf 87' lang='lat' dir='ltr'><strong>tormentum</strong></span> <span class='ocrx_word' id='word_1_68' title='bbox 1137 1080 1193 1129; x_wconf 91' lang='lat' dir='ltr'><strong>et</strong></span> <span class='ocrx_word' id='word_1_69' title='bbox 1219 1072 1530 1129; x_wconf 88' lang='lat' dir='ltr'><strong>cruciatum</strong></span> <span class='ocrx_word' id='word_1_70' title='bbox 1578 1073 1947 1145; x_wconf 77' lang='lat' dir='ltr'><strong>cogitationis.</strong></span> <span class='ocrx_word' id='word_1_71' title='bbox 2005 1073 2116 1129; x_wconf 73' lang='lat' dir='ltr'><strong>Ho-</strong></span> 
     </span>
    </p>
   </div>
   <div class='ocr_carea' id='block_1_13' title="bbox 525 1167 2110 1240">
    <p class='ocr_par' dir='ltr' id='par_1_13' title="bbox 525 1167 2110 1240">
     <span class='ocr_line' id='line_1_13' title="bbox 525 1167 2110 1240; baseline 0.003 -17"><span class='ocrx_word' id='word_1_72' title='bbox 525 1167 669 1223; x_wconf 84' lang='lat' dir='ltr'><strong>mini</strong></span> <span class='ocrx_word' id='word_1_73' title='bbox 699 1169 845 1224; x_wconf 89' lang='lat' dir='ltr'><strong>enim</strong></span> <span class='ocrx_word' id='word_1_74' title='bbox 869 1167 938 1223; x_wconf 92' lang='lat' dir='ltr'><strong>ad</strong></span> <span class='ocrx_word' id='word_1_75' title='bbox 966 1167 1277 1240; x_wconf 85' lang='lat' dir='ltr'><strong>eligendum</strong></span> <span class='ocrx_word' id='word_1_76' title='bbox 1296 1168 1555 1224; x_wconf 83' lang='lat' dir='ltr'><strong>virtutem</strong></span> <span class='ocrx_word' id='word_1_77' title='bbox 1585 1177 1641 1224; x_wconf 90' lang='lat' dir='ltr'><strong>et</strong></span> <span class='ocrx_word' id='word_1_78' title='bbox 1676 1168 1869 1223; x_wconf 84' lang='lat' dir='ltr'><strong>vitium</strong></span> <span class='ocrx_word' id='word_1_79' title='bbox 1915 1167 2110 1228; x_wconf 78' lang='lat' dir='ltr'><strong>libero.</strong></span> 
     </span>
    </p>
   </div>
   <div class='ocr_carea' id='block_1_14' title="bbox 529 1261 2115 1334">
    <p class='ocr_par' dir='ltr' id='par_1_14' title="bbox 529 1261 2115 1334">
     <span class='ocr_line' id='line_1_14' title="bbox 529 1261 2115 1334; baseline -0.001 -16"><span class='ocrx_word' id='word_1_80' title='bbox 529 1261 612 1319; x_wconf 87' lang='lat' dir='ltr'><strong>sic</strong></span> <span class='ocrx_word' id='word_1_81' title='bbox 646 1261 790 1318; x_wconf 77' lang='lat' dir='ltr'><strong>facto</strong></span> <span class='ocrx_word' id='word_1_82' title='bbox 829 1277 861 1317; x_wconf 91' lang='lat' dir='ltr'><strong>a</strong></span> <span class='ocrx_word' id='word_1_83' title='bbox 912 1261 1047 1325; x_wconf 88' lang='lat' dir='ltr'><strong>Deo,</strong></span> <span class='ocrx_word' id='word_1_84' title='bbox 1095 1261 1233 1319; x_wconf 81' lang='lat' dir='ltr'><strong>foris</strong></span> <span class='ocrx_word' id='word_1_85' title='bbox 1269 1262 1522 1327; x_wconf 87' lang='lat' dir='ltr'><strong>accedit,</strong></span> <span class='ocrx_word' id='word_1_86' title='bbox 1576 1272 1639 1318; x_wconf 94' lang='lat' dir='ltr'><strong>ut</strong></span> <span class='ocrx_word' id='word_1_87' title='bbox 1681 1263 1920 1334; x_wconf 87' lang='lat' dir='ltr'><strong>quodam</strong></span> <span class='ocrx_word' id='word_1_88' title='bbox 1952 1261 2115 1318; x_wconf 91' lang='lat' dir='ltr'><strong>modo</strong></span> 
     </span>
    </p>
   </div>
   <div class='ocr_carea' id='block_1_15' title="bbox 530 1356 2115 1429">
    <p class='ocr_par' dir='ltr' id='par_1_15' title="bbox 530 1356 2115 1429">
     <span class='ocr_line' id='line_1_15' title="bbox 530 1356 2115 1429; baseline -0.002 -17"><span class='ocrx_word' id='word_1_89' title='bbox 530 1373 687 1416; x_wconf 85' lang='lat' dir='ltr'><strong>mens</strong></span> <span class='ocrx_word' id='word_1_90' title='bbox 714 1358 837 1429; x_wconf 89' lang='lat' dir='ltr'><strong>ejus</strong></span> <span class='ocrx_word' id='word_1_91' title='bbox 862 1358 1171 1429; x_wconf 82' lang='lat' dir='ltr'><strong>adjuvetur,</strong></span> <span class='ocrx_word' id='word_1_92' title='bbox 1222 1366 1279 1413; x_wconf 89' lang='lat' dir='ltr'><strong>et</strong></span> <span class='ocrx_word' id='word_1_93' title='bbox 1308 1359 1471 1428; x_wconf 90' lang='lat' dir='ltr'><strong>quasi</strong></span> <span class='ocrx_word' id='word_1_94' title='bbox 1517 1356 1777 1412; x_wconf 80' lang='lat' dir='ltr'><strong>fulciatur</strong></span> <span class='ocrx_word' id='word_1_95' title='bbox 1817 1356 2015 1411; x_wconf 88' lang='lat' dir='ltr'><strong>timore</strong></span> <span class='ocrx_word' id='word_1_96' title='bbox 2057 1361 2115 1409; x_wconf 86' lang='lat' dir='ltr'><strong>et</strong></span> 
     </span>
    </p>
   </div>
   <div class='ocr_carea' id='block_1_16' title="bbox 488 1444 2116 1515">
    <p class='ocr_par' dir='ltr' id='par_1_16' title="bbox 488 1444 2116 1515">
     <span class='ocr_line' id='line_1_16' title="bbox 488 1444 2116 1515; baseline -0.005 -7"><span class='ocrx_word' id='word_1_97' title='bbox 488 1452 491 1455; x_wconf 67' lang='grc'><strong><em>⁷</em></strong></span> <span class='ocrx_word' id='word_1_98' title='bbox 528 1451 817 1507; x_wconf 85' lang='lat' dir='ltr'><strong>vacatione</strong></span> <span class='ocrx_word' id='word_1_99' title='bbox 853 1450 1095 1515; x_wconf 88' lang='lat' dir='ltr'><strong>timoris,</strong></span> <span class='ocrx_word' id='word_1_100' title='bbox 1142 1449 1548 1505; x_wconf 83' lang='lat' dir='ltr'><strong>hortationibus</strong></span> <span class='ocrx_word' id='word_1_101' title='bbox 1619 1456 1675 1505; x_wconf 91' lang='lat' dir='ltr'><strong>et</strong></span> <span class='ocrx_word' id='word_1_102' title='bbox 1715 1444 2116 1502; x_wconf 88' lang='lat' dir='ltr'><strong>dehortationi-</strong></span> 
     </span>
    </p>
   </div>
   <div class='ocr_carea' id='block_1_17' title="bbox 528 1537 2114 1611">
    <p class='ocr_par' dir='ltr' id='par_1_17' title="bbox 528 1537 2114 1611">
     <span class='ocr_line' id='line_1_17' title="bbox 528 1537 2114 1611; baseline -0.004 -12"><span class='ocrx_word' id='word_1_103' title='bbox 528 1544 658 1609; x_wconf 83' lang='lat' dir='ltr'><strong>bus,</strong></span> <span class='ocrx_word' id='word_1_104' title='bbox 691 1543 886 1598; x_wconf 91' lang='lat' dir='ltr'><strong>morbo</strong></span> <span class='ocrx_word' id='word_1_105' title='bbox 914 1548 971 1597; x_wconf 92' lang='lat' dir='ltr'><strong>et</strong></span> <span class='ocrx_word' id='word_1_106' title='bbox 1002 1540 1256 1607; x_wconf 86' lang='lat' dir='ltr'><strong>sanitate,</strong></span> <span class='ocrx_word' id='word_1_107' title='bbox 1283 1547 1609 1611; x_wconf 85' lang='lat' dir='ltr'><strong>paupertate</strong></span> <span class='ocrx_word' id='word_1_108' title='bbox 1651 1546 1709 1594; x_wconf 90' lang='lat' dir='ltr'><strong>et</strong></span> <span class='ocrx_word' id='word_1_109' title='bbox 1739 1538 1938 1608; x_wconf 84' lang='lat' dir='ltr'><strong>opibus</strong></span> <span class='ocrx_word' id='word_1_110' title='bbox 1965 1554 1981 1604; x_wconf 89' lang='lat'><strong>;</strong></span> <span class='ocrx_word' id='word_1_111' title='bbox 2016 1537 2114 1593; x_wconf 86' lang='lat' dir='ltr'><strong>de-</strong></span> 
     </span>
    </p>
   </div>
   <div class='ocr_carea' id='block_1_18' title="bbox 528 1628 2117 1706">
    <p class='ocr_par' dir='ltr' id='par_1_18' title="bbox 528 1628 2117 1706">
     <span class='ocr_line' id='line_1_18' title="bbox 528 1628 2117 1706; baseline -0.005 -16"><span class='ocrx_word' id='word_1_112' title='bbox 528 1636 700 1706; x_wconf 85' lang='lat' dir='ltr'><strong>nique</strong></span> <span class='ocrx_word' id='word_1_113' title='bbox 736 1634 922 1689; x_wconf 90' lang='lat' dir='ltr'><strong>omnia</strong></span> <span class='ocrx_word' id='word_1_114' title='bbox 948 1648 1072 1704; x_wconf 68' lang='lat' dir='ltr'><strong>quae</strong></span> <span class='ocrx_word' id='word_1_115' title='bbox 1091 1633 1367 1688; x_wconf 88' lang='lat' dir='ltr'><strong>contraria</strong></span> <span class='ocrx_word' id='word_1_116' title='bbox 1411 1634 1553 1686; x_wconf 90' lang='lat' dir='ltr'><strong>inter</strong></span> <span class='ocrx_word' id='word_1_117' title='bbox 1575 1645 1637 1687; x_wconf 90' lang='lat' dir='ltr'><strong>se</strong></span> <span class='ocrx_word' id='word_1_118' title='bbox 1667 1628 1942 1693; x_wconf 87' lang='lat' dir='ltr'><strong>videntur,</strong></span> <span class='ocrx_word' id='word_1_119' title='bbox 1983 1642 2117 1683; x_wconf 83' lang='lat' dir='ltr'><strong>con-</strong></span> 
     </span>
    </p>
   </div>
   <div class='ocr_carea' id='block_1_19' title="bbox 528 1723 2112 1792">
    <p class='ocr_par' dir='ltr' id='par_1_19' title="bbox 528 1723 2112 1792">
     <span class='ocr_line' id='line_1_19' title="bbox 528 1723 2112 1792; baseline -0.006 -9"><span class='ocrx_word' id='word_1_120' title='bbox 528 1742 670 1783; x_wconf 87' lang='lat' dir='ltr'><strong>sone</strong></span> <span class='ocrx_word' id='word_1_121' title='bbox 690 1742 755 1781; x_wconf 90' lang='lat' dir='ltr'><strong>ac</strong></span> <span class='ocrx_word' id='word_1_122' title='bbox 787 1724 1182 1782; x_wconf 87' lang='lat' dir='ltr'><strong>convenienter</strong></span> <span class='ocrx_word' id='word_1_123' title='bbox 1214 1724 1270 1778; x_wconf 92' lang='lat' dir='ltr'><strong>in</strong></span> <span class='ocrx_word' id='word_1_124' title='bbox 1304 1738 1477 1779; x_wconf 89' lang='lat' dir='ltr'><strong>unum</strong></span> <span class='ocrx_word' id='word_1_125' title='bbox 1502 1723 1734 1778; x_wconf 91' lang='lat' dir='ltr'><strong>tendunt</strong></span> <span class='ocrx_word' id='word_1_126' title='bbox 1759 1728 1815 1777; x_wconf 92' lang='lat' dir='ltr'><strong>et</strong></span> <span class='ocrx_word' id='word_1_127' title='bbox 1843 1726 2112 1792; x_wconf 82' lang='lat' dir='ltr'><strong>spectant,</strong></span> 
     </span>
    </p>
   </div>
   <div class='ocr_carea' id='block_1_20' title="bbox 2214 517 3809 599">
    <p class='ocr_par' dir='ltr' id='par_1_20' title="bbox 2214 517 3809 599">
     <span class='ocr_line' id='line_1_20' title="bbox 2214 517 3809 599; baseline -0.008 -18"><span class='ocrx_word' id='word_1_128' title='bbox 2214 526 2448 599; x_wconf 81' lang='grc' dir='ltr'>θρὼπων</span> <span class='ocrx_word' id='word_1_129' title='bbox 2468 526 2502 597; x_wconf 83' lang='grc' dir='ltr'><strong>ἡ</strong></span> <span class='ocrx_word' id='word_1_130' title='bbox 2523 523 2802 596; x_wconf 83' lang='grc' dir='ltr'><strong>πρόθεσις,</strong></span> <span class='ocrx_word' id='word_1_131' title='bbox 2824 524 2874 576; x_wconf 80' lang='grc' dir='ltr'><strong>εί</strong></span> <span class='ocrx_word' id='word_1_132' title='bbox 2901 520 3087 594; x_wconf 80' lang='grc' dir='ltr'>μηδεὶς</span> <span class='ocrx_word' id='word_1_133' title='bbox 3112 518 3416 591; x_wconf 85' lang='grc' dir='ltr'>κακοῦργος</span> <span class='ocrx_word' id='word_1_134' title='bbox 3440 517 3809 588; x_wconf 75' lang='grc' dir='ltr'><strong>ἐλεγχόμενος</strong></span> 
     </span>
    </p>
   </div>
   <div class='ocr_carea' id='block_1_21' title="bbox 2213 607 3806 691">
    <p class='ocr_par' dir='ltr' id='par_1_21' title="bbox 2213 607 3806 691">
     <span class='ocr_line' id='line_1_21' title="bbox 2213 607 3806 691; baseline -0.008 -17"><span class='ocrx_word' id='word_1_135' title='bbox 2213 622 2534 691; x_wconf 85' lang='grc' dir='ltr'>ἐτιμωρεῖτο</span> <span class='ocrx_word' id='word_1_136' title='bbox 2549 635 2563 648; x_wconf 96' lang='grc'><strong>·</strong></span> <span class='ocrx_word' id='word_1_137' title='bbox 2596 618 2786 686; x_wconf 80' lang='grc' dir='ltr'>γέγονε</span> <span class='ocrx_word' id='word_1_138' title='bbox 2821 617 2879 671; x_wconf 84' lang='grc' dir='ltr'>δὲ</span> <span class='ocrx_word' id='word_1_139' title='bbox 2904 613 3210 669; x_wconf 84' lang='grc' dir='ltr'>τούναντίον</span> <span class='ocrx_word' id='word_1_140' title='bbox 3230 613 3493 681; x_wconf 79' lang='grc' dir='ltr'>ἄντικρυς</span> <span class='ocrx_word' id='word_1_141' title='bbox 3512 607 3806 685; x_wconf 78' lang='grc' dir='ltr'>προτροπὴ</span> 
     </span>
    </p>
   </div>
   <div class='ocr_carea' id='block_1_22' title="bbox 2213 703 3806 782">
    <p class='ocr_par' dir='ltr' id='par_1_22' title="bbox 2213 703 3806 782">
     <span class='ocr_line' id='line_1_22' title="bbox 2213 703 3806 782; baseline -0.005 -19"><span class='ocrx_word' id='word_1_142' title='bbox 2213 710 2307 763; x_wconf 87' lang='grc' dir='ltr'><strong>τοῦ</strong></span> <span class='ocrx_word' id='word_1_143' title='bbox 2340 713 2711 782; x_wconf 85' lang='grc' dir='ltr'>κακοπραγεῖν</span> <span class='ocrx_word' id='word_1_144' title='bbox 2739 708 2803 762; x_wconf 84' lang='grc' dir='ltr'><strong>τὸ</strong></span> <span class='ocrx_word' id='word_1_145' title='bbox 2835 708 2910 780; x_wconf 81' lang='grc' dir='ltr'>μὴ</span> <span class='ocrx_word' id='word_1_146' title='bbox 2953 705 3465 777; x_wconf 86' lang='grc' dir='ltr'>καταλαμϐάνεσθαί</span> <span class='ocrx_word' id='word_1_147' title='bbox 3496 720 3637 757; x_wconf 85' lang='grc' dir='ltr'>ποτε</span> <span class='ocrx_word' id='word_1_148' title='bbox 3666 703 3806 772; x_wconf 72' lang='grc' dir='ltr'>πρὸς</span> 
     </span>
    </p>
   </div>
   <div class='ocr_carea' id='block_1_23' title="bbox 2214 793 3805 881">
    <p class='ocr_par' dir='ltr' id='par_1_23' title="bbox 2214 793 3805 881">
     <span class='ocr_line' id='line_1_23' title="bbox 2214 793 3805 881; baseline -0.004 -26"><span class='ocrx_word' id='word_1_149' title='bbox 2214 802 2321 856; x_wconf 84' lang='grc' dir='ltr'>τῶν</span> <span class='ocrx_word' id='word_1_150' title='bbox 2344 801 2529 881; x_wconf 75' lang='grc' dir='ltr'>νόμων</span> <span class='ocrx_word' id='word_1_151' title='bbox 2561 801 2723 866; x_wconf 85' lang='grc' dir='ltr'>ἐνίοις</span> <span class='ocrx_word' id='word_1_152' title='bbox 2752 799 2863 854; x_wconf 79' lang='grc' dir='ltr'>τῶν</span> <span class='ocrx_word' id='word_1_153' title='bbox 2892 800 3185 871; x_wconf 79' lang='grc' dir='ltr'><strong>μετιόντων</strong></span> <span class='ocrx_word' id='word_1_154' title='bbox 3216 796 3285 851; x_wconf 85' lang='grc' dir='ltr'>τὰ</span> <span class='ocrx_word' id='word_1_155' title='bbox 3313 796 3490 851; x_wconf 87' lang='grc' dir='ltr'>κακά·</span> <span class='ocrx_word' id='word_1_156' title='bbox 3519 795 3652 850; x_wconf 85' lang='grc' dir='ltr'>ὅθεν</span> <span class='ocrx_word' id='word_1_157' title='bbox 3677 793 3805 849; x_wconf 78' lang='grc' dir='ltr'>ἐκά-</span> 
     </span>
    </p>
   </div>
   <div class='ocr_carea' id='block_1_24' title="bbox 2210 888 3810 967">
    <p class='ocr_par' dir='ltr' id='par_1_24' title="bbox 2210 888 3810 967">
     <span class='ocr_line' id='line_1_24' title="bbox 2210 888 3810 967; baseline -0.004 -19"><span class='ocrx_word' id='word_1_158' title='bbox 2210 912 2371 967; x_wconf 87' lang='grc' dir='ltr'>τερον</span> <span class='ocrx_word' id='word_1_159' title='bbox 2400 896 2713 965; x_wconf 83' lang='grc' dir='ltr'>ἀναγκαῖον,</span> <span class='ocrx_word' id='word_1_160' title='bbox 2738 894 2834 949; x_wconf 74' lang='grc' dir='ltr'><strong>καὶ</strong></span> <span class='ocrx_word' id='word_1_161' title='bbox 2855 893 2918 947; x_wconf 82' lang='grc' dir='ltr'>τὸ</span> <span class='ocrx_word' id='word_1_162' title='bbox 2939 891 3349 964; x_wconf 77' lang='grc' dir='ltr'><strong>παρεμπίπτειν</strong></span> <span class='ocrx_word' id='word_1_163' title='bbox 3368 890 3460 944; x_wconf 82' lang='grc' dir='ltr'>τὸν</span> <span class='ocrx_word' id='word_1_164' title='bbox 3482 888 3810 960; x_wconf 73' lang='grc' dir='ltr'><strong>κακοῦργον</strong></span> 
     </span>
    </p>
   </div>
   <div class='ocr_carea' id='block_1_25' title="bbox 2215 982 3812 1060">
    <p class='ocr_par' dir='ltr' id='par_1_25' title="bbox 2215 982 3812 1060">
     <span class='ocr_line' id='line_1_25' title="bbox 2215 982 3812 1060; baseline -0.005 -17"><span class='ocrx_word' id='word_1_165' title='bbox 2215 990 2296 1054; x_wconf 83' lang='grc' dir='ltr'><strong>είς</strong></span> <span class='ocrx_word' id='word_1_166' title='bbox 2325 988 2640 1060; x_wconf 80' lang='grc' dir='ltr'><strong>ἀνατροπῆς</strong></span> <span class='ocrx_word' id='word_1_167' title='bbox 2682 986 3007 1058; x_wconf 77' lang='grc' dir='ltr'>ὑπόδειγμα,</span> <span class='ocrx_word' id='word_1_168' title='bbox 3048 985 3145 1040; x_wconf 79' lang='grc' dir='ltr'><strong>καὶ</strong></span> <span class='ocrx_word' id='word_1_169' title='bbox 3200 984 3515 1053; x_wconf 80' lang='grc' dir='ltr'>διαφεύγειν</span> <span class='ocrx_word' id='word_1_170' title='bbox 3560 982 3812 1055; x_wconf 76' lang='grc' dir='ltr'>βάσανον</span> 
     </span>
    </p>
   </div>
   <div class='ocr_carea' id='block_1_26' title="bbox 2215 1076 3813 1154">
    <p class='ocr_par' dir='ltr' id='par_1_26' title="bbox 2215 1076 3813 1154">
     <span class='ocr_line' id='line_1_26' title="bbox 2215 1076 3813 1154; baseline -0.006 -17"><span class='ocrx_word' id='word_1_171' title='bbox 2215 1080 2502 1154; x_wconf 78' lang='grc' dir='ltr'><strong>λογισμοῦ.</strong></span> <span class='ocrx_word' id='word_1_172' title='bbox 2539 1079 2839 1153; x_wconf 85' lang='grc' dir='ltr'>Ἐλευθέρῳ</span> <span class='ocrx_word' id='word_1_173' title='bbox 2870 1080 2980 1151; x_wconf 84' lang='grc' dir='ltr'>γὰρ</span> <span class='ocrx_word' id='word_1_174' title='bbox 3005 1078 3086 1151; x_wconf 81' lang='grc' dir='ltr'>τῷ</span> <span class='ocrx_word' id='word_1_175' title='bbox 3120 1077 3392 1150; x_wconf 77' lang='grc' dir='ltr'><strong>ἀνθρώπῳ</strong></span> <span class='ocrx_word' id='word_1_176' title='bbox 3420 1076 3559 1149; x_wconf 74' lang='grc' dir='ltr'>πρὸς</span> <span class='ocrx_word' id='word_1_177' title='bbox 3580 1077 3813 1150; x_wconf 77' lang='grc' dir='ltr'>αἵρεσιν</span> 
     </span>
    </p>
   </div>
   <div class='ocr_carea' id='block_1_27' title="bbox 2216 1168 3811 1248">
    <p class='ocr_par' dir='ltr' id='par_1_27' title="bbox 2216 1168 3811 1248">
     <span class='ocr_line' id='line_1_27' title="bbox 2216 1168 3811 1248; baseline -0.005 -18"><span class='ocrx_word' id='word_1_178' title='bbox 2216 1174 2419 1248; x_wconf 80' lang='grc' dir='ltr'>ἀρετῆς</span> <span class='ocrx_word' id='word_1_179' title='bbox 2443 1175 2539 1230; x_wconf 82' lang='grc' dir='ltr'>καὶ</span> <span class='ocrx_word' id='word_1_180' title='bbox 2576 1173 2794 1238; x_wconf 79' lang='grc' dir='ltr'>κακίας,</span> <span class='ocrx_word' id='word_1_181' title='bbox 2832 1171 2977 1226; x_wconf 77' lang='grc' dir='ltr'>οὕτω</span> <span class='ocrx_word' id='word_1_182' title='bbox 3004 1171 3145 1244; x_wconf 82' lang='grc' dir='ltr'>πρὸς</span> <span class='ocrx_word' id='word_1_183' title='bbox 3175 1170 3312 1225; x_wconf 88' lang='grc' dir='ltr'>Θεοῦ</span> <span class='ocrx_word' id='word_1_184' title='bbox 3337 1170 3639 1241; x_wconf 87' lang='grc' dir='ltr'>γενομένῳ,</span> <span class='ocrx_word' id='word_1_185' title='bbox 3664 1168 3811 1234; x_wconf 70' lang='grc' dir='ltr'>ἐξω-</span> 
     </span>
    </p>
   </div>
   <div class='ocr_carea' id='block_1_28' title="bbox 2217 1261 3812 1339">
    <p class='ocr_par' dir='ltr' id='par_1_28' title="bbox 2217 1261 3812 1339">
     <span class='ocr_line' id='line_1_28' title="bbox 2217 1261 3812 1339; baseline -0.004 -18"><span class='ocrx_word' id='word_1_186' title='bbox 2217 1268 2310 1321; x_wconf 91' lang='grc' dir='ltr'><strong>θεν</strong></span> <span class='ocrx_word' id='word_1_187' title='bbox 2361 1265 2706 1339; x_wconf 79' lang='grc' dir='ltr'>προϋπάρχει</span> <span class='ocrx_word' id='word_1_188' title='bbox 2729 1282 2743 1296; x_wconf 86' lang='grc'><strong>·</strong></span> <span class='ocrx_word' id='word_1_189' title='bbox 2776 1265 2871 1319; x_wconf 78' lang='grc' dir='ltr'><strong>καὶ</strong></span> <span class='ocrx_word' id='word_1_190' title='bbox 2911 1265 2974 1318; x_wconf 86' lang='grc' dir='ltr'>τὸ</span> <span class='ocrx_word' id='word_1_191' title='bbox 3023 1262 3332 1334; x_wconf 81' lang='grc' dir='ltr'>βοηθεῖσθαι</span> <span class='ocrx_word' id='word_1_192' title='bbox 3372 1263 3466 1317; x_wconf 76' lang='grc' dir='ltr'><strong>καὶ</strong></span> <span class='ocrx_word' id='word_1_193' title='bbox 3494 1261 3812 1333; x_wconf 77' lang='grc' dir='ltr'>ἐρείδεσθαι</span> 
     </span>
    </p>
   </div>
   <div class='ocr_carea' id='block_1_29' title="bbox 2213 1352 3807 1435">
    <p class='ocr_par' dir='ltr' id='par_1_29' title="bbox 2213 1352 3807 1435">
     <span class='ocr_line' id='line_1_29' title="bbox 2213 1352 3807 1435; baseline -0.003 -21"><span class='ocrx_word' id='word_1_194' title='bbox 2213 1360 2417 1435; x_wconf 77' lang='grc' dir='ltr'>τρόπον</span> <span class='ocrx_word' id='word_1_195' title='bbox 2439 1359 2564 1414; x_wconf 88' lang='grc' dir='ltr'><strong>τινά</strong></span> <span class='ocrx_word' id='word_1_196' title='bbox 2585 1361 2684 1432; x_wconf 78' lang='grc' dir='ltr'>τὴν</span> <span class='ocrx_word' id='word_1_197' title='bbox 2707 1358 2963 1422; x_wconf 83' lang='grc' dir='ltr'>διάνοιαν,</span> <span class='ocrx_word' id='word_1_198' title='bbox 2989 1352 3102 1411; x_wconf 72' lang='grc' dir='ltr'>οἷον</span> <span class='ocrx_word' id='word_1_199' title='bbox 3124 1356 3216 1411; x_wconf 90' lang='grc' dir='ltr'><strong>διά</strong></span> <span class='ocrx_word' id='word_1_200' title='bbox 3236 1356 3404 1427; x_wconf 88' lang='grc' dir='ltr'>φόϐου</span> <span class='ocrx_word' id='word_1_201' title='bbox 3423 1357 3517 1411; x_wconf 70' lang='grc' dir='ltr'>καὶ</span> <span class='ocrx_word' id='word_1_202' title='bbox 3540 1354 3807 1425; x_wconf 80' lang='grc' dir='ltr'>ἀφοϐίας,</span> 
     </span>
    </p>
   </div>
   <div class='ocr_carea' id='block_1_30' title="bbox 2217 1450 3805 1526">
    <p class='ocr_par' dir='ltr' id='par_1_30' title="bbox 2217 1450 3805 1526">
     <span class='ocr_line' id='line_1_30' title="bbox 2217 1450 3805 1526; baseline -0.004 -19"><span class='ocrx_word' id='word_1_203' title='bbox 2217 1450 2540 1524; x_wconf 84' lang='grc' dir='ltr'>προτροπῶν</span> <span class='ocrx_word' id='word_1_204' title='bbox 2567 1467 2626 1505; x_wconf 90' lang='grc' dir='ltr'><strong>τε</strong></span> <span class='ocrx_word' id='word_1_205' title='bbox 2657 1450 2753 1504; x_wconf 76' lang='grc' dir='ltr'>καὶ</span> <span class='ocrx_word' id='word_1_206' title='bbox 2784 1450 3132 1526; x_wconf 81' lang='grc' dir='ltr'>ἀποτροπῶν,</span> <span class='ocrx_word' id='word_1_207' title='bbox 3173 1450 3329 1504; x_wconf 88' lang='grc' dir='ltr'>νόσου</span> <span class='ocrx_word' id='word_1_208' title='bbox 3355 1467 3417 1504; x_wconf 92' lang='grc' dir='ltr'><strong>τε</strong></span> <span class='ocrx_word' id='word_1_209' title='bbox 3450 1450 3548 1504; x_wconf 76' lang='grc' dir='ltr'>καὶ</span> <span class='ocrx_word' id='word_1_210' title='bbox 3582 1450 3805 1517; x_wconf 80' lang='grc' dir='ltr'>ὑγείας.</span> 
     </span>
    </p>
   </div>
   <div class='ocr_carea' id='block_1_31' title="bbox 2216 1541 3808 1609">
    <p class='ocr_par' dir='ltr' id='par_1_31' title="bbox 2216 1541 3808 1609">
     <span class='ocr_line' id='line_1_31' title="bbox 2216 1541 3808 1609; baseline -0.003 -8"><span class='ocrx_word' id='word_1_211' title='bbox 2216 1544 2410 1609; x_wconf 79' lang='grc' dir='ltr'>πενίας</span> <span class='ocrx_word' id='word_1_212' title='bbox 2454 1560 2515 1598; x_wconf 90' lang='grc' dir='ltr'><strong>τε</strong></span> <span class='ocrx_word' id='word_1_213' title='bbox 2548 1544 2643 1598; x_wconf 69' lang='grc' dir='ltr'>καὶ</span> <span class='ocrx_word' id='word_1_214' title='bbox 2690 1542 2943 1605; x_wconf 83' lang='grc' dir='ltr'>πλούτου,</span> <span class='ocrx_word' id='word_1_215' title='bbox 2974 1544 3069 1598; x_wconf 80' lang='grc' dir='ltr'><strong>καὶ</strong></span> <span class='ocrx_word' id='word_1_216' title='bbox 3113 1543 3292 1598; x_wconf 81' lang='grc' dir='ltr'>πάντα</span> <span class='ocrx_word' id='word_1_217' title='bbox 3333 1543 3405 1598; x_wconf 85' lang='grc' dir='ltr'>τὰ</span> <span class='ocrx_word' id='word_1_218' title='bbox 3457 1541 3808 1597; x_wconf 79' lang='grc' dir='ltr'>ἀντικεῖσθαι</span> 
     </span>
    </p>
   </div>
   <div class='ocr_carea' id='block_1_32' title="bbox 2214 1634 3809 1710">
    <p class='ocr_par' dir='ltr' id='par_1_32' title="bbox 2214 1634 3809 1710">
     <span class='ocr_line' id='line_1_32' title="bbox 2214 1634 3809 1710; baseline -0.002 -18"><span class='ocrx_word' id='word_1_219' title='bbox 2214 1636 2466 1710; x_wconf 87' lang='grc' dir='ltr'>ἀλλήλοις</span> <span class='ocrx_word' id='word_1_220' title='bbox 2486 1635 2770 1701; x_wconf 82' lang='grc' dir='ltr'>δοκοῦντα,</span> <span class='ocrx_word' id='word_1_221' title='bbox 2799 1634 3105 1707; x_wconf 80' lang='grc' dir='ltr'>συμφώνως</span> <span class='ocrx_word' id='word_1_222' title='bbox 3140 1635 3275 1706; x_wconf 83' lang='grc' dir='ltr'>πρὸς</span> <span class='ocrx_word' id='word_1_223' title='bbox 3313 1634 3374 1689; x_wconf 81' lang='grc' dir='ltr'><strong>ἐν</strong></span> <span class='ocrx_word' id='word_1_224' title='bbox 3404 1636 3594 1699; x_wconf 87' lang='grc' dir='ltr'>τείνει,</span> <span class='ocrx_word' id='word_1_225' title='bbox 3624 1636 3708 1699; x_wconf 83' lang='grc' dir='ltr'><strong>ὡς</strong></span> <span class='ocrx_word' id='word_1_226' title='bbox 3734 1635 3809 1689; x_wconf 83' lang='grc' dir='ltr'>ἃν</span> 
     </span>
    </p>
   </div>
   <div class='ocr_carea' id='block_1_33' title="bbox 2216 1726 3809 1801">
    <p class='ocr_par' dir='ltr' id='par_1_33' title="bbox 2216 1726 3809 1801">
     <span class='ocr_line' id='line_1_33' title="bbox 2216 1726 3809 1801; baseline -0.001 -17"><span class='ocrx_word' id='word_1_227' title='bbox 2216 1729 2309 1783; x_wconf 71' lang='grc' dir='ltr'><strong>τὸν</strong></span> <span class='ocrx_word' id='word_1_228' title='bbox 2349 1727 2687 1801; x_wconf 81' lang='grc' dir='ltr'>ἀνθρώπινον</span> <span class='ocrx_word' id='word_1_229' title='bbox 2729 1727 2854 1784; x_wconf 83' lang='grc' dir='ltr'>νοῦν</span> <span class='ocrx_word' id='word_1_230' title='bbox 2884 1726 3239 1800; x_wconf 79' lang='grc' dir='ltr'>διαγυμνάζοι</span> <span class='ocrx_word' id='word_1_231' title='bbox 3276 1728 3443 1800; x_wconf 82' lang='grc' dir='ltr'>μηδὲν</span> <span class='ocrx_word' id='word_1_232' title='bbox 3485 1728 3809 1783; x_wconf 74' lang='grc' dir='ltr'>ἀποκαθεύ-</span> 
     </span>
    </p>
   </div>
   <div class='ocr_carea' id='block_1_34' title="bbox 532 1811 2113 1893">
    <p class='ocr_par' dir='ltr' id='par_1_34' title="bbox 532 1811 2113 1891">
     <span class='ocr_line' id='line_1_34' title="bbox 532 1811 2113 1891; baseline -0.006 -17"><span class='ocrx_word' id='word_1_233' title='bbox 532 1826 596 1874; x_wconf 91' lang='lat' dir='ltr'><strong>ut</strong></span> <span class='ocrx_word' id='word_1_234' title='bbox 626 1819 921 1874; x_wconf 85' lang='lat' dir='ltr'><strong>humanam</strong></span> <span class='ocrx_word' id='word_1_235' title='bbox 947 1824 1185 1891; x_wconf 84' lang='lat' dir='ltr'><strong>mentem</strong></span> <span class='ocrx_word' id='word_1_236' title='bbox 1214 1821 1532 1879; x_wconf 84' lang='lat' dir='ltr'><strong>exerceant,</strong></span> <span class='ocrx_word' id='word_1_237' title='bbox 1565 1821 1620 1870; x_wconf 91' lang='lat' dir='ltr'><strong>et</strong></span> <span class='ocrx_word' id='word_1_238' title='bbox 1658 1827 1819 1869; x_wconf 91' lang='lat' dir='ltr'><strong>nemo</strong></span> <span class='ocrx_word' id='word_1_239' title='bbox 1852 1827 1912 1868; x_wconf 85' lang='lat' dir='ltr'><strong>se</strong></span> <span class='ocrx_word' id='word_1_240' title='bbox 1952 1811 2113 1866; x_wconf 84' lang='lat' dir='ltr'><strong>dedat</strong></span> 
     </span>
    </p>
   </div>
   <div class='ocr_carea' id='block_1_35' title="bbox 2215 1811 3807 1893">
    <p class='ocr_par' dir='ltr' id='par_1_35' title="bbox 2215 1820 3807 1893">
     <span class='ocr_line' id='line_1_35' title="bbox 2215 1820 3807 1893; baseline -0.002 -17"><span class='ocrx_word' id='word_1_241' title='bbox 2215 1821 2346 1887; x_wconf 87' lang='grc' dir='ltr'>δειν,</span> <span class='ocrx_word' id='word_1_242' title='bbox 2377 1820 2624 1876; x_wconf 83' lang='grc' dir='ltr'>ἐντεῦθεν</span> <span class='ocrx_word' id='word_1_243' title='bbox 2659 1820 2716 1874; x_wconf 83' lang='grc' dir='ltr'>δὲ</span> <span class='ocrx_word' id='word_1_244' title='bbox 2751 1820 3003 1875; x_wconf 86' lang='grc' dir='ltr'>κάκεῖθεν</span> <span class='ocrx_word' id='word_1_245' title='bbox 3040 1821 3537 1893; x_wconf 86' lang='grc' dir='ltr'>κατακρουόμενον,</span> <span class='ocrx_word' id='word_1_246' title='bbox 3574 1821 3807 1893; x_wconf 72' lang='grc' dir='ltr'>διεγρηο</span> 
     </span>
    </p>
   </div>
   <div class='ocr_carea' id='block_1_36' title="bbox 530 1904 2114 1982">
    <p class='ocr_par' dir='ltr' id='par_1_36' title="bbox 530 1904 2114 1982">
     <span class='ocr_line' id='line_1_36' title="bbox 530 1904 2114 1982; baseline -0.007 -14"><span class='ocrx_word' id='word_1_247' title='bbox 530 1926 769 1979; x_wconf 87' lang='lat' dir='ltr'><strong>somno;</strong></span> <span class='ocrx_word' id='word_1_248' title='bbox 796 1911 930 1981; x_wconf 92' lang='lat' dir='ltr'><strong>quin</strong></span> <span class='ocrx_word' id='word_1_249' title='bbox 966 1910 1151 1982; x_wconf 89' lang='lat' dir='ltr'><strong>potius</strong></span> <span class='ocrx_word' id='word_1_250' title='bbox 1182 1908 1311 1964; x_wconf 88' lang='lat' dir='ltr'><strong>hinc</strong></span> <span class='ocrx_word' id='word_1_251' title='bbox 1340 1914 1394 1964; x_wconf 89' lang='lat' dir='ltr'><strong>et</strong></span> <span class='ocrx_word' id='word_1_252' title='bbox 1440 1908 1591 1963; x_wconf 90' lang='lat' dir='ltr'><strong>illinc</strong></span> <span class='ocrx_word' id='word_1_253' title='bbox 1629 1907 1823 1979; x_wconf 89' lang='lat' dir='ltr'><strong>pulsus</strong></span> <span class='ocrx_word' id='word_1_254' title='bbox 1866 1912 1921 1960; x_wconf 91' lang='lat' dir='ltr'><strong>et</strong></span> <span class='ocrx_word' id='word_1_255' title='bbox 1960 1904 2114 1959; x_wconf 85' lang='lat' dir='ltr'><strong>exci-</strong></span> 
     </span>
    </p>
   </div>
   <div class='ocr_carea' id='block_1_37' title="bbox 532 1998 2114 2073">
    <p class='ocr_par' dir='ltr' id='par_1_37' title="bbox 532 1998 2114 2073">
     <span class='ocr_line' id='line_1_37' title="bbox 532 1998 2114 2073; baseline -0.004 -15"><span class='ocrx_word' id='word_1_256' title='bbox 532 2012 707 2069; x_wconf 86' lang='lat' dir='ltr'><strong>tatus,</strong></span> <span class='ocrx_word' id='word_1_257' title='bbox 733 2002 921 2073; x_wconf 77' lang='lat' dir='ltr'><strong>vigilet</strong></span> <span class='ocrx_word' id='word_1_258' title='bbox 947 2001 1015 2057; x_wconf 89' lang='lat' dir='ltr'><strong>ad</strong></span> <span class='ocrx_word' id='word_1_259' title='bbox 1038 2001 1273 2057; x_wconf 86' lang='lat' dir='ltr'><strong>oﬁicium</strong></span> <span class='ocrx_word' id='word_1_260' title='bbox 1307 2001 1525 2072; x_wconf 87' lang='lat' dir='ltr'><strong>pietatis</strong></span> <span class='ocrx_word' id='word_1_261' title='bbox 1553 2008 1609 2056; x_wconf 90' lang='lat' dir='ltr'><strong>et</strong></span> <span class='ocrx_word' id='word_1_262' title='bbox 1635 2000 1857 2055; x_wconf 89' lang='lat' dir='ltr'><strong>virtutis</strong></span> <span class='ocrx_word' id='word_1_263' title='bbox 1904 1998 2114 2054; x_wconf 90' lang='lat' dir='ltr'><strong>obeun-</strong></span> 
     </span>
    </p>
   </div>
   <div class='ocr_carea' id='block_1_38' title="bbox 533 2093 2100 2164">
    <p class='ocr_par' dir='ltr' id='par_1_38' title="bbox 533 2093 2100 2164">
     <span class='ocr_line' id='line_1_38' title="bbox 533 2093 2100 2164; baseline -0.003 -14"><span class='ocrx_word' id='word_1_264' title='bbox 533 2097 685 2151; x_wconf 87' lang='lat' dir='ltr'><strong>dum.</strong></span> <span class='ocrx_word' id='word_1_265' title='bbox 711 2094 769 2149; x_wconf 90' lang='lat' dir='ltr'><strong>Si</strong></span> <span class='ocrx_word' id='word_1_266' title='bbox 799 2110 927 2151; x_wconf 84' lang='lat' dir='ltr'><strong>vero</strong></span> <span class='ocrx_word' id='word_1_267' title='bbox 955 2094 1189 2157; x_wconf 85' lang='lat' dir='ltr'><strong>accidat,</strong></span> <span class='ocrx_word' id='word_1_268' title='bbox 1224 2101 1284 2148; x_wconf 94' lang='lat' dir='ltr'><strong>ut</strong></span> <span class='ocrx_word' id='word_1_269' title='bbox 1311 2093 1509 2164; x_wconf 79' lang='lat' dir='ltr'><strong>aliquis</strong></span> <span class='ocrx_word' id='word_1_270' title='bbox 1538 2093 1799 2164; x_wconf 85' lang='lat' dir='ltr'><strong>puniatur</strong></span> <span class='ocrx_word' id='word_1_271' title='bbox 1849 2105 1960 2146; x_wconf 89' lang='lat' dir='ltr'><strong>non</strong></span> <span class='ocrx_word' id='word_1_272' title='bbox 2006 2105 2100 2147; x_wconf 90' lang='lat' dir='ltr'><strong>so-</strong></span> 
     </span>
    </p>
   </div>
   <div class='ocr_carea' id='block_1_39' title="bbox 535 2185 2116 2255">
    <p class='ocr_par' dir='ltr' id='par_1_39' title="bbox 535 2185 2116 2255">
     <span class='ocr_line' id='line_1_39' title="bbox 535 2185 2116 2255; baseline -0.003 -13"><span class='ocrx_word' id='word_1_273' title='bbox 535 2189 648 2245; x_wconf 92' lang='lat' dir='ltr'><strong>lum</strong></span> <span class='ocrx_word' id='word_1_274' title='bbox 675 2188 962 2253; x_wconf 89' lang='lat' dir='ltr'><strong>innocens,</strong></span> <span class='ocrx_word' id='word_1_275' title='bbox 984 2186 1089 2243; x_wconf 80' lang='lat' dir='ltr'><strong>sed</strong></span> <span class='ocrx_word' id='word_1_276' title='bbox 1119 2186 1204 2242; x_wconf 90' lang='lat' dir='ltr'><strong>vir</strong></span> <span class='ocrx_word' id='word_1_277' title='bbox 1230 2186 1593 2251; x_wconf 85' lang='lat' dir='ltr'><strong>admirabilis,</strong></span> <span class='ocrx_word' id='word_1_278' title='bbox 1626 2194 1682 2241; x_wconf 90' lang='lat' dir='ltr'><strong>et</strong></span> <span class='ocrx_word' id='word_1_279' title='bbox 1728 2185 1797 2240; x_wconf 89' lang='lat' dir='ltr'><strong>ab</strong></span> <span class='ocrx_word' id='word_1_280' title='bbox 1825 2199 1893 2241; x_wconf 91' lang='lat' dir='ltr'><strong>eo</strong></span> <span class='ocrx_word' id='word_1_281' title='bbox 1937 2197 2116 2255; x_wconf 62' lang='lat' dir='ltr'><strong>ptume</strong></span> 
     </span>
    </p>
   </div>
   <div class='ocr_carea' id='block_1_40' title="bbox 534 2276 2113 2354">
    <p class='ocr_par' dir='ltr' id='par_1_40' title="bbox 534 2276 2113 2354">
     <span class='ocr_line' id='line_1_40' title="bbox 534 2276 2113 2354; baseline -0.006 -14"><span class='ocrx_word' id='word_1_282' title='bbox 534 2284 757 2340; x_wconf 87' lang='lat' dir='ltr'><strong>virtutis</strong></span> <span class='ocrx_word' id='word_1_283' title='bbox 808 2290 1148 2354; x_wconf 87' lang='lat' dir='ltr'><strong>repetantur,</strong></span> <span class='ocrx_word' id='word_1_284' title='bbox 1188 2280 1323 2354; x_wconf 89' lang='lat' dir='ltr'><strong>quid</strong></span> <span class='ocrx_word' id='word_1_285' title='bbox 1359 2281 1614 2336; x_wconf 89' lang='lat' dir='ltr'><strong>nocuerit</strong></span> <span class='ocrx_word' id='word_1_286' title='bbox 1644 2278 1981 2336; x_wconf 76' lang='lat' dir='ltr'><strong>sustinenti?</strong></span> <span class='ocrx_word' id='word_1_287' title='bbox 2007 2276 2113 2331; x_wconf 87' lang='lat' dir='ltr'><strong>Ar-</strong></span> 
     </span>
    </p>
   </div>
   <div class='ocr_carea' id='block_1_41' title="bbox 532 2372 2115 2450">
    <p class='ocr_par' dir='ltr' id='par_1_41' title="bbox 532 2372 2115 2450">
     <span class='ocr_line' id='line_1_41' title="bbox 532 2372 2115 2450; baseline -0.004 -17"><span class='ocrx_word' id='word_1_288' title='bbox 532 2378 650 2450; x_wconf 85' lang='lat' dir='ltr'><strong>guit</strong></span> <span class='ocrx_word' id='word_1_289' title='bbox 676 2377 894 2450; x_wconf 89' lang='lat' dir='ltr'><strong>quidem</strong></span> <span class='ocrx_word' id='word_1_290' title='bbox 924 2377 1030 2432; x_wconf 81' lang='lat' dir='ltr'><strong>hoc</strong></span> <span class='ocrx_word' id='word_1_291' title='bbox 1055 2391 1151 2433; x_wconf 90' lang='lat' dir='ltr'><strong>eos</strong></span> <span class='ocrx_word' id='word_1_292' title='bbox 1181 2376 1275 2448; x_wconf 90' lang='lat' dir='ltr'><strong>qui</strong></span> <span class='ocrx_word' id='word_1_293' title='bbox 1310 2376 1539 2441; x_wconf 81' lang='lat' dir='ltr'><strong>faciunt,</strong></span> <span class='ocrx_word' id='word_1_294' title='bbox 1568 2391 1681 2430; x_wconf 88' lang='lat' dir='ltr'><strong>non</strong></span> <span class='ocrx_word' id='word_1_295' title='bbox 1710 2390 1837 2431; x_wconf 89' lang='lat' dir='ltr'><strong>eum</strong></span> <span class='ocrx_word' id='word_1_296' title='bbox 1864 2372 1957 2444; x_wconf 92' lang='lat' dir='ltr'><strong>qui</strong></span> <span class='ocrx_word' id='word_1_297' title='bbox 1989 2388 2115 2429; x_wconf 90' lang='lat' dir='ltr'><strong>sus-</strong></span> 
     </span>
    </p>
   </div>
   <div class='ocr_carea' id='block_1_42' title="bbox 540 2465 2113 2543">
    <p class='ocr_par' dir='ltr' id='par_1_42' title="bbox 540 2465 2113 2543">
     <span class='ocr_line' id='line_1_42' title="bbox 540 2465 2113 2543; baseline -0.004 -17"><span class='ocrx_word' id='word_1_298' title='bbox 540 2472 697 2536; x_wconf 89' lang='lat' dir='ltr'><strong>tinet,</strong></span> <span class='ocrx_word' id='word_1_299' title='bbox 730 2473 857 2528; x_wconf 85' lang='lat' dir='ltr'><strong>licet</strong></span> <span class='ocrx_word' id='word_1_300' title='bbox 887 2486 1061 2543; x_wconf 91' lang='lat' dir='ltr'><strong>usque</strong></span> <span class='ocrx_word' id='word_1_301' title='bbox 1083 2470 1151 2525; x_wconf 89' lang='lat' dir='ltr'><strong>ad</strong></span> <span class='ocrx_word' id='word_1_302' title='bbox 1215 2476 1447 2525; x_wconf 89' lang='lat' dir='ltr'><strong>mortem</strong></span> <span class='ocrx_word' id='word_1_303' title='bbox 1481 2469 1729 2538; x_wconf 89' lang='lat' dir='ltr'><strong>iniquum</strong></span> <span class='ocrx_word' id='word_1_304' title='bbox 1781 2465 2113 2538; x_wconf 86' lang='lat' dir='ltr'><strong>supplicium</strong></span> 
     </span>
    </p>
   </div>
   <div class='ocr_carea' id='block_1_43' title="bbox 537 2558 2111 2636">
    <p class='ocr_par' dir='ltr' id='par_1_43' title="bbox 537 2558 2111 2636">
     <span class='ocr_line' id='line_1_43' title="bbox 537 2558 2111 2636; baseline -0.006 -16"><span class='ocrx_word' id='word_1_305' title='bbox 537 2565 935 2636; x_wconf 82' lang='lat' dir='ltr'><strong>progrediatur.</strong></span> <span class='ocrx_word' id='word_1_306' title='bbox 989 2562 1096 2629; x_wconf 84' lang='lat' dir='ltr'><strong>Qui</strong></span> <span class='ocrx_word' id='word_1_307' title='bbox 1127 2562 1254 2617; x_wconf 89' lang='lat' dir='ltr'><strong>talis</strong></span> <span class='ocrx_word' id='word_1_308' title='bbox 1298 2568 1403 2624; x_wconf 87' lang='lat' dir='ltr'><strong>est,</strong></span> <span class='ocrx_word' id='word_1_309' title='bbox 1443 2561 1839 2632; x_wconf 88' lang='lat' dir='ltr'><strong>anticipatione</strong></span> <span class='ocrx_word' id='word_1_310' title='bbox 1893 2558 2111 2623; x_wconf 84' lang='lat' dir='ltr'><strong>mortis,</strong></span> 
     </span>
    </p>
   </div>
   <div class='ocr_carea' id='block_1_44' title="bbox 534 2650 2109 2729">
    <p class='ocr_par' dir='ltr' id='par_1_44' title="bbox 534 2650 2109 2729">
     <span class='ocr_line' id='line_1_44' title="bbox 534 2650 2109 2729; baseline -0.006 -16"><span class='ocrx_word' id='word_1_311' title='bbox 534 2672 658 2729; x_wconf 64' lang='lat' dir='ltr'><strong>qua</strong></span> <span class='ocrx_word' id='word_1_312' title='bbox 694 2656 976 2722; x_wconf 85' lang='lat' dir='ltr'><strong>pertinent</strong></span> <span class='ocrx_word' id='word_1_313' title='bbox 1033 2654 1102 2709; x_wconf 88' lang='lat' dir='ltr'><strong>ad</strong></span> <span class='ocrx_word' id='word_1_314' title='bbox 1139 2656 1303 2710; x_wconf 85' lang='lat' dir='ltr'><strong>vitam</strong></span> <span class='ocrx_word' id='word_1_315' title='bbox 1339 2655 1603 2717; x_wconf 77' lang='lat' dir='ltr'><strong>futuram,</strong></span> <span class='ocrx_word' id='word_1_316' title='bbox 1644 2650 1938 2707; x_wconf 85' lang='lat' dir='ltr'><strong>meditatus</strong></span> <span class='ocrx_word' id='word_1_317' title='bbox 1981 2656 2109 2705; x_wconf 87' lang='lat' dir='ltr'><strong>est:</strong></span> 
     </span>
    </p>
   </div>
   <div class='ocr_carea' id='block_1_45' title="bbox 534 2743 2113 2817">
    <p class='ocr_par' dir='ltr' id='par_1_45' title="bbox 534 2743 2113 2817">
     <span class='ocr_line' id='line_1_45' title="bbox 534 2743 2113 2817; baseline -0.006 -10"><span class='ocrx_word' id='word_1_318' title='bbox 534 2751 625 2807; x_wconf 90' lang='lat' dir='ltr'><strong>cui</strong></span> <span class='ocrx_word' id='word_1_319' title='bbox 650 2750 795 2806; x_wconf 89' lang='lat' dir='ltr'><strong>enim</strong></span> <span class='ocrx_word' id='word_1_320' title='bbox 819 2750 953 2805; x_wconf 88' lang='lat' dir='ltr'><strong>nihil</strong></span> <span class='ocrx_word' id='word_1_321' title='bbox 984 2765 1152 2806; x_wconf 83' lang='lat' dir='ltr'><strong>suave</strong></span> <span class='ocrx_word' id='word_1_322' title='bbox 1173 2757 1483 2811; x_wconf 87' lang='lat' dir='ltr'><strong>esteorum,</strong></span> <span class='ocrx_word' id='word_1_323' title='bbox 1508 2761 1629 2817; x_wconf 71' lang='lat' dir='ltr'><strong>quae</strong></span> <span class='ocrx_word' id='word_1_324' title='bbox 1650 2745 1839 2800; x_wconf 90' lang='lat' dir='ltr'><strong>multis</strong></span> <span class='ocrx_word' id='word_1_325' title='bbox 1856 2743 2113 2814; x_wconf 81' lang='lat' dir='ltr'><strong>jucunda</strong></span> 
     </span>
    </p>
   </div>
   <div class='ocr_carea' id='block_1_46' title="bbox 535 2837 2113 2907">
    <p class='ocr_par' dir='ltr' id='par_1_46' title="bbox 535 2837 2113 2907">
     <span class='ocr_line' id='line_1_46' title="bbox 535 2837 2113 2907; baseline -0.005 -10"><span class='ocrx_word' id='word_1_326' title='bbox 535 2849 687 2907; x_wconf 90' lang='lat' dir='ltr'><strong>sunt,</strong></span> <span class='ocrx_word' id='word_1_327' title='bbox 714 2858 817 2899; x_wconf 88' lang='lat' dir='ltr'><strong>nec</strong></span> <span class='ocrx_word' id='word_1_328' title='bbox 856 2843 1150 2907; x_wconf 85' lang='lat' dir='ltr'><strong>acerbum,</strong></span> <span class='ocrx_word' id='word_1_329' title='bbox 1184 2856 1366 2895; x_wconf 89' lang='lat' dir='ltr'><strong>annon</strong></span> <span class='ocrx_word' id='word_1_330' title='bbox 1423 2846 1508 2896; x_wconf 85' lang='lat' dir='ltr'><strong>est</strong></span> <span class='ocrx_word' id='word_1_331' title='bbox 1560 2837 1651 2893; x_wconf 89' lang='lat' dir='ltr'><strong>hic</strong></span> <span class='ocrx_word' id='word_1_332' title='bbox 1699 2844 1827 2891; x_wconf 88' lang='lat' dir='ltr'><strong>ante</strong></span> <span class='ocrx_word' id='word_1_333' title='bbox 1878 2844 2113 2890; x_wconf 87' lang='lat' dir='ltr'><strong>mortem</strong></span> 
     </span>
    </p>
   </div>
   <div class='ocr_carea' id='block_1_47' title="bbox 538 2929 2115 3002">
    <p class='ocr_par' dir='ltr' id='par_1_47' title="bbox 538 2929 2115 3002">
     <span class='ocr_line' id='line_1_47' title="bbox 538 2929 2115 3002; baseline -0.005 -13"><span class='ocrx_word' id='word_1_334' title='bbox 538 2936 665 2990; x_wconf 91' lang='lat' dir='ltr'><strong>huic</strong></span> <span class='ocrx_word' id='word_1_335' title='bbox 689 2935 816 2989; x_wconf 57' lang='lat' dir='ltr'><strong>vita!</strong></span> <span class='ocrx_word' id='word_1_336' title='bbox 843 2934 1135 2990; x_wconf 84' lang='lat' dir='ltr'><strong>mortuus?</strong></span> <span class='ocrx_word' id='word_1_337' title='bbox 1162 2933 1265 3000; x_wconf 84' lang='lat' dir='ltr'><strong>Qui</strong></span> <span class='ocrx_word' id='word_1_338' title='bbox 1321 2933 1411 2989; x_wconf 89' lang='lat' dir='ltr'><strong>hic</strong></span> <span class='ocrx_word' id='word_1_339' title='bbox 1447 2947 1511 2989; x_wconf 89' lang='lat' dir='ltr'><strong>ea</strong></span> <span class='ocrx_word' id='word_1_340' title='bbox 1553 2947 1677 3002; x_wconf 62' lang='lat' dir='ltr'><strong>quae</strong></span> <span class='ocrx_word' id='word_1_341' title='bbox 1727 2929 2115 2985; x_wconf 83' lang='lat' dir='ltr'><strong>existimantur</strong></span> 
     </span>
    </p>
   </div>
   <div class='ocr_carea' id='block_1_48' title="bbox 536 3004 2113 3093">
    <p class='ocr_par' dir='ltr' id='par_1_48' title="bbox 536 3004 2113 3093">
     <span class='ocr_line' id='line_1_48' title="bbox 536 3004 2113 3093; baseline -0.006 -12"><span class='ocrx_word' id='word_1_342' title='bbox 536 3024 749 3081; x_wconf 67' lang='lat' dir='ltr'><strong>insidiae</strong></span> <span class='ocrx_word' id='word_1_343' title='bbox 786 3025 960 3088; x_wconf 66' lang='lat' dir='ltr'><strong>factae,</strong></span> <span class='ocrx_word' id='word_1_344' title='bbox 1012 3025 1135 3080; x_wconf 91' lang='lat' dir='ltr'><strong>loco</strong></span> <span class='ocrx_word' id='word_1_345' title='bbox 1162 3023 1415 3081; x_wconf 87' lang='lat' dir='ltr'><strong>beneﬁcii</strong></span> <span class='ocrx_word' id='word_1_346' title='bbox 1460 3030 1514 3077; x_wconf 87' lang='lat' dir='ltr'><strong>et</strong></span> <span class='ocrx_word' id='word_1_347' title='bbox 1561 3004 1747 3093; x_wconf 67' lang='lat' dir='ltr'><strong>gratia:</strong></span> <span class='ocrx_word' id='word_1_348' title='bbox 1774 3019 1947 3084; x_wconf 86' lang='lat' dir='ltr'><strong>ducit,</strong></span> <span class='ocrx_word' id='word_1_349' title='bbox 2007 3033 2113 3089; x_wconf 91' lang='lat' dir='ltr'><strong>qua</strong></span> 
     </span>
    </p>
   </div>
   <div class='ocr_carea' id='block_1_49' title="bbox 535 3113 2111 3190">
    <p class='ocr_par' dir='ltr' id='par_1_49' title="bbox 535 3113 2111 3190">
     <span class='ocr_line' id='line_1_49' title="bbox 535 3113 2111 3190; baseline -0.004 -16"><span class='ocrx_word' id='word_1_350' title='bbox 535 3125 825 3190; x_wconf 77' lang='lat' dir='ltr'><strong>exspectat</strong></span> <span class='ocrx_word' id='word_1_351' title='bbox 853 3124 973 3189; x_wconf 85' lang='lat' dir='ltr'><strong>post</strong></span> <span class='ocrx_word' id='word_1_352' title='bbox 1003 3116 1147 3173; x_wconf 90' lang='lat' dir='ltr'><strong>hanc</strong></span> <span class='ocrx_word' id='word_1_353' title='bbox 1175 3117 1343 3172; x_wconf 82' lang='lat' dir='ltr'><strong>vitam</strong></span> <span class='ocrx_word' id='word_1_354' title='bbox 1377 3116 1588 3185; x_wconf 89' lang='lat' dir='ltr'><strong>majora</strong></span> <span class='ocrx_word' id='word_1_355' title='bbox 1634 3116 1777 3171; x_wconf 87' lang='lat' dir='ltr'><strong>bona</strong></span> <span class='ocrx_word' id='word_1_356' title='bbox 1825 3113 2111 3185; x_wconf 87' lang='lat' dir='ltr'><strong>consequi,</strong></span> 
     </span>
    </p>
   </div>
   <div class='ocr_carea' id='block_1_50' title="bbox 534 3206 2118 3282">
    <p class='ocr_par' dir='ltr' id='par_1_50' title="bbox 534 3206 2118 3282">
     <span class='ocr_line' id='line_1_50' title="bbox 534 3206 2118 3282; baseline -0.003 -17"><span class='ocrx_word' id='word_1_357' title='bbox 534 3227 699 3282; x_wconf 81' lang='lat' dir='ltr'><strong>quam</strong></span> <span class='ocrx_word' id='word_1_358' title='bbox 730 3226 795 3266; x_wconf 88' lang='lat' dir='ltr'><strong>ea</strong></span> <span class='ocrx_word' id='word_1_359' title='bbox 825 3226 944 3281; x_wconf 63' lang='lat' dir='ltr'><strong>quae</strong></span> <span class='ocrx_word' id='word_1_360' title='bbox 976 3210 1287 3280; x_wconf 83' lang='lat' dir='ltr'><strong>relinquere</strong></span> <span class='ocrx_word' id='word_1_361' title='bbox 1319 3208 1554 3271; x_wconf 91' lang='lat' dir='ltr'><strong>videtur,</strong></span> <span class='ocrx_word' id='word_1_362' title='bbox 1585 3207 1653 3262; x_wconf 86' lang='lat' dir='ltr'><strong>ad</strong></span> <span class='ocrx_word' id='word_1_363' title='bbox 1691 3221 1815 3278; x_wconf 67' lang='lat' dir='ltr'><strong>quae</strong></span> <span class='ocrx_word' id='word_1_364' title='bbox 1853 3207 1922 3261; x_wconf 91' lang='lat' dir='ltr'><strong>ab</strong></span> <span class='ocrx_word' id='word_1_365' title='bbox 1943 3206 2118 3261; x_wconf 86' lang='lat' dir='ltr'><strong>inimi—</strong></span> 
     </span>
    </p>
   </div>
   <div class='ocr_carea' id='block_1_51' title="bbox 2214 1912 3803 1987">
    <p class='ocr_par' dir='ltr' id='par_1_51' title="bbox 2214 1912 3803 1987">
     <span class='ocr_line' id='line_1_51' title="bbox 2214 1912 3803 1987; baseline -0.001 -18"><span class='ocrx_word' id='word_1_366' title='bbox 2214 1914 2435 1987; x_wconf 81' lang='grc' dir='ltr'>γορέναι</span> <span class='ocrx_word' id='word_1_367' title='bbox 2457 1912 2595 1986; x_wconf 81' lang='grc' dir='ltr'>πρὸς</span> <span class='ocrx_word' id='word_1_368' title='bbox 2615 1913 2676 1967; x_wconf 83' lang='grc' dir='ltr'><strong>τὸ</strong></span> <span class='ocrx_word' id='word_1_369' title='bbox 2704 1913 2864 1986; x_wconf 77' lang='grc' dir='ltr'>ἔργον</span> <span class='ocrx_word' id='word_1_370' title='bbox 2890 1913 2991 1984; x_wconf 86' lang='grc' dir='ltr'><strong>τῆς</strong></span> <span class='ocrx_word' id='word_1_371' title='bbox 3011 1912 3291 1978; x_wconf 81' lang='grc' dir='ltr'>εὐσεϐείας</span> <span class='ocrx_word' id='word_1_372' title='bbox 3314 1915 3410 1969; x_wconf 76' lang='grc' dir='ltr'>καὶ</span> <span class='ocrx_word' id='word_1_373' title='bbox 3438 1914 3540 1985; x_wconf 80' lang='grc' dir='ltr'>τῆς</span> <span class='ocrx_word' id='word_1_374' title='bbox 3569 1916 3803 1987; x_wconf 79' lang='grc' dir='ltr'>ἀρετῆς.</span> 
     </span>
    </p>
   </div>
   <div class='ocr_carea' id='block_1_52' title="bbox 2214 2004 3808 2077">
    <p class='ocr_par' dir='ltr' id='par_1_52' title="bbox 2214 2004 3808 2077">
     <span class='ocr_line' id='line_1_52' title="bbox 2214 2004 3808 2077; baseline -0.001 -16"><span class='ocrx_word' id='word_1_375' title='bbox 2214 2008 2278 2062; x_wconf 81' lang='lat' dir='ltr'><strong>El</strong></span> <span class='ocrx_word' id='word_1_376' title='bbox 2308 2007 2365 2061; x_wconf 83' lang='grc' dir='ltr'>δὲ</span> <span class='ocrx_word' id='word_1_377' title='bbox 2402 2007 2495 2060; x_wconf 74' lang='grc' dir='ltr'>καὶ</span> <span class='ocrx_word' id='word_1_378' title='bbox 2547 2004 2871 2071; x_wconf 80' lang='grc' dir='ltr'>κολάζεσθαί</span> <span class='ocrx_word' id='word_1_379' title='bbox 2914 2022 3035 2060; x_wconf 89' lang='grc' dir='ltr'>τινα</span> <span class='ocrx_word' id='word_1_380' title='bbox 3062 2005 3369 2077; x_wconf 90' lang='grc' dir='ltr'>συμϐαίνοι,</span> <span class='ocrx_word' id='word_1_381' title='bbox 3408 2007 3511 2060; x_wconf 85' lang='grc' dir='ltr'><strong>οὐκ</strong></span> <span class='ocrx_word' id='word_1_382' title='bbox 3554 2006 3808 2061; x_wconf 75' lang='grc' dir='ltr'>ἀναίτιον</span> 
     </span>
    </p>
   </div>
   <div class='ocr_carea' id='block_1_53' title="bbox 2218 2097 3808 2172">
    <p class='ocr_par' dir='ltr' id='par_1_53' title="bbox 2218 2097 3808 2172">
     <span class='ocr_line' id='line_1_53' title="bbox 2218 2097 3808 2172; baseline 0.001 -19"><span class='ocrx_word' id='word_1_383' title='bbox 2218 2098 2397 2172; x_wconf 90' lang='grc' dir='ltr'>μόνον,</span> <span class='ocrx_word' id='word_1_384' title='bbox 2429 2098 2564 2154; x_wconf 90' lang='grc' dir='ltr'><strong>ἀλλά</strong></span> <span class='ocrx_word' id='word_1_385' title='bbox 2595 2097 2692 2153; x_wconf 73' lang='grc' dir='ltr'><strong>καὶ</strong></span> <span class='ocrx_word' id='word_1_386' title='bbox 2724 2097 3026 2170; x_wconf 85' lang='grc' dir='ltr'>θαυμάσιον</span> <span class='ocrx_word' id='word_1_387' title='bbox 3051 2098 3240 2170; x_wconf 78' lang='grc' dir='ltr'>ἄνδρα,</span> <span class='ocrx_word' id='word_1_388' title='bbox 3273 2099 3369 2153; x_wconf 81' lang='grc' dir='ltr'><strong>καὶ</strong></span> <span class='ocrx_word' id='word_1_389' title='bbox 3403 2098 3562 2169; x_wconf 88' lang='grc' dir='ltr'>δίκην</span> <span class='ocrx_word' id='word_1_390' title='bbox 3593 2099 3808 2171; x_wconf 81' lang='grc' dir='ltr'>ἀρετῆς</span> 
     </span>
    </p>
   </div>
   <div class='ocr_carea' id='block_1_54' title="bbox 2215 2187 3810 2262">
    <p class='ocr_par' dir='ltr' id='par_1_54' title="bbox 2215 2187 3810 2262">
     <span class='ocr_line' id='line_1_54' title="bbox 2215 2187 3810 2262; baseline -0.001 -16"><span class='ocrx_word' id='word_1_391' title='bbox 2215 2190 2561 2246; x_wconf 79' lang='grc' dir='ltr'>ἀπαιτεῖσθαι</span> <span class='ocrx_word' id='word_1_392' title='bbox 2589 2188 2810 2254; x_wconf 89' lang='grc' dir='ltr'>τοῦτον,</span> <span class='ocrx_word' id='word_1_393' title='bbox 2842 2187 2895 2243; x_wconf 89' lang='grc' dir='ltr'><strong>τί</strong></span> <span class='ocrx_word' id='word_1_394' title='bbox 2919 2188 2997 2247; x_wconf 81' lang='grc' dir='ltr'><strong>ἂν,</strong></span> <span class='ocrx_word' id='word_1_395' title='bbox 3017 2188 3214 2261; x_wconf 85' lang='grc' dir='ltr'>βλάϐος</span> <span class='ocrx_word' id='word_1_396' title='bbox 3232 2188 3574 2262; x_wconf 81' lang='grc' dir='ltr'>προσαγάγοι</span> <span class='ocrx_word' id='word_1_397' title='bbox 3598 2189 3682 2262; x_wconf 79' lang='grc' dir='ltr'>τῷ</span> <span class='ocrx_word' id='word_1_398' title='bbox 3703 2193 3810 2244; x_wconf 84' lang='grc' dir='ltr'>πά-</span> 
     </span>
    </p>
   </div>
   <div class='ocr_carea' id='block_1_55' title="bbox 2217 2281 3807 2357">
    <p class='ocr_par' dir='ltr' id='par_1_55' title="bbox 2217 2281 3807 2357">
     <span class='ocr_line' id='line_1_55' title="bbox 2217 2281 3807 2357; baseline -0.002 -18"><span class='ocrx_word' id='word_1_399' title='bbox 2217 2301 2433 2357; x_wconf 84' lang='grc' dir='ltr'>σχοντι;</span> <span class='ocrx_word' id='word_1_400' title='bbox 2459 2283 2722 2355; x_wconf 84' lang='grc' dir='ltr'>διελέγχει</span> <span class='ocrx_word' id='word_1_401' title='bbox 2757 2283 2854 2354; x_wconf 83' lang='grc' dir='ltr'>μὲν</span> <span class='ocrx_word' id='word_1_402' title='bbox 2876 2282 2982 2356; x_wconf 86' lang='grc' dir='ltr'>γὰρ</span> <span class='ocrx_word' id='word_1_403' title='bbox 3003 2283 3130 2348; x_wconf 85' lang='grc' dir='ltr'>τοὺς</span> <span class='ocrx_word' id='word_1_404' title='bbox 3152 2281 3459 2346; x_wconf 77' lang='grc' dir='ltr'>ποιοῦντας,</span> <span class='ocrx_word' id='word_1_405' title='bbox 3473 2283 3536 2336; x_wconf 86' lang='grc' dir='ltr'>οὐ</span> <span class='ocrx_word' id='word_1_406' title='bbox 3563 2282 3807 2354; x_wconf 76' lang='grc' dir='ltr'>βλάπτει</span> 
     </span>
    </p>
   </div>
   <div class='ocr_carea' id='block_1_56' title="bbox 2215 2371 3807 2445">
    <p class='ocr_par' dir='ltr' id='par_1_56' title="bbox 2215 2371 3807 2445">
     <span class='ocr_line' id='line_1_56' title="bbox 2215 2371 3807 2445; baseline -0.002 -15"><span class='ocrx_word' id='word_1_407' title='bbox 2215 2377 2272 2430; x_wconf 81' lang='grc' dir='ltr'>δὲ</span> <span class='ocrx_word' id='word_1_408' title='bbox 2302 2377 2394 2430; x_wconf 88' lang='grc' dir='ltr'><strong>τὸν</strong></span> <span class='ocrx_word' id='word_1_409' title='bbox 2422 2374 2779 2445; x_wconf 81' lang='grc' dir='ltr'>ὑπομένοντα,</span> <span class='ocrx_word' id='word_1_410' title='bbox 2822 2372 2926 2427; x_wconf 84' lang='grc' dir='ltr'><strong>κᾶν</strong></span> <span class='ocrx_word' id='word_1_411' title='bbox 2954 2373 3059 2437; x_wconf 83' lang='grc' dir='ltr'>ἓως</span> <span class='ocrx_word' id='word_1_412' title='bbox 3087 2372 3317 2428; x_wconf 89' lang='grc' dir='ltr'>θανάτου</span> <span class='ocrx_word' id='word_1_413' title='bbox 3345 2372 3584 2445; x_wconf 83' lang='grc' dir='ltr'>φέρηται</span> <span class='ocrx_word' id='word_1_414' title='bbox 3608 2371 3684 2427; x_wconf 80' lang='grc' dir='ltr'><strong>τά</strong></span> <span class='ocrx_word' id='word_1_415' title='bbox 3703 2372 3807 2443; x_wconf 76' lang='grc' dir='ltr'><strong>τῆς</strong></span> 
     </span>
    </p>
   </div>
   <div class='ocr_carea' id='block_1_57' title="bbox 2178 2457 3805 2538">
    <p class='ocr_par' dir='ltr' id='par_1_57' title="bbox 2178 2457 3805 2538">
     <span class='ocr_line' id='line_1_57' title="bbox 2178 2457 3805 2538; baseline -0.004 -16"><span class='ocrx_word' id='word_1_416' title='bbox 2178 2457 2413 2536; x_wconf 49' lang='grc' dir='ltr'>δάλόγου</span> <span class='ocrx_word' id='word_1_417' title='bbox 2444 2465 2733 2538; x_wconf 83' lang='grc' dir='ltr'>τιμωρίας.</span> <span class='ocrx_word' id='word_1_418' title='bbox 2760 2464 2976 2529; x_wconf 77' lang='grc' dir='ltr'>Φθάσας</span> <span class='ocrx_word' id='word_1_419' title='bbox 3013 2464 3122 2538; x_wconf 77' lang='grc' dir='ltr'>γὰρ</span> <span class='ocrx_word' id='word_1_420' title='bbox 3158 2465 3253 2534; x_wconf 81' lang='grc' dir='ltr'>ὅγε</span> <span class='ocrx_word' id='word_1_421' title='bbox 3301 2463 3569 2528; x_wconf 88' lang='grc' dir='ltr'>τοιοῦτος,</span> <span class='ocrx_word' id='word_1_422' title='bbox 3613 2464 3805 2534; x_wconf 61' lang='grc' dir='ltr'>νεκρός</span> 
     </span>
    </p>
   </div>
   <div class='ocr_carea' id='block_1_58' title="bbox 2213 2548 3803 2632">
    <p class='ocr_par' dir='ltr' id='par_1_58' title="bbox 2213 2548 3803 2632">
     <span class='ocr_line' id='line_1_58' title="bbox 2213 2548 3803 2632; baseline -0.003 -19"><span class='ocrx_word' id='word_1_423' title='bbox 2213 2575 2337 2632; x_wconf 85' lang='grc' dir='ltr'>τητι</span> <span class='ocrx_word' id='word_1_424' title='bbox 2373 2556 2443 2611; x_wconf 84' lang='grc' dir='ltr'>τὰ</span> <span class='ocrx_word' id='word_1_425' title='bbox 2492 2556 2629 2626; x_wconf 74' lang='grc' dir='ltr'>πρὸς</span> <span class='ocrx_word' id='word_1_426' title='bbox 2679 2555 2771 2609; x_wconf 83' lang='grc' dir='ltr'><strong>τὸν</strong></span> <span class='ocrx_word' id='word_1_427' title='bbox 2801 2554 2913 2626; x_wconf 78' lang='grc' dir='ltr'>βίον</span> <span class='ocrx_word' id='word_1_428' title='bbox 2967 2556 3335 2628; x_wconf 82' lang='grc' dir='ltr'>μεμελέτηκεν</span> <span class='ocrx_word' id='word_1_429' title='bbox 3356 2573 3370 2587; x_wconf 81' lang='grc'><em>’</em></span> <span class='ocrx_word' id='word_1_430' title='bbox 3406 2548 3452 2623; x_wconf 82' lang='grc' dir='ltr'>ᾧ</span> <span class='ocrx_word' id='word_1_431' title='bbox 3481 2554 3595 2627; x_wconf 85' lang='grc' dir='ltr'>γὰρ</span> <span class='ocrx_word' id='word_1_432' title='bbox 3634 2554 3803 2626; x_wconf 71' lang='grc' dir='ltr'>μηδὲν</span> 
     </span>
    </p>
   </div>
   <div class='ocr_carea' id='block_1_59' title="bbox 2219 2645 3803 2722">
    <p class='ocr_par' dir='ltr' id='par_1_59' title="bbox 2219 2645 3803 2722">
     <span class='ocr_line' id='line_1_59' title="bbox 2219 2645 3803 2722; baseline -0.003 -19"><span class='ocrx_word' id='word_1_433' title='bbox 2219 2651 2317 2722; x_wconf 80' lang='grc' dir='ltr'>μὲν</span> <span class='ocrx_word' id='word_1_434' title='bbox 2355 2648 2453 2721; x_wconf 80' lang='grc' dir='ltr'><strong>ἡδὺ</strong></span> <span class='ocrx_word' id='word_1_435' title='bbox 2482 2646 2590 2702; x_wconf 84' lang='grc' dir='ltr'>τῶν</span> <span class='ocrx_word' id='word_1_436' title='bbox 2621 2649 2735 2710; x_wconf 88' lang='grc' dir='ltr'>τοῖς</span> <span class='ocrx_word' id='word_1_437' title='bbox 2762 2645 2998 2711; x_wconf 83' lang='grc' dir='ltr'>πολλοῖς,</span> <span class='ocrx_word' id='word_1_438' title='bbox 3033 2647 3067 2720; x_wconf 82' lang='grc' dir='ltr'>ἢ</span> <span class='ocrx_word' id='word_1_439' title='bbox 3098 2647 3280 2719; x_wconf 84' lang='grc' dir='ltr'>ἀηδὲς,</span> <span class='ocrx_word' id='word_1_440' title='bbox 3318 2646 3436 2710; x_wconf 85' lang='grc' dir='ltr'><strong>πῶς</strong></span> <span class='ocrx_word' id='word_1_441' title='bbox 3456 2647 3584 2717; x_wconf 80' lang='grc' dir='ltr'>οὐχὶ</span> <span class='ocrx_word' id='word_1_442' title='bbox 3606 2645 3803 2717; x_wconf 74' lang='grc' dir='ltr'>νεκρὸς</span> 
     </span>
    </p>
   </div>
   <div class='ocr_carea' id='block_1_60' title="bbox 2214 2738 3799 2812">
    <p class='ocr_par' dir='ltr' id='par_1_60' title="bbox 2214 2738 3799 2812">
     <span class='ocr_line' id='line_1_60' title="bbox 2214 2738 3799 2812; baseline -0.004 -15"><span class='ocrx_word' id='word_1_443' title='bbox 2214 2741 2308 2796; x_wconf 87' lang='grc' dir='ltr'><strong>τοῦ</strong></span> <span class='ocrx_word' id='word_1_444' title='bbox 2344 2741 2460 2811; x_wconf 86' lang='grc' dir='ltr'>βίου</span> <span class='ocrx_word' id='word_1_445' title='bbox 2493 2740 2588 2794; x_wconf 74' lang='grc' dir='ltr'>καὶ</span> <span class='ocrx_word' id='word_1_446' title='bbox 2625 2738 2733 2812; x_wconf 82' lang='grc' dir='ltr'><strong>πρὸ</strong></span> <span class='ocrx_word' id='word_1_447' title='bbox 2765 2739 2996 2795; x_wconf 88' lang='grc' dir='ltr'>θανάτου</span> <span class='ocrx_word' id='word_1_448' title='bbox 3024 2740 3120 2808; x_wconf 83' lang='grc' dir='ltr'>ὅγε</span> <span class='ocrx_word' id='word_1_449' title='bbox 3150 2739 3391 2803; x_wconf 87' lang='grc' dir='ltr'>τοιοῦτος</span> <span class='ocrx_word' id='word_1_450' title='bbox 3419 2738 3799 2809; x_wconf 74' lang='grc' dir='ltr'>καθέστηκενς</span> 
     </span>
    </p>
   </div>
   <div class='ocr_carea' id='block_1_61' title="bbox 2216 2832 3800 2908">
    <p class='ocr_par' dir='ltr' id='par_1_61' title="bbox 2216 2832 3800 2908">
     <span class='ocr_line' id='line_1_61' title="bbox 2216 2832 3800 2908; baseline -0.001 -19"><span class='ocrx_word' id='word_1_451' title='bbox 2216 2837 2296 2898; x_wconf 86' lang='grc' dir='ltr'>εἰς</span> <span class='ocrx_word' id='word_1_452' title='bbox 2328 2835 2487 2908; x_wconf 84' lang='grc' dir='ltr'>χάριν</span> <span class='ocrx_word' id='word_1_453' title='bbox 2523 2835 2622 2907; x_wconf 88' lang='grc' dir='ltr'><strong>τήν</strong></span> <span class='ocrx_word' id='word_1_454' title='bbox 2646 2850 2711 2903; x_wconf 86' lang='grc' dir='ltr'><strong>γε</strong></span> <span class='ocrx_word' id='word_1_455' title='bbox 2755 2832 3114 2904; x_wconf 79' lang='grc' dir='ltr'>νομιζομένην</span> <span class='ocrx_word' id='word_1_456' title='bbox 3155 2832 3444 2905; x_wconf 84' lang='grc' dir='ltr'>ἐπιϐουλὴν</span> <span class='ocrx_word' id='word_1_457' title='bbox 3484 2833 3800 2905; x_wconf 84' lang='grc' dir='ltr'>δεχόμενος,</span> 
     </span>
    </p>
   </div>
   <div class='ocr_carea' id='block_1_62' title="bbox 2216 2921 3803 3001">
    <p class='ocr_par' dir='ltr' id='par_1_62' title="bbox 2216 2921 3803 3001">
     <span class='ocr_line' id='line_1_62' title="bbox 2216 2921 3803 3001; baseline 0.001 -21"><span class='ocrx_word' id='word_1_458' title='bbox 2216 2921 2250 3001; x_wconf 81' lang='grc' dir='ltr'>ᾖ</span> <span class='ocrx_word' id='word_1_459' title='bbox 2286 2926 2424 2999; x_wconf 86' lang='grc' dir='ltr'><strong>μετά</strong></span> <span class='ocrx_word' id='word_1_460' title='bbox 2453 2927 2544 2981; x_wconf 85' lang='grc' dir='ltr'><strong>τὸν</strong></span> <span class='ocrx_word' id='word_1_461' title='bbox 2576 2925 2825 2998; x_wconf 85' lang='grc' dir='ltr'>παρόντα</span> <span class='ocrx_word' id='word_1_462' title='bbox 2853 2924 2966 2996; x_wconf 88' lang='grc' dir='ltr'>βίον</span> <span class='ocrx_word' id='word_1_463' title='bbox 3003 2926 3275 2999; x_wconf 78' lang='grc' dir='ltr'>προσδοκᾷ</span> <span class='ocrx_word' id='word_1_464' title='bbox 3301 2925 3546 2998; x_wconf 81' lang='grc' dir='ltr'>μείζοσιν</span> <span class='ocrx_word' id='word_1_465' title='bbox 3573 2927 3803 2996; x_wconf 79' lang='grc' dir='ltr'>ἀγαθοῖς</span> 
     </span>
    </p>
   </div>
   <div class='ocr_carea' id='block_1_63' title="bbox 2217 3012 3801 3094">
    <p class='ocr_par' dir='ltr' id='par_1_63' title="bbox 2217 3012 3801 3094">
     <span class='ocr_line' id='line_1_63' title="bbox 2217 3012 3801 3094; baseline -0.001 -18"><span class='ocrx_word' id='word_1_466' title='bbox 2217 3019 2583 3088; x_wconf 80' lang='grc' dir='ltr'>ἐντεύξεσθαι,</span> <span class='ocrx_word' id='word_1_467' title='bbox 2623 3012 2701 3075; x_wconf 83' lang='grc' dir='ltr'>ὧν</span> <span class='ocrx_word' id='word_1_468' title='bbox 2744 3018 3033 3075; x_wconf 85' lang='grc' dir='ltr'>ἀπολιπεῖν</span> <span class='ocrx_word' id='word_1_469' title='bbox 3074 3019 3242 3084; x_wconf 87' lang='grc' dir='ltr'>δοκεῖ,</span> <span class='ocrx_word' id='word_1_470' title='bbox 3302 3019 3386 3089; x_wconf 78' lang='grc' dir='ltr'>ἐφ’</span> <span class='ocrx_word' id='word_1_471' title='bbox 3416 3019 3454 3074; x_wconf 79' lang='grc' dir='ltr'>ἃ</span> <span class='ocrx_word' id='word_1_472' title='bbox 3505 3020 3650 3094; x_wconf 78' lang='grc' dir='ltr'>πρὸς</span> <span class='ocrx_word' id='word_1_473' title='bbox 3692 3020 3801 3075; x_wconf 75' lang='grc' dir='ltr'>τῶν</span> 
     </span>
    </p>
   </div>
   <div class='ocr_carea' id='block_1_64' title="bbox 2218 3112 3801 3186">
    <p class='ocr_par' dir='ltr' id='par_1_64' title="bbox 2218 3112 3801 3186">
     <span class='ocr_line' id='line_1_64' title="bbox 2218 3112 3801 3186; baseline 0.001 -18"><span class='ocrx_word' id='word_1_474' title='bbox 2218 3113 2427 3186; x_wconf 80' lang='grc' dir='ltr'>ἐχθρῶν</span> <span class='ocrx_word' id='word_1_475' title='bbox 2452 3112 2663 3185; x_wconf 87' lang='grc' dir='ltr'>ταχέως</span> <span class='ocrx_word' id='word_1_476' title='bbox 2695 3112 3223 3185; x_wconf 82' lang='grc' dir='ltr'>παραπεμπόμενος,</span> <span class='ocrx_word' id='word_1_477' title='bbox 3251 3113 3327 3175; x_wconf 84' lang='grc' dir='ltr'><strong>ὡς</strong></span> <span class='ocrx_word' id='word_1_478' title='bbox 3354 3113 3658 3183; x_wconf 83' lang='grc' dir='ltr'>εὐεργέτας</span> <span class='ocrx_word' id='word_1_479' title='bbox 3674 3116 3801 3177; x_wconf 70' lang='grc' dir='ltr'>τοὺς</span> 
     </span>
    </p>
   </div>
   <div class='ocr_carea' id='block_1_65' title="bbox 2217 3203 2825 3277">
    <p class='ocr_par' dir='ltr' id='par_1_65' title="bbox 2217 3203 2825 3277">
     <span class='ocr_line' id='line_1_65' title="bbox 2217 3203 2825 3277; baseline -0.003 -15"><span class='ocrx_word' id='word_1_480' title='bbox 2217 3203 2666 3269; x_wconf 85' lang='grc' dir='ltr'>ἐπιϐουλεύοντας</span> <span class='ocrx_word' id='word_1_481' title='bbox 2691 3204 2825 3277; x_wconf 76' lang='grc' dir='ltr'>ἔχει.</span> 
     </span>
    </p>
   </div>
   <div class='ocr_carea' id='block_1_66' title="bbox 534 3299 2766 3373">
    <p class='ocr_par' dir='ltr' id='par_1_66' title="bbox 534 3299 2766 3373">
     <span class='ocr_line' id='line_1_66' title="bbox 534 3299 2766 3373; baseline -0.003 -12"><span class='ocrx_word' id='word_1_482' title='bbox 534 3307 617 3362; x_wconf 88' lang='lat' dir='ltr'><strong>cis</strong></span> <span class='ocrx_word' id='word_1_483' title='bbox 647 3306 764 3361; x_wconf 85' lang='lat' dir='ltr'><strong>suis</strong></span> <span class='ocrx_word' id='word_1_484' title='bbox 792 3305 903 3360; x_wconf 91' lang='lat' dir='ltr'><strong>cito</strong></span> <span class='ocrx_word' id='word_1_485' title='bbox 932 3302 1216 3367; x_wconf 85' lang='lat' dir='ltr'><strong>dimissus,</strong></span> <span class='ocrx_word' id='word_1_486' title='bbox 1246 3311 1506 3373; x_wconf 86' lang='lat' dir='ltr'><strong>tanquam</strong></span> <span class='ocrx_word' id='word_1_487' title='bbox 1534 3300 1809 3358; x_wconf 81' lang='lat' dir='ltr'><strong>beneﬁcos</strong></span> <span class='ocrx_word' id='word_1_488' title='bbox 1838 3300 1988 3356; x_wconf 90' lang='lat' dir='ltr'><strong>ducit</strong></span> <span class='ocrx_word' id='word_1_489' title='bbox 2011 3315 2110 3357; x_wconf 89' lang='lat' dir='ltr'><strong>eos</strong></span> <span class='ocrx_word' id='word_1_490' title='bbox 2132 3301 2226 3373; x_wconf 85' lang='lat' dir='ltr'><strong>qui</strong></span> <span class='ocrx_word' id='word_1_491' title='bbox 2254 3301 2306 3357; x_wconf 84' lang='lat' dir='ltr'><strong>ei</strong></span> <span class='ocrx_word' id='word_1_492' title='bbox 2337 3299 2583 3357; x_wconf 88' lang='lat' dir='ltr'><strong>insidiati</strong></span> <span class='ocrx_word' id='word_1_493' title='bbox 2616 3308 2766 3356; x_wconf 87' lang='lat' dir='ltr'><strong>sunt.</strong></span> 
     </span>
    </p>
   </div>
   <div class='ocr_carea' id='block_1_67' title="bbox 918 3461 3394 3535">
    <p class='ocr_par' dir='ltr' id='par_1_67' title="bbox 918 3461 3394 3535">
     <span class='ocr_line' id='line_1_67' title="bbox 918 3461 3394 3535; baseline -0.001 -14"><span class='ocrx_word' id='word_1_494' title='bbox 918 3464 1047 3522; x_wconf 73' lang='lat' dir='ltr'><strong>CAP.</strong></span> <span class='ocrx_word' id='word_1_495' title='bbox 1081 3462 1151 3519; x_wconf 80' lang='grc' dir='ltr'><strong>Χ.</strong></span> <span class='ocrx_word' id='word_1_496' title='bbox 1172 3463 1363 3521; x_wconf 68' lang='lat' dir='ltr'><strong>Pana:</strong></span> <span class='ocrx_word' id='word_1_497' title='bbox 1388 3473 1510 3520; x_wconf 76' lang='lat' dir='ltr'><strong>sunt</strong></span> <span class='ocrx_word' id='word_1_498' title='bbox 1540 3472 1850 3535; x_wconf 82' lang='lat' dir='ltr'><strong>argumenta</strong></span> <span class='ocrx_word' id='word_1_499' title='bbox 1880 3465 2107 3522; x_wconf 68' lang='lat' dir='ltr'><strong>virtutis.</strong></span> <span class='ocrx_word' id='word_1_500' title='bbox 2140 3462 2371 3520; x_wconf 81' lang='lat' dir='ltr'><strong>Manetis</strong></span> <span class='ocrx_word' id='word_1_501' title='bbox 2405 3462 2742 3534; x_wconf 75' lang='lat' dir='ltr'><strong>blasphemia:</strong></span> <span class='ocrx_word' id='word_1_502' title='bbox 2772 3463 2831 3516; x_wconf 82' lang='lat' dir='ltr'><strong>in</strong></span> <span class='ocrx_word' id='word_1_503' title='bbox 2854 3461 2957 3517; x_wconf 76' lang='lat' dir='ltr'><strong>Dei</strong></span> <span class='ocrx_word' id='word_1_504' title='bbox 2991 3463 3394 3534; x_wconf 74' lang='lat' dir='ltr'><strong>prouidentiam.</strong></span> 
     </span>
    </p>
   </div>
   <div class='ocr_carea' id='block_1_68' title="bbox 606 3624 2111 3695">
    <p class='ocr_par' dir='ltr' id='par_1_68' title="bbox 606 3624 2111 3695">
     <span class='ocr_line' id='line_1_68' title="bbox 606 3624 2111 3695; baseline -0.003 -12"><span class='ocrx_word' id='word_1_505' title='bbox 606 3625 728 3683; x_wconf 74' lang='lat' dir='ltr'><strong>Alia</strong></span> <span class='ocrx_word' id='word_1_506' title='bbox 753 3626 916 3682; x_wconf 88' lang='lat' dir='ltr'><strong>etiam</strong></span> <span class='ocrx_word' id='word_1_507' title='bbox 940 3624 1149 3680; x_wconf 84' lang='lat' dir='ltr'><strong>ratione</strong></span> <span class='ocrx_word' id='word_1_508' title='bbox 1170 3624 1315 3695; x_wconf 88' lang='lat' dir='ltr'><strong>apud</strong></span> <span class='ocrx_word' id='word_1_509' title='bbox 1342 3624 1591 3680; x_wconf 88' lang='lat' dir='ltr'><strong>homines</strong></span> <span class='ocrx_word' id='word_1_510' title='bbox 1621 3624 1993 3680; x_wconf 81' lang='lat' dir='ltr'><strong>necessarium</strong></span> <span class='ocrx_word' id='word_1_511' title='bbox 2020 3632 2111 3681; x_wconf 85' lang='lat' dir='ltr'><strong>est</strong></span> 
     </span>
    </p>
   </div>
   <div class='ocr_carea' id='block_1_69' title="bbox 538 3716 2110 3792">
    <p class='ocr_par' dir='ltr' id='par_1_69' title="bbox 538 3716 2110 3792">
     <span class='ocr_line' id='line_1_69' title="bbox 538 3716 2110 3792; baseline -0.002 -15"><span class='ocrx_word' id='word_1_512' title='bbox 538 3721 780 3792; x_wconf 88' lang='lat' dir='ltr'><strong>permitti</strong></span> <span class='ocrx_word' id='word_1_513' title='bbox 824 3734 856 3773; x_wconf 88' lang='lat' dir='ltr'><strong>a</strong></span> <span class='ocrx_word' id='word_1_514' title='bbox 889 3718 1000 3775; x_wconf 92' lang='lat' dir='ltr'><strong>Deo</strong></span> <span class='ocrx_word' id='word_1_515' title='bbox 1054 3726 1326 3773; x_wconf 89' lang='lat' dir='ltr'><strong>tormenta</strong></span> <span class='ocrx_word' id='word_1_516' title='bbox 1375 3724 1430 3773; x_wconf 90' lang='lat' dir='ltr'><strong>et</strong></span> <span class='ocrx_word' id='word_1_517' title='bbox 1474 3716 1794 3781; x_wconf 84' lang='lat' dir='ltr'><strong>cruciatus,</strong></span> <span class='ocrx_word' id='word_1_518' title='bbox 1823 3724 1884 3772; x_wconf 93' lang='lat' dir='ltr'><strong>ut</strong></span> <span class='ocrx_word' id='word_1_519' title='bbox 1936 3718 2110 3789; x_wconf 80' lang='lat' dir='ltr'><strong>magis</strong></span> 
     </span>
    </p>
   </div>
   <div class='ocr_carea' id='block_1_70' title="bbox 539 3809 2110 3884">
    <p class='ocr_par' dir='ltr' id='par_1_70' title="bbox 539 3809 2110 3884">
     <span class='ocr_line' id='line_1_70' title="bbox 539 3809 2110 3884; baseline -0.004 -14"><span class='ocrx_word' id='word_1_520' title='bbox 539 3819 787 3884; x_wconf 83' lang='lat' dir='ltr'><strong>spectata</strong></span> <span class='ocrx_word' id='word_1_521' title='bbox 814 3826 878 3866; x_wconf 91' lang='lat' dir='ltr'><strong>ac</strong></span> <span class='ocrx_word' id='word_1_522' title='bbox 906 3810 1133 3881; x_wconf 89' lang='lat' dir='ltr'><strong>probata</strong></span> <span class='ocrx_word' id='word_1_523' title='bbox 1174 3809 1246 3865; x_wconf 90' lang='lat' dir='ltr'><strong>sit</strong></span> <span class='ocrx_word' id='word_1_524' title='bbox 1278 3809 1448 3865; x_wconf 90' lang='lat' dir='ltr'><strong>libera</strong></span> <span class='ocrx_word' id='word_1_525' title='bbox 1475 3810 1694 3866; x_wconf 85' lang='lat' dir='ltr'><strong>virtutis</strong></span> <span class='ocrx_word' id='word_1_526' title='bbox 1735 3810 2030 3881; x_wconf 89' lang='lat' dir='ltr'><strong>susceptio,</strong></span> <span class='ocrx_word' id='word_1_527' title='bbox 2063 3809 2110 3866; x_wconf 90' lang='lat' dir='ltr'><strong>si</strong></span> 
     </span>
    </p>
   </div>
   <div class='ocr_carea' id='block_1_71' title="bbox 541 3900 2107 3974">
    <p class='ocr_par' dir='ltr' id='par_1_71' title="bbox 541 3900 2107 3974">
     <span class='ocr_line' id='line_1_71' title="bbox 541 3900 2107 3974; baseline -0.002 -15"><span class='ocrx_word' id='word_1_528' title='bbox 541 3919 719 3974; x_wconf 87' lang='lat' dir='ltr'><strong>neque</strong></span> <span class='ocrx_word' id='word_1_529' title='bbox 745 3910 977 3958; x_wconf 82' lang='lat' dir='ltr'><strong>mortem</strong></span> <span class='ocrx_word' id='word_1_530' title='bbox 1007 3913 1264 3973; x_wconf 85' lang='lat' dir='ltr'><strong>oppetere</strong></span> <span class='ocrx_word' id='word_1_531' title='bbox 1310 3900 1647 3958; x_wconf 79' lang='lat' dir='ltr'><strong>reformidet.</strong></span> <span class='ocrx_word' id='word_1_532' title='bbox 1693 3900 1811 3956; x_wconf 82' lang='lat' dir='ltr'><strong>Jam</strong></span> <span class='ocrx_word' id='word_1_533' title='bbox 1835 3918 1959 3958; x_wconf 90' lang='lat' dir='ltr'><strong>cum</strong></span> <span class='ocrx_word' id='word_1_534' title='bbox 2010 3902 2107 3956; x_wconf 91' lang='lat' dir='ltr'><strong>im-</strong></span> 
     </span>
    </p>
   </div>
   <div class='ocr_carea' id='block_1_72' title="bbox 541 3992 2113 4066">
    <p class='ocr_par' dir='ltr' id='par_1_72' title="bbox 541 3992 2113 4066">
     <span class='ocr_line' id='line_1_72' title="bbox 541 3992 2113 4066; baseline -0.001 -16"><span class='ocrx_word' id='word_1_535' title='bbox 541 3996 741 4066; x_wconf 88' lang='lat' dir='ltr'><strong>probos</strong></span> <span class='ocrx_word' id='word_1_536' title='bbox 761 4001 816 4049; x_wconf 81' lang='lat' dir='ltr'><strong>et</strong></span> <span class='ocrx_word' id='word_1_537' title='bbox 836 3994 1077 4050; x_wconf 65' lang='lat' dir='ltr'><strong>avaritiae</strong></span> <span class='ocrx_word' id='word_1_538' title='bbox 1109 3992 1323 4049; x_wconf 89' lang='lat' dir='ltr'><strong>deditos</strong></span> <span class='ocrx_word' id='word_1_539' title='bbox 1348 3993 1649 4051; x_wconf 82' lang='lat' dir='ltr'><strong>viderimus</strong></span> <span class='ocrx_word' id='word_1_540' title='bbox 1688 3995 1985 4066; x_wconf 86' lang='lat' dir='ltr'><strong>aliquando</strong></span> <span class='ocrx_word' id='word_1_541' title='bbox 2011 3996 2113 4050; x_wconf 86' lang='lat' dir='ltr'><strong>im-</strong></span> 
     </span>
    </p>
   </div>
   <div class='ocr_carea' id='block_1_73' title="bbox 541 4087 2115 4160">
    <p class='ocr_par' dir='ltr' id='par_1_73' title="bbox 541 4087 2115 4160">
     <span class='ocr_line' id='line_1_73' title="bbox 541 4087 2115 4160; baseline 0.001 -19"><span class='ocrx_word' id='word_1_542' title='bbox 541 4088 748 4158; x_wconf 88' lang='lat' dir='ltr'><strong>perium</strong></span> <span class='ocrx_word' id='word_1_543' title='bbox 772 4095 975 4154; x_wconf 87' lang='lat' dir='ltr'><strong>tenere,</strong></span> <span class='ocrx_word' id='word_1_544' title='bbox 1009 4095 1065 4142; x_wconf 91' lang='lat' dir='ltr'><strong>et</strong></span> <span class='ocrx_word' id='word_1_545' title='bbox 1089 4087 1156 4142; x_wconf 89' lang='lat' dir='ltr'><strong>ad</strong></span> <span class='ocrx_word' id='word_1_546' title='bbox 1183 4088 1538 4160; x_wconf 84' lang='lat' dir='ltr'><strong>magistratus</strong></span> <span class='ocrx_word' id='word_1_547' title='bbox 1568 4087 1733 4158; x_wconf 90' lang='lat' dir='ltr'><strong>eligi;</strong></span> <span class='ocrx_word' id='word_1_548' title='bbox 1765 4088 1909 4145; x_wconf 86' lang='lat' dir='ltr'><strong>scire</strong></span> <span class='ocrx_word' id='word_1_549' title='bbox 1944 4102 2115 4158; x_wconf 90' lang='lat' dir='ltr'><strong>opor-</strong></span> 
     </span>
    </p>
   </div>
   <div class='ocr_carea' id='block_1_74' title="bbox 541 4179 2110 4252">
    <p class='ocr_par' dir='ltr' id='par_1_74' title="bbox 541 4179 2110 4252">
     <span class='ocr_line' id='line_1_74' title="bbox 541 4179 2110 4252; baseline 0.001 -17"><span class='ocrx_word' id='word_1_550' title='bbox 541 4187 619 4236; x_wconf 83' lang='lat' dir='ltr'><strong>tet</strong></span> <span class='ocrx_word' id='word_1_551' title='bbox 649 4180 885 4251; x_wconf 88' lang='lat' dir='ltr'><strong>permitti</strong></span> <span class='ocrx_word' id='word_1_552' title='bbox 929 4179 1033 4235; x_wconf 92' lang='lat' dir='ltr'><strong>hoc</strong></span> <span class='ocrx_word' id='word_1_553' title='bbox 1065 4181 1406 4251; x_wconf 89' lang='lat' dir='ltr'><strong>providentia</strong></span> <span class='ocrx_word' id='word_1_554' title='bbox 1442 4197 1509 4238; x_wconf 87' lang='lat' dir='ltr'><strong>ac</strong></span> <span class='ocrx_word' id='word_1_555' title='bbox 1555 4182 1948 4252; x_wconf 79' lang='lat' dir='ltr'><strong>gubernatione</strong></span> <span class='ocrx_word' id='word_1_556' title='bbox 1973 4181 2066 4238; x_wconf 89' lang='lat' dir='ltr'><strong>Dei</strong></span> <span class='ocrx_word' id='word_1_557' title='bbox 2097 4201 2110 4236; x_wconf 92' lang='lat'>:</span> 
     </span>
    </p>
   </div>
   <div class='ocr_carea' id='block_1_75' title="bbox 542 4271 2111 4345">
    <p class='ocr_par' dir='ltr' id='par_1_75' title="bbox 542 4271 2111 4345">
     <span class='ocr_line' id='line_1_75' title="bbox 542 4271 2111 4345; baseline 0 -18"><span class='ocrx_word' id='word_1_558' title='bbox 542 4287 666 4327; x_wconf 91' lang='lat' dir='ltr'><strong>cum</strong></span> <span class='ocrx_word' id='word_1_559' title='bbox 689 4271 834 4327; x_wconf 91' lang='lat' dir='ltr'><strong>enim</strong></span> <span class='ocrx_word' id='word_1_560' title='bbox 861 4273 951 4341; x_wconf 87' lang='lat' dir='ltr'><strong>qui</strong></span> <span class='ocrx_word' id='word_1_561' title='bbox 976 4279 1105 4326; x_wconf 87' lang='lat' dir='ltr'><strong>sunt</strong></span> <span class='ocrx_word' id='word_1_562' title='bbox 1140 4273 1246 4328; x_wconf 87' lang='lat' dir='ltr'><strong>sub</strong></span> <span class='ocrx_word' id='word_1_563' title='bbox 1283 4273 1513 4344; x_wconf 88' lang='lat' dir='ltr'><strong>imperio</strong></span> <span class='ocrx_word' id='word_1_564' title='bbox 1545 4276 1787 4345; x_wconf 89' lang='lat' dir='ltr'><strong>peccatis</strong></span> <span class='ocrx_word' id='word_1_565' title='bbox 1809 4274 2111 4340; x_wconf 88' lang='lat' dir='ltr'><strong>abundant,</strong></span> 
     </span>
    </p>
   </div>
   <div class='ocr_carea' id='block_1_76' title="bbox 536 4361 2115 4436">
    <p class='ocr_par' dir='ltr' id='par_1_76' title="bbox 536 4361 2115 4436">
     <span class='ocr_line' id='line_1_76' title="bbox 536 4361 2115 4436; baseline 0.003 -21"><span class='ocrx_word' id='word_1_566' title='bbox 536 4362 747 4433; x_wconf 91' lang='lat' dir='ltr'><strong>justum</strong></span> <span class='ocrx_word' id='word_1_567' title='bbox 771 4361 1095 4432; x_wconf 87' lang='lat' dir='ltr'><strong>supplicium</strong></span> <span class='ocrx_word' id='word_1_568' title='bbox 1129 4371 1214 4418; x_wconf 90' lang='lat' dir='ltr'><strong>est</strong></span> <span class='ocrx_word' id='word_1_569' title='bbox 1246 4362 1507 4433; x_wconf 88' lang='lat' dir='ltr'><strong>iniquitas</strong></span> <span class='ocrx_word' id='word_1_570' title='bbox 1529 4379 1721 4418; x_wconf 88' lang='lat' dir='ltr'><strong>eorum</strong></span> <span class='ocrx_word' id='word_1_571' title='bbox 1754 4364 1851 4436; x_wconf 88' lang='lat' dir='ltr'><strong>qui</strong></span> <span class='ocrx_word' id='word_1_572' title='bbox 1881 4365 2115 4435; x_wconf 87' lang='lat' dir='ltr'><strong>imperio</strong></span> 
     </span>
    </p>
   </div>
   <div class='ocr_carea' id='block_1_77' title="bbox 2286 3617 3796 3692">
    <p class='ocr_par' dir='ltr' id='par_1_77' title="bbox 2286 3617 3796 3692">
     <span class='ocr_line' id='line_1_77' title="bbox 2286 3617 3796 3692; baseline 0 -19"><span class='ocrx_word' id='word_1_573' title='bbox 2286 3619 2398 3673; x_wconf 73' lang='grc' dir='ltr'>Καὶ</span> <span class='ocrx_word' id='word_1_574' title='bbox 2424 3619 2597 3683; x_wconf 81' lang='grc' dir='ltr'>ἄλλως</span> <span class='ocrx_word' id='word_1_575' title='bbox 2648 3620 2707 3674; x_wconf 87' lang='grc' dir='ltr'><strong>ἐν</strong></span> <span class='ocrx_word' id='word_1_576' title='bbox 2744 3617 3052 3691; x_wconf 77' lang='grc' dir='ltr'>ἀνθρώποις</span> <span class='ocrx_word' id='word_1_577' title='bbox 3107 3619 3381 3689; x_wconf 87' lang='grc' dir='ltr'>ἀναγκαία</span> <span class='ocrx_word' id='word_1_578' title='bbox 3422 3619 3524 3692; x_wconf 83' lang='grc' dir='ltr'>τῆς</span> <span class='ocrx_word' id='word_1_579' title='bbox 3562 3617 3796 3692; x_wconf 74' lang='grc' dir='ltr'>βασάνου</span> 
     </span>
    </p>
   </div>
   <div class='ocr_carea' id='block_1_78' title="bbox 2215 3711 3796 3788">
    <p class='ocr_par' dir='ltr' id='par_1_78' title="bbox 2215 3711 3796 3788">
     <span class='ocr_line' id='line_1_78' title="bbox 2215 3711 3796 3788; baseline -0.003 -20"><span class='ocrx_word' id='word_1_580' title='bbox 2215 3712 2250 3785; x_wconf 83' lang='grc' dir='ltr'>ἢ</span> <span class='ocrx_word' id='word_1_581' title='bbox 2303 3711 2454 3785; x_wconf 85' lang='grc' dir='ltr'><strong>παρά</strong></span> <span class='ocrx_word' id='word_1_582' title='bbox 2508 3712 2601 3767; x_wconf 88' lang='grc' dir='ltr'><strong>τοῦ</strong></span> <span class='ocrx_word' id='word_1_583' title='bbox 2654 3712 2791 3766; x_wconf 85' lang='grc' dir='ltr'>Θεοῦ</span> <span class='ocrx_word' id='word_1_584' title='bbox 2835 3712 3200 3786; x_wconf 86' lang='grc' dir='ltr'>συγχώρησις,</span> <span class='ocrx_word' id='word_1_585' title='bbox 3234 3713 3310 3778; x_wconf 87' lang='grc' dir='ltr'>ὡς</span> <span class='ocrx_word' id='word_1_586' title='bbox 3353 3712 3420 3767; x_wconf 83' lang='grc' dir='ltr'>ἂν</span> <span class='ocrx_word' id='word_1_587' title='bbox 3453 3714 3796 3788; x_wconf 67' lang='grc' dir='ltr'>δοκιμωτέρα</span> 
     </span>
    </p>
   </div>
   <div class='ocr_carea' id='block_1_79' title="bbox 2218 3804 3797 3878">
    <p class='ocr_par' dir='ltr' id='par_1_79' title="bbox 2218 3804 3797 3878">
     <span class='ocr_line' id='line_1_79' title="bbox 2218 3804 3797 3878; baseline 0.001 -19"><span class='ocrx_word' id='word_1_588' title='bbox 2218 3804 2475 3876; x_wconf 87' lang='grc' dir='ltr'>τυγχάνοι</span> <span class='ocrx_word' id='word_1_589' title='bbox 2511 3807 2545 3876; x_wconf 79' lang='grc' dir='ltr'><strong>ἡ</strong></span> <span class='ocrx_word' id='word_1_590' title='bbox 2575 3805 2783 3878; x_wconf 78' lang='grc' dir='ltr'>αἵρεσις</span> <span class='ocrx_word' id='word_1_591' title='bbox 2814 3806 2911 3876; x_wconf 83' lang='grc' dir='ltr'>τῆς</span> <span class='ocrx_word' id='word_1_592' title='bbox 2936 3806 3155 3878; x_wconf 81' lang='grc' dir='ltr'>ἀρετῆς,</span> <span class='ocrx_word' id='word_1_593' title='bbox 3190 3806 3238 3858; x_wconf 86' lang='grc' dir='ltr'><strong>εί</strong></span> <span class='ocrx_word' id='word_1_594' title='bbox 3271 3804 3405 3876; x_wconf 84' lang='grc' dir='ltr'>μηδὲ</span> <span class='ocrx_word' id='word_1_595' title='bbox 3433 3805 3669 3860; x_wconf 89' lang='grc' dir='ltr'>θάνατον</span> <span class='ocrx_word' id='word_1_596' title='bbox 3711 3807 3797 3861; x_wconf 77' lang='grc' dir='ltr'>εὑο</span> 
     </span>
    </p>
   </div>
   <div class='ocr_carea' id='block_1_80' title="bbox 2217 3896 3794 3973">
    <p class='ocr_par' dir='ltr' id='par_1_80' title="bbox 2217 3896 3794 3973">
     <span class='ocr_line' id='line_1_80' title="bbox 2217 3896 3794 3973; baseline 0.003 -24"><span class='ocrx_word' id='word_1_597' title='bbox 2217 3896 2451 3952; x_wconf 84' lang='grc' dir='ltr'>λαϐοῐτο.</span> <span class='ocrx_word' id='word_1_598' title='bbox 2493 3899 2771 3970; x_wconf 85' lang='grc' dir='ltr'>Πονηροῦς</span> <span class='ocrx_word' id='word_1_599' title='bbox 2790 3898 2847 3952; x_wconf 87' lang='grc' dir='ltr'>δὲ</span> <span class='ocrx_word' id='word_1_600' title='bbox 2885 3898 2979 3952; x_wconf 79' lang='grc' dir='ltr'>καὶ</span> <span class='ocrx_word' id='word_1_601' title='bbox 3004 3897 3413 3963; x_wconf 81' lang='grc' dir='ltr'>πλεονεκτικοὺς</span> <span class='ocrx_word' id='word_1_602' title='bbox 3434 3899 3565 3955; x_wconf 84' lang='grc' dir='ltr'>ὅταν</span> <span class='ocrx_word' id='word_1_603' title='bbox 3603 3900 3794 3973; x_wconf 73' lang='grc' dir='ltr'>ἴδωμεν</span> 
     </span>
    </p>
   </div>
   <div class='ocr_carea' id='block_1_81' title="bbox 2219 3989 3789 4064">
    <p class='ocr_par' dir='ltr' id='par_1_81' title="bbox 2219 3989 3789 4064">
     <span class='ocr_line' id='line_1_81' title="bbox 2219 3989 3789 4064; baseline 0.001 -21"><span class='ocrx_word' id='word_1_604' title='bbox 2219 3990 2364 4044; x_wconf 75' lang='grc' dir='ltr'>ἐστιν</span> <span class='ocrx_word' id='word_1_605' title='bbox 2395 3991 2485 4044; x_wconf 85' lang='grc' dir='ltr'><strong>ὅτε</strong></span> <span class='ocrx_word' id='word_1_606' title='bbox 2522 3990 2878 4062; x_wconf 79' lang='grc' dir='ltr'>κρατοῦντας,</span> <span class='ocrx_word' id='word_1_607' title='bbox 2904 3991 2998 4044; x_wconf 72' lang='grc' dir='ltr'>καὶ</span> <span class='ocrx_word' id='word_1_608' title='bbox 3029 3989 3127 4054; x_wconf 86' lang='grc' dir='ltr'>τὰς</span> <span class='ocrx_word' id='word_1_609' title='bbox 3159 3989 3334 4062; x_wconf 83' lang='grc' dir='ltr'>ἀρχὰς</span> <span class='ocrx_word' id='word_1_610' title='bbox 3352 3993 3789 4064; x_wconf 84' lang='grc' dir='ltr'>πιστευομένους·</span> 
     </span>
    </p>
   </div>
   <div class='ocr_carea' id='block_1_82' title="bbox 2221 4081 3794 4157">
    <p class='ocr_par' dir='ltr' id='par_1_82' title="bbox 2221 4081 3794 4157">
     <span class='ocr_line' id='line_1_82' title="bbox 2221 4081 3794 4157; baseline 0.002 -22"><span class='ocrx_word' id='word_1_611' title='bbox 2221 4081 2417 4146; x_wconf 77' lang='grc' dir='ltr'>ἰστέον,</span> <span class='ocrx_word' id='word_1_612' title='bbox 2445 4083 2527 4135; x_wconf 77' lang='grc' dir='ltr'><strong>ὅτι</strong></span> <span class='ocrx_word' id='word_1_613' title='bbox 2564 4081 2906 4155; x_wconf 85' lang='grc' dir='ltr'>συγχώρησίς</span> <span class='ocrx_word' id='word_1_614' title='bbox 2933 4082 3161 4137; x_wconf 79' lang='grc' dir='ltr'>ἐστικαὶ</span> <span class='ocrx_word' id='word_1_615' title='bbox 3180 4081 3337 4136; x_wconf 90' lang='grc' dir='ltr'>τοῦτο</span> <span class='ocrx_word' id='word_1_616' title='bbox 3360 4083 3462 4154; x_wconf 89' lang='grc' dir='ltr'>τῆς</span> <span class='ocrx_word' id='word_1_617' title='bbox 3488 4085 3794 4157; x_wconf 81' lang='grc' dir='ltr'>οἰκονομίας</span> 
     </span>
    </p>
   </div>
   <div class='ocr_carea' id='block_1_83' title="bbox 2219 4172 3793 4247">
    <p class='ocr_par' dir='ltr' id='par_1_83' title="bbox 2219 4172 3793 4247">
     <span class='ocr_line' id='line_1_83' title="bbox 2219 4172 3793 4247; baseline 0.004 -21"><span class='ocrx_word' id='word_1_618' title='bbox 2219 4172 2315 4226; x_wconf 87' lang='grc' dir='ltr'><strong>τοῦ</strong></span> <span class='ocrx_word' id='word_1_619' title='bbox 2347 4173 2482 4227; x_wconf 85' lang='grc' dir='ltr'>Θεοῦ</span> <span class='ocrx_word' id='word_1_620' title='bbox 2509 4190 2524 4205; x_wconf 79' lang='grc'><strong><em>⁸</em></strong></span> <span class='ocrx_word' id='word_1_621' title='bbox 2585 4173 2803 4228; x_wconf 79' lang='grc' dir='ltr'>ἐπειδὰν</span> <span class='ocrx_word' id='word_1_622' title='bbox 2849 4172 2959 4246; x_wconf 82' lang='grc' dir='ltr'>γὰρ</span> <span class='ocrx_word' id='word_1_623' title='bbox 2986 4173 3056 4228; x_wconf 84' lang='grc' dir='ltr'><strong>τά</strong></span> <span class='ocrx_word' id='word_1_624' title='bbox 3088 4173 3187 4245; x_wconf 75' lang='grc' dir='ltr'>τῆς</span> <span class='ocrx_word' id='word_1_625' title='bbox 3221 4174 3495 4245; x_wconf 85' lang='grc' dir='ltr'>ἁμαρτίας</span> <span class='ocrx_word' id='word_1_626' title='bbox 3531 4176 3793 4247; x_wconf 72' lang='grc' dir='ltr'>πλεονάζῃ</span> 
     </span>
    </p>
   </div>
   <div class='ocr_carea' id='block_1_84' title="bbox 2220 4266 3794 4339">
    <p class='ocr_par' dir='ltr' id='par_1_84' title="bbox 2220 4266 3794 4339">
     <span class='ocr_line' id='line_1_84' title="bbox 2220 4266 3794 4339; baseline 0.001 -19"><span class='ocrx_word' id='word_1_627' title='bbox 2220 4266 2330 4321; x_wconf 83' lang='grc' dir='ltr'><strong>τῶν</strong></span> <span class='ocrx_word' id='word_1_628' title='bbox 2371 4267 2709 4339; x_wconf 72' lang='grc' dir='ltr'>ἀρχομένων,</span> <span class='ocrx_word' id='word_1_629' title='bbox 2740 4267 2960 4331; x_wconf 86' lang='grc' dir='ltr'>κόλασις</span> <span class='ocrx_word' id='word_1_630' title='bbox 2999 4267 3065 4321; x_wconf 86' lang='grc' dir='ltr'>ἂν</span> <span class='ocrx_word' id='word_1_631' title='bbox 3100 4267 3314 4337; x_wconf 81' lang='grc' dir='ltr'>γένοιτο</span> <span class='ocrx_word' id='word_1_632' title='bbox 3343 4267 3530 4322; x_wconf 88' lang='grc' dir='ltr'>δικαία</span> <span class='ocrx_word' id='word_1_633' title='bbox 3568 4268 3681 4322; x_wconf 87' lang='grc' dir='ltr'>τῶν</span> <span class='ocrx_word' id='word_1_634' title='bbox 3709 4270 3794 4338; x_wconf 69' lang='grc' dir='ltr'><strong>ἀρ⁴</strong></span> 
     </span>
    </p>
   </div>
   <div class='ocr_carea' id='block_1_85' title="bbox 2220 4358 3794 4432">
    <p class='ocr_par' dir='ltr' id='par_1_85' title="bbox 2220 4358 3794 4432">
     <span class='ocr_line' id='line_1_85' title="bbox 2220 4358 3794 4432; baseline 0.001 -19"><span class='ocrx_word' id='word_1_635' title='bbox 2220 4360 2422 4432; x_wconf 89' lang='grc' dir='ltr'>χόντων</span> <span class='ocrx_word' id='word_1_636' title='bbox 2460 4363 2494 4430; x_wconf 83' lang='grc' dir='ltr'><strong>ἡ</strong></span> <span class='ocrx_word' id='word_1_637' title='bbox 2527 4360 2735 4424; x_wconf 83' lang='grc' dir='ltr'>ἀδικία,</span> <span class='ocrx_word' id='word_1_638' title='bbox 2788 4359 3213 4432; x_wconf 80' lang='grc' dir='ltr'>τιμωρουμένων</span> <span class='ocrx_word' id='word_1_639' title='bbox 3244 4358 3279 4414; x_wconf 78' lang='grc' dir='ltr'>ἃ</span> <span class='ocrx_word' id='word_1_640' title='bbox 3332 4360 3655 4431; x_wconf 86' lang='grc' dir='ltr'>πράττουσι,</span> <span class='ocrx_word' id='word_1_641' title='bbox 3705 4362 3794 4415; x_wconf 76' lang='grc' dir='ltr'><strong>καὶ</strong></span> 
     </span>
    </p>
   </div>
   <div class='ocr_carea' id='block_1_86' title="bbox 542 4439 2113 4527">
    <p class='ocr_par' dir='ltr' id='par_1_86' title="bbox 542 4455 2113 4527">
     <span class='ocr_line' id='line_1_86' title="bbox 542 4455 2113 4527; baseline 0.003 -19"><span class='ocrx_word' id='word_1_642' title='bbox 542 4460 807 4526; x_wconf 71' lang='grc' dir='ltr'>ριίιιευηι,</span> <span class='ocrx_word' id='word_1_643' title='bbox 840 4455 930 4525; x_wconf 85' lang='lat' dir='ltr'><strong>qui</strong></span> <span class='ocrx_word' id='word_1_644' title='bbox 964 4455 1304 4511; x_wconf 90' lang='lat' dir='ltr'><strong>ulciscuntur</strong></span> <span class='ocrx_word' id='word_1_645' title='bbox 1339 4471 1463 4526; x_wconf 66' lang='lat' dir='ltr'><strong>quae</strong></span> <span class='ocrx_word' id='word_1_646' title='bbox 1492 4456 1733 4522; x_wconf 84' lang='lat' dir='ltr'><strong>faciunt,</strong></span> <span class='ocrx_word' id='word_1_647' title='bbox 1779 4463 1833 4512; x_wconf 91' lang='lat' dir='ltr'><strong>et</strong></span> <span class='ocrx_word' id='word_1_648' title='bbox 1880 4456 2113 4527; x_wconf 88' lang='lat' dir='ltr'><strong>puniunt</strong></span> 
     </span>
    </p>
   </div>
   <div class='ocr_carea' id='block_1_87' title="bbox 2215 4439 3793 4527">
    <p class='ocr_par' dir='ltr' id='par_1_87' title="bbox 2220 4451 3793 4527">
     <span class='ocr_line' id='line_1_87' title="bbox 2220 4451 3793 4527; baseline 0.003 -22"><span class='ocrx_word' id='word_1_649' title='bbox 2220 4451 2551 4518; x_wconf 72' lang='grc' dir='ltr'>κολαζόντων</span> <span class='ocrx_word' id='word_1_650' title='bbox 2599 4451 2636 4506; x_wconf 80' lang='grc' dir='ltr'><strong>ἂ</strong></span> <span class='ocrx_word' id='word_1_651' title='bbox 2688 4451 2968 4506; x_wconf 87' lang='grc' dir='ltr'>ποιοῦσιν·</span> <span class='ocrx_word' id='word_1_652' title='bbox 3034 4451 3112 4517; x_wconf 86' lang='grc' dir='ltr'>ὼς</span> <span class='ocrx_word' id='word_1_653' title='bbox 3172 4451 3239 4507; x_wconf 82' lang='grc' dir='ltr'><strong>ἂν</strong></span> <span class='ocrx_word' id='word_1_654' title='bbox 3296 4452 3510 4522; x_wconf 80' lang='grc' dir='ltr'>γένοιτο</span> <span class='ocrx_word' id='word_1_655' title='bbox 3566 4454 3793 4527; x_wconf 78' lang='grc' dir='ltr'>μάλιστα</span> 
     </span>
    </p>
   </div>
   <div class='ocr_carea' id='block_1_88' title="bbox 542 4548 2112 4621">
    <p class='ocr_par' dir='ltr' id='par_1_88' title="bbox 542 4548 2112 4621">
     <span class='ocr_line' id='line_1_88' title="bbox 542 4548 2112 4621; baseline 0.003 -19"><span class='ocrx_word' id='word_1_656' title='bbox 542 4563 663 4619; x_wconf 67' lang='grc' dir='ltr'><strong>ηοω</strong></span> <span class='ocrx_word' id='word_1_657' title='bbox 689 4548 1077 4603; x_wconf 88' lang='lat' dir='ltr'><strong>committunt:</strong></span> <span class='ocrx_word' id='word_1_658' title='bbox 1107 4555 1168 4603; x_wconf 94' lang='lat' dir='ltr'><strong>ut</strong></span> <span class='ocrx_word' id='word_1_659' title='bbox 1212 4548 1449 4604; x_wconf 83' lang='lat' dir='ltr'><strong>maxime</strong></span> <span class='ocrx_word' id='word_1_660' title='bbox 1513 4555 1695 4621; x_wconf 86' lang='lat' dir='ltr'><strong>pateat</strong></span> <span class='ocrx_word' id='word_1_661' title='bbox 1758 4565 1869 4605; x_wconf 92' lang='lat' dir='ltr'><strong>non</strong></span> <span class='ocrx_word' id='word_1_662' title='bbox 1899 4552 2112 4607; x_wconf 90' lang='lat' dir='ltr'><strong>contin-</strong></span> 
     </span>
    </p>
   </div>
   <div class='ocr_carea' id='block_1_89' title="bbox 542 4640 2116 4714">
    <p class='ocr_par' dir='ltr' id='par_1_89' title="bbox 542 4640 2116 4714">
     <span class='ocr_line' id='line_1_89' title="bbox 542 4640 2116 4714; baseline 0.001 -18"><span class='ocrx_word' id='word_1_663' title='bbox 542 4656 668 4711; x_wconf 89' lang='lat' dir='ltr'><strong>gere</strong></span> <span class='ocrx_word' id='word_1_664' title='bbox 707 4651 763 4695; x_wconf 86' lang='lat' dir='ltr'><strong>ut</strong></span> <span class='ocrx_word' id='word_1_665' title='bbox 810 4648 1094 4710; x_wconf 89' lang='lat' dir='ltr'><strong>peccatum</strong></span> <span class='ocrx_word' id='word_1_666' title='bbox 1156 4641 1489 4711; x_wconf 91' lang='lat' dir='ltr'><strong>impunitum</strong></span> <span class='ocrx_word' id='word_1_667' title='bbox 1535 4644 1630 4698; x_wconf 89' lang='lat' dir='ltr'><strong>sit.</strong></span> <span class='ocrx_word' id='word_1_668' title='bbox 1660 4640 1864 4699; x_wconf 86' lang='lat' dir='ltr'><strong>Rectus</strong></span> <span class='ocrx_word' id='word_1_669' title='bbox 1894 4643 2116 4714; x_wconf 91' lang='lat' dir='ltr'><strong>quidem</strong></span> 
     </span>
    </p>
   </div>
   <div class='ocr_carea' id='block_1_90' title="bbox 544 4729 2116 4802">
    <p class='ocr_par' dir='ltr' id='par_1_90' title="bbox 544 4729 2116 4802">
     <span class='ocr_line' id='line_1_90' title="bbox 544 4729 2116 4802; baseline 0.003 -17"><span class='ocrx_word' id='word_1_670' title='bbox 544 4730 713 4786; x_wconf 75' lang='lat' dir='ltr'><strong>videri</strong></span> <span class='ocrx_word' id='word_1_671' title='bbox 750 4739 924 4800; x_wconf 88' lang='lat' dir='ltr'><strong>potest</strong></span> <span class='ocrx_word' id='word_1_672' title='bbox 951 4729 1141 4800; x_wconf 82' lang='lat' dir='ltr'><strong>judex,</strong></span> <span class='ocrx_word' id='word_1_673' title='bbox 1172 4731 1302 4802; x_wconf 91' lang='lat' dir='ltr'><strong>quia</strong></span> <span class='ocrx_word' id='word_1_674' title='bbox 1347 4746 1415 4786; x_wconf 91' lang='lat' dir='ltr'><strong>ne</strong></span> <span class='ocrx_word' id='word_1_675' title='bbox 1449 4732 1579 4802; x_wconf 87' lang='lat' dir='ltr'><strong>quid</strong></span> <span class='ocrx_word' id='word_1_676' title='bbox 1612 4733 1737 4787; x_wconf 88' lang='lat' dir='ltr'><strong>mali</strong></span> <span class='ocrx_word' id='word_1_677' title='bbox 1769 4734 2116 4799; x_wconf 84' lang='lat' dir='ltr'><strong>committat,</strong></span> 
     </span>
    </p>
   </div>
   <div class='ocr_carea' id='block_1_91' title="bbox 542 4823 2115 4898">
    <p class='ocr_par' dir='ltr' id='par_1_91' title="bbox 542 4823 2115 4898">
     <span class='ocr_line' id='line_1_91' title="bbox 542 4823 2115 4898; baseline 0.003 -20"><span class='ocrx_word' id='word_1_678' title='bbox 542 4839 637 4879; x_wconf 90' lang='lat' dir='ltr'><strong>eos</strong></span> <span class='ocrx_word' id='word_1_679' title='bbox 658 4823 751 4893; x_wconf 92' lang='lat' dir='ltr'><strong>qui</strong></span> <span class='ocrx_word' id='word_1_680' title='bbox 784 4824 1133 4880; x_wconf 87' lang='lat' dir='ltr'><strong>committunt</strong></span> <span class='ocrx_word' id='word_1_681' title='bbox 1187 4828 1366 4897; x_wconf 91' lang='lat' dir='ltr'><strong>punit.</strong></span> <span class='ocrx_word' id='word_1_682' title='bbox 1402 4825 1499 4881; x_wconf 90' lang='lat' dir='ltr'><strong>Sin</strong></span> <span class='ocrx_word' id='word_1_683' title='bbox 1531 4834 1715 4882; x_wconf 89' lang='lat' dir='ltr'><strong>autem</strong></span> <span class='ocrx_word' id='word_1_684' title='bbox 1756 4826 1804 4882; x_wconf 91' lang='lat' dir='ltr'><strong>is</strong></span> <span class='ocrx_word' id='word_1_685' title='bbox 1825 4827 1919 4898; x_wconf 91' lang='lat' dir='ltr'><strong>qui</strong></span> <span class='ocrx_word' id='word_1_686' title='bbox 1963 4827 2115 4898; x_wconf 89' lang='lat' dir='ltr'><strong>judi-</strong></span> 
     </span>
    </p>
   </div>
   <div class='ocr_carea' id='block_1_92' title="bbox 541 4912 2120 4987">
    <p class='ocr_par' dir='ltr' id='par_1_92' title="bbox 541 4912 2120 4987">
     <span class='ocr_line' id='line_1_92' title="bbox 541 4912 2120 4987; baseline 0.005 -22"><span class='ocrx_word' id='word_1_687' title='bbox 541 4920 631 4966; x_wconf 86' lang='lat' dir='ltr'><strong>cat</strong></span> <span class='ocrx_word' id='word_1_688' title='bbox 680 4912 870 4983; x_wconf 90' lang='lat' dir='ltr'><strong>incipit</strong></span> <span class='ocrx_word' id='word_1_689' title='bbox 897 4928 960 4968; x_wconf 89' lang='lat' dir='ltr'><strong>ea</strong></span> <span class='ocrx_word' id='word_1_690' title='bbox 1008 4915 1298 4971; x_wconf 89' lang='lat' dir='ltr'><strong>admittere</strong></span> <span class='ocrx_word' id='word_1_691' title='bbox 1344 4931 1466 4987; x_wconf 62' lang='lat' dir='ltr'><strong>quae</strong></span> <span class='ocrx_word' id='word_1_692' title='bbox 1518 4916 1573 4971; x_wconf 89' lang='lat' dir='ltr'><strong>in</strong></span> <span class='ocrx_word' id='word_1_693' title='bbox 1622 4916 1745 4972; x_wconf 89' lang='lat' dir='ltr'><strong>aliis</strong></span> <span class='ocrx_word' id='word_1_694' title='bbox 1774 4916 2032 4983; x_wconf 87' lang='lat' dir='ltr'><strong>vindicat,</strong></span> <span class='ocrx_word' id='word_1_695' title='bbox 2063 4926 2120 4973; x_wconf 89' lang='lat' dir='ltr'><strong>ct</strong></span> 
     </span>
    </p>
   </div>
   <div class='ocr_carea' id='block_1_93' title="bbox 542 5004 2120 5079">
    <p class='ocr_par' dir='ltr' id='par_1_93' title="bbox 542 5004 2120 5079">
     <span class='ocr_line' id='line_1_93' title="bbox 542 5004 2120 5079; baseline 0.004 -20"><span class='ocrx_word' id='word_1_696' title='bbox 542 5004 717 5076; x_wconf 89' lang='lat' dir='ltr'><strong>punit,</strong></span> <span class='ocrx_word' id='word_1_697' title='bbox 751 5011 807 5060; x_wconf 91' lang='lat' dir='ltr'><strong>et</strong></span> <span class='ocrx_word' id='word_1_698' title='bbox 833 5005 1051 5075; x_wconf 91' lang='lat' dir='ltr'><strong>quidem</strong></span> <span class='ocrx_word' id='word_1_699' title='bbox 1086 5008 1422 5079; x_wconf 88' lang='lat' dir='ltr'><strong>impensius,</strong></span> <span class='ocrx_word' id='word_1_700' title='bbox 1460 5015 1519 5063; x_wconf 92' lang='lat' dir='ltr'><strong>ut</strong></span> <span class='ocrx_word' id='word_1_701' title='bbox 1577 5008 1837 5076; x_wconf 86' lang='lat' dir='ltr'><strong>suadeat,</strong></span> <span class='ocrx_word' id='word_1_702' title='bbox 1875 5025 1935 5066; x_wconf 92' lang='lat' dir='ltr'><strong>se</strong></span> <span class='ocrx_word' id='word_1_703' title='bbox 1981 5010 2120 5066; x_wconf 89' lang='lat' dir='ltr'><strong>nihil</strong></span> 
     </span>
    </p>
   </div>
   <div class='ocr_carea' id='block_1_94' title="bbox 543 5097 2118 5170">
    <p class='ocr_par' dir='ltr' id='par_1_94' title="bbox 543 5097 2118 5170">
     <span class='ocr_line' id='line_1_94' title="bbox 543 5097 2118 5170; baseline 0.003 -20"><span class='ocrx_word' id='word_1_704' title='bbox 543 5097 669 5159; x_wconf 70' lang='lat' dir='ltr'><strong>inali</strong></span> <span class='ocrx_word' id='word_1_705' title='bbox 700 5111 887 5168; x_wconf 85' lang='lat' dir='ltr'><strong>agere;</strong></span> <span class='ocrx_word' id='word_1_706' title='bbox 914 5098 1074 5166; x_wconf 89' lang='lat' dir='ltr'><strong>plane</strong></span> <span class='ocrx_word' id='word_1_707' title='bbox 1098 5108 1326 5170; x_wconf 85' lang='lat' dir='ltr'><strong>apparet</strong></span> <span class='ocrx_word' id='word_1_708' title='bbox 1347 5100 1439 5170; x_wconf 87' lang='lat' dir='ltr'><strong>jus</strong></span> <span class='ocrx_word' id='word_1_709' title='bbox 1470 5099 1687 5156; x_wconf 85' lang='lat' dir='ltr'><strong>ﬁrm&#39;um</strong></span> <span class='ocrx_word' id='word_1_710' title='bbox 1717 5109 1771 5156; x_wconf 92' lang='lat' dir='ltr'><strong>et</strong></span> <span class='ocrx_word' id='word_1_711' title='bbox 1803 5100 1962 5156; x_wconf 88' lang='lat' dir='ltr'><strong>valde</strong></span> <span class='ocrx_word' id='word_1_712' title='bbox 1988 5101 2118 5157; x_wconf 83' lang='lat' dir='ltr'><strong>hor-</strong></span> 
     </span>
    </p>
   </div>
   <div class='ocr_carea' id='block_1_95' title="bbox 543 5186 2119 5265">
    <p class='ocr_par' dir='ltr' id='par_1_95' title="bbox 543 5186 2119 5265">
     <span class='ocr_line' id='line_1_95' title="bbox 543 5186 2119 5265; baseline 0.004 -23"><span class='ocrx_word' id='word_1_713' title='bbox 543 5186 701 5262; x_wconf 73' lang='lat' dir='ltr'><strong>ripile</strong></span> <span class='ocrx_word' id='word_1_714' title='bbox 737 5202 860 5244; x_wconf 88' lang='lat' dir='ltr'><strong>esse</strong></span> <span class='ocrx_word' id='word_1_715' title='bbox 888 5187 1129 5245; x_wconf 88' lang='lat' dir='ltr'><strong>incidere</strong></span> <span class='ocrx_word' id='word_1_716' title='bbox 1171 5192 1226 5245; x_wconf 91' lang='lat' dir='ltr'><strong>in</strong></span> <span class='ocrx_word' id='word_1_717' title='bbox 1276 5191 1592 5262; x_wconf 86' lang='lat' dir='ltr'><strong>hujusmodi</strong></span> <span class='ocrx_word' id='word_1_718' title='bbox 1643 5192 2000 5265; x_wconf 88' lang='lat' dir='ltr'><strong>magistratus</strong></span> <span class='ocrx_word' id='word_1_719' title='bbox 2049 5194 2119 5249; x_wconf 86' lang='lat' dir='ltr'><strong>ad</strong></span> 
     </span>
    </p>
   </div>
   <div class='ocr_carea' id='block_1_96' title="bbox 546 5280 2115 5356">
    <p class='ocr_par' dir='ltr' id='par_1_96' title="bbox 546 5280 2115 5356">
     <span class='ocr_line' id='line_1_96' title="bbox 546 5280 2115 5356; baseline 0.004 -21"><span class='ocrx_word' id='word_1_720' title='bbox 546 5280 893 5338; x_wconf 87' lang='lat' dir='ltr'><strong>sustinendas</strong></span> <span class='ocrx_word' id='word_1_721' title='bbox 945 5296 1134 5352; x_wconf 68' lang='lat' dir='ltr'><strong>poenas</strong></span> <span class='ocrx_word' id='word_1_722' title='bbox 1177 5294 1397 5356; x_wconf 89' lang='lat' dir='ltr'><strong>propter</strong></span> <span class='ocrx_word' id='word_1_723' title='bbox 1434 5287 1837 5356; x_wconf 90' lang='lat' dir='ltr'><strong>improbitatem</strong></span> <span class='ocrx_word' id='word_1_724' title='bbox 1874 5302 2115 5341; x_wconf 89' lang='lat' dir='ltr'><strong>morum.</strong></span> 
     </span>
    </p>
   </div>
   <div class='ocr_carea' id='block_1_97' title="bbox 553 5369 2120 5446">
    <p class='ocr_par' dir='ltr' id='par_1_97' title="bbox 553 5369 2120 5446">
     <span class='ocr_line' id='line_1_97' title="bbox 553 5369 2120 5446; baseline 0.006 -22"><span class='ocrx_word' id='word_1_725' title='bbox 553 5369 824 5428; x_wconf 81' lang='lat' dir='ltr'><strong>Feruntur</strong></span> <span class='ocrx_word' id='word_1_726' title='bbox 852 5382 1032 5429; x_wconf 90' lang='lat' dir='ltr'><strong>autem</strong></span> <span class='ocrx_word' id='word_1_727' title='bbox 1067 5374 1121 5428; x_wconf 92' lang='lat' dir='ltr'><strong>in</strong></span> <span class='ocrx_word' id='word_1_728' title='bbox 1163 5375 1461 5446; x_wconf 88' lang='lat' dir='ltr'><strong>Scripturis</strong></span> <span class='ocrx_word' id='word_1_729' title='bbox 1485 5377 1801 5446; x_wconf 88' lang='lat' dir='ltr'><strong>hujusmodi</strong></span> <span class='ocrx_word' id='word_1_730' title='bbox 1837 5379 2120 5434; x_wconf 68' lang='lat' dir='ltr'><strong>sententia:</strong></span> 
     </span>
    </p>
   </div>
   <div class='ocr_carea' id='block_1_98' title="bbox 554 5462 1934 5540">
    <p class='ocr_par' dir='ltr' id='par_1_98' title="bbox 554 5462 1934 5540">
     <span class='ocr_line' id='line_1_98' title="bbox 554 5462 1934 5540; baseline 0.007 -25"><span class='ocrx_word' id='word_1_731' title='bbox 554 5462 752 5520; x_wconf 65' lang='lat' dir='ltr'><strong>divinae</strong></span> <span class='ocrx_word' id='word_1_732' title='bbox 787 5465 1087 5522; x_wconf 69' lang='lat' dir='ltr'><strong>manifesta:</strong></span> <span class='ocrx_word' id='word_1_733' title='bbox 1114 5474 1305 5522; x_wconf 90' lang='lat' dir='ltr'><strong>contra</strong></span> <span class='ocrx_word' id='word_1_734' title='bbox 1333 5482 1427 5524; x_wconf 88' lang='lat' dir='ltr'><strong>eos</strong></span> <span class='ocrx_word' id='word_1_735' title='bbox 1454 5468 1549 5538; x_wconf 88' lang='lat' dir='ltr'><strong>qui</strong></span> <span class='ocrx_word' id='word_1_736' title='bbox 1589 5469 1934 5540; x_wconf 88' lang='lat' dir='ltr'><strong>delinquunt.</strong></span> 
     </span>
    </p>
   </div>
   <div class='ocr_carea' id='block_1_99' title="bbox 620 5553 2119 5633">
    <p class='ocr_par' dir='ltr' id='par_1_99' title="bbox 620 5553 2119 5633">
     <span class='ocr_line' id='line_1_99' title="bbox 620 5553 2119 5633; baseline 0.006 -25"><span class='ocrx_word' id='word_1_737' title='bbox 620 5553 949 5615; x_wconf 64' lang='lat' dir='ltr'><strong>Manichmus</strong></span> <span class='ocrx_word' id='word_1_738' title='bbox 982 5569 1161 5614; x_wconf 89' lang='lat' dir='ltr'><strong>tamen</strong></span> <span class='ocrx_word' id='word_1_739' title='bbox 1211 5559 1656 5624; x_wconf 85' lang='lat' dir='ltr'><strong>amentissimus,</strong></span> <span class='ocrx_word' id='word_1_740' title='bbox 1691 5568 1753 5614; x_wconf 94' lang='lat' dir='ltr'><strong>ut</strong></span> <span class='ocrx_word' id='word_1_741' title='bbox 1777 5562 1973 5633; x_wconf 87' lang='lat' dir='ltr'><strong>dogma</strong></span> <span class='ocrx_word' id='word_1_742' title='bbox 2020 5577 2119 5617; x_wconf 89' lang='lat' dir='ltr'><strong>ne-</strong></span> 
     </span>
    </p>
   </div>
   <div class='ocr_carea' id='block_1_100' title="bbox 548 5645 2114 5723">
    <p class='ocr_par' dir='ltr' id='par_1_100' title="bbox 548 5645 2114 5723">
     <span class='ocr_line' id='line_1_100' title="bbox 548 5645 2114 5723; baseline 0.003 -24"><span class='ocrx_word' id='word_1_743' title='bbox 548 5645 735 5716; x_wconf 71' lang='lat' dir='ltr'><strong>quitia:</strong></span> <span class='ocrx_word' id='word_1_744' title='bbox 762 5648 1015 5721; x_wconf 61' lang='lat' dir='ltr'><strong>ingenita</strong></span> <span class='ocrx_word' id='word_1_745' title='bbox 1045 5658 1101 5707; x_wconf 83' lang='lat' dir='ltr'><strong>et</strong></span> <span class='ocrx_word' id='word_1_746' title='bbox 1121 5649 1473 5723; x_wconf 68' lang='lat' dir='ltr'><strong>blasphemia;</strong></span> <span class='ocrx_word' id='word_1_747' title='bbox 1513 5650 1568 5704; x_wconf 87' lang='lat' dir='ltr'><strong>in</strong></span> <span class='ocrx_word' id='word_1_748' title='bbox 1612 5648 1784 5705; x_wconf 89' lang='lat' dir='ltr'><strong>Deum</strong></span> <span class='ocrx_word' id='word_1_749' title='bbox 1819 5649 1963 5719; x_wconf 86' lang='lat' dir='ltr'><strong>apud</strong></span> <span class='ocrx_word' id='word_1_750' title='bbox 1989 5665 2114 5706; x_wconf 92' lang='lat' dir='ltr'><strong>eum</strong></span> 
     </span>
    </p>
   </div>
   <div class='ocr_carea' id='block_1_101' title="bbox 555 5739 2114 5815">
    <p class='ocr_par' dir='ltr' id='par_1_101' title="bbox 555 5739 2114 5815">
     <span class='ocr_line' id='line_1_101' title="bbox 555 5739 2114 5815; baseline 0.005 -25"><span class='ocrx_word' id='word_1_751' title='bbox 555 5739 771 5796; x_wconf 71' lang='lat' dir='ltr'><strong>ﬁrmum</strong></span> <span class='ocrx_word' id='word_1_752' title='bbox 820 5751 1004 5812; x_wconf 87' lang='lat' dir='ltr'><strong>esset,</strong></span> <span class='ocrx_word' id='word_1_753' title='bbox 1064 5742 1271 5801; x_wconf 77' lang='lat' dir='ltr'><strong>nullam</strong></span> <span class='ocrx_word' id='word_1_754' title='bbox 1317 5748 1526 5814; x_wconf 85' lang='lat' dir='ltr'><strong>partem</strong></span> <span class='ocrx_word' id='word_1_755' title='bbox 1574 5741 1984 5815; x_wconf 81' lang='lat' dir='ltr'><strong>gubernationis</strong></span> <span class='ocrx_word' id='word_1_756' title='bbox 2018 5741 2114 5806; x_wconf 86' lang='lat' dir='ltr'><strong>Dei</strong></span> 
     </span>
    </p>
   </div>
   <div class='ocr_carea' id='block_1_102' title="bbox 2217 4542 3795 4620">
    <p class='ocr_par' dir='ltr' id='par_1_102' title="bbox 2217 4542 3795 4620">
     <span class='ocr_line' id='line_1_102' title="bbox 2217 4542 3795 4620; baseline 0.004 -24"><span class='ocrx_word' id='word_1_757' title='bbox 2217 4542 2393 4614; x_wconf 81' lang='grc' dir='ltr'>δῆλον,</span> <span class='ocrx_word' id='word_1_758' title='bbox 2419 4544 2501 4597; x_wconf 85' lang='grc' dir='ltr'>ὅτι</span> <span class='ocrx_word' id='word_1_759' title='bbox 2528 4544 2842 4616; x_wconf 87' lang='grc' dir='ltr'>παρανομία</span> <span class='ocrx_word' id='word_1_760' title='bbox 2883 4543 3227 4617; x_wconf 82' lang='grc' dir='ltr'>ἀτιμώρητος</span> <span class='ocrx_word' id='word_1_761' title='bbox 3254 4545 3354 4599; x_wconf 83' lang='grc' dir='ltr'><strong>οὐκ</strong></span> <span class='ocrx_word' id='word_1_762' title='bbox 3378 4544 3489 4616; x_wconf 84' lang='grc' dir='ltr'>εἴη.</span> <span class='ocrx_word' id='word_1_763' title='bbox 3542 4546 3795 4620; x_wconf 81' lang='grc' dir='ltr'>Ὀρθότης</span> 
     </span>
    </p>
   </div>
   <div class='ocr_carea' id='block_1_103' title="bbox 2220 4634 3796 4710">
    <p class='ocr_par' dir='ltr' id='par_1_103' title="bbox 2220 4634 3796 4710">
     <span class='ocr_line' id='line_1_103' title="bbox 2220 4634 3796 4710; baseline 0.003 -22"><span class='ocrx_word' id='word_1_764' title='bbox 2220 4635 2318 4706; x_wconf 85' lang='grc' dir='ltr'>μὲν</span> <span class='ocrx_word' id='word_1_765' title='bbox 2357 4634 2612 4689; x_wconf 80' lang='grc' dir='ltr'>δικαστοῦ</span> <span class='ocrx_word' id='word_1_766' title='bbox 2647 4634 2847 4701; x_wconf 82' lang='grc' dir='ltr'>δόξειεν</span> <span class='ocrx_word' id='word_1_767' title='bbox 2880 4635 2966 4698; x_wconf 84' lang='grc' dir='ltr'><strong>ἂν,</strong></span> <span class='ocrx_word' id='word_1_768' title='bbox 3008 4636 3193 4709; x_wconf 85' lang='grc' dir='ltr'>ἐπειδή</span> <span class='ocrx_word' id='word_1_769' title='bbox 3236 4654 3290 4691; x_wconf 89' lang='grc' dir='ltr'><strong>τι</strong></span> <span class='ocrx_word' id='word_1_770' title='bbox 3329 4638 3403 4709; x_wconf 87' lang='grc' dir='ltr'>μὴ</span> <span class='ocrx_word' id='word_1_771' title='bbox 3434 4639 3669 4710; x_wconf 75' lang='grc' dir='ltr'>πράττει</span> <span class='ocrx_word' id='word_1_772' title='bbox 3702 4657 3796 4693; x_wconf 83' lang='grc' dir='ltr'>κα-</span> 
     </span>
    </p>
   </div>
   <div class='ocr_carea' id='block_1_104' title="bbox 2217 4728 3793 4806">
    <p class='ocr_par' dir='ltr' id='par_1_104' title="bbox 2217 4728 3793 4806">
     <span class='ocr_line' id='line_1_104' title="bbox 2217 4728 3793 4806; baseline 0.004 -23"><span class='ocrx_word' id='word_1_773' title='bbox 2217 4730 2332 4797; x_wconf 69' lang='grc' dir='ltr'>κδν,</span> <span class='ocrx_word' id='word_1_774' title='bbox 2350 4731 2477 4795; x_wconf 75' lang='grc' dir='ltr'>τοὺς</span> <span class='ocrx_word' id='word_1_775' title='bbox 2503 4728 2791 4806; x_wconf 79' lang='grc' dir='ltr'>ποιοῦντας</span> <span class='ocrx_word' id='word_1_776' title='bbox 2815 4731 3084 4791; x_wconf 70' lang='grc' dir='ltr'>κολάζειν.</span> <span class='ocrx_word' id='word_1_777' title='bbox 3106 4734 3171 4786; x_wconf 77' lang='lat' dir='ltr'><strong>Et</strong></span> <span class='ocrx_word' id='word_1_778' title='bbox 3198 4732 3242 4786; x_wconf 80' lang='grc' dir='ltr'>δ’</span> <span class='ocrx_word' id='word_1_779' title='bbox 3270 4733 3468 4797; x_wconf 78' lang='grc' dir='ltr'>αὐτοὺς</span> <span class='ocrx_word' id='word_1_780' title='bbox 3484 4737 3514 4788; x_wconf 79' lang='grc' dir='ltr'>ὁ</span> <span class='ocrx_word' id='word_1_781' title='bbox 3539 4734 3793 4801; x_wconf 78' lang='grc' dir='ltr'>δικάζων,</span> 
     </span>
    </p>
   </div>
   <div class='ocr_carea' id='block_1_105' title="bbox 2216 4822 3795 4897">
    <p class='ocr_par' dir='ltr' id='par_1_105' title="bbox 2216 4822 3795 4897">
     <span class='ocr_line' id='line_1_105' title="bbox 2216 4822 3795 4897; baseline 0.002 -20"><span class='ocrx_word' id='word_1_782' title='bbox 2216 4823 2324 4877; x_wconf 85' lang='grc' dir='ltr'><strong>τῶν</strong></span> <span class='ocrx_word' id='word_1_783' title='bbox 2344 4839 2406 4890; x_wconf 90' lang='grc' dir='ltr'><strong>γε</strong></span> <span class='ocrx_word' id='word_1_784' title='bbox 2421 4823 2678 4877; x_wconf 80' lang='grc' dir='ltr'>τοιούτων</span> <span class='ocrx_word' id='word_1_785' title='bbox 2694 4823 3096 4895; x_wconf 86' lang='grc' dir='ltr'>ἀπαρχόμενος.</span> <span class='ocrx_word' id='word_1_786' title='bbox 3115 4825 3240 4887; x_wconf 79' lang='grc' dir='ltr'>τοὺς</span> <span class='ocrx_word' id='word_1_787' title='bbox 3263 4822 3332 4877; x_wconf 78' lang='grc' dir='ltr'><strong>τὰ</strong></span> <span class='ocrx_word' id='word_1_788' title='bbox 3347 4824 3488 4878; x_wconf 77' lang='grc' dir='ltr'>αὐτὰ</span> <span class='ocrx_word' id='word_1_789' title='bbox 3516 4826 3795 4897; x_wconf 83' lang='grc' dir='ltr'>μετιόντας</span> 
     </span>
    </p>
   </div>
   <div class='ocr_carea' id='block_1_106' title="bbox 2216 4915 3795 4989">
    <p class='ocr_par' dir='ltr' id='par_1_106' title="bbox 2216 4915 3795 4989">
     <span class='ocr_line' id='line_1_106' title="bbox 2216 4915 3795 4989; baseline 0.002 -21"><span class='ocrx_word' id='word_1_790' title='bbox 2216 4915 2457 4981; x_wconf 73' lang='grc' dir='ltr'>κολάζει,</span> <span class='ocrx_word' id='word_1_791' title='bbox 2497 4916 2591 4970; x_wconf 74' lang='grc' dir='ltr'>καὶ</span> <span class='ocrx_word' id='word_1_792' title='bbox 2647 4915 2885 4989; x_wconf 85' lang='grc' dir='ltr'>μάλιστα</span> <span class='ocrx_word' id='word_1_793' title='bbox 2928 4915 3332 4987; x_wconf 63' lang='grc' dir='ltr'>δαψιλέστερον,</span> <span class='ocrx_word' id='word_1_794' title='bbox 3387 4916 3464 4980; x_wconf 81' lang='grc' dir='ltr'>ὡς</span> <span class='ocrx_word' id='word_1_795' title='bbox 3523 4917 3592 4972; x_wconf 82' lang='grc' dir='ltr'><strong>ἂν</strong></span> <span class='ocrx_word' id='word_1_796' title='bbox 3624 4918 3795 4973; x_wconf 75' lang='grc' dir='ltr'>πείθοι</span> 
     </span>
    </p>
   </div>
   <div class='ocr_carea' id='block_1_107' title="bbox 2221 5007 3795 5082">
    <p class='ocr_par' dir='ltr' id='par_1_107' title="bbox 2221 5007 3795 5082">
     <span class='ocr_line' id='line_1_107' title="bbox 2221 5007 3795 5082; baseline 0.002 -21"><span class='ocrx_word' id='word_1_797' title='bbox 2221 5007 2389 5078; x_wconf 83' lang='grc' dir='ltr'>μηδὲν</span> <span class='ocrx_word' id='word_1_798' title='bbox 2424 5008 2588 5072; x_wconf 81' lang='grc' dir='ltr'>αὐτὸς</span> <span class='ocrx_word' id='word_1_799' title='bbox 2630 5007 2833 5079; x_wconf 84' lang='grc' dir='ltr'>φαῦλον</span> <span class='ocrx_word' id='word_1_800' title='bbox 2871 5008 3331 5081; x_wconf 87' lang='grc' dir='ltr'>διαπράττεσθαι·</span> <span class='ocrx_word' id='word_1_801' title='bbox 3368 5008 3634 5081; x_wconf 80' lang='grc' dir='ltr'>ἄντικρυς</span> <span class='ocrx_word' id='word_1_802' title='bbox 3665 5028 3795 5082; x_wconf 84' lang='grc' dir='ltr'>κρα-</span> 
     </span>
    </p>
   </div>
   <div class='ocr_carea' id='block_1_108' title="bbox 2216 5098 3796 5172">
    <p class='ocr_par' dir='ltr' id='par_1_108' title="bbox 2216 5098 3796 5172">
     <span class='ocr_line' id='line_1_108' title="bbox 2216 5098 3796 5172; baseline -0.001 -19"><span class='ocrx_word' id='word_1_803' title='bbox 2216 5099 2346 5153; x_wconf 89' lang='grc' dir='ltr'>τοῦν</span> <span class='ocrx_word' id='word_1_804' title='bbox 2375 5101 2469 5154; x_wconf 79' lang='grc' dir='ltr'>καὶ</span> <span class='ocrx_word' id='word_1_805' title='bbox 2516 5100 2637 5154; x_wconf 91' lang='grc' dir='ltr'>λίαν</span> <span class='ocrx_word' id='word_1_806' title='bbox 2680 5099 2909 5171; x_wconf 86' lang='grc' dir='ltr'>φοϐερὸν</span> <span class='ocrx_word' id='word_1_807' title='bbox 2934 5099 3289 5168; x_wconf 83' lang='grc' dir='ltr'>ἀναφαίνεται</span> <span class='ocrx_word' id='word_1_808' title='bbox 3316 5098 3379 5152; x_wconf 80' lang='grc' dir='ltr'>τὸ</span> <span class='ocrx_word' id='word_1_809' title='bbox 3408 5099 3621 5153; x_wconf 85' lang='grc' dir='ltr'>δίκαιον</span> <span class='ocrx_word' id='word_1_810' title='bbox 3664 5104 3796 5172; x_wconf 65' lang='grc' dir='ltr'>πρὸς</span> 
     </span>
    </p>
   </div>
   <div class='ocr_carea' id='block_1_109' title="bbox 2216 5192 3794 5266">
    <p class='ocr_par' dir='ltr' id='par_1_109' title="bbox 2216 5192 3794 5266">
     <span class='ocr_line' id='line_1_109' title="bbox 2216 5192 3794 5266; baseline 0.001 -20"><span class='ocrx_word' id='word_1_811' title='bbox 2216 5193 2279 5246; x_wconf 80' lang='grc' dir='ltr'>τὸ</span> <span class='ocrx_word' id='word_1_812' title='bbox 2298 5193 2455 5265; x_wconf 86' lang='grc' dir='ltr'>δίκην</span> <span class='ocrx_word' id='word_1_813' title='bbox 2471 5194 2762 5266; x_wconf 82' lang='grc' dir='ltr'>ὑπομένειν</span> <span class='ocrx_word' id='word_1_814' title='bbox 2780 5195 2907 5257; x_wconf 84' lang='grc' dir='ltr'>τοὺς</span> <span class='ocrx_word' id='word_1_815' title='bbox 2940 5193 3029 5247; x_wconf 81' lang='grc' dir='ltr'>διὰ</span> <span class='ocrx_word' id='word_1_816' title='bbox 3059 5192 3357 5265; x_wconf 83' lang='grc' dir='ltr'>σκαιότητα</span> <span class='ocrx_word' id='word_1_817' title='bbox 3382 5193 3606 5263; x_wconf 87' lang='grc' dir='ltr'>τρόπων</span> <span class='ocrx_word' id='word_1_818' title='bbox 3624 5193 3794 5247; x_wconf 73' lang='grc' dir='ltr'>τοιού-</span> 
     </span>
    </p>
   </div>
   <div class='ocr_carea' id='block_1_110' title="bbox 2217 5283 3793 5363">
    <p class='ocr_par' dir='ltr' id='par_1_110' title="bbox 2217 5283 3793 5363">
     <span class='ocr_line' id='line_1_110' title="bbox 2217 5283 3793 5363; baseline -0.001 -24"><span class='ocrx_word' id='word_1_819' title='bbox 2217 5303 2330 5363; x_wconf 85' lang='grc' dir='ltr'>τοις</span> <span class='ocrx_word' id='word_1_820' title='bbox 2355 5286 2579 5359; x_wconf 82' lang='grc' dir='ltr'>άρχουσι</span> <span class='ocrx_word' id='word_1_821' title='bbox 2617 5285 2838 5350; x_wconf 83' lang='grc' dir='ltr'>δικαίως</span> <span class='ocrx_word' id='word_1_822' title='bbox 2867 5283 3323 5356; x_wconf 83' lang='grc' dir='ltr'>περιπίπτοντας·</span> <span class='ocrx_word' id='word_1_823' title='bbox 3355 5285 3666 5354; x_wconf 69' lang='grc' dir='ltr'>ἀποφάσεις</span> <span class='ocrx_word' id='word_1_824' title='bbox 3689 5284 3793 5356; x_wconf 73' lang='grc' dir='ltr'>γὰρ</span> 
     </span>
    </p>
   </div>
   <div class='ocr_carea' id='block_1_111' title="bbox 2218 5374 3790 5448">
    <p class='ocr_par' dir='ltr' id='par_1_111' title="bbox 2218 5374 3790 5448">
     <span class='ocr_line' id='line_1_111' title="bbox 2218 5374 3790 5448; baseline -0.001 -16"><span class='ocrx_word' id='word_1_825' title='bbox 2218 5379 2313 5432; x_wconf 75' lang='grc' dir='ltr'><strong>καὶ</strong></span> <span class='ocrx_word' id='word_1_826' title='bbox 2341 5377 2584 5432; x_wconf 85' lang='grc' dir='ltr'>τοιαῦται</span> <span class='ocrx_word' id='word_1_827' title='bbox 2628 5380 2817 5446; x_wconf 84' lang='grc' dir='ltr'>σαφεῖς</span> <span class='ocrx_word' id='word_1_828' title='bbox 2860 5376 3011 5447; x_wconf 88' lang='grc' dir='ltr'><strong>παρά</strong></span> <span class='ocrx_word' id='word_1_829' title='bbox 3048 5375 3183 5429; x_wconf 81' lang='grc' dir='ltr'>Θεοῦ</span> <span class='ocrx_word' id='word_1_830' title='bbox 3235 5374 3377 5429; x_wconf 86' lang='grc' dir='ltr'>κατὰ</span> <span class='ocrx_word' id='word_1_831' title='bbox 3404 5376 3515 5431; x_wconf 86' lang='grc' dir='ltr'><strong>τῶν</strong></span> <span class='ocrx_word' id='word_1_832' title='bbox 3547 5378 3790 5448; x_wconf 74' lang='grc' dir='ltr'>ἁμαρτα-</span> 
     </span>
    </p>
   </div>
   <div class='ocr_carea' id='block_1_112' title="bbox 2217 5466 3510 5542">
    <p class='ocr_par' dir='ltr' id='par_1_112' title="bbox 2217 5466 3510 5542">
     <span class='ocr_line' id='line_1_112' title="bbox 2217 5466 3510 5542; baseline -0.002 -19"><span class='ocrx_word' id='word_1_833' title='bbox 2217 5468 2416 5524; x_wconf 87' lang='grc' dir='ltr'>νόντων</span> <span class='ocrx_word' id='word_1_834' title='bbox 2448 5470 2507 5522; x_wconf 92' lang='grc' dir='ltr'>ἐν</span> <span class='ocrx_word' id='word_1_835' title='bbox 2533 5468 2774 5542; x_wconf 83' lang='grc' dir='ltr'>Γραφαῖς</span> <span class='ocrx_word' id='word_1_836' title='bbox 2801 5471 2921 5532; x_wconf 82' lang='grc' dir='ltr'>ταῖς</span> <span class='ocrx_word' id='word_1_837' title='bbox 2949 5467 3131 5537; x_wconf 86' lang='grc' dir='ltr'>ἁγίαις</span> <span class='ocrx_word' id='word_1_838' title='bbox 3163 5466 3510 5538; x_wconf 81' lang='grc' dir='ltr'>γεγένηνται.</span> 
     </span>
    </p>
   </div>
   <div class='ocr_carea' id='block_1_113' title="bbox 2301 5557 3793 5632">
    <p class='ocr_par' dir='ltr' id='par_1_113' title="bbox 2301 5557 3793 5632">
     <span class='ocr_line' id='line_1_113' title="bbox 2301 5557 3793 5632; baseline 0 -18"><span class='ocrx_word' id='word_1_839' title='bbox 2301 5561 2360 5613; x_wconf 84' lang='lat'><strong>’0</strong></span> <span class='ocrx_word' id='word_1_840' title='bbox 2426 5560 2608 5632; x_wconf 84' lang='grc' dir='ltr'>μέντοι</span> <span class='ocrx_word' id='word_1_841' title='bbox 2660 5559 3019 5630; x_wconf 81' lang='grc' dir='ltr'>χαλεπώτατα</span> <span class='ocrx_word' id='word_1_842' title='bbox 3072 5560 3299 5625; x_wconf 80' lang='grc' dir='ltr'>Μανεὶς,</span> <span class='ocrx_word' id='word_1_843' title='bbox 3339 5559 3427 5613; x_wconf 81' lang='grc' dir='ltr'><strong>ἵνα</strong></span> <span class='ocrx_word' id='word_1_844' title='bbox 3469 5560 3605 5631; x_wconf 76' lang='grc' dir='ltr'>παρ’</span> <span class='ocrx_word' id='word_1_845' title='bbox 3646 5557 3793 5631; x_wconf 78' lang='grc' dir='ltr'>αὐτῷ</span> 
     </span>
    </p>
   </div>
   <div class='ocr_carea' id='block_1_114' title="bbox 2219 5649 3792 5728">
    <p class='ocr_par' dir='ltr' id='par_1_114' title="bbox 2219 5649 3792 5728">
     <span class='ocr_line' id='line_1_114' title="bbox 2219 5649 3792 5728; baseline -0.001 -23"><span class='ocrx_word' id='word_1_846' title='bbox 2219 5653 2471 5726; x_wconf 83' lang='grc' dir='ltr'>κρατήσῃ</span> <span class='ocrx_word' id='word_1_847' title='bbox 2512 5653 2574 5706; x_wconf 73' lang='grc' dir='ltr'><strong>τὸ</strong></span> <span class='ocrx_word' id='word_1_848' title='bbox 2616 5652 2795 5722; x_wconf 86' lang='grc' dir='ltr'>δόγμα</span> <span class='ocrx_word' id='word_1_849' title='bbox 2834 5653 2933 5723; x_wconf 76' lang='grc' dir='ltr'>τῆς</span> <span class='ocrx_word' id='word_1_850' title='bbox 2972 5652 3267 5721; x_wconf 85' lang='grc' dir='ltr'>ἀγεννήτου</span> <span class='ocrx_word' id='word_1_851' title='bbox 3324 5649 3526 5728; x_wconf 67' lang='grc' dir='ltr'>κακίας</span> <span class='ocrx_word' id='word_1_852' title='bbox 3567 5652 3665 5705; x_wconf 76' lang='grc' dir='ltr'><strong>καὶ</strong></span> <span class='ocrx_word' id='word_1_853' title='bbox 3697 5651 3792 5728; x_wconf 71' lang='grc' dir='ltr'>τῆς</span> 
     </span>
    </p>
   </div>
   <div class='ocr_carea' id='block_1_115' title="bbox 2218 5722 3791 5815">
    <p class='ocr_par' dir='ltr' id='par_1_115' title="bbox 2218 5722 3791 5815">
     <span class='ocr_line' id='line_1_115' title="bbox 2218 5722 3791 5815; baseline -0.003 -17"><span class='ocrx_word' id='word_1_854' title='bbox 2218 5742 2359 5798; x_wconf 84' lang='grc' dir='ltr'><strong>κατά</strong></span> <span class='ocrx_word' id='word_1_855' title='bbox 2387 5742 2521 5798; x_wconf 87' lang='grc' dir='ltr'>Θεοῦ</span> <span class='ocrx_word' id='word_1_856' title='bbox 2556 5730 2921 5815; x_wconf 71' lang='grc' dir='ltr'>βλασφημίας,</span> <span class='ocrx_word' id='word_1_857' title='bbox 2948 5742 3099 5797; x_wconf 78' lang='grc' dir='ltr'>οὐδὲν</span> <span class='ocrx_word' id='word_1_858' title='bbox 3145 5743 3592 5814; x_wconf 71' lang='grc' dir='ltr'>ἀσυκοφάντητον</span> <span class='ocrx_word' id='word_1_859' title='bbox 3622 5722 3791 5796; x_wconf 65' lang='grc' dir='ltr'>κατά-</span> 
     </span>
    </p>
   </div>
  </div>
