4064 6290
307 358 448 412 1155

1361 340 1730 402 anvsnsus
1766 315 2196 396 MANICHAEOS
2227 335 2358 394 LIB.
2392 335 2454 391 ιι.

3411 331 3551 386 1153

303 474 518 528 λέλοιπε
550 471 650 543 τῆς
675 471 768 525 τοῦ
803 469 937 525 Θεοῦ
969 470 1304 542 διοικήσεως.
1338 466 1605 528 Πολλάκις
1634 463 1696 530 ¹δὲ
1728 461 1876 515 ἔστιν

1980 459 2363 532 praetermisit,
2402 453 2535 527 quin
2590 468 2712 510 eam
2774 451 3232 508 culumniaretur.
3287 448 3553 506 Videmus

310 568 441 620 ἰδεῖν
468 565 562 619 καὶ
593 564 834 628 δικαίους
851 564 1241 636 ἡμαρτηκότας
1272 561 1377 615 ὑπὸ
1403 559 1621 622 ἀσεϐεῖς
1651 556 1875 627 γενομέ-

305 673 460 718 νους·
493 654 681 728 ὥσπερ
707 656 900 726 εὐγενῆ
931 655 1095 709 παῖδα
1122 654 1289 725 πατρὶ
1322 651 1395 723 μὴ
1419 651 1754 722 πειθόμενον,
1787 648 1877 704 διὰ

309 747 462 812 ξένου
493 748 844 818 τυπτόμενον,
877 747 963 801 ἵνα
991 745 1126 817 μετά
1162 746 1260 816 τῆς
1300 744 1589 816 ἀλγηδόνος
1616 743 1724 796 τῶν
1747 742 1880 812 πλη-

306 841 439 907 γῶν,
481 840 573 893 καὶ
605 840 638 909 ἡ
669 839 859 909 ἀτιμία
897 837 990 891 τοῦ
1025 837 1436 908 διακονουμένου
1476 836 1756 909 μεταϐάλῃ
1785 836 1876 889 τὸν

308 929 750 1000 πλημμελοῦντα·
769 930 826 982 ἓν
835 931 942 1001 γάρ
956 948 1007 984 τι
1023 929 1118 983 καὶ
1136 929 1312 1000 μόνον,
1331 927 1559 998 ἔφαμεν,
1573 927 1664 981 καὶ
1681 926 1877 997 ἀληθές

307 1025 475 1084 ἐστιν,
500 1023 575 1086 ὡς
605 1025 633 1075 ὁ
655 1023 787 1093 πρὸς
812 1023 944 1075 Θεοῦ
965 1023 1249 1092 γενόμενος
1265 1020 1547 1092 ἄνθρωπος
1567 1021 1875 1074 ἀπαιτεῖται

306 1113 448 1169 κατά
467 1113 557 1166 τὸν
581 1113 694 1184 βίον
714 1115 774 1167 τὸ
790 1113 999 1167 συνέσει
1020 1113 1278 1184 λογισμοῦ
1303 1110 1643 1183 κατορθῶσαι
1658 1112 1719 1164 rb
1735 1110 1874 1165 κατά

310 1205 474 1275 μηδὲν
504 1205 710 1259 ἀδικεῖν
720 1205 816 1276 τὴν
833 1206 1050 1276 ἀρετήν·
1067 1197 1186 1276 ᾦδή
1207 1223 1289 1268 τις
1313 1204 1594 1276 προσέχων
1616 1204 1706 1256 καὶ
1730 1204 1874 1274 μόνῳ

308 1298 462 1367 (50'),
488 1295 923 1369 [μακαριώτατος
946 1297 1012 1350 ἂν
1029 1297 1257 1366 γένοιτο,
1290 1297 1415 1369 κᾶν]
1439 1297 1601 1368 μηδὲν
1624 1297 1806 1366 ἕτερόν
1821 1313 1874 1348 τι

307 1392 449 1444 κατά
462 1391 551 1442 τὸν
569 1391 678 1460 βίον
697 1389 814 1462 ἔχῃ.
832 1388 1000 1442 Τοῦτο
1013 1389 1192 1443 τοίνυν
1207 1389 1328 1442 είδι’
1343 1389 1464 1442 ὅλου
1479 1388 1572 1442 τοῦ
1590 1379 1716 1459 περὶ
1739 1389 1875 1458 Προ-

307 1483 456 1545 νοίας
513 1481 669 1550 λόγου
725 1481 1108 1552 μνημονεύοιτο
1131 1521 1146 1545 ,
1209 1481 1361 1534 οὐδὲν
1412 1479 1477 1535 ἂν
1524 1478 1876 1534 ὑποπτεύοιτο

306 1575 444 1645 πρὸς
499 1574 789 1644 ἀνισότητα
850 1575 942 1626 καὶ
1003 1571 1226 1637 ἀταξίαν
1279 1572 1388 1625 τῶν
1434 1573 1570 1644 πρὸς
1613 1570 1747 1624 Θεοῦ
1793 1571 1875 1624 δι-

306 1660 636 1731 οικουμένων
655 1679 667 1691 ·
699 1663 746 1713 εί
795 1663 891 1732 μὲν
931 1662 1039 1734 γὰρ
1087 1661 1237 1733 εὖροι
1281 1679 1364 1726 τις
1389 1662 1476 1724 ἂν,
1505 1661 1579 1724 ὼς
1604 1662 1747 1732 ἄλλῳ
1778 1662 1875 1733 μὲν

304 1755 511 1806 ἀνεῖται
573 1755 670 1825 τῆς
720 1753 974 1818 εὐσεϐοῦς
1034 1755 1233 1826 ἀρετῆς
1285 1756 1319 1826 ἡ
1375 1757 1595 1826 πορεία,
1655 1755 1799 1826 ἄλλῳ
1819 1756 1876 1810 δὲ

1980 567 2124 621 saepe
2177 551 2360 621 justos
2405 549 2497 620 qui
2542 547 2889 617 deliquerunt
2960 545 3062 600 sub
3122 544 3327 598 ditione
3363 549 3419 596 et
3447 557 3550 612 po-

1979 652 2174 699 testate
2203 642 2494 712 impiorum
2536 655 2688 705 esse,
2731 645 2790 692 ut
2840 637 2922 692 sic
2969 635 3340 704 castigentur,
3405 634 3552 688 sicut

1980 750 2104 792 cum
2138 748 2438 805 generosus
2461 731 2628 794 (ilius,
2659 730 2751 800 qui
2787 731 2922 799 patri
2964 743 3072 782 non
3105 734 3276 796 paret,
3309 742 3340 779 a
3390 739 3550 794 perc-

1981 829 2139 900 grino
2168 838 2219 882 et
2254 827 2466 897 hospite
2493 827 2846 887 verberatur,
2902 828 2962 875 ιιι
2992 821 3151 876 dolor
3183 821 3462 890 plagarum
3495 827 3550 873 et

1981 921 2276 991 ignominia
2325 920 2550 974 verbera
2606 916 2916 973 adhibentis
2963 914 3370 983 deliuquentem
3428 927 3550 964 mu-

1981 1023 2137 1066 tent:
2173 1026 2338 1066 unum
2362 1013 2508 1065 enim
2530 1023 2612 1065 est
2645 1025 2710 1063 ac
2751 1010 2926 1064 solum
2961 1015 3014 1062 et
3047 1022 3256 1068 verum,
3292 1012 3353 1058 ut
3401 1001 3547 1056 dixi-

1982 1121 2125 1170 mus,
2150 1101 2294 1174 quod
2328 1102 2470 1157 Deus
2512 1102 2580 1156 ab
2608 1102 2829 1156 homine
2861 1101 2915 1154 in
2942 1100 3054 1153 vita
3086 1095 3336 1167 requirit,
3371 1103 3429 1148 ut
3463 1093 3547 1150 ef-

1981 1198 2125 1252 ﬁciat
2157 1197 2388 1268 sapienti
2441 1196 2807 1264 cogitatione,
2867 1209 2935 1248 ne
3003 1195 3258 1249 virtutem
3318 1193 3424 1245 ulla
3480 1207 3548 1246 ex

1979 1302 2134 1361 parte
2166 1288 2408 1345 olTendat
2437 1307 2452 1343 :
2482 1287 2629 1358 quod
2657 1288 2875 1358 quidem
2901 1288 2944 1341 si
2972 1287 3216 1342 attendat
3244 1287 3328 1340 vel
3360 1287 3544 1340 solum

1980 1383 2117 1445 hoc,
2176 1378 2525 1437 beatissimus
2579 1381 2684 1445 sit,
2724 1381 2974 1449 quamvis
3007 1378 3142 1432 nihil
3175 1379 3318 1432 aliud
3356 1378 3412 1432 in
3442 1379 3549 1431 vita

1979 1476 2194 1530 habeat.
2228 1474 2342 1528 Hoc
2365 1474 2532 1544 igitur
2572 1473 2617 1527 si
2657 1473 2712 1526 in
2755 1472 3010 1526 universo
3040 1486 3289 1526 sermone
3319 1470 3386 1524 de
3413 1469 3549 1524 Pro.

1979 1567 2219 1622 videntia
2247 1571 2726 1626 commemoretur,
2752 1564 2902 1617 nulla
2941 1563 3181 1632 suspicio
3211 1562 3552 1631 relinquetur

1979 1661 2046 1714 de
2078 1658 2444 1729 inaequalitate
2474 1663 2527 1711 et
2560 1654 2969 1726 perturbatione
2993 1652 3206 1707 ordinis
3236 1652 3290 1706 in
3327 1653 3394 1707 iis
3429 1667 3558 1721 qua:
3624 1662 3626 1664 '

1980 1768 2010 1806 a
2039 1751 2150 1807 Deo
2191 1751 2585 1821 gubernantur.
2623 1747 2677 1801 Si
2709 1746 2833 1816 quis
2887 1747 3030 1800 enim
3080 1744 3342 1815 reperire;
3365 1753 3557 1814 posset

303 1845 743 1911 ἀποκέκλεισται,
780 1847 1012 1901 ἐνταῦθα
1062 1849 1198 1920 πρὸς
1231 1847 1292 1901 τὸ
1322 1847 1418 1902 νῦν
1459 1849 1748 1917 κεφάλαιον
1773 1849 1876 1904 τῶν

1981 1846 2122 1915 quod
2158 1843 2280 1898 aliis
2313 1843 2493 1895 laxata
2525 1849 2671 1896 esset
2713 1841 2824 1893 vita
2853 1838 3073 1893 virtutis
3104 1839 3206 1907 piae
3238 1843 3292 1890 et
3321 1844 3547 1900 sanctae,

302 1938 521 2006 ἀγαθῶν
550 1939 644 1993 καὶ
693 1941 725 2009 ἡ
767 1941 1019 2010 ἀνισότης
1055 1939 1304 2012 διαϐολὴν
1346 1938 1582 2010 ἀνέχειν
1613 1939 1757 2005 ἔδοξε
1782 1942 1880 2011 τῆς

301 2029 649 2101 διοικήσεως·
678 2032 727 2084 εί
763 2031 819 2084 δὲ
847 2032 914 2085 δι’
941 2027 1000 2086 οὗ
1049 2033 1140 2086 καὶ⁵
1172 2033 1332 2104 μόνου
1371 2033 1564 2103 γένοιτ’
1587 2033 1651 2087 ἄν
1683 2051 1765 2097 τις
1803 2034 1878 2097 ὡς

305 2121 518 2193 ἀληθῶς
544 2123 830 2194 μακάριος,
856 2124 1010 2178 τοῦτο
1045 2123 1220 2177 κοινὸν
1245 2125 1439 2196 ἐπίσης
1471 2125 1608 2196 πρὸς
1633 2124 1878 2190 ἐξουσίαν

303 2218 416 2278 τοῖς
452 2215 944 2287 ἀπασιπρόκειται’
977 2217 1136 2271 ποίαν
1167 2217 1427 2289 διαφορὰν
1444 2217 1588 2270 εἴποι
1610 2218 1876 2289 γε(51)ᾰν

303 2323 406 2370 τις,
428 2305 530 2360 κᾶν
608 2308 890 2376 φιλαίτιος,
926 2309 960 2380 ἢ
1000 2309 1306 2379 ἀνισότητα,
1333 2308 1603 2364 όπὸτετῶν
1636 2310 1791 2375 ἐκτὸς
1821 2310 1878 2365 αἱ

305 2396 607 2463 πλεονεξίαι
654 2393 808 2461 αὖθις
851 2399 989 2470 πρὸς
1017 2399 1242 2470 ίσότητα
1280 2399 1391 2460 τοῖς
1432 2398 1709 2468 λογισμοῖς
1750 2397 1880 2451 ἀνα-

305 2487 574 2554 κλῶνται;
629 2489 704 2552 ὡς
753 2490 854 2543 οὑκ
893 2489 1108 2543 ἔλαττον
1183 2489 1278 2560 μὲν
1328 2489 1361 2560 ἢ
1409 2490 1504 2544 καὶ
1546 2489 1745 2560 μᾶλλον
1767 2489 1884 2559 ήδο-

310 2579 470 2647 μένου
523 2578 620 2633 τοῦ
669 2581 900 2651 πένητος
951 2576 1032 2644 οἷς
1089 2580 1455 2652 προσφέρεται
1491 2581 1732 2651 τροφίοις
1785 2581 1877 2634 τοῦ

305 2673 559 2742 πλησίου.

1986 1937 2108 1991 aliis
2136 1950 2266 1990 vero
2314 1935 2537 2001 clausa;
2577 1932 2851 1987 videretur
2881 1939 3072 1986 contra
3104 1930 3208 1984 hoc
3248 1936 3413 1998 caput
3442 1929 3544 1982 bo-

1984 2040 2176 2080 norum
2202 2039 2324 2080 esse
2361 2023 2415 2078 in
2450 2022 2816 2092 inaequalitate
2872 2019 3148 2074 accusatio
3201 2016 3552 2088 gubernatio-

1982 2117 2088 2170 nis.
2122 2114 2216 2168 Sin
2243 2127 2369 2168 vero
2412 2111 2466 2166 id
2512 2127 2622 2182 quo
2661 2111 2778 2166 solo
2832 2117 3010 2180 potest
3041 2108 3165 2179 quis
3193 2122 3318 2160 vere
3356 2107 3555 2162 beatus

1982 2225 2104 2264 esse
2152 2207 2404 2262 omnibus
2456 2222 2608 2277 aeque
2661 2204 3023 2260 communiter
3075 2203 3413 2274 propositum
3443 2212 3552 2266 est,

1982 2309 2041 2354 ut
2075 2300 2251 2371 possit
2283 2314 2404 2354 esse
2460 2314 2685 2369 compos
2745 2297 2901 2367 ejus;
2937 2309 3100 2366 quam
3139 2293 3555 2364 oppressionem

1981 2401 2076 2446 aut
2108 2393 2529 2462 inaequalitatem
2573 2391 2770 2460 poterit
2815 2390 2938 2460 quis
2977 2389 3216 2458 objicere
3251 2387 3553 2461 quamlibet

1981 2485 2273 2539 accusandi
2320 2482 2595 2554 cupidus?
2662 2481 3112 2552 Quandoquidem
3170 2481 3370 2534 habere
3425 2480 3556 2549 plus

1981 2579 2248 2633 bonorum
2280 2587 2626 2632 externorum
2676 2593 2869 2632 rursus
2890 2575 3197 2630 rationibus
3226 2572 3292 2627 ad
3327 2574 3555 2644 aequali-

1981 2679 2145 2725 tatem
2191 2677 2514 2736 revocatur,
2561 2676 2621 2724 ut
2649 2683 2759 2724 non
2821 2669 3002 2724 minus
3049 2669 3134 2724 vel
3179 2668 3346 2722 etiam
3377 2667 3557 2737 magis

305 2766 600 2820 delectetur
629 2781 831 2837 pauper
862 2767 930 2823 iis
957 2767 1095 2822 cibis
1122 2768 1214 2838 qui
1245 2769 1294 2823 ci
1324 2768 1652 2825 adhibentur
1699 2783 1862 2840 quam
1895 2769 2065 2823 dives.

373 2879 482 2934 Καὶ
529 2879 596 2934 τὰ
645 2881 770 2952 περὶ,
826 2881 1033 2953 σκέπην
1080 2883 1137 2935 δὲ
1180 2883 1378 2953 ὁμοίως
1410 2883 1541 2954 ἔχει,
1587 2884 1689 2938 κᾶν
1712 2880 1876 2956 ἦττον

304 2969 536 3041 ὑπάρχει
553 2971 729 3040 τίμια,
744 2975 835 3026 καὶ
853 2973 1019 3036 τύπος
1037 2973 1338 3044 αἰσθήσεως
1355 2974 1420 3028 τὰ
1439 2976 1682 3041 συνήθως
1702 2993 1870 3048 παρα·

304 3063 550 3132 κείμενα,
605 3065 680 3127 ὡς
737 3067 936 3136 μηδένα
981 3066 1074 3120 τοῦ
1138 3067 1380 3132 πλείονος
1422 3070 1867 3131 ἐπαισθάνεσθαι,

2060 2880 2318 2936 Similiter
2340 2881 2521 2937 evenit
2556 2881 2609 2936 in
2647 2880 2714 2937 iis
2748 2896 2868 2951 quae
2901 2880 2967 2935 ad
3015 2888 3385 2951 tegumentum
3429 2891 3553 2932 cor-

1983 2974 2131 3044 poris
2155 2975 2423 3043 pertinent
2454 2993 2466 3026 :
2499 2975 2748 3044 quamvis
2779 2973 2968 3027 viliora
3001 2972 3112 3028 sint
3138 3011 3154 3036 ,
3202 2983 3424 3027 sensum
3468 2968 3555 3023 in-

1980 3067 2215 3122 formant
2257 3082 2378 3138 quae
2433 3067 2482 3122 ei
2529 3076 2933 3122 consueverunt
2986 3065 3214 3136 apponi,
3273 3072 3335 3118 ut
3390 3077 3554 3117 nemo

301 3154 388 3206 διά
413 3157 510 3226 τῆς
531 3132 810 3228 συνηθείας
823 3159 923 3230 τῆς
944 3161 1247 3233 αἰσθήσεως
1260 3163 1407 3234 ἀμαυ
1417 3162 1684 3234 ρουμένης
1701 3180 1714 3195 ο
1742 3164 1874 3234 μηδέ

1980 3159 2125 3230 quod
2158 3132 2289 3230 plus.
2334 3168 2416 3214 est
2469 3160 2698 3227 sentiat,
2735 3174 2898 3214 sensu
2942 3132 3342 3213 consuetudine
3387 3155 3551 3209 hebe-

302 3246 460 3300 ἄλλον
493 3247 586 3302 τοῦ
639 3249 939 3315 ἐλάττονος,
969 3255 1062 3306 καὶ
1115 3253 1301 3307 τοῦτον
1343 3253 1431 3308 διά
1482 3254 1764 3326 συνηθείας
1815 3255 1876 3308 rb

303 3340 478 3394 ἐνδέον
510 3343 645 3413 πρὸς
694 3344 792 3416 τὴν
831 3345 1081 3415 αἴσθησιν
1120 3347 1193 3418 μὴ
1229 3347 1450 3414 ἄγοντα.
1494 3347 1703 3401 Αὐτίκα
1741 3346 1874 3418 βάρ-

308 3431 462 3504 ϐαροι
496 3436 693 3505 γυμνοὶ
737 3436 798 3489 τό
830 3454 894 3505 γε
945 3437 1104 3492 πλέον
1144 3438 1237 3491 τοῦ
1288 3437 1536 3510 σώματος
1581 3439 1876 3508 διάγοντες,

304 3524 397 3576 καὶ
452 3525 718 3597 ἄστρωτοι
761 3527 1145 3596 καθεύδοντες,
1192 3531 1284 3584 καὶ
1330 3531 1552 3602 λυπροίς
1590 3531 1876 3601 αίδέσμασι

301 3616 664 3686 διαιτώμενοι,
721 3621 820 3672 οὑκ
852 3622 1140 3693 ἠνέσχοντο
1174 3622 1392 3676 πώποτε
1426 3624 1742 3677 καταλιπεῖν
1777 3624 1875 3696 τὴν

304 3707 466 3777 φίλην
489 3707 716 3772 δίαιταν,
742 3709 816 3772 ὼς
841 3711 928 3764 διὰ
957 3712 1058 3782 τῆς
1082 3712 1366 3784 συνηθείας
1395 3714 1456 3768 τὸ
1483 3714 1658 3768 ἐνδέον
1695 3716 1879 3770 αὐτῶν·

307 3799 474 3869 μηδὲν
507 3799 863 3870 καθορῶντες,
905 3803 1100 3873 μᾶλλον
1128 3805 1184 3858 δὲ
1209 3805 1413 3877 ταύτην
1448 3806 1568 3878 μηδ’
1591 3807 1873 3862 ἀπολιπεῖν

300 3887 483 3945 οἷοίτε
509 3891 688 3955 ὄντες·
737 3891 769 3962 ἢ
811 3892 1001 3948 θᾶττον
1036 3896 1133 3966 μὲν
1160 3896 1228 3950 ἂν
1255 3897 1430 3951 καὶτὸ
1465 3899 1729 3968 ὑγιαίνειν
1765 3917 1871 3953 κα-

300 3983 597 4049 ταλίποιεν,
658 3984 848 4038 θᾶττον
901 3985 946 4038 δ’
1002 3985 1067 4040 ἂν
1093 3989 1187 4041 καὶ
1228 3989 1288 4042 rb
1330 3989 1467 4061 πρὸς
1510 3992 1754 4063 κρυμοὺς
1780 3993 1876 4047 καὶ

302 4076 533 4148 ἡλιακὴν
563 4075 734 4145 φλόγα
762 4080 1050 4149 καρτερεῖν
1075 4079 1491 4150 ἀποκτήσαιντο.

1978 3262 2122 3319 tato;
2164 3268 2265 3308 nec
2299 3254 2439 3308 alius
2468 3253 2610 3323 quod
2657 3253 2838 3307 minus
2869 3259 2955 3306 est
2991 3252 3116 3321 quia
3156 3261 3376 3323 propter
3404 3269 3541 3309 con-

1978 3344 2322 3399 suetudinem
2379 3361 2486 3399 non
2543 3345 2772 3414 percipit
2804 3359 2968 3399 sensu
3023 3343 3169 3414 quod
3203 3345 3375 3400 deest.
3412 3343 3554 3399 Hinc

1977 3437 2238 3488 continuo
2264 3434 2320 3488 ﬁt
2377 3442 2435 3488 ut
2464 3434 2710 3500 Barbari,
2747 3434 2890 3504 quod
2915 3434 3092 3503 majus
3123 3440 3227 3498 est,
3261 3437 3407 3488 nudo
3427 3449 3558 3488 cor-

1977 3543 2108 3600 pore
2140 3530 2306 3583 vitam
2335 3529 2612 3600 degentes,
2642 3537 2694 3582 et
2733 3527 2852 3582 sine
2886 3527 3131 3597 stragula
3158 3535 3310 3582 veste
3341 3527 3554 3583 cuban-

1983 3631 2085 3687 tes,
2115 3631 2168 3675 et
2208 3622 2417 3693 asperis
2453 3620 2786 3676 indumentis
2830 3627 3084 3685 utentes,
3134 3635 3413 3691 nunquam
3456 3637 3560 3692 pa—

1982 3721 2222 3768 terentur
2250 3719 2311 3767 ut
2367 3712 2734 3782 relinquerent
2766 3710 3034 3766 rationem
3068 3710 3289 3766 vivendi
3313 3719 3548 3780 gratam,

1981 3815 2040 3862 ut
2061 3807 2154 3878 qui
2183 3814 2406 3877 propter
2456 3805 2911 3862 consuetudinem
2943 3805 3075 3875 quid
3127 3805 3208 3861 eis
3246 3805 3388 3859 desit
3439 3819 3549 3858 non

1977 3900 2325 3970 intelligunt,
2362 3900 2470 3952 imo
2508 3899 2600 3969 qui
2635 3915 2743 3953 non
2781 3906 3011 3970 possunt
3040 3896 3182 3952 hanc
3223 3897 3550 3968 relinquere,

1979 3999 2032 4046 et
2066 3993 2245 4066 potius
2277 4005 2340 4046 ac
2369 3991 2630 4046 libentius
2669 3990 2981 4045 desinerent
3040 3997 3185 4044 recte
3231 3990 3412 4046 valere
3435 4028 3453 4057 ,
3497 3996 3559 4044 et

1981 4084 2203 4156 mallent
2234 4083 2437 4154 frigora
2464 4089 2516 4137 et
2543 4081 2794 4138 ardorem
2838 4081 2970 4136 solis
3009 4081 3266 4137 tolerare.

873 4236 1001 4293 CAP.
1040 4236 1133 4293 XI.
1167 4238 1479 4294 Communia
1510 4238 1762 4294 bonorum
1796 4248 1844 4294 et
1884 4241 2167 4296 malorum.
2205 4240 2358 4296 Bella
2393 4258 2486 4294 cur
2517 4240 2660 4296 Deus
2694 4240 2970 4311 permittit.

375 4379 484 4432 Καὶ
509 4379 643 4450 πρός
676 4396 740 4448 γε
763 4378 824 4432 rb
862 4378 959 4450 ζῇν
993 4378 1166 4442 οὐδεὶς
1187 4377 1397 4441 οὐδενὸς
1417 4377 1577 4430 πλέον
1594 4376 1708 4448 ἔχει
1737 4376 1880 4430 κατά

304 4470 395 4523 τὸν
456 4469 565 4540 βίον
589 4489 601 4502 ο
654 4472 827 4524 κοιναὶ
858 4471 955 4541 μὲν
998 4470 1106 4541 γὰρ
1141 4472 1305 4524 πᾶσιν
1341 4471 1399 4523 αί
1439 4470 1662 4538 φυσικαὶ
1689 4469 1875 4522 διανα-

305 4562 533 4625 παῦσεις
553 4562 886 4616 ἀνακλίσεῶν
912 4580 974 4615 τε
1005 4565 1100 4616 καὶ
1130 4561 1332 4626 ὕπνων,
1381 4562 1556 4615 κοιναὶ
1582 4562 1638 4614 δὲ
1679 4561 1876 4632 τροφαὶ

305 4657 400 4708 καὶ
423 4654 766 4719 ἀπολαύσεις,
809 4654 953 4717 εἴτις
979 4655 1039 4708 rb
1071 4655 1170 4725 μὲν
1205 4655 1456 4726 διάφορον
1486 4652 1718 4716 συνετῶς
1741 4671 1880 4721 παρ-

305 4748 469 4812 έλθοι,
501 4748 599 4820 τὴν
649 4748 704 4800 δὲ
736 4749 928 4818 χρῆσιν
955 4750 1020 4817 τῇ
1061 4747 1306 4818 αἰσθήσει
1356 4743 1668 4815 δοκιμάζον
1704 4745 1880 4798 κοιναὶ

305 4840 362 4892 δὲ
402 4841 501 4893 οὑκ
553 4840 769 4893 ἔλαττον
798 4838 1038 4910 ἀκριϐῶς
1077 4839 1172 4892 καὶ
1192 4839 1247 4891 αί
1276 4837 1444 4890 λύπαι
1473 4836 1658 4906 ψυχῶν
1691 4854 1752 4889 τε
1784 4836 1880 4889 καὶ

289 4933 574 5004 ,σωμάτων
599 4947 612 4960 ο
646 4932 741 4985 καὶ
767 4931 965 5001 μᾶλλον
994 4929 1242 5002 εὑρεθείη
1283 4947 1364 4992 τις
1395 4927 1462 4982 ἂν
1485 4928 1689 4982 τούτων
1715 4930 1882 4997 ὑπερ-

318 5023 436 5094 εολὴ
463 5023 612 5095 παρὰ
638 5026 749 5086 τοῖς
784 5023 944 5076 πλέον
983 5022 1122 5075 κατά
1157 5022 1248 5074 τὸν
1279 5020 1390 5090 βίον
1436 5020 1579 5092 ἔχειν
1606 5020 1874 5074 δοκοῦσιν.

317 5113 471 5165 Ὥστε
520 5113 613 5165 καὶ
654 5113 857 5166 τούτων
907 5112 1048 5166 κατά
1088 5111 1150 5164 rb
1184 5109 1381 5180 ἀληθὲς
1409 5109 1579 5174 οὕτως
1626 5110 1876 5179 ἐχόντων,

315 5203 414 5256 ποῦ
437 5204 503 5258 ἂν
525 5203 610 5274 εἴη
647 5204 708 5256 τὸ
731 5205 910 5260 ἄνισον
956 5203 1055 5274 τῆς
1092 5203 1186 5257 τοῦ
1228 5201 1362 5255 Θεοῦ
1388 5202 1727 5273 διοικήσεως,
1758 5220 1880 5256 ποι-

313 5296 516 5361 κιλίαν,
569 5298 668 5350 οὑκ
709 5298 998 5368 ἀνισότητα
1047 5299 1158 5360 τοῖς
1197 5295 1317 5349 καθ’
1349 5295 1496 5364 ἡμᾶς
1535 5293 1880 5361 ἀντιθέντος;

312 5388 494 5459 ἕτερον
529 5387 639 5458 γάρ
666 5387 918 5458 τυγχάνει
964 5386 1204 5440 ποικιλία
1242 5385 1430 5454 σοφίας
1464 5387 1522 5439 ἐν
1545 5385 1734 5456 κόσμῳ
1771 5386 1878 5438 δια·

312 5480 615 5552 πρέπουσα,
679 5481 772 5534 καὶ
807 5481 988 5551 ἕτερον
1026 5478 1220 5543 ἀταξία
1249 5478 1585 5550 διοικήσεως.
1621 5479 1685 5532 Εἰ
1715 5479 1772 5532 δέ
1803 5496 1883 5542 τις

313 5572 463 5644 εὖροι.
503 5571 567 5628 ἂν
615 5574 739 5636 τοὺς
788 5573 885 5643 μὲν
915 5571 1143 5636 ἀπαθεῖς
1188 5571 1349 5642 φύσει
1402 5570 1510 5625 τῶν
1554 5571 1883 5644 ἀνθρώπων,

384 5715 519 5786 (50‘)
559 5715 751 5786 Μόνῳ.
782 5711 912 5766 Post
956 5706 1102 5786 hane
1141 5725 1326 5786 vocem
1374 5711 1634 5786 nonnulla
1678 5709 1868 5786 deesse

318 5782 585 5840 videntur.
617 5783 769 5855 (Quae
803 5800 903 5838 nos
950 5783 1271 5852 supplendo,
1306 5783 1460 5836 uncis
1499 5782 1866 5847 inclusimus.)

2055 4378 2235 4447 Atque
2277 4377 2342 4433 ad
2389 4377 2556 4432 vitam
2601 4375 2920 4448 degendam,
2952 4391 3016 4431 ac
3048 4374 3290 4447 jucunde
3329 4373 3550 4446 quidem

1909 4449 1950 4504 Γ)
1979 4467 2300 4539 degendam,
2333 4485 2493 4525 nemo
2540 4469 2662 4541 plus
2710 4485 2873 4540 quam
2918 4469 3063 4525 alius
3099 4469 3270 4540 ,habet
3320 4469 3377 4523 in
3416 4468 3548 4522 vita.

1983 4561 2306 4616 Communia
2356 4569 2484 4616 sunt
2534 4563 2811 4627 omnibus,
2845 4562 3044 4632 quibus
3092 4568 3287 4616 natura
3334 4573 3545 4614 recrea-

1989 4666 2131 4714 mur,
2171 4651 2554 4706 accubationes
2603 4662 2658 4706 et
2703 4652 2955 4721 epulares
2988 4651 3196 4718 somni;
3240 4649 3552 4705 communia

1987 4741 2265 4806 alimenta,
2290 4749 2346 4797 et
2370 4757 2560 4798 eorum
2593 4741 2805 4798 fructus
2833 4758 2896 4797 ac
2922 4742 3322 4812 jucunditates,
3351 4743 3397 4800 si
3424 4744 3554 4814 quis

1987 4832 2282 4902 prudenter
2319 4834 2687 4904 praestantiam
2719 4833 2938 4905 quidem
2986 4849 3175 4890 eorum
3230 4845 3548 4906 praetereat,

1988 4942 2145 4980 ιιειιιιι
2180 4941 2305 4980 vero
2339 4942 2504 4982 sensu
2535 4927 2846 4997 experiatur
2868 4933 2923 4981 et
2967 4927 3180 4997 probet.
3223 4926 3552 4983 Communes

1988 5020 2114 5073 item
2145 5026 2272 5074 sunt
2300 5034 2408 5073 non
2439 5019 2620 5074 minus
2649 5031 2835 5075 exacte
2857 5021 3158 5074 animarum
3180 5028 3234 5074 et
3259 5035 3552 5091 corporum

1986 5111 2236 5176 dolores;
2285 5118 2448 5180 atque
2469 5111 2524 5164 in
2550 5110 2635 5165 his
2667 5110 2884 5181 quidem
2919 5111 3092 5181 magis
3124 5112 3430 5181 reperietur
3457 5124 3553 5168 cx~

1984 5204 2293 5272 superantia
2350 5203 2492 5273 apud
2530 5217 2623 5258 eos
2682 5203 2776 5272 qui
2821 5203 2876 5256 in
2925 5204 3033 5257 vita
3064 5203 3184 5272 plus
3218 5203 3418 5258 habere
3473 5199 3554 5254 vi-

1983 5293 2200 5348 dentur.
2239 5292 2418 5359 Quare
2447 5308 2572 5347 cum
2609 5291 2720 5347 hinc
2743 5293 2816 5346 ita
2844 5293 2975 5356 sint,
3004 5294 3093 5347 ubi
3127 5295 3233 5348 erit
3271 5291 3550 5360 inaequali-

1985 5395 2065 5442 tas
2101 5387 2154 5440 in
2183 5387 2578 5456 gubernatione
2604 5385 2733 5450 Dei,
2787 5391 2879 5456 qui
2911 5387 3222 5441 varietatem
3249 5423 3264 5448 ,
3305 5399 3414 5438 non
3464 5382 3552 5436 in-

1985 5478 2348 5548 aequalitatem
2373 5477 2426 5532 in
2459 5478 2624 5533 rebus
2645 5479 2848 5534 nostris
2876 5477 3092 5548 posuit?
3113 5475 3261 5529 aliud
3294 5475 3437 5530 enim
3463 5482 3555 5528 est

1988 5569 2223 5624 varietas
2253 5569 2530 5640 sapientiae
2563 5586 2683 5641 qua:
2718 5571 2772 5624 in
2814 5569 3012 5623 mundo
3047 5569 3298 5623 decorem
3339 5565 3549 5623 habet;

2045 5705 2160 5778 (51)
2185 5707 2358 5761 Εῐποι
2392 5723 2475 5778 γε.
2511 5704 2664 5778 Vulg.
2695 5706 2894 5759 ἕποιεν.
2929 5702 3085 5756 Ειδιτ.
