4064 6290
493 300 516 318 ἱ
583 350 720 405 1155
1717 342 1844 398 TITI
1883 339 2137 398 BOSTRE

2241 339 2311 395 .lS
2349 338 2654 396 EPISCOPI
3700 341 3728 394 1
3745 342 3843 396 156

581 469 729 524 aliud
755 468 1086 540 perturbatio
1113 466 1320 522 ordinis
1363 465 1420 521 in
1469 465 1882 538 gubernatione.
1909 465 1967 520 Si
2019 465 2137 536 quis

2245 465 2370 528 τοὺς
2432 463 2488 516 δὲ
2543 461 2812 534 ἐμπαθεῖς
2873 461 2994 516 καθ’
3055 460 3312 533 ἐκάτερον
3381 461 3561 533 ψυχήν
3617 476 3680 512 τε
3747 462 3846 514 καὶ

581 561 819 631 reperire
840 567 1022 631 posset
1051 558 1188 613 alios
1219 557 1437 628 quidem
1466 558 1716 612 homines
1748 565 1945 612 natura
1969 558 2037 611 ab
2068 556 2137 611 al“.

2253 555 2442 626 σῶμαο
2516 555 2611 608 καὶ
2666 555 2792 617 τοὺς
2845 555 2942 625 μὲν
2973 554 3098 609 ἀνευ
3139 553 3346 626 τροφῆς
3383 554 3520 625 (31‘)
3550 572 3566 587 ο
3616 552 3653 624 ἢ
3710 553 3848 615 τοὺς

584 652 910 709 factionibus
941 651 1136 704 anima:
1185 658 1238 705 et
1294 651 1537 720 corporis
1586 649 1809 717 liberos,
1838 649 1974 705 alios
2020 664 2137 704 verc

2252 646 2352 717 μέν
2377 645 2758 708 ἀνεπιδέκτους
2787 646 3004 710 κακίας,
3027 645 3152 708 τοὺς
3175 644 3232 697 δὲ
3269 643 3551 708 δεκτικούς
3571 662 3586 674 ’
3613 643 3697 696 ἐτι
3732 644 3845 714 μὴν

583 761 690 800 ηοη
732 745 960 810 liberos;
996 759 1192 799 rursus
1222 743 1359 798 alios
1398 743 1516 798 sine
1545 743 1670 797 cibo
1699 741 1942 797 viventes
1964 783 1979 807 ,
2013 743 2137 798 alios

2245 739 2373 800 τοὺς
2426 738 2523 808 μὲν
2562 737 2809 809 θνητοὺς,
2848 736 2976 800 τοὺς
3021 736 3078 790 δέ
3119 735 3450 800 ἀθανάτους·
3493 735 3680 799 καλῶς
3725 735 3847 788 ἆνὸ

581 835 706 889 cibo
737 835 944 889 alentes
973 834 1174 900 vitam;
1220 841 1314 887 aut
1356 833 1492 887 alios
1521 833 1616 902 qui
1645 832 1941 902 nequitiam
1979 834 2137 887 susci-

2246 828 2488 892 τοιοῦτος
2521 827 2746 893 ἀταξίαν
2770 845 2829 880 τε
2850 830 2945 882 καὶ
2969 827 3262 896 ἀνισότητα
3287 827 3534 880 κατείποι
3569 827 3673 896 τῆς
3699 825 3844 878 διοι-

579 940 707 995 pere
759 939 868 980 non
923 933 1170 994 possent,
1202 925 1339 980 alios
1385 924 1477 994 qui
1533 934 1792 994 possent;
1851 923 1977 978 item
2012 925 2137 981 alios

2247 923 2478 993 κήσεως,
2529 921 2604 985 ὡς
2660 919 3042 990 ἀποκληρώσει
3083 921 3189 973 τινὶ
3253 919 3451 990 μᾶλλον
3477 919 3512 991 ἢ
3561 920 3713 990 λόγῳ
3745 919 3843 972 τοῦ

578 1015 838 1070 mortales
858 1057 873 1080 ,
920 1017 1056 1070 alios
1091 1016 1464 1071 immortales:
1493 1021 1642 1070 recte
1680 1017 1782 1070 iste
1814 1016 2149 1085 inaequalita-

575 1118 683 1162 tem
730 1108 1144 1178 gubernationis
1179 1108 1635 1178 reprehenderet,
1671 1115 1725 1162 et
1780 1107 2147 1163 turbationem

575 1197 820 1263 ordinis,
865 1197 1020 1268 quasi
1055 1198 1228 1268 magis
1261 1199 1546 1254 sortitione
1596 1213 1760 1269 quam
1804 1197 2016 1253 ratione
2057 1214 2147 1254 res

575 1302 793 1346 nostras
835 1290 977 1346 Deus
1027 1297 1364 1362 procuraret.
1401 1289 1545 1358 _Sed,
1577 1292 1624 1346 si
1673 1290 1814 1346 idem
1849 1291 2044 1346 modus
2089 1292 2144 1346 in

575 1388 698 1434 ortu
727 1379 1009 1442 omnium,
1056 1394 1163 1432 una
1192 1386 1245 1432 et
1295 1378 1483 1434 eadem
1538 1387 1747 1434 natura:
1774 1377 2058 1442 educatio;
2091 1385 2146 1434 et

573 1487 764 1527 eorum
787 1487 908 1542 quae
939 1472 1249 1526 necessaria
1279 1478 1442 1536 sunt,
1486 1471 1604 1526 sine
1635 1471 1834 1541 quibus
1866 1471 1975 1525 vita
2023 1470 2144 1542 degi

574 1580 684 1620 non
713 1571 926 1634 potest,
971 1563 1279 1618 communis
1316 1571 1402 1618 est
1449 1562 1705 1618 omnibus
1735 1578 1798 1616 ex
1834 1577 1991 1632 aquo
2019 1578 2146 1632 sup-

573 1657 870 1727 peditatio;
903 1655 1027 1710 ﬁnis
1057 1661 1237 1710 autem
1271 1655 1512 1710 omnium
1537 1670 1679 1710 unus
1711 1661 1765 1709 et
1794 1657 1944 1710 solus
1971 1675 1984 1709 :
2017 1670 2140 1710 cum

575 1757 834 1820 appareat
861 1762 1076 1804 summa
1104 1747 1388 1817 aequalitas
1425 1747 1476 1800 in
1515 1749 1769 1804 omnibus
1793 1788 1808 1814 ,
1847 1750 1934 1804 vel
1962 1765 2138 1806 caecus

574 1857 800 1912 prorsus
823 1851 925 1906 est,
959 1842 1049 1910 qui
1074 1839 1165 1894 Dei
1200 1838 1592 1909 providentiam
1624 1848 1884 1912 tanquam
1914 1857 2023 1896 non
2048 1858 2137 1897 or-

2241 1844 2462 1911 ἀταξίαν
2484 1844 2615 1915 ἔχει,
2637 1843 2699 1896 τὸ
2716 1843 2939 1914 κόσμιον
2950 1843 3050 1913 τῆς
3065 1841 3352 1905 ποικιλίας,
3369 1841 3588 1914 τεχνίτῃ
3605 1858 3674 1909 γε
3693 1859 3836 1894 nav-

573 1932 814 1986 dinatam
848 1938 1098 1994 accusat,
1147 1930 1227 1985 vel
1265 1930 1438 1985 oculis
1484 1932 1763 1989 malevolis
1814 1941 1867 1989 et
1905 1932 2137 1990 inimicis

2241 1935 2388 2006 σόφῳ
2407 1935 2527 1988 λίαν
2544 1935 2829 2006 ἁρμόττον,
2849 1935 2876 1986 ὁ
2899 1932 3136 1996 τοιοῦτος
3158 1931 3455 1987 διαϐάλλει.
3473 1932 3585 1985 Καὶ
3617 1930 3832 2003 προῖὼν

574 2038 662 2079 res
691 2024 906 2094 aspicit,
931 2031 985 2079 et
1011 2023 1080 2077 ob
1108 2038 1231 2077 eam
1259 2037 1481 2078 causam
1518 2039 1627 2079 non
1663 2034 1748 2081 est
1794 2025 1990 2096 dignus
2017 2027 2137 2084 ﬁde.

2241 2027 2512 2093 κακιζέτω
2539 2027 2632 2079 καὶ
2661 2025 2720 2079 τὸ
2739 2025 2976 2079 ποικίλον
2992 2025 3099 2078 τῶν
3125 2025 3448 2096 χρωμάτων,
3469 2023 3698 2078 καὶτῶν
3723 2023 3838 2076 ὲδε-

572 2113 808 2182 Etenim,
845 2115 890 2171 si
932 2115 1266 2186 perturbatio
1301 2117 1511 2173 ordinis
1562 2118 1617 2173 in
1649 2118 1911 2175 varietate
1966 2120 2137 2186 inest,

2245 2119 2467 2190 σμάτων
2486 2119 2580 2172 καὶ
2603 2117 2862 2190 πομάτων
2879 2118 2940 2171 τὸ
2970 2117 3226 2188 διάφορον
3243 2133 3257 2146 ·
3287 2117 3427 2188 ἀπερ
3452 2114 3836 2186 ἀναλαμϐάνει

572 2206 836 2262 decorum
871 2207 1174 2272 varietatis,
1215 2207 1362 2278 quod
1394 2209 1692 2279 sapientem
1723 2211 1985 2267 artiﬁcem
2023 2227 2137 2268 ma-

2242 2231 2307 2284 γε
2359 2214 2677 2286 θαυμασίως
2714 2211 2814 2276 τὰς
2859 2211 3137 2284 αἰσθήσεις
3165 2210 3279 2280 ,τῶν
3337 2207 3830 2280 προσφερομένων.

571 2315 808 2372 gnopere
859 2299 1033 2366 decet,
1091 2303 1440 2373 reprehendit
1485 2305 1608 2362 iste.
1663 2305 1859 2378 Pergat
1914 2309 2076 2363 etiam
2131 2309 2443 2382 improbare
2504 2309 2822 2364 varietatem
2883 2307 3130 2362 colorum
3161 2346 3176 2371 ,
3231 2313 3288 2360 et
3337 2304 3718 2359 diversitatem
3766 2317 3834 2358 ac

571 2393 931 2449 diﬁ‘erentiam
981 2393 1228 2450 ciborum
1271 2412 1336 2452 ac
1368 2398 1686 2468 potionum,
1717 2417 1838 2472 quae
1872 2400 2196 2459 mirabiliter
2227 2420 2424 2462 sensus
2453 2411 2704 2459 recreant
2735 2417 2926 2457 eorum
2965 2400 3167 2471 qui-bus
3197 2395 3548 2452 adhibentur.

2245 1013 2380 1068 Θεοῦ
2427 1014 2497 1068 τά
2560 1013 2681 1066 καθ’
2709 1015 2853 1085 ἡμᾶς
2878 1012 3225 1076 διοικοῦντος.
3257 1013 3319 1065 Εἰ
3343 1011 3400 1064 δέ
3437 1011 3640 1083 τρόπος
3673 1011 3786 1081 μὲν
3815 1013 3844 1062 ὁ

2245 1105 2410 1169 αὐτὸς
2454 1108 2568 1168 τοῖς
2629 1107 2762 1158 πᾶσι
2814 1105 3100 1174 γενέσεως,
3155 1105 3252 1175 μία
3293 1103 3350 1157 δέ
3380 1103 3473 1157 καὶ
3497 1105 3531 1174 ἡ
3558 1104 3703 1174 αὐτὴ
3737 1105 3842 1172 τῆς

2247 1196 2459 1266 φύσεως
2514 1199 2546 1267 ἡ
2595 1197 2872 1268 ἀνατροφὴ
2897 1236 2914 1260 ,
2973 1196 3082 1250 τῶν
3119 1196 3174 1249 δὲ
3203 1197 3550 1264 ἀναγκαίων,
3588 1190 3667 1250 ὧν
3701 1195 3841 1249 ἄνευ

2247 1293 2503 1362 συστῆναι
2523 1291 2800 1353 ἀδύνατον,
2823 1291 2978 1360 κοινὴ
3012 1294 3123 1352 τοῖς
3147 1289 3351 1343 ἅπασιν
3378 1289 3574 1361 ἐπίσης
3602 1292 3638 1361 ἡ
3671 1307 3842 1361 χορη-

2243 1385 2358 1453 γία,
2389 1384 2542 1448 τέλος
2591 1383 2648 1436 δὲ
2692 1383 2801 1436 τῶν
2850 1384 3104 1436 ἀπάντων
3138 1381 3196 1434 ἒν
3236 1381 3328 1435 καὶ
3365 1382 3559 1451 μόνον⁹
3584 1381 3688 1452 τῆς
3718 1382 3836 1434 ίσό⁶

2241 1493 2401 1547 τητος
2429 1476 2566 1546 πρὸς
2626 1474 2802 1547 ἄκραν
2839 1473 3122 1546 ἀκρίϐειαν
3160 1475 3218 1527 ἐν
3264 1473 3436 1526 ἆπασι
3466 1472 3834 1542 φαινομένης,

2241 1568 2274 1640 ἢ
2302 1567 2499 1636 τυφλὸς
2517 1567 2794 1630 παντελῶς
2823 1569 2850 1620 ὁ
2875 1565 3172 1619 διαϐάλλων
3203 1567 3281 1628 είς
3309 1564 3536 1631 ἀταξίαν
3560 1563 3655 1616 τοῦ
3689 1563 3833 1616 Θεοῦ

2239 1659 2338 1731 τὴν
2399 1659 2738 1731 πρόνοιαν,ἢ
2777 1658 2990 1730 ἐχθροῖς
3035 1658 3244 1728 δμμασι
3284 1655 3534 1728 καθορῶν
3575 1655 3650 1708 τὰ
3684 1657 3835 1726 πρά-

2239 1769 2443 1824 γματα,
2458 1753 2655 1822 ἥκιστα
2671 1750 2980 1804 πιστεύεται
2995 1749 3219 1812 δίκαιος.
3239 1751 3300 1802 Εἰ
3313 1748 3466 1820 γάρὴ
3482 1747 3833 1819 διαφορὰτὴν

643 2489 780 2545 Hinc
821 2491 1053 2562 profecti
1083 2501 1211 2546 sunt
1246 2494 1539 2550 miserrimi
1583 2496 1871 2563 homines,
1924 2499 2017 2568 qui
2072 2498 2138 2554 ad

569 2581 972 2637 defendendum
1011 2584 1181 2638 fatum
1213 2584 1470 2640 videntur
1505 2587 1610 2642 sibi
1659 2589 1983 2644 conﬁrmare
2031 2606 2144 2644 ma-

572 2683 685 2736 lum
725 2683 1110 2752 inatqualitatis
1132 2723 1147 2747 ,
1195 2683 1410 2737 duobus
1443 2681 1726 2752 principiis
1762 2681 2088 2739 introductis
2122 2701 2136 2738 :

571 2783 854 2832 ostensum
886 2783 1070 2830 tamen
1097 2784 1181 2831 est
1220 2758 1582 2847 prudentibus
1611 2775 1817 2829 nullam
1865 2775 1921 2830 in
1973 2775 2138 2832 rebus

571 2869 774 2924 nostris
803 2868 1226 2939 inaequalitatem
1257 2883 1400 2924 esse.
1597 2947 1600 2951 ἴ

642 2957 781 3023 Quia
819 2973 950 3013 vero
980 2959 1119 3013 bella
1147 2959 1310 3014 etiam
1357 2957 1677 3028 assignant,
1731 2965 1786 3012 et
1833 2958 2139 3014 attribuunt

571 3049 828 3120 nequitia
851 3086 870 3116 ,
902 3049 1175 3119 quomodo
1210 3049 1360 3102 varia
1407 3048 1538 3112 fata,
1567 3049 1809 3118 ipsorum
1842 3049 2099 3119 opinione
2122 3089 2138 3116 ,

2323 2498 2602 2554 Ἐντεῦθεν
2627 2495 2848 2570 ἐξῆλθον
2865 2497 2914 2550 οἱ
2931 2495 3050 2549 λίαν
3079 2492 3424 2554 ἀθλιώτατοι,
3449 2488 3589 2560 πρὸς
3613 2490 3666 2541 εἰ
3677 2506 3822 2562 μαρο

2243 2591 2412 2662 μένην
2437 2590 2499 2643 τὸ
2527 2590 2725 2643 ἄτοπον
2771 2588 2872 2659 τῆς
2927 2586 3244 2657 ἀνισότητος
3271 2582 3359 2636 διά
3400 2584 3521 2634 ταῖν
3553 2580 3703 2634 δυοῖν
3731 2583 3830 2652 ἀρ-

2226 2686 2361 2756 ’χαῖν
2423 2681 2670 2753 βεϐαιοῦν
2724 2679 3006 2744 δοκοῦντες
3029 2697 3043 2711 ο
3073 2677 3208 2733 ἀλλά
3257 2676 3526 2729 δέδεικται
3565 2674 3670 2745 μὲν
3713 2677 3830 2739 τοῖς

2239 2777 2526 2848 ἔμφροσιν,
2557 2775 2633 2838 ὼς
2673 2772 2899 2844 οὐδεμία
2925 2789 3007 2836 τις
3051 2767 3302 2840 ἀνισότης
3333 2767 3540 2820 ἔνεστιν
3595 2768 3660 2821 ἐν
3710 2771 3828 2831 τοῖς

2239 2865 2362 2920 καθ’
2384 2867 2549 2936 ἡμᾶς.

2316 2956 2532 3028 Ἐπειδὴ
2573 2957 2630 3010 δέ
2663 2956 2784 3016 ίκαὶ.
2823 2955 2950 3018 τοὺς
2992 2953 3260 3024 πολέμους
3291 2953 3358 3024 τῇ
3388 2951 3561 3024 κακίᾳ
3589 2950 3827 3021 προσ-νέα

2249 3066 2426 3121 μουσι,
2455 3049 2576 3103 τίνα
2603 3048 2801 3120 τρόπον
2818 3046 3151 3117 εἱμαρμέναι
3173 3045 3420 3115 διάφοροι
3444 3045 3568 3097 κατ’
3599 3041 3822 3105 αὐτοὺς,

570 3141 872 3196 multorum
902 3141 1198 3212 aliquando
1219 3140 1450 3195 millium
1481 3139 1536 3194 in
1565 3154 1734 3192 unum
1761 3146 1996 3209 tempus,
2025 3139 2137 3194 imo

2241 3141 2449 3194 πολλῶν
2473 3140 2620 3195 ἐστιν
2645 3141 2732 3194 ὅτε
2759 3125 3010 3212 χιλῖάδων
3048 3138 3138 3206 ὑφ’
3171 3137 3267 3191 ινα
3299 3136 3512 3208 καιρὸν,
3543 3134 3752 3206 μᾶλλον
3769 3133 3824 3186 δὲ

569 3231 628 3288 in
658 3247 820 3286 unam
856 3231 1046 3288 horam
1089 3231 1376 3288 incidunt?
1413 3245 1483 3284 an
1533 3245 1704 3284 unum
1745 3228 1914 3284 fatum
1949 3230 2137 3284 conci-

2241 3233 2344 3286 ὑπὸ
2373 3233 2502 3305 μίαν
2541 3232 2690 3305 ὥραν
2724 3230 3077 3295 πιπτουσῶν;
3116 3225 3225 3301 ἄρα
3256 3229 3353 3299 μία
3393 3245 3476 3291 τις
3509 3225 3824 3298 εἱμαρμένη

567 3325 668 3379 liat
697 3325 798 3380 hos
834 3333 889 3380 et
933 3324 1152 3394 copulat
1180 3325 1323 3379 inter
1351 3323 1450 3379 se?
1507 3337 1690 3377 annon
1735 3329 1821 3376 est
1847 3322 2137 3377 ridiculum

2243 3326 2503 3380 συνάπτει
2561 3324 2784 3388 τούτους
2813 3325 2902 3392 ὑφ’
2960 3325 3166 3394 ἐαυτῇ;
3225 3322 3320 3376 καὶ
3374 3321 3490 3384 πῶς
3528 3321 3595 3374 οὐ
3642 3320 3821 3391 πάντη

565 3415 882 3471 existimare
913 3416 1048 3472 hoc?
1083 3414 1158 3469 Ex
1184 3429 1292 3485 quo
1323 3415 1382 3468 ﬁt
1406 3422 1464 3468 ut
1509 3413 1847 3486 ianualitas
1880 3413 1998 3481 fati,
2022 3430 2137 3485 quaa

2241 3419 2396 3479 ,τοῦτό
2432 3434 2495 3486 γε
2541 3417 2944 3488 ὑπολαμϐάνειν
3013 3415 3382 3485 γελοιότατον;
3417 3413 3581 3467 Ὅθεν
3615 3412 3680 3465 τὺ
3727 3411 3824 3482 μὲν

566 3515 652 3564 est
687 3509 869 3578 gravis
908 3509 1133 3565 morbus
1166 3508 1500 3572 errantium,
1539 3509 1720 3562 locum
1760 3508 1816 3562 in
1846 3508 2009 3564 rebus
2033 3515 2137 3563 non

2241 3501 2422 3564 ἄνισον
2451 3509 2550 3580 τῆς
2579 3507 2938 3580 εἱμαρμένης,
2977 3506 3038 3560 τὸ
3061 3505 3294 3578 χαλεπὸν
3320 3503 3428 3558 τῶν
3462 3501 3823 3572 πεπλανημέο

571 3599 788 3655 habeat.
833 3598 980 3654 Bella
1014 3608 1193 3654 autem
1225 3599 1554 3669 principium
1607 3605 1833 3655 sumunt
1858 3614 1924 3654 ex
1957 3599 2137 3654 avaril

2243 3619 2350 3657 vuw
2408 3603 2646 3674 νόσημα,
2697 3604 2878 3674 χώραν
2933 3601 2990 3652 ἐν
3031 3601 3142 3663 τοῖς
3198 3598 3514 3670 πράγμασιν
3538 3596 3642 3650 οὐκ
3673 3595 3820 3666 ἔχει·

569 3689 682 3757 tia;
735 3700 1000 3760 geruntur
1042 3699 1223 3746 autem
1269 3693 1541 3760 permissu
1575 3689 1710 3746 Dei:
1758 3691 1960 3746 malum
1992 3691 2132 3767 enin,

2249 3693 2467 3766 πόλεμοι
2515 3694 2573 3748 δὲ
2607 3694 2704 3764 τὴν
2774 3692 2872 3764 μὲν
2918 3692 3088 3764 ἀρχὴν
3133 3691 3197 3744 ἐκ
3245 3687 3559 3752 πλεονεξίας
3603 3685 3820 3758 λαμϐά-

566 3778 762 3834 borum
796 3789 880 3835 est
925 3781 1042 3850 ipsa
1074 3794 1262 3843 causa,
1301 3779 1356 3834 id
1403 3787 1490 3835 est
1531 3779 1822 3850 cupiditas,
1856 3794 1979 3851 qua:
2006 3795 2130 3843 ava;

2241 3787 2408 3855 νουσι,
2431 3785 2530 3857 τὴν
2572 3785 2629 3838 δὲ
2671 3783 2951 3856 ἐνέργειαν
3003 3783 3141 3854 πρὸς
3181 3781 3316 3836 Θεοῦ
3360 3779 3822 3851 συγχωρουμένην

565 3869 748 3924 ritiam
781 3871 958 3940 parit:
996 3869 1141 3940 quod
1181 3870 1402 3942 quidem
1432 3871 1634 3924 malum
1679 3871 1748 3925 ab
1797 3870 2137 3927 hominibusi

2241 3879 2452 3950 ἔχουσι·
2487 3877 2656 3931 κακὸν
2698 3877 2794 3948 μέν
2821 3875 2930 3946 γὰρ
2971 3875 3174 3928 τούτων
3216 3875 3250 3945 ἡ
3282 3874 3524 3944 ἀφορμὴ,
3573 3871 3722 3941 λέγω
3760 3871 3821 3941 δὴ

568 3976 680 4016 non
712 3975 742 4014 a
769 3960 880 4016 Deo
911 3961 1313 4032 proﬁciscitur,
1363 3969 1424 4016 ut
1455 3962 1512 4017 in
1545 3961 1616 4018 iis
1643 3977 1766 4033 quae
1790 3961 1944 4034 prius
1990 3961 2137 4017 dicta

2241 3967 2336 4038 τῆς
2386 3966 2698 4032 πλεονεξίας
2754 3968 2787 4038 ὴ
2829 3964 3126 4036 ἐπιθυμία·
3163 3966 3301 4036 ὅπερ
3350 3963 3678 4035 ἀνθρώπων,
3705 3960 3819 4015 ἀλλ’

568 4060 696 4107 sunt
725 4053 1055 4122 patefactum
1087 4061 1194 4110 est.

2241 4057 2358 4128 οὐχὶ
2403 4057 2540 4112 Θεοῦ
2591 4057 2991 4130 πλημμέλημα,
3016 4060 3128 4123 τοῖς
3177 4056 3487 4128 ἔμπροσθεν
3529 4056 3816 4110 δέδεικται.

843 4169 974 4225 CAP.
1011 4170 1125 4226 XII.
1159 4171 1306 4228 Mors
1337 4190 1441 4228 non
1473 4173 1636 4229 mala.
1662 4172 1772 4228 Cur
1799 4189 1916 4228 vero
1947 4173 2180 4228 timetur.
2211 4173 2491 4231 Justorum
2522 4185 2572 4231 et
2613 4177 2895 4246 impiorum
2933 4175 3120 4229 mortis
3152 4175 3299 4245 ﬁnis,
3335 4173 3532 4245 qualis.

639 4280 785 4336 MOPS
813 4293 1022 4337 natura:
1047 4291 1131 4339 est
1161 4299 1270 4339 non
1295 4285 1456 4338 mala.
1483 4285 1650 4340 Ortus
1671 4294 1727 4342 ει
1753 4300 1904 4342 mors
1927 4293 2128 4340 natura

2309 4288 2546 4354 Θάνατος
2587 4289 2644 4343 δὲ
2699 4290 2797 4360 τῆς
2847 4289 3061 4359 φύσεως
3099 4289 3158 4342 οὐ
3209 4288 3413 4351 κακός⁶
3460 4287 3680 4355 γένεσις
3715 4290 3818 4363 γὰρ

568 4382 698 4432 sunt
726 4389 757 4427 a
793 4373 900 4429 Deo
948 4376 1200 4441 sancita;
1246 4391 1355 4430 non
1411 4377 1628 4445 quidem
1676 4385 1736 4431 ut
1777 4383 2006 4447 pereant
2039 4378 2133 4446 qui

2241 4381 2334 4434 καὶ
2367 4380 2591 4444 θάνατος
2621 4381 2756 4453 πρὸς
2780 4379 2913 4434 Θεοῦ
2947 4381 3106 4450 φύσει
3129 4380 3546 4451 νενομοθέτηται
3569 4397 3585 4410 ·
3625 4382 3686 4434 οὐ
3714 4381 3818 4435 τῶν

567 4466 910 4532 moriuntur,
959 4465 1053 4520 sed
1099 4473 1159 4518 ut
1217 4474 1560 4536 apponantur
1605 4467 1672 4522 iis
1702 4468 1796 4538 qui
1830 4475 1978 4523 sunt.
2014 4468 2133 4522 Non

2241 4491 2300 4543 γε
2321 4472 2690 4527 τελευτώντων
2741 4473 3128 4545 ἀπολλυμένων
3149 4512 3164 4536 ,
3209 4472 3346 4527 ἀλλά
3381 4473 3491 4526 τῶν
3518 4475 3819 4543 γινομένωι

567 4557 711 4610 enim
749 4565 896 4612 esset
926 4555 1056 4610 Boni
1102 4556 1235 4613 solis
1262 4555 1572 4612 hominibus
1599 4557 1692 4626 qui
1750 4565 1878 4611 sunt
1946 4557 2131 4627 largiri

569 4657 628 4701 ut
657 4649 767 4703 sint
791 4657 845 4704 et
882 4649 994 4702 nati
1030 4649 1172 4714 sint,
1223 4649 1318 4705 sed
1355 4651 1519 4705 etiam
1563 4665 1660 4705 eos
1713 4650 1808 4720 qui
1853 4665 1962 4704 non
2003 4657 2134 4705 sunt

567 4739 805 4795 creando
833 4741 1128 4813 adjungere
1166 4742 1234 4796 ad
1268 4757 1364 4797 eos
1394 4741 1486 4812 qui
1543 4751 1710 4796 sunt:
1759 4749 1820 4795 ut
1865 4745 1960 4812 qui
2005 4752 2134 4797 sunt

569 4831 704 4894 nati,
729 4847 896 4887 cursu
933 4833 1058 4887 vitae
1086 4833 1221 4888 satis
1259 4847 1504 4897 emenso,
1531 4839 1591 4886 ut
1641 4848 1671 4886 a
1701 4847 1869 4887 cursu
1920 4833 2137 4902 requie-

568 4931 745 4988 seant,
792 4933 1018 4981 mortem
1051 4927 1320 4996 accipiant
1373 4942 1480 4982 non
1515 4941 1636 4998 quae
1669 4941 1766 4982 eos
1798 4926 1864 4981 ad
1894 4941 2133 4996 pereun-

567 5017 698 5071 dum
737 5016 943 5081 ducat,
994 5019 1087 5073 sed
1137 5035 1258 5089 quin
1288 5019 1398 5074 alio
1431 5020 1677 5091 singulos
1722 5033 1821 5090 pro
1869 5018 2134 5090 dignitate

568 5107 902 5174 transferat,
938 5117 991 5163 et
1029 5110 1120 5178 qui
1169 5126 1277 5164 non
1329 5120 1486 5174 sunt,
1539 5111 1745 5165 aditum
1793 5110 2029 5165 habeant
2067 5111 2134 5166 ad

567 5197 890 5267 capiendum
940 5209 1143 5252 ortum.
1196 5198 1337 5254 Mors
1396 5200 1562 5270 igitur
1603 5199 1718 5270 lege
1758 5207 1969 5253 natura:
2001 5214 2134 5253 san-

567 5289 674 5342 cita
704 5303 812 5342 non
841 5296 925 5343 est
980 5288 1142 5352 mala,
1176 5305 1504 5360 quocunque
1542 5290 1706 5344 modo
1730 5289 1945 5344 accidat
1977 5308 1991 5344 :
2032 5305 2134 5344 nec

566 5382 714 5435 enim
764 5380 1146 5452 inquirendum
1199 5388 1282 5435 est
1330 5381 1397 5435 de
1445 5383 1612 5438 variis
1642 5383 1862 5437 casibus
1908 5390 2132 5452 propter

567 5490 707 5544 quos
733 5475 950 5530 accidit.
985 5473 1137 5530 Unus
1179 5473 1374 5530 modus
1407 5476 1715 5531 communis
1745 5476 2002 5530 omnibus
2037 5491 2137 5530 co-

641 5613 775 5684 (διδ)
817 5615 988 5668 Ἄνευ
1025 5611 1373 5683 tpogo.{Deest
1400 5611 1488 5666 hic
1521 5611 1728 5682 aliquid
1766 5621 1825 5667 ut
1849 5614 1939 5666 ﬁat
1959 5629 2130 5684 oppo-

571 5681 698 5735 sitio
731 5683 869 5752 inter
904 5687 1102 5738 bonum
1141 5681 1446 5749 et'malum,
1478 5681 1723 5738 ciborum
1758 5681 2047 5752 penuriam
2074 5691 2128 5738 et

571 5751 956 5808 abundantiam
976 5773 991 5822 ;
1009 5755 1128 5810 ideo
1162 5753 1527 5826 reponendum
1545 5753 1730 5822 credo,
1755 5751 1880 5817 τοὺς
1909 5753 1965 5807 δὲ
1993 5755 2128 5824 μετὰ

2238 4567 2350 4627 τοῖς
2395 4561 2513 4618 οὖσι
2547 4563 3012 4638 προστιθεμένων.
3063 4563 3294 4632 Ἀγαθοῦ
3319 4563 3430 4634 (52)
3467 4563 3577 4633 γὰρ
3615 4565 3719 4618 οὐκ
3757 4565 3820 4618 ἂν

2240 4656 2324 4728 εἴη
2353 4656 2414 4709 τὸ
2445 4657 2625 4726 μόνοις
2680 4659 2793 4720 τοῖς
2839 4653 2989 4711 οὖσιν
3021 4655 3329 4728 ἀνθρώποις
3372 4656 3432 4708 τὸ
3470 4651 3611 4709 εἶναί
3635 4673 3695 4709 τε
3730 4657 3820 4710 καὶ

2239 4749 2516 4817 γεγονέναι
2556 4748 2866 4818 δωρεῖσθαι,
2909 4747 3044 4802 ἀλλά
3091 4747 3339 4812 καὶτοὺς
3377 4747 3451 4820 μὴ
3476 4747 3638 4811 ὄντας
3684 4765 3819 4819 προ·

2240 4843 2662 4907 κατασκευάζειν
2681 4845 2791 4906 τοῖς
2806 4838 2976 4896 οὖσιν·
2991 4841 3064 4905 ὡς
3079 4841 3146 4894 ἂν
3164 4842 3286 4895 οἵτε
3297 4841 3596 4912 γενόμενοι,
3608 4840 3821 4911 διαδρα-

2243 4933 2432 5004 μόντες
2460 4933 2745 5005 αὐτάρκως
2776 4934 2869 4986 τοῦ
2896 4932 3010 5002 βίου
3059 4933 3118 4985 τὸ
3155 4931 3389 4997 στάδιον,
3425 4931 3548 4983 ἀντὶ
3572 4931 3817 4984 ἀναπαῦ-

2243 5041 2379 5088 σεως
2431 5023 2526 5077 τοῦ
2575 5024 2774 5096 δρόμου
2832 5023 2925 5077 τὸν
2971 5023 3200 5078 θάνατον
3251 5023 3524 5086 λάϐωσιν,
3577 5022 3681 5074 οὐκ
3744 5023 3820 5084 είς

2240 5111 2512 5166 ἀπώλειαν
2565 5108 2762 5177 αὖτοὺς
2818 5114 3040 5181 ἄγοντα,
3095 5112 3207 5166 ἀλλ’
3277 5112 3513 5183 ἑτέρωσε
3539 5110 3683 5163 κατά
3725 5110 3817 5180 τὴν

2241 5205 2394 5272 ἀξίαν
2440 5205 2671 5259 ἐκάστου
2728 5206 3030 5276 μετάγοντα
3056 5220 3070 5235 °
3101 5205 3237 5258 οἵτε
3271 5204 3344 5274 μὴ
3385 5203 3535 5266 ὄντες
3585 5203 3816 5274 πάροδον

2240 5297 2319 5360 είς
2339 5295 2402 5349 τὸ
2431 5296 2684 5366 γενέσθαι
2731 5295 2988 5351 λάϐωσιν.
3017 5294 3227 5350 Οὐκοῦν
3259 5294 3489 5358 θάνατος
3511 5295 3540 5348 ὁ
3565 5297 3632 5365 τῇ
3663 5293 3820 5363 φύσει

2240 5387 2728 5460 νενομοθετημένος
2765 5389 2826 5440 οὐ
2888 5388 3142 5461 πονηρὸς,
3182 5385 3286 5440 κᾶν
3335 5385 3583 5440 ὁπωσοῦν
3637 5386 3814 5438 ἐπίοι·

2239 5477 2361 5531 οὐδὲ
2387 5477 2496 5550 γὰρ
2517 5479 2578 5532 τὸ
2606 5478 2859 5552 διάφορον
2891 5478 3000 5532 τῶν
3041 5479 3438 5551 περιστάσεων,
3466 5476 3531 5528 δι’
3553 5469 3644 5546 ,ὧν
3671 5475 3820 5530 ἐπει-ι

2241 5614 2468 5686 τροφῆς,
2506 5613 2630 5668 illo:
2663 5631 2778 5686 vero
2806 5616 2895 5686 qui
2926 5614 3547 5686 cibis_fruuntur..B_.tSN.

2278 5680 2289 5686 ’
2314 5680 2424 5755 (5‘2)
2480 5685 2740 5753 Ἀγαθοῦ.
2787 5680 2944 5753 Boni,
2991 5680 3097 5743 hoc
3119 5694 3224 5753 est,
3256 5686 3371 5741 Dei.
3409 5683 3586 5741 Tuan.
3617 5713 3693 5726 —
3716 5680 3814 5741 Sic

2243 5769 2386 5825 saepe
2412 5755 2589 5825 alibi._
