4064 6290
279 331 439 401 1137,

1313 311 1708 394 ’Λογεῆευε
1747 337 2174 395 ΜΔΝΙΟΠΕΟΒ
2209 339 2342 398 LIB.
2384 340 2446 395 ιι.

3390 346 3526 402 1178

277 470 384 520 σιν,
417 451 750 519 ἐξεταστέον.
787 455 924 510 Ἕνα
969 456 1025 511 δὲ
1075 458 1275 530 τρόπον
1323 459 1500 512 κοινὸν
1532 461 1644 522 τοῖς
1681 462 1830 513 πᾶσιη

1948 459 2299 530 gnoscendus
2341 467 2456 524 est,
2497 458 2589 528 qui
2645 465 2730 514 est
2768 457 3048 514 discessus
3088 459 3286 514 anima
3328 474 3359 514 a
3398 475 3524 517 cor-

273 546 406 600 ὄντα
454 547 742 615 γνωστέον,
805 547 945 617 λέγω
989 550 1054 622 δὴ
1101 551 1162 604 τὸ
1209 551 1282 623 μὴ
1315 551 1434 623 δίχα
1478 551 1848 624 περιστάσεως

271 655 417 702 τινος
467 641 561 692 καὶ
617 639 859 711 ἀνάγκης
908 642 1207 714 ἀναχωρεῖν
1243 643 1417 714 ψυχὴν
1440 645 1549 698 ἀπὸ
1573 643 1844 716 σώματος,

271 732 410 786 ἀλλὰ
434 731 769 803 παραμένειν
795 733 900 797 ’ἐως
947 733 1012 787 ἂν
1039 735 1100 788 τὸ
1146 736 1370 806 φυσικὸν
1398 737 1567 808 αὐτῆς
1599 737 1848 806 καταγώ-

270 843 394 895 γιον
417 825 776 897 άκαθαίρετον
813 827 1082 898 διαμένοι·
1121 829 1294 900 τούτῳ
1324 830 1504 900 μέντοι
1532 830 1609 902 τῷ
1635 830 1846 902 φυσικῷ

273 919 370 972 καὶ
424 917 588 989 κοινῷ
641 923 972 992 συνυπάρχει
1017 939 1071 974 τι
1121 921 1260 986 δέος,
1289 923 1426 995 ὅπερ
1464 925 1544 988 εἰς
1577 925 1846 997 τιμωρίας

274 1011 512 1082 ὑποψίαν
557 1012 872 1081 ἀναγκαίως
914 1013 1312 1084 παρείληπται,
1341 1015 1401 1066 οὐ
1437 1014 1620 1085 μέντοι
1656 1017 1712 1068 ἐν
1735 1019 1846 1080 τοῖς

272 1106 461 1171 πᾶσιν,
494 1104 606 1158 ἀλλ’
635 1101 716 1169 οἷς
738 1121 801 1174 γε
835 1105 1086 1176 ὴδιάνοια
1125 1107 1411 1178 πρόχειρος
1439 1109 1518 1170 είς
1551 1107 1843 1178 ἁμαρτίαν,

232 1181 410 1266 ίπρὸς
458 1196 767 1268 ἀνατροπὴν
797 1195 1018 1268 ταύτης.
1064 1195 1121 1250 '0
1153 1197 1250 1268 μὲν
1292 1197 1400 1268 γάρ
1447 1197 1670 1268 ἔμφρων
1726 1201 1845 1252 κατ’

270 1285 495 1358 ἀρετὴν,
531 1286 704 1358 ἄραγε
760 1287 852 1340 τοῦ
918 1287 1277 1360 πλημμελεῖν,
1343 1290 1436 1342 καὶ
1483 1289 1577 1343 τοῦ
1641 1289 1845 1344 οἴεσθαι

277 1381 550 1452 μοχθηρὸν
599 1377 737 1436 εἷναι
769 1381 860 1434 τὸν
896 1381 1123 1436 θάνατον
1169 1385 1541 1455 ἀπήλλακται·
1573 1389 1601 1440 ὁ
1632 1387 1689 1441 δὲ
1723 1387 1844 1458 φιλ-

273 1473 494 1544 αμαρτή
504 1489 640 1542 μων,
658 1471 764 1525 ἀπὸ
783 1471 880 1542 μὲν
908 1473 1006 1543 τῆς
1038 1474 1207 1545 αὐτῆς
1237 1475 1420 1539 ἀνοίας
1440 1472 1725 1548 ἀφ’ἦσπερ
1751 1477 1844 1530 καὶ

273 1561 605 1634 πλημμελεῖ,
627 1563 716 1616 τὸν
741 1561 968 1617 θάνατον
993 1564 1319 1620 εὐλαϐεῖται.
1374 1568 1694 1637 Ἀναγκαῖον
1725 1569 1845 1639 μέν·

273 1672 357 1709 τοι
381 1656 478 1726 τῆς
510 1655 693 1719 ἀνοίας
734 1655 845 1727 ἔχει
877 1656 938 1709 τὸ
971 1656 1208 1712 τοιοῦτον
1232 1661 1722 1732 παρακολούθημα,
1757 1663 1844 1716 ῖνα

269 1746 334 1798 τὸ
356 1747 506 1809 ἀδεὲς
548 1745 751 1812 δεδιὼς,
800 1747 829 1799 ὃ
875 1748 1148 1820 προσῆκεν
1178 1749 1393 1820 ἀληθῶς
1424 1751 1670 1817 δεδιέναι,
1701 1752 1842 1822 λέγω

1948 568 2098 622 pare,
2135 568 2242 606 non
2275 552 2396 607 sine
2435 567 2570 607 casu
2613 551 2849 622 quodam
2905 559 2960 607 et
3011 551 3360 619 necessitate,
3425 554 3520 609 sed

1947 641 2376 712 exspectandum
2423 653 2542 707 est,
2579 643 2822 712 quandiu
2881 641 3220 697 domicilium
3274 643 3524 697 naturale

1946 733 2107 788 durat
2132 741 2186 789 et
2206 749 2315 789 non
2347 734 2701 790 dissolvitur:
2738 749 2864 789 cum
2913 735 3017 789 hoc
3061 741 3244 788 tamen
3275 737 3519 790 naturali

1947 825 2224 881 domicilio
2252 833 2308 880 et
2330 826 2606 881 communi
2648 827 2812 883 simul
2853 826 2996 881 inest
3028 826 3250 897 quidam
3291 835 3470 882 metus
3505 868 3520 891 ,

1947 919 2038 988 qui
2063 917 2280 988 quidem
2313 919 2628 974 necessario
2653 919 2721 975 de
2758 926 3014 988 suspecto
3036 919 3306 989 supplicio
3340 920 3521 975 susci-

1946 1010 2128 1078 pitur;
2167 1025 2276 1064 non
2317 1019 2497 1066 tamen
2528 1011 2598 1066 ab
2626 1012 2920 1077 omnibus,
2953 1012 3047 1068 sed
3096 1015 3164 1067 ab
3204 1013 3271 1069 iis
3320 1015 3520 1084 quibus

1946 1119 2101 1159 mens
2132 1111 2217 1159 est
2245 1113 2493 1176 prompta
2531 1113 2586 1159 et
2632 1103 2810 1161 lacilis
2845 1107 2910 1159 ad
2957 1115 3236 1176 peccatum
3265 1123 3279 1172 ;
3313 1107 3382 1162 ad
3415 1107 3522 1162 hn-

1940 1193 2032 1263 jus
2082 1192 2227 1248 enim
2270 1194 2610 1249 aversionem
2657 1204 2836 1249 metus
2896 1194 2988 1248 ille
3034 1195 3353 1265 suscipitur.
3417 1195 3519 1262 Qui

1943 1285 2088 1341 enim
2123 1285 2269 1356 degit
2300 1301 2367 1340 ex
2411 1286 2632 1349 virtute,
2668 1285 2716 1341 is
2753 1286 2972 1356 quidem
3031 1301 3259 1357 peccare
3301 1287 3517 1348 desivit,

1942 1387 1998 1434 et
2026 1395 2134 1434 non
2149 1381 2404 1450 opinatur
2433 1380 2624 1435 duram
2658 1394 2780 1434 esse
2811 1383 3061 1434 mortem.
3087 1379 3192 1445 Qui
3209 1394 3336 1434 vero
3370 1379 3520 1435 dedi-

1943 1481 2032 1530 tus
2065 1482 2146 1529 est
2175 1474 2417 1544 peccatis
2447 1513 2462 1537 ,
2519 1473 2709 1528 eadem
2747 1471 3113 1542 imprudentia
3154 1488 3260 1542 qua
3291 1481 3516 1542 peccat,

1944 1570 2171 1618 mortem
2197 1564 2370 1618 timet.
2405 1563 2790 1620 Necessarium
2824 1572 3002 1617 tamen
3053 1571 3138 1618 est
3169 1572 3228 1618 ut
3253 1565 3391 1620 hanc
3418 1565 3517 1620 im-

1941 1655 2285 1726 prudentiam
2324 1655 2412 1710 hic
2441 1665 2622 1711 metus
2660 1662 3063 1725 consequatur,
3119 1664 3177 1710 ut
3227 1657 3319 1727 qui
3361 1657 3520 1712 time-

1941 1749 2033 1803 bat
2058 1749 2110 1804 id
2137 1749 2192 1804 in
2227 1764 2336 1820 quo
2364 1764 2476 1804 non
2503 1757 2622 1806 erat
2651 1749 2837 1813 timor,
2864 1763 2992 1804 vere
3023 1748 3214 1804 timeat
3259 1749 3404 1820 quod
3443 1750 3518 1803 ti-

267 1839 334 1910 δὴ
358 1841 455 1910 τῆς
482 1839 753 1910 ἁμαρτίας
796 1839 1032 1912 διαφύγῃ
1065 1840 1164 1909 τὴν
1211 1841 1434 1913 βλάϐην.
1473 1843 1720 1898 Ἐπειδὰν
1747 1820 1830 1898 οὖν

1944 1857 2091 1896 mere
2118 1849 2352 1912 oportet,
2381 1842 2664 1907 damnum,
2699 1842 2945 1913 inquam,
2982 1856 3046 1897 ex
3087 1849 3330 1912 peccato.
3377 1840 3515 1908 Quia

267 1931 538 2002 πλεονάσῃ
561 1931 688 2001 παρ’
721 1929 896 1983 ἔθνεσι
939 1930 1006 1984 τά
1056 1931 1157 2002 τῆς
1192 1935 1484 2006 ἁμαρτίας,
1519 1932 1587 2008 ἦς
1614 1953 1676 2006 γε
1705 1955 1838 2007 τυγ-

269 2023 419 2092 χάνει
466 2021 523 2074 ἓν
583 2017 720 2085 εἶδος
762 2022 822 2075 τὸ
851 2023 949 2092 τῆς
981 2022 1304 2095 ἀπληστίας,
1343 2028 1552 2090 έαυτοῖς
1576 2029 1839 2100 παραίτια

268 2111 512 2180 γίγνεται
525 2111 624 2183 τῆς
641 2112 781 2166 κατά
807 2113 870 2165 τὺ
892 2113 1216 2184 φαινόμενον
1242 2118 1530 2188 τιμωρίας,
1553 2119 1673 2190 ἥτις
1694 2120 1840 2175 κατὰ

270 2204 370 2274 μὲν
397 2204 456 2256 τὸ
480 2203 672 2274 ἀληθὲς
700 2204 776 2268 ὡς
804 2205 902 2258 οὐκ
931 2205 1098 2277 ἂνεῖη
1131 2209 1369 2279 τιμωρία
1385 2208 1650 2275 λέλεκται,
1678 2212 1836 2281 φύσει

264 2299 419 2369 κοινῇ
455 2296 596 2350 κατά
633 2297 848 2351 πάντων
898 2297 1176 2370 ὡρισμένη
1199 2317 1212 2330 ·
1247 2300 1527 2372 εὐεργετεῖ
1545 2302 1600 2356 δὲ
1625 2303 1751 2368 τούς
1775 2322 1836 2358 τε

263 2391 560 2455 πίπτοντας
611 2393 668 2444 ὲν
697 2391 917 2462 πολέμῳ
961 2394 1205 2458 καὶτοὺς
1247 2393 1694 2467 διασωζομένους,
1725 2401 1836 2462 τοῖς

264 2483 667 2554 μὲνζάμαρτίας
708 2483 858 2546 τέλος
880 2484 1213 2557 παρέχουσα,
1275 2487 1386 2548 τοῖς
1424 2485 1479 2538 δὲ
1535 2487 1836 2558 ὑπόδειγμα

259 2575 414 2638 δέους
443 2573 743 2645 ἐμποιοῦσα
767 2592 780 2605 ·
823 2576 1098 2646 εὐεργετεῖ
1132 2575 1210 2640 δὲ,
1238 2575 1340 2629 κᾶν
1368 2576 1564 2631 δίκαιοι
1591 2577 1670 2649 τῷ
1698 2578 1836 2651 πλή-

260 2667 345 2720 θει
385 2667 820 2721 συναπέλθωσιν·
880 2668 954 2731 ὡς
981 2667 1087 2740 γάρ
1125 2671 1236 2731 τοῖς
1291 2669 1498 2733 ἀδίκοις
1540 2669 1691 2734 τέλος
1735 2678 1836 2742 τῆς

257 2759 474 2823 ἀδικίας
511 2761 538 2812 ό
567 2760 812 2824 θάνατος,
847 2759 987 2813 οὓτω
1012 2760 1068 2812 δὲ
1099 2760 1193 2815 καὶ
1221 2760 1448 2826 δικαίοις
1478 2761 1554 2826 ὡς
1585 2767 1831 2835 νικηταῖς

256 2852 456 2922 τρόπον
487 2851 609 2904 τινὰ
633 2854 908 2922 στεφάνων
931 2852 1087 2924 ἀρχή.

332 3029 491 3082 Ὥστε
520 3029 818 3100 Θαυμάσιον
859 3028 948 3082 διὰ
985 3029 1082 3100 τῆς
1124 3029 1398 3100 πανσόφου
1440 3030 1694 3102 προνοίας
1736 3029 1826 3084 τοῦ

254 3121 389 3176 θεοῦ
426 3121 740 3192 συμϐαίνει·
776 3123 837 3176 τὸ
872 3121 980 3194 γὰρ
1007 3121 1194 3176 δοκοῦν
1229 3121 1494 3187 κολάζειν,
1529 3125 1823 3196 εὐεργετεῖ·
1853 3156 1896 3214 C

255 3217 350 3270 xui
376 3216 497 3269 οὐδὲ
523 3216 589 3268 δι’
615 3209 689 3269 ὧν
708 3215 868 3278 αὐτὸς
890 3214 1146 3287 ἄντικρυς
1170 3214 1563 3279 κατασκευάζει
1588 3214 1828 3285 ἀνιαρῶν

254 3305 393 3362 εἶναι
422 3306 738 3372 δοκούντων,
778 3307 912 3360 ἀλλά
941 3308 1005 3361 δι’
1031 3301 1104 3360 ὧν
1133 3306 1441 3378 ἀνθρώποις
1473 3306 1826 3378 αὐτομολοῦσι

257 3401 544 3472 συγχωρεῖ·
576 3397 716 3451 ὥστε
756 3397 990 3464 πόλεμος
1017 3399 1117 3452 οὐκ
1155 3397 1314 3470 ἔργον
1338 3397 1494 3463 Θεοῦ,
1535 3398 1671 3452 ἀλλά
1695 3416 1827 3468 σιγ-

252 3489 491 3561 χώρησις
526 3488 796 3558 ἀναγκαία
829 3490 910 3552 είς
945 3489 1045 3559 μὲν
1089 3488 1320 3559 ὐπαίιίαν
1365 3489 1636 3561 τιμωρίας
1685 3489 1825 3543 κατά

250 3583 352 3654 τῆς
380 3583 672 3654 ἁμαρτίας,
716 3581 856 3634 κατά
885 3581 941 3634 δὲ
979 3582 1040 3634 τὸ
1077 3581 1294 3652 ἀληθὲς,
1339 3584 1419 3646 είς
1451 3582 1602 3647 τέλος
1633 3584 1822 3654 αὐτῆς·

251 3675 380 3730 ἔνθα
409 3675 510 3727 κᾶν
536 3673 740 3736 δίκαιος
766 3673 928 3746 πέσῃ,
965 3674 1171 3727 δίκαιον
1198 3674 1256 3726 δὲ
1284 3672 1541 3744 πολεμεῖν
1573 3674 1822 3740 ἀπεικὸς,

253 3767 512 3839 μειζόνως
537 3766 921 3836 εὐεργετεῖται·
959 3766 1139 3834 μεῖζον
1164 3765 1272 3836 γὰρ
1303 3765 1396 3818 τοῦ
1427 3765 1700 3834 παυθῆναι
1729 3783 1825 3818 κα-

251 3861 374 3924 κίας
405 3858 465 3913 τὸ
501 3858 724 3930 καρπῶν
764 3839 1067 3911 ἀπολαῦσαι
1094 3857 1202 3910 τῶν
1233 3857 1334 3928 τῆς
1376 3858 1580 3929 ἀρετῆς
1622 3859 1820 3926 πόνων,

249 3954 386 4022 ὅπερ
427 3949 672 4004 εὐσεϐέσι
729 3948 866 4020 μετά
910 3948 1135 4003 θάνατον
1185 3950 1438 4020 ὑπάρχει.
1487 3952 1549 4004 Οἱ
1588 3949 1645 4003 δὲ
1687 3952 1824 4024 πρὸς

250 4043 419 4096 ταῦτα
452 4043 858 4113 διαμαχόμενοι,
901 4041 1030 4113 πρὶν
1066 4043 1124 4094 τὸ
1158 4041 1385 4096 καθόλου
1418 4041 1686 4111 διελέγξαι
1721 4062 1822 4097 κα-

249 4135 367 4200 κὸν,
401 4136 462 4189 τὸ
505 4135 666 4208 μέρος
708 4135 1104 4189 διαϐάλλουσιν·
1150 4137 1197 4188 εί
1239 4135 1348 4208 γὰρ
1375 4135 1449 4199 ὡς
1487 4136 1596 4190 ἀπὸ
1627 4138 1824 4202 κακίας

248 4229 635 4302 ὑφεστηκυίας,
663 4232 756 4284 καὶ
783 4230 953 4300 ἀρχῆς
980 4229 1236 4300 ἀνάρχου,
1253 4229 1378 4293 τοὺς
1405 4230 1671 4301 πολέμους
1692 4233 1822 4303 ἡμῖν

245 4321 722 4392 κατακομίζουσιν,
752 4323 911 4376 αὐτόν
937 4339 1000 4392 γε
1039 4321 1129 4374 τὸν
1155 4321 1382 4376 θάνατον
1409 4323 1503 4376 καὶ
1533 4323 1691 4394 μόνον
1720 4341 1821 4377 κα-

245 4414 395 4468 κίσαι
428 4415 699 4487 προσῆκον
730 4411 798 4486 ἦν
827 4416 1030 4479 αὐτοῖς·
1065 4415 1314 4488 περιττὸν
1346 4415 1454 4486 γὰρ
1487 4415 1585 4479 τὰς
1613 4417 1822 4488 προφά-

1939 1934 2108 2005 igitur
2142 1943 2330 2006 gentes
2369 1935 2612 2006 peccatis
2645 1936 2974 2000 redundant,
3011 1951 3242 2006 quorum
3302 1936 3515 2007 species

1941 2041 2047 2080 una
2085 2035 2169 2082 est
2197 2027 2562 2083 insatiabilem
2607 2042 2771 2092 esse,
2829 2027 2961 2096 ipsae
3010 2035 3139 2081 sunt
3191 2025 3296 2080 sibi
3348 2042 3513 2082 causa

1939 2117 2229 2188 supplicii,
2266 2117 2320 2172 id
2356 2126 2440 2173 est
2476 2118 2699 2186 mortis;
2739 2118 2882 2189 quod
2941 2118 3159 2188 quidem
3191 2118 3398 2172 dictum
3430 2127 3516 2174 est

1938 2222 2047 2262 non
2082 2222 2204 2263 esse
2232 2222 2360 2262 vere
2397 2207 2748 2278 supplicium,
2780 2207 2926 2278 quod
2967 2215 3164 2261 natura
3209 2215 3296 2262 est
3330 2209 3512 2262 omni-

1938 2299 2039 2354 bus
2070 2298 2372 2365 delinitum,
2423 2300 2689 2355 beneﬂcio
2748 2308 2930 2354 autem
2975 2298 3138 2354 allicit
3174 2315 3269 2355 eos
3321 2299 3415 2371 qui
3457 2301 3511 2355 in

1937 2391 2079 2445 bello
2101 2389 2330 2455 cadunt,
2376 2398 2430 2446 et
2463 2407 2558 2447 eos
2590 2392 2681 2461 qui
2726 2391 2963 2451 evadunt
2995 2391 3304 2447 incolumes
3338 2411 3351 2448 :
3400 2391 3516 2448 illis

1935 2484 2155 2553 quidem
2195 2483 2355 2537 linem
2385 2481 2644 2552 peccandi
2687 2482 2864 2546 affert,
2899 2483 2983 2538 bis
3009 2499 3140 2538 vero
3192 2483 3506 2554 exemplum

1935 2573 2149 2628 timoris
2187 2573 2460 2643 proponit.
2491 2571 2666 2627 Adicit
2705 2580 2888 2628 autem
2920 2573 3207 2639 beneﬁcio,
3255 2574 3383 2630 licet
3428 2573 3514 2642 ju-

1936 2667 2006 2722 sti
2036 2683 2158 2722 cum
2190 2667 2540 2723 multitudine
2586 2667 2733 2738 vulgi
2766 2683 2796 2720 a
2827 2667 2938 2722 vita
2992 2668 3252 2723 recedant
3285 2686 3300 2734 ;
3364 2667 3510 2722 sicut

1933 2759 2078 2814 enim
2132 2759 2348 2829 injustis
2381 2775 2531 2815 mors
2582 2769 2666 2814 est
2706 2759 2830 2814 linis
2871 2759 3177 2829 iniustitiae,
3214 2759 3296 2814 sic
3337 2757 3514 2828 justis

1933 2863 2192 2922 tanquam
2221 2852 2524 2909 victoribus
2571 2852 2976 2923 quodammodo
3019 2861 3104 2908 est
3146 2851 3364 2906 initium
3413 2867 3510 2906 co-

1933 2960 2216 3000 ronarum.

2008 3034 2160 3091 Unde
2193 3036 2296 3090 hoc
2337 3051 2435 3106 per
2472 3035 2866 3106 providentiam
2899 3034 2991 3090 Dei
3042 3033 3508 3106 sapientissimam

1933 3127 2250 3182 admirabile
2294 3127 2495 3191 evenit,
2546 3135 2603 3180 ut
2628 3126 2773 3197 quod
2803 3124 3016 3180 videtur
3056 3124 3272 3194 punire,
3301 3122 3514 3179 beneﬁ-

1929 3221 2072 3274 cium
2105 3219 2216 3275 liat.
2249 3219 2370 3274 Non
2395 3220 2518 3274 dico
2552 3219 2720 3274 videri
2752 3218 2946 3287 punire
2988 3233 3084 3286 per
3121 3232 3183 3271 ea
3216 3233 3337 3286 qua:
3363 3217 3512 3272 Deus

1926 3311 2072 3366 haud
2105 3313 2269 3366 dubie
2303 3312 2453 3376 facit,
2503 3327 2624 3381 quae
2665 3310 2862 3364 acerba
2895 3317 2950 3364 et
2985 3323 3180 3379 aspera
3223 3307 3502 3372 videntur,

1926 3403 2022 3459 sed
2069 3417 2165 3473 per
2211 3418 2274 3458 ea
2325 3417 2445 3474 quae
2489 3401 2806 3457 hominibus
2849 3398 3155 3470 transfugis
3201 3400 3503 3470 permittit;

1924 3493 2276 3565 quamobrem
2311 3494 2512 3548 bellum
2541 3494 2772 3549 istorum
2801 3505 2910 3545 non
2949 3497 3032 3545 est
3058 3506 3198 3561 opus
3230 3489 3348 3554 Dei,
3390 3490 3488 3546 sed

1925 3583 2216 3654 permissio
2265 3583 2598 3640 necessaria.
2648 3581 2707 3638 In
2749 3583 2988 3653 speciem
3023 3582 3242 3652 quidem
3291 3581 3360 3636 ad
3395 3597 3502 3651 pu-

1923 3676 2184 3732 niendum
2216 3682 2522 3746 peccatum,
2557 3691 2685 3730 vere
2716 3684 2894 3730 autem
2925 3675 2992 3729 ad
3019 3673 3404 3745 imponendum
3439 3674 3502 3727 tia

1923 3783 2048 3824 nem
2091 3778 2351 3839 peccato;
2399 3767 2492 3822 ubi
2541 3770 2787 3838 quamvis
2810 3767 2993 3836 justus
3058 3766 3216 3821 cadat
3273 3765 3500 3837 (justum

1923 3870 2104 3917 autem
2139 3862 2340 3917 bellare
2373 3877 2483 3916 non
2516 3863 2730 3935 decet),
2769 3863 2948 3932 majus
2981 3861 3303 3916 beneficium
3355 3865 3498 3916 acci-

1921 3953 2033 4024 pit;
2087 3953 2264 4024 majus
2311 3954 2458 4010 enim
2497 3962 2582 4008 est
2629 3955 2911 4024 percipere
2959 3952 3199 4007 fructum
3245 3953 3497 4008 laborum

1921 4029 2158 4110 virtutis,
2195 4044 2342 4116 quod
2376 4045 2480 4116 piis
2525 4053 2648 4116 post
2697 4054 2925 4100 mortem
2973 4044 3266 4115 contingit,
3323 4059 3494 4114 quam

1921 4136 2170 4193 desinere
2219 4152 2466 4208 peccare.
2517 4137 2621 4203 Qui
2672 4145 2854 4192 autem
2912 4145 3102 4191 contra
3151 4135 3265 4190 haec
3317 4133 3497 4190 disce-

1923 4235 2095 4299 ptant,
2149 4229 2466 4300 priusquam
2517 4228 2749 4298 probent
2803 4227 3004 4282 bellum
3055 4242 3177 4283 esse
3227 4241 3291 4282 ex
3344 4223 3495 4279 omni

1921 4331 2075 4394 parte
2117 4323 2340 4390 malum,
2377 4332 2586 4393 partem
2621 4319 2743 4390 ejus
2783 4330 3064 4376 accusant.
3103 4319 3161 4374 Si
3203 4319 3346 4375 enim
3375 4317 3494 4372 bel-

1920 4415 2096 4468 lorum
2131 4415 2396 4486 originem
2436 4430 2503 4470 ex
2559 4414 2802 4484 nequitia
2871 4429 2966 4484 per
3004 4429 3064 4470 se
3112 4413 3406 4468 exsistente
3439 4416 3494 4463 i-t

245 4523 360 4570 σεις
394 4506 686 4574 ἐξετάζειν,
713 4507 805 4562 τοῦ
831 4509 1144 4577 ἀναγκαίως
1179 4509 1568 4581 συμϐαίνοντος
1595 4509 1820 4581 ἀκρίτου

1930 4521 1992 4560 ex
2027 4505 2294 4576 principio
2340 4505 2583 4576 ingenito
2641 4503 2768 4559 duci
2816 4504 3028 4569 dicunt,
3070 4503 3355 4575 oportebat
3396 4515 3495 4556 eos

246 4596 518 4668 μένοντος.

1924 4597 2096 4666 ipsam
2146 4604 2396 4661 mortem,
2441 4603 2496 4652 et
2538 4594 2757 4666 quidem
2804 4597 2976 4650 solam
3025 4597 3369 4665 vituperare:
3399 4607 3495 4647 su-

244 4706 638 4760 pervacaneum
663 4692 806 4746 enim
833 4701 915 4746 est
943 4708 1141 4749 causas
1171 4693 1438 4748 bellorum
1468 4701 1724 4747 excutere
1759 4699 1812 4747 et
1847 4692 2144 4763 inquirere,
2177 4707 2302 4748 cum
2330 4691 2473 4762 quod
2503 4691 2819 4749 necessario
2846 4690 3066 4757 accidit,
3117 4691 3174 4746 in
3240 4689 3296 4745 id
3343 4687 3491 4760 judi-

243 4782 388 4835 cium
417 4799 526 4837 non
559 4783 736 4840 cadat.

1001 4920 1131 4976 CAP.
1169 4918 1304 4974 Xlll.
1346 4919 1571 4974 Mortem
1607 4920 1806 4973 malam
1834 4934 1938 4973 non
1972 4933 2104 4982 esse,
2139 4917 2331 4972 iterum
2367 4917 2739 4986 conﬁrmatur.

288 5055 434 5120 Ἥῶς
466 5058 509 5111 δ’
541 5057 604 5111 ἂν
651 5057 740 5111 τόν
792 5059 1018 5112 θάνατον
1064 5058 1287 5112 κακίσαι
1331 5057 1631 5129 δυνηθεῖεν,
1678 5061 1812 5111 ἁπο-

237 5149 430 5202 λύοντά
465 5167 528 5217 γε
563 5152 658 5222 τῆς
692 5149 842 5221 ὕλης,
880 5150 1020 5204 κατά
1049 5151 1140 5205 τὸν
1165 5150 1319 5220 λόγον
1350 5150 1444 5204 τοῦ
1473 5150 1808 5216 ἀπατεῶνος,

235 5238 333 5310 τὴν
361 5238 568 5310 ψυχηνς
595 5241 754 5293 Ὥστε
781 5241 919 5295 κατά
947 5243 1043 5311 μὲν
1071 5241 1169 5313 τὴν
1206 5241 1389 5314 κοινὴν
1421 5241 1578 5307 δόξαν
1611 5241 1810 5313 ἥκιστά

207 5369 209 5371 ι
233 5349 298 5402 γε
335 5330 560 5395 θάνατος
586 5333 770 5387 κακόν·
810 5333 871 5386 τὸ
898 5333 1006 5405 γάρ
1038 5333 1347 5402 ἀναγκαίως
1370 5335 1483 5396 τοῖς
1507 5333 1641 5385 πᾶσι
1673 5349 1810 5402 συμ-

233 5429 413 5480 ϐαῖνον
439 5427 498 5479 οὐ
528 5426 713 5480 κακόν·
753 5428 927 5500 μάτην
958 5427 1118 5480 αὐτὸν
1144 5427 1230 5480 διά
1259 5427 1382 5490 τούς
1413 5426 1679 5497 πολέμους
1698 5425 1810 5479 δια-

232 5520 533 5585 ϐάλλουσιν,
573 5520 722 5574 οὐδὲν
770 5521 931 5573 πλέον
975 5520 1248 5589 ἐπάγοντα
1294 5519 1402 5573 τῶν
1447 5517 1588 5572 κατά
1640 5518 1799 5588 φύσιν

230 5614 625 5685 ἀποκειμένων.
661 5614 724 5667 Εἰ
747 5613 804 5667 δέ
829 5630 912 5677 τις
943 5613 1040 5684 τὴν
1063 5613 1332 5684 πρόφασιν
1366 5613 1536 5685 αὐτὴν
1563 5611 1670 5665 τῶν
1699 5629 1798 5665 πο-

230 5705 408 5775 λέμων
435 5706 668 5772 κακίζοι,
710 5706 807 5758 εἴτ’
837 5701 930 5758 οῦν
971 5704 1158 5776 ὀργὴν,
1194 5705 1289 5757 εἴτ’
1319 5703 1540 5776 ἔχθραν,
1565 5705 1673 5757 εἴτε
1705 5704 1799 5757 καὶ

232 5797 558 5865 πλεονεξίαν,
593 5799 688 5853 οὐκ
726 5799 789 5854 ἂν
833 5799 1179 5870 διαμαρτάνοι
1217 5797 1309 5851 τοῦ
1350 5798 1674 5869 πρέποντος·
1709 5798 1799 5851 ἀν-

1984 5057 2270 5126 Quomodo
2313 5067 2492 5113 autem
2527 5065 2758 5128 possunt
2787 5065 3018 5114 mortem
3053 5060 3250 5116 malam
3280 5061 3483 5128 dicere,

1915 5165 2058 5219 qum,
2087 5156 2146 5202 ut
2177 5147 2788 5203 Manichmusl‘allaciter
2810 5149 2995 5217 tradit,
3028 5151 3265 5206 animam
3304 5167 3335 5206 a
3365 5169 3484 5207 ma—

1913 5241 2050 5296 teria
2092 5239 2328 5295 liberat?
2374 5239 2552 5306 Quare
2603 5242 2880 5295 communi
2925 5245 3170 5298 omnium
3213 5245 3484 5299 sententia

1912 5344 2255 5400 nequaquam
2293 5331 2497 5383 malum
2528 5338 2613 5384 est
2648 5345 2796 5385 mors
2822 5350 2834 5384 :
2864 5331 3009 5401 quod
3038 5333 3181 5388 enim
3224 5348 3482 5388 necessa-

1909 5425 1995 5479 rio
2025 5423 2278 5479 onmibus
2310 5425 2534 5490 accidit,
2577 5441 2685 5480 non
2728 5433 2811 5481 est
2855 5427 3076 5481 malum.
3110 5427 3350 5482 lnaniter
3381 5443 3482 5481 au~~

1909 5525 2016 5573 tem
2053 5529 2304 5582 mortem,
2325 5533 2449 5589 quae
2480 5529 2701 5590 propter
2750 5519 2891 5574 bella
2927 5517 3144 5585 accidit,
3177 5530 3476 5590 accusant;

1909 5625 2028 5680 quae
2051 5609 2186 5662 nihil
2210 5610 2448 5680 amplius
2471 5609 2627 5664 affert
2665 5627 2826 5681 quam
2863 5609 3008 5680 quod
3041 5609 3340 5664 secundum
3376 5627 3476 5664 na-

1908 5711 2084 5756 turam
2118 5703 2474 5756 constitutum
2514 5711 2615 5756 est.
2649 5702 2705 5755 Si
2733 5702 2854 5771 quis
2887 5716 3015 5755 vero
3044 5702 3216 5771 ipsam
3249 5717 3475 5758 causam

1907 5795 2172 5850 bellorum
2205 5795 2402 5849 malam
2429 5809 2553 5850 esse
2575 5793 2744 5862 dicat,
2773 5794 2886 5849 sive
2914 5794 2994 5848 ira
3025 5795 3118 5861 sit,
3146 5796 3259 5853 sive
3288 5793 3482 5856 inimi-
