4064 6290
592 344 730 398 1159

1748 339 1886 395 TITI
1925 333 2352 395 BOSTRENSIS
2387 333 2696 392 EPISCOPI

3703 330 3850 391 “60

592 466 742 529 citia,
786 464 901 520 sive
942 463 1194 526 avaritia,
1245 477 1356 517 non
1395 460 1667 518 aberravit
1708 476 1741 516 a
1788 466 1940 516 recto
1978 465 2035 512 et
2070 459 2160 513 de-

2269 455 2494 528 θρώποις
2525 455 2706 526 μέντοι
2729 453 3003 522 λογιστέον
3035 452 3192 509 τοῦτό
3222 471 3306 526 γε,
3343 454 3619 528 μοχθηρίᾳ
3644 457 3846 530 προθέ-

592 560 759 615 centi.
792 556 1161 613 Tribuendum
1193 563 1376 613 tamen
1406 565 1491 613 est
1520 557 1624 611 hoc
1652 555 1966 610 hominibus
1988 567 2158 624 pravo

594 654 776 708 animo
806 650 1032 706 allectis.

666 763 817 830 Quod
859 771 1037 818 autem
1083 777 1232 817 mors
1275 761 1416 816 mala
1458 759 1681 814 minime
1713 759 1822 827 sit,
1856 758 1949 813 illa
1993 758 2155 814 etiam

595 860 804 912 ratione
831 863 886 911 et
927 857 1012 910 via
1052 855 1268 925 probari
1306 863 1505 926 potest.
1555 851 1611 907 Si
1657 853 1802 907 enim
1849 866 1998 906 mors
2047 865 2157 904 non

593 949 849 1004 omnibus
875 949 1093 1004 deﬁnita
1129 957 1183 1003 et
1217 948 1436 1002 decreta
1465 952 1634 1008 esset,
1658 943 1928 998 accideret
1978 951 2038 996 ut
2069 941 2150 1011 ju-

595 1057 712 1102 stus
771 1060 985 1115 semper
1031 1043 1306 1098 laboraret
1357 1042 1412 1096 in
1454 1039 1630 1096 stadio
1676 1038 1894 1092 virtutis
1947 1036 2156 1091 nullum

595 1140 828 1192 fructum
861 1135 1165 1206 percipiens
1210 1142 1403 1200 praeter
1435 1132 1686 1194 sudores,
1724 1139 1778 1185 et
1819 1130 2058 1198 injustus
2101 1128 2158 1181 in

591 1229 959 1301 voluptatibus
1010 1233 1357 1298 peccatorum
1398 1224 1721 1279 immortalis
1773 1221 2026 1292 degeret;
2070 1235 2160 1274 es-

592 1333 782 1394 setque
824 1330 1116 1390 utrumque
1152 1319 1309 1374 valde
1352 1318 1671 1373 absurdum.
1708 1316 1776 1369 At
1827 1329 1976 1369 mors
2021 1313 2160 1382 inju-

590 1425 728 1468 stam
765 1413 1094 1481 voluptatem
1143 1409 1477 1480 delinquenti
1517 1406 1768 1478 reprimit
1815 1413 1870 1460 et
1899 1405 2156 1466 cohibet;

591 1513 645 1558 et
674 1504 824 1574 justo
852 1503 1026 1558 labori
1056 1501 1292 1570 quietem
1328 1500 1505 1556 all'ert.
1537 1501 1750 1554 Etenim
1795 1499 1922 1568 quia
1971 1511 2160 1551 neces-

595 1597 799 1652 sarium
851 1606 934 1649 est
975 1594 1224 1648 homines
1265 1608 1426 1663 posse
1482 1605 1732 1661 peccare,
1776 1589 1826 1644 id
1885 1590 2030 1658 quod
2075 1595 2161 1643 est

591 1704 758 1743 causa
813 1695 872 1739 ut
898 1687 1109 1756 possint
1141 1702 1206 1740 ex
1229 1686 1432 1739 virtute
1464 1687 1674 1751 vivere;
1707 1691 1948 1753 potestas
1979 1693 2158 1737 autem

595 1796 624 1833 a
656 1780 763 1834 Deo
803 1779 928 1834 (lata
972 1778 1040 1833 ad
1087 1776 1511 1848 comparandam
1576 1776 1832 1830 virtutem
1873 1775 2015 1845 apud
2047 1789 2146 1828 ma-

2261 565 2396 612 σεως
2423 547 2564 602 οὑτω
2586 547 3024 619 διατεθειμένοις.

2330 749 2530 804 Ὅτιδέ
2567 752 2595 804 6
2631 749 2859 814 Θάνατος
2879 751 3078 821 ἥκιστα
3105 749 3294 814 κακὸς,
3325 749 3559 822 δειχθείη
3599 751 3839 821 μάλιστα

2261 843 2324 897 ἂν
2357 843 2598 904 ἐκείνως·
2634 843 2682 895 εἰ
2707 845 2813 913 γὰρ
2844 843 2917 913 μὴ
2942 841 3080 895 κατὰ
3103 841 3319 893 πάντων
3348 840 3567 912 ὥριστο,
3608 843 3635 894 ὅ
3665 861 3725 896 τε
3756 844 3838 896 δί-

2259 951 2411 996 καιος
2432 933 2520 987 διὰ
2548 933 2746 996 παντὸς
2772 932 2836 985 ἂν
2867 932 3046 986 ἐπόνει
3072 931 3209 1001 πρὸς
3239 933 3462 1003 ἀρετὴν,
3487 932 3642 985 οὐδὲν
3672 933 3838 987 πλέον

2258 1026 2366 1079 τῶν
2400 1024 2636 1097 ἱδρώτων
2657 1024 3052 1096 καρπούμενος,
3079 1025 3108 1076 ὃ
3133 1041 3192 1077 τε
3221 1023 3403 1086 ἄδικος
3429 1026 3488 1077 ἐν
3519 1025 3737 1096 ἡδοναῖς
3768 1026 3839 1079 ἂν

2259 1116 2365 1170 τῶν
2395 1117 2806 1187 ἁμαρτημάτων
2837 1115 3102 1178 ἀθάνατος
3124 1114 3300 1186 διῆγε²
3331 1116 3424 1169 καὶ
3450 1112 3515 1187 ἧν
3543 1116 3610 1170 ἂν
3644 1119 3840 1172 ἑκάτε-

2262 1227 2355 1281 ρον
2384 1209 2504 1262 λίαν
2529 1210 2752 1263 ἄτοπον.
2787 1209 2842 1262 Ὁ
2862 1208 2918 1261 δέ
2951 1209 3176 1271 θάνατος
3201 1209 3296 1262 καὶ
3315 1209 3412 1280 τὴν
3438 1210 3621 1263 ἄδικον
3639 1211 3841 1282 ἡδονὴν

2259 1299 2335 1370 τῷ
2351 1298 2754 1372 πλημμελοῦντι
2770 1299 3239 1363 καταστέλλει,καὶ
3255 1299 3343 1352 τὸν
3358 1300 3564 1354 δίκαιον
3581 1301 3742 1355 πόνον
3757 1302 3839 1372 τῷ

2259 1390 2732 1462 δικαιοπραγούντι
2747 1390 3101 1444 καταπαύσει·
3119 1392 3301 1462 ἐπειδὴ
3318 1391 3426 1463 γὰρ
3441 1394 3738 1462 ἀναγκαῖον
3751 1395 3843 1448 ἁν-

2262 1481 2498 1553 θρώποις
2516 1481 2577 1534 τὸ
2593 1480 3219 1552 δύνασθαιάμαρτάνειν,
3245 1482 3417 1535 αἴτιον
3453 1483 3511 1537 ὃν
3546 1484 3643 1538 τοῦ
3680 1484 3844 1539 δύνει⁶

2264 1573 2385 1626 σθαι
2414 1573 2710 1647 κατορθοῦν
2727 1591 2740 1606 ο
2764 1574 2799 1644 ἡ
2823 1573 2882 1626 δὲ
2906 1572 3118 1636 ἐξουσία
3135 1574 3284 1645 παρὰ
3307 1575 3441 1628 Θεοῦ
3467 1575 3683 1630 δοθεῖσα
3700 1579 3842 1650 πρὸς

2260 1665 2358 1735 τὴν
2387 1663 2552 1718 καλοῦ
2569 1663 2811 1732 κάγαθοῦ
2842 1665 3034 1734 κτῆσιν
3065 1665 3214 1737 παρὰ
3241 1669 3352 1730 τοῖς
3377 1667 3586 1720 πλείοσι
3609 1669 3747 1740 πρὸς
3775 1670 3842 1721 τὸ

2263 1752 2480 1806 εὐκολον
2509 1753 2610 1823 τῆς
2638 1753 2912 1824 ἁμαρτίας
2950 1755 3248 1808 ἀποκλίνει’
3281 1757 3356 1820 ὡς
3381 1757 3843 1830 θαυμασιωτέραν

589 1871 764 1939 jorcm
795 1879 1002 1942 partem
1035 1841 1316 1924 homin-um
1363 1869 1428 1923 ad
1465 1868 1779 1922 facilitatem
1812 1841 2019 1937 peccati
2058 1864 2156 1920 de-

2269 1841 2394 1900 εῐναι
2432 1846 2529 1918 τὴν
2572 1847 2772 1918 ἀρετὴν
2803 1847 3092 1920 δυσχερείᾳ
3125 1851 3598 1922 συγκεκραμένην,
3635 1854 3845 1922 ὠφέλι-

595 1965 762 2018 cliuat
787 2005 801 2027 ,
839 1971 898 2018 ut
927 1963 1300 2018 admirabilior
1333 1963 1403 2016 sit
1430 1962 1604 2015 virtus
1638 1960 1945 2016 dillicultati
1984 1960 2161 2014 admi-

601 2062 704 2118 sta,
738 2054 886 2110 utilis
917 2063 1000 2109 est
1044 2054 1290 2122 utrisque
1336 2068 1506 2116 mors,
1533 2051 1681 2120 justo
1714 2059 1768 2105 et
1810 2049 2046 2120 injuste;
2081 2047 2160 2102 illi

596 2144 810 2216 quidem
841 2145 1076 2214 quietem
1116 2157 1147 2196 a
1178 2141 1457 2197 laboribus
1486 2141 1661 2205 affert,
1717 2139 1846 2194 huic
1877 2154 2006 2194 vero
2033 2152 2162 2209 pec-

595 2248 840 2293 catorum
874 2236 1054 2291 linem.

668 2347 725 2404 Si
757 2349 921 2420 igitur
943 2363 1094 2403 mors
1125 2347 1266 2402 bona
1294 2352 1396 2412 est,
1429 2352 1483 2401 et
1510 2360 1619 2399 non
1652 2344 1829 2400 solum
1860 2359 1968 2398 non
1997 2343 2162 2408 mala,

597 2449 657 2494 ut
687 2451 967 2494 ostensum
1011 2445 1117 2502 est,
1162 2444 1215 2492 et
1249 2452 1360 2490 non
1404 2436 1567 2490 solvit
1595 2433 1852 2498 animam,
1890 2441 1950 2487 ut
1993 2432 2167 2486 Mani-

595 2532 780 2586 chacus
831 2529 1105 2597 Opinatur,
1142 2541 1172 2580 a
1221 2526 1449 2580 materia
1497 2541 1617 2596 qua:
1667 2541 1778 2578 non
1812 2531 1916 2589 est,
1967 2523 2061 2578 sed
2099 2538 2164 2578 eo

599 2621 762 2677 modo
797 2635 956 2690 quem
1000 2619 1273 2681 diximus;
1321 2633 1490 2688 quare
1527 2617 1855 2688 principium
1908 2617 2164 2686 nequitia:

601 2717 657 2770 in
685 2715 840 2770 bellis
868 2713 1319 2784 excogitabimus,
1355 2721 1408 2767 et
1443 2727 1552 2765 non
1584 2712 1766 2780 potius
1811 2711 1989 2765 solum
2022 2711 2166 2779 inju-

600 2813 744 2858 stum
783 2805 1022 2857 animum
1064 2817 1128 2855 ac
1178 2802 1512 2856 voluntatem
1545 2799 1971 2854 accusabimus?
2011 2799 2165 2865 Quod

599 2897 744 2950 enim
794 2895 920 2950 inde
964 2895 1163 2957 evenit,
1212 2893 1356 2962 quod
1410 2893 1628 2962 quidem
1669 2890 2022 2962 providentiae
2071 2889 2164 2946 Dei

601 2988 986 3057 assignabitur,
1007 2987 1252 3056 justum;
1292 2999 1402 3038 non
1424 2999 1489 3038 ex
1511 2984 1652 3038 bello
1679 2983 1884 3049 solum,
1914 2983 2006 3037 sed
2029 2998 2167 3053 quo-

600 3094 815 3148 cunque
859 3078 1018 3134 modo
1049 3093 1196 3132 mors
1231 3074 1464 3139 accidat,
1505 3074 1759 3130 universe
1797 3073 2001 3129 bonum
2044 3088 2167 3128 esse

600 3177 816 3232 natura,
862 3169 918 3224 iu
967 3169 1342 3239 superioribus
1385 3167 1704 3222 conclusum
1757 3173 1811 3221 et
1853 3164 2164 3220 confectum

2270 1939 2368 2010 μός
2391 1955 2453 2007 γε
2485 1939 2512 1990 6
2535 1937 2760 2002 θάνατος
2788 1939 3086 2010 ἑκατέροις,
3119 1941 3310 2013 δικαίῳ
3333 1960 3391 1996 τε
3427 1946 3519 1997 καὶ
3548 1946 3738 2016 ἁδίκιξν
3759 1947 3845 2017 τῷ

2270 2031 2368 2102 μὲν
2392 2029 2708 2084 ἀνάπαυλαν
2732 2030 2839 2083 τῶν
2866 2031 3065 2096 πόνων,
3093 2031 3172 2103 τῷ
3197 2032 3253 2086 δὲ
3283 2033 3434 2098 τέλος
3457 2034 3565 2088 τῶν
3587 2037 3843 2107 ἁμαρτη-

2271 2123 2456 2193 μάτων
2487 2122 2762 2194 παρέχων.

2351 2332 2576 2402 Ἀγαθοῦ
2606 2333 2784 2387 τοίνυν
2809 2335 3216 2407 εὑρισκομένου,
3239 2336 3359 2407 οὑχὶ
3387 2337 3545 2408 μόνον
3569 2339 3643 2412 μὴ
3666 2341 3845 2395 κακοῦ

2268 2426 2360 2481 τοῦ
2393 2427 2641 2493 θανάτου,
2685 2429 2743 2480 οὐ
2782 2429 2922 2482 κατὰ
2959 2430 3048 2482 τὸν
3087 2430 3360 2494 Μάνεντος
3389 2430 3564 2500 λόγον,
3598 2432 3672 2494 ὠς
3701 2436 3842 2488 ἀπο-

2268 2520 2483 2586 λύοντος
2510 2521 2610 2591 τῆς
2638 2521 2711 2593 μὴ
2732 2521 2898 2594 οὐσης
2925 2522 3056 2596 ὑλης
3077 2523 3173 2596 τὴν
3193 2523 3389 2597 ψυχὴν,
3419 2524 3554 2580 ἀλλὰ
3576 2526 3669 2580 τὸν
3697 2529 3848 2600 εἰρη-

2273 2613 2430 2684 μένον
2452 2613 2668 2684 τρόπον,
2711 2613 2803 2666 τοῦ
2842 2615 2986 2678 τίνος
3014 2615 3171 2688 χάριν
3199 2617 3371 2689 ἀρχὴν
3397 2618 3591 2682 κακίας
3624 2621 3838 2692 ἐπινοή-

2269 2719 2460 2774 σαιμεν
2501 2704 2566 2757 ἂν
2596 2705 2708 2767 τοῖς
2751 2703 3031 2774 πολέμοις,
3079 2705 3199 2776 οὐχ).
3239 2706 3296 2759 δὲ
3332 2707 3489 2777 μόνον
3528 2709 3628 2778 τὴν
3657 2708 3846 2763 ἄδικον

2269 2793 2523 2865 πρόθεσιν
2550 2793 2658 2847 τῶν
2687 2793 2981 2865 χρωμένων
3012 2794 3408 2867 διαϐαλοῦμεν;
3447 2796 3519 2848 Τδ
3559 2797 3667 2868 γὰρ
3716 2799 3848 2853 ἀπο-

2271 2887 2472 2951 ϐαῖνον,
2509 2888 2645 2958 ὅπερ
2682 2888 2748 2941 ἄν
2789 2904 2872 2950 τις
2906 2887 3177 2955 λογίσαιτο
3205 2892 3270 2960 τῇ
3309 2890 3532 2961 προνοίᾳ
3558 2889 3653 2942 τοῦ
3681 2889 3843 2955 Θεοῦ,

2269 2979 2495 3042 δίκαιον,
2538 2978 2636 3031 οὐκ
2677 2979 2741 3031 ἐκ
2781 2979 3015 3051 πολέμου
3064 2981 3254 3052 μόνον,
3297 2981 3430 3035 ἀλλὰ
3476 2983 3616 3036 κατὰ
3667 2984 3850 3037 πάντα.

2270 3073 2466 3143 τρόπον
2498 3071 2724 3124 καθόλου
2759 3075 2824 3143 τῇ
2860 3073 3018 3141 φύσει
3050 3073 3272 3142 ἀγαθὸν,
3303 3074 3364 3128 οὑ
3396 3076 3552 3146 μόνον
3579 3075 3642 3128 οὐ
3678 3077 3848 3131 κακὸν

2270 3166 2382 3228 τοῖς
2405 3163 2708 3234 ἔμπροσθεν
2731 3165 3048 3237 ἀπεδείχθη.
3079 3167 3241 3220 Ὥστε
3259 3167 3350 3220 τὸν
3373 3167 3606 3239 πόλεμον
3628 3169 3850 3238 διαϐλη-

598 3270 700 3319 est.
735 3261 913 3328 Quare
938 3261 1138 3315 bellum
1167 3268 1251 3316 est
1285 3260 1676 3322 accusandum,
1714 3273 1824 3312 non
1869 3274 2018 3312 mors
2046 3271 2164 3328 QUIE

2269 3256 2410 3320 τέον,
2444 3257 2504 3310 οὐ
2540 3258 2629 3310 τὸν
2660 3257 3023 3312 ἀποϐαίνοντα
3054 3260 3280 3313 θάνατον
3315 3261 3703 3333 συμφερόντως
3737 3263 3846 3315 κεί-

601 3353 728 3408 inde
759 3353 978 3416 accidit,
1011 3369 1131 3422 quae
1180 3352 1381 3406 utiliter
1428 3353 1721 3406 constituta
1757 3358 1864 3414 est,
1913 3350 2008 3405 sed
2049 3350 2168 3403 ani-

601 3461 723 3501 mus
749 3461 812 3500 ac
843 3445 1183 3516 propositum
1216 3459 1323 3498 non
1351 3441 1498 3512 juste
1524 3443 1666 3497 bello
1689 3443 1980 3508 utentium,
2009 3443 2167 3513 cujus

603 3553 711 3593 11011
735 3545 821 3594 εει
845 3548 1035 3592 auctor
1182 3549 1271 3591 ΓΕΒ
1299 3543 1517 3591 nostras
1547 3542 1822 3606 procurat.

2275 3367 2452 3421 μενον,
2477 3351 2611 3403 ἀλλὰ
2638 3350 2746 3404 τῶν
2769 3351 3086 3422 χρωμένων,
3119 3353 3212 3406 καὶ
3248 3353 3480 3423 μάλιστα
3515 3354 3587 3424 μὴ
3620 3353 3842 3416 δικαίως

2271 3441 2368 3512 τὴν
2396 3441 2670 3512 πρόθεσιν,
2699 3437 2767 3514 ἦς
2803 3443 2895 3512 ὅγε
2936 3443 3177 3515 προνοῶν
3208 3443 3316 3497 τῶν
3350 3443 3471 3499 καθ’
3504 3447 3656 3515 ἡμᾶς
3697 3447 3842 3499 ἀναί-

2275 3550 2409 3597 τιος.

1056 3672 1183 3728 CAP.
1223 3669 1358 3732 XIV.
1399 3667 1694 3734 Sterilitas,
1725 3668 1914 3738 fames,
1945 3677 2099 3722 terra:
2131 3677 2328 3734 motus,
2361 3687 2431 3724 an
2458 3688 2491 3725 a
2523 3671 2650 3726 Deo.
2677 3670 2830 3725 Mala
2871 3671 3168 3727 hominibus
3204 3671 3383 3729 utilia.

673 3815 888 3869 Rursus
935 3816 1017 3864 est
1061 3805 1208 3863 aliud
1243 3820 1414 3876 genus
1445 3818 1632 3859 eorum
1669 3819 1788 3874 quae
1836 3800 2165 3857 Manichacus

603 3901 1050 3963 dementissimus
1071 3907 1314 3960 accusat,
1338 3903 1498 3951 terra:
1524 3903 1728 3948 motum
1759 3893 1904 3957 dico,
1938 3900 2165 3964 pestem,

605 3999 800 4052 famem
829 4009 893 4049 ex
920 3992 1220 4052 sterilitate,
1245 4004 1311 4044 ex
1345 3987 1574 4042 locustis
1603 3995 1657 4041 et
1680 3987 1803 4040 aliis
1829 3985 2165 4055 hujusmodi,

605 4099 865 4157 tanquam
896 4101 927 4139 a
958 4083 1222 4154 principio
1254 4080 1532 4135 contrario
1567 4080 1680 4132 haec
1703 4078 2122 4148 proﬁciscantur
2150 4097 2163 4132 :

607 4181 785 4235 sciunt
808 4192 937 4232 vero
963 4191 1174 4239 omnes,
1211 4176 1384 4229 solere
1409 4174 1728 4245 plerumque
1769 4187 1959 4226 omnes
1993 4171 2168 4226 homi-

607 4285 726 4335 nes,
775 4268 963 4338 paucis
1007 4266 1274 4336 exceptis,
1323 4266 1377 4319 in
1419 4265 1584 4321 rebus
1617 4265 1755 4320 laetis
1806 4271 1859 4319 et
1891 4261 2169 4333 prosperis

606 4361 788 4415 laxare
811 4367 1037 4420 mentes,
1057 4367 1111 4412 et
1128 4357 1504 4412 all'ectionibus
1531 4347 1906 4420 succumbere,
1928 4355 2168 4409 nullam—

605 4469 711 4524 que
741 4452 958 4506 virtutis
986 4458 1039 4503 et
1067 4449 1313 4502 laborum
1340 4447 1556 4518 pietatis
1586 4447 1907 4501 memoriam
1935 4446 2164 4500 habere:

605 4555 770 4617 atque
801 4544 904 4598 hoc
936 4542 1152 4613 quidem
1183 4539 1580 4611 quodammodo
1611 4546 1975 4594 consentauee
2024 4538 2169 4591 acci-

2344 3800 2508 3869 Ᾱῦθις
2532 3804 2718 3876 ἕτερον
2741 3800 2899 3868 εἶδος,
2925 3798 2999 3858 ὧν
3027 3807 3055 3858 ὀ
3081 3804 3436 3876 χαλεπώτατα
3455 3805 3662 3870 Μανεὶς
3681 3806 3848 3860 alati-

2272 3914 2383 3964 ται,
2415 3898 2655 3968 σεισμὸν,
2681 3898 2775 3951 καὶ
2805 3897 3009 3969 λοιμὸν,
3051 3898 3144 3950 καὶ
3181 3897 3356 3968 λιμὸν,
3393 3898 3632 3970 ἀφοριῶν
3665 3916 3724 3951 τε
3755 3899 3843 3950 καὶ

2273 3989 2527 4061 ἀκρίδων,
2553 3990 2646 4042 καὶ
2669 3988 2777 4042 τῶν
2802 3989 3076 4054 τοιούτων,
3101 3989 3175 4053 ὡς
3200 3989 3260 4054 ἐξ
3281 3989 3528 4054 ἐναντίας
3554 3991 3726 4062 ἀρχῆς
3751 3993 3846 4043 καὶ

2271 4081 2430 4135 τοῦτο
2447 4081 2746 4152 γινόμενονσ
2775 4081 2931 4151 δῆλον
2953 4081 3009 4135 δὲ
3030 4084 3142 4144 τοῖς
3166 4082 3386 4144 ἅπασιν,
3419 4082 3494 4146 ὡς
3518 4084 3576 4135 ἐν
3599 4085 3700 4154 μὲν
3725 4087 3840 4146 ταῖς

2274 4173 2390 4227 λίαν
2417 4173 2700 4244 εὐθυμίαις
2727 4191 2786 4226 τε
2818 4175 2911 4227 καὶ
2938 4175 3264 4246 εὐπραγίαις
3297 4173 3549 4228 εἰώθασιν
3576 4177 3654 4240 ὡς
3674 4177 3768 4229 ἐπὶ
3783 4177 3848 4230 τδ

2275 4263 2430 4327 πολὺ,
2460 4263 2597 4336 πλὴν
2625 4263 2840 4332 ὀλίγων,
2873 4265 3071 4326 πάντες
3109 4263 3388 4334 ἄνθρωποι
3427 4265 3840 4336 διαχαυνοῦσθαι

2273 4355 2370 4426 τὴν
2399 4355 2652 4418 διάνοιαν,
2676 4355 2768 4407 καὶ
2797 4357 2907 4418 τοῖς
2930 4355 3154 4408 πάθεσιν
3177 4355 3724 4419 ὑποκατακλίνεσθαι,
3753 4359 3846 4411 καὶ

2280 4449 2495 4518 μνήμην
2546 4447 2747 4517 ἀρετῆς
2795 4463 2854 4498 τε
2908 4446 3001 4498 καὶ
3051 4446 3225 4500 πόνων
3274 4447 3553 4511 εὐσεϐείας
3587 4448 3846 4518 οὐδεμίαν

2278 4539 2448 4609 ἔχειν’
2481 4539 2573 4591 καὶ
2600 4537 2761 4590 τοῦτό
2792 4555 2853 4607 γε
2887 4537 3110 4602 εἰκότως
3139 4539 3334 4610 τρόπον
3370 4539 3490 4593 τινὰ
3533 4542 3838 4612 συμϐαίνει.

607 4607 706 4693 (ιη’.
748 4607 1042 4706 Postquam
1082 4607 1227 4690 enim
1270 4633 1492 4707 satietas
1521 4631 1768 4686 ciborum
1810 4639 1862 4684 et
1889 4630 2164 4699 potionum

2288 4607 2530 4682 Ἐπειδὰν
2563 4630 2670 4700 γὰρ
2693 4629 2976 4700 πλησμονὴ
2997 4607 3186 4683 σιτίων.
3205 4648 3265 4683 τε
3289 4632 3380 4684 καὶ
3403 4633 3580 4686 ποτῶν
3606 4607 3848 4705 άμετρος

612 4727 967 4783 immoderata
993 4735 1214 4798 pr0pter
1241 4739 1489 4794 magnam
1524 4723 1822 4777 ubertatem
1860 4721 2173 4774 hominibus

609 4820 824 4882 incidit,
868 4828 1054 4875 ventre
1088 4817 1368 4887 piuguiore
1416 4814 1580 4880 factu,
1632 4812 1942 4868 crassitudo
1977 4812 2175 4868 mentis

607 4917 662 4962 ct
689 4909 940 4964 remissio
970 4907 1312 4980 cogitationis
1342 4906 1556 4960 accedit
1586 4923 1599 4958 :
1625 4904 1806 4958 anima
1837 4914 2018 4956 autem
2051 4918 2175 4972 gra-

608 5008 736 5055 vata
774 5001 1062 5069 subjicitur
1093 4999 1378 5055 alleclibus
1409 5014 1440 5053 a
1484 4999 1698 5050 ratione
1739 4995 1952 5050 alienis.
1981 4993 2037 5047 Si
2069 5007 2174 5063 qua

610 5107 739 5148 vero
767 5092 1047 5147 calamitas
1096 5092 1258 5147 exiis
1288 5106 1424 5162 quas
1479 5089 1886 5144 numeravimus
1934 5085 2163 5148 accidat,

612 5189 794 5242 minus
820 5194 1014 5240 curant
1035 5195 1273 5238 ventrem
1309 5183 1576 5245 homines,
1615 5182 1902 5249 minusque
1934 5179 2174 5246 volupta-

610 5283 761 5336 tibus
801 5279 1131 5334 inserviunt:
1172 5276 1583 5347 temperantiam
1615 5282 1795 5328 autem
1833 5279 1887 5326 et
1920 5271 2171 5341 pietatem

613 5391 711 5445 pro
738 5373 880 5428 virili
925 5376 1328 5433 consectantur,
1368 5378 1441 5431 ct,
1482 5367 1661 5438 quoad
1683 5366 1797 5421 ﬁeri
1834 5373 2032 5434 potest,
2063 5379 2176 5417 me-

613 5468 776 5521 liores
802 5479 980 5519 mores
1007 5463 1258 5525 induunt,
1299 5461 1472 5532 pressi
1517 5460 1690 5529 magis
1716 5473 1878 5529 quam
1915 5456 2171 5512 secundis

613 5559 776 5614 rebus
820 5556 1093 5612 lretilicati.
1129 5554 1260 5622 Quae
1297 5554 1462 5625 igitur
1503 5553 1759 5622 nequitiae
1805 5551 2170 5605 attribuemus

613 5652 867 5720 opinione
906 5649 1218 5704 Manichmi?
1281 5647 1442 5701 illane
1503 5660 1623 5716 quae
1685 5643 1871 5699 sensui
1948 5641 2169 5712 quidem

615 5744 806 5798 acerba
834 5751 982 5810 sunt,
1013 5743 1204 5798 ell‘cctu
1236 5757 1363 5797 vero
1395 5739 1550 5794 valde
1577 5737 1768 5791 utilia?
1801 5734 1935 5801 Quae
1975 5749 2169 5788 rursus

2269 4721 2355 4774 διὰ
2397 4720 2596 4792 πολλὴν
2635 4722 2890 4792 εὐπορίαν
2923 4723 3226 4796 ἀνθρώποις
3265 4725 3574 4794 ἐγγένηται,
3610 4727 3847 4798 γαστρὸς

2271 4813 2528 4868 ἐπιπλέον
2557 4814 2934 4884 πιαινομὲνης,
2961 4814 3258 4884 παχύνεται
3288 4816 3384 4885 μέν
3413 4819 3439 4869 6
3460 4814 3603 4880 νοῦς,
3630 4817 3844 4870 ὑπτιοῦ-

2271 4924 2362 4960 ται
2387 4906 2443 4960 δέ
2467 4907 2494 4959 6
2523 4905 2796 4976 λογισμός·
2833 4905 3174 4978 βαρυνομένη
3195 4908 3250 4961 δὲ
3277 4911 3310 4979 ἡ
3335 4907 3501 4979 ψυχὴ,
3532 4911 3648 4971 τοῖς
3666 4909 3844 4978 ἀλογία

2277 5018 2422 5064 στοις
2450 5000 2677 5054 πάθεσιν
2705 4997 3085 5053 ὑποϐάλλεται.
3123 5001 3185 5052 Εἰ
3227 5000 3284 5053 δέ
3319 5018 3404 5064 τις
3453 5001 3697 5074 συμϐαίη
3737 5001 3847 5055 τῶν

2273 5093 2716 5164 καταλεγομένων
2747 5093 3062 5165 συμφορῶν,
3092 5089 3252 5166 ἦττον
3289 5094 3388 5163 μὲν
3415 5096 3651 5166 γαστρὸς
3686 5112 3847 5166 φρον-

2271 5185 2509 5250 τίζουσιν
2537 5184 2630 5239 ἄνθ
2641 5201 2830 5256 ρωποι,
2861 5180 3022 5254 ἦττον
3047 5184 3103 5237 δὲ
3132 5187 3250 5246 ταῖς
3279 5184 3492 5253 ἡδοναῖς
3511 5185 3844 5247 δουλεύουσι,

2277 5277 2626 5351 σωφροσύνην
2653 5294 2712 5330 τε
2739 5276 2833 5330 καὶ
2864 5275 3168 5339 εὐσέϐειαν,
3201 5277 3298 5348 ὅση
3315 5277 3560 5348 δύναμις,
3584 5275 3849 5348 μεταδιώ-

2276 5387 2448 5424 κουσιο
2482 5369 2576 5422 καὶ
2620 5368 2952 5438 βελτιοῦνται
2993 5368 3084 5421 τὸν
3112 5368 3332 5440 τρόπον,
3361 5368 3436 5433 ὡς
3464 5365 3574 5421 οἷόν
3607 5386 3687 5430 τε,
3722 5385 3844 5421 πιε-

2279 5463 2492 5533 ζόμενοι
2523 5461 2719 5532 μᾶλλον
2760 5460 2792 5532 ἢ
2825 5460 3229 5531 εὐθηνούμενοι.
3277 5461 3413 5514 Ποῖα
3445 5461 3622 5516 τοίνυν
3679 5476 3846 5531 προσο

2277 5553 2523 5624 οίσαιμεν
2549 5556 2614 5624 τῇ
2638 5553 2805 5624 κακὲα
2827 5554 2968 5606 κατὰ
2989 5554 3078 5606 τὸν
3112 5554 3320 5606 ἐκείνου
3347 5553 3537 5621 λόγον;
3568 5558 3635 5607 τὰ
3655 5556 3718 5624 τῇ
3745 5552 3848 5623 μὲν

2277 5642 2521 5712 αἰσθήσει
2544 5640 2780 5712 λυπηρά,
2804 5645 2870 5712 τῇ
2889 5643 2944 5695 δέ
2974 5643 3222 5714 ἐνεργείᾳ
3247 5644 3366 5696 λίαν
3393 5643 3678 5713 ὡφέλιμας
3710 5645 3850 5698 Ποῖα

2275 5733 2330 5786 δὲ
2358 5733 2434 5802 τῷ
2459 5732 2682 5802 ἀγαθῷ;
2715 5733 2784 5787 τὰ
2802 5724 2929 5804 ἡδέα
2960 5737 3078 5806 μὲν,
3107 5737 3220 5788 ἔστι
3246 5737 3286 5790 δ’
3315 5738 3399 5790 ὅτε
3429 5737 3843 5807 βλαϐερώτατας
