4064 6290
380 265 510 322 1³31

1445 273 1805 329 ADVERSUS
1843 271 2265 330 MANICHIEOS
2299 271 2423 328 LIB.
2466 273 2527 326 ll.

3450 277 3585 331 1162

327 376 329 379 ’
381 386 494 459 (35)
515 389 610 442 καὶ
642 389 760 454 πῶς
790 391 851 444 οὐ
881 390 1019 460 δόξει
1043 393 1384 462 παιδαγωγὸς
1405 389 1544 448 εἶναι
1575 396 1770 465 μᾶλλον
1801 396 1918 468 πρὸς

2035 392 2479 463 bono?jucunda
2518 407 2604 454 ne,
2659 405 2778 460 quae
2825 390 3152 460 quandoque
3193 391 3583 448 nocentissima

379 479 578 551 ἀρετὴν
612 482 644 551 ἠ
683 483 848 536 κακία
883 483 974 537 τοῦ
1013 485 1250 553 ἁγαθοῦ;
1281 486 1534 550 πολλάκις
1571 488 1698 559 γὰρ,
1731 487 1824 551 οὒς
1857 489 1931 558 μὴ

383 571 674 642 μετέϐαλεν
706 574 796 626 ἐπὶ
827 574 886 627 τὸ
925 579 1166 647 κρεῖττον
1197 575 1444 647 εὐθηνία,
1490 578 1810 646 μετεποίησέ
1851 595 1933 641 τις

381 661 766 734 προσπεσοῦσα
794 663 936 735 λύπη
961 667 1053 718 καὶ⁸
1079 668 1346 737 συμφορά·
1377 667 1579 720 δέονται
1602 667 1710 740 γὰρ
1729 667 1933 741 ἀνθρω-

379 767 470 802 ποι
509 751 604 803 καὶ
643 752 891 807 τοιούτων
938 757 1096 808 τινῶν
1132 757 1479 827 ἀναμνήσεων
1517 757 1656 810 κατά
1688 759 1929 829 καιροὺς,

379 840 513 913 πρὸς
538 843 596 895 τὺ
621 843 976 914 διεγείρεσθαι
1011 847 1101 900 τὸν
1130 846 1274 911 νοῦν,
1307 847 1400 902 καὶ
1431 848 1527 918 τῆς
1558 848 1796 912 πλείονος
1835 851 1934 919 ρᾳο

381 931 589 1004 στώνης
616 935 1060 992 ἀπαλλάττεσθαι.

447 1025 511 1077 Εἰ
535 1027 632 1096 μὲν
646 1027 753 1099 γὰρ
771 1029 992 1100 εὐθηνου
999 1032 1188 1101 μένους
1207 1027 1273 1103 ἦν
1297 1031 1421 1085 ἰδεῖν
1434 1031 1647 1095 αὐτοὺς,
1672 1033 1779 1086 τῶν
1800 1032 1931 1102 γοῦν

380 1117 628 1187 μεγάλων
647 1119 802 1193 ἀδικη
812 1121 990 1192 μάτων
1002 1119 1387 1194 ἀπεχομένους,
1409 1128 1602 1200 μέτρια
1615 1127 1673 1182 δέ
1687 1125 1792 1198 πλη
1801 1143 1931 1197 μμε-

376 1209 618 1274 λοῦντας,
631 1207 698 1283 ἦν
714 1213 778 1267 άν
790 1230 872 1277 τις
885 1212 1099 1282 εὔλογος
1113 1217 1444 1290 καταδρομὴ,
1461 1219 1534 1283 ὡς
1548 1220 1608 1273 οὐ
1621 1219 1760 1274 κατὰ
1774 1219 1928 1286 λόγον

377 1300 472 1354 κα)⁸
492 1301 597 1354 τῶν
610 1303 862 1359 τοιούτων
882 1322 944 1357 συ
951 1305 1295 1376 μϐαινόντων·
1313 1310 1430 1364 εἰδὲ
1457 1310 1592 1381 πρὸς
1605 1311 1814 1365 τελείαν
1833 1309 1927 1364 τοῦ

377 1393 732 1464 χορηγοῦντος
751 1393 916 1466 λήθην
935 1397 1032 1468 τὴν
1060 1397 1280 1470 διηνεκῆ
1301 1398 1410 1453 τῶν
1433 1401 1741 1470 ἀναγκαίων
1764 1401 1930 1470 ἀφθο-

377 1483 496 1538 νίαν
515 1484 580 1537 λα
587 1485 894 1555 μϐάνουσιν·
911 1488 1204 1558 ἀναγκαῖόν
1232 1508 1361 1545 ποτε
1389 1495 1484 1546 καὶ
1496 1493 1558 1547 τὸ
1573 1492 1927 1562 διεγείρεσθαι

375 1583 495 1645 ταῖς
521 1583 820 1652 συμφοραῖς
839 1582 919 1645 εἰς
944 1582 1159 1653 μνήμην
1178 1580 1332 1649 Θεοῦ,
1349 1575 1455 1652 ᾧγε
1480 1582 1752 1653 προσῆκεν
1777 1582 1926 1636 ἀδιά-

374 1671 590 1725 λειπτον
631 1671 727 1740 τῆς
769 1671 910 1744 ὑπὲρ
940 1673 1105 1744 ἡμῶν
1152 1673 1470 1744 κηδεμονίας
1511 1673 1785 1744 ὁμολογεῖν
1829 1673 1926 1743 τὴν

2033 487 2195 542 sunt?
2226 501 2368 555 saepe
2410 484 2578 547 enim,
2629 498 2766 553 quos
2815 482 3147 552 prosperitas
3196 483 3263 535 ad
3306 483 3582 538 meliorem

2033 579 2238 648 frugem
2268 592 2375 630 non
2407 575 2656 638 mutavit,
2691 574 2872 628 luctus
2900 581 2952 627 et
2986 572 3271 627 calamitas
3299 581 3582 629 converte-

2032 647 2199 722 runt:
2241 665 2483 737 indigent
2526 665 2670 719 enim
2724 665 2968 720 homines
3022 664 3347 735 quandoque
3393 664 3585 734 hujus-

2030 755 2176 810 modi
2221 755 2680 810 admonitionibus
2719 753 2787 809 ad
2834 755 3175 810 excitandam
3238 763 3494 820 mentem,
3528 767 3582 812 et

2032 856 2091 903 ut
2121 863 2152 902 a
2182 849 2348 902 multa
2379 847 2717 902 mollitudine
2738 847 3054 902 liberentur.

2097 1019 2153 1076 Si
2193 1021 2335 1076 enim
2365 1020 2673 1077 videremus
2720 1022 2974 1077 secundis
3018 1024 3181 1078 rebus
3223 1023 3501 1090 ﬂorentes,
3548 1043 3577 1081 a

2030 1112 2240 1183 magnis
2262 1112 2450 1168 saltem
2482 1112 2696 1182 injuriis
2720 1112 3013 1178 abstinere,
3047 1123 3101 1170 et
3124 1129 3285 1184 parva
3317 1117 3578 1172 maleﬁcia

2031 1202 2401 1264 committere,
2462 1211 2647 1273 posset
2700 1202 2896 1271 aliquis
2942 1217 3065 1256 cum
3105 1204 3316 1271 ratione
3367 1206 3423 1260 in
3463 1207 3580 1262 haec

2028 1293 2230 1360 invehi,
2265 1301 2522 1362 tanquam
2566 1301 2754 1348 contra
2787 1295 3051 1348 rationem
3101 1295 3452 1351 acciderent:
3491 1299 3575 1352 sin

2027 1399 2155 1440 vero
2183 1384 2460 1440 abundare
2479 1401 2692 1456 semper
2710 1386 3055 1450 necessariis,
3083 1387 3407 1444 oblivionem
3436 1405 3579 1445 sum-

2028 1492 2169 1531 mam
2218 1478 2490 1548 largitoris
2529 1478 2684 1533 all‘ert
2729 1479 2882 1543 istis,
2933 1495 3156 1536 necesse
3204 1489 3322 1546 est,
3372 1494 3434 1538 ut
3479 1485 3577 1539 ali-

2025 1566 2243 1637 quando
2290 1569 2691 1625 calamitatibus
2726 1572 2983 1626 memoria
3019 1571 3112 1627 Dei
3145 1575 3440 1642 excitetur;
3487 1578 3575 1632 cui

2027 1660 2310 1730 oportebat
2341 1661 2458 1717 sine
2490 1661 2892 1719 intermissione
2919 1664 3126 1733 gratias
3155 1680 3316 1735 agere
3344 1682 3445 1737 pro
3475 1685 3570 1724 no-

373 1763 557 1834 χάριν.
583 1762 746 1816 Ὥστε
777 1763 1039 1817 νουθετῶν
1066 1764 1196 1827 Θεὸς
1219 1763 1534 1836 ἀνθρώπους
1567 1765 1836 1835 οἰκονομεῖ
1860 1764 1918 1817 τά

2027 1759 2262 1806 strarum
2302 1767 2484 1808 rerum
2516 1753 2852 1823 providentia
2901 1763 2955 1810 et
2982 1759 3387 1825 procuratione.
3423 1757 3577 1816 Unde

375 1851 615 1916 τοιαῦτα,
663 1852 763 1906 οὐκ
801 1853 967 1924 ὀργῆς
1015 1869 1158 1916 τινος
1190 1852 1351 1906 πάθει
1380 1853 1758 1923 κατεχόμενος,
1794 1849 1927 1904 ἀλλὰ

373 1943 698 2013 κηδεμονίας
731 1943 824 1996 καὶ
855 1943 956 2014 τῆς
981 1943 1086 1997 τῶν
1116 1943 1381 2014 δεομένων
1406 1943 1736 2015 ἐπιστροφῆς
1766 1960 1926 2013 μετα-

375 2031 708 2104 ποιούμενος.
733 2034 865 2087 Ούδέ
889 2034 996 2106 γὰρ
1018 2033 1421 2104 φιλανθρωπίας
1440 2035 1538 2104 τῆς
1563 2034 1820 2088 ἀνωτάτω
1835 2033 1926 2086 καὶ

372 2124 630 2197 ἀκριϐοῦς
661 2124 727 2178 ἂν
767 2126 849 2197 εἴη
880 2126 941 2178 τὸ
973 2123 1386 2196 ὑποκορίζεσθαι
1410 2141 1472 2193 γε
1505 2124 1828 2195 χρηστότητι
1857 2123 1927 2177 τὰ

367 2214 690 2288 ἀνθρώπινα
725 2215 892 2286 πάθη,
935 2215 1027 2268 καὶ⁹
1059 2215 1136 2286 τῷ
1167 2215 1549 2285 ἀνεπιπλήκτῳ
1574 2214 1671 2285 τὴν
1702 2213 1926 2285 αὔξησιν

371 2307 552 2369 αὐτοῖς
585 2305 915 2376 ἐπιτρέπειν·
945 2304 1250 2357 τούναντίον
1279 2303 1387 2374 γὰρ
1415 2302 1571 2356 τοῦτο
1597 2301 1732 2373 πρὸς
1763 2304 1928 2356 ἀπαν-

371 2399 616 2470 θρωπίαν
641 2399 762 2468 ὁρᾷ,
796 2397 929 2466 είγε,
964 2395 1278 2467 βουλόμενος
1304 2396 1403 2464 τῆς
1425 2394 1564 2448 κατὰ
1589 2394 1649 2448 τὸ
1678 2393 1927 2464 φαινόμεο

369 2507 459 2543 νον
488 2490 560 2560 μὴ
586 2488 889 2555 ἐξίστασθαι
909 2487 1289 2559 χρηστότητος,
1306 2485 1602 2549 ἐπιϐούλως
1621 2483 1924 2556 συγχωροίη

369 2581 506 2650 πρὸς
534 2579 749 2632 ἔκλυσιν
781 2578 977 2641 κακίας
1002 2578 1176 2648 πάντη
1201 2577 1560 2630 καταπίπτειν
1583 2577 1708 2638 τοὺς
1726 2573 1926 2647 ἀνθρώ-

369 2688 523 2734 πους·
559 2669 700 2738 λέγω
735 2668 810 2733 δὲ,
849 2667 917 2721 τὰ
949 2669 1159 2738 χρηστά
1195 2667 1475 2738 παρέχων,
1503 2666 1598 2720 καὶ
1630 2665 1696 2719 τὰ
1721 2663 1926 2737 νομιζό-

372 2781 508 2834 μενα
557 2762 775 2832 λυπηρά
821 2761 1131 2830 ἀναγκαίως
1189 2761 1400 2828 ἐπάγει·
1440 2759 1561 2813 οὐδὲ
1597 2758 1707 2830 γὰρ
1744 2758 1925 2831 πατὴρ

369 2853 790 2925 πλημμελοῦντα
808 2852 967 2906 παῖδα
987 2851 1198 2906 τύπτων
1221 2849 1598 2922 ἀπάνθρωπος·
1621 2849 1924 2903 τούναντίον

359 2943 469 3010 μὲν
491 2940 603 3008 οὖν,
630 2943 778 3013 εἰμὴ
813 2942 946 3013 πρὸς
977 2941 1358 3013 ἐπιστρέφειαν
1386 2941 1507 3009 άγοι
1530 2939 1734 3002 τοῦτον,
1759 2940 1820 2992 οὐ
1844 2938 1924 2992 δό-

2027 1844 2324 1900 admenens
2354 1843 2494 1900 Deus
2519 1845 2786 1908 homines,
2816 1847 2946 1900 talia
2971 1847 3252 1918 dispensat
3282 1865 3346 1904 ac
3381 1852 3577 1921 guber-

2027 1940 2142 1998 nat,
2175 1949 2283 1988 non
2316 1935 2704 2005 perturbationi
2752 1936 2846 1990 irae
2889 1938 3210 2003 inserviens,
3264 1940 3358 1994 sed
3389 1956 3574 1995 curam

2027 2025 2357 2094 amplectens
2385 2042 2478 2082 eos
2508 2027 2880 2092 convertendi,
2910 2043 3048 2098 quos
3077 2045 3215 2098 opus
3241 2038 3324 2085 est
3351 2039 3578 2089 conver-

2027 2123 2156 2170 tere.
2200 2114 2308 2170 Nec
2354 2117 2498 2170 enim
2543 2116 3010 2172 excellentissima;
3067 2128 3120 2174 et
3153 2120 3403 2189 perfectae
3449 2140 3575 2194 erga

2027 2203 2271 2260 homines
2301 2204 2582 2260 charitatis
2605 2213 2768 2270 esset,
2798 2204 3064 2262 humanas
3095 2209 3445 2280 aegritudines
3465 2227 3574 2282 pra:

2027 2292 2246 2347 lenitate
2276 2301 2589 2359 extenuare,
2616 2303 2670 2349 et
2708 2294 3101 2350 incrementum
3153 2297 3235 2352 eis
3260 2301 3575 2368 permittere

2027 2399 2135 2439 non
2165 2385 2492 2455 increpando
2519 2405 2532 2440 :
2559 2387 2688 2457 quin
2718 2388 2899 2458 potius
2926 2395 3137 2455 contra,
3171 2390 3238 2444 ad
3265 2390 3575 2448 inhumani-

2025 2486 2187 2532 tatcm
2212 2477 2313 2533 hoc
2348 2486 2635 2548 spectaret,
2667 2479 2712 2534 si
2741 2493 2863 2534 cum
2900 2481 3060 2536 vellet
3088 2498 3196 2537 non
3224 2485 3474 2560 recedere
3507 2490 3574 2541 ab

2023 2583 2085 2622 ea
2138 2569 2354 2624 lenitate
2382 2583 2502 2638 quae
2547 2569 2779 2639 speciem
2826 2577 3036 2654 tantum
3085 2572 3267 2638 habet,
3312 2577 3575 2633 insidiose

2023 2657 2356 2726 permitteret
2386 2657 2443 2712 in
2484 2657 2894 2714 dissolutionem
2926 2649 3181 2731 nequitia:
3208 2666 3430 2720 omnino
3473 2668 3573 2724 lio-

2025 2747 2196 2804 mines
2228 2748 2494 2805 decidere.
2525 2748 2654 2804 Dico
2677 2758 2856 2804 autem
2890 2751 3030 2806 lenia
3072 2754 3308 2824 praebere
3339 2757 3571 2823 ratione,

2028 2850 2081 2894 et
2128 2855 2191 2895 ea
2236 2855 2356 2911 qua:
2397 2841 2591 2896 acerba
2622 2850 2901 2913 putantur,
2944 2850 3256 2902 necessario
3305 2849 3568 2921 inﬂigere.

2021 2927 2134 2983 Nec
2158 2929 2302 2983 enim
2331 2935 2484 3000 pater
2510 2945 2634 2984 cum
2664 2931 2830 2986 ﬁlium
2870 2933 3269 3004 delinquentem
3306 2941 3569 3001 verberat.

367 3034 449 3102 ξει
497 3034 662 3103 φειδὼ
701 3033 966 3104 πατρικὴν
987 3033 1384 3087 ἐνδείκνυσθαι·
1435 3031 1552 3084 οὐδέ
1589 3032 1799 3101 τέμνων
1827 3031 1918 3084 καὶ

2025 3017 2353 3074 inhumanus
2387 3028 2472 3074 est
2501 3039 2513 3074 :
2542 3029 2730 3075 contra
2758 3023 2959 3092 potius,
2988 3025 3034 3080 si
3066 3027 3210 3082 hunc
3245 3028 3312 3082 ad
3345 3047 3571 3087 conver-

367 3101 536 3180 καίων
569 3125 748 3196 ἰατρὸς
780 3101 951 3178 ἐλκῶν
988 3125 1174 3195 νομάς·
1207 3123 1318 3178 ἀλλ’
1357 3124 1466 3193 ὅσῳ
1502 3122 1594 3176 τοῦ
1631 3121 1788 3190 λόγου
1819 3122 1918 3192 τῆς

2021 3109 2226 3164 sionem
2258 3125 2368 3164 non
2399 3110 2722 3175 traduceret,
2759 3122 3038 3182 paternam
3080 3120 3473 3186 providentiam
3508 3138 3573 3178 ac

362 3218 558 3290 τέχνης
580 3219 968 3288 μεταποιεῖται,
997 3216 1230 3285 τοσούτῳ
1252 3215 1560 3285 φειδόμενος
1579 3212 1671 3266 τοῦ
1694 3213 1920 3284 κάμνονο

363 3325 455 3371 τος
488 3310 764 3380 προσάγει,
788 3307 884 3378 τὴν
917 3305 1180 3376 ἀλγηδόνα
1223 3303 1331 3356 τῶν
1362 3299 1768 3374 αὐστηροτέρων
1795 3298 1920 3370 βοη-

363 3400 641 3472 θημάτων,
675 3401 750 3464 ὡς
780 3398 1148 3466 ἀπολουμένου
1173 3397 1269 3466 μὲν
1295 3395 1428 3466 πρὸς
1469 3393 1574 3446 τῶν
1613 3390 1781 3444 ἐλκῶν
1822 3390 1916 3444 τοῦ

362 3493 681 3563 κάμνοντος,
720 3495 769 3546 εἰ
805 3493 878 3565 μὴ
911 3491 1095 3545 τοῦτον
1123 3489 1408 3562 βοηθηθείη
1441 3485 1531 3538 τὸν
1562 3485 1778 3556 τρόπον·
1807 3499 1910 3534 σω-

361 3583 658 3654 θησομένου
690 3584 766 3649 δέ,
797 3584 965 3654 τομῆς
991 3599 1051 3635 τε
1079 3581 1173 3635 καὶ
1195 3580 1484 3651 καυτῆρος,
1519 3579 1567 3630 εἰ
1601 3575 1729 3638 δέοι,
1758 3589 1916 3645 προσ-

359 3673 659 3742 ἀγομένων.

2019 3200 2447 3255 misericordiam
2482 3201 2680 3258 habere
2705 3219 2814 3258 non
2846 3205 3138 3262 videretur.
3169 3208 3279 3264 Nec
3298 3213 3442 3266 enim
3468 3229 3576 3269 mc-

2017 3289 2172 3344 dicus
2201 3303 2323 3342 cum
2352 3301 2502 3345 secat
2527 3298 2582 3346 et
2626 3293 2736 3346 urit
2777 3294 2934 3349 ulcus
2966 3292 3210 3366 serpens,
3245 3300 3572 3359 inhumanus

2018 3387 2135 3446 est;
2187 3381 2296 3434 imo
2336 3394 2541 3450 quanto
2595 3383 2766 3453 magis
2821 3387 3088 3441 rationem
3145 3390 3276 3446 artis
3329 3392 3569 3459 adhibet,

2019 3481 2168 3527 tanto
2212 3474 2385 3545 magis
2411 3483 2471 3529 ut
2511 3486 2772 3546 aegrotum
2821 3488 2994 3545 sanet,
3030 3480 3271 3538 dolorem
3313 3501 3379 3540 ex
3412 3503 3567 3542 seve-

2021 3565 2258 3620 rioribus
2303 3567 2558 3622 remediis
2587 3566 2831 3636 inducit;
2863 3579 3119 3640 tanquam
3151 3575 3468 3633 interiturus
3500 3583 3572 3633 sit

2016 3672 2156 3726 aeger
2206 3657 2275 3710 ab
2318 3655 2612 3720 ulceribus,
2657 3658 2761 3710 nisi
2796 3659 2898 3712 hoc
2939 3661 3098 3715 modo
3144 3664 3435 3720 auxilietur
3480 3669 3567 3734 ei;

2017 3751 2294 3808 sanandus
2326 3765 2473 3814 vero,
2508 3750 2747 3806 sectione
2777 3759 2830 3806 et
2859 3753 3072 3810 ustione
3104 3756 3383 3812 adhibitis.

529 3879 657 3934 Car.
691 3877 805 3931 XV.
845 3875 1112 3930 Malorum
1147 3877 1404 3943 asperitas
1443 3872 1738 3928 hominibus
1770 3868 2064 3932 tribuenda,
2095 3869 2184 3938 qui
2213 3867 2368 3920 malis
2399 3866 2706 3942 abutuntur.
2739 3867 2923 3922 Manes
2968 3886 3142 3924 secum
3171 3884 3390 3942 pugnat.

431 3998 612 4062 Ὥστε,
642 3997 782 4050 κατά
817 3996 879 4048 τὸ
919 3993 1236 4064 ὑπόδειγμα,
1271 3991 1540 4064 ἄνθρωποί
1580 3992 1714 4044 εἰσιν
1754 3989 1802 4042 ot
1840 3989 1909 4042 τά
1956 4021 1958 4024 ν

357 4109 421 4161 γε
463 4091 658 4163 ἀνιαρὰ
702 4088 975 4150 ποιοῦντες
999 4085 1120 4140 καθ’
1155 4085 1360 4139 ἑαυτῶν
1400 4084 1595 4154 μᾶλλον
1625 4083 1657 4154 ἢ
1699 4083 1727 4134 ὁ
1757 4082 1907 4144 Θεὸς,

352 4183 406 4235 οἱ
445 4181 544 4253 τὴν
588 4181 774 4252 χρείαν
812 4178 904 4234 καὶ
935 4179 1060 4242 τοὺς
1094 4177 1316 4249 καιροὺς
1345 4175 1599 4246 προθέσει
1631 4191 1694 4243 γε
1735 4174 1910 4243 οἰκείᾳ

2078 3985 2458 4052 Quamobrem,
2489 3993 2549 4039 ut
2589 3987 2688 4040 hoc
2715 3988 3017 4057 exemplum
3071 3989 3268 4055 docet,
3323 3991 3569 4049 homines

2010 4079 2191 4150 potius
2219 4091 2381 4147 quam
2411 4076 2552 4132 Deus
2603 4087 2748 4145 sunt,
2780 4080 2872 4149 qui
2901 4096 3090 4150 aspera
3123 4090 3176 4136 et
3225 4084 3418 4138 acerba
3467 4085 3569 4139 sibi

2011 4172 2269 4236 inferunt,
2305 4171 2396 4241 qui
2426 4187 2580 4226 usum
2610 4181 2664 4226 et
2683 4176 3113 4243 opportunitates
3147 4178 3405 4247 temporis
3437 4194 3566 4249 prc-

356 4271 954 4344 προκατασκευάζοντες
976 4269 1063 4322 διὰ
1088 4267 1194 4320 τῶν
1221 4266 1435 4319 οἰκείων
1462 4263 1647 4318 παθῶν
1666 4280 1679 4294 ο
1707 4263 1780 4326 ὡς
1802 4263 1909 4335 γὰρ

2018 4263 2190 4333 posito
2218 4262 2435 4332 proprio
2471 4278 2566 4332 per
2611 4263 2834 4320 allectus
2877 4281 3006 4321 suos
3039 4278 3380 4337 praeparant:
3425 4271 3568 4324 sicut

354 4365 446 4418 τοῦ
479 4365 748 4435 καυτῆρος
779 4364 878 4433 οὐχ
907 4362 934 4413 ὁ
978 4360 1156 4432 ἰατρὸς
1197 4360 1339 4412 ποιεί
1361 4356 1452 4409 τὸν
1490 4357 1675 4428 καιρόν
1721 4373 1778 4409 τε
1817 4355 1908 4408 καὶ

349 4457 448 4529 τὴν
476 4456 684 4528 χρείαν,
712 4455 845 4509 ἀλλὰ
866 4454 925 4507 τὸ
953 4453 1305 4524 ὑποκείμενον
1328 4450 1480 4514 ἕλκος
1502 4451 1595 4504 καὶ
1615 4449 1701 4502 τὸν
1730 4447 1907 4518 ἰατρὸν

351 4550 650 4618 ἐπείγεται,
684 4549 774 4602 καὶ
821 4546 909 4599 τὸν
946 4549 1191 4616 καυτῆρα
1231 4543 1402 4607 καλεῖ,
1436 4542 1575 4596 οὕτω
1611 4541 1673 4612 δὴ
1715 4541 1808 4594 καὶ
1838 4539 1908 4592 τὰ

350 4639 666 4712 ἀνθρώπινα
725 4637 870 4708 πάθη
922 4635 1270 4707 προκαλεῖται
1320 4633 1428 4686 τῶν
1481 4634 1560 4696 εἰς
1615 4630 1906 4703 θεραπείαν

350 4733 728 4786 συντεινόντων
756 4729 904 4799 παρὶι
937 4727 1072 4780 Θεοῦ
1104 4726 1201 4798 τὴν
1239 4725 1571 4796 ἐπιμέλειαν,
1603 4724 1802 4795 ἥκιστά
1841 4740 1905 4792 γε

345 4826 673 4896 ἀνεχομένου
697 4823 803 4876 τῶν
831 4819 1150 4890 ἀνθρώπων,
1183 4818 1257 4880 ὡς
1290 4817 1488 4871 οἰκείου
1524 4815 1684 4887 ἔργου
1711 4818 1784 4887 μὴ
1817 4816 1903 4870 διὰ

347 4918 548 4980 παντὸς
587 4917 826 4987 προνοεῖν
849 4931 862 4943 '
907 4909 1168 4984 ἐπέτρεψε
1201 4911 1296 4980 μὲν
1337 4909 1440 4983 γάρ
1466 4908 1768 4981 ἀνθρώποις
1805 4911 1904 4980 τῆς

343 5011 545 5081 ἀρετῆς
593 5011 686 5063 καὶ
715 5009 814 5078 τῆς
858 5005 1256 5074 καλοκαγαθίας
1288 5003 1589 5075 ἐλευθέριον
1620 5003 1764 5074 ἔχειν
1801 5004 1902 5074 τὴν

341 5104 571 5173 αἰρεσιν.
613 5099 911 5171 ’Υπερείδει
945 5097 1126 5168 μέντοι
1165 5095 1226 5149 τὸ
1263 5096 1397 5166 πρὸς
1433 5095 1502 5149 τὰ
1532 5095 1676 5165 πάθη
1707 5094 1900 5166 σαθρὸν

339 5195 496 5266 ἡμῶν
527 5194 591 5246 δι’
619 5189 693 5248 ὧν
716 5192 956 5264 ἐναργῶς
979 5193 1123 5246 ἔστιν
1148 5192 1235 5246 ὅτε
1255 5191 1491 5244 νουθετεί
1517 5193 1610 5244 καὶ
1638 5188 1897 5258 ἐπιπλήτ-

338 5305 419 5341 τει
438 5303 452 5317 ο
488 5287 608 5339 οὔτε
639 5285 899 5358 διηνεκῶς
931 5285 1149 5353 ἐπάγων
1176 5282 1245 5336 τὰ
1272 5281 1662 5354 αύστηρότερα,
1700 5279 1785 5332 ἵνα
1822 5277 1894 5348 μὴ

337 5384 402 5453 τῇ
445 5379 657 5451 ἀνάγκῃ
702 5378 800 5448 τῆς
851 5375 1152 5446 κατηφείας
1196 5374 1256 5426 τὸ
1303 5371 1600 5442 ἐλευθέριον
1649 5367 1852 5440 ἐκϐάλῃ
1878 5385 1891 5397 ·

336 5469 456 5524 οὔτε
495 5469 690 5537 ἄφετον
734 5467 908 5536 πάντη
951 5465 1049 5538 τὴν
1097 5464 1270 5536 ὁρμὴν
1301 5465 1398 5535 τῆς
1448 5461 1722 5535 ῥᾳστώνης
1761 5464 1891 5532 ἡμῖν

402 5585 510 5656 (55)
545 5584 653 5640 Kat
700 5582 914 5656 1:39....

336 5653 499 5721 quam
516 5656 703 5709 bonum
723 5656 748 5710 ?
770 5655 890 5708 llaec
916 5653 1170 5723 fugerunt
1206 5654 1575 5722 interpretem.

613 5750 878 5811 Parnm.
913 5749 1029 5810 Gn.
1075 5749 1301 5810 XVIII.

2009 4356 2152 4410 enim
2177 4353 2415 4409 medicus
2441 4370 2550 4409 non
2596 4355 2745 4418 facit,
2795 4365 2851 4411 ut
2882 4373 3018 4428 opus
3062 4359 3134 4415 sit
3164 4375 3320 4416 urere
3350 4373 3401 4416 et
3428 4369 3566 4416 tem-

2010 4463 2110 4517 pus
2141 4447 2354 4511 urendi,
2379 4449 2472 4502 sed
2507 4447 2662 4503 ulcus
2692 4459 2746 4503 et
2777 4451 3044 4504 medicum
3070 4453 3290 4508 adducit
3316 4461 3369 4509 et
3395 4454 3566 4508 ustio-

2008 4554 2129 4596 nem
2158 4550 2344 4606 vocat;
2399 4540 2480 4594 sic
2535 4540 2780 4596 humanae
2826 4540 3136 4598 affectiones
3168 4542 3334 4599 Deum
3379 4559 3565 4600 accer-

2007 4640 2133 4686 sunt
2159 4631 2225 4686 ad
2245 4647 2308 4686 ea
2334 4632 2656 4697 adhibenda,
2677 4648 2795 4702 quae
2817 4633 2882 4687 ad
2905 4636 3236 4690 curationem
3259 4639 3562 4706 pertinent;

2005 4725 2096 4792 qui
2128 4725 2348 4780 minime
2394 4726 2614 4795 patitur,
2644 4725 2775 4796 quin
2825 4725 3135 4781 hominibus
3191 4743 3403 4798 semper
3440 4739 3563 4784 tan-

2003 4833 2162 4886 quam
2199 4817 2348 4887 operi
2386 4832 2486 4872 suo
2511 4819 2734 4886 provida
2764 4833 2892 4871 cura
2927 4819 3243 4889 prospiciat.
3275 4821 3563 4876 Commisit

2003 4911 2145 4963 enim
2182 4910 2508 4975 hominibus,
2547 4921 2606 4966 ut
2666 4911 2924 4966 haberent
2970 4908 3195 4966 liberam
3241 4913 3560 4968 electionem

2001 5001 2222 5054 virtutis
2252 5015 2315 5055 ac
2350 5001 2654 5070 probitatis.
2692 5002 2846 5066 Quod
2875 5011 3055 5058 tamen
3087 5004 3141 5058 in
3182 5005 3339 5061 nobis
3366 5015 3450 5060 est
3477 5007 3560 5060 in-

2003 5093 2211 5145 ﬁrmum
2242 5093 2307 5145 ad
2335 5094 2665 5158 affectiones,
2698 5094 2853 5148 fulcit
2897 5110 2960 5151 ac
2997 5095 3174 5150 ﬁrmat
3213 5112 3308 5166 per
3351 5112 3412 5152 ea
3442 5111 3562 5165 quae

2000 5184 2268 5239 interdum
2302 5184 2368 5239 ad
2403 5183 2798 5240 admonendum
2827 5193 2880 5239 et
2920 5186 3303 5256 increpandnm
3335 5185 3560 5240 manife-

2000 5286 2084 5332 sto
2144 5278 2394 5346 adhibet;
2447 5294 2622 5349 neque
2669 5288 2927 5349 perpetuo
2979 5297 3099 5352 qua:
3153 5279 3451 5334 austeriora
3505 5287 3560 5333 et

1998 5372 2276 5426 acerbiora
2305 5380 2454 5439 sunt,
2480 5372 2763 5436 inducens,
2801 5382 2858 5428 ut
2896 5374 3219 5430 necessitate
3244 5379 3296 5425 et
3335 5372 3388 5426 vi
3421 5385 3556 5425 mce-

1996 5467 2137 5520 roris
2167 5465 2468 5520 libertatem
2505 5480 2610 5520 non
2636 5465 2919 5532 excludat;
2964 5481 3138 5534 neque
3167 5477 3358 5518 rursus
3391 5461 3554 5516 relin-

977 5582 1221 5652 ἀγαθοῦ.
1285 5581 1351 5636 Et
1405 5579 1658 5651 quomodo
1716 5579 1911 5633 malum
1962 5597 2064 5636 non
2118 5581 2375 5636 uidebitur
2422 5598 2531 5636 esse
2569 5581 2880 5651 pwdagogus
2931 5579 2998 5633 ad
3047 5580 3327 5642 uirtutem,
3371 5574 3548 5646 potius

3148 5737 3222 5797 37
