4064 6290
585 267 720 324 1163

1720 271 1852 326 TITI
1896 271 2315 328 BOSTRENSIS
2354 271 2657 330 EPISCOPI

3656 276 3797 333 HM

579 398 754 454 quens
786 383 943 440 nobis
992 383 1284 455 appetitum
1315 386 1542 457 segnitie
1587 389 1809 444 omnino
1849 392 2118 457 solutum,

2224 392 2666 462 καταλιμπάνω,
2718 394 2805 448 ῖνα
2858 393 2932 464 μὴ
2977 393 3072 456 τὰς
3115 391 3410 463 προλήψεις
3452 389 3561 443 τῶν
3605 388 3798 444 παθῶν

580 490 648 531 ne
694 476 1106 546 anticipationes
1143 475 1485 532 aifectionum
1546 480 1663 534 sine
1713 481 1998 536 curatione
2050 481 2133 535 di-

580 570 797 634 mittat;
840 576 1128 638 utrumque
1157 569 1421 638 sapientia
1453 571 1713 626 ineliabili
1743 573 1813 626 ad
1845 573 2131 628 utilitatem

581 661 854 716 hominum
874 659 1150 730 dispensat
1167 669 1218 715 et
1239 662 1568 728 moderatur,
1597 663 1690 733 qui
1709 646 2133 735 uniuscujusque

579 761 788 824 tempus
821 761 1183 824 opportunum
1215 758 1385 812 novit.

647 843 836 899 Statim
871 853 929 898 ut
959 845 1160 902 videris
1214 855 1370 903 terra:
1424 855 1630 903 motum
1682 859 1776 903 aut
1826 850 2128 905 siccitatem

576 943 668 988 aut
706 936 1068 994 incursionem
1124 939 1455 995 locustarum
1483 979 1498 1003 ,
1557 941 1720 996 simul
1771 955 1900 996 sane
1941 956 2129 996 omnes

575 1024 686 1082 fere
707 1027 953 1086 homines
986 1031 1167 1086 videas
1188 1030 1253 1085 ad
1289 1039 1489 1087 metum
1516 1033 1702 1098 ﬂexos,
1738 1041 1791 1088 et
1819 1034 1886 1088 ad
1921 1035 2127 1105 suppli-

573 1118 802 1174 candum
835 1122 883 1175 ei
926 1123 1016 1191 qui
1051 1131 1225 1194 potest
1263 1124 1377 1178 haec
1421 1125 1707 1194 depellere.
1762 1126 1818 1180 Si
1857 1135 2033 1181 autem
2065 1142 2127 1181 ea

571 1225 692 1280 quae
724 1212 888 1267 videri
921 1215 1095 1269 solent
1118 1215 1356 1285 jucunda
1379 1224 1432 1272 et
1461 1217 1690 1286 placida,
1721 1217 2008 1272 humanam
2036 1234 2129 1272 ra-

573 1300 769 1354 tionem
797 1302 970 1356 laxam
1013 1319 1076 1358 ac
1106 1305 1390 1360 remissam
1421 1306 1690 1374 reddunt;
1742 1308 1968 1362 molesta
2001 1323 2128 1363 vero

570 1398 624 1444 et
649 1393 842 1448 acerba
889 1396 1149 1461 excitant,
1185 1404 1237 1451 et
1278 1397 1344 1451 ad
1388 1405 1585 1453 statum
1617 1399 1788 1469 magis
1820 1400 1964 1469 pium
1996 1414 2128 1453 con-

571 1491 788 1537 vertunt
821 1505 834 1538 :
874 1500 941 1538 an
999 1502 1110 1540 non
1157 1486 1302 1542 dicat
1343 1488 1540 1557 aliquis
1567 1526 1582 1550 ,
1639 1487 1730 1542 illa
1762 1490 1978 1559 quidem
2029 1505 2126 1559 pro

569 1577 910 1644 corporibus,
949 1577 1062 1631 haec
1095 1594 1221 1633 vero
1246 1593 1345 1648 pro
1373 1581 1570 1634 animis
1597 1594 1626 1634 a
1651 1579 1758 1636 Deo
1794 1582 2128 1651 gubernari?

2233 482 2482 546 ἀνιάτους
2513 484 2648 557 ἀφίῃ
2668 502 2681 514 ο
2727 483 2960 554 ἑκάτερα
2985 483 3040 538 δὲ
3071 483 3290 555 ἀρρήτῳ
3327 481 3489 552 σοφίᾳ
3529 496 3666 550 προς
3695 481 3791 532 ἀν-

2232 571 2461 644 θρώπων
2510 573 2771 643 ὠφέλειαν
2817 577 3088 644 οἰκονομεῖ
3153 573 3381 628 ἑκάστου
3459 571 3551 624 τὸν
3601 571 3793 624 δέοντα

2231 662 2417 734 καιρὸν
2450 662 2828 734 ἐπιστάμενος.

2299 844 2500 899 Λύτίκα
2554 845 2682 908 ίδοις
2727 845 2793 900 ἂν
2851 845 3092 916 σεισμὸν,
3141 845 3175 915 ἦ
3228 843 3433 916 ἤμϐρου
3479 843 3711 906 ἔνδειαν,
3754 842 3786 913 ἢ

2229 937 2463 1008 ἀκρίδων
2504 937 2788 1008 ἐπιφορὰν,
2911 937 3026 1008 ἀμα
3076 937 3259 1007 σχεδὸν
3305 938 3548 999 ἃπαντας
3577 934 3788 1005 ἀνθρώ-

2228 1045 2362 1091 πους
2393 1028 2528 1098 πρὸς
2561 1028 2842 1084 εὐλάϐειαν
2873 1028 3331 1098 ἐπικλινομένους,
3373 1027 3465 1081 καὶ
3497 1025 3630 1098 πρὸς
3675 1027 3788 1078 ix:-

2229 1119 2350 1172 σίαν
2388 1118 2482 1172 τοῦ
2527 1123 2854 1190 μεταγαγεῖν
2891 1120 2960 1174 τά
2993 1119 3218 1174 τοιαῦτα
3264 1117 3579 1188 δυναμένου.
3630 1118 3694 1170 El.
3732 1116 3789 1172 δὲ

2225 1211 2294 1266 τὰ
2337 1211 2435 1282 μὲν
2463 1211 2720 1266 δοκοῦντα
2751 1211 2994 1284 συνήθως
3030 1212 3163 1281 ἡδέα
3212 1212 3304 1264 καὶ
3330 1208 3539 1281 χρηστά
3562 1208 3652 1262 τὸν
3692 1209 3790 1265 ἀν-

2227 1300 2492 1372 θρώπινον
2533 1301 2788 1372 λογισμὸν
2830 1303 3029 1366 ὑπτιοῖ,
3070 1301 3138 1354 τά
3176 1302 3233 1355 δὲ
3277 1299 3473 1370 ἀνιαρὰ
3507 1297 3786 1370 διεγείρει,

2227 1395 2319 1448 xui.
2351 1395 2638 1466 συστρέφει
2670 1394 2804 1466 πρὸς
2840 1393 3224 1464 εὐσεϐεστέραν
3264 1393 3629 1447 κατάστασιν·
3669 1391 3787 1454 πιῖις

2224 1487 2323 1541 οὐκ
2351 1487 2415 1542 ἀν
2441 1505 2524 1550 τις
2551 1489 2732 1540 ἐκεῖνα
2760 1487 2855 1557 μὲν
2880 1487 3017 1557 ὑπὲρ
3044 1487 3332 1557 σωμάτων,
3359 1485 3530 1540 ταῦτα
3560 1484 3618 1538 δὲ
3648 1484 3785 1556 ὑπὲρ

2222 1578 2405 1650 ψυχῶν
2439 1579 2570 1649 φαίη
2597 1578 2730 1650 πρὸς
2765 1579 2898 1632 Θεοῦ
2921 1577 3268 1643 διοικεῖσθαι;
3295 1573 3422 1649 Ἆρ’
3465 1571 3560 1629 οῦν
3613 1575 3680 1628 τὰ
3712 1574 3788 1628 δι-

570 1664 707 1719 Num
760 1669 920 1738 igitur
961 1684 1081 1739 quae
1132 1671 1340 1726 animas
1373 1671 1438 1725 ad
1471 1672 1722 1742 pietatem
1773 1681 1827 1728 et
1870 1674 2118 1727 virtutem

2225 1671 2503 1742 εγείροντα
2533 1670 2708 1740 ψυχὰς
2740 1672 2818 1733 είς
2839 1669 3115 1723 εὐσέϐειάν
3138 1687 3196 1722 τε
3225 1669 3316 1724 καὶ
3337 1670 3534 1741 ἀρετὴν
3561 1667 3788 1738 κλητέον

570 1769 929 1822 commovent,
964 1761 1280 1830 appellanda
1311 1769 1439 1818 sunt
1473 1763 1651 1816 mala?
1679 1764 1780 1818 etsi
1807 1763 1950 1818 enim
1999 1779 2124 1820 sen-

569 1848 653 1900 sui
691 1849 1061 1904 sulferentium
1093 1853 1316 1908 molesta
1341 1861 1538 1908 suntet
1563 1855 1759 1919 tristia,
1798 1855 1865 1909 ad
1893 1855 2121 1912 salutem

571 1949 749 1995 tamen
787 1941 1061 1996 hominum
1095 1945 1405 2000 necessario
1434 1946 1772 2018 inﬂiguntur.

641 2029 964 2086 Manicrhreus
1007 2047 1135 2086 vero
1181 2032 1402 2090 demens
1446 2051 1661 2106 semper
1701 2053 1760 2092 se
1807 2052 1988 2093 secum
2021 2054 2122 2108 pu-

567 2136 733 2192 gnare
765 2122 994 2193 ignorat.
1028 2122 1239 2179 Etenim
1284 2127 1328 2181 si
1373 2127 1608 2182 accretio
1653 2131 1892 2184 materiae
1920 2141 2118 2198 nocet,

567 2214 691 2284 quis
722 2231 829 2271 non
851 2216 1068 2283 sentiat,
1091 2225 1280 2272 contra
1311 2231 1471 2288 quam
1499 2219 1650 2284 dicit,
1683 2220 1970 2276 accidere?
2004 2223 2119 2277 Au-

565 2307 777 2376 gebitur
804 2309 946 2362 enim
981 2309 1093 2363 haec
1120 2317 1310 2364 contra
1345 2311 1626 2375 homines,
1671 2313 1762 2382 qui
1804 2329 2016 2383 semper
2065 2318 2117 2371 in

567 2397 729 2452 rebus
758 2398 892 2455 laetis
917 2409 970 2453 et
999 2399 1249 2456 secundis
1283 2409 1446 2467 sunt,
1497 2410 1550 2457 et
1578 2402 1788 2460 deliciis
1820 2405 2118 2478 indulgent,

563 2495 621 2544 et
655 2490 827 2544 ventri
851 2498 904 2545 et
931 2491 1300 2561 voluptatibus
1327 2492 1466 2546 infra
1492 2503 1733 2550 ventrem
1767 2495 2117 2554 deserviunt:

565 2578 841 2634 minuetur
869 2597 997 2635 vero
1025 2583 1372 2637 vehementer
1393 2582 1552 2648 fame,
1583 2593 1753 2655 peste.
1786 2596 1978 2655 morte,
2000 2606 2121 2661 quae

564 2684 673 2724 non
697 2672 1015 2740 permittunt
1037 2673 1298 2741 prolicere
1318 2688 1436 2728 eam
1467 2676 1533 2730 ad
1573 2677 1900 2746 injustitiam
1929 2695 2118 2738 accre-

564 2764 750 2817 tionis.
781 2763 1140 2830 Quamobrem
1165 2776 1590 2823 consentaneum
1623 2779 1760 2837 erat,
1794 2779 1853 2826 ut
1882 2773 1996 2828 haec
2022 2791 2120 2844 po-

565 2855 675 2910 tius
707 2865 923 2911 vocaret
950 2856 1110 2922 bona,
1138 2861 1525 2915 convenienter
1561 2876 1662 2917 suo
1695 2862 2045 2922 fundamento
2066 2877 2121 2923 et

564 2948 852 3018 principio,
886 2951 1242 3018 quammala:
1275 2951 1355 3006 sic
1379 2953 1522 3006 enim
1549 2956 1823 3011 meliorem
1855 2959 2118 3014 rationem

2223 1762 2366 1816 κακά
2389 1779 2403 1827 ;
2432 1762 2532 1816 κᾶν
2560 1762 2667 1833 γὰρ
2691 1764 2755 1832 τῇ
2781 1760 3027 1832 αἰσθήσει
3054 1759 3162 1813 τῶν
3188 1759 3562 1830 ὑποκειμένων
3585 1757 3784 1828 ἀνιαρὰ

2219 1853 2481 1924 τυγχάνῃ,
2529 1852 2664 1924 πρὸς
2715 1851 2895 1923 μέντοι
2952 1851 3226 1922 σωτηρίαν
3275 1849 3576 1922 ἀνθρώπων
3621 1851 3786 1918 ἀναγ-

2221 1944 2387 2008 καίως
2409 1943 2692 2010 ἐπάγεται.

2301 2037 2359 2090 '0
2401 2037 2578 2108 μέντοι
2607 2037 2740 2108 πρὸς
2769 2036 3019 2109 ἀλήθειαν
3047 2036 3238 2108 Μάνης
3269 2035 3444 2106 πάντη
3472 2031 3648 2102 ἑαυτῷ
3683 2049 3785 2102 μα-

2219 2127 2444 2198 χόμενος
2468 2131 2684 2196 ἀγνοεῖ·
2717 2131 2765 2182 εί
2812 2129 2920 2200 γάρ
2960 2128 3256 2198 ὲπιϐλαϐὴς
3295 2126 3394 2196 τῆς
3439 2125 3572 2194 ὕλης
3607 2125 3640 2194 ή
3686 2121 3785 2175 αῦ-

2221 2217 2392 2290 ξησις,
2433 2221 2518 2284 τίς
2565 2222 2663 2274 οὐκ
2699 2220 2764 2274 ἂν
2806 2221 3066 2285 αἴσθοιτο,
3102 2220 3176 2283 ώς
3215 2217 3519 2272 τούναντίον
3563 2217 3596 2287 ἢ
3637 2215 3786 2283 λέγει

2221 2311 2533 2382 συμϐαίνεις
2568 2311 2937 2384 Αὐξηθήσεται
2973 2315 3070 2384 μὲν
3101 2311 3209 2384 γὰρ
3238 2309 3374 2382 αῦτη
3407 2311 3547 2363 κατὰ
3570 2305 3784 2376 ἀνθρώ·-

2219 2422 2335 2459 πων
2365 2405 2738 2470 ἀδιαλείπτως,
2779 2405 3206 2477 εὐθηνουμένων,
3235 2404 3327 2458 καὶ
3353 2403 3588 2475 τρυφαῖς
3627 2403 3786 2469 ἐσχο-

2218 2497 2474 2562 λακότων,
2508 2499 2704 2568 γαστρὶ
2731 2497 2836 2563 ,καὶ
2882 2499 2992 2560 τοῖς
3029 2496 3166 2567 μετά
3219 2493 3459 2564 γαστέρα
3507 2491 3786 2545 δουλευόν-

2217 2607 2323 2644 των
2347 2607 2363 2623 ·
2399 2590 2756 2661 μειωθήσεται
2793 2588 2850 2641 δὲ
2891 2590 2969 2652 είς
2997 2589 3066 2641 τὰ
3102 2587 3334 2659 μάλιστα
3369 2585 3456 2638 διά
3489 2583 3664 2654 λιμῶν
3691 2581 3786 2635 καὶ

2217 2682 2416 2754 λοιμῶν
2453 2683 2546 2735 καὶ
2587 2681 2828 2736 θανάτων
2861 2679 3102 2752 πρόοδον,
3137 2678 3309 2748 ταύτῃ
3351 2678 3424 2748 μὴ
3467 2674 3788 2746 ἐπιτρεπόν-

2215 2789 2325 2827 των
2358 2773 2492 2845 πρὸς
2517 2771 2728 2826 ἀδικίαν
2755 2769 3056 2841 αὐξήσεως.
3084 2770 3243 2822 Ὥστε
3281 2767 3378 2821 καὶ
3408 2765 3556 2828 εἰκὸς
3585 2760 3655 2835 ἦν
3685 2764 3783 2816 αὐ-

2215 2862 2307 2916 τὸν
2333 2862 2512 2932 ἀγαθὰ
2541 2863 2710 2916 ταῦτα
2740 2861 2920 2915 καλεῖν
2946 2861 3083 2916 κατά
3114 2861 3212 2932 τὴν
3239 2859 3495 2913 ὑπόθεσιν
3526 2859 3626 2927 τὴν
3655 2858 3781 2910 ἑαυ-

2216 2954 2310 3007 τοῦ
2366 2955 2561 3025 μᾶλλον
2591 2955 2624 3024 ἢ
2656 2953 2830 3008 κακά·
2858 2953 3000 3007 οὕτω
3035 2953 3077 3005 δ’
3103 2952 3169 3006 ἂν
3210 2951 3353 3018 εδοξε
3382 2949 3649 3020 βελτίονος
3685 2950 3780 3016 ὲφ-

564 3039 839 3095 viderctur
869 3051 1168 3108 assecutus,
1209 3059 1368 3112 quam
1404 3045 1449 3099 si
1496 3061 1685 3102 rursus
1718 3050 1922 3103 ratione
1978 3050 2118 3106 rel‘e-

2224 3046 2431 3100 ικέσθαι
2464 3047 2644 3115 λόγου,
2668 3049 2714 3099 εἰ
2744 3047 2816 3117 μὴ
2845 3045 3004 3100 πάλιν
3029 3043 3096 3097 τὰ
3121 3044 3248 3115 ήδέα
3273 3043 3408 3114 πρὸς
3437 3041 3602 3104 ἄλλας
3629 3041 3781 3093 ἐναν-

563 3133 948 3204 rensjucunda
991 3135 1056 3190 ad
1097 3136 1200 3189 alia
1248 3137 1520 3190 contraria
1567 3139 1868 3209 principia,
1923 3155 2114 3198 rursus

2218 3138 2336 3202 τίας
2380 3139 2552 3211 ἀρχὰς
2583 3137 2660 3209 τῷ
2705 3137 2844 3208 λόγῳ
2889 3137 3090 3207 φέρων,
3123 3132 3276 3199 αὖθις
3322 3134 3467 3190 κακά
3511 3133 3783 3205 προσηγό-

563 3227 703 3282 mala
738 3234 1018 3288 vocasset;
1053 3235 1281 3298 utraque
1322 3230 1466 3284 enim
1500 3237 1627 3285 sunt
1659 3231 1796 3286 bona
1828 3234 2035 3290 ratione
2085 3250 2115 3289 a

564 3317 673 3372 Deo
703 3317 847 3372 data.
881 3320 952 3371 At
982 3319 1071 3374 ille
1116 3319 1358 3388 gaudens
1407 3330 1629 3390 peccato
1659 3325 1724 3378 ad
1763 3327 2117 3381 constituen-

559 3407 683 3462 dam
712 3416 765 3464 et
802 3409 1141 3463 conﬂandam
1176 3411 1472 3480 nequitiam
1505 3427 1600 3481 per
1633 3428 1712 3477 se,
1750 3423 1808 3468 ut
1836 3416 2112 3486 opinatur,

561 3501 968 3566 consistentem,
1001 3501 1238 3557 dolorem
1290 3503 1432 3572 capit
1480 3520 1547 3558 ex
1602 3507 1988 3566 monitionibus
2022 3510 2114 3567 Dei

559 3590 891 3656 eliieacibus,
919 3592 1116 3662 quibus
1163 3593 1414 3649 meliores
1449 3593 1576 3649 facti
1621 3595 1889 3663 homines,
1925 3607 1978 3654 et
2009 3617 2114 3656 sa:-

560 3699 854 3754 penumero
922 3685 1087 3756 aliqui
1135 3685 1371 3755 perfecte
1420 3685 1486 3740 ad
1546 3687 1796 3744 virtutem
1843 3692 2113 3760 παίωνα,

560 3776 755 3846 dogma
783 3776 901 3846 ejlis
934 3776 1132 3831 falsum
1155 3791 1276 3831 esse
1308 3776 1604 3832 declarant.

628 3865 709 3921 Ad
738 3867 852 3922 haec
881 3870 1083 3930 omnia,
1116 3867 1161 3923 si
1197 3883 1306 3922 non
1355 3868 1624 3928 accideret
1669 3869 1959 3940 aliquando
1984 3915 1999 3938 ,
2055 3883 2116 3929 ut

560 3977 680 4032 qua:
724 3958 866 4016 Deus
897 3961 1260 4015 communiter
1297 3962 1550 4016 omnibus
1595 3961 1910 4018 hominibus
1947 3965 2116 4019 donat

559 4061 614 4108 et
668 4055 918 4123 largitur,
975 4053 1408 4122 prohiberentur,
1438 4053 1776 4123 largitionem
1822 4070 2010 4110 eorum
2049 4070 2115 4112 ac

561 4143 1048 4214 suppeditationem
1089 4143 1158 4196 ad
1203 4143 1311 4196 vim
1342 4143 1572 4212 alicujus
1607 4154 1812 4200 natura
1861 4146 2117 4201 immuta-

561 4235 686 4290 bilis
725 4235 968 4288 homines
1020 4234 1364 4300 retulissent;
1399 4250 1573 4305 neque
1607 4250 1730 4289 cum
1761 4237 2072 4306 acciperent
2094 4276 2111 4302 ,

561 4325 767 4391 gratias
796 4324 1045 4394 largienti
1073 4323 1345 4394 egissent;
1367 4340 1541 4395 neque
1567 4326 1848 4391 habentes,
1871 4343 2109 4397 unquam

563 4417 862 4488 petiissent.

632 4506 923 4560 Privantur
954 4505 1120 4575 igitur
1149 4503 1421 4560 interdum
1467 4503 1535 4558 ad
1571 4504 1730 4575 breve
1759 4515 1971 4577 tempus
1995 4548 2011 4572 ,
2053 4518 2112 4562 ut

562 4610 780 4672 petant;
809 4608 862 4655 et
890 4614 1084 4655 rursus
1111 4597 1406 4668 accipiunt.
1438 4605 1496 4651 ut
1517 4597 1719 4668 gratias
1753 4608 1915 4668 agant
1943 4602 1993 4654 ei
2018 4602 2112 4670 qui

561 4693 686 4757 dat,
718 4698 1072 4762 agnoscentes
1117 4691 1295 4761 ipsum
1329 4705 1451 4745 esse
1495 4689 1587 4759 qui
1630 4690 1864 4758 praebet,
1916 4699 1971 4744 et
2002 4707 2110 4746 non

562 4786 668 4838 alia
697 4783 962 4853 quaepiam
989 4790 1182 4837 natura
1212 4780 1562 4852 suppeditans
1587 4789 1780 4849 praeter
1803 4778 1992 4844 Deum,
2016 4798 2112 4836 ex-

565 4890 687 4945 pers
721 4874 906 4939 iudicii
937 4882 990 4929 et
1023 4873 1397 4928 immutabilis.
1440 4869 1566 4926 Vult
1623 4879 1802 4925 autem
1857 4869 2018 4934 Deus,
2053 4879 2111 4927 ut

561 4969 610 5022 ei
633 4965 834 5037 gratias
865 4966 1093 5020 habeant
1133 4966 1397 5028 homines,
1428 4978 1537 5034 quo
1579 4961 1853 5032 digniores
1893 4963 2022 5018 liant
2053 4975 2111 5020 ut

563 5062 703 5114 dona
739 5059 858 5127 ejus
884 5058 1168 5126 accipiant,
1202 5073 1308 5111 non
1356 5067 1413 5110 ut
1444 5058 1560 5126 ipse
1602 5055 1834 5109 fructum
1877 5055 2108 5125 aliquem

563 5150 666 5204 sibi
714 5157 897 5202 metat.
937 5145 1062 5200 Vult
1109 5155 1288 5200 autem
1323 5162 1416 5201 eos
1455 5147 1596 5200 bona
1644 5154 1846 5214 petere,
1879 5155 1938 5198 ut
1967 5145 2110 5199 acci-

563 5241 772 5310 pientes
799 5253 896 5301 ea,
942 5253 1066 5291 eum
1119 5237 1353 5291 sentiant
1379 5239 1470 5308 qui
1503 5237 1850 5307 suppeditat:
1885 5237 1977 5305 qui
2023 5237 2113 5290 lua-

632 5395 744 5465 (54)
783 5392 936 5462 Πρὸς
972 5390 1239 5465 ὁξὲητούτ.
1277 5389 1397 5444 Haec
1429 5392 1694 5465 habentur
1727 5392 1785 5465 in
1823 5389 2112 5465 Parallelis

564 5459 963 5531 Da'ma'scfpag.
992 5462 1114 5522 788,
1140 5462 1634 5531 exstaritque_i_nl'ra
1661 5463 1716 5514 in
1749 5461 2018 5530 Supplem.
2045 5459 2112 5514 ad

565 5531 663 5588 hos
694 5527 863 5587 libros
893 5533 994 5586 Titi
1034 5531 1357 5601 Bostrensis,
1386 5530 1412 5601 ς
1447 5527 1532 5584 lil.

631 5603 742 5674 (55)
780 5603 934 5674 Μηδ.
969 5602 1092 5674 ng.
1118 5615 1242 5674 cum
1263 5599 1464 5674 Rara”.
1491 5601 1538 5651 εί
1567 5599 1912 5674 μηδεμίαᾼτίς
1944 5602 2107 5674 εστιν.

620 5669 740 5742 ,(56)
791 5669 966 5726 ’Aféé).
1014 5669 1210 5726 Parall.
1254 5669 1541 5740 ὴθέλησαν.
1598 5669 1712 5724 Mox
1751 5669 1826 5741 τῷ
1863 5669 1980 5739 Θεῷ
2013 5685 2110 5739 pro

2222 3247 2438 3302 ρευσεν·
2493 3230 2670 3300 ἀγαθά
2713 3230 2820 3302 γὰρ
2867 3230 3146 3300 ἀμφότερα
3196 3228 3337 3298 λόγῳ
3381 3227 3517 3298 πρὸς
3575 3224 3779 3294 ἀγαθοῦ

2215 3323 2349 3377 Θεοῦ
2394 3323 2722 3393 ὲπαγόμενα.
2778 3323 2834 3374 '0
2883 3321 2938 3375 δὲ
2986 3321 3190 3391 χαίρων
3238 3323 3304 3391 τῇ
3353 3319 3598 3390 ἁμαρτίᾳ
3648 3318 3780 3390 πρὸς

2218 3416 2472 3469 σύστασιν
2508 3416 2606 3486 τῆς
2637 3412 2972 3485 ὑφεστώσης,
3015 3414 3090 3476 ὡς
3126 3413 3318 3475 οἴεται,
3352 3411 3572 3474 κακίας,
3599 3410 3780 3463 λυπεῖ’.⁹

2215 3523 2304 3560 ται
2333 3507 2468 3576 πρὸς
2499 3507 2596 3569 τάς
2625 3507 2864 3575 ὲνεργεῖς
2893 3503 2986 3558 τοῦ
3029 3505 3163 3558 Θεοῦ
3205 3505 3567 3574 νουθετήσεις.
3610 3501 3680 3554 δι’
3705 3495 3777 3556 ὧν

2216 3597 2486 3668 ἄνθρωποι
2538 3594 2924 3666 βελτιούμενοι,
2978 3594 3238 3658 πολλάκις
3279 3595 3335 3648 δὲ
3378 3593 3508 3646 ἔνιοι
3557 3591 3778 3652 τελείως

2216 3689 2350 3758 πρὸς
2386 3686 2446 3740 τὸ
2474 3687 2716 3757 κρεῖττον
2747 3682 3220 3755 μεταϐαλλόμενοι,
3255 3680 3559 3736 ἀσύστατόν
3589 3695 3654 3748 γε
3685 3677 3775 3730 αὑ·

2213 3779 2306 3834 τοῦ
2329 3779 2387 3832 τὸ
2415 3779 2590 3849 δόγμα
2619 3777 2717 3847 τῆς
2744 3776 2949 3846 πλάνης
2976 3775 3351 3843 ἀποφαίνουσι.

2284 3868 2426 3940 Πρὸς
2450 3867 2506 3920 δὲ
2537 3865 2745 3929 τούτοις
2769 3866 2877 3935 (34)
2913 3865 3081 3918 ἅπασι
3114 3862 3219 3916 τῶν
3248 3861 3489 3933 συνήθως
3511 3861 3619 3914 ὑπὸ
3647 3861 3774 3914 Θεοῦ

2212 3958 2566 4029 δωρουμένων
2619 3958 2766 4026 κοινῇ
2811 3957 2974 4008 πᾶσιν
3022 3953 3326 4024 ἀνθρώποις
3376 3952 3616 4023 μηδεμία
3666 3953 3772 4023 (55)

2213 4048 2358 4102 ἐστιν
2394 4049 2482 4101 ὅτε
2518 4045 2793 4100 συνέϐαινε
2831 4044 3084 4110 κώλυσις,
3118 4046 3259 4116 φορᾷ
3296 4041 3511 4112 φύσεως
3538 4042 3604 4096 ἀν
3637 4059 3771 4105 τινος

2213 4139 2585 4210 ἀμεταϐλήτου
2621 4138 2718 4209 τὴν
2751 4136 3012 4208 χορηγίαν
3048 4135 3224 4188 αὐτῶν
3264 4134 3524 4188 ἀνέθεσαν
3557 4134 3666 4204 (36)
3695 4137 3776 4188 ἀν-

2214 4229 2452 4301 θρωποι’
2498 4229 2592 4284 καὶ
2644 4229 2743 4282 οὐκ
2780 4226 2845 4280 ἃν
2901 4227 3019 4298 μὲν,
3061 4226 3337 4297 δεχόμενοι
3382 4223 3578 4291 ταῦτα,
3623 4225 3771 4305 χάριν

2211 4321 2561 4392 ὡμολόγησαν
2591 4318 2668 4390 τῷ
2698 4319 2909 4385 διδόντι,
2939 4320 3038 4373 οὐκ
3065 4319 3129 4373 ἂν
3166 4317 3220 4371 δὲ
3253 4317 3485 4389 ᾔτησαν,
3523 4314 3600 4386 μὴ
3627 4315 3769 4386 ἔχον-

2144 4404 2189 4460 D
2217 4431 2325 4476 τες.

2284 4503 2598 4576 Στεροῦνται
2622 4500 2906 4573 τοιγαροῦν
2935 4501 3100 4555 ὲνίοτε
3127 4499 3262 4572 πρὸς
3279 4501 3480 4569 ὀλίγον,
3513 4505 3601 4558 ἵνα
3628 4503 3774 4572 αἰτή-

2215 4611 2347 4648 σωσι
2369 4612 2380 4626 ·
2413 4595 2505 4646 καὶ
2552 4593 2792 4662 δέχονται
2835 4588 3010 4656 αὖθις,
3057 4591 3142 4644 ἵνα
3185 4590 3343 4662 χάριν
3387 4591 3774 4664 ώμολογήσωσῑ

2211 4683 2288 4754 τῷ
2319 4683 2670 4754 χορηγοῦντι·
2717 4682 3090 4750 γινώσκοντες,
3133 4681 3208 4744 ώς
3248 4682 3412 4742 αὑτός
3459 4683 3527 4750 γέ
3577 4685 3722 4736 ἐστιν
3749 4684 3776 4734 ὁ

2213 4775 2482 4846 παρέχων,
2511 4776 2606 4828 καὶ
2626 4775 2688 4827 οὐ
2722 4774 2879 4844 φύσις
2907 4771 3038 4845 άλλη
3061 4789 3145 4835 τις
3170 4773 3318 4843 παρά
3343 4773 3436 4826 τὸν
3465 4773 3602 4827 Θεὸν
3628 4775 3776 4846 ἀκρι-

2212 4870 2303 4932 τός
2339 4886 2397 4921 τε
2424 4869 2518 4922 καὶ
2545 4868 2914 4940 ἀμετάϐλητος
2941 4867 3051 4936 (37)
3091 4868 3124 4936 ή
3158 4865 3488 4937 χορηγοῦσα.
3523 4866 3775 4921 Βοῦλεται

2210 4961 2265 5014 δὲ
2300 4961 2328 5012 ὁ
2364 4959 2493 5023 Θεὸς
2519 4959 2710 5012 εἰδέναι
2741 4959 2901 5030 χάριν
2939 4956 3254 5025 ἀνθρώπους
3286 4957 3458 5027 αὐτῷ,
3493 4957 3585 5010 ἵνα
3615 4957 3774 5025 ἀξιώ-

2210 5071 2355 5125 τεροι
2386 5053 2477 5106 τοῦ
2520 5051 2810 5122 λαμϐάνειν
2855 5049 2920 5104 τὰ
2962 5051 3090 5121 παρ’
3129 5048 3290 5101 αὐτοῦ
3334 5050 3631 5116 γένωνται.
3679 5051 3771 5118 οὐχ

2213 5147 2299 5200 ἵνα
2337 5164 2389 5199 τι
2433 5143 2785 5216 καρπώσηται
2832 5144 2911 5206 εἰς
2955 5140 3458 5200 ἑαυτόνμΒούλεται
3499 5142 3556 5195 δὲ
3599 5141 3770 5210 ἀγαθά

2211 5236 2428 5298 τούτους
2473 5237 2673 5296 αἰτεῖν,
2729 5234 2814 5286 ἵνα
2861 5232 3134 5305 δεχόμενοι
3191 5230 3448 5302 αἴσθησιν
3497 5232 3594 5285 τοῦ
3649 5247 3769 5302 χορ-

2211 5388 2288 5442 τῶ
2310 5389 2522 5442 διδόντι.

2245 5407 2881 5529 ῳᾶἓῧθνξὶλιετάόλητος.
2928 5457 3129 5529 Parall.
3183 5457 3619 5529 ἀμεταμέλητος.
3664 5453 3737 5509 L0

2213 5527 2336 5582 cum
2378 5527 2656 5598 integrum
2697 5531 2776 5581 sic
2817 5528 2991 5583 reddit
3036 5528 3224 5581 Billius
3254 5546 3266 5580 ε
3296 5527 3760 5596 Agnosceures.....

2215 5616 2315 5653 non
2339 5598 2559 5652 alteram
2584 5599 2817 5664 quamvis
2839 5609 3025 5666 prmler
3052 5598 3210 5650 Deum
3236 5607 3484 5649 naturam
3502 5611 3632 5657 esse,
3655 5606 3762 5665 qui?

2216 5669 2677 5722 indiscriminatim
2705 5678 2753 5720 et
2783 5671 2892 5722 sine
2913 5670 3212 5736 pauitantia
3243 5667 3625 5721 subministra.
