4064 6290
325 333 461 388 ιέϐὃ

1358 333 1722 392 ADVERSUS
1772 331 2190 389 MANICHEOS
2228 333 2353 388 LIB.
2397 333 2457 391 ll.

3396 337 3531 394 “66

319 446 576 516 ηγοῦντος
599 446 768 518 ἔχωσι
789 466 806 482 ο
838 449 1014 524 χαίρει
1055 451 1150 523 μὲν
1183 451 1288 522 γὰρ
1328 451 1396 505 τὰ
1421 453 1548 524 παρ’
1575 450 1764 506 ἑαυτοῦ
1799 451 1860 504 δι-

1979 459 2125 504 tatur
2150 449 2344 506 dandis
2383 453 2533 519 suis;
2566 453 2659 508 sed
2693 455 2865 525 magis
2903 455 3132 519 laetatur,
3159 467 3285 509 cum
3309 453 3403 509 dat
3447 454 3534 509 di-

317 537 438 602 δούς
460 556 473 570 ο
509 538 682 611 χαίρει
716 541 773 593 δὲ
819 541 1016 612 μᾶλλον
1062 542 1230 607 ἀξίοις
1256 541 1426 606 διδούς
1452 558 1464 570 ·
1504 543 1580 607 ὡς
1626 544 1723 614 τῆς
1757 542 1874 611 φιλ-

320 629 632 704 ανθρωπίας
671 632 867 703 τρόπον
902 633 1020 687 τινὰ
1066 634 1487 705 ἀτιμαζομένης,
1521 636 1568 686 εἰ
1615 635 1689 705 μὴ
1735 633 1871 704 πρὸς

317 721 664 794 εὐαισθήτους
701 725 968 793 γίγνοιτο·
1004 726 1224 795 εὐλόγου
1251 727 1307 780 δὲ
1346 726 1464 779 λίαν
1507 725 1872 795 ἀποφαινομέ-

317 827 434 882 νης,
468 813 516 864 εἰ
547 813 680 884 πρὸς
704 814 763 866 τὸ
787 814 1027 885 δέχεσθαι
1051 817 1142 869 τὸν
1166 816 1497 888 χορηγοῦντα
1528 816 1666 886 ὑπὲρ
1697 817 1872 868 πάντα

316 901 490 974 ἔχοιεν
515 905 563 956 οἱ
590 905 885 976 δεχόμενοι.

728 1018 853 1074 Car.
896 1018 1032 1075 XVI.
1072 1018 1218 1074 Hora
1255 1021 1572 1083 necessaria,
1602 1029 1656 1073 ut
1685 1018 1954 1073 nativitas.

382 1138 499 1194 Κᾶν
543 1137 723 1201 πόλεις
767 1138 824 1191 δὲ
867 1137 1273 1192 καταπίπτωσιν
1325 1138 1690 1208 ὲπιφυομένης
1742 1139 1866 1191 ἀσε-

315 1231 486 1294 ϐείας,
529 1225 616 1282 οἶα
654 1230 716 1299 δὴ
757 1229 848 1283 καὶ⁵
893 1228 1082 1301 πρώην
1127 1230 1220 1283 ἐπὶ
1271 1228 1366 1282 τοῦ
1411 1229 1528 1283 λίαν
1571 1229 1867 1299 ἀσεϐήσαν-

313 1341 403 1388 τος
423 1323 532 1394 (58)
565 1321 658 1374 καὶ
689 1321 795 1373 τῶν
819 1319 1048 1374 εἰδώλων
1074 1320 1173 1392 τὴν
1205 1321 1409 1392 πλάνην
1439 1321 1862 1392 ἀναμνήσαντος,

315 1414 588 1486 φθείρεται
637 1415 670 1484 ἡ
719 1412 978 1483 ἁμαρτία,
1023 1413 1116 1466 καὶ
1172 1413 1412 1482 μειοῦται
1461 1414 1493 1484 ή
1547 1411 1686 1466 κατά
1731 1410 1863 1464 Θεοῦ

316 1506 518 1576 πλάνηο
548 1505 774 1558 θανάτου
814 1504 871 1557 δὲ
912 1505 1052 1558 κατά
1094 1504 1251 1574 φύσιν
1285 1504 1444 1558 πλέον
1487 1503 1638 1557 οὐδὲν
1682 1503 1862 1572 γίγνε-

312 1615 432 1652 ταιο
467 1599 558 1651 καὶ
591 1598 786 1668 ἥκιστα
823 1597 990 1649 κακὸν
1018 1596 1080 1650 τὸ
1118 1596 1217 1666 τῆς
1258 1595 1405 1660 Θείας
1446 1597 1822 1668 ἐπιστρεφείας
1846 1613 1861 1626 ο

313 1690 613 1743 τούναντίον
657 1688 756 1759 μὲν
784 1684 895 1754 οὖν,
927 1688 1001 1751 ὡς
1032 1691 1088 1741 ὲν
1135 1688 1419 1760 φαρμάκου
1457 1688 1606 1752 εῖδει,
1633 1688 1860 1756 ἀγαθόν·

1970 543 2092 612 gnis
2123 562 2134 596 :
2179 550 2434 612 tanquam
2465 542 2770 614 benignitas
2803 560 2930 615 erga
2987 547 3233 600 homines
3265 545 3532 617 quodam-

1972 633 2133 686 modo
2193 633 2514 689 inhonorata
2569 636 2675 700 sit,
2747 635 2852 691 nisi
2915 639 3082 707 gratis
3135 644 3190 692 et
3254 635 3532 692 benevolis

1973 722 2283 778 hominibus
2319 724 2674 784 exhibeatnr;
2721 741 2840 795 quae
2869 728 3024 781 valde
3070 727 3266 782 rationi
3295 741 3529 781 consen-

1970 822 2128 868 tanea
2178 821 2310 869 tunc
2360 825 2602 885 apparet,
2629 831 2752 871 cum
2804 818 2840 872 ii
2891 819 2982 888 qui
3018 819 3159 874 bona
3211 819 3528 889 accipiunt,

1970 906 2224 961 omnibus
2253 907 2410 962 bonis
2456 909 2768 979 largientem
2804 921 3144 980 praponunt.

1989 1015 2135 1070 Hala
2159 1017 2412 1086 proﬁcere
2451 1034 2662 1073 rursum
2691 1019 3106 1076 demonstratur.

2038 1133 2104 1190 Et
2127 1134 2173 1190 si
2205 1134 2450 1190 civitates
2478 1135 2768 1190 concidant
2803 1145 2990 1190 exorta
3022 1135 3300 1206 impietate
3320 1177 3335 1201 ,
3385 1141 3528 1196 sicut

1967 1241 2140 1297 nuper
2159 1226 2406 1297 contigit,
2439 1241 2559 1282 cum
2609 1227 2699 1282 ille
2737 1227 3087 1297 impiissimus
3117 1229 3486 1287 dominaretur
3511 1270 3532 1296 ,-

1967 1323 2021 1369 et
2055 1331 2296 1370 errorem
2321 1316 2640 1371 idololatria:
2667 1319 2931 1373 recoleret
2967 1334 3029 1374 ac
3069 1330 3377 1384 renovaret,
3398 1338 3522 1391 pec-

1966 1415 2144 1460 catum
2179 1409 2508 1470 interimitur
2532 1449 2548 1473 ,
2602 1417 2656 1464 et
2709 1425 2866 1464 error
2921 1411 2976 1463 in
3008 1409 3174 1464 Deum
3219 1411 3523 1468 minuitur:

1968 1498 2102 1552 nihil
2150 1516 2278 1554 vero
2312 1502 2544 1571 amplius
2577 1502 2772 1557 accidit
2805 1519 2969 1572 quam
3025 1519 3171 1559 mors
3223 1509 3524 1562 secundum

1969 1596 2256 1658 naturam;
2285 1599 2339 1647 et
2387 1595 2532 1662 quod
2567 1593 2623 1647 ﬁt
2670 1593 2736 1649 ad
2788 1593 3024 1648 divinam
3073 1599 3521 1660 conversionem.

1968 1693 2306 1750 nequaquam
2327 1683 2525 1736 malum
2548 1693 2650 1749 est,
2672 1684 2764 1739 sed
2782 1693 2971 1738 contra
2997 1687 3179 1754 potius
3200 1688 3400 1742 bonum
3422 1698 3524 1753 est,

312 1780 476 1833 κακὸν
507 1780 562 1834 δὲ
587 1780 742 1850 μόνον
782 1779 842 1831 τὸ
874 1779 971 1849 τὴν
1019 1779 1395 1850 συμφέρουσαν
1422 1777 1724 1848 οἰκονομίαν
1762 1793 1859 1830 κα-

1961 1776 2218 1838 tanquam
2266 1771 2501 1840 speciem
2557 1772 2838 1828 medicina:
2892 1772 3118 1830 habens.
3163 1775 3359 1830 Malum
3397 1792 3524 1832 vero

313 1871 510 1934 κίζειν·
551 1873 578 1925 ὁ
622 1871 729 1941 γὰρ
757 1869 1092 1923 παιδοποιίαν
1123 1868 1418 1924 διαϐάλλων
1457 1870 1533 1934 ὡς
1573 1867 1866 1940 αὐξητικὴν

309 1963 409 2032 τῆς
467 1961 616 2032 ῦλης,
675 1955 847 2026 οὗτος,
907 1962 1132 2017 θάνατον
1190 1961 1382 2034 ἀθρόον
1435 1961 1544 2032 (39)
1605 1961 1863 2025 κακίζων,

310 2053 433 2108 νοῦν
459 2070 520 2121 γε
565 2052 898 2125 ἀνθρώπινον
933 2050 1020 2125 ἆρ’
1060 2053 1201 2124 ἔχειν
1243 2053 1307 2106 ἂν
1351 2052 1552 2123 δοκοίη,
1586 2051 1866 2122 μαχόμενα

311 2141 429 2195 λίαν
480 2143 652 2213 ἑαυτῷ
711 2143 1139 2214 φανταζόμενοςς
1196 2141 1332 2195 Ἀλλ’
1383 2141 1505 2194 οὐτε
1557 2139 1866 2193 παιδοποιία

311 2235 472 2303 κακὴ,
503 2235 563 2288 τὸ
591 2235 811 2299 ἀείζωον
841 2234 917 2305 τῷ
939 2234 1114 2306 θνητῷ
1139 2235 1284 2302 γένει
1310 2234 1556 2298 ποιοῦσα,
1582 2232 1674 2288 καὶ
1701 2249 1866 2304 προσ-

310 2326 522 2379 τεθεῖσα
553 2330 616 2398 τῇ
651 2326 978 2401 δημιουργίᾳ
1008 2327 1134 2390 τούς
1176 2325 1553 2396 γιγνομένους·
1604 2323 1726 2378 οὐτε
1772 2325 1866 2379 θά-

313 2434 487 2482 νατος,
516 2419 618 2472 κᾶν
649 2420 812 2483 πολὺς
853 2419 1062 2492 ἀθρόως
1092 2418 1426 2488 ἐπενεχθείη,
1468 2417 1720 2487 πονηρὸς,
1765 2418 1864 2471 οὐκ

313 2509 403 2561 ἐπὶ
445 2508 614 2579 ζημίᾳ
647 2509 784 2564 κατά
809 2509 1104 2580 ἀνθρώπων
1133 2510 1237 2562 ὐπὸ
1264 2510 1396 2563 Θεοῦ
1437 2509 1705 2579 κείμενος,
1749 2509 1862 2562 ἀλλ’

313 2601 398 2654 ἐπ’
443 2601 676 2672 ὠφελείᾳ
720 2606 783 2673 τῇ
830 2603 1107 2672 ἀνωτάτῳ,
1153 2602 1380 2665 δικαίοις
1424 2618 1485 2653 τε
1523 2602 1616 2654 καὶ
1657 2601 1862 2665 ἀδίκοις

309 2691 629 2765 ὡρισμένος.

378 2863 452 2918 Τδ
492 2863 549 2916 δὲ
600 2864 738 2918 κατά
785 2866 949 2937 μέρος
995 2866 1207 2938 ἑκάστῳ
1260 2867 1552 2938 συμϐαῖνον
1599 2866 1858 2936 φυσικῶς,

308 2954 465 3008 τοῦτο
503 2955 712 3021 πολλοῖς
752 2956 959 3026 ἀθρόως
1000 2959 1049 3011 εἰ
1088 2958 1334 3022 ἐπέλθοι,
1374 2958 1515 3013 κατὰ
1562 2959 1722 3028 φύσιν
1763 2959 1862 3030 μὲν

310 3046 508 3109 έπεισι,
550 3048 643 3100 καὶ
675 3047 834 3102 πλέον
867 3048 1017 3103 οὐδέν
1042 3066 1054 3079 ·
1089 3050 1324 3122 τοσούτῳ
1349 3051 1404 3104 δὲ
1430 3053 1488 3104 οὐ
1524 3052 1662 3106 κατὰ
1697 3053 1860 3123 μέρος,⁹

311 3136 531 3208 μείζονα
565 3137 656 3192 τοῦ
677 3140 1079 3210 οἰκονομοῦντος
1103 3142 1200 3213 τὴν
1232 3142 1552 3213 κηδεμονίαν
1584 3143 1858 3213 σημαίνει,

308 3231 418 3300 ὅσῳ
445 3231 504 3284 τὸ
539 3232 634 3302 μὲν
658 3232 808 3285 οὐδὲν
830 3235 1122 3306 τεκμήριον
1154 3235 1526 3307 κατακρίσεως
1548 3236 1654 3290 τῶν
1687 3236 1862 3306 ἁμαρ-

305 3321 568 3375 τανόντων
599 3322 738 3394 ἔχει’
778 3323 838 3378 τὸ
871 3325 928 3378 δὲ
965 3328 1031 3398 τῇ
1074 3327 1211 3381 κατὰ
1254 3328 1314 3380 τὸ
1353 3328 1670 3398 φαινόμενον
1699 3328 1863 3394 ἀγαν-

307 3414 553 3484 ακτήσει,
611 3418 736 3479 τοὺς
773 3415 869 3486 μὲν
899 3417 1258 3482 τελευτῶντας
1294 3419 1386 3473 τὸν
1423 3419 1705 3490 εἰρημένον
1758 3419 1862 3472 πά-

307 3501 397 3556 λαι
418 3507 615 3577 τρόπον
643 3509 936 3580 εὐεργετεῖ,
959 3511 1086 3574 τοὺς
1121 3510 1179 3564 δὲ
1207 3511 1414 3576 ζῶντας
1449 3511 1786 3582 ἐπιστρέφει.

373 3762 438 3816 Εἰ
467 3763 526 3816 δέ
550 3780 654 3827 τις,
693 3762 900 3818 πολλῶν
939 3766 1194 3830 πολλάκις
1222 3767 1477 3823 τοιούτων
1503 3771 1855 3841 γιγνομένων,

304 3855 540 3910 δείκνυσι
582 3856 670 3909 τὸν
699 3855 1032 3926 ἀνθρώπινον
1073 3858 1183 3928 βίον
1227 3862 1338 3922 τοῖς
1370 3861 1550 3923 αὐτοῖς
1595 3862 1860 3930 ἐμπλεκό-

308 3965 465 4019 μενον
491 3948 804 4020 ἀδικήμασι,
833 3949 1207 4020 παραπλήσιον
1228 3950 1348 4021 ἐμοί
1368 3965 1431 4020 γε
1453 3951 1598 4005 δοκεῖ
1634 3953 1856 4024 πάσχειν

305 4037 611 4101 ὀτοιοῦτος,
671 4039 724 4091 εί
776 4055 881 4102 τις,
940 4040 997 4094 ὲν
1046 4035 1262 4110 λίμναις
1312 4042 1404 4095 καὶ
1452 4041 1686 4117 θαλάττῃ
1732 4045 1859 4105 τοὺς

307 4130 492 4200 ἰχθύας
541 4130 703 4204 ὁρῶν,
735 4130 897 4185 οἴοιτο
929 4132 1028 4202 τὴν
1069 4132 1377 4204 ἀλιευτικὴν
1409 4135 1604 4208 τέχνην
1645 4136 1854 4206 ἀργεῖν,

302 4224 427 4286 τοὺς
455 4223 800 4296 θηρωμένους
842 4225 939 4296 οὐχ
981 4224 1139 4295 ὁρῶν,
1173 4226 1298 4290 τοὺς
1347 4225 1402 4280 δὲ
1432 4227 1758 4297 νηχομένους
1797 4230 1855 4280 ὲν

303 4318 415 4380 τοῖς
442 4315 595 4371 ῦδασι
642 4316 883 4388 βλέπων·
927 4319 960 4389 ἢ
1002 4316 1206 4390 ὥσπερ,
1253 4319 1306 4373 εί
1349 4336 1429 4384 τις
1476 4320 1700 4383 πολλοὺς
1753 4321 1852 4374 κά-

1966 1868 2174 1914 tantum
2203 1869 2304 1927 est,
2335 1861 2520 1917 utilem
2567 1861 2660 1917 Dei
2710 1863 3154 1935 gubernationem
3189 1867 3520 1937 improbare.

1964 1951 2068 2018 Qui
2119 1953 2265 2008 enim
2323 1956 2756 2024 procreationem
2816 1956 3110 2012 liberorum
3171 1958 3521 2028 reprehendit

1964 2053 2219 2116 tanquam
2267 2056 2551 2117 augentem
2606 2049 2908 2114 materiam,
2941 2065 3065 2104 cum
3121 2060 3350 2106 mortem
3399 2051 3522 2105 uni-

1963 2151 2172 2191 versam
2202 2137 2503 2206 improbet;
2538 2153 2606 2192 an
2632 2139 2923 2194 humanam
2954 2146 3187 2196 mentem
3211 2141 3410 2196 habere
3439 2143 3522 2196 vi-

1963 2228 2140 2290 detur,
2172 2227 2326 2283 valde
2378 2229 2481 2284 sibi
2511 2229 2610 2300 ipsi
2660 2231 3018 2302 repugnantia
3054 2232 3384 2303 cogitatione
3418 2234 3520 2287 (ιη-

1961 2319 2127 2387 gens?
2155 2318 2222 2371 At
2257 2333 2432 2388 neque
2477 2321 2781 2391 procreatio
2811 2323 2952 2376 mala
2981 2330 3087 2387 est,
3123 2339 3244 2393 qua:
3287 2325 3420 2380 facit
3459 2343 3519 2384 ut;

1965 2422 2133 2476 genus
2163 2407 2388 2462 mortale
2417 2422 2628 2478 semper
2655 2409 2822 2477 vivat,
2851 2418 2906 2467 et
2941 2412 3188 2482 adjungit
3237 2413 3304 2470 ad
3353 2414 3520 2470 fabri.

1961 2511 2080 2550 cam
2107 2497 2295 2552 mundi
2315 2512 2410 2552 eos
2429 2499 2520 2568 qui
2549 2507 2938 2568 procreantur;
2966 2517 3140 2571 neque
3163 2517 3308 2558 mors
3328 2520 3520 2574 quam-

1963 2587 2044 2642 vis
2065 2587 2314 2644 universe
2343 2588 2630 2652 inferatur,
2663 2592 2802 2644 mala
2825 2601 2938 2659 est;
2970 2608 3070 2648 nec
3110 2609 3139 2647 a
3173 2593 3282 2650 Dea
3311 2598 3518 2652 consti-

1962 2687 2096 2740 tuta,
2129 2685 2186 2732 ut
2213 2678 2461 2734 homines
2491 2679 2758 2749 iacturam
2791 2689 2845 2736 et
2867 2681 3124 2738 damnum
3160 2685 3382 2749 faciant,
3420 2688 3515 2741 sed

1962 2769 2029 2822 ad
2057 2769 2337 2824 utilitatem
2361 2786 2628 2827 summam
2653 2772 2817 2841 justis
2847 2782 2900 2829 et
2929 2773 3149 2844 iniustis
3169 2776 3390 2832 decreta
3411 2790 3512 2833 est.

2029 2857 2184 2925 Quod
2220 2868 2400 2916 autem
2431 2863 2724 2932 unicuique
2761 2866 3010 2933 privatim
3051 2866 3248 2921 accidit
3278 2875 3517 2921 natura-

1961 2946 2104 3006 liter,
2133 2946 2236 3001 hoc
2264 2947 2309 3002 si
2343 2949 2528 3006 multis
2559 2950 2846 3007 confertim
2890 2953 3164 3020 adveniat,
3193 2959 3517 3013 naturaliter

1961 3036 2178 3104 quidem
2225 3039 2528 3110 contingit;
2580 3040 2824 3113 nihilque
2885 3044 3118 3114 amplius
3169 3055 3293 3109 est,
3350 3065 3514 3118 quam

1961 3127 2104 3196 quod
2131 3127 2362 3199 singulis
2398 3131 2665 3203 contingit
2692 3152 2704 3188 :
2737 3133 2830 3190 sed
2853 3141 3003 3189 tanto
3037 3136 3296 3204 majorem
3325 3153 3514 3195 curam

1961 3219 2334 3287 gubernantis,
2375 3236 2535 3291 quam
2566 3224 2697 3278 illud
2722 3225 2868 3293 quod
2898 3226 3150 3294 privatim
3188 3229 3408 3292 accidit.
3437 3232 3512 3286 si-

1961 3310 2200 3376 grilicat,
2227 3321 2429 3380 quanto
2457 3313 2513 3367 in
2563 3313 2656 3368 illo
2709 3316 2921 3386 privato
2974 3317 3154 3372 minus
3209 3318 3394 3374 indicii
3430 3331 3516 3376 est

1955 3401 2148 3470 judicii
2175 3400 2340 3456 divini
2362 3403 2414 3458 in
2433 3405 2828 3474 delinquentes.
2862 3406 2974 3462 lloc
2994 3419 3174 3463 autem
3209 3411 3514 3480 generalius

1959 3501 2178 3561 propter
2202 3495 2439 3562 speciem
2463 3511 2624 3566 quam
2651 3497 2809 3553 habet
2839 3497 3036 3556 divinae
3069 3501 3184 3564 iraa,
3217 3504 3512 3560 morientes

1959 3583 2175 3652 quidem
2204 3584 2460 3642 beneﬁcio
2491 3585 2672 3650 allicit,
2704 3588 2846 3643 sicut
2893 3598 3018 3646 ante
3050 3593 3375 3662 explicatum
3404 3603 3509 3660 est,

1958 3675 2200 3731 viventes
2235 3692 2360 3732 vero
2387 3680 2670 3734 convertit.

2031 3765 2088 3820 Si
2117 3767 2240 3836 quis
2269 3782 2398 3822 vero
2431 3767 2672 3836 obiiciat,
2699 3767 2949 3839 quamvis
2996 3771 3166 3825 multa
3198 3771 3511 3842 hujus'nodi

1958 3873 2327 3928 saepenumero
2368 3858 2532 3926 ﬁant,
2582 3859 2934 3914 nihilominus
2985 3867 3166 3916 tamen
3220 3861 3512 3918 humanam

1958 3948 2128 4002 vitam
2159 3949 2361 4004 eisdem
2400 3949 2678 4005 maleﬁciis
2709 3951 3036 4021 implicatam
3071 3968 3195 4008 esse
3226 3955 3510 4022 similiter;

1959 4040 2044 4093 hic
2073 4039 2288 4109 quidem
2312 4040 2518 4108 judicio
2558 4057 2678 4096 meo
2709 4041 2858 4105 facit,
2907 4051 2967 4096 ut
3017 4044 3064 4104 si
3098 4046 3222 4116 quis
3254 4047 3429 4117 pisces
3455 4047 3512 4103 in

1958 4131 2078 4184 lacu
2122 4139 2216 4184 aut
2272 4133 2409 4185 mari
2460 4131 2688 4199 videns,
2719 4136 2994 4192 existimet
3045 4147 3217 4195 artem
3265 4141 3512 4210 piscandi

1955 4222 2185 4278 otiosam
2209 4230 2265 4278 et
2295 4223 2540 4279 inutilem
2591 4241 2747 4289 esse,
2793 4229 2921 4298 quia
2967 4230 3146 4301 pisces
3183 4238 3372 4301 captos
3401 4247 3511 4288 non

1953 4315 2120 4378 videt,
2144 4322 2393 4371 natantes
2419 4316 2475 4370 in
2506 4317 2662 4386 aquis
2702 4317 2882 4375 videt:
2917 4328 3010 4375 aut
3045 4322 3268 4392 perinde
3319 4331 3424 4386 est,
3454 4333 3513 4378 ut

305 4425 531 4478 μνοντας
567 4409 728 4480 ὁρῶν,
783 4411 945 4482 μηδὲν
995 4411 1093 4482 τὴν
1127 4412 1371 4482 ἰατρικὴν
1425 4414 1700 4484 ἐνέργειαν
1737 4414 1852 4484 οἰη-

1960 4407 2000 4457 si
2029 4405 2152 4474 quis
2181 4407 2380 4462 multos
2407 4417 2642 4478 aegrotos
2673 4423 2922 4471 cernens,
2948 4412 3282 4466 curationem
3315 4413 3508 4467 medici

302 4499 440 4570 θείη.

370 4593 584 4648 Πολλῶν
617 4594 726 4666 γάρ
752 4595 1220 4666 εὐεργετουμένων
1252 4597 1332 4660 εἰς
1356 4595 1632 4651 εὐσέϐειάν
1673 4615 1732 4650 τε
1761 4597 1853 4652 καὶ

299 4683 516 4755 ἀρετὴν,
546 4686 613 4740 δι’
639 4680 714 4741 ὧν
742 4686 889 4740 ἐστιν
915 4689 1005 4742 ὅτε
1043 4685 1112 4740 τά
1141 4686 1346 4757 φοϐερά
1384 4687 1513 4753 Θεὸς
1562 4689 1850 4758 οἰκονομεῖ.

297 4777 328 4828 ὁ
373 4776 634 4844 φιλαίτιος
672 4777 733 4832 τὸ
779 4779 878 4849 μὲν
922 4777 1348 4850 κατορθούμενον
1387 4781 1650 4850 ἀρνεῖται,
1691 4779 1753 4832 τὸ
1795 4780 1852 4834 δὲ

298 4869 594 4938 φιλόνεικον
619 4869 727 4923 τῶν
763 4870 972 4924 πολλῶν
998 4871 1077 4935 εἰς
1105 4870 1377 4943 ἁμαρτίαν
1411 4870 1674 4935 ὀνειδίζει.

364 5047 554 5101 Καίτοι
579 5045 757 5115 φαμὲν
779 5046 885 5099 οὐδ’
909 5047 1072 5116 ἡμεῖς
1106 5044 1479 5113 ἀναγκαστικά
1505 5047 1616 5107 τοῖς
1643 5044 1852 5108 πολλοῖς

294 5133 432 5193 εἶναι
454 5139 523 5191 τὰ
557 5135 801 5198 τοιαῦτα,
839 5135 954 5190 ἀλλ’
985 5137 1362 5210 ἀποτρεπτικά
1391 5136 1486 5192 τοῦ
1517 5138 1850 5210 ἁμαρτάνειν

293 5229 402 5289 τοῖς
445 5225 871 5296 εὐγνωμονοῦσιν
890 5242 906 5258 ·
938 5226 1134 5280 αὐτίκα
1166 5226 1302 5296 πρὸς
1331 5225 1508 5295 ὀλίγον
1536 5229 1850 5298 ὲπαγόμενα

290 5318 496 5387 ταχέως
545 5314 906 5384 ἀποπαύεται,
957 5319 1046 5374 ἵνα
1103 5321 1176 5390 μὴ
1229 5319 1481 5392 βιάσηται
1539 5321 1756 5390 μᾶλλον,
1812 5321 1845 5392 ἢ

362 5493 473 5564 (58)
535 5494 686 5549 Δίαν
736 5495 908 5551 ἀσεσ.
971 5493 1249 5551 lulianum
1311 5495 1630 5565 Apostalam
1691 5491 1844 5547 dicit.

288 5561 467 5703 Tu('33)
508 5631 774 5688 Θάνατον
792 5635 1034 5704 ἀθρόον.
1063 5632 1122 5689 Si
1149 5633 1295 5690 enim
1320 5634 1460 5689 mala
1489 5640 1573 5687 est
1601 5647 1848 5704 procrea-

288 5703 383 5767 tio,
419 5705 617 5758 malmn
640 5713 758 5758 erat
786 5703 1140 5760 Manicheum
1177 5712 1360 5759 natum
1393 5718 1536 5769 esse,
1567 5718 1675 5774 quo
1711 5703 1842 5757 nihil

1958 4497 2092 4553 nihil
2113 4513 2235 4554 esse
2262 4499 2575 4556 arbitretur.

2020 4585 2157 4640 Cum
2190 4588 2334 4642 enim
2365 4588 2517 4642 multi
2554 4589 2841 4660 proﬁciant
2867 4591 2936 4645 ad
2964 4591 3216 4662 pietatem
3247 4600 3303 4648 et
3329 4594 3507 4647 virtu-

1951 4688 2080 4738 tem.
2125 4679 2232 4734 illis
2279 4681 2727 4752 pertimescendis
2763 4695 2883 4751 quae
2911 4680 3052 4737 Deus
3086 4683 3378 4754 aliquando
3408 4701 3507 4741 sua

1951 4772 2341 4841 gubernatione
2361 4781 2648 4844 operatur;
2677 4774 2770 4844 qui
2797 4773 3121 4830 criminandi
3149 4777 3330 4831 studio
3352 4788 3505 4834 tene-

1949 4871 2061 4927 tur,
2089 4863 2232 4934 quod
2255 4864 2552 4935 perfectum
2576 4875 2660 4920 est
2688 4874 2868 4938 negat,
2889 4869 3098 4936 etquod
3125 4870 3277 4924 multi
3298 4871 3352 4925 in
3381 4886 3506 4940 pec-

1948 4967 2072 5012 cato
2093 4967 2500 5026 perseverantes
2525 4959 2882 5024 contendunt,
2911 4961 3223 5030 exprobrat.
3325 4961 3333 4966 ’

2019 5047 2180 5116 Atqui
2211 5063 2386 5118 neque
2403 5063 2504 5104 nos
2529 5047 2764 5104 dicimus
2795 5049 2990 5108 habere
3014 5053 3143 5108 talia
3172 5056 3279 5108 vim
3302 5068 3502 5124 cogen-

1949 5137 2002 5194 di
2031 5140 2252 5202 multos,
2283 5139 2377 5195 sed
2399 5141 2722 5197 dehortandi
2749 5159 2778 5196 a
2805 5151 3032 5213 peccato
3051 5153 3238 5215 gratos
3258 5155 3312 5202 et
3339 5146 3503 5200 bene-

1947 5229 2136 5291 volos;
2167 5245 2288 5300 quae
2309 5231 2373 5284 ad
2405 5231 2567 5288 breve
2595 5239 2807 5302 tempus
2834 5234 3068 5300 invecta,
3084 5236 3335 5292 celeriter
3351 5235 3504 5306 quie-

1947 5327 2130 5385 scunt,
2169 5335 2239 5377 ne
2285 5323 2460 5394 magis
2491 5324 2600 5378 vim
2630 5323 2874 5391 aﬂ‘erant,
2906 5343 3069 5397 quam
3100 5326 3354 5383 suasione
3383 5341 3503 5381 mu-

1947 5496 2051 5551 sibi
2075 5499 2468 5574 repugnantius
2495 5499 2678 5574 dicere
2707 5510 2938 5574 poterat.
2969 5503 3088 5574 ipse
3109 5503 3252 5559 enim
3279 5503 3502 5574 putabat

1948 5583 2008 5622 se
2048 5583 2230 5622 verum
2266 5569 2458 5634 dogma
2489 5569 2722 5627 tradere.
2757 5572 2959 5628 Docere
2994 5569 3176 5629 autem
3214 5569 3498 5630 veritatem

1949 5645 2008 5688 ut
2038 5639 2283 5709 putabat,
2309 5640 2434 5710 quis
2471 5640 2614 5702 dicat
2648 5643 2847 5698 malum
2874 5643 3034 5698 esse?
3055 5642 3131 5698 In.
