4064 6290
615 288 750 344 1167
1735 282 1871 338 Tl'l'l
1908 279 2336 337 BOSTRENSIS
2376 278 2681 336 EPISCOPI
3690 280 3800 338 1:68

610 408 730 458 teut
758 421 769 457 :
797 416 992 457 rursus
1013 416 1161 465 vero,
1176 416 1298 472 quae
1320 412 1478 457 erant
1505 401 1561 457 in
1586 403 1999 467 consuetudine,
2024 419 2180 459 exer—
2206 456 2215 468 ,

2206 414 2252 468 Α
2279 400 2455 455 πειθοῖ
2486 398 2799 473 μεταϐάλῃ·
2852 393 3008 461 αὖθις
3052 397 3107 450 δὲ
3150 397 3220 451 τά
3260 397 3460 469 συνήθη
3507 398 3801 457 πολιτεύεται

613 501 828 554 centur,
864 493 918 546 in
968 493 1166 562 quibus
1205 493 1424 558 animus
1456 501 1512 550 et
1562 495 1813 551 voluntas
1846 509 2039 550 eorum
2082 494 2175 565 qui

2278 491 2340 545 τὸ
2361 492 2578 562 δόκιμον
2608 492 2707 561 τῆς
2745 482 3055 559 προθέσεως
3089 492 3199 552 τοῖς
3231 488 3703 561 μεταϐαλλομένοις
3723 496 3800 565 ἐμ-

614 585 805 640 nmtati
836 593 981 649 sunt,
1009 592 1286 653 spectatur
1339 597 1394 641 et
1452 587 1807 656 exploratur.
1866 594 1926 640 ut
1982 586 2015 639 ii
2063 587 2177 640 sola

2279 580 2552 643 ποιοῦντα,
2585 582 2672 635 ἵνα
2695 581 2787 634 καὶ
2823 581 2990 651 μόνην
3011 580 3117 633 τῶν
3149 579 3555 650 ὑποδειγμάτων
3579 582 3668 652 τήν
3694 587 3777 657 μνή
3799 620 3801 626 ι

615 676 873 729 memoria
931 674 1301 743 exemplorum
1350 674 1722 730 inﬁrmitatem
1759 689 1912 728 suam
1951 673 2178 728 fulciant

2281 690 2389 753 μην
2426 674 2541 727 ἀντ’
2592 673 2913 743 ἐρείσματος
2959 672 3132 742 ἔχοιεν
3171 672 3269 741 τῆς
3315 672 3521 725 ἑαυτῶν
3563 673 3801 741 ἀσθενείας

613 778 668 820 ει
698 766 995 829 stabiliant,
1022 765 1114 836 qui
1155 775 1283 821 sunt
1310 767 1448 837 grati
1493 774 1549 820 et
1581 766 1740 837 aequi.
1774 765 1885 819 lmo
1924 780 2053 821 vero
2078 781 2178 835 po-

2276 767 2328 819 οἱ
2368 764 2723 838 εὐγνώμονες.
2763 766 2978 838 Ῥητέον
3007 766 3064 819 δὲ
3111 765 3330 836 μᾶλλον,
3370 766 3467 829 ὡς,
3498 768 3546 819 εί
3582 769 3684 829 καὶ,
3719 770 3802 824 τῶν

614 860 718 911 ιτιιε
757 857 1047 912 dicendum
1076 865 1194 922 est,
1248 859 1294 912 si
1325 872 1449 912 cum
1483 858 1612 911 talia
1651 859 1987 928 contingant,
2019 857 2179 927 pauci

2276 856 2530 913 τοιούτων
2565 856 2987 928 συμϐαινόντων,
3019 857 3187 925 ὀλίγοι
3227 858 3369 922 τινὲς
3422 859 3516 911 καὶ
3548 859 3803 933 εὐαρίθμηο

612 949 833 1020 quidam
864 956 918 1002 et
951 949 1108 1003 valde
1136 948 1246 1003 rari
1280 957 1408 1005 sunt
1451 950 1544 1020 qui
1598 950 1763 1004 vitam
1812 956 2060 1015 mutant;
2108 965 2178 1005 an

2275 966 2359 1003 τοι
2400 947 2755 1018 τυγχάνουσιν
2783 948 2831 999 οἱ
2868 945 3293 1017 διαμειϐόμενοι.
3330 944 3447 1009 πῶς
3490 945 3585 998 οὐκ
3624 946 3683 1001 ἂν
3725 950 3803 1001 ἐπ’

612 1056 719 1097 non
755 1041 923 1096 multo
956 1042 1079 1112 plus
1132 1040 1199 1095 ad
1243 1042 1540 1113 nequitiam
1583 1041 1844 1113 cogitatio
1897 1041 2177 1096 hominum

2280 1040 2479 1093 έδωκεν
2509 1039 2603 1091 ἐπὶ
2655 1038 2905 1092 πλεῖστον
2942 1037 3208 1108 πονηρίας
3247 1036 3356 1089 τῶν
3386 1036 3674 1110 ἀνθρώπων
3697 1039 3804 1094 ὁλο-

612 1130 929 1202 profecisset
948 1173 962 1197 ,
990 1133 1037 1187 si
1069 1147 1165 1203 per
1195 1133 1309 1188 haec
1334 1150 1456 1205 qua:
1486 1133 1774 1199 accidunt,
1813 1149 1920 1189 non
1952 1132 2101 1189 ﬁeret
2148 1147 2177 1186 a

2277 1132 2493 1203 γισμὸς,
2541 1131 2697 1202 εἴπερ
2746 1131 2779 1202 ή
2830 1129 2918 1184 διὰ
2965 1128 3072 1183 τῶν
3123 1129 3380 1184 τοιούτων
3426 1130 3697 1201 ἀποτροπή
3745 1130 3803 1203 μὴ

613 1226 849 1295 peccatis
880 1226 1167 1281 avocatio?

880 1226 1167 1281 avocatio?
2278 1224 2421 1278 ἐπίοι
2447 1241 2460 1289 ;

681 1316 835 1384 Quod
859 1318 904 1374 si
938 1317 1116 1375 nullus
1146 1319 1273 1373 hinc
1298 1317 1586 1373 utilitatem
1615 1324 1852 1388 caperet,
1884 1316 2026 1386 quod
2067 1315 2179 1385 qui-

2349 1315 2411 1367 Εί
2447 1313 2503 1367 δὲ
2534 1315 2643 1368 καὶ·
2670 1314 2856 1386 μηδεὶς
2891 1312 3134 1367 ἐντεῦθεν
3167 1312 3448 1383 ὠφελεῖτο,
3480 1314 3611 1385 ὅπερ
3636 1314 3802 1384 ἠλίθιον

611 1409 732 1464 dem
786 1409 991 1463 fatuum
1032 1415 1115 1464 est
1165 1409 1381 1475 dicere;
1435 1414 1718 1479 prmstaret
1780 1406 2176 1477 reprehendere

2277 1408 2468 1470 εἰπεῖν,
2503 1405 2709 1477 βέλτιον
2738 1406 3058 1477 ἀνθρώπους
3092 1406 3430 1477 ἐλέγχεσθαι,
3458 1407 3532 1470 ὡς
3560 1406 3682 1479 μηδὲ
3710 1407 3802 1462 τοῦ·

611 1502 882 1565 homines,
928 1500 1018 1570 qui
1048 1516 1148 1555 nec
1177 1500 1279 1554 hoc
1311 1499 1528 1570 quidem
1565 1498 1726 1553 modo
1760 1498 1938 1569 juvari
1968 1498 2174 1563 volunt,

2276 1515 2367 1552 τον
2387 1499 2476 1551 τὸν
2500 1497 2697 1568 τρόπον
2718 1497 3037 1563 ἐνδιδόντας,
3067 1498 3100 1570 ἢ
3129 1498 3262 1552 Θεὸν
3286 1499 3548 1570 ἀμελείας
3573 1498 3635 1553 ἂν
3660 1498 3802 1552 αἰτίαν

612 1606 773 1661 quam
801 1592 1014 1660 culpam
1036 1591 1371 1661 negligentiae
1397 1590 1451 1643 in
1476 1588 1643 1644 Deum
1673 1588 1990 1652 transferre,
2021 1588 2177 1659 quasi

2278 1589 2520 1660 ὑπέχειν,
2550 1589 2624 1653 ὼς
2664 1588 2858 1659 μηκέτι
2907 1588 3259 1661 ἐπιστρεφείᾳ
3292 1589 3587 1660 χρώμενον·
3626 1583 3666 1657 ᾧ
3695 1606 3800 1661 χρη-

614 1697 723 1736 ιιοιι
753 1682 986 1753 amplius
1038 1682 1220 1737 studio
1255 1681 1606 1738 convertendi
1641 1687 1873 1736 utentem
1901 1698 1916 1748 ;
1945 1695 2049 1751 qua
2090 1695 2177 1734 ra-

2280 1683 2429 1735 στέον
2463 1682 2603 1751 λόγῳ
2631 1681 2773 1734 κατά
2796 1681 2902 1735 τῶν
2932 1682 3006 1753 μὴ
3040 1681 3536 1753 ἐπαισθανομένων·
3563 1681 3704 1754 δῆλον
3720 1681 3801 1752 γὰρ

611 1773 761 1829 tione
795 1772 1052 1828 utendum
1087 1782 1172 1828 est
1216 1774 1272 1827 in
1311 1789 1405 1829 eos
1462 1773 1556 1844 qui
1588 1773 1793 1827 nullum
1834 1787 2052 1827 sensum
2092 1780 2177 1825 ta-
2210 1759 2216 1814 Ι

2210 1758 2252 1814 Β
2277 1776 2388 1837 τοῖς
2411 1773 2766 1843 εὐγνώμοσιν,
2789 1773 2863 1836 ὡς
2887 1775 2946 1826 οὐ
2979 1774 3137 1844 μόνον
3163 1773 3297 1846 πρὸς
3322 1774 3384 1826 τὸ
3410 1776 3647 1845 κρεῖττον
3672 1789 3800 1844 μετα.

614 1863 744 1916 lium
785 1864 1026 1934 capiunt.
1080 1862 1173 1918 Est
1213 1871 1392 1918 autem
1433 1873 1769 1933 compertum
1815 1862 1882 1917 iis
1927 1863 2018 1932 qui
2052 1868 2180 1916 sunt

2282 1864 2441 1935 ϐολῆς
2471 1868 2499 1918 ὁ
2531 1864 2692 1934 φόϐος
2724 1866 2866 1934 ἄγει,
2900 1865 3037 1920 ἀλλά
3062 1865 3157 1920 καὶ
3183 1869 3296 1929 τοῖς
3322 1865 3500 1929 ἄλλοις
3523 1865 3802 1937 ἀπορρήτοις

613 1954 750 2022 grati
783 1962 836 2009 et
863 1954 1024 2025 aequi,
1053 1971 1158 2010 non
1196 1956 1370 2008 solum
1402 1955 1616 2025 aliquos
1647 1953 1713 2008 ad
1747 1952 2037 2024 perfectam
2068 1969 2182 2009 mu-

1935 1962 2037 2007 tam
2068 1969 2182 2009 mu-
2287 1959 2427 2027 μειοῖ
2456 1957 2553 2029 τὴν
2583 1958 2717 2028 πρὸς
2747 1958 2957 2012 ἀδικίαν
2986 1957 3161 2029 ὁρμὴν
3191 1959 3285 2011 καὶ
3316 1957 3540 2029 τόλμαν.

600 2045 869 2101 tationem
921 2045 977 2099 in
1024 2046 1217 2101 melius
1252 2047 1569 2117 capiendam
1619 2055 1823 2101 metum
1882 2046 2179 2118 impellere,
2224 2047 2319 2101 sed
2350 2048 2471 2103 aliis
2513 2049 2675 2104 etiam
2731 2050 3031 2121 appetitum
3075 2060 3128 2106 et
3179 2050 3466 2105 audaciam
3510 2048 3576 2104 ad
3623 2044 3802 2116 injusti-

613 2141 740 2195 tiam
771 2139 984 2195 occulte
1007 2139 1351 2196 imminuere.

1609 2254 1740 2311 CAP.
1769 2254 1928 2312 XVII.
1973 2254 2185 2311 Creatio
2214 2255 2381 2310 noctis
2406 2264 2458 2309 ει
2494 2253 2849 2311 tenebrarum.

679 2370 976 2428 Veniamus
997 2369 1257 2440 deinceps
1282 2369 1353 2425 ad
1381 2371 1646 2426 rationem
1671 2370 1987 2436 creationis,
2017 2385 2182 2442 quam

2358 2369 2634 2441 Ἐλθωμεν
2659 2369 2722 2440 δὴ
2754 2368 2938 2423 λοιπὸν
2965 2368 3058 2422 καὶ
3095 2370 3174 2431 είς
3210 2367 3302 2421 τὸν
3334 2368 3464 2439 περὶ
3493 2367 3796 2440 δημιουργίας

611 2466 716 2520 isto
766 2461 1392 2535 planus-calumniatur;
1436 2476 1502 2515 ac
1551 2462 1787 2532 primum
1823 2463 1890 2518 de
1939 2464 2181 2518 tenebris

2283 2458 2437 2528 λόγον
2487 2461 2623 2528 πρὸς
2664 2460 2760 2513 τοῦ
2810 2459 3123 2522 ἀπατεῶνας
3169 2458 3688 2529 συκοφαντουμένης·
3728 2458 3797 2510 καὶ

611 2563 665 2609 ει
696 2562 857 2610 nocte
897 2554 1255 2622 inquiramus,
1299 2552 1444 2621 quod
1476 2553 1820 2622 potissimum
1861 2553 1963 2609 iste
2006 2563 2186 2610 mente

2286 2550 2496 2622 πρῶτόν
2514 2568 2578 2622 γε
2599 2554 2727 2623 περὶ
2754 2553 2975 2614 σκότους
2998 2552 3090 2604 καὶ
3112 2550 3303 2613 νυκτὸς
3333 2549 3677 2621 ἐξετάσωμεν,
3692 2549 3795 2616 ὅπερ

612 2655 845 2701 raecatns
872 2645 1181 2714 vituperat:
1215 2643 1470 2698 tenebras
1503 2643 1647 2696 enim
1677 2659 1797 2714 quae
1828 2643 1883 2696 in
1913 2650 2072 2699 nocte
2099 2658 2190 2714 ap.

2189 2689 2190 2694 η
2289 2642 2520 2713 μάλιστα
2562 2643 2774 2709 κακίζει
2820 2642 2917 2713 τὴν
2951 2642 3188 2696 διάνοιαν
3233 2643 3616 2713 ἐσκοτωμένος·
3648 2641 3794 2703 σκότος

614 2744 825 2805 parent,
853 2737 1068 2791 illarum
1112 2735 1456 2790 tenebrarum
1488 2732 1815 2790 Manichacus
1835 2734 2036 2805 cogitat
2061 2750 2184 2791 esse

2285 2736 2392 2806 γάρ
2421 2737 2478 2788 ἐν
2506 2736 2661 2790 νυκτὶ
2692 2735 3033 2807 φαινόμενον,
3064 2734 3271 2788 ἐκείνου
3301 2733 3398 2788 τοῦ
3433 2731 3789 2796 σκότουςόΜά-

614 2828 768 2898 quasi
794 2843 888 2898 per
921 2842 979 2883 se
1011 2827 1143 2894 sint,
1174 2825 1429 2896 intelligit
1459 2841 1581 2881 esse
1603 2826 1884 2891 indicium,
1920 2828 2040 2895 ejus
2072 2826 2182 2881 sci-

2280 2843 2376 2896 νης
2404 2821 2542 2880 εἶναι
2577 2826 2899 2896 φαντάζεται
2927 2826 3002 2891 ὡς
3034 2825 3113 2891 ὃν,
3136 2827 3438 2898 τεκμήριον
3467 2826 3557 2880 τοῦ
3592 2825 3657 2897 μή
3678 2826 3791 2886 ὕντος

614 2922 762 2983 licet,
790 2920 934 2990 quod
963 2933 1072 2973 non
1103 2926 1222 2985 est;
1258 2918 1408 2972 -nihil
1436 2919 1653 2988 penitus
1685 2920 1877 2975 videns
1897 2959 1913 2985 ,
1946 2935 2048 2974 nec
2088 2920 2177 2973 in-

2278 2916 2561 2987 λαμϐάνει,
2600 2917 2766 2989 μηδὲν
2787 2918 3067 2981 παντελῶς
3097 2917 3235 2988 μήτε
3266 2917 3500 2988 βλέπων,
3529 2919 3651 2989 μήτε
3674 2917 3788 2976 νοῶν,

616 3013 885 3082 telligens.
934 3008 1031 3066 sed
1072 3009 1140 3065 ad
1174 3009 1348 3064 instar
1378 3011 1505 3065 caeci
1538 3009 1777 3066 hominis
1814 3011 1870 3064 in
1923 3025 2011 3066 res
2039 3009 2221 3081 ipsasl

2211 3010 2257 3072 C
2285 3007 2420 3061 ἀλλά
2459 3008 2658 3076 τυφλοῦ
2701 3008 2856 3081 δίκην
2887 3010 2999 3073 τοῖς
3042 3010 3328 3080 πράγμασι
3371 3010 3686 3082 προσπταίων·
3721 3008 3790 3060 καὶ

615 3102 891 3160 offendens
921 3111 973 3157 et
1019 3101 1345 3168 incurrens;
1373 3109 1638 3171 vocatque
1673 3101 1943 3163 tenebras.
1975 3108 2029 3156 et
2061 3101 2178 3156 vel-

2282 3099 2437 3153 καλεῖ
2470 3100 2678 3167 σκότος,
2705 3101 2798 3154 καὶ
2822 3102 2983 3155 οἱονεὶ
3008 3101 3240 3172 φρίττει,
3271 3100 3347 3165 ὡς
3385 3102 3516 3173 μηδὲ
3546 3102 3683 3171 λόγου
3701 3100 3786 3154 656-

617 3199 691 3252 uti
741 3197 944 3260 horret,
996 3203 1056 3251 ut
1098 3212 1205 3250 non
1245 3210 1383 3266 opus
1432 3194 1630 3250 habeat
1674 3195 2062 3266 disputatione,
2114 3203 2174 3249 ut

2285 3207 2444 3261 μενος
2487 3191 2621 3262 πρὸς
2665 3191 2935 3257 ἀπόδειξιν
2974 3192 3074 3264 τῆς
3123 3192 3314 3246 ἑαυτοῦ
3360 3193 3700 3263 ψευδολογίας,
3733 3190 3786 3250 ὡς

615 3288 825 3343 falsitas
866 3287 1123 3342 doctrinae
1149 3286 1269 3356 ejus
1299 3285 1763 3357 argumentatione
1788 3284 2168 3350 concludatur,

2281 3281 2503 3336 αὐτόθεν
2533 3282 2950 3353 διαϐεϐοημένου
2981 3283 3304 3355 πράγματος
3334 3284 3398 3337 τὸ
3426 3284 3587 3354 ὄνομα
3620 3282 3783 3353 λαμϐά-

614 3387 677 3434 ut
708 3379 803 3450 qui
835 3393 1032 3434 nomen
1063 3377 1142 3433 rei
1169 3392 1200 3433 e
1238 3392 1298 3433 se
1326 3377 1442 3447 ipsa
1463 3376 1778 3447 vituperata:
1809 3387 2050 3445 usurpet.
2084 3374 2177 3430 Di-

2280 3387 2406 3427 νων.
2450 3371 2666 3441 Ῥητέον
2700 3372 2896 3437 τοίνυν,
2940 3371 3017 3436 ὡς
3059 3372 3216 3427 τοῦτο
3254 3373 3319 3444 δὴ
3369 3375 3553 3438 σκότος
3591 3373 3784 3427 καλεῖται

612 3469 842 3526 cendum
900 3481 1031 3537 ergo
1085 3476 1203 3530 est,
1261 3463 1444 3520 vocari
1492 3464 1710 3535 quidem
1750 3464 1850 3519 has
1897 3464 2172 3525 tenebras,

2282 3460 2399 3531 μὲν,
2428 3461 2488 3514 οὐ
2522 3460 2626 3532 μὴν
2662 3460 2932 3534 ὑφέστηκε
2965 3465 3085 3517 κατ’
3124 3465 3329 3519 οὐσίαν·
3373 3465 3719 3537 ἐπισυμϐαίνει
3742 3461 3784 3516 δὲ

612 3576 720 3615 non
748 3566 930 3613 tamen
962 3554 1261 3612 secundum
1293 3554 1654 3611 substantiam
1687 3553 1987 3609 exsistere:
2015 3551 2176 3607 adve-

2278 3551 2397 3606 καθ’
2431 3551 2642 3623 ἡμέραν
2669 3552 2763 3606 καὶ
2789 3553 3206 3625 ἀποσυμϐαίνει,
3229 3556 3690 3628 παρακολούθημα,
3713 3551 3783 3605 καὶ

612 3654 767 3706 ninnt
793 3651 959 3713 enim,
1008 3655 1062 3703 et
1093 3647 1355 3703 recedunt
1389 3644 1662 3716 quotidie,
1698 3652 1934 3714 suntque
1970 3658 2174 3700 conse-

2278 3642 2435 3706 σκιάς
2463 3642 2663 3712 τρόπον
2701 3642 2962 3714 ὑπάρχον·
2992 3644 3451 3720 δεδημιούργηται
3485 3647 3577 3718 μὲν
3606 3647 3697 3716 γάρ
3724 3642 3782 3703 είς

611 3751 845 3813 quentes
877 3741 933 3795 in
964 3738 1182 3795 modum
1213 3738 1451 3801 umbrae;
1486 3752 1596 3791 non
1636 3743 1764 3791 sunt
1810 3737 1955 3791 enim
1977 3743 2172 3791 creatae

2275 3733 2569 3788 ὑπόστασιν
2598 3734 2785 3798 οὐσίας
2813 3735 3082 3806 οὐδαμῶς,
3130 3736 3334 3809 κόσμου
3378 3740 3471 3794 καὶ
3505 3739 3779 3810 δημιουργη-

612 3852 710 3906 per
759 3852 818 3891 se
870 3843 928 3888 ut
968 3833 1297 3896 substantia,
1339 3842 1717 3901 nequaquam;
1753 3827 1956 3884 mundo
1990 3837 2168 3885 autem

2276 3825 2478 3889 θέντος,
2522 3825 2651 3880 σκιά
2683 3825 2956 3898 τυγχάνει·
2993 3827 3276 3899 ἄνθρωπος
3314 3830 3551 3884 τίκτεται
3589 3828 3674 3899 μὲν
3698 3823 3778 3893 γὰρ

608 3935 813 3984 creato.
866 3933 949 3979 est
975 3923 1185 3980 umbra.
1235 3912 1492 3976 Nascitur
1523 3918 1667 3975 enim
1703 3920 1884 3982 homo,
1940 3921 2034 3991 qui
2073 3935 2171 3990 per

2274 3916 2394 3970 καθ’
2429 3917 2641 3984 ἑαυτὸν,
2673 3918 3068 3991 παρακολουθεῖ
3102 3920 3160 3974 δὲ
3200 3920 3349 3993 αὐτῷ
3392 3922 3523 3994 πρὸς
3547 3921 3627 3975 τὸν
3655 3919 3777 3985 ὄγκοι

611 4035 670 4074 se
699 4030 815 4084 est;
845 4017 1088 4086 sequitur
1121 4021 1305 4068 autem
1341 4028 1465 4067 eum
1493 4012 1685 4067 umbra
1718 4010 2016 4066 secundum
2048 4027 2168 4065 mo-

2272 4009 2365 4063 τοῦ
2399 4009 2645 4081 σώματος
2671 4011 2706 4082 ή
2736 4012 2879 4066 σκιά·
2912 4014 3003 4066 καὶ
3026 4013 3084 4067 οὐ
3109 4013 3279 4081 δήπου
3302 4006 3775 4083 συγκατεσκευᾶωθαι

611 4109 714 4161 lem
746 4103 993 4174 corporis
1016 4144 1031 4166 ,
1062 4112 1116 4158 et
1143 4103 1455 4172 neutiquam
1479 4114 1602 4154 cum
1633 4114 1699 4153 eo
1738 4100 1857 4170 ipso
1904 4098 2168 4154 fabricata

2271 4101 2469 4166 δόξειεν
2500 4105 2559 4156 ἐν
2601 4102 2798 4173 ἑαυτῷ,
2844 4102 2958 4158 ἀλλ’
2999 4104 3375 4175 έπισυμϐαίνει
3420 4106 3550 4178 πρὸς
3589 4103 3675 4174 τήν
3705 4091 3774 4150 τοῦ

609 4204 715 4258 est,
752 4194 848 4249 sed
881 4193 1098 4248 advenit
1127 4199 1186 4246 ut
1217 4193 1379 4246 situm
1410 4199 1463 4245 et
1493 4190 1729 4243 locatum
1758 4199 1842 4244 est
1866 4204 2084 4259 corpus,
2113 4197 2167 4245 et

2275 4193 2522 4265 σώματος
2565 4194 2735 4258 θέσιν,
2778 4195 2870 4249 καὶ
2915 4196 3051 4267 πρὸς
3090 4196 3189 4267 τὴν
3226 4198 3319 4250 τοῦ
3352 4197 3525 4267 φωτὸς
3553 4189 3772 4263 περίοδον.

611 4294 670 4342 ιιι
695 4295 779 4342 est
805 4284 1026 4338 luminis
1053 4283 1315 4339 circuitus
1340 4289 1394 4335 et
1416 4280 1719 4335 conversio.
1753 4280 2029 4350 Siquidem
2061 4296 2167 4335 nox

2271 4284 2425 4339 Οὕτω
2453 4286 2516 4357 δὴ
2549 4287 2644 4341 καὶ
2691 4286 2786 4354 νὺξ
2817 4288 2907 4341 καὶ
2962 4288 3168 4351 σκότος,
3229 4286 3536 4353 σωματικοῦ
3586 4281 3667 4337 τοῦ
3706 4276 3774 4332 κό-

609 4388 664 4435 et
686 4378 940 4438 tenebrae,
974 4390 1097 4430 cum
1124 4375 1194 4430 sit
1226 4373 1460 4428 mundus
1486 4386 1801 4441 corporeus,
1827 4372 2167 4427 solummodo
2198 4385 2214 4439 ι

2198 4385 2242 4439 D
2271 4394 2408 4448 σμου
2457 4379 2653 4451 δηλαδὴ
2709 4381 3096 4451 τυγχάνοντος,
3150 4379 3602 4450 παρακολούθημα
3652 4372 3773 4443 μόνον

610 4484 737 4528 sunt
784 4476 1202 4538 consequentes,
1260 4480 1369 4519 non
1414 4471 1595 4518 autem
1636 4472 1765 4520 sunt
1798 4462 2076 4518 fabricatae
2116 4464 2171 4518 in

2169 4510 2171 4517 ι
2271 4469 2438 4533 ἐστὶν,
2468 4470 2528 4522 οὐ
2553 4470 2657 4540 μὴν
2682 4471 3160 4542 δημιουργήματος
3186 4471 3385 4542 τρόπον
3412 4467 3649 4528 οὐσιῶδες
3676 4474 3774 4516 κατ’

610 4564 828 4619 modum
860 4557 1179 4618 substantia:
1206 4564 1420 4612 creataa.

1006 4557 1179 4614 Lamia:
1206 4564 1420 4612 creata.
2271 4562 2611 4616 εσκεύασται.

676 4650 812 4704 Cum
834 4649 975 4704 enim
1006 4647 1087 4701 sol
1115 4647 1366 4703 diurnum
1396 4660 1615 4701 cursum
1646 4645 1894 4708 absolvit,
1920 4653 1973 4699 et
2006 4646 2172 4700 verti-

2165 4675 2172 4686 -
2339 4653 2444 4707 Τοῦ
2466 4653 2573 4725 γάρ
2592 4653 2742 4724 ήλίου
2759 4652 2850 4707 τὸν
2872 4652 3228 4724 μεθημερινὸν
3244 4652 3437 4726 δρόμον
3458 4647 3770 4720 περαίνοντος.

609 4749 701 4794 tur
745 4741 810 4793 ad
859 4753 1108 4794 recessus
1149 4736 1416 4808 proprios,
1448 4750 1670 4791 necesse
1697 4744 1781 4790 est
1813 4751 1875 4790 ea
1898 4750 2017 4805 quae
2043 4743 2171 4791 sunt

2166 4751 2171 4787 ι
2269 4744 2406 4816 πρὸς
2430 4744 2487 4797 δὲ
2517 4746 2614 4808 τὰς
2642 4744 2773 4809 ιδίας
2801 4744 3173 4816 ἀναχωρήσεις
3208 4743 3556 4816 τρεπομένου,
3594 4735 3674 4791 τοῦ
3701 4729 3771 4785 κά·

610 4831 752 4885 intra
804 4830 1081 4893 mundum,
1149 4830 1332 4883 omnia
1383 4826 1708 4890 inumbrari,
1763 4842 1886 4880 cum
1916 4827 1989 4882 sit
2012 4835 2168 4882 extra

2166 4872 2168 4879 ι
2272 4854 2408 4908 σμου
2450 4837 2516 4891 τά
2552 4836 2701 4900 ἐντὸς
2744 4836 3047 4904 ἐπάναγκες
3081 4835 3292 4890 ἅπαντα
3333 4831 3658 4899 σκιάζεσθαι,
3692 4821 3771 4888 ἔξω

610 4923 754 4995 quod
797 4921 1085 4985 illuminat,
1120 4923 1199 4976 sic
1250 4921 1358 4976 Deo
1402 4921 1614 4976 volente
1651 4938 1664 4973 :
1700 4934 1919 4985 causas,
1961 4934 2058 4972 cur
2094 4919 2167 4972 ita

2164 4954 2167 4971 ι
2266 4928 2617 4997 τυγχάνοντος
2657 4924 2747 4979 τοῦ
2792 4925 3130 4996 φωτίζοντος,
3170 4925 3309 4979 οὔτω
3345 4926 3406 4995 δὴ
3450 4922 3576 4978 Θεοῦ
3619 4915 3769 4990 βουλη-

612 5011 860 5075 voluerit,
888 5011 1048 5079 paulo
1080 5020 1201 5080 post
1235 5025 1331 5080 pro
1361 5011 1568 5067 viribus
1601 5010 1863 5066 dicemus.
1894 5008 2030 5063 illud
2064 5017 2170 5064 sta-

2163 5039 2170 5048 ’
2268 5020 2477 5082 θέντος,
2515 5018 2581 5071 δι’
2622 5018 2688 5081 ἀς
2734 5019 2911 5081 αἰτίας
2955 5018 3146 5090 μικρὸν
3189 5017 3412 5090 ὕστερον
3449 5017 3521 5078 ὡς
3555 5009 3768 5078 δυνάμεις

610 5107 707 5161 tim
741 5102 1026 5160 dicendum
1068 5113 1169 5167 est,
1210 5119 1330 5172 quae
1362 5104 1560 5159 habent
1597 5102 1795 5156 molem
1846 5117 2163 5173 corpoream

2161 5133 2163 5155 ι
2265 5110 2516 5184 ἐροῦμεν·
2565 5110 2761 5165 αὐτίκα
2802 5111 2896 5163 καὶ
2929 5109 3046 5180 μεθ’
3080 5109 3291 5180 ἡμέραν
3326 5108 3459 5178 πρὸς
3490 5104 3547 5157 τὸ
3573 5093 3766 5154 ἀντικεί-

609 5197 843 5253 interdin
878 5197 931 5249 in
977 5195 1305 5249 contrariam
1343 5204 1546 5265 partem
1578 5195 1800 5249 luminis
1853 5196 2014 5265 positi
2046 5209 2165 5251 um-

2160 5223 2165 5235 '
2268 5218 2426 5273 μενον
2461 5202 2622 5272 μέρος
2649 5200 2747 5270 τῆς
2771 5199 2864 5253 τοῦ
2884 5201 3058 5267 φωτὸς
3087 5199 3307 5263 θέσεως,
3335 5199 3403 5253 τά
3428 5197 3666 5267 ἀνέχοντα
3684 5184 3765 5242 τῶν

609 5290 736 5344 bras
777 5290 999 5355 jacere;
1047 5295 1103 5339 et
1144 5284 1467 5339 transfertur
1503 5286 1665 5341 simul
1704 5301 1830 5340 cum
1866 5287 2068 5342 lumine
2104 5288 2161 5341 in

2160 5334 2161 5338 η
2266 5292 2587 5363 σωματικῶν
2618 5291 2793 5360 ὄγκων
2820 5291 3175 5363 παραπέμπει
3208 5291 3309 5354 τὰς
3351 5290 3520 5353 σκιὰς,
3554 5285 3637 5340 καὶ
3660 5292 3765 5346 cui“

606 5380 936 5436 contrarium
971 5378 1198 5441 umbra;
1245 5385 1298 5429 et
1328 5376 1415 5429 ubi
1445 5385 1527 5430 est
1566 5392 1739 5447 usque
1772 5377 1838 5431 ad
1886 5376 2160 5433 meridiem

2154 5396 2160 5430 ι
2264 5382 2575 5454 μεταϐαίνει
2602 5381 2679 5452 τῷ
2714 5382 2852 5451 φωτὶ
2886 5382 3022 5450 πρὸς
3062 5382 3367 5436 τούναντίον
3400 5383 3431 5451 ή
3460 5378 3594 5432 σκιά·
3619 5365 3759 5454 καὶῷ

607 5472 708 5536 sol,
756 5471 830 5527 ibi
867 5478 950 5525 est
974 5476 1095 5540 post
1124 5466 1400 5522 meridiem
1447 5467 1656 5520 umbra.
1698 5466 1796 5521 Ubi
1828 5472 2006 5522 autem
2043 5484 2161 5522 um-

2152 5498 2161 5508 '
2264 5450 2362 5543 ίιέν
2382 5473 2486 5535 ἕως
2508 5450 2850 5542 μεσημϐρίας
2873 5471 3042 5540 ἥλιος,
3069 5469 3205 5541 μετά
3222 5471 3424 5524 ταύτην
3439 5468 3626 5536 γίνεται
3645 5450 3757 5511 atad"

607 5568 702 5617 bra
731 5572 852 5634 post
886 5561 1185 5623 meridiem,
1221 5561 1302 5615 sol
1336 5569 1417 5615 est
1451 5567 1570 5630 post
1607 5560 1768 5615 hunc.
1802 5559 2005 5615 Umbra
2031 5577 2160 5617 vero

2154 5584 2160 5609 ι
2260 5567 2293 5634 ή
2321 5563 2377 5617 δὲ
2403 5563 2528 5617 σκιὰ
2553 5562 2669 5632 μεθ’
2692 5565 2724 5631 ή
2733 5563 2797 5632 μέ
2807 5579 2921 5633 ραν,
2945 5563 3038 5616 καὶ
3064 5565 3123 5615 οὐ
3146 5561 3417 5622 παντελῶς
3441 5558 3629 5617 σκότος·
3647 5552 3759 5602 ἐπει·

606 5655 800 5710 diurna
839 5655 1030 5708 umbra
1076 5662 1177 5718 est,
1228 5660 1414 5708 etnon
1461 5653 1681 5709 omnino
1711 5653 1976 5719 tenebrae;
2030 5653 2154 5723 quia

2153 5699 2154 5704 η
2257 5653 2318 5723 δὴ
2351 5654 2411 5706 τδ
2439 5653 2686 5723 περιέχον
2715 5653 3046 5723 πανταχόθεν
3078 5652 3314 5723 ἀνεῳγὸς
3335 5652 3427 5706 καὶ
3458 5651 3561 5711 τοῖς
3584 5636 3758 5705 σκιαζο-
