4064 6290
334 438 465 495 1169

1371 437 1736 492 ADVERSUS
1772 431 2192 488 MANICUAZOS
2230 429 2356 484 LIB.
2400 427 2462 483 ll.

3425 421 3562 476 “70

329 555 512 622 μένοις
539 555 720 615 τόποις
738 551 832 606 τοῦ
861 554 1095 621 φέγγους
1121 555 1346 625 παρέχει
1371 555 1464 625 τὴν
1499 557 1798 626 μετουσίαν.
1827 555 1864 607 Ε

1989 551 2132 622 quod
2160 554 2399 605 continet
2427 561 2547 602 cum
2577 545 2648 600 sit
2677 543 2914 612 nudique
2937 549 3204 613 apertum,
3237 541 3373 597 locis
3394 543 3559 595 etiam

326 643 455 711 γοῦν
477 638 622 695 οἶκόν
647 659 767 697 τινα
795 643 1011 706 τελείως
1043 643 1402 707 ἀποκλείσεις,
1429 644 1504 706 ὡς
1539 646 1668 716 μηδὲ
1703 645 1891 714 στενὴν

325 732 455 800 γοῦν
487 732 688 786 εἴσοδον
715 733 1030 788 καταλιπεῖν
1061 733 1137 804 τῷ
1179 736 1316 802 φωτὶ
1353 735 1520 806 αύτῷ,
1564 737 1731 789 νύκτα
1770 754 1889 788 ποι-

325 825 479 894 ήσεις
503 825 597 876 καὶ
627 825 683 876 ἐν
711 824 1044 896 μεσημϐρίᾳ.
1073 823 1242 877 Τοῦτο
1271 825 1334 897 δὴ
1364 828 1459 880 καὶ
1483 829 1540 881 ἐν
1565 829 1717 881 νυκτὶ
1742 827 1889 896 γίνε-

326 931 414 967 ται
449 915 584 984 πρὸς
612 917 737 982 τοὺς
771 916 932 980 ίδίους
962 916 1170 988 χώρους
1196 917 1348 988 ἡλίου
1377 921 1687 990 γενομένου.
1724 921 1888 973 Ὥστε

325 1006 358 1073 ἡ
384 1003 478 1068 νὺξ
517 1005 770 1076 στέρησις
799 1005 864 1059 ἂν
895 1007 977 1077 εἴη
1013 1006 1205 1076 φωτός.
1247 1009 1420 1062 Μάθοι
1443 1009 1487 1063 δ’
1525 1012 1589 1065 ἄν
1616 1029 1697 1074 τις
1728 1012 1889 1080 σαφέ-

326 1112 512 1166 στερον
555 1097 616 1148 τὸ
658 1097 954 1166 γινόμενον,
990 1100 1036 1151 εί
1081 1103 1338 1170 νοήσειεν,
1389 1101 1465 1165 ὡς
1501 1103 1558 1154 ἐν
1586 1105 1740 1157 νυκτὶ
1786 1103 1884 1173 μέν

324 1185 439 1237 ἐστί
459 1201 560 1238 που
584 1185 850 1256 διαμένων
880 1187 971 1239 καὶ
1001 1187 1258 1260 ὑπάρχων
1281 1191 1309 1241 6
1333 1190 1501 1260 ἥλιος,
1527 1191 1643 1262 μεθ’
1672 1192 1884 1262 ἡμέραν

321 1275 380 1327 δὲ
415 1276 647 1348 οὐδαμοῦ
681 1278 742 1331 τὸ
787 1279 993 1343 σκότος,
1043 1279 1177 1334 ἀλλὰ
1224 1281 1498 1345 παντελῶς
1539 1283 1884 1353 διαλυόμενον

322 1366 660 1433 ἀφανίζεται.
691 1368 853 1421 ’Ὥστε
883 1369 1058 1438 φωτὸς
1091 1370 1190 1440 μὲν
1218 1371 1436 1440 γέγονεν
1459 1374 1633 1439 οὐσία,
1661 1375 1882 1440 σκότους

321 1457 378 1509 δὲ
409 1458 675 1529 οὐδαμῶς.

1989 659 2108 712 qua:
2141 642 2385 696 umbram
2412 639 2632 703 habent,
2683 637 2884 706 praebet
2933 635 3158 690 luminis
3187 635 3566 704 participatio-

1991 749 2134 788 nem.
2191 732 2373 802 Itaque
2419 731 2464 786 si
2509 730 2728 784 domum
2776 728 3085 797 quampiam
3131 742 3199 781 ex
3233 727 3378 780 omni
3409 738 3563 796 parte

1986 824 2122 879 bene
2155 822 2395 882 claudas,
2444 828 2498 876 et
2523 836 2696 891 neque
2727 819 2812 874 vel
2846 826 3114 887 angustus
3159 817 3340 871 aditus
3371 816 3562 869 lumini

1986 917 2345 985 relinquatur,
2383 921 2596 968 noctem
2643 912 2841 968 efﬁcies
2871 912 3034 967 etiam
3066 911 3119 964 in
3167 908 3409 964 meridie.
3448 907 3562 960 lloe

1989 1013 2171 1059 autem
2204 1004 2261 1057 ﬁt
2315 1004 2369 1057 in
2401 1010 2580 1067 nocte,
2615 1002 2730 1056 sole
2766 1001 2886 1053 loca
2917 1013 3014 1054 sua
3057 996 3327 1050 ambiente
3371 1003 3425 1048 et
3454 994 3561 1047 cir-

1993 1100 2307 1148 cumeunte.
2353 1089 2506 1146 Unde
2546 1106 2650 1143 nox
2694 1097 2778 1144 est
2817 1087 3048 1159 privatio
3094 1085 3334 1140 luminis.
3375 1081 3561 1136 Potest

1993 1191 2171 1238 autem
2211 1184 2313 1238 hoc
2349 1182 2494 1253 quod
2527 1181 2603 1246 ﬁt,
2640 1180 2843 1236 clarius
2884 1179 3112 1250 percipi,
3147 1177 3192 1232 si
3231 1175 3355 1246 quis
3381 1174 3562 1228 consi-

1991 1274 2166 1334 derat,
2196 1273 2396 1327 alicubi
2437 1287 2562 1326 esse
2594 1281 2647 1326 et
2685 1286 2907 1326 manere
2951 1277 3116 1324 noctu
3153 1267 3344 1329 solem,
3391 1265 3563 1319 inter-

1988 1364 2081 1418 diu
2113 1380 2239 1419 vero
2288 1379 2555 1434 nusquam
2589 1379 2709 1418 esse
2751 1363 3023 1428 tenebras,
3065 1359 3161 1416 sed
3189 1358 3407 1430 penitus
3432 1357 3548 1411 dis-

1988 1459 2125 1512 solvi
2171 1467 2225 1512 et
2273 1459 2414 1512 tolli.
2456 1455 2636 1522 Quare
2672 1453 2979 1510 substantia
3012 1451 3232 1506 luminis
3278 1448 3419 1504 facta
3449 1456 3557 1516 est,

1986 1564 2096 1602 non
2145 1556 2325 1604 autem
2358 1548 2728 1604 tenebrarum.

1052 1653 1181 1708 CAP.
1227 1653 1410 1709 XVlll.
1457 1655 1644 1710 Noctis
1673 1659 1972 1712 necessitas.
2008 1656 2276 1712 Utilitales
2301 1673 2366 1712 ea:
2388 1675 2450 1712 ea
2483 1658 2818 1727 proﬂuentes.

370 1763 694 1835 Sxmm‘téov
747 1765 793 1818 δ’
843 1766 992 1836 ὅμως
1044 1769 1236 1831 νυκτὸς
1287 1770 1409 1822 ὅσον
1458 1770 1518 1822 τὸ
1568 1772 1878 1839 ἀναγκαῖον.

2059 1772 2526 1828 Considerandum
2575 1787 2706 1827 vero
2759 1778 2864 1834 est,
2927 1784 3089 1841 quam
3139 1768 3210 1824 sit
3243 1770 3549 1824 necessaria

322 1856 508 1909 Ἔστιν
553 1857 832 1911 ἀνάπαυλα
882 1858 1094 1931 πρῶτον
1144 1862 1296 1932 κοινὴ
1340 1864 1452 1926 τοῖς
1483 1865 1679 1917 πᾶσιν
1715 1867 1743 1917 6
1774 1865 1864 1935 γὰρ

1984 1880 2111 1918 nox.
2161 1864 2433 1929 Primum,
2489 1873 2572 1920 est
2619 1864 2930 1919 communis
2979 1863 3199 1932 requies
3260 1861 3545 1926 omnibus;

319 1944 439 2016 μεθ’
473 1947 685 2018 ἡμέραν
713 1947 877 2012 ὕπνος
908 1950 970 2002 τὸ
1005 1952 1298 2020 ἀναγκαῖον
1329 1954 1426 2024 τῆς
1457 1953 1648 2016 νυκτὸς
1680 1953 1876 2024 μᾶλλον

315 2036 760 2108 παραδείκνυσιν,
809 2035 876 2111 ἧς
924 2057 988 2110 γε
1036 2043 1288 2104 τοσοῦτος
1341 2045 1598 2114 ὑπάρχων
1632 2047 1660 2097 6
1689 2045 1878 2115 χρόνος

315 2129 414 2199 οὑχ
461 2130 639 2194 ἱκανὸς
678 2131 1040 2187 διαναπαῦσαι
1079 2133 1177 2197 τὰς
1221 2135 1499 2206 αἰσθήσεις
1543 2135 1871 2206 ἀνθρώποις·

318 2222 408 2273 καὶ
439 2221 530 2274 τοῦ
568 2223 665 2290 μὲν
716 2223 832 2292 μεθ’
860 2223 1069 2295 ἡμέραν
1107 2225 1276 2285 ,ὕπνου
1321 2227 1417 2279 ούκ
1461 2227 1547 2298 ἴση
1593 2230 1704 2291 τοῖς
1742 2231 1874 2281 πᾶσι

319 2315 538 2384 μετοχή·
567 2315 627 2366 τὸ
654 2315 710 2367 δέ
747 2317 803 2369 ἐν
835 2318 990 2370 νυκτὶ
1018 2317 1214 2384 κοινὸν,
1253 2319 1343 2372 καὶ
1380 2319 1576 2390 ἐπίσης
1602 2322 1714 2382 τοῖς
1740 2322 1873 2373 πᾶσι

314 2408 411 2477 τῆς
440 2407 842 2474 διαναπαύσεως
883 2410 944 2463 τὸ
984 2410 1200 2481 μέτρον,
1250 2412 1350 2465 οὐκ
1399 2410 1520 2480 ἔχον
1561 2411 1872 2482 ἀνωμαλίαν

316 2497 451 2568 πρὸς
483 2499 549 2552 τὰ
580 2498 807 2569 βιωτικὰ
833 2501 1292 2572 πλεονεκτήματα.
1325 2503 1502 2575 Ὅπερ
1526 2504 1624 2556 οὐκ
1655 2503 1871 2557 ἔλαττον

312 2588 411 2658 τὴν
444 2589 662 2658 ἰσότητα
695 2590 787 2644 τοῦ
811 2593 885 2662 Δη
895 2592 1148 2662 μιουργοῦ
1173 2593 1247 2655 ὡς
1274 2592 1408 2662 πρὸς
1429 2592 1485 2645 ἓν
1507 2593 1664 2660 γένος
1687 2594 1745 2653 τὸ
1765 2593 1871 2647 τῶν

311 2679 610 2750 ἀνθρώπων
651 2682 1001 2753 μαρτύρεται.
1037 2683 1263 2735 Ἔπειτα
1303 2684 1351 2735 εί
1382 2684 1669 2747 διαπαντὸς
1697 2686 1872 2756 ὑπῆρ-

310 2788 404 2840 χεν
443 2772 623 2844 ήμέρα
652 2773 962 2827 ἀδιάδεκτον
997 2773 1194 2844 ἔχουσα
1238 2775 1297 2828 τὸ
1339 2774 1630 2846 διάστημα,
1665 2776 1763 2829 οὐκ
1804 2776 1870 2831 ἂν

309 2864 585 2935 ἐμετρήθη
626 2865 815 2936 χρόνος
865 2867 943 2928 είς
993 2866 1130 2938 μέρη
1180 2866 1252 2937 μὴ
1299 2866 1651 2937 τετμημένος.
1705 2867 1770 2919 Ἢ
1811 2866 1868 2919 δέ

308 2955 428 3008 καθ’
447 2956 659 3028 ἡμέραν
685 2958 779 3011 τοῦ
812 2959 1003 3030 χρόνου
1032 2959 1171 3030 τομὴ
1197 2959 1285 3012 διὰ
1306 2959 1412 3012 τῶν
1437 2961 1637 3031 μορίων
1665 2959 1867 3015 τούτων

307 3047 756 3120 καταριθμεῖσθαι
791 3054 947 3104 ποιεῖ·
984 3051 1150 3122 χωρὶς
1192 3050 1248 3106 δὲ
1291 3051 1482 3122 χρόνου
1527 3051 1868 3120 διαγνώσεως

305 3140 498 3208 ἄλογος
527 3141 592 3194 ἂν
618 3144 674 3194 ἐν
706 3145 818 3206 τοῖς
842 3142 1048 3196 πλείοσι
1087 3144 1304 3212 γέγονεν
1339 3143 1640 3215 ἀνθρώποις
1667 3146 1695 3198 6
1731 3144 1861 3215 βίος·

305 3233 366 3285 τὺ
392 3233 448 3286 δέ
479 3235 542 3305 δὴ
585 3237 784 3306 μεῖζον,
824 3237 922 3288 οὐκ
954 3235 1019 3289 ἂν
1057 3237 1230 3305 φωτὸς
1271 3236 1490 3305 γέγονεν
1543 3235 1861 3299 ἀπόλαυσις,

308 3325 530 3389 σκότους
562 3326 634 3397 μὴ
669 3329 1072 3400 παρακειμένου
1104 3328 1193 3380 τὸν
1234 3327 1518 3398 εἰρημένον
1546 3327 1743 3398 τρόπον
1776 3347 1865 3380 νυ-

305 3415 575 3486 κτερινοῦ.
618 3416 737 3482 Φῶς
774 3419 881 3490 γὰρ
912 3419 1217 3490 σωματικὸν
1247 3420 1606 3484 ἀδιάλειπτον,
1643 3421 1752 3475 οὐδ’
1783 3422 1863 3475 δτι

304 3505 420 3572 φῶς
446 3509 611 3571 ἐστιν,
639 3509 880 3581 ἐγνώσθη
907 3510 988 3564 ἄν·
1023 3511 1157 3582 πρὸς
1189 3511 1297 3584 γὰρ
1321 3513 1719 3584 ἀντιδιαστολὴν
1742 3513 1864 3566 σκό-

303 3611 426 3659 τους
457 3597 570 3666 φῶς
602 3598 911 3669 ὠνόμασται
955 3603 1047 3655 καὶ
1091 3603 1255 3656 ἐστίν.
1293 3605 1405 3656 Οὐκ
1437 3604 1502 3657 ἂν
1532 3600 1624 3657 οὖν
1656 3605 1866 3674 θαυμα-

304 3686 428 3737 στόν
459 3704 512 3740 τι
549 3685 636 3754 ἦν,
679 3690 754 3753 ὡς
783 3691 896 3743 ἔστι
929 3692 1312 3764 δημιούργημα
1340 3694 1527 3762 φανὲν,
1565 3697 1612 3747 εί
1655 3697 1796 3764 μήγε
1827 3697 1858 3766 ή

300 3774 450 3842 θέσις
473 3778 566 3832 τοῦ
597 3779 876 3844 δοκοῦντος
903 3783 1229 3836 ἀντικεῖσθαι
1259 3785 1643 3853 παρεδείκνυεν
1671 3785 1818 3837 αὐτό.

1981 1972 2206 2012 somnus
2263 1958 2409 2012 enim
2441 1958 2673 2012 diurnus
2729 1956 2903 2026 magis
2945 1955 3325 2010 necessitatem
3371 1950 3548 2007 noctis

1978 2047 2240 2109 declarat,
2297 2048 2456 2116 cujus
2501 2048 2718 2117 quidem
2766 2057 2979 2115 tempus
3010 2053 3119 2098 tam
3172 2044 3389 2114 longum
3435 2057 3546 2098 non

1976 2135 2174 2190 suﬂicit
2229 2138 2565 2202 hominibus,
2626 2145 2747 2192 uta
2800 2137 3052 2191 sensibus
3089 2135 3460 2205 requiescant,
3490 2143 3546 2191 et

1975 2225 2232 2281 diurnum
2282 2243 2532 2283 somnum
2581 2244 2777 2299 capere
2818 2243 2927 2282 non
2974 2227 3253 2297 aequaliter
3289 2226 3544 2282 omnibus

1973 2317 2100 2372 licet
2148 2336 2160 2371 :
2205 2320 2259 2372 in
2309 2327 2468 2374 nocte
2525 2334 2656 2374 vero
2704 2319 3014 2377 communis
3060 2326 3144 2372 est
3183 2318 3440 2373 omnibus
3491 2329 3546 2372 et

1971 2409 2194 2478 aequalis
2234 2425 2485 2465 mensura
2538 2411 2604 2465 ad
2654 2411 3097 2480 requiescendum
3127 2451 3142 2470 ,
3206 2411 3410 2463 nullam
3453 2412 3540 2464 in-

1971 2502 2331 2571 aequalitatem
2358 2504 2564 2560 habens
2594 2505 2659 2558 ad
2682 2505 2938 2560 avaritias
2958 2505 3082 2558 vitae
3102 2513 3154 2556 et
3179 2505 3299 2573 plus
3311 2503 3540 2558 habendi

1971 2591 2315 2660 cupiditates.
2370 2595 2525 2660 Quod
2563 2595 2782 2664 quidem
2815 2609 2925 2650 non
2958 2595 3139 2648 minus
3175 2593 3538 2662 aequalitatem

1971 2682 2247 2739 Creatoris
2289 2692 2551 2748 testatur,
2604 2696 2858 2755 tanquam
2909 2685 3000 2739 uni
3032 2683 3212 2754 generi
3259 2682 3538 2736 hominum

1969 2776 2253 2846 aequaliter
2298 2777 2702 2847 prospicientis.
2770 2777 2994 2840 Deinde,
3052 2776 3097 2832 si
3143 2789 3356 2845 semper
3393 2785 3540 2830 esset

1969 2868 2106 2933 dies,
2145 2879 2198 2924 et
2237 2871 2413 2940 spatio
2439 2870 2545 2924 diei
2579 2885 2686 2924 non
2727 2870 3046 2925 succederet
3092 2883 3201 2922 nox
3226 2907 3240 2930 ,
3272 2882 3379 2921 non
3412 2880 3539 2934 pos-

1969 2975 2151 3016 semus
2175 2962 2350 3016 metiri
2379 2968 2595 3030 tempus
2623 2977 2730 3015 non
2759 2962 2992 3017 divisum
3021 2962 3075 3015 in
3103 2968 3302 3030 partes.
3336 2957 3538 3012 Divisio

1968 3059 2149 3107 autem
2187 3051 2368 3106 diurni
2404 3053 2666 3122 temporis
2701 3051 2848 3117 facit,
2897 3062 2955 3106 ut
2985 3052 3143 3105 liceat
3183 3061 3398 3120 tempus
3443 3064 3538 3117 per

1966 3140 2065 3198 has
2094 3143 2387 3212 particulas
2420 3157 2726 3197 numerare.
2789 3141 2904 3196 Nisi
2950 3151 3128 3195 autem
3165 3149 3379 3208 tempus
3424 3139 3540 3193 dis-

1965 3239 2299 3296 cerneretur,
2358 3234 2412 3286 in
2446 3234 2631 3287 multis
2681 3233 2845 3287 rebus
2877 3247 2982 3285 non
3017 3239 3200 3301 posset
3224 3229 3536 3283 hominibus

1962 3329 2102 3381 ratio
2157 3329 2277 3381 vitae
2331 3326 2455 3381 iniri
2491 3334 2544 3382 et
2601 3334 2886 3392 constare;
2921 3333 2972 3379 et
3005 3325 3148 3393 quod
3197 3323 3374 3390 majus
3424 3332 3530 3386 est,

1963 3433 2072 3472 non
2113 3430 2259 3473 esset
2293 3419 2546 3488 voluptas
2582 3419 2802 3472 luminis
2850 3417 3085 3479 fruendi,
3139 3417 3182 3471 si
3217 3431 3324 3470 non
3349 3426 3533 3472 essent

1964 3510 2197 3564 tenebrae
2234 3516 2515 3564 nocturnae
2547 3510 2600 3564 in
2632 3509 2880 3579 proximo
2916 3524 2984 3564 eo
3009 3508 3168 3562 modo
3199 3522 3357 3577 quem
3390 3507 3532 3560 dixi-

1966 3616 2111 3656 mus.
2167 3599 2374 3654 Lumen
2421 3601 2566 3655 enim
2622 3615 2940 3670 corporeum
2981 3600 3296 3652 continuum
3354 3611 3529 3666 neque

1965 3692 2108 3761 quod
2131 3692 2309 3746 lumen
2344 3699 2510 3756 esset,
2551 3700 2971 3760 cognosceretur
3000 3709 3012 3743 :
3045 3691 3223 3743 lumen
3254 3689 3398 3742 enim
3443 3685 3528 3740 di-

1963 3785 2102 3838 citur
2137 3792 2191 3838 et
2220 3795 2322 3845 est,
2370 3791 2429 3837 ut
2460 3799 2490 3837 a
2533 3783 2772 3838 tenebris
2802 3782 3182 3853 distinguatur.
3213 3778 3330 3833 Non
3363 3778 3527 3848 igitur

297 3878 466 3934 esset,
514 3880 573 3926 ut
628 3887 749 3927 esse
796 3881 1017 3942 apparet
1057 3874 1414 3930 admiratione
1459 3876 1679 3947 dignum
1722 3891 1752 3929 a
1809 3875 1917 3931 Deo
1961 3884 2224 3940 creatum,
2259 3875 2366 3930 nisi
2407 3875 2739 3944 comparatio
2787 3874 2903 3942 ejus
2947 3874 3092 3944 quod
3145 3871 3356 3926 videtur
3387 3885 3522 3924 con-

298 3963 547 4028 trarium,
580 3965 709 4018 illud
737 3966 1065 4020 ostenderet.

367 4056 529 4109 Ὥστε
561 4059 653 4109 καὶ
681 4057 846 4112 τᾶλλα
876 4059 971 4128 μὲν
1003 4057 1172 4112 πολλὰ
1199 4059 1356 4132 χάριν
1385 4060 1742 4131 ὁμολογητέον
1764 4059 1855 4111 ἐπὶ

293 4151 361 4218 τῇ
382 4148 534 4200 νυκτὶ
558 4149 636 4219 τῷ
656 4151 914 4222 πανσόφῳ
943 4153 1285 4224 Δημιουργῷ·
1316 4153 1547 4224 μάλιστα
1578 4152 1623 4205 δ’
1653 4153 1733 4205 ὅτι
1761 4152 1852 4204 τοῦ

293 4238 471 4306 φωτὸς
494 4241 708 4310 ἐμποιεῖ
727 4242 823 4312 τὴν
838 4243 1084 4314 αἴσθησίν
1101 4263 1157 4297 τε
1181 4247 1272 4298 καὶ
1292 4245 1389 4316 τὴν
1407 4244 1722 4309 ἀπόλαυσιν,
1751 4245 1851 4298 οὐκ

292 4324 360 4379 ἂν
391 4327 564 4391 ἄλλως
595 4328 1031 4398 διαγνωσθέντος,
1055 4335 1242 4405 ὅτιπερ
1269 4334 1433 4387 ἐστίν.

374 4498 512 4551 Ἀλλ’
541 4500 836 4572 ἐκπλαγείη
865 4519 946 4566 τις
986 4503 1051 4558 ἂν
1083 4503 1180 4576 τὴν
1216 4505 1450 4577 ἄρρητον
1481 4506 1573 4559 τοῦ
1605 4506 1736 4560 Θεοῦ
1766 4524 1851 4560 σο-

2035 4053 2398 4120 Quamobrem
2448 4060 2664 4124 oportet
2697 4054 2903 4125 gratias
2942 4068 3099 4125 agere
3129 4053 3260 4119 Deo,
3305 4054 3520 4125 sapien-

1960 4147 2172 4201 tissimo
2191 4145 2459 4211 Creatori,
2487 4164 2610 4201 cum
2641 4158 2862 4217 prOpter
2887 4149 2990 4201 alia
3025 4149 3216 4212 multa,
3253 4157 3366 4202 tum
3398 4163 3516 4203 ma-

1956 4241 2101 4293 xime
2125 4239 2252 4308 quia
2280 4239 2424 4304 fecit,
2463 4248 2520 4293 ut
2541 4241 2732 4294 lumen
2762 4243 3085 4296 sentiremus
3121 4249 3174 4295 et
3201 4255 3265 4295 eo
3311 4240 3519 4297 fruere-

1955 4346 2117 4396 mur;
2151 4330 2294 4400 quod
2345 4331 2564 4388 quidem
2611 4347 2734 4388 esse
2766 4347 2874 4386 non
2911 4333 3066 4386 aliter
3091 4332 3400 4388 discernere
3421 4347 3520 4405 po-

1954 4423 2270 4477 tuissemus.

2024 4517 2120 4568 Est
2155 4525 2333 4570 autem
2369 4515 2711 4587 obstupenda
2755 4515 3040 4571 ineﬂ‘abilis
3079 4515 3174 4570 Dei
3226 4516 3512 4586 sapientia,

290 4589 437 4658 φίαν,
473 4591 574 4656 ὃτι,
606 4592 871 4646 τοσούτων
907 4596 1000 4647 καὶ
1039 4595 1116 4648 ἔτι
1151 4596 1386 4651 πλεόνων
1435 4599 1742 4666 ἀναγκαίων
1787 4616 1845 4652 τε

1965 4606 2091 4674 mod
2121 4622 2242 4660 cum
2284 4614 2364 4660 tot
2407 4615 2460 4662 et
2504 4608 2680 4662 adhuc
2710 4609 2894 4678 plures
2926 4611 3248 4663 necessaria:
3275 4611 3515 4664 homini-

287 4677 382 4729 καὶ
415 4678 697 4748 χρησίμων
737 4679 824 4732 διὰ
875 4682 1442 4761 σκότους-,ἀνθρώποις
1477 4687 1854 4760 ὑπαρχόντων..

284 4767 434 4836 ὅμως
454 4768 510 4820 δὲ
543 4769 726 4840 ἐπειδὴ
753 4771 973 4834 σκότους
1000 4769 1065 4844 ἦν
1095 4775 1262 4846 ὄνομά
1290 4795 1348 4830 τε
1382 4779 1474 4831 καὶ
1503 4782 1751 4850 πρᾶγμα,
1785 4782 1849 4834 οὐ

285 4859 684 4913 κατεσκεύακεν
704 4862 834 4914 αὐτὸ
861 4865 980 4915 κατ’
1010 4865 1213 4929 οὐσίαν,
1246 4867 1382 4920 ἀλλὰ
1414 4869 1724 4938 συμόαίνειν
1754 4872 1847 4925 καὶ

281 4949 704 5019 άποσυμϐαίνειν
733 4953 863 5005 αὐτὸ
901 4954 1217 5025 πεποίηκεν·
1248 4957 1334 5011 ἵνα
1367 4960 1459 5011 καὶ
1494 4959 1568 5022 ὡς
1600 4959 1658 5014 ὃν
1692 4961 1760 5012 τά
1788 4978 1844 5014 τε

281 5038 515 5108 ῥηθέντα
547 5043 637 5094 καὶ
664 5042 744 5094 ἔτι
773 5043 940 5097 πλείω
964 5047 1195 5120 παρέχῃ,
1224 5050 1315 5102 κοιλ⁵
1344 5050 1418 5112 ὡς
1458 5052 1531 5122 μὴ
1558 5051 1614 5105 ὃν
1644 5054 1843 5122 ἥκιστα

269 5133 501 5204 ,διαϐάλῃ
522 5135 612 5188 τὸν
626 5138 985 5210 Δημιουργόν.
1019 5142 1336 5213 Ἃμεμπτος
1359 5149 1644 5219 τοιγαροῦν
1663 5152 1696 5216 ἠ
1725 5150 1838 5215 νὺξ,

276 5222 412 5277 ἀλλὰ
444 5227 536 5278 καὶ
561 5225 832 5296 θαυμασία
855 5233 1122 5295 παντοίως
1145 5236 1210 5304 τῇ
1241 5237 1453 5306 χρήσει.

345 5399 481 5453 Φασὶ
521 5401 576 5453 δὲ
622 5401 823 5474 λῃστὴν
858 5408 916 5457 ἐν
957 5408 1110 5459 νυκτὶ
1155 5415 1497 5483 κακουργεῖν.
1545 5415 1653 5467 Καὶ
1683 5415 1734 5467 τί
1762 5416 1842 5468 δεῖ

272 5492 410 5559 σ,ρὸς
439 5490 535 5562 τὴν
565 5490 732 5546 νύκτα
757 5510 770 5558 ;
805 5497 853 5547 εὶ
883 5495 992 5567 γὰρ
1023 5497 1106 5568 μὴ·
1135 5500 1404 5571 ἐονεδέχετο
1437 5506 1528 5557 καὶ
1562 5506 1620 5556 ἐν
1651 5507 1838 5577 ἡμέρα

272 5588 644 5656 κακοπραγεῖν
695 5586 818 5650 τοὺς
869 5587 1240 5659 βουλομένους,
1287 5595 1453 5665 ἐχρῆν
1503 5597 1600 5667 τῆς
1645 5599 1836 5664 νυκτὸς

270 5674 646 5730 διαϐάλλεσθαι
681 5678 771 5730 τὸν
795 5681 1002 5750 καιρόν.
1051 5683 1200 5736 Ἐπεὶ
1226 5685 1282 5737 δέ
1314 5686 1410 5757 τὴν
1434 5689 1714 5760 εὐκαιρίαν
1738 5691 1835 5760 τῆς

273 5771 600 5840 κακουργίας
632 5774 659 5824 6
691 5773 828 5844 δρῶν
861 5775 1135 5845 ἀναμένει,
1178 5778 1278 5831 κᾶν
1318 5781 1375 5832 ἐν
1404 5780 1615 5853 ἡμέρᾳ,
1643 5782 1745 5835 κᾶν
1777 5785 1833 5836 ὲν

269 5860 424 5913 νυκτὶ
457 5863 781 5931 παραπέσοι.
813 5864 910 5936 τὴν
941 5865 1194 5936 πρόθεσιν
1234 5869 1324 5924 τοῦ
1359 5871 1611 5942 δρῶντος,
1652 5875 1711 5928 ού
1741 5875 1837 5927 τὸν.

1949 4697 2051 4751 bus
2090 4705 2142 4752 et
2184 4705 2502 4768 opportuna:
2548 4699 2810 4755 utilitates
2855 4716 2918 4754 ex
2949 4701 3193 4755 tenebris
3222 4703 3510 4763 exsistant.

1945 4795 2125 4844 tamen
2153 4792 2278 4859 quia
2307 4800 2423 4846 erat
2455 4807 2648 4845 nomen
2677 4800 2730 4846 et
2763 4807 2848 4846 res
2879 4793 3248 4854 tenebrarum,
3283 4810 3392 4848 non
3429 4794 3513 4849 fe-

1946 4879 2019 4933 cit
2045 4893 2137 4934 eas
2164 4881 2462 4936 secundum
2499 4882 2878 4944 substantiam,
2909 4884 3002 4938 sed
3034 4884 3161 4938 fecit
3187 4892 3244 4937 ut
3267 4887 3513 4940 venirent

1945 4978 1997 5023 et
2046 4972 2406 5040 recederentt;
2456 4983 2515 5027 ut
2553 4977 2710 5044 quasi
2758 4985 2942 5031 essent
2972 4992 3034 5031 ea
3086 4992 3204 5046 quae
3247 4978 3507 5039 diximus,

1943 5068 1997 5113 et
2028 5062 2205 5116 adhuc
2231 5064 2384 5133 plura
2423 5065 2707 5119 commoda
2740 5069 3084 5138 praeberent;
3132 5078 3185 5124 et
3217 5071 3371 5139 quasi
3397 5084 3507 5124 non

1942 5160 2148 5216 essent,
2197 5154 2421 5208 minime
2451 5157 2635 5209 mundi
2667 5157 2959 5214 fabricator
2987 5172 3356 5216 accusaretur.
3392 5157 3503 5215 Ex-

1941 5251 2023 5295 tra
2076 5245 2290 5314 culpam
2341 5247 2504 5316 igimr
2541 5256 2594 5301 et
2637 5252 2915 5319 querelam
2953 5260 3038 5308 est
3074 5268 3203 5319 nox,
3234 5254 3364 5322 quin
3403 5266 3508 5320 ρος

1940 5331 2048 5386 tius
2084 5349 2186 5388 usu
2227 5342 2309 5390 est
2354 5337 2608 5393 omnibus
2641 5341 2819 5396 modis
2862 5341 3125 5397 mirabili.

2013 5421 2118 5477 Sed
2161 5424 2335 5489 aiunt,
2371 5426 2631 5481 latronem
2667 5438 2831 5484 noctu
2862 5430 3193 5484 latrocinari.
3233 5427 3337 5483 Sed
3369 5429 3496 5499 quid

1938 5511 2042 5566 hoc
2064 5522 2252 5567 contra
2284 5516 2536 5570 noctem?
2568 5518 2613 5572 si
2640 5519 2782 5573 enim
2815 5536 2925 5574 non
2960 5520 3295 5589 contingeret
3316 5518 3384 5573 de
3410 5517 3498 5574 die

1938 5604 2250 5658 latrocinari
2297 5623 2391 5662 eos
2457 5610 2550 5679 qui
2603 5610 2914 5665 latrocinari
2954 5611 3164 5673 volunt,
3224 5619 3498 5680 oporteret

1935 5701 2147 5764 tempus
2182 5707 2505 5753 nocturnum
2539 5716 2817 5757 accusare.
2851 5700 2958 5756 Sed
2973 5701 3100 5770 quia
3127 5702 3265 5756 lat-ro
3290 5718 3493 5775 oppor-

1937 5787 2219 5841 tunitatem
2256 5788 2386 5844 furti
2427 5799 2731 5860 exspectat,
2774 5794 2890 5847 sive
2923 5794 3009 5848 die
3031 5794 3145 5848 sive
3173 5803 3337 5852 nocte
3367 5796 3498 5852 incr-

1935 5879 2044 5947 dat,
2089 5881 2304 5939 animus
2338 5883 2658 5940 maleﬁcium
2702 5884 2975 5953 facientis,
3010 5903 3117 5943 non
3167 5899 3380 5962 tempus
3405 5895 3498 5949 est
