4064 6290
549 405 683 462 1171

1656 409 1790 465 TITI
1832 407 2253 465 BOSTRENSIS
2303 408 2608 464 EPISCOPI

3631 412 3771 466 H72

552 521 768 578 crimini
817 521 1092 578 dandum:
1141 531 1509 580 verumtamen
1561 527 1606 581 si
1678 527 1956 582 maleﬁcus
2008 540 2109 580 no-

2222 527 2399 596 ιιαιρὸν
2421 527 2719 582 αἰτιατέον·
2749 525 2886 598 πλὴν
2919 529 2964 580 εί
2995 528 3144 581 νυκτί
3171 546 3232 597 γε
3261 528 3508 582 ἐπείθετο
3534 527 3772 598 κακοῦρ-

551 618 627 670 cti
670 627 899 687 pareret.
943 613 1205 671 dormiret
1236 633 1409 686 sane;
1457 620 1560 675 hoc
1596 621 1740 675 enim
1791 620 1966 674 solum
2000 634 2106 674 nox

549 708 723 777 jubet.

2214 636 2308 688 γος
2347 622 2512 684 ἀπας,
2554 616 2840 672 ἐκάθευδεν
2877 619 2960 672 άν·
2995 620 3152 674 τοῦτο
3181 620 3284 692 γὰρ
3318 621 3410 674 καὶ
3443 620 3601 690 μόνον
3636 635 3772 692 παρ-

2211 711 2399 780 εγγυᾴ.

1456 824 1582 880 CAP.
1621 824 1760 880 XIX.
1805 825 2070 879 Hendacii
2100 838 2216 876 cum
2261 824 2484 879 tenebris
2519 829 2865 897 comparatio.

621 935 888 990 Przeterea
949 937 1405 994 considerandum
1451 949 1535 994 est
1580 939 1828 995 similiter
1870 942 2011 994 inter
2054 953 2112 992 se

553 1025 832 1080 contraria
879 1026 1049 1083 videri
1091 1029 1270 1083 lumen
1324 1037 1378 1083 et
1408 1029 1681 1093 tenebras,
1722 1030 2112 1096 veritatemque

552 1127 604 1173 et
640 1117 1002 1172 mendacium.
1046 1118 1200 1185 Quod
1231 1121 1374 1174 enim
1411 1130 1495 1176 est
1536 1122 1714 1175 lumen
1745 1121 1978 1191 corpori,
2011 1121 2113 1174 hoc

553 1218 638 1265 est
679 1211 883 1266 veritas
917 1212 1144 1278 animae;
1195 1220 1250 1265 et
1283 1212 1430 1282 quod
1485 1213 1720 1266 tenebrae
1759 1213 1953 1276 oculis,
2008 1213 2130 1287 hoc.

557 1303 862 1372 ignorantia
891 1311 945 1358 et
974 1304 1315 1358 mendacium
1355 1305 1542 1358 menti.
1587 1303 1759 1358 Homo
1794 1305 1938 1359 enim
1980 1305 2115 1358 nihil

557 1393 704 1448 aliud
753 1401 836 1449 est
877 1410 1039 1464 quam
1083 1396 1262 1448 anima
1324 1401 1381 1450 et
1430 1410 1650 1465 corpus.
1705 1394 1930 1465 Utrique
1973 1397 2114 1465 parti

557 1487 869 1556 suppeditat
907 1484 1073 1550 Deus,
1111 1487 1325 1556 corpori
1354 1487 1574 1553 lumen;
1613 1504 1706 1558 per
1735 1503 1934 1557 corpus
1970 1491 2114 1543 enim

557 1579 762 1633 lumine
802 1593 1065 1647 corporeo
1095 1577 1337 1646 fruitur;
1387 1595 1482 1648 per
1525 1580 1762 1634 animam
1804 1593 1932 1634 vero
1977 1581 2118 1634 veri-

558 1677 668 1722 tate
694 1669 980 1738 spirituali.

629 1760 782 1815 Sicut
817 1771 995 1814 autem
1041 1776 1148 1814 non
1191 1767 1318 1815 sunt
1364 1761 1598 1817 tenebrae
1642 1762 1938 1818 secundum
1987 1763 2115 1818 sub-

2285 940 2596 1012 Θεωρητέον
2627 943 2691 1015 δὴ
2725 943 2816 996 ἐπὶ
2849 942 3077 1006 τούτοις,
3119 942 3194 1005 ὡς
3219 941 3495 1010 ἀναλόγως
3525 942 3773 1013 ἀλλήλοις

2215 1033 2548 1088 ἀντικεῖσθαι
2575 1035 2740 1100 δοκεῖ,
2759 1035 2874 1104 φῶς
2906 1052 2963 1089 τε
2997 1036 3088 1088 καὶ
3112 1035 3319 1098 σκότος,
3345 1035 3570 1104 ἀλήθειά
3589 1051 3650 1086 τε
3680 1037 3772 1087 καὶ

2213 1123 2428 1194 ψεῦδος·
2453 1126 2591 1196 ὅπερ
2615 1125 2722 1196 γάρ
2757 1125 2870 1194 φῶς
2899 1125 3129 1196 σώματι,
3157 1124 3317 1177 τοῦτο
3351 1124 3573 1196 ἀλήθεια
3601 1125 3769 1195 ψυχῇ·

2215 1217 2306 1269 καὶ
2345 1217 2480 1286 ὅπερ
2522 1217 2707 1280 σκότος
2750 1215 3062 1285 ὀφθαλμοῖς,
3108 1215 3262 1268 τοῦτο
3305 1215 3493 1283 ἄγνοια
3530 1215 3622 1267 καὶ
3656 1215 3781 1267 σκό-

2214 1324 2303 1369 τος
2325 1306 2434 1375 (10)
2463 1306 2688 1377 διανοίᾳ.
2726 1305 3038 1376 Ἀνθρωπος
3075 1305 3172 1376 μὲν
3213 1305 3319 1375 γὰρ
3346 1305 3496 1357 οὐδὲν
3520 1305 3703 1374 ἓτερον
3741 1304 3774 1373 ἦ

2217 1400 2360 1469 ψυχή
2394 1415 2451 1452 τε
2481 1400 2573 1451 καὶ
2601 1398 2776 1469 σῶμα·
2806 1397 2955 1470 παρά
2990 1397 3047 1450 δὲ
3075 1396 3209 1450 Θεοῦ
3233 1397 3370 1468 πρὸς
3400 1396 3655 1466 ἑκάτερον
3680 1395 3777 1465 τὴν

2220 1490 2481 1561 χορηγίαν
2519 1489 2678 1559 ἔχων,
2721 1488 2810 1542 διὰ
2845 1489 2940 1559 μὲν
2971 1487 3215 1558 σώματος
3259 1486 3570 1557 σωματικοῦ
3603 1485 3780 1554 φωτὸς

2221 1577 2499 1640 ἀπολαύει,
2530 1576 2617 1630 διά
2643 1577 2699 1630 δὲ
2723 1577 2899 1655 ψυχῆς
2930 1577 3122 1647 νοητῆς
3149 1575 3424 1646 ἀληθείας.

2291 1758 2502 1828 Ὥσπερ
2532 1755 2586 1808 δέ
2632 1756 2819 1819 σκότος
2864 1757 2983 1808 κατ’
3027 1754 3210 1808 οὐσίαν
3248 1755 3344 1825 μὲν
3381 1755 3482 1824 οὐχ
3523 1752 3778 1824 ὑπάρχει,

557 1853 846 1916 stantiam,
891 1852 1068 1906 solum
1115 1863 1297 1908 autem
1351 1868 1445 1909 eas
1495 1853 1750 1909 advenire
1794 1855 2118 1924 permissum

2222 1849 2431 1902 ἐπιέναι
2473 1847 2529 1900 δέ
2573 1847 2985 1917 συγκεχώρηται
3040 1846 3218 1917 μόνον,
3264 1845 3339 1908 ὡς
3384 1844 3779 1906 ἀποδέδεικται,

556 1953 664 2006 est,
697 1945 838 1999 sicut
865 1951 1142 1999 ostensum
1173 1953 1293 2009 est;
1331 1945 1411 2000 sic
1441 1945 1602 2000 etiam
1633 1945 1974 2000 mendacium
2015 1963 2121 2000 non

558 2040 743 2094 manet
772 2034 840 2089 ab
863 2034 1044 2104 aliqua
1075 2034 1380 2090 substantia
1410 2049 1505 2105 per
1530 2050 1589 2090 se
1610 2036 1925 2104 exsistente,
1959 2052 2121 2106 quam

558 2127 650 2182 ille
699 2126 1024 2197 principium
1070 2127 1369 2197 ingenitum
1406 2135 1583 2192 vocat,
1634 2142 1810 2196 neque
1847 2136 1931 2182 est
1989 2128 2120 2182 sub-

558 2220 760 2276 stantia
789 2219 1054 2289 quaepiam
1098 2235 1194 2290 per
1236 2235 1294 2274 se
1331 2219 1602 2276 exsistens
1643 2235 1707 2274 ac
1747 2220 1955 2276 vivens.
2016 2220 2120 2275 Sed

557 2312 675 2367 sola
699 2312 1028 2382 cogitatione
1071 2327 1214 2374 esse,
1260 2326 1579 2368 concessum
1618 2321 1721 2377 est,
1765 2322 1819 2368 et
1867 2311 2122 2367 advenire

558 2412 724 2474 atque
753 2406 1010 2458 recedere
1048 2403 1303 2458 similiter
1349 2410 1408 2458 ut
1433 2403 1722 2467 tenebras;
1757 2405 1918 2474 idque
1965 2405 2121 2460 valde

560 2493 767 2549 utiliter
796 2501 851 2547 et
883 2492 1203 2548 necessario
1239 2512 1252 2547 :
1291 2491 1398 2547 nisi
1429 2492 1576 2546 enim
1610 2493 1870 2563 cogitatio
1901 2495 2125 2548 menda-

558 2585 632 2641 cii
681 2600 804 2641 esse
855 2592 1040 2655 posset
1085 2584 1354 2653 permissu
1387 2585 1512 2644 Dei.
1559 2585 1809 2641 veritatis
1835 2585 1984 2655 Optio
2015 2601 2123 2640 non

563 2688 713 2734 esset
756 2678 811 2732 in
838 2675 1152 2732 hominibus
1179 2683 1422 2746 spectata
1456 2685 1510 2733 et
1550 2678 1796 2749 probata,
1837 2689 1891 2733 et
1921 2677 2125 2733 frustra

562 2772 961 2831 nominaretur,
1015 2770 1118 2823 nisi
1170 2771 1492 2838 permissum
1533 2777 1706 2834 esset,
1741 2787 1862 2826 esse
1903 2770 2126 2825 menda-

561 2864 708 2917 ciun
750 2862 1100 2932 cogitatione.
1134 2860 1304 2916 Nemo
1330 2863 1475 2917 enim
1515 2870 1662 2918 esset
1685 2863 1892 2918 amicus
1927 2865 2126 2916 verita-

561 2955 659 3020 tis,
695 2954 803 3008 nisi
839 2960 1160 3024 potestatem
1192 2953 1418 3009 haberet
1457 2956 1731 3025 cogitandi
1759 2955 2124 3010 mendacium.

561 3044 682 3102 Non
713 3045 837 3101 dico
873 3060 995 3102 esse
1020 3046 1366 3102 mendacium
1397 3045 1715 3115 adjunctum
1759 3047 1991 3110 veritati,
2030 3047 2125 3102 sed

562 3138 709 3209 quod
753 3137 904 3208 optio
948 3137 1195 3193 veritatis
1245 3153 1352 3194 non
1392 3139 1667 3194 videretur
1712 3154 1853 3202 esse,
1893 3139 1996 3193 nisi
2026 3155 2124 3208 po-

565 3239 735 3286 testas
758 3230 1057 3285 mentiendi
1092 3230 1367 3299 adjaceret
1391 3246 1404 3282 :
1430 3232 1574 3302 quod
1601 3232 1819 3302 quidem
1840 3232 2126 3287 veracibus

561 3319 810 3392 prodest,
843 3335 952 3375 non
981 3320 1220 3375 veritati.
1264 3319 1490 3391 Oportet
1522 3323 1664 3377 enim
1693 3338 1816 3378 eum
1844 3324 1934 3393 qui
1963 3337 2127 3377 verax

562 3421 670 3474 est,
696 3419 756 3466 ut
785 3427 952 3481 penes
988 3427 1113 3466 eum
1147 3411 1219 3467 sit
1255 3413 1496 3477 mentiri,
1521 3428 1551 3467 a
1584 3429 1692 3484 quo
1722 3429 1845 3469 cum
1869 3414 2126 3477 abs-tinet,

563 3519 728 3559 verax
756 3511 865 3559 est.
903 3501 1074 3558 Posse
1110 3519 1239 3574 ergo
1268 3505 1482 3560 mentiri
1514 3505 1669 3560 aﬂ'ert
1702 3506 2037 3568 hominibus.
2070 3513 2129 3560 ut

562 3593 848 3648 veritatem
880 3593 1169 3648 mendacio
1194 3601 1544 3664 anteponant.
1588 3593 1741 3650 Sicut
1777 3597 1964 3664 posita:
1989 3603 2132 3650 tene-

563 3683 675 3739 bras
719 3698 941 3740 sensum
990 3685 1214 3739 luminis
1281 3693 1501 3740 movent
1556 3695 1611 3740 et
1645 3686 1905 3751 excitant,
1947 3694 2129 3741 tamen

563 3776 709 3832 sicut
751 3775 931 3830 lumen
980 3775 1036 3829 in
1076 3774 1314 3830 tenebris
1355 3776 1497 3830 lucet
1547 3775 1816 3846 (dissolvit
1859 3776 2002 3831 enim
2033 3792 2131 3832 eas

563 3865 882 3930 adveniens,
907 3866 1108 3936 quippe
1136 3881 1257 3920 cum
1285 3880 1392 3921 non
1418 3868 1528 3922 sint
1554 3868 1854 3922 secundum
1881 3869 2131 3924 substan-

2221 1941 2310 1995 τὸν
2339 1939 2501 1993 αὑτὸν
2529 1938 2726 2010 τρόπον
2751 1941 2845 1992 καὶ
2870 1937 3063 2008 ψεῦδος
3086 1937 3223 2009 (41),
3252 1936 3357 1990 ἀπό
3385 1953 3528 1999 τινος
3557 1936 3653 2005 μὲν
3692 1935 3780 1986 ού-

2223 2034 2343 2096 σὶας
2374 2031 2711 2104 ὑφεστηκυῖά
2741 2048 2799 2084 τε
2827 2032 2920 2084 καὶ
2941 2030 3107 2094 ζῶσα·
3133 2029 3345 2101 ἐπινοίᾳ
3374 2029 3430 2082 δὲ
3462 2029 3619 2099 μόνον
3644 2023 3780 2080 εἶναι

2223 2125 2674 2197 συγκεχώρηται,
2730 2122 3042 2196 συμϐαίνειν
3089 2139 3150 2177 τε
3207 2122 3302 2175 καὶ
3355 2121 3782 2192 ἀποσυμόαίνειν

2222 2218 2615 2289 παραπλησίως
2644 2216 2722 2288 τῷ
2756 2217 2954 2280 σκότει,
2981 2216 3248 2269 καὶτοῦτο
3274 2214 3392 2269 λίαν
3416 2215 3698 2286 χρησίμως
3724 2229 3783 2266 τε

2221 2309 2316 2362 καὶ
2348 2309 2677 2376 ἀναγκαίως
2699 2309 2747 2360 εἰ
2774 2308 2880 2376 γὰρ
2920 2307 2992 2378 μὴ
3020 2307 3388 2378 ἐπετέτραπτο
3409 2306 3636 2376 ψεύδους
3665 2307 3785 2357 ἐπί-

2222 2419 2358 2466 νοια,
2387 2401 2641 2471 ἀδόκιμος
2665 2400 2730 2454 ἂν
2750 2395 2816 2470 ἦν
2839 2399 2931 2454 καὶ
2946 2399 3300 2462 ἀϐασάνιστος
3323 2401 3440 2452 κατ’
3463 2399 3560 2452 ἀνθ
3571 2397 3784 2468 ρώπους

2221 2492 2320 2562 τῆς
2349 2491 2604 2563 ἀληθείας
2630 2493 2662 2562 ἡ
2700 2492 2927 2562 αἵρεσις·
2967 2491 3143 2560 μάτην
3168 2489 3211 2542 δ’
3240 2489 3306 2543 ἂν
3336 2490 3428 2543 καὶ
3452 2489 3782 2558 ὠνομάζετο,

2223 2587 2272 2638 εί
2312 2584 2386 2655 μὴ
2409 2586 2468 2637 τὸ
2495 2584 2686 2653 ψεῦδος
2717 2582 3099 2653 συγκεχώρητο
3126 2585 3190 2652 τῇ
3225 2583 3452 2652 ἐπινοίᾳ·
3477 2581 3649 2643 οὐδεὶς
3677 2581 3786 2649 γὰρ

2223 2675 2288 2730 ἂν
2320 2671 2387 2746 ἦν
2421 2674 2738 2745 φιλαλήθης,
2777 2674 2825 2727 εἰ
2867 2672 2940 2744 μὴ
2973 2673 3066 2727 καὶ
3093 2671 3184 2725 τοῦ
3215 2671 3504 2741 ψεύδεσθαι
3542 2671 3640 2741 τὴν
3667 2671 3788 2722 ἐπί-

2223 2784 2371 2819 νοιαν
2399 2763 2541 2836 εἶχεν
2575 2766 2658 2835 ἐφ’
2687 2764 2877 2835 ἐαυτῷ.
2911 2765 2985 2818 Ού
3013 2765 3174 2834 φημὶ,
3201 2764 3283 2816 ὅτι
3317 2763 3788 2834 προσκεχαρισμέ-

2222 2877 2313 2912 νον
2349 2858 2414 2911 ἂν
2448 2858 2530 2928 εἴη
2575 2860 2640 2928 τῇ
2674 2856 2900 2927 ἀληθείᾳ
2939 2856 2999 2909 τὸ
3027 2855 3236 2925 ψεῦδος,
3271 2854 3384 2908 ἀλλ’
3410 2855 3492 2907 ὅτι
3531 2855 3630 2925 τῆς
3656 2854 3790 2924 ἀληη

2225 2948 2373 3011 θείας
2405 2948 2437 3018 ἡ
2471 2947 2678 3016 αἵρεσις
2709 2947 2808 3000 οὐκ
2841 2945 2905 2999 ἀν
2937 2962 2999 3011 γε
3042 2942 3179 2998 εἶναι
3217 2944 3408 3010 ἐδόκει,
3452 2946 3500 2996 εί
3539 2943 3614 3013 μὴ
3649 2960 3788 3013 παρ’

2224 3040 2399 3093 ἐκειτο
2441 3038 2534 3092 τοῦ
2589 3037 2877 3107 ψεύδεσθαι
2931 3039 2964 3108 ἡ
3014 3036 3256 3103 ἐξουσία·
3308 3036 3337 3089 ὃ
3380 3037 3445 3108 δὴ
3494 3037 3637 3102 ὑπὲρ
3679 3035 3786 3088 τῶν

2227 3129 2552 3201 φιλαλήθων,
2584 3130 2682 3198 οὐχ
2714 3127 2853 3197 ὑπὲρ
2879 3128 2976 3196 τῆς
3005 3125 3257 3195 ἀληθείας
3285 3125 3416 3178 ἐστί.
3455 3127 3547 3178 Δεῖ
3571 3124 3678 3196 γὰρ
3699 3124 3787 3178 τὸν

2228 3223 2556 3294 ἀληθεύοντα
2593 3220 2736 3292 ἔχειν
2766 3221 2850 3288 ἐφ’
2882 3217 3056 3288 ἐαυτῷ
3094 3217 3276 3271 καὶτὸ
3315 3217 3605 3286 ψεύδεσθαι
3643 3217 3786 3287 αὐτῷ

2227 3319 2446 3384 ἐξεῖναι,
2492 3311 2552 3370 οὗ
2596 3313 2930 3385 ἀπεχόμενος
2975 3310 3245 3380 ἀληθεύει.
3292 3309 3566 3382 Προσάγει
3615 3310 3785 3361 τοίνυν
3881 3376 3892 3382 _

2227 3409 2531 3480 ἀνθρώποις
2562 3406 2660 3476 τῆς
2693 3403 2947 3476 ἀληθείας
2981 3402 3078 3473 τὴν
3125 3402 3451 3472 προτίμησιν
3488 3401 3551 3453 τὸ
3595 3399 3786 3464 ἐξεῖναι

2225 3500 2536 3572 ψεύδεσθαι.
2585 3498 2792 3567 Ὥσπερ
2835 3495 3010 3565 φωτὸς
3052 3495 3297 3548 ἀνακινεῖ
3332 3493 3432 3565 τὴν
3466 3491 3717 3562 αἴσθησιν
3754 3492 3787 3560 ἠ

2228 3597 2375 3660 θέσις
2403 3594 2497 3649 τοῦ
2540 3594 2784 3655 σκότους·
2826 3591 3012 3662 ὥσπερ
3043 3589 3224 3661 μέντοι
3256 3587 3314 3640 τὸ
3343 3586 3457 3656 φῶς
3487 3588 3547 3638 ἐν
3572 3588 3639 3656 τῇ
3666 3601 3787 3637 σκοο

2225 3689 2318 3759 τίᾳ
2351 3687 2528 3758 φαίνει
2567 3683 2791 3754 (διαλύει
2821 3683 2930 3754 γὰρ
2959 3683 3089 3736 αὐτὸ
3128 3681 3300 3743 ἐπιὸν,
3336 3679 3430 3732 ἀτε
3461 3678 3527 3748 δὴ
3561 3677 3636 3748 μὴ
3669 3675 3786 3728 κατ’

2227 3781 2411 3835 οὐσίαν
2455 3779 2740 3851 ὑπάρχον),
2783 3775 2953 3839 οὕτως
3003 3774 3097 3828 καὶ¹
3138 3776 3172 3845 ἡ
3217 3772 3476 3845 ἀλήθεια,
3511 3769 3656 3824 κατά
3694 3766 3783 3820 τοῦ

2226 3873 2452 3942 ψεύδους
2487 3869 2935 3943 κρατιστεύουσα,
2969 3867 3230 3936 διελέγχει
3260 3863 3542 3926 παντελῶς
3563 3862 3692 3916 αὐτὸ
3714 3859 3783 3931 μὴ

563 3957 739 4028 tiam),
771 3959 851 4013 sic
873 3957 1071 4012 veritas
1103 3957 1326 4013 vincens
1357 3958 1721 4025 mendacium,
1751 3960 1973 4015 omnino
2001 3975 2123 4014 con-

2229 3966 2310 4029 ὃν,
2355 3963 2566 4035 ἐπινοίᾳ
2609 3965 2675 4033 τῇ
2730 3959 2946 4030 ἐξουσίᾳ
2988 3956 3080 4011 τοῦ
3111 3955 3370 4026 λογισμοῦ
3400 3953 3681 4025 παρεισιὸν
3707 3953 3784 4015 είς

564 4050 756 4109 vincit,
780 4049 926 4118 quod
967 4064 1074 4104 non
1097 4057 1202 4114 est,
1252 4051 1584 4121 cogitatione
1623 4068 1744 4108 esse
1773 4063 1993 4122 prapter
2038 4068 2123 4122 po-

2229 4059 2439 4128 αἵρεσιν
2467 4054 2686 4124 ἑαυτῆς·
2726 4051 2843 4114 πῶς
2881 4051 2990 4122 γὰρ
3032 4050 3098 4103 ἄν
3122 4066 3204 4112 τις
3232 4048 3489 4116 ἀλήθειαν
3521 4047 3708 4108 ἕλοιτο,
3737 4046 3782 4096 εί

565 4144 813 4193 testatem
844 4140 1209 4208 cogitationis,
1261 4141 1315 4195 id
1343 4149 1430 4198 est
1497 4144 1624 4212 quia
1665 4145 1893 4214 cogitari
1933 4152 2123 4213 potest.

2235 4150 2308 4221 μὴ
2340 4149 2433 4202 καὶ
2455 4145 2548 4200 τοῦ
2571 4141 2941 4214 ἀντικειμένου
2967 4142 3064 4212 τὴν
3088 4140 3292 4211 αἵρεσιν
3319 4138 3431 4208 ἔχοι
3463 4138 3548 4207 ἐφ’
3579 4135 3782 4205 ἐαυτῷ,

568 4227 852 4293 Quomodo
892 4229 1036 4283 enim
1079 4238 1256 4299 potest
1304 4233 1428 4302 quis
1479 4234 1761 4290 veritatem
1805 4236 2027 4306 eligere,
2086 4239 2133 4292 si

567 4319 848 4388 suscipere
892 4318 1232 4374 mendacium
1280 4338 1390 4376 non
1426 4331 1510 4378 est
1543 4340 1708 4394 penes
1740 4326 1952 4395 ipsum?

641 4409 696 4464 Si
739 4410 905 4480 igitur
939 4411 1156 4466 ostendi
1184 4422 1369 4481 posset
1411 4430 1535 4470 esse
1564 4417 1814 4472 tenebras
1837 4417 2123 4473 secundum

2307 4430 2369 4481 Ei
2404 4427 2502 4496 μὲν
2525 4421 2618 4478 οὖν
2643 4424 2811 4490 δεῖξαι
2837 4423 3081 4488 δυνατὸν,
3103 4421 3178 4484 ὡς
3199 4421 3316 4473 κατ’
3340 4419 3530 4472 οὐσίαν
3558 4418 3782 4486 ὑπάρχει

566 4500 948 4563 substantiam,
1009 4509 1062 4554 et
1108 4516 1216 4556 non
1268 4503 1527 4558 advenire
1570 4513 1626 4560 et
1675 4508 1946 4572 recedere,
1987 4510 2123 4565 sicut

2233 4521 2292 4573 τὸ
2314 4519 2520 4580 σκότος,
2545 4517 2666 4586 οὐχὶ
2688 4516 2743 4569 δέ
2767 4532 2830 4568 συ
2839 4513 3053 4586 μ6αίνει
3073 4513 3166 4566 καὶ
3188 4509 3585 4580 ἀποσυμϐαίνει
3610 4510 3783 4579 μόνον,

565 4593 770 4648 dictum
808 4601 912 4658 est,
941 4592 1068 4662 poni
1111 4593 1275 4648 etiam
1345 4603 1530 4664 posset
1591 4594 1726 4651 falsa
1769 4605 1824 4652 et
1875 4597 2123 4653 mendosa

2234 4612 2309 4675 ὡς
2335 4610 2580 4680 εἴρηται·
2614 4607 2797 4678 τεθείη
2832 4606 2897 4661 ἂν
2924 4607 3018 4659 καὶ
3047 4604 3242 4676 ψευδὴς
3266 4601 3456 4656 οὐσία·
3495 4605 3546 4654 εἰ
3578 4601 3636 4654 δὲ
3667 4599 3783 4670 μήτ’

567 4684 894 4740 substantia.
955 4685 1053 4738 Sin
1095 4699 1223 4739 vero
1257 4701 1358 4740 nec
1406 4687 1496 4741 ille
1541 4701 1643 4741 nec
1684 4688 1824 4742 alius
1851 4689 2123 4745 ostendere

2235 4705 2463 4765 ἐκεῖνος,
2489 4702 2624 4772 μήτε
2667 4699 2825 4762 ἄλλος
2862 4697 3030 4762 δεῖξαι
3073 4695 3312 4758 δύναται,
3347 4695 3424 4757 ὡς
3456 4692 3618 4746 τοῦτο
3639 4691 3700 4761 δὴ
3728 4689 3785 4742 τὸ

567 4782 766 4848 potest,
797 4790 907 4831 non
953 4775 1177 4832 dissolvi
1209 4777 1309 4833 bas
1362 4778 1620 4832 tenebras
1676 4793 1796 4848 qua:
1850 4783 1917 4834 ad
1961 4782 2123 4836 instar

2239 4791 2429 4854 σκότος
2458 4789 2578 4859 οὐχὶ
2606 4787 2850 4842 διάλυτόν
2879 4789 2994 4840 ἐστι
3028 4786 3185 4849 σκιᾶς
3212 4784 3411 4854 τρόπον
3445 4782 3782 4852 γιγνόμενον,

568 4867 772 4922 umbrae
802 4868 956 4929 liunt,
1007 4875 1068 4922 ut
1095 4868 1278 4923 lumen
1323 4868 1542 4938 quidem
1573 4875 1736 4924 noctu
1771 4870 2017 4935 exsistat,
2050 4882 2123 4927 te-

2230 4881 2306 4945 ὡς
2338 4881 2399 4934 τὸ
2426 4881 2525 4951 μὲν
2555 4880 2670 4950 φῶς
2694 4879 2958 4952 ὑπάρχειν
2983 4878 3073 4931 καὶ
3104 4878 3161 4929 ἐν
3197 4874 3374 4938 νυκτὶ,
3408 4875 3472 4928 τὸ
3499 4874 3556 4927 δὲ
3604 4864 3783 4935 σκότος

569 4957 750 5014 ηειπιε
777 4973 906 5013 vero
953 4959 1186 5015 interdiu
1225 4974 1334 5015 non
1374 4961 1516 5026 sint;
1563 4961 1732 5030 liquet
1773 4976 1949 5031 neque
1978 4978 2123 5018 men-

2233 4975 2290 5026 ἐν
2318 4973 2498 5044 ἡμέρᾳ
2533 4971 2606 5044 μὴ
2649 4970 2786 5024 εἶναι
2830 4971 2890 5022 τὸ
2919 4969 3193 5035 ἀναλόγως
3225 4967 3347 5036 ἕχον
3389 4965 3538 5036 αὐτῷ
3575 4963 3784 5035 ψεῦδος,

567 5049 806 5114 dacium,
862 5051 1006 5120 quod
1046 5067 1170 5106 cum
1221 5052 1464 5108 tenebris
1494 5053 1902 5109 similitudinem
1949 5053 2123 5117 habet,

2233 5063 2410 5134 δῆλον,
2444 5063 2519 5126 ὠς
2551 5062 2658 5115 οὐδ’
2691 5059 2821 5113 αὐτὸ
2856 5059 3157 5128 ὑφέστηκεν
3193 5056 3382 5119 οὐσίας
3419 5056 3622 5126 τρόπον
3647 5053 3782 5115 τινὰ,

567 5155 666 5210 per
710 5155 768 5195 se
817 5139 1082 5194 exsistere
1125 5141 1299 5195 instar
1339 5141 1680 5206 substantiae,
1743 5142 1838 5197 sed
1880 5158 2134 5198 necessa-

569 5234 653 5287 rio
705 5232 966 5302 permitti,
1019 5240 1077 5285 ut
1109 5233 1438 5303 cogitatione
1467 5240 1679 5288 tantum
1710 5234 1802 5298 sit,
1855 5234 2018 5306 idque
2064 5235 2131 5290 ad

568 5324 890 5380 electionem
919 5322 1194 5379 veritatis.

641 5502 751 5573 (40)
787 5504 1023 5568 Σκότος.
1060 5499 1289 5573 Legerat
1318 5498 1510 5568 ψεῦδος
1538 5499 1876 5573 Turrianus,
1919 5509 1972 5557 et
2009 5503 2132 5571 qui-

571 5569 693 5626 dem
719 5569 921 5642 optime
953 5592 966 5627 :
1005 5587 1122 5642 non
1147 5569 1315 5642 enim
1339 5578 1727 5642 comparantur
1768 5571 1857 5625 hic
1898 5569 2131 5626 tenebrae

573 5655 696 5694 cum
723 5638 985 5706 tenebris,
1031 5640 1128 5697 sed
1162 5638 1503 5693 mendacium
1541 5655 1662 5693 eum
1710 5651 1870 5695 nocte
1899 5648 1952 5695 et
1980 5653 2131 5696 tene-

576 5707 721 5780 bris.
745 5712 1198 5780 quemadmodum
1227 5709 1316 5763 lux
1351 5724 1475 5780 cum
1495 5709 1750 5780 veritate.
1783 5710 1943 5765 BASN.

646 5777 777 5848 (41)-
800 5781 1048 5848 Ψεῦδος.
1102 5780 1309 5835 Desunt
1355 5779 1445 5835 hic
1491 5779 1547 5834 in
1581 5777 1768 5836 Graeco
1813 5780 1967 5848 plura
2008 5796 2129 5851 quae

2229 5153 2537 5221 ἀναγκαίως
2552 5151 2608 5204 δὲ
2627 5152 2780 5222 μόνον
2792 5151 2910 5202 κατ’
2933 5149 3169 5202 ἐπίνοιαν
3197 5147 3576 5216 ἐπιγίγνεσθαι
3594 5161 3782 5215 συγκε-

2231 5244 2472 5318 χώρηται
2495 5243 2628 5315 πρὸς
2648 5242 2855 5313 αἵρεσιν
2888 5241 2984 5311 τῆς
3015 5238 3287 5310 ἀληθείας.

2231 5517 2452 5558 sensum
2509 5518 2618 5558 non
2668 5501 2828 5557 modo
2873 5502 3190 5561 obscurum,
3251 5499 3347 5554 sed
3407 5499 3780 5568 imperfectum

2228 5574 2482 5647 reddunt.
2503 5573 2612 5647 ⁸ἰᾆὶε
2641 5574 2947 5647 supplerem
2969 5589 2979 5620 :
3014 5570 3078 5639 ἢν
3104 5569 3261 5647 adeo;
3291 5566 3587 5647 ἀγέννητον
3615 5566 3783 5647 ἀρχὴν

2228 5583 2482 5627 reddunt.
2521 5583 2612 5626 Sic
2641 5583 2943 5642 supplerem
2969 5589 2979 5620 :
3014 5583 3078 5639 ην
3104 5583 3261 5630 αυτος
3291 5583 3587 5640 αγεννητον
3615 5583 3783 5694 «pf-iv

2227 5642 2392 5710 λέγει,
2422 5643 2553 5713 μηδέ
2575 5645 2718 5696 ἐστιν
2749 5641 2902 5713 οὐσία
2922 5639 3261 5713 ύφεστηκυῖά
3283 5656 3341 5693 τε
3372 5641 3466 5694 καὶ
3497 5638 3663 5705 {iter
3715 5653 3728 5673 τ
3755 5650 3785 5693 ι

2229 5707 2557 5782 respondent
2589 5713 2786 5783 optime
2820 5707 3028 5765 Latina.
3062 5707 3134 5762 In.
