4064 6290
355 394 494 448 M75

1426 407 1789 468 ADVERSUS
1818 411 2234 473 MANlCHAEOS
2268 417 2394 474 LIB.
2434 420 2494 478 ΙΙ.

3415 432 3550 491 ιω

435 509 650 579 Ἐπειδὴ
678 507 734 562 δὲ
779 508 839 562 τὸ
870 510 986 580 φῶς
1018 515 1136 567 κατ’
1173 515 1358 572 οὐσίαν
1386 519 1679 594 ὑφέστηκε,
1723 527 1891 595 σαφῶς

2074 531 2210 598 Quia
2239 548 2366 587 vero
2389 532 2568 588 lumen
2609 535 2904 615 secundum
2939 537 3294 596 substantiam
3347 561 3440 615 per
3491 563 3550 602 se

351 601 462 673 ἄρα
493 601 584 652 καὶ
611 598 866 670 ἀλήθειαν
903 607 1170 673 νομίσειεν
1203 607 1267 662 ἄν
1308 627 1391 674 τις
1427 615 1547 666 κατ’
1581 616 1766 670 οὐσίαν
1798 619 1900 688 ὑφ-

352 693 593 757 εστάναι,
613 693 699 746 ἵνα
731 694 828 764 τῆς
851 695 1136 767 ἀναλογίας
1164 700 1400 773 σώζηται
1423 706 1456 775 ἡ
1486 707 1739 778 ἀκρίϐεια
1761 727 1774 740 ο
1808 712 1902 764 καὶ

351 785 402 838 τί
429 785 492 856 δὴ
524 785 585 838 τὸ
633 784 839 840 κωλύον
871 787 1003 842 Θεὸν
1035 791 1421 864 αύτοαλήθειαν
1463 793 1620 865 εἶναι,
1656 801 1904 870 ἡγεῖσθαί

349 893 408 929 τε
436 876 532 930 καὶ
567 876 840 946 νομίζειν;
871 880 918 932 εί
952 879 1060 951 γὰρ
1090 883 1205 951 φῶς
1232 887 1260 937 6
1283 885 1432 951 Θεὸς,
1458 888 1575 957 φῶς
1607 891 1814 962 νοητὸν,
1841 894 1902 946 οὐ

351 966 460 1038 γὰρ
480 966 552 1056 δὴ
581 968 795 1036 ὁρατὸν,
828 971 942 1038 φῶς
988 971 1164 1042 δῆλον,
1204 975 1279 1040 ὡς
1327 977 1583 1049 ἀλήθεια·
1637 981 1752 1050 φῶς
1795 983 1904 1056 γὰρ

349 1055 532 1128 νοερὸν
569 1057 718 1110 οὐδὲν
743 1058 889 1126 ἄλλο,
921 1061 1060 1133 πλὴν
1099 1064 1387 1134 ἀληθείαςο
1429 1069 1577 1139 ὅμως
1603 1071 1659 1125 δὲ
1703 1073 1817 1142 φῶς
1843 1055 1903 1129 τε

347 1149 442 1200 καὶ
491 1149 851 1221 αὑτοαλήθεια
902 1155 1182 1224 τυγχάνων
1233 1159 1261 1211 6
1305 1158 1437 1223 Θεὸς
1479 1162 1578 1215 οὐκ
1633 1164 1906 1239 ἀδυναμίᾳ

345 1239 569 1310 ψεύδους
601 1243 894 1313 ἀπέχεται,
938 1245 1073 1298 ἀλλά
1118 1248 1192 1320 μὴ
1244 1249 1562 1323 βουλόμενος
1601 1254 1900 1325 ψεύσασθαί

347 1346 500 1384 ποτε.
534 1331 596 1383 Εἰ
633 1330 689 1385 δέ
715 1349 777 1400 γε
824 1333 896 1404 μὴ
922 1334 1161 1402 δύναται,
1212 1341 1272 1392 οὐ
1313 1340 1421 1413 γὰρ
1463 1343 1660 1400 ἄτοπον
1707 1349 1899 1413 εἰπεῖν,

345 1419 527 1492 ἐπειδή
554 1439 616 1490 γε
643 1423 896 1478 οὐδέποτε
917 1426 1035 1496 οὐχὶ
1073 1426 1147 1498 μὴ
1175 1427 1441 1498 βούλεται.

1999 625 2225 686 exstitit,
2261 625 2421 695 plane
2451 625 2765 682 existimare
2802 607 2928 684 licét
2959 641 3084 686 esse
3124 607 3401 690 veritatem
3452 654 3548 708 per

2001 729 2060 768 se
2083 714 2382 769 secundum
2415 716 2796 784 substantiam,
2840 727 2898 774 ut
2933 721 3300 780 similitudinis
3330 740 3392 781 ac
3423 743 3548 796 pro-

2001 807 2264 876 portionis
2296 808 2435 862 ratio
2466 809 2646 865 limate
2685 819 2740 866 et
2781 811 3017 882 perfecte
3046 823 3324 882 servetur,
3355 819 3548 890 ecquid

2002 895 2268 966 prohibet,
2296 896 2430 966 quin
2461 895 2628 953 Deum
2681 899 2851 971 ipsam
2885 917 2982 972 per
3013 919 3071 960 se
3113 909 3386 962 veritatem
3426 925 3548 966 esse

2002 986 2374 1043 existimemus
2412 994 2466 1042 et
2513 995 2868 1060 reputemus?
2898 993 2952 1049 Si
2988 997 3129 1050 enim
3158 998 3300 1055 Deus
3329 1009 3412 1055 est
3461 1001 3546 1056 lu-

2004 1092 2146 1141 men,
2173 1077 2354 1133 lumen
2377 1087 2554 1135 autem
2580 1081 2936 1154 intelligibile,
2964 1103 3073 1142 non
3098 1091 3440 1160 aspectabile.
3466 1093 3548 1147 lu-

2002 1175 2127 1221 men
2177 1169 2382 1225 scilicet
2426 1170 2567 1226 sicut
2605 1175 2838 1244 veritas;
2882 1179 3060 1236 lumen
3096 1184 3239 1236 enim
3269 1184 3547 1254 spirituale

1986 1254 2135 1312 “nihil
2164 1260 2309 1315 aliud
2339 1269 2442 1327 est,
2471 1278 2632 1334 quam
2678 1266 2858 1324 lumen
2890 1272 3162 1340 veritatis;
3193 1273 3333 1331 Deus
3365 1283 3546 1333 tamen

2001 1365 2123 1406 cum
2157 1354 2336 1409 iumen
2368 1363 2422 1410 et
2463 1357 2579 1426 ipsa
2633 1373 2728 1428 per
2769 1376 2827 1416 se
2860 1365 3060 1420 veritas
3091 1365 3182 1430 sit,
3213 1382 3238 1419 ιι
3268 1367 3547 1422 mendacio

1999 1440 2255 1507 abstinet,
2290 1459 2399 1498 non
2432 1448 2558 1515 quia
2587 1445 2766 1502 deﬁcit
2793 1451 2840 1505 ei
2869 1461 3129 1521 potestas,
3162 1457 3254 1511 sed
3279 1457 3404 1526 quia
3436 1471 3545 1511 non

344 1512 459 1566 vult
493 1527 728 1583 unquam
783 1518 1019 1572 mentiri.
1080 1518 1136 1574 Si
1181 1530 1358 1577 autem
1400 1539 1509 1579 non
1550 1532 1750 1596 potest,
1793 1543 1903 1586 non
1949 1531 2091 1586 enim
2119 1533 2416 1589 absurdum
2437 1512 2521 1592 est
2549 1538 2627 1593 sic
2656 1539 2825 1610 loqui,
2857 1512 2979 1599 ideo
3007 1512 3127 1600 non.
3163 1512 3362 1616 potest,
3418 1546 3544 1617 quia

344 1627 621 1682 nunquam
659 1615 794 1669 vult.

411 1699 506 1768 Οἷς
550 1704 648 1792 μέν
677 1705 782 1778 γὰρ
825 1708 1012 1762 καὶτὸ
1065 1710 1342 1782 βούλεσθαι
1379 1719 1472 1771 καὶ
1511 1720 1571 1773 τὸ
1615 1722 1711 1792 μὴ,
1760 1723 1900 1776 κατὰ

2073 1722 2283 1790 Quibus
2329 1727 2474 1783 enim
2506 1728 2644 1785 velle
2689 1735 2745 1786 et
2776 1743 2885 1784 non
2923 1731 3060 1784 velle
3086 1728 3295 1784 diverse
3327 1731 3543 1796 accidit,

340 1789 823 1867 διάφορον’τρόπον
856 1801 1258 1872 ἐπισυμϐαίνει,
1290 1807 1500 1873 τούτοις
1541 1789 1776 1880 εὐλόγως
1805 1815 1891 1868 καὶ

1999 1789 2145 1870 recte
2171 1824 2225 1870 et
2253 1817 2450 1872 rationi
2477 1819 2863 1876 convenienter
2890 1819 2976 1876 his
3009 1819 3320 1875 attribuitur
3348 1835 3542 1892 posse:

339 1885 399 1938 τὸ
451 1885 705 1942 δύνασθαι
751 1889 1075 1964 ἀφώρισται.
1135 1896 1253 1969 Θεῷ
1283 1899 1340 1952 δέ
1389 1917 1470 1968 γε,
1525 1903 1709 1976 ἐπειδὴ
1755 1905 1902 1960 οὐδέ-

340 1992 469 2029 ποτε
507 1979 786 2049 συμϐαίνει
816 1983 877 2036 τὸ
909 1982 1212 2054 βούλεσθαι,
1247 1989 1308 2044 τὸ
1347 1991 1422 2062 μὴ
1454 1992 1708 2049 δύνασθαι
1733 2013 1900 2068 προσ-

339 2070 570 2124 απτέον·
626 2072 767 2127 οὕτω
799 2076 1004 2146 μέντοι,
1039 2079 1126 2134 διὰ
1152 2083 1213 2135 τὸ
1270 2085 1540 2156 μηδέποτε
1596 2087 1895 2159 βούλεσθαι,

338 2159 457 2231 οὐχὶ
480 2161 566 2216 διὰ
596 2164 656 2217 τὸ
687 2165 761 2237 μὴ
793 2167 1049 2225 δύνασθαι
1093 2174 1292 2243 τρόπον
1332 2177 1613 2242 ἀσθενείας
1637 2180 1730 2234 καὶ
1768 2180 1896 2234 ἀδυ-

339 2253 567 2323 ναμίας·
603 2257 662 2310 τὺ
692 2259 788 2328 μὲν
816 2261 924 2332 γὰρ
945 2262 1326 2337 δημιούργημα
1356 2270 1690 2341 πεπεδῆσθαι
1716 2272 1891 2342 φύσει,

295 2332 318 2348 κ
337 2344 480 2414 λέγω
509 2345 572 2418 δὴ
609 2348 668 2400 τὸ
709 2332 1026 2421 σωματικὸν
1055 2332 1198 2425 φῶς(
1233 2332 1345 2412 -ούκ
1383 2332 1574 2430 ἄλογον
1604 2332 1792 2432 φάναι,
1819 2332 1894 2430 ὡς

342 2435 415 2506 μὴ
440 2437 526 2488 ἐπ’
551 2440 698 2511 αύτῷ
720 2437 856 2496 εῖναι
877 2445 937 2497 τὸ
967 2441 1103 2500 εἶναι
1126 2448 1259 2517 φῶς,
1285 2449 1398 2504 ἀλλ’
1430 2454 1521 2506 ἐπὶ
1541 2454 1617 2525 τῷ
1639 2460 1893 2528 ποιήσαν-

336 2544 389 2580 τι
409 2545 423 2558 ο
445 2529 537 2583 τὸν
566 2531 622 2584 δὲ
650 2534 989 2606 Δημιουργδν
1014 2538 1415 2612 ὑποϐεὸλῆσθαι
1444 2544 1656 2614 φύσεως
1679 2549 1893 2622 ἀνάγκῃ

337 2617 456 2672 λίαν
493 2621 690 2676 ἄτοπον
723 2626 994 2695 ἡγεῖσθαι,
1024 2629 1098 2694 ὡς
1132 2629 1205 2702 μὴ
1236 2633 1321 2686 ἐπ’
1355 2635 1500 2706 αύτῷ
1541 2632 1680 2692 εἶναι
1720 2639 1892 2696 δοκεῖν

338 2710 398 2764 τὸ
449 2712 763 2785 ἀληθεύειν,
818 2718 950 2772 ἀλλὰ
997 2722 1133 2792 πρὸς
1171 2723 1270 2794 τῆς
1318 2725 1528 2796 φύσεως
1578 2729 1890 2800 βεσιᾶσθαι,

340 2803 580 2874 καίτοιγε
626 2807 762 2882 ὅπερ
800 2811 980 2874 ἐστὶν,
1016 2813 1148 2867 αὐτὸ
1199 2817 1356 2886 μόνον
1404 2821 1572 2875 ἐστίν.
1635 2823 1773 2878 Ἀλλ’
1809 2819 1892 2890 οἷς

341 2895 440 2989 μὲν
477 2896 874 2972 ἐδημιούργησε
919 2904 1187 2959 ἐντέθεικε
1231 2909 1290 2962 τὸ
1337 2909 1494 2978 φύσει
1535 2912 1627 2966 καὶ
1679 2915 1890 2989 ἀνάγκῃ

337 2981 476 3040 εἶναι
519 2989 547 3041 ὅ
609 2991 775 3044 εἰσινο
832 2994 979 3065 αύτῷ
1039 2996 1220 3066 μέντοι
1272 3001 1568 3056 ἐντέθεικεν
1610 2981 1804 3070 οὐδεὶς*
1830 2981 1890 3061 τό

338 3076 551 3150 ἀνάγκη
583 3075 719 3134 εἶναι
751 3081 1019 3152 ἀλήθειαν.
1072 3088 1281 3143 υύκοῦν
1319 3090 1529 3161 φύσεως
1569 3096 1666 3166 μὲν
1707 3099 1889 3154 ἐπάνω

1997 1904 2108 1961 Deo
2141 1917 2317 1963 autem
2351 1911 2607 1979 quoniam
2646 1926 2922 1982 nunquam
2972 1911 3168 1970 accidit
3206 1912 3362 1978 velle,
3408 1927 3544 1968 con-

1998 1996 2256 2052 ﬁteudum
2297 2007 2382 2055 est
2427 2015 2534 2056 non
2578 2016 2740 2072 posse
2776 2017 2899 2058 eum
2933 2004 3182 2070 mentiri;
3231 2005 3311 2060 sic
3341 2011 3540 2068 tamen,

1995 2088 2122 2158 quia
2153 2090 2360 2146 scilicet
2381 2105 2488 2146 non
2517 2101 2691 2166 potest
2724 2095 2894 2161 velle;
2929 2110 3039 2149 non
3075 2103 3253 2151 autem
3284 2099 3410 2167 quia
3433 2113 3541 2154 non

1994 2190 2172 2251 potest
2204 2183 2272 2238 ad
2322 2187 2492 2242 instar
2535 2187 2654 2258 ejus
2697 2188 2785 2243 cui
2816 2195 2900 2244 est
2937 2188 3225 2245 inﬁrmitas
3272 2196 3325 2244 et
3361 2188 3542 2244 deﬁcit

1991 2283 2278 2344 potestas:
2322 2285 2624 2334 creaturam
2654 2280 2798 2334 enim
2839 2279 3086 2350 impediri
3141 2289 3195 2335 et
3242 2281 3538 2352 constringi

1992 2375 2206 2432 natura,
2242 2369 2440 2432 lumen,
2469 2370 2711 2440 inquam,
2743 2385 3060 2442 corporeum
3089 2387 3196 2426 non
3228 2373 3424 2428 habere
3446 2387 3538 2444 pe-

1991 2472 2088 2512 nes
2111 2472 2170 2513 se
2195 2498 2210 2524 ,
2248 2471 2306 2514 ut
2340 2461 2410 2516 sit
2441 2461 2646 2529 lumen,
2690 2461 2784 2517 sed
2814 2479 2979 2533 penes
3009 2472 3282 2519 auctorem
3315 2466 3535 2522 luminis

1989 2562 2130 2612 esse,
2158 2563 2267 2603 non
2299 2558 2382 2606 est
2415 2551 2650 2605 alienum
2685 2567 2717 2606 a
2749 2554 2960 2608 ratione
2987 2553 3066 2611 sic
3097 2553 3319 2620 dicere;
3349 2565 3538 2610 aucto-

1989 2653 2102 2692 rem
2133 2654 2261 2695 veru
2286 2640 2589 2710 subjectum
2617 2658 2737 2700 esse
2766 2645 3076 2700 necessitati
3120 2654 3346 2711 naturae,
3386 2648 3538 2704 valde

1988 2726 2283 2783 absurdum
2326 2739 2407 2785 est
2445 2731 2718 2803 cogitare;
2755 2740 2814 2787 ut
2855 2749 2962 2788 non
2990 2735 3237 2790 videatur
3262 2753 3426 2807 penes
3457 2739 3539 2808 ip-

1990 2832 2109 2871 sum
2143 2834 2264 2874 esse
2297 2836 2482 2876 verum
2513 2823 2711 2889 dicere,
2733 2824 2826 2879 sed
2855 2839 2886 2879 a
2916 2835 3108 2880 natura
3140 2842 3234 2896 per
3263 2827 3372 2882 vim
3393 2829 3534 2899 cogi,

1987 2923 2111 2963 cum
2145 2911 2342 2982 alioqui
2372 2913 2548 2982 ipsum
2574 2915 2748 2969 solum
2781 2915 2871 2983 sit,
2897 2917 3040 2986 quod
3065 2917 3279 2988 quidem
3318 2930 3418 2974 est.
3463 2917 3536 2976 Iis

1987 3008 2166 3056 tamen
2196 3018 2316 3074 quae
2342 3005 2565 3071 creavit,
2603 3005 2879 3076 imposuit,
2907 3015 2965 3062 ut
2993 3014 3183 3063 natura
3216 3018 3268 3066 et
3296 3009 3537 3067 necessi-

1994 3100 2102 3148 tate
2132 3104 2316 3151 essent
2348 3096 2490 3167 quod
2525 3105 2671 3154 sunt.
2721 3096 2831 3154 Deo
2856 3105 3038 3155 tamen
3070 3117 3230 3156 nemo
3258 3101 3534 3172 imposuit,

335 3168 365 3220 6
397 3166 584 3261 φύσεις
613 3175 1152 3247 κατασκευασάμενος
1172 3194 1184 3208 ·
1223 3182 1382 3246 αὐτὸς
1407 3183 1464 3237 δὲ
1489 3185 1700 3254 φύσεως
1724 3190 1889 3260 ἀνάγ-

1990 3193 2047 3238 ut
2088 3166 2411 3242 necessitate
2444 3195 2652 3242 naturae
2678 3195 2822 3243 esset
2840 3189 3059 3244 veritas.
3091 3188 3265 3261 Supra
3289 3202 3536 3248 naturam

335 3275 440 3403 ἕης
464 3260 773 3334 ἐλεύθεροςο
817 3265 959 3322 οὔτω
989 3268 1097 3340 γὰρ
1127 3271 1342 3344 ἀληθῶς
1385 3275 1586 3344 ἀγαθὸς
1626 3279 1889 3354 ὁμολογη-

371 3352 572 3403 ήσεται.

371 3352 572 3422 ήσεται.

404 3527 610 3582 Οὐκοῦν
635 3529 721 3584 διὰ
750 3531 856 3586 τῶν
881 3535 1182 3606 εἰρημένων
1218 3537 1345 3590 αὐτὸ
1377 3537 1568 3608 ψεῦδος
1599 3543 1699 3596 οὐκ
1736 3544 1882 3601 ἐστι’

329 3618 568 3690 ψεύστης
599 3620 656 3673 δὲ
699 3625 729 3675 6
776 3624 1133 3698 ψευδόμενος·
1186 3630 1291 3682 ἀπὸ
1316 3629 1425 3703 γὰρ
1471 3632 1564 3685 τοῦ
1615 3638 1887 3705 μετιόντος

331 3709 606 3778 καλεῖται,
649 3714 746 3784 οὐχ
786 3718 814 3768 6
863 3719 1252 3789 μετερχόμενος
1297 3721 1403 3774 ἀπὸ
1444 3723 1538 3776 τοῦ
1593 3727 1666 3798 μὴ
1715 3728 1881 3794 ὄντος.

332 3800 538 3866 Ψεῦδος
577 3803 686 3876 γὰρ
717 3806 822 3877 πρὸ
846 3808 948 3862 ’τοῦ
998 3813 1336 3878 ἐπινοοῦντος
1373 3816 1505 3869 αύτό
1541 3818 1638 3871 οὐκ
1671 3821 1736 3873 ἂν
1765 3822 1880 3893 εἴη’

330 3893 722 3966 παραπλησίως
752 3897 808 3951 δὲ
839 3900 929 3953 καὶ
969 3902 1157 3966 σκότος
1185 3905 1245 3957 οὐ
1279 3903 1730 3980 δεδημιούργηται
1763 3913 1881 3983 μὲν,

330 3987 744 4058 παρεισέρχεται
773 3989 850 4054 δὲ,
885 3990 1012 4044 σκιὰ
1057 3993 1210 4046 τοῦδε
1244 3994 1336 4047 τοῦ
1381 3999 1578 4062 παντὸς
1606 4000 1878 4072 ὑπάρχον⁹

329 4079 467 4152 πλὴν
495 4081 618 4135 ὅσον
645 4081 706 4134 τὸ
737 4082 834 4152 μὲν
866 4084 1052 4147 σκότος
1077 4086 1137 4137 οὐ
1164 4086 1320 4156 μόνον
1351 4089 1665 4162 ὑποτρέχειν
1690 4111 1884 4162 συγκε-

331 4169 593 4242 χώρηται,
629 4172 763 4226 ἀλλὰ
805 4173 902 4228 καὶ
930 4174 1048 4228 λίαν
1092 4176 1381 4250 ὠφελίμως
1403 4197 1415 4210 ·
1441 4183 1534 4235 τοῦ
1569 4183 1624 4236 δὲ
1652 4184 1881 4253 ψεύδους

326 4263 603 4333 ήέπίνοια
648 4263 746 4336 τὴν
792 4263 890 4337 μὲν
935 4267 1142 4338 αἵρεσιν
1188 4268 1438 4342 διασαφεῖ
1483 4273 1583 4344 τῆς
1626 4275 1881 4347 ἀληθείας

325 4353 476 4425 παρὰ
512 4354 851 4428 ἀνθρὼποις’
899 4359 1296 4430 προτιμηθεῖσα
1343 4363 1400 4417 δὲ
1449 4364 1548 4436 τῆς
1588 4365 1875 4438 ἀληθείας,

325 4440 704 4516 βλαϐερωτάτη
736 4447 799 4514 γέ
827 4448 962 4511 ἐστι,
992 4451 1083 4502 καὶ
1107 4449 1250 4520 μάλα
1273 4467 1336 4520 γε
1380 4454 1601 4518 εἰκότως
1623 4471 1638 4486 ⁸
1684 4457 1877 4526 ψεῦδος
1907 4499 1951 4556 D

322 4534 430 4606 γὰρ
457 4535 591 4606 πρὸς
615 4535 913 4608 ἀνθρώπων
946 4541 1257 4608 ἐπινοεῖται,
1291 4545 1478 4610 σκότος
1505 4545 1560 4600 δὲ
1591 4547 1652 4600 τὸ
1682 4565 1872 4620 σωμα-

320 4625 469 4679 τικὸν
518 4627 668 4698 παρὰ
721 4629 856 4684 Θεοῦ
895 4634 1088 4687 κεῖται.
1117 4635 1207 4689 Διὸ
1242 4638 1347 4706 χρὴ
1384 4637 1445 4690 τὸ
1501 4640 1597 4708 μὲν
1649 4641 1872 4697 νοοῦντα

321 4715 560 4785 φεύγειν,
594 4719 654 4773 τὸ
679 4719 735 4773 δὲ
760 4721 833 4792 μὴ
860 4721 1234 4796 λοιδορεῖσθαι,
1266 4729 1574 4797 ἀναγκαίως
1609 4733 1744 4803 πρὸς
1775 4734 1868 4788 τοῦ

319 4809 658 4883 Δημιουργοῦ
685 4813 953 4884 κείμενον.

1987 3275 2151 3347 igitur
2179 3283 2282 3339 est,
2326 3279 2418 3350 qui
2451 3287 2674 3334 naturas
2719 3277 3016 3336 fabricatus
3053 3289 3174 3349 est;
3217 3281 3331 3352 ipse
3357 3292 3534 3337 autem

1988 3368 2122 3424 liber
2151 3376 2235 3423 est
2263 3383 2293 3422 a
2328 3369 2652 3425 necessitate
2694 3378 2902 3424 naturae
2929 3389 2944 3426 :
2971 3371 3052 3426 sic
3091 3373 3233 3428 enim
3264 3388 3392 3429 vere
3437 3373 3536 3429 bo-

1986 3467 2114 3508 num
2145 3468 2265 3509 esse
2304 3455 2700 3509 conﬁtebimur.

2053 3543 2219 3616 Igitur
2239 3561 2305 3602 ex
2333 3548 2400 3602 iis
2429 3563 2548 3617 quae
2567 3547 2709 3603 dicta
2738 3556 2884 3617 sunt,
2902 3547 3106 3620 pateﬁt,
3123 3565 3220 3622 per
3233 3565 3291 3606 se
3307 3553 3532 3609 menda-

1984 3636 2126 3690 cium
2152 3650 2258 3691 non
2285 3652 2437 3704 esse;
2463 3638 2774 3694 mendacem
2802 3655 2930 3695 vero
2950 3655 3070 3696 esse
3096 3655 3218 3695 eum
3253 3643 3348 3712 qui
3389 3659 3534 3699 men-

1985 3727 2149 3795 titur;
2180 3743 2210 3782 a
2236 3729 2527 3784 mentiente
2567 3730 2708 3783 enim
2731 3739 2958 3786 vocatur
3003 3732 3387 3800 mendacium;
3423 3750 3530 3790 non

1983 3827 2158 3872 autem
2191 3819 2454 3874 mentiens
2485 3827 2706 3874 vocatur
2729 3820 2796 3875 ab
2818 3836 2902 3884 eo,
2925 3822 3067 3892 quod
3110 3838 3218 3877 non
3239 3830 3343 3880 est.
3388 3824 3533 3880 Men-

1982 3908 2195 3963 dacium
2224 3911 2366 3964 enim
2395 3925 2504 3964 non
2533 3919 2712 3982 potest
2752 3927 2872 3969 esse
2904 3924 3189 3984 antequam
3225 3916 3527 3985 cogitetur:

1981 3998 2230 4055 similiter
2257 4001 2492 4056 tenebrze
2533 4016 2640 4056 non
2670 4009 2797 4058 sunt
2846 4012 3059 4070 creatze,
3093 4005 3185 4060 sed
3219 4007 3525 4071 subierunt,

1984 4086 2139 4143 factze
2172 4089 2364 4144 umbra
2398 4090 2636 4146 universi
2665 4111 2677 4147 :
2714 4101 3069 4165 praeterquam
3103 4095 3249 4165 quod
3291 4097 3528 4153 tenebra:

1980 4194 2087 4234 non
2113 4180 2287 4234 solum
2333 4181 2517 4237 subire
2559 4184 2838 4251 permissa
2879 4193 3028 4250 sunt,
3059 4185 3152 4240 sed
3181 4188 3334 4242 valde
3363 4190 3525 4243 etiam

1979 4270 2199 4328 utiliter.
2228 4271 2491 4343 Cogitatio
2520 4288 2645 4328 vero
2685 4275 2948 4330 mendacii
2981 4275 3298 4331 electionem
3329 4279 3528 4333 verita-

1977 4360 2048 4414 tis
2072 4359 2211 4428 apud
2256 4360 2503 4415 homines
2536 4361 2797 4416 declarat.
2841 4362 2975 4417 Cum
3018 4379 3147 4420 vero
3182 4368 3527 4436 anteponitur

1977 4450 2189 4505 veritati
2215 4451 2576 4514 mendacium,
2598 4454 3042 4509 nocentissimum
3064 4466 3168 4523 est,
3193 4457 3352 4528 idque
3373 4459 3526 4514 valde

1977 4551 2370 4610 consentanea;
2403 4545 2741 4599 mendacium
2771 4546 2913 4600 enim
2935 4545 3002 4601 ab
3027 4547 3335 4605 hominibus
3363 4563 3525 4604 exco-

1975 4631 2199 4702 gitatum
2236 4640 2340 4693 est,
2384 4634 2618 4688 tenebrae
2664 4648 2791 4688 vero
2829 4648 3103 4706 corporea:
3141 4652 3170 4690 a
3206 4637 3314 4693 Deo
3336 4638 3526 4708 positae

1975 4730 2122 4780 sunt.
2144 4721 2352 4779 Idcirco
2371 4732 2583 4795 oportet
2620 4725 2748 4780 illud
2782 4727 2997 4797 quidem
3027 4727 3238 4799 fugere;
3272 4729 3373 4785 hoc
3397 4745 3524 4785 vero

1976 4831 2085 4870 non
2129 4815 2462 4885 vituperare,
2497 4815 2643 4887 quod
2683 4817 2994 4873 necessario
3027 4834 3058 4872 a
3085 4820 3340 4878 Creatore
3376 4823 3524 4895 posi-

1974 4917 2088 4962 tum
2120 4915 2220 4961 est.

1003 5013 1132 5071 CAP.
1167 5015 1282 5072 XX.
1325 5017 1552 5074 Manetis
1589 5024 1840 5090 stultitia,
1875 5023 2108 5093 negantis
2149 5022 2289 5082 feras
2319 5037 2351 5075 a
2378 5020 2488 5076 Deo
2517 5021 2680 5090 fuisse
2707 5033 2932 5080 creatas.

385 5146 712 5216 Λοιδορεῖται
753 5147 850 5216 μὲν
893 5149 953 5201 ού
991 5147 1146 5202 τοῦτο
1176 5154 1332 5220 μόνον
1372 5155 1401 5206 6
1425 5156 1523 5220 τῆς
1555 5156 1865 5228 κενωτάτης

2042 5153 2324 5223 Vituperat
2378 5161 2556 5209 autem
2613 5170 2721 5210 non
2768 5156 2866 5213 has
2911 5159 3084 5213 solum
3130 5160 3232 5216 iste
3265 5162 3520 5219 inauditae

311 5238 450 5291 κατὰ
476 5236 607 5291 θεοῦ
632 5237 977 5310 βλασφημίας
1007 5243 1257 5314 εὑρετὴς,
1281 5244 1417 5298 ἀλλά
1442 5249 1536 5301 καὶ
1570 5247 1727 5313 ζώοις
1755 5253 1865 5314 τοῖς

1987 5255 2159 5302 :ontra
2201 5245 2364 5299 Deum
2399 5246 2747 5317 blasphemiae
2775 5249 3050 5318 inventor;
3085 5252 3177 5306 sed
3211 5253 3374 5306 etiam
3398 5254 3511 5307 ani-

309 5327 505 5399 ἀγρίαν
532 5326 691 5397 φύσιν
732 5330 880 5400 παρὰ
903 5332 997 5385 τοῦ
1028 5335 1370 5406 Δημιουργοῦ
1407 5335 1647 5408 λαχοῦσι,
1678 5340 1865 5410 σαφῶς

1987 5343 2196 5399 nantes,
2222 5351 2342 5404 quae
2386 5346 2631 5391 naturam
2662 5353 2856 5394 saevam
2898 5343 3100 5396 sortitae
3129 5350 3258 5396 sunt
3293 5357 3321 5394 a
3349 5341 3516 5398 Crea-

308 5418 464 5490 δίκην
491 5418 684 5491 ἐχθροῦ
717 5418 786 5472 τά
819 5421 994 5476 πάντα
1021 5423 1286 5491 φιλαιτίου
1309 5428 1450 5481 κατὰ
1476 5429 1584 5482 τῶν
1609 5430 1865 5502 δημιουρ-

1989 5443 2120 5494 ore;
2151 5443 2300 5482 more
2329 5427 2531 5482 inimici
2561 5429 2656 5499 qui
2691 5432 2869 5485 omnia
2896 5445 3183 5499 accusans,
3217 5433 3272 5490 in
3299 5442 3516 5492 creatu-

307 5513 565 5583 γημὰτων
598 5511 930 5586 κινούμενος.
977 5513 1211 5584 Ἐλέγξει
1251 5515 1306 5569 δὲ
1355 5520 1383 5571 6
1411 5517 1564 5587 λόγος
1593 5521 1688 5575 τοῦ
1717 5522 1859 5575 ἀπα-

306 5602 504 5665 τεῶνος
532 5603 632 5674 τὴν
661 5603 853 5673 ἄλογον
886 5605 978 5658 καὶ
1008 5606 1064 5658 ἐν
1089 5605 1297 5671 τούτοις
1319 5608 1681 5681 βλασφημίαν.

373 5779 547 5850 Θηρία
581 5779 687 5852 γὰρ
721 5779 933 5836 ἅπαντα
973 5783 1276 5854 τετράποδά
1311 5801 1368 5838 τε
1408 5786 1499 5839 καὶ
1532 5786 1733 5857 ἑρπετὰ
1761 5805 1858 5842 κα-

1962 5533 2052 5573 ras
2091 5517 2182 5572 Dei
2230 5518 2524 5574 invehitur.
2575 5519 2678 5576 Sed
2725 5522 3109 5592 blasphemiam
3143 5531 3412 5579 amentem
3456 5535 3513 5582 et

1963 5610 2248 5664 vecordem
2281 5610 2440 5666 istius
2478 5613 2783 5685 deceptoris
2825 5616 2879 5670 in
2925 5616 3236 5685 huiusmodi
3267 5619 3515 5678 animan-

1966 5701 2113 5756 tibus
2141 5715 2320 5757 sermo
2352 5717 2530 5762 nostet
2567 5707 2870 5776 redarguet.

2037 5789 2240 5850 Omnes
2292 5797 2434 5852 enim
2473 5795 2618 5853 feras
2664 5811 2728 5851 ac
2768 5797 2990 5864 bestias,
3039 5798 3416 5872 quadrupedes
3446 5812 3513 5858 De
