4064 6290
607 378 744 434 ms
1749 393 1881 450 rm
1924 397 2345 458 BosmENsxs
2376 377 2674 462 cpissent
3669 427 3781 483 ms

603 504 881 566 serpentes
907 513 1029 552 cum
1058 500 1350 570 vituperat,
1392 504 1612 576 perinde
1642 510 1771 566 mihi
1802 511 1981 568 facere
2013 515 2162 570 vide-
2193 543 2208 578 Α

2193 525 2235 578 Λ
2267 519 2450 584 κίζων,
2508 523 2883 595 παραπλήσιόν
2920 543 2970 578 τι
3019 528 3242 597 πάσχειν
3283 548 3370 601 μοι
3421 532 3578 596 δοκεῖ,
3624 537 3779 613 ὥσπερ

600 599 712 652 tur,
747 598 806 645 ut
841 593 886 647 si
909 592 1032 662 quis
1061 607 1254 650 servus
1288 595 1505 655 deditus
1527 606 1764 670 peccatis
1787 613 1840 659 et
1869 605 2160 676 improbis-

2264 609 2328 661 ἂν
2363 611 2417 663 εί
2459 628 2542 676 τις
2570 592 3004 686 φιλαμαρτήμων
3047 592 3230 681 δοῦλος
3267 592 3359 672 καὶ
3397 620 3514 674 λίαν
3562 592 3777 698 fama;

602 681 797 744 simus,
839 683 942 736 alia
985 685 1202 753 quidem
1251 689 1458 745 domini
1491 701 1544 747 et
1573 696 1814 751 auctoris
1841 698 1925 751 sui
1965 713 2162 768 appro-

2259 702 2327 753 τὰ
2364 703 2462 773 μὲν
2498 703 2631 757 ἄλλα
2671 706 2765 758 τοῦ
2809 706 3063 761 δεσπότου
3096 709 3258 762 αὑτοῦ
3298 711 3641 768 ἀκαταιτίατα
3671 720 3779 772 ἀπο-

601 769 713 833 bet,
745 769 872 824 odio
900 780 1080 828 autem
1102 775 1299 832 habeat
1325 789 1378 833 et
1414 781 1734 838 criminetur
1777 784 2042 856 ﬂagellum
2073 804 2162 842 so-

2264 769 2484 864 δέχοιτο,
2529 798 2710 868 μισοίη
2751 797 2806 850 δὲ
2851 800 2945 852 καὶ
2977 799 3245 855 διαϐάλλοι
3295 803 3528 872 μάστιγά
3571 769 3683 859 που

601 859 710 912 Ιιιω
747 860 889 928 quod
917 871 1136 934 apparet
1160 883 1174 931 ;
1221 867 1313 932 qui
1349 868 1470 937 ipso
1497 871 1718 940 quidem
1746 873 1874 927 odio
1903 876 2158 940 ostendit,

2266 859 2423 955 μόνον
2470 859 2830 960 φαινομένην·
2877 891 3025 963 αὑτῷ
3069 909 3133 961 γε
3178 893 3254 964 τῷ
3295 859 3480 964 μισεῖν.
3511 899 3539 950 ὁ
3577 859 3779 966 τοιοῦτος

597 965 763 1018 quam
809 955 1182 1010 necessarium
1241 958 1313 1012 sit
1355 959 1624 1030 ﬂagellum
1658 967 1965 1034 appositum
2004 987 2014 1021 :
2062 969 2158 1022 ho-

2260 955 2493 1040 δεικνὺς.
2533 978 2608 1042 ὠς
2632 955 2936 1048 ἀναγκαῖον
2979 955 3038 1034 τὸ
3077 955 3503 1054 παρακείμενον·
3543 955 3777 1058 ἄνθρωποί

597 1041 772 1096 mines
803 1045 945 1099 enim
973 1047 1159 1104 faciles
1186 1061 1239 1104 et
1267 1053 1439 1120 parati
1482 1054 1547 1107 ad
1581 1057 1898 1126 capiendam
1932 1059 2160 1114 oblivio-

2261 1067 2391 1138 γὰρ,
2443 1069 2580 1139 πρὸς
2630 1069 2728 1141 τὴν
2757 1041 2901 1126 κατά
2942 1071 3077 1126 Θεοῦ
3119 1041 3285 1144 ληοην
3317 1041 3587 1146 πρόχειροι
3607 1041 3778 1149 τῦγχά.

595 1151 718 1189 nem
767 1147 958 1192 contra
1012 1138 1204 1208 Deum,
1259 1145 1304 1198 si
1346 1146 1482 1200 nihil
1531 1147 1794 1204 haberent
1857 1151 1910 1204 in
1959 1153 2160 1208 fabrica

2261 1138 2496 1224 vovreq,
2518 1162 2568 1213 εἰ
2625 1138 2790 1232 μηδὲν
2829 1162 2976 1228 ἀξιον
3018 1138 3181 1227 δέους·
3212 1138 3530 1235 φαινόμενον
3569 1138 3779 1238 εἶχονὶέν

597 1229 787 1284 mundi
820 1231 964 1300 quod
994 1232 1216 1305 dignum
1245 1251 1367 1290 esse
1403 1245 1547 1292 metu
1593 1253 1896 1310 appareret,
1927 1245 2160 1314 amplius

2260 1252 2590 1324 δημιουργίᾳ
2611 1229 2638 1314 ,ν
2675 1229 2835 1305 πλέον
2887 1254 2982 1323 μὲν
3036 1253 3100 1308 ἃν
3141 1229 3516 1326 ἐχώρίσθησαν
3563 1229 3778 1329 προθέσει

600 1321 820 1389 quidem
850 1325 1208 1392 procederent
1231 1328 1413 1382 animo
1443 1337 1496 1384 et
1525 1331 1802 1388 voluntate
1834 1343 2026 1388 contra
2057 1336 2162 1391 De-

2259 1321 2359 1398 τάῡ
2399 1321 2574 1410 esas,
2609 1321 2903 1420 ᾐτιάθησαν
2941 1347 2998 1399 δὲ
3047 1347 3146 1400 οὐκ
3172 1321 3450 1415 saw,
3487 1349 3578 1402 ἆτε
3605 1321 3674 1420 ’δὴ
3709 1352 3778 1405 διὰ

594 1427 722 1473 um;
764 1416 1006 1470 accusati
1049 1432 1179 1472 vero
1216 1428 1404 1474 essent
1447 1436 1555 1475 non
1582 1431 1752 1485 recte,
1787 1433 1972 1494 utpote
2014 1428 2160 1481 nulla

2264 1437 2486 1508 μηδενὸς
2518 1416 2638 1490 τῶν
2675 1416 3017 1508 ’φαινομένων
3067 1439 3471 1510 διεγειρόμενοι.
3512 1441 3574 1494 Εἰ
3610 1416 3703 1513 γάρ
3727 1443 3776 1513 δὴ

597 1518 655 1556 re
683 1518 872 1560 earum
906 1522 1027 1576 qua
1058 1519 1322 1578 apparent
1365 1513 1608 1568 excitati.
1655 1514 1766 1569 Etsi
1797 1517 1938 1569 enim
1968 1524 2160 1572 natura

2259 1530 2354 1581 καὶ
2384 1528 2674 1600 πρόσεστιν
2697 1531 2829 1600 ἡμῖν
2856 1529 3014 1598 φύσει
3045 1529 3104 1582 τὸ
3123 1529 3426 1600 ἐλευθέριον
3457 1531 3586 1602 πρὸς
3605 1533 3780 1603 αἵρεσιν

595 1595 738 1649 inest
779 1597 937 1653 nobis
977 1598 1200 1654 libertas
1231 1602 1295 1655 ad
1328 1603 1634 1673 eligendum
1664 1605 1808 1675 quod
1841 1607 2034 1662 melius
2055 1617 2156 1672 est,

2258 1619 2352 1672 τοῦ
2385 1595 2902 1691 κρειττονοςξάλλᾶ
2930 1638 2993 1688 γε
3043 1620 3130 1674 διὰ
3179 1595 3458 1692 ῥᾳστώνης
3498 1595 3677 1694 nam;
3716 1627 3777 1688 είς

594 1695 778 1742 tamen
808 1697 1030 1758 propter
1060 1691 1332 1760 ignaviam
1380 1693 1539 1750 facile
1577 1696 1633 1750 in
1664 1697 1990 1754 oblivionem
2025 1700 2161 1753 inci-

2259 1709 2428 1781 λήθην
2469 1710 2832 1782 ἐμπίπτομεν.
2871 1711 3046 1766 Πολλά
3091 1691 3270 1765 τοίνυν
3321 1714 3468 1766 ἐστὶν
3499 1691 3775 1782 ἀναγκαίως

593 1778 798 1835 dimus.
830 1778 996 1835 Multa
1028 1781 1191 1853 igitur
1218 1794 1346 1838 sunt
1385 1801 1505 1855 qure
1529 1790 1840 1844 necessario
1871 1791 2154 1861 cogitatio-
2192 1856 2198 1876 I

2192 1855 2230 1876 ﬂ
2261 1778 2328 1852 τά
2361 1778 2695 1872 διεγείροντα
2822 1802 2930 1856 δέει
2977 1804 3111 1874 πρὸς
3144 1803 3235 1856 τὸν
3267 1804 3398 1857 Θεὸν
3432 1803 3523 1858 τὸν
3549 1778 3776 1876 ἡμέτερον

594 1885 720 1924 nem
750 1880 994 1926 nostram
1032 1874 1100 1928 ad
1143 1873 1313 1931 Deum
1345 1877 1540 1933 timore
1569 1881 1840 1936 excitant:
1872 1855 2014 1937 sicut
2041 1900 2159 1937 rur-
2192 1856 2199 1913 ¹

2192 1855 2230 1913 Β
2259 1855 2548 1963 λογισμόνὶ
2573 1857 2935 1964 ὦσπεριαῦθις
2955 1855 3244 1967 πάμπολλα
3268 1855 3610 1951 rimam:
3622 1855 3776 1950 τοῦτον

595 1975 694 2016 sus
731 1961 986 2030 plurima,
1020 1980 1140 2034 qua:
1185 1966 1324 2022 hanc
1352 1969 1738 2039 cogitationem
1771 1986 1866 2040 per
1916 1973 2166 2044 benigni-

2257 1984 2344 2037 διά
2368 1961 2741 2055 χρηστότητος.
2756 1986 2848 2040 καὶ
2875 1961 3226 2052 ἀπολαύσεως
3250 1986 3467 2056 ἀγαθῶν
3496 1989 3570 2050 εἰς
3591 1986 3773 2057 χάριτος

596 2058 784 2116 tatem,
815 2060 870 2108 et
905 2055 1065 2110 bonis
1119 2055 1334 2112 fruendi
1382 2059 1595 2129 copiam
1639 2069 1694 2115 et
1743 2059 2051 2117 facultatem
2095 2064 2162 2118 ad

2257 2076 2544 2146 ὁμολογίαν
2581 2076 2674 2129 τοῦ
2709 2078 3048 2150 Δημιουργοῦ
3072 2095 3085 2107 ·
3136 2079 3418 2151 ἑκατέροις
3449 2079 3554 2151 γὰρ
3580 2055 3773 2131 ἀποποι-

597 2142 836 2211 agendas
877 2144 1082 2213 gratias
1127 2143 1374 2200 Creatori
1424 2154 1685 2202 movent:
1730 2149 1974 2218 utrisque
2015 2151 2159 2203 enim

2256 2142 2670 2238 δαγωγούμεθα,
2699 2142 2808 2232 οἷός
2837 2187 2896 2222 τε
2919 2142 3003 2233 di;
3032 2172 3200 2241 ἡδέων
3228 2142 3584 2242 ἀπολαύομεν,
3608 2169 3688 2222 καὶ
3708 2167 3771 2230 οἷς

593 2233 896 2298 erudimur,
924 2246 976 2290 et
995 2237 1347 2292 .instituimur
1380 2239 1446 2294 iis
1467 2239 1665 2310 quibus
1717 2247 1975 2310 tanquam
2002 2242 2163 2299 bonis

1613 2255 1665 2294 ts
1706 2247 1975 2333 tan-quam
2002 2242 2163 2299 bonis
2255 2233 2448 2320 esse
2482 2233 2726 2329 (ροϐερῶν
2765 2233 3218 2333 ὲπιστρεφόμεθα.

595 2323 846 2383 truimur.
873 2332 929 2379 et
955 2326 1021 2380 iis
1049 2326 1248 2395 quibus
1278 2334 1534 2398 tanquam
1572 2326 1922 2384 horribilibus
1953 2339 2008 2383 et
2037 2345 2160 2399 per-

595 2415 942 2470 timescendis
965 2416 1357 2472 convertimur.

1409 2530 1538 2586 CAP.
1581 2531 1722 2586 XXI.
1766 2532 1938 2587 Nulla
1964 2535 2173 2588 malitia
2209 2536 2322 2591 sine
2356 2539 2647 2607 cognitione
2673 2547 2722 2592 et
2751 2538 3006 2593 libertate.

661 2645 815 2712 Quod
849 2647 1012 2717 igitur
1037 2662 1236 2702 saevum
1268 2655 1352 2702 est
1383 2655 1596 2710 natura,
1630 2648 1892 2704 horribile
1924 2660 2026 2714 est,
2057 2651 2152 2705 sed

2325 2652 2556 2723 Φοϐερὸν
2583 2653 2760 2705 τοίνυν
2791 2653 2851 2705 τὸ
2884 2653 3072 2723 ἄγριον
3099 2652 3239 2706 κατὰ
3261 2652 3441 2721 φύσιν,
3464 2651 3520 2705 ού
3545 2646 3765 2719 πονηρόν

592 2753 700 2792 non
732 2737 968 2803 malum;
1002 2739 1205 2792 malitia
1236 2738 1378 2791 enim
1418 2745 1471 2791 et
1500 2739 1740 2807 nequitia
1773 2739 1983 2795 affectio
2006 2743 2152 2811 cogi-

2259 2745 2491 2816 πονηρία
2528 2743 2636 2814 γὰρ
2672 2745 2763 2797 καὶ
2809 2745 2977 2798 κακία
3025 2743 3285 2814 λογισμοῦ
3333 2742 3529 2806 πάθοςο
3572 2741 3695 2811 ὁρμὴ
3721 2737 3762 2789 δὲ

592 2828 818 2884 tationis
853 2837 999 2884 sunt.
1045 2828 1331 2899 Appetitus
1355 2837 1534 2883 autem
1565 2831 1829 2885 naturalis
1853 2833 1932 2886 sic
1958 2831 2148 2895 factus,

2259 2834 2458 2906 φυσικὴ
2491 2834 2632 2888 οὕτω
2678 2835 3157 2906 κατεσκευασμένη
3201 2835 3381 2906 πάσης
3427 2833 3594 2896 αἰτίας
3624 2828 3763 2898 ἀπήλ-

591 2923 661 2976 ab
689 2921 836 2975 omni
859 2921 1015 2990 culpa
1045 2929 1097 2976 et
1127 2921 1357 2976 crimine
1386 2922 1648 2978 liberatus
1672 2933 1776 2979 est.
1807 2923 1947 2978 Deus
1971 2933 2147 2979 autem

2257 2925 2470 2981 λακται.
2506 2926 2638 2988 Θεὸς
2673 2926 2750 2988 δὲ,
2793 2927 3100 2998 φειδόμενος
3133 2925 3465 2998 ἀνθρώπιον,
3498 2937 3760 2991 πεποιηκεν,

591 3010 960 3066 misericordia
996 3027 1122 3083 erga
1171 3012 1417 3069 homines
1464 3022 1645 3069 motus
1667 3054 1682 3079 ,
1735 3013 1883 3078 fecit,
1915 3025 1974 3070 ut
2007 3026 2149 3071 metu
2179 3058 2196 3113 ⁴

2179 3057 2222 3114 C
2257 3019 2342 3072 ἵνα
2366 3019 2442 3090 τῷ
2467 3020 2574 3073 δέει
2597 3020 2704 3072 τῶν
2734 3019 2939 3089 ἀλόγων
2967 3019 3026 3072 τὸ
3057 3019 3269 3089 λογικὸν
3293 3021 3390 3090 τῆς
3417 3011 3764 3114 καλοκαγ-αθίςις

591 3115 646 3161 et
676 3107 899 3161 horrore
926 3106 1219 3162 bestiarum
1244 3107 1451 3163 ratione
1475 3110 1798 3170 carentium,
1829 3109 2149 3179 probitatem
2182 3100 2196 3113 “

2182 3100 2222 3114 ν
2261 3110 2708 3182 μεταδιώξωμενο
2747 3111 2838 3166 καὶ
2871 3110 3037 3164 κακὸν
3079 3111 3136 3162 ὲν
3182 3108 3391 3172 τούτοις
3431 3106 3598 3161 οὐδέν’
3631 3100 3760 3167 ὂγὰρ

591 3216 712 3269 quae
745 3199 812 3254 ad
843 3210 1046 3270 partem
1094 3203 1323 3258 rationis
1373 3209 1677 3271 compotem
1720 3203 1972 3272 pertinet,
2015 3218 2149 3256 con-

2259 3205 2331 3276 μὴ
2363 3200 2502 3256 οἶδεν
2532 3204 2612 3256 ὅτι
2663 3203 2829 3266 ἐστὶν,
2858 3202 2972 3265 πῶς
3014 3201 3178 3256 κακόν
3215 3203 3394 3264 ὲστιν;
3424 3200 3496 3261 ὼς
3522 3198 3609 3265 οὐχ
3637 3191 3763 3264 ἦττον

594 3301 930 3347 sectaremur
957 3312 969 3347 :
1001 3300 1056 3347 et
1079 3293 1215 3348 nihil
1252 3294 1305 3348 in
1336 3293 1648 3364 huiusmodi
1683 3293 1875 3349 bestiis
1920 3309 1982 3347 ac
2021 3293 2151 3349 feris

2150 3335 2151 3340 η
2256 3295 2348 3346 καὶ
2384 3292 2554 3356 οὕτως
2585 3292 2663 3363 τῷ
2692 3294 2924 3347 Μάνεντι
2947 3293 3038 3346 καὶ
3067 3293 3095 3346 ό
3124 3291 3251 3363 περὶ
3274 3292 3372 3362 τῆς
3396 3289 3581 3351 κακίας
3609 3283 3755 3351 αὐτῆς.

589 3383 831 3450 malum;
864 3383 1009 3454 quod
1039 3385 1180 3439 enim
1218 3400 1323 3438 non
1367 3386 1515 3440 novit
1545 3385 1686 3456 quod
1728 3392 1832 3450 est,
1881 3385 2151 3456 quomodo

2253 3386 2320 3456 ἢν
2357 3385 2698 3456 πλασάμενος
2724 3385 2895 3457 ἀρχὴν
2928 3385 3217 3454 ἀγέννητον
3241 3385 3413 3448 καλεῖ,
3434 3383 3578 3450 λόγος
3597 3374 3757 3480 diali}-

592 3476 795 3530 malum
836 3477 958 3532 cst?
1013 3484 1073 3531 ut
1107 3476 1219 3546 jam
1267 3493 1375 3531 non
1417 3479 1596 3533 minus
1640 3479 1719 3532 sic
1767 3479 2144 3550 redarguatur,

2253 3493 2434 3547 χεται·
2491 3478 2746 3548 λογισμὸν
2779 3478 2876 3548 μὲν
2917 3477 3024 3548 γὰρ
3075 3478 3208 3548 αὐτῇ
3247 3478 3342 3530 καὶ
3387 3472 3576 3544 γνῶσιν
3605 3472 3757 3562 κακίας

593 3564 737 3635 quod
771 3561 1100 3621 Manichaaus
1133 3566 1296 3621 tradit
1323 3565 1390 3621 de
1423 3567 1688 3637 nequitia,
1727 3582 1889 3637 quam
1919 3569 2072 3622 tinxit
2100 3577 2155 3622 et

2152 3607 2155 3618 ι
2259 3569 2320 3622 ού
2353 3569 2586 3634 δίδωσιν,
2613 3570 2700 3622 ἴνα
2731 3571 2803 3640 μὴ
2834 3570 2928 3623 καὶ
2957 3568 3192 3638 τάγαθοῦ
3223 3569 3323 3640 τὴν
3349 3566 3584 3634 αίσθησιν
3606 3559 3757 3628 ἔχουσά

591 3657 896 3728 ingenitum
927 3655 1254 3728 principium
1305 3665 1466 3710 vocat
1498 3675 1514 3711 ι
1561 3671 1670 3711 non
1713 3657 1857 3712 enim
1888 3657 2077 3712 tribuit
2103 3660 2152 3712 ei

2147 3662 2152 3712 ί
2256 3677 2319 3728 γε
2365 3659 2588 3732 εὑρεθῇ·
2625 3659 2765 3713 οὕτω
2806 3661 2912 3732 γὰρ
2955 3658 3295 3730 ἀποδειχθείη
3333 3657 3404 3730 μὴ
3444 3652 3567 3746 οὖσα
3603 3646 3752 3746 κακία·

588 3749 967 3818 cngitationem
1007 3753 1061 3803 et
1099 3747 1462 3818 cognitionem
1504 3747 1774 3818 nequitize,
1819 3763 1886 3804 ne
1920 3747 1964 3803 si
1996 3763 2152 3818 repe-

2148 3776 2152 3788 ι
2254 3747 2454 3817 γνῶσις
2508 3749 2616 3820 γάρ
2651 3748 2853 3818 ἀγαθοῦ
2915 3749 3190 3820 μαρτυρία
3235 3748 3450 3817 φύσεως
3497 3744 3552 3797 οὑ
3592 3744 3753 3805 κακῆς·

591 3841 765 3896 riatur
793 3841 993 3897 habere
1037 3855 1256 3896 sensum
1301 3839 1453 3904 boni,
1500 3839 1603 3894 hac
1633 3840 1840 3894 ratione
1868 3848 2146 3911 appareat,

2256 3842 2536 3910 ἀλόγιστον
2569 3842 2626 3894 δὲ
2656 3842 2750 3894 καὶ
2778 3839 3028 3909 γνώσεως
3053 3840 3254 3911 ἔρημον
3285 3837 3450 3908 αὐτὴν
3473 3831 3753 3906 ὁριζόμενος,

589 3947 696 3986 non
723 3947 844 3988 esse
875 3931 1148 4003 nequitia:
1189 3931 1427 4002 cognitio
1451 3933 1594 3987 enim
1619 3933 1745 3987 boni
1775 3932 2146 3986 testimonium

2252 3934 2343 3987 τοῦ
2391 3936 2527 4006 ὅπερ
2583 3936 2698 3988 ἐστὶ
2750 3933 2843 3987 καὶ
2869 3933 3004 4004 αὐτὴ
3039 3933 3136 4004 τὴν
3187 3931 3388 4001 γνῶσιν
3442 3927 3597 3996 αὐτὴν
3633 3923 3754 3986 ἀφαμ

587 4033 671 4078 est
699 4032 907 4078 natura:
931 4039 1040 4078 non
1072 4023 1244 4078 mala).
1278 4021 1606 4078 Manichacus
1637 4039 1785 4087 vero,
1817 4039 1938 4078 cum
1965 4023 2149 4094 nequi-
2257 4027 2451 4095 ρεῖται.

587 4115 718 4167 tiam
765 4116 954 4170 statuit
1009 4116 1217 4170 ratione
1290 4129 1496 4178 carere,
1541 4126 1594 4171 et
1633 4116 1941 4186 cognitione
1994 4116 2259 4186 privatam
2313 4133 2456 4182 esse,
2495 4131 2612 4170 eam
2658 4115 2820 4170 etiam
2861 4117 3035 4184 privat
3090 4115 3397 4184 cognitione
3460 4111 3589 4179 ejus,
3644 4091 3755 4168 ψιοά

586 4209 706 4277 ipsa
733 4215 838 4262 est.

659 4300 718 4356 Si
751 4301 896 4356 enim
921 4302 1116 4355 sentiat
1142 4307 1197 4353 et
1223 4308 1530 4371 cognoscat,
1557 4298 1700 4370 quod
1734 4299 1874 4353 mala
1902 4306 2006 4362 est,
2031 4314 2148 4353 sen-

2323 4295 2385 4348 Εἰ
2415 4293 2521 4365 γὰρ
2555 4292 2806 4363 αἴσθηται
2837 4291 2930 4344 καὶ
2953 4289 3065 4361 γνῷ
3099 4289 3464 4360 κακυνομένη,
3485 4281 3753 4376 αἰσθησετιιε

585 4394 683 4448 tiet
726 4391 948 4446 omnino
980 4389 1312 4443 contrarium
1363 4387 1598 4444 evadens
1653 4388 1814 4443 bona.
1865 4386 2142 4457 Siquidem

2253 4387 2468 4450 πάντως
2513 4385 2604 4438 τοῦ
2663 4385 2902 4438 ἐναντίου
2955 4382 3360 4453 ἀγαθυνομένη⁸
3418 4375 3751 4474 mamma?

585 4485 788 4538 malmn
829 4482 1041 4536 ratione
1082 4479 1504 4548 deprehenditur
1557 4495 1722 4534 sensu
1773 4486 1827 4534 et
1863 4493 2148 4548 compara-
2183 4483 2190 4535 l

2145 4508 2148 4518 ι
2183 4481 2224 4535 D
2253 4477 2495 4548 λογισμῷ
2525 4477 2584 4528 τὸ
2635 4476 2802 4530 κακὸν
2851 4479 2917 4546 τῇ
2951 4474 3194 4544 αἰσθήσει
3217 4514 3230 4538 ,
3279 4473 3372 4527 καὶ
3414 4473 3474 4540 τῇ
3503 4460 3750 4558 παραθέσει

586 4582 733 4633 tione
768 4576 890 4632 boni
929 4581 1026 4630 :ut
1056 4574 1102 4632 si
1141 4572 1488 4628 manifestum
1552 4573 1625 4627 sit
1669 4570 1890 4636 malum,
1932 4580 2147 4625 contra-

2133 4599 2147 4610 -
2248 4569 2343 4623 τοῦ
2382 4566 2618 4636 ἀγαθοῦ·
2647 4567 2744 4630 ὠς,
2769 4569 2815 4620 εἰ
2843 4566 3000 4636 δῆλον
3027 4566 3281 4637 ὑπάρχοι,
3313 4558 3599 4617 τούναντίον
3623 4563 3738 4604 καται

587 4668 724 4720 rium
746 4681 963 4736 quoque
982 4666 1051 4720 sit
1072 4662 1453 4728 manifestum;
1473 4661 1785 4716 omneenim
1811 4662 2145 4715 contrarium

2144 4708 2145 4712 η
2247 4663 2405 4733 δηλον
2448 4660 2631 4713 ἔσται·
2683 4659 2902 4729 ἐλεγχος
2953 4658 3059 4732 γὰρ
3119 4660 3226 4712 πᾶν
3285 4654 3514 4710 ἐναντίου
3557 4638 3749 4754 tvm/“ii?

585 4758 837 4830 probatio
869 4767 922 4814 et
953 4758 1112 4813 index
1146 4765 1231 4812 est
1274 4755 1557 4819 contrarii,
1614 4755 1922 4824 cognitione
1968 4762 2142 4807 tamen

2247 4753 2442 4822 γνώσει
2478 4753 2659 4822 μέντοι
2695 4752 2790 4804 καὶ
2835 4751 3044 4824 κρίσει·
3093 4752 3220 4806 ἀνευ
3260 4751 3315 4804 δὲ
3347 4745 3597 4817 γνώσεως,
3637 4743 3750 4836 0005'-

581 4859 638 4906 et
669 4849 903 4921 judicio.
929 4850 1058 4905 Sine
1101 4850 1412 4920 cognitione
1447 4847 1590 4902 enim
1621 4855 1873 4901 neutrum
1906 4854 1988 4900 cst
2013 4845 2145 4900 alte-

2140 4874 2145 4885 -
2245 4862 2401 4916 τερον
2445 4844 2656 4916 θατέρῳ
2694 4843 2868 4916 δῆλον.
2922 4845 2984 4899 Ei
3016 4845 3190 4898 τοίνυν
3237 4845 3329 4898 καὶ
3375 4835 3558 4937 tuM-il"

583 4910 697 4998 rius
727 4943 1014 5013 judicatio.
1051 4943 1107 4997 Si
1139 4910 1300 5013 igitur
1329 4940 1570 5010 nequitia
1613 4953 1671 4995 se
1704 4938 1875 5008 ipsam
1907 4938 2141 5008 ignorat,

2252 4910 2346 5038 καὶ
2376 4910 2640 5038 λογισμῷ-
2664 4910 2756 5038 .μῆ
2794 4937 3087 5038 ιξξτξισιμτδ
3120 4937 3286 5038 ’ξαῖίδν
3314 4921 3666 5038 infmia?

579 5042 634 5089 et
667 5033 1000 5106 cogitatione
1037 5050 1147 5088 non
1176 5034 1402 5102 suscipit
1429 5033 1653 5094 malum,
1686 5046 1792 5084 non
1825 5031 1928 5084 erit.
1951 5029 2143 5100 nequi-

2139 5058 2143 5068 ι
2247 5029 2333 5100 εἴη
2363 5003 2562 5082 κακίας
2593 5003 2857 5100 μάτηνδ
2900 5028 2968 5082 ἂν
2999 5028 3278 5096 ὲγκαλοῑτο
3297 5044 3310 5057 °
3337 5003 3578 5095 769-de
3603 5003 3744 5125 δὲ’,ῗῗ

583 5126 692 5194 ιὶρη
724 5105 932 5182 frustra
959 5135 1012 5180 et
1041 5139 1178 5179 vane
1217 5125 1569 5178 accusabitur
1595 5141 1610 5189 ;
1639 5122 1882 5193 nequitia
1913 5121 2052 5176 enim
2081 5122 2142 5175 li-

2138 5151 2142 5161 ι
2244 5123 2360 5174 ἐστὶ
2393 5120 2650 5190 λογισμοῦ
2676 5120 2840 5174 κακία
2865 5119 3282 5191 ὲλευθερουμένη
3304 5136 3317 5150 ’
3346 5112 3532 5170 αὐτίκα
3554 5105 3743 5209 φρενῖτις

582 5215 712 5270 bera
739 5232 769 5270 a
801 5216 1013 5271 ratione
1071 5214 1262 5268 similis
1302 5221 1384 5270 est
1425 5213 1755 5284 phrenetico,
1809 5213 1861 5266 id
1903 5224 2006 5272 εει.
2061 5210 2142 5263 ία-

2109 5241 2142 5261 η-
2243 5217 2301 5268 ὲν
2329 5215 2646 5287 περιστάσει
2675 5213 2993 5286 πυρετῶν,ἢ
3022 5214 3177 5268 ἄλλου
3201 5214 3340 5275 τινὸς
3365 5202 3714 5287 συμπτώματος

581 5310 730 5364 rioso
753 5309 806 5363 in
835 5307 984 5364 febre
1019 5314 1114 5361 aut
1152 5307 1204 5358 in
1233 5306 1338 5359 alio
1369 5322 1498 5360 casu
1522 5325 1543 5373 ;⁴
1561 5307 1654 5377 qui
1685 5305 1832 5376 quod
1859 5305 2005 5368 facit,
2049 5319 2142 5357 ne-

2140 5333 2142 5342 ι
2241 5307 2340 5358 ούκ
2383 5306 2600 5359 εἰδότιὸ
2636 5307 2777 5359 ποιεῖ
2818 5303 3203 5373 συγγινώσκειν
3239 5304 3466 5359 ἅπαντες
3502 5286 3745 5394 ειώθαμξνὶ

579 5401 702 5462 scit,
747 5401 835 5454 cui
878 5414 1071 5455 omnes
1094 5399 1376 5468 ignoscere
1423 5397 1826 5462 consuevimus,
1867 5411 1930 5449 ac
1970 5393 2140 5464 magis

2132 5411 2140 5448 ε
2245 5397 2442 5467 μᾶλλον
2469 5397 2566 5468 μὲν
2589 5392 2679 5450 οὖν
2701 5397 2792 5449 καὶ
2816 5366 3088 5459 είς-οἶκτον
3117 5366 3737 5485 ὲπικαμπτόμεθαίικῗῖίῗξ

578 5491 795 5559 quidem
826 5492 891 5548 ad
929 5462 1140 5546 luctum
1169 5488 1458 5552 ﬂectimur,
1490 5505 1520 5543 a
1555 5490 1796 5558 nequitia
1845 5504 1966 5542 eum
2011 5462 2142 5541 libe-

2133 5515 2142 5524 -
2243 5462 2649 5560 ἐλευθεροῦντες
2693 5489 2782 5541 τὸν
2817 5488 2991 5558 μάτην
3030 5488 3127 5558 μὲν
3159 5462 3440 5541 τύπτοντα,
3544 5471 3591 5573 δὲ
3623 5462 3738 5592 Hi:

577 5591 800 5649 rantes;
829 5601 954 5641 cum
979 5586 1098 5640 sine
1126 5598 1292 5639 causa
1320 5582 1572 5652 percutit,
1607 5592 1700 5636 aut
1727 5581 1890 5636 etiam
1919 5579 2137 5640 occidit,

2130 5617 2137 5639 ,
2242 5579 2413 5650 εὖροι,
2446 5580 2541 5632 καὶ
2572 5579 2877 5648 φονεύοντα.
2915 5579 3069 5634 Οὕτω
3104 5596 3167 5648 γε
3201 5581 3330 5633 πᾶσι
3359 5563 3735 5683 xaré5n10";

2321 5671 2332 5683 1
2491 5669 2512 5683 σο
2766 5671 2777 5683 .
2978 5671 2989 5683 ι
3099 5669 3108 5683 .
3296 5671 3306 5681 ι
3365 5655 3549 5683 ,~._-.n.'..
3597 5663 3620 5683 Ir
3727 5671 3735 5683 Α

577 5673 627 5728 si
654 5643 889 5742 gladium
909 5677 1159 5747 reperiat.
1199 5673 1290 5730 Sic
1312 5643 1566 5730 omnibus
1594 5673 1696 5728 hoc
1726 5671 2014 5728 manifesto
2045 5687 2139 5741 pao

2131 5699 2139 5710 ι
2242 5671 2421 5742 κρίσις
2451 5669 2587 5740 αὓτη
2637 5671 2786 5742 κοινή
2816 5687 2873 5722 τε
2909 5671 3001 5723 καὶ
3043 5669 3254 5737 φύσεως
3285 5655 3570 5722 ἀκολουθία,
3597 5643 3645 5696 τὸ
3681 5643 3736 5704 μη

2353 5762 2368 5780 ς
2457 5764 2468 5780 .
2514 5779 2525 5780 ,
2593 5763 2669 5780 ιν-
2820 5762 2836 5780 ς
2940 5765 2950 5776 .
3064 5763 3125 5780 ,με
3216 5764 3237 5776 .-
3277 5779 3289 5780 ,
3363 5752 3452 5780 βυτ
3508 5744 3560 5780 εν
3599 5729 3736 5780 τοίνυν

575 5771 694 5830 tet;
726 5772 778 5821 et
825 5767 925 5826 hoc
951 5767 1220 5836 judicium
1249 5782 1540 5824 commune
1571 5772 1654 5822 cst
1679 5779 1740 5820 ac
1770 5770 1976 5819 natura“:
2005 5779 2138 5819 con-

2106 5793 2138 5816 ι-
2241 5762 2407 5816 κακὸν
2447 5763 2730 5832 ὀνομάζειν
2787 5762 2845 5814 τὸ
2900 5765 2998 5817 οὐκ
3031 5763 3166 5826 εἶδος
3212 5764 3239 5814 ὅ
3265 5779 3313 5813 τι
3360 5752 3470 5824 δρᾷ.
3507 5744 3562 5798 Εἰ
3599 5743 3711 5787 TW”
