4064 6290
309 411 446 466 ΗἸἹ

1385 415 1752 472 ADVERSUS
1792 416 2212 473 MANICHASOS
2250 417 2374 473 LIB.
2406 415 2467 471 ll.

3383 416 3520 472 H78

310 534 446 603 μήτε
485 547 548 584 το
575 532 837 600 γινῶσκον
882 533 1083 602 ἀγαθὸν
1123 535 1344 606 κληθείη
1386 536 1700 605 ἀναγκαῖον,
1733 540 1864 610 μήτε

1970 539 2283 601 sectarium,
2324 551 2433 590 non
2474 535 2755 588 nominare
2786 533 3009 595 malum,
3037 531 3082 586 si
3117 531 3348 601 ignorat,
3378 529 3525 599 quod

307 626 370 679 τὸ
401 623 628 693 ἀγνοοῦν
654 624 833 689 ἑαυτὸ,
857 626 939 678 ὅτι
962 626 1160 691 δόξειεν
1192 626 1257 681 ἂν
1287 622 1423 680 εἶναι
1449 629 1617 682 κακία
1636 647 1648 658 ·
1677 629 1738 682 τὺ
1770 630 1868 700 μὲν

307 715 391 769 ὅτι
422 715 543 786 μηδ’
575 714 735 778 αὐτὸς
757 715 957 787 τίθησι,
984 718 1044 771 τὸ
1089 718 1132 771 δ’
1166 721 1247 772 ὃτι
1287 719 1737 790 πεπλανημένως,
1774 720 1869 773 καὶ⁸

307 805 464 873 ἐκτὸς
488 807 588 879 τῆς
613 809 795 879 κοινῆς
815 808 971 881 δόξης
997 809 1218 881 θέμενος
1240 812 1498 882 ὁρίζεται.
1528 812 1712 876 Οὕτως
1747 813 1867 866 οὐδὲ

309 898 494 970 θηρίον
527 898 679 952 οὐδὲν
723 900 910 964 κακὸν,
946 900 1205 973 λογισμοῦ
1247 903 1640 975 ἐστερημένον·
1663 904 1870 975 ἄνθρω-

308 1006 410 1053 πος
449 989 507 1043 δὲ
539 989 817 1061 κακοήθης
873 991 1040 1047 κακὸν
1071 990 1136 1044 ἂν
1185 991 1306 1062 εἴη,
1356 992 1601 1064 λογισμῷ
1648 992 1866 1064 μετιὼν,

309 1080 452 1154 ειπερ
470 1082 672 1152 ἥκιστα
701 1082 910 1151 ἀγνοεῖ·
936 1082 968 1152 ἡ
997 1082 1105 1152 γὰρ
1128 1082 1222 1135 τοῦ
1249 1083 1507 1154 λογισμοῦ
1536 1087 1633 1154 τῆς
1657 1084 1870 1152 φύσεως

308 1171 589 1246 προσθήκη
619 1172 772 1244 φέρει
808 1172 908 1242 τῆς
936 1172 1134 1237 κακίας
1170 1174 1232 1227 τὸ
1280 1174 1548 1248 ἔγκλημα,
1597 1193 1870 1246 προκατα-

310 1263 649 1330 σκευάζουσα
694 1264 852 1333 δῆλον
882 1259 1020 1317 εἶναι
1057 1264 1119 1317 τὸ
1165 1266 1536 1338 πραττόμενον
1555 1280 1568 1294 ·
1602 1268 1636 1337 ή
1670 1265 1726 1319 δὲ
1770 1266 1870 1333 τῆς

308 1354 559 1424 γνώσεως
589 1354 876 1427 ἀφαίρεσις
918 1355 1016 1426 τῆς
1051 1355 1247 1419 αἰτίας.
1294 1356 1449 1410 υῦτω
1475 1357 1539 1428 δὴ
1575 1357 1735 1426 γνοὺς
1772 1356 1870 1427 μὲν

308 1445 592 1517 ἄνθρωπος
637 1445 836 1517 ἄμφω,
873 1445 1073 1516 ἀρετήν
1104 1462 1164 1499 τε
1208 1448 1319 1500 και
1350 1448 1579 1511 κακίαν,
1623 1448 1758 1518 ὅπερ
1802 1446 1869 1502 ἂν

308 1535 514 1604 ἕληται,
533 1534 719 1604 φθάνει
747 1533 855 1606 γὰρ
886 1537 920 1605 ἡ
947 1533 1146 1603 γνῶσις
1176 1535 1273 1607 τὴν
1294 1536 1522 1608 αἵρεσιν,
1552 1537 1645 1590 ἀπ’
1663 1536 1867 1590 ἐκείνου

309 1626 584 1680 καλεῖται·
615 1624 743 1697 πρὶν
770 1624 827 1678 δὲ
863 1624 1065 1693 γνῶναι
1090 1626 1281 1705 νήπιον
1308 1627 1568 1698 ὑπάρχον,
1593 1627 1869 1699 οὐδέτερον

308 1715 416 1770 τῶν
457 1716 640 1790 ἄκρων
687 1716 948 1771 καλεῖται.
995 1717 1164 1786 Δῆλον
1195 1718 1372 1773 τοίνυν
1404 1718 1759 1790 πανταχόθεν,
1793 1720 1868 1783 ὡς

307 1807 385 1880 τῷ
410 1809 652 1879 λογισμῷ
678 1808 771 1862 καὶ
801 1812 866 1879 τῇ
905 1808 1042 1879 μετὰ
1069 1809 1166 1880 τὴν
1198 1810 1397 1879 γνῶσιν
1432 1811 1639 1883 αἱρέσει
1672 1812 1868 1865 κακίαν

1968 628 2117 684 facit.
2154 627 2210 681 Si
2238 628 2402 698 igitur
2423 642 2595 696 neque
2618 628 2668 680 id
2706 624 2848 696 quod
2875 623 3174 694 cognoscit,
3201 622 3403 676 bonum
3431 636 3521 675 ne~

1966 716 2264 772 cessarium
2318 716 2635 782 vocabitur;
2696 715 2941 783 sequitur
2990 726 3163 782 neque
3194 711 3247 765 id
3295 710 3435 779 quod
3469 724 3528 765 se

1969 806 2145 879 ipsum
2176 816 2230 863 et
2271 808 2402 878 quid
2433 809 2525 871 sit,
2587 809 2817 877 ignorat,
2869 805 3160 876 nequitiam
3201 818 3325 859 esse
3353 821 3366 855 :
3392 818 3527 872 quo-

1968 915 2088 955 rum
2115 900 2343 955 alterum
2366 915 2540 970 neque
2561 901 2676 971 ipse
2705 898 2960 965 admittit,
2991 897 3222 952 alterum
3267 910 3397 950 vero
3432 910 3529 965 per

1967 1006 2206 1046 errorem
2247 1001 2301 1047 et
2336 1000 2527 1047 contra
2561 1007 2900 1047 communem
2932 989 3384 1045 existimationem
3416 998 3529 1042 sta-

1968 1083 2091 1138 tuit.
2130 1081 2221 1137 Sic
2241 1097 2418 1153 neque
2459 1082 2577 1138 fera
2602 1083 2711 1137 ulla
2733 1083 2874 1136 mala
2898 1089 3001 1145 est,
3034 1096 3157 1135 cum
3189 1080 3262 1136 sit
3295 1080 3528 1134 rationis

1968 1190 2163 1246 expers
2190 1193 2203 1229 :
2234 1175 2397 1230 homo
2450 1190 2579 1230 vero
2607 1175 2748 1230 male
2791 1181 3055 1238 moratus,
3086 1173 3263 1227 malus
3293 1181 3397 1237 est,
3432 1175 3522 1241 qui

1974 1266 2188 1321 ratione
2231 1273 2388 1321 utens
2413 1267 2650 1337 capessit
2690 1281 2810 1336 quae
2851 1280 2958 1320 non
3005 1266 3214 1336 ignorat
3241 1290 3254 1320 ;
3282 1266 3527 1319 accessio

1967 1359 2110 1414 enim
2127 1357 2356 1414 rationis
2383 1359 2449 1412 ad
2475 1367 2745 1423 naturam,
2774 1358 3027 1428 nequitiae
3050 1358 3253 1412 crimen
3280 1357 3522 1422 inducit;

1967 1463 2233 1522 praeparat
2260 1451 2405 1506 enim
2421 1453 2564 1506 ratio
2583 1451 2947 1521 cognitionem
2973 1451 3204 1505 actionis
3233 1461 3522 1520 susceptae;

1968 1544 2198 1613 privatio
2243 1550 2423 1598 autem
2463 1542 2793 1613 cognitionis
2838 1542 3073 1612 privatio
3122 1550 3208 1596 est
3254 1541 3426 1612 culpas
3472 1550 3528 1595 et

1968 1633 2231 1688 criminis.
2261 1632 2353 1687 Sic
2374 1633 2538 1688 homo
2562 1640 2852 1703 utrumque
2881 1647 3236 1702 cognoscens,
3269 1633 3524 1687 virtutem

1970 1723 2176 1779 scilicet
2215 1730 2269 1778 et
2302 1723 2513 1786 vitium,
2564 1724 2633 1778 ab
2674 1739 2739 1778 eo
2776 1724 2919 1793 quod
2963 1722 3133 1794 eligit,
3175 1723 3525 1789 nominatur;

1969 1815 2239 1871 antecedit
2291 1815 2433 1870 enim
2495 1816 2745 1871 electioni
2788 1814 3025 1886 cognitio
3078 1833 3091 1869 :
3144 1814 3298 1885 prius
3348 1823 3524 1868 autem

306 1914 365 1952 τε
399 1900 493 1953 καὶ
540 1899 736 1972 ἀρετὴν
780 1899 1124 1971 λογιζόμεθα.
1167 1901 1248 1955 Τὰ
1285 1902 1463 1955 τοίνυν
1493 1903 1733 1974 ἀμέτοχα
1773 1904 1864 1957 λο-

1967 1919 2130 1976 quam
2179 1914 2491 1976 cognoscat,
2548 1906 2676 1961 dum
2712 1919 2846 1974 puer
2892 1919 3093 1975 parvus
3133 1911 3238 1968 est,
3272 1918 3301 1956 a
3331 1911 3528 1958 neutro

306 1989 504 2061 γισμοῦ
563 1989 724 2062 θηρία
781 1992 880 2045 οὐκ
913 1991 979 2045 ἂν
1010 1991 1095 2062 εἴη
1145 1991 1325 2053 κακὰ,
1380 1993 1500 2047 οὐδὲ
1555 1996 1623 2047 ὲκ
1669 1994 1865 2059 κακίας

221 2112 229 2119 -
306 2082 746 2153 προενηνεγμένα
771 2100 785 2113 ·
820 2084 1117 2156 ἐπειδήπερ
1147 2083 1250 2139 κᾶν
1281 2084 1460 2156 ἐκείνη
1505 2082 1676 2148 οὕτως
1728 2083 1862 2155 ἔχοι,

306 2170 403 2223 οὐκ
426 2169 492 2224 ἂν
517 2171 602 2240 εἴη
623 2171 810 2226 κακία.

1968 2003 2211 2053 extremo
2251 1996 2597 2061 nominatur,
2654 1995 2709 2050 id
2759 2002 2841 2051 est
2895 2010 3071 2065 neque
3114 1995 3292 2051 bonus
3352 2010 3529 2065 neque

1973 2089 2151 2144 malus
2183 2089 2402 2144 dicitur.
2455 2088 2819 2156 Quamobrem
2847 2103 2910 2143 ex
2944 2088 3089 2143 omni
3132 2096 3286 2160 parte
3334 2089 3524 2158 liquet,

1967 2179 2221 2234 virtutem
2261 2186 2315 2234 et
2363 2179 2552 2234 vitium
2578 2179 2798 2243 rationi,
2849 2185 2904 2233 et
2932 2187 3055 2250 post
3100 2181 3365 2233 rationem
3426 2179 3529 2233 ele-

305 2260 472 2315 ctioni
502 2262 745 2317 attribui.
797 2260 991 2317 Bestiae
1022 2263 1187 2334 igitur
1225 2279 1345 2334 qua:
1383 2279 1495 2318 non
1541 2272 1668 2319 sunt
1710 2265 1941 2322 rationis
1995 2268 2307 2339 participes,
2353 2283 2463 2324 non
2500 2276 2627 2324 sunt
2659 2283 2913 2340 nequam,
2940 2284 3043 2324 nec
3085 2284 3114 2322 a
3138 2268 3375 2339 nequitia
3401 2283 3527 2338 pro-

305 2354 514 2421 ducta,
565 2354 694 2425 quia
751 2356 797 2412 si
845 2356 936 2411 illa
990 2357 1064 2410 ita
1110 2370 1169 2412 se
1217 2356 1433 2421 habeat,
1482 2372 1591 2412 non
1632 2366 1717 2414 est
1769 2360 2031 2429 nequitia.

1242 2495 1370 2550 CAP.
1401 2494 1565 2552 XXII.
1607 2495 1934 2567 Serpentium
1961 2516 2024 2554 ac
2049 2500 2348 2555 morborum
2375 2502 2599 2556 utilitas.

377 2613 583 2677 Ἄλλως
611 2628 670 2665 τε
694 2612 824 2676 ίδοις
845 2610 912 2665 ἂν
943 2609 1201 2674 πολλάκις
1230 2611 1324 2663 καὶ
1349 2610 1458 2664 τῶν
1494 2610 1737 2682 ἑρπετῶν
1763 2613 1866 2665 αὑ-

304 2705 409 2759 τῶν
441 2706 502 2759 τὸ
545 2702 941 2777 χαλεπώτατον,
973 2702 1117 2771 λέγω
1157 2700 1221 2772 δὴ
1262 2701 1352 2754 τὸν
1390 2701 1486 2765 ίὸν,
1514 2704 1595 2765 είς
1628 2702 1867 2774 ἰατρείαν

304 2797 443 2868 πρὸς
476 2796 585 2850 τῶν
638 2793 1042 2868 ἀκριϐεστάτων
1081 2791 1281 2863 ίατρῶν
1318 2792 1741 2864 λαμϐανόμενον,
1775 2795 1868 2848 καὶ

302 2892 367 2961 τῇ
431 2888 540 2942 τῶν
571 2885 948 2958 ἀπομάχεσθαι
991 2884 1300 2955 δυναμένων
1342 2883 1633 2956 παραμίξει
1675 2884 1865 2939 καθαί-

304 2997 469 3053 ροντα
497 2979 605 3033 τῶν
636 2977 820 3033 παθῶν
852 2977 997 3031 ἔστιν
1040 2977 1127 3030 ὅτε
1170 2975 1239 3028 τά
1281 2975 1658 3047 χαλεπώτατα·
1685 2976 1782 3040 τὰς
1811 2977 1867 3031 δὲ

304 3072 514 3144 σάρκας
558 3070 726 3133 αὐτὰς
777 3069 978 3140 ἑτέρων
1027 3068 1182 3122 εἰδῶν
1223 3084 1283 3120 τε
1332 3066 1427 3121 καὶ
1468 3066 1700 3139 βοτανῶν
1729 3085 1867 3140 συμ-

2042 2614 2313 2672 Praeterea
2354 2617 2540 2672 videre
2571 2616 2697 2672 licet
2730 2629 3124 2687 saepenumero,
3164 2614 3306 2685 quod
3350 2621 3436 2668 est
3470 2612 3525 2667 in

1971 2707 2312 2778 serpentibus
2358 2708 2800 2763 nocentissimum
2839 2725 2855 2763 :
2895 2721 3157 2761 venenum
3188 2704 3309 2759 dico
3349 2719 3379 2757 a
3415 2719 3527 2757 me-

1971 2795 2111 2850 dicis
2139 2794 2563 2851 absolutissimis
2593 2793 2663 2848 ad
2695 2793 3018 2847 medicinam
3045 2789 3312 2852 adhiberi,
3342 2795 3396 2842 et
3434 2788 3530 2842 mi-

1973 2894 2057 2943 sta
2103 2900 2225 2939 cum
2282 2884 2352 2941 iis
2411 2899 2532 2954 quae
2585 2889 2817 2954 possunt
2861 2880 3133 2940 auxiliari,
3175 2877 3528 2949 gravissimos

1973 2977 2196 3033 morbos
2232 2975 2502 3031 interdum
2530 2976 2831 3046 depellere;
2876 2981 2930 3028 et
2976 2989 3044 3027 ex
3077 2973 3209 3042 ipsis
3246 2971 3525 3035 carnibus,

1971 3070 2097 3126 aliis
2123 3069 2416 3142 generibus
2452 3076 2509 3124 et
2552 3068 2736 3124 herbis
2774 3066 3023 3121 admistis
3052 3065 3319 3135 optimum
3362 3079 3532 3118 reme-

301 3164 475 3235 πλοκῇ
534 3163 820 3235 φάρμακον
882 3162 1100 3230 ἄριστον
1164 3158 1408 3231 σώμασιν
1480 3158 1864 3224 ἀποτελούσας.

1973 3167 2121 3222 dium
2151 3165 2475 3238 corporibus
2495 3164 2711 3220 conﬁci.
2747 3163 3010 3218 Similiter
3035 3162 3092 3216 in
3137 3163 3260 3216 aliis
3289 3159 3482 3215 bestiis
3509 3177 3524 3213 :

300 3255 701 3327 Παραπλησίως
725 3255 781 3308 δὲ
810 3254 906 3307 καὶ
944 3253 1051 3307 τῶν
1091 3252 1263 3308 ἄλλων
1296 3252 1530 3324 θηρίων·
1587 3251 1726 3323 μέρη
1759 3252 1868 3323 γάρ

299 3364 421 3403 τινα
445 3349 538 3403 καὶ
566 3348 723 3419 μέλη,
746 3348 839 3402 καὶ
867 3341 1006 3417 αἷμα
1043 3345 1165 3399 καθ’
1208 3344 1340 3398 αὐτὸ
1371 3344 1628 3409 πολλάκις
1653 3347 1871 3417 εὐεργε-

299 3438 450 3494 τοῦσι
478 3439 800 3512 κάμνοντας.
827 3437 952 3503 Πῶς
978 3433 1070 3491 οῦν
1098 3439 1162 3491 ὲκ
1190 3436 1389 3502 κακίας
1417 3438 1528 3491 ἐστὶ
1570 3437 1640 3492 τά
1683 3439 1741 3490 ἐν
1774 3437 1869 3508 μέ-

303 3548 385 3600 ρει
406 3532 499 3585 καὶ
516 3529 856 3601 ὠφελοῦντα;
883 3527 1066 3582 Ταῦτα
1085 3527 1370 3598 τοιγαροῦν
1396 3528 1606 3583 ἅπαντα
1626 3528 1868 3599 χρήσιμα

302 3620 463 3692 μόνον
502 3620 568 3674 δι’
600 3618 917 3691 ἀνθρώπους
959 3619 1220 3691 ἡγητέον·
1270 3620 1395 3673 οὔτε
1433 3619 1492 3672 δὲ
1530 3617 1708 3688 ἀγαθὰ
1746 3618 1868 3673 οὔτε

300 3711 447 3764 κακά
503 3711 989 3783 προσαγορευτέον,
1045 3711 1163 3774 δέος
1218 3711 1375 3782 μόνον
1428 3709 1734 3778 ἀνθρώποις
1777 3712 1869 3764 ἀν-

299 3794 543 3873 αγκαίως
568 3802 896 3873 ἐμποιοῦντα
916 3803 1050 3874 πρὸς
1067 3803 1394 3874 ἐπιστροφὴν
1426 3802 1519 3856 τοῦ
1542 3803 1862 3873 κρείττονος·

300 3895 394 3949 καὶ
423 3892 484 3947 τὸ
507 3893 673 3963 ἀργὸν
713 3892 888 3947 αὐτῶν
912 3893 1107 3964 ἀργίας
1129 3893 1278 3965 παρὰ
1309 3891 1613 3963 ἀνθρώποις
1644 3892 1868 3947 κωλυτι-

299 3987 426 4042 κόψ
453 3989 629 4040 κεῖται
661 3983 773 4057 γάρ
810 3984 949 4039 αὑτά
972 3984 1233 4056 μάστιγος
1259 3984 1413 4055 δίκην
1459 3985 1785 4057 φαινομένης
1807 3987 1866 4038 ὲν

297 4079 432 4152 οῐκῳ
459 4080 596 4151 πρὸς
630 4077 970 4150 κατασκευὴν
999 4077 1279 4140 εὐλαϐείας
1313 4077 1420 4132 τῶν
1446 4077 1688 4143 οἰκετῶν,
1720 4077 1770 4131 ετ
1783 4095 1867 4142 τις

297 4172 604 4244 ἀργήσειεν,
626 4170 659 4243 ἢ
679 4171 734 4225 εἴ
756 4187 840 4234 τις
863 4169 1204 4243 πλημμελοίη
1227 4168 1338 4224 τῶν
1359 4169 1498 4224 κατά
1525 4169 1621 4242 τὴν
1650 4170 1829 4225 έστίαν
1847 4189 1862 4202 ο

298 4263 348 4315 εί
365 4261 424 4315 δὲ
439 4265 706 4333 πονηροὺς
726 4260 871 4314 ἔστιν
892 4261 1018 4314 ἰδεῖν
1040 4259 1203 4332 μηδὲν
1223 4260 1326 4314 ὑπὸ
1350 4260 1552 4315 τούτων
1574 4260 1868 4331 βλαπτομέ-

296 4366 441 4414 νους,
467 4349 743 4421 θαύμασον
768 4349 861 4403 τοῦ
880 4349 1149 4403 Δεσπότου
1169 4348 1230 4403 τὸ
1252 4349 1587 4414 ἀνεξίκακον.
1613 4347 1776 4402 Οὐδὲν
1810 4349 1867 4403 δὲ

296 4434 456 4512 ἦττον
471 4442 686 4511 ναητέον
710 4442 808 4512 τὴν
829 4440 1234 4514 παρακειμένην
1270 4441 1506 4513 μάστιγα
1525 4459 1538 4473 ·
1560 4441 1864 4495 τούναντίον

1970 3256 2214 3328 quaedam
2245 3257 2390 3312 enim
2429 3264 2614 3326 partes
2644 3260 2698 3308 et
2746 3253 2986 3308 membra
3028 3259 3083 3305 et
3130 3251 3372 3320 sanguis,
3411 3250 3525 3305 sola

1970 3365 2035 3405 ac
2065 3364 2162 3420 per
2193 3363 2253 3404 se
2274 3346 2665 3420 aegrotantibus
2691 3344 3024 3400 conducunt.
3050 3342 3332 3409 Quomodo
3361 3342 3528 3411 igitur

1971 3448 2099 3496 sunt
2140 3455 2208 3495 ex
2238 3440 2501 3509 nequitia,
2536 3452 2658 3507 qua:
2703 3452 2767 3491 ex
2802 3445 2954 3506 parte
2998 3443 3127 3489 sunt
3172 3433 3323 3487 utilia
3358 3441 3411 3485 et
3436 3432 3527 3498 ju-

1967 3531 2135 3586 vant?
2157 3530 2281 3587 Haec
2308 3531 2471 3602 igitur
2493 3531 2676 3586 omnia
2698 3526 2946 3583 ducenda
2979 3533 3104 3581 sunt
3130 3525 3283 3579 utilia
3304 3530 3525 3593 prepter

1970 3621 2218 3678 homines
2247 3629 2499 3687 tantum;
2526 3636 2635 3675 non
2667 3626 2846 3673 autem
2874 3615 3193 3687 appellanda
3219 3622 3348 3669 sunt
3380 3615 3523 3669 bona

1970 3729 2146 3785 neque
2200 3714 2365 3778 mala,
2415 3728 2537 3783 quae
2579 3710 2892 3766 hominibus
2943 3716 3153 3763 tantum
3211 3705 3525 3761 necessario

1968 3813 2169 3861 metum
2206 3805 2481 3875 injiciunt,
2517 3811 2577 3858 ut
2606 3802 2671 3857 ad
2710 3801 2904 3857 melius
2932 3800 3242 3855 institutum
3288 3813 3348 3852 se
3391 3811 3524 3850 con-

1968 3902 2178 3951 vertant
2205 3914 2218 3950 :
2248 3901 2303 3950 et
2330 3895 2500 3950 otium
2532 3894 2853 3953 bestiarum,
2895 3897 3058 3960 atque
3088 3888 3302 3943 vocatio
3330 3900 3518 3943 earum

1965 4002 1997 4040 a
2022 3984 2288 4050 vocando,
2327 3982 2470 4055 apud
2498 3983 2746 4037 homines
2779 3980 2949 4035 otium
2979 3988 3034 4034 et
3056 3978 3305 4033 inertiam
3337 3975 3522 4046 prohi‘

1967 4077 2059 4132 bet
2083 4094 2098 4130 :
2123 4083 2252 4131 sunt
2273 4077 2421 4131 enim
2450 4075 2626 4145 posita
2652 4074 2769 4143 ipsa
2799 4072 2971 4127 instar
2992 4069 3187 4138 ﬂagelli
3213 4066 3522 4138 apparentis

1966 4167 2021 4222 in
2054 4167 2238 4232 domo,
2286 4172 2346 4220 ut
2384 4171 2628 4220 metuant
2666 4163 2853 4218 famuli
2907 4177 2971 4217 ac
3017 4159 3276 4224 ministri,
3319 4158 3365 4214 si
3395 4156 3521 4228 quis

1965 4273 2153 4313 eorum
2203 4272 2262 4312 se
2292 4255 2455 4312 dedat
2502 4255 2633 4319 otio,
2678 4263 2771 4309 aut
2806 4254 2853 4308 si
2892 4252 3017 4323 quis
3045 4251 3192 4307 domi
3220 4250 3520 4320 delinquat.

1967 4349 2025 4405 Si
2061 4365 2188 4405 vero
2215 4349 2483 4420 contingit
2510 4348 2694 4404 videre
2724 4347 2824 4402 has
2855 4361 2993 4417 quas
3022 4344 3284 4407 diximus,
3316 4343 3523 4399 bestias

1966 4441 2101 4496 nihil
2137 4455 2333 4495 nocere
2360 4440 2642 4510 improbis,
2674 4438 3006 4493 admiremur
3034 4437 3088 4491 in
3118 4437 3351 4491 Domino
3380 4436 3520 4490 tole-

295 4529 375 4596 δὲ,
390 4533 437 4585 εί
451 4534 675 4605 χρηστοὶ
691 4549 758 4585 πε
767 4533 1069 4604 ριπίπτοιεν
1087 4532 1314 4596 τούτοις,
1336 4532 1526 4598 ἰστέον,
1544 4533 1639 4597 ὡς,
1656 4531 1860 4603 ἀγαθοῦ

1966 4533 2197 4588 rantiain
2232 4534 2518 4587 malorum.
2548 4530 2915 4585 Nihilominus
2950 4537 3131 4583 tamen
3172 4525 3523 4583 considerare

297 4623 772 4696 πλημμελοῦντος,
827 4625 1056 4694 φείσαιτ’
1108 4625 1174 4678 ἂν
1220 4625 1359 4697 πρὸς
1409 4625 1791 4698 ὲπιστρέφειαν
1832 4626 1861 4678 ό

298 4716 589 4789 Δεσπότης,
641 4716 855 4787 mixtos
898 4716 993 4770 τοῦ
1032 4716 1150 4769 λίαν
1177 4716 1615 4788 ἀπεγνωσμένου.
1660 4714 1720 4771 Ὀ
1765 4718 1862 4796 μὲμ

296 4810 404 4882 γὰρ
431 4811 622 4881 ἰάσιμα
667 4808 992 4880 πλημμελεῖ,
1028 4811 1057 4862 ό
1097 4809 1154 4862 δὲ
1197 4812 1440 4881 τηρεῖται
1487 4808 1624 4882 πρὸς
1646 4808 1862 4862 ἀνίατον

293 4901 559 4974 τιμωρίαν
579 4917 591 4930 ’
622 4899 846 4954 τοιαῦτα
878 4898 1390 4972 γάρνύποδείγματα
1420 4899 1710 4971 πάμπολλα
1732 4899 1860 4952 ἴδοι-

296 5011 397 5068 μεν
434 4993 499 5050 ἂν
544 4996 602 5049 ὲν
642 4996 761 5057 ταῖς
801 4993 972 5057 θείαις
1010 4988 1253 5065 Γραφαῖς
1276 4993 1661 5065 ὑστερούμενα.
1693 4993 1858 5047 Μέλει

293 5088 472 5145 τοίνυν
499 5088 638 5141 πάνυ
679 5103 744 5155 γε
767 5085 886 5156 Θεῷ
920 5085 1236 5159 ἀνθρώπου·
1281 5086 1361 5140 διὸ
1402 5085 1670 5149 παντοίως
1710 5084 1860 5155 αὐτῷ

294 5180 363 5234 τὰ
407 5177 761 5233 ἀνακινοῦντα
803 5179 939 5252 πρὸς
985 5177 1266 5234 εὐλάϐειαν
1311 5179 1729 5252 παρατέθεικενο
1784 5177 1858 5241 ὼς

298 5270 433 5343 μηδὲ
465 5270 556 5324 τὸν
589 5269 753 5325 ὕπνον
802 5273 1139 5342 πυκνοτάτης
1181 5272 1451 5343 ὀχλήσεως
1493 5269 1856 5343 ἀπηλλάχθαι,

293 5360 430 5416 ἀλλά
453 5364 546 5417 καὶ
570 5362 776 5428 τοῦτον,
806 5363 894 5416 διὰ
917 5363 1199 5418 κνωδάλων
1227 5364 1387 5418 τινῶν
1415 5363 1855 5434 ὲμποδιζόμενον,

293 5453 518 5525 κέντρου
544 5453 699 5523 δίκην
724 5454 934 5508 νύττειν
964 5454 1054 5507 τὸν
1078 5454 1360 5524 λογισμόνσ
1391 5455 1483 5508 καὶ
1506 5453 1673 5508 πολλά
1699 5470 1761 5522 γε
1790 5453 1858 5506 τά

294 5533 681 5617 βοηθοῦντατῇ
717 5545 1031 5617 ἀνθρωπίνῃ
1073 5545 1323 5617 ἀσθενείᾳ
1369 5546 1685 5617 θαυμασίως
1723 5545 1858 5618 πρὸς

293 5637 598 5712 ἀνάμνησιν
614 5637 749 5692 Θεοῦ
766 5657 779 5670 ·
806 5638 873 5692 δι’
907 5632 981 5691 ὧν
1005 5639 1112 5712 γὰρ
1138 5638 1332 5710 πάσχει
1376 5638 1717 5710 σωματικῶς,
1752 5654 1858 5691 πα-

297 5727 405 5785 θῶν
436 5731 616 5803 ψυχῆς
641 5730 1051 5804 ἐλευθεροῦται*
1086 5731 1179 5789 καὶ
1211 5731 1276 5784 δι’
1319 5749 1394 5784 ων
1438 5729 1628 5784 παθεῖν
1661 5729 1725 5785 ἂν
1764 5729 1856 5784 δυ-

295 5823 507 5897 νηθείη,
531 5824 630 5881 κᾶν
661 5825 735 5899 μὴ
762 5825 927 5897 πάθη.
964 5826 1098 5897 πρὸς
1137 5823 1420 5879 εὐλάϐειαν
1451 5823 1852 5895 ἐπιστρέφεται.

1962 4632 2176 4695 oportet
2209 4623 2477 4696 ﬂagellum
2518 4623 2894 4694 propositum:
2928 4627 3117 4675 contra
3146 4635 3276 4675 vero
3318 4620 3366 4674 si
3394 4619 3520 4673 Itoni

1964 4713 2213 4770 incidunt
2246 4714 2302 4769 in
2332 4714 2430 4768 bas
2465 4711 2635 4776 feras,
2669 4711 3061 4766 advertendum
3093 4719 3198 4773 est,
3228 4710 3373 4780 quod
3415 4709 3522 4764 Do-

1961 4807 2145 4862 minus
2172 4806 2317 4861 bono
2344 4805 2682 4876 delinquenti
2708 4803 2973 4875 prospicit
3004 4811 3058 4859 et
3084 4812 3259 4869 cavet,
3288 4818 3397 4858 non
3425 4819 3522 4857 au-

1960 4907 2067 4955 tem
2113 4899 2160 4954 ei
2197 4900 2290 4968 qui
2322 4897 2479 4952 valde
2507 4896 2830 4966 desperatus
2873 4902 2980 4951 est.
3014 4893 3107 4950 Ille
3138 4896 3282 4950 enim
3310 4909 3519 4965 peccat,

1959 5008 2080 5063 quae
2109 4990 2292 5047 curari
2332 4997 2598 5061 possunt;
2640 4988 2728 5043 hic
2766 5003 2896 5043 vero
2928 4986 3241 5044 reservatur
3281 4989 3346 5043 ad
3391 5004 3521 5058 sup-

1960 5084 2206 5156 plicium,
2247 5081 2397 5153 quod
2443 5082 2598 5138 evadi
2634 5097 2740 5136 non
2779 5088 2994 5152 potest:
3019 5079 3329 5150 huiusmodi
3373 5078 3518 5135 enim

1960 5177 2204 5245 exempla
2246 5174 2514 5244 permulta
2562 5174 2618 5227 in
2658 5173 2857 5229 divinis
2886 5171 3186 5244 Scripturis
3219 5173 3402 5229 videre
3450 5186 3517 5226 ac

1961 5270 2139 5341 legere
2172 5269 2321 5324 licet.
2355 5266 2547 5338 Magna
2571 5268 2752 5337 itaque
2778 5281 2909 5322 cura
2938 5274 3022 5322 est
3051 5266 3161 5323 Deo
3183 5267 3250 5321 de
3278 5265 3514 5329 homine,

1957 5362 2307 5433 quamobrem
2338 5361 2596 5417 omnibus
2620 5361 2795 5417 modis
2824 5360 3124 5432 proposuit.
3155 5374 3275 5429 quae
3305 5372 3427 5413 eum
3449 5358 3513 5411 ad

1959 5460 2212 5513 timorem
2243 5465 2525 5514 moverent
2553 5464 2607 5512 et
2639 5458 2968 5524 excitarent;
2999 5463 3058 5510 ut
3086 5470 3262 5524 neque
3289 5468 3514 5508 somnus

1963 5549 2039 5605 illi
2081 5564 2111 5603 a
2159 5549 2488 5605 creberrima
2547 5549 2794 5604 molestia
2842 5549 2977 5603 liber
3022 5552 3202 5611 esset,
3245 5544 3378 5615 quin
3426 5545 3516 5599 hic

1961 5641 2125 5695 etiam
2153 5654 2183 5694 a
2213 5640 2538 5710 quibusdam
2570 5638 2700 5695 feris
2733 5646 2787 5694 et
2821 5635 3165 5707 serpentibus
3194 5633 3508 5703 impeditus,

1965 5730 2373 5798 cogitationem
2408 5730 2583 5785 instar
2628 5728 2835 5785 stimuli
2876 5731 3145 5797 pungeret
3187 5742 3201 5776 :
3236 5737 3300 5777 ac
3347 5724 3517 5778 multa

1963 5822 2181 5895 quidem
2204 5833 2333 5880 sunt
2358 5838 2478 5896 quae
2498 5821 2790 5878 humanam
2817 5816 3183 5874 inﬁrmitatem
3207 5814 3421 5886 juvant,
3455 5820 3519 5868 ut
