4064 6290
625 378 761 434 11¹ῗ9

1757 375 1892 431 TiTi
1932 377 2354 433 BOSTRENSIS
2384 377 2685 436 EPISCOPI

3687 387 3798 442 “80

623 498 788 553 homo
820 493 1135 550 recordetur
1179 489 1272 546 Dei
1321 491 1547 562 eiusque
1589 494 1905 547 memoriam
1958 494 2170 550 habeat.

2277 497 2384 550 Kal
2421 498 2736 568 περιπίπτει
2775 501 3101 570 σωματικοῖς
3147 499 3369 554 πάθεσιν
3399 501 3699 568 ἀναγκαίως
3726 507 3798 559 ἀν-

621 592 847 648 Mirilice
894 601 1127 656 namque
1177 600 1276 655 per
1322 602 1384 642 ea
1421 603 1541 656 quae
1581 601 1810 656 corpore
1867 591 2092 657 patitur,
2145 605 2175 643 a

620 682 825 737 morbis
870 679 1063 731 animae
1098 676 1390 740 liberatur;
1423 683 1476 730 et
1508 691 1603 745 per
1648 690 1712 730 ea
1751 692 1871 746 qua:
1901 679 2009 748 pati
2051 694 2176 748 pos—

622 782 725 838 set,
763 769 1011 841 quamvis
1056 782 1165 821 non
1199 767 1456 837 patiatur,
1505 767 1571 820 ad
1606 768 1852 822 timorem
1899 771 2174 824 converti-

619 875 726 918 tur.
772 860 964 916 lncidit
1014 875 1231 930 quoque
1282 859 1443 912 homo
1494 861 1806 915 necessario
1851 861 1906 915 in
1955 862 2175 918 morbos

2279 589 2511 659 θρωπος,
2543 590 2629 644 ἵνα
2667 591 2728 644 τὸ
2773 591 3148 660 χαλεπώτατον
3185 592 3276 645 καὶ
3323 592 3478 662 μόνον
3511 592 3585 656 ὡς
3620 592 3800 665 ἀληθῶς

2278 680 2447 745 πάθος
2487 682 2717 754 διαφύγῃ
2773 683 2870 754 τὴν
2921 684 3221 756 ἁμαρτίαν·
3277 684 3336 736 τὸ
3387 683 3496 756 γὰρ
3538 685 3800 756 ἀνάλγητον

2280 774 2575 828 ἀκόλαστον
2595 792 2608 806 ·
2645 775 2820 830 καὶτὸ
2852 776 3172 848 ἀτιμώρητα
3215 778 3525 848 ἁμαρτάνον
3562 777 3802 845 παντελῶς

2279 864 2665 936 διαφθείρεται.

615 956 880 1021 corporis,
937 962 994 1008 ut
1038 961 1341 1023 peccatum,
1395 952 1774 1021 gravissimum
1827 946 2076 1010 morbum
2116 965 2170 1012 et
2198 959 2290 1027 qui
2321 961 2470 1015 solus
2527 976 2651 1016 vere
2692 961 2912 1017 morbus
2946 969 3051 1028 est,
3085 961 3306 1033 eﬁ‘ugiat
3345 961 3480 1032 :qui
3535 962 3672 1016 enim
3713 977 3801 1019 non

615 1050 782 1105 dolet.
817 1048 1183 1115 intemperans
1212 1049 1328 1108 est;
1365 1053 1421 1096 et
1450 1043 1542 1112 qui
1574 1050 1763 1112 peccat
1792 1044 2030 1113 impune,
2060 1045 2303 1104 funditus
2335 1051 2492 1119 perit.

687 1140 743 1195 Si
778 1139 923 1193 enim
963 1148 1068 1191 tam
1109 1137 1292 1190 multis
1324 1151 1386 1189 ac
1422 1135 1588 1188 tantis
1617 1135 1683 1188 ad
1719 1135 2015 1190 timendum
2045 1153 2176 1207 pro-

617 1232 830 1303 positis,
863 1245 930 1284 ex
970 1243 1162 1298 magna
1207 1234 1360 1297 parte
1403 1227 1651 1281 homines
1684 1242 1750 1280 ex
1783 1230 2051 1282 vacuitate
2103 1228 2175 1280 ti-

618 1324 785 1378 moris
810 1329 1108 1391 azgrotant;
1134 1320 1408 1389 quomodo
1438 1320 1748 1373 convictum
1777 1327 1830 1374 et
1859 1321 2174 1375 societatem

616 1419 758 1470 inter
789 1429 848 1468 se
878 1413 1075 1466 habere
1100 1413 1424 1482 potuissent,
1457 1411 1499 1463 si
1533 1411 1715 1464 nullus
1741 1410 1820 1465 eis
1853 1419 2028 1464 metus
2051 1418 2176 1465 ante

615 1506 806 1561 oculos
837 1503 1205 1574 impenderet?
1238 1501 1408 1556 lllollit
1439 1501 1603 1572 igitur
1630 1501 1906 1555 duriorem
1938 1509 2172 1555 mentem

614 1601 863 1661 morbus;
922 1607 974 1652 et
1025 1610 1395 1666 saepenumero
1442 1593 1783 1663 naufragium
1845 1603 2176 1648 mercatores

614 1689 870 1760 perjuriis
897 1691 1148 1741 assuetos
1184 1683 1446 1746 mutavit;
1475 1691 1528 1735 et
1557 1695 1749 1735 rursus
1779 1679 1957 1749 inopia
1983 1679 2176 1748 opibus

613 1783 816 1837 elatum
855 1776 1152 1846 depressit;
1197 1774 1405 1828 orbitas
1453 1771 1686 1827 ﬁliorum
1727 1771 1964 1828 correxit
2003 1771 2174 1826 avari-

618 1872 708 1926 tias
745 1876 963 1939 propter
991 1867 1189 1922 liberos
1219 1863 1488 1920 deditum.

686 1962 840 2028 Quod
877 1961 921 2016 si
958 1975 1063 2012 non
1095 1956 1355 2020 correxit,
1380 1954 1685 2023 exemplum
1711 1953 1902 2008 saltem
1934 1953 2174 2010 sentien-

616 2057 762 2110 tibus
809 2053 1084 2124 praebuit:
1131 2065 1194 2104 ac
1239 2050 1392 2103 liberi
1429 2046 1644 2117 quidem
1696 2047 1899 2100 nullam
1947 2060 2173 2115 prorsus

533 2164 551 2176 ··
611 2149 881 2219 jacturam
939 2153 1031 2198 aut
1079 2144 1336 2198 damnum
1381 2141 1645 2201 lecerunt,
1688 2139 1931 2208 quinimo
1976 2139 2176 2192 beneﬁ-

611 2240 758 2293 cium
807 2243 1133 2307 acceperunt
1183 2236 1252 2289 ab
1298 2231 1644 2287 institutione
1682 2232 1944 2286 malorum
1978 2245 2174 2301 paren-

615 2339 730 2386 tum
763 2331 974 2385 liberati
998 2347 1011 2358 ·
1051 2329 1277 2382 avaritia
1307 2335 1488 2382 autem
1522 2324 1807 2380 refellitur.

2349 1142 2410 1194 Εί
2461 1142 2586 1214 γὰρ,
2630 1142 2723 1196 καὶ
2772 1142 3035 1196 τοσούτων
3074 1144 3495 1216 παρακειμένων
3531 1144 3606 1208 εἰς
3647 1145 3799 1214 φόϐον»

2278 1233 2508 1302 ἀφοϐίαν
2555 1234 2629 1298 ὡς
2672 1235 2765 1288 ἐπὶ
2803 1236 2862 1289 τὸ
2909 1235 3039 1288 πολὺ
3078 1236 3320 1289 νοσοῦσιν
3367 1235 3669 1307 ἄνθρωποι·
3707 1237 3803 1304 πῶς

2276 1323 2341 1379 ἂν
2372 1329 2604 1379 συνεῖναι
2632 1326 2759 1394 γοῦν
2786 1327 3029 1398 ἀλλήλοις
3075 1327 3428 1399 ἐδυνήθησαν,
3473 1329 3522 1380 εί
3558 1327 3706 1398 μηδὲν
3725 1328 3802 1382 αὐ-

2275 1418 2386 1480 τοῖς
2432 1419 2550 1470 κατ’
2585 1417 2890 1488 ὀφθαλμοὺς
2931 1419 3199 1490 ἐπῄρτητο
3244 1419 3400 1482 δέος;
3445 1417 3802 1488 μαλάττειτοι-

2275 1506 2476 1577 γαροῦν
2501 1508 2593 1560 καὶ
2639 1507 2790 1570 νόσος
2831 1507 3065 1561 διάνοιαν
3118 1508 3514 1579 σκληροτέραν·
3568 1508 3655 1561 καὶ
3701 1526 3801 1561 vuu-

2277 1597 2428 1664 όιγιον
2474 1598 2730 1661 πολλάκις
2770 1599 3042 1669 συμπεσὸν
3071 1599 3322 1670 ἐμπόρων
3361 1600 3615 1669 ἐπίορκον
3639 1601 3801 1670 τρόπον

2281 1688 2568 1759 μετέϐαλε·
2618 1690 2773 1743 πενία
2829 1686 2982 1754 αὖθις
3037 1691 3337 1761 κατήνεγκε
3390 1691 3484 1744 τὸν
3538 1691 3800 1762 ἐπαρθέντα

2279 1779 2526 1850 πλούτῳ·
2557 1779 2758 1835 παίδων
2797 1781 3047 1852 στέρησις
3099 1781 3432 1852 ἐσωφρόνισε
3481 1781 3570 1834 τὸν
3594 1782 3675 1836 διὰ
3704 1787 3798 1838 παίο

2270 1865 2368 1928 δας
2392 1866 2828 1923 πλεονεκτοῦντα.

2348 1959 2410 2010 Εί
2447 1959 2504 2011 δὲ
2548 1958 2620 2029 μὴ
2656 1961 3003 2031 ἐσωφρόνισε,
3043 1960 3104 2013 τὸ
3154 1959 3458 2031 ὑπόδειγμα
3499 1964 3609 2025 τοῖς
3644 1960 3796 2014 αισθα-

2279 2048 2520 2117 νομένοις
2546 2049 2812 2118 παρέσχε·
2840 2052 2932 2104 καὶ
2965 2052 3013 2104 oi
3041 2051 3138 2121 μὲν
3165 2051 3350 2114 παῖδες
3377 2051 3674 2124 ἐϐλάϐησαν
3697 2070 3791 2105 παν-

2278 2137 2444 2201 τελῶς
2475 2140 2640 2204 οὐδὲν,
2671 2141 2864 2210 μᾶλλον
2895 2143 2991 2212 μέν
3011 2139 3101 2196 οῦν
3124 2144 3590 2214 εύηργετήθησαν,
3615 2143 3795 2213 ἀγωγῆς

2279 2228 2494 2297 φαύλων
2521 2231 2721 2299 γονέων
2746 2232 3146 2302 ἀπαλλαγέντες
3162 2251 3174 2268 ο
3199 2234 3270 2288 τὰ
3303 2235 3362 2288 δὲ
3403 2237 3506 2307 τῆς
3531 2234 3794 2302 πλεονεξίας

2277 2320 2625 2392 διελέγχεται.

907 2465 1035 2519 CAP.
1069 2462 1254 2517 XXIII.
1293 2462 1517 2516 Iactura
1547 2461 1850 2516 liberorum.
1882 2459 2139 2514 Absoluta
2177 2459 2316 2514 ratio
2347 2476 2524 2513 rerum
2554 2475 2684 2530 quas
2714 2459 2854 2515 Deus
2874 2461 3151 2532 gubernat,
3186 2465 3535 2534 incomperta.

686 2578 899 2634 Rursus
920 2581 1009 2632 alii
1033 2593 1156 2632 cum
1185 2585 1438 2646 parentes
1461 2575 1660 2644 alioqui
1692 2574 1888 2643 probos
1909 2575 2168 2638 habeant,

614 2673 943 2737 moriun.ur,
982 2679 1074 2725 aut
1107 2669 1233 2740 quia
1275 2668 1442 2722 futuri
1478 2675 1632 2722 erant
1678 2667 1884 2737 indigni
1916 2667 2175 2737 genitori-

611 2764 716 2818 bus
763 2764 916 2825 suis,
965 2777 1033 2816 ne
1083 2762 1348 2816 bonorum
1401 2761 1555 2815 make
1608 2761 1872 2815 columna:
1914 2767 2169 2814 exstent:

613 2862 709 2908 aut
739 2855 782 2906 si
821 2854 979 2924 probi
1009 2851 1226 2922 quidem
1259 2861 1408 2918 sunt,
1439 2853 1654 2906 evasuri
1682 2861 1858 2906 tamen
1879 2851 2026 2917 pravi
2057 2866 2174 2904 mu-

610 2945 822 2998 tatione
845 2959 1077 3008 morum,
1115 2945 1158 2998 si
1190 2949 1532 3006 crescerent,
1563 2943 1824 2997 beneﬁcio
1845 2942 2171 3004 alliciuutur,

612 3053 723 3091 non
755 3045 1132 3106 permanentes
1163 3036 1216 3089 in
1253 3034 1451 3088 malum
1484 3048 1665 3096 suum,
1698 3034 1879 3086 omnia
1923 3031 2014 3086 Dei
2043 3046 2170 3101 pro-

2354 2573 2559 2627 Ἀλλων
2598 2570 2752 2639 αὖθις
2797 2569 2856 2628 εὖ
2901 2574 3255 2647 διακειμένων
3302 2578 3640 2646 τελευτῶσιν,
3682 2581 3791 2651 ἢὼς

2275 2665 2480 2731 ἀνάξιοι
2513 2668 2620 2720 τῶν
2665 2668 2945 2738 φυσάντων
2990 2671 3359 2740 γενησόμενοι,
3417 2672 3504 2726 ἵνα
3553 2673 3621 2744 μὴ
3661 2673 3789 2744 στήλη

2278 2759 2417 2830 κακὴ
2447 2758 2663 2826 ἀγαθῶν
2698 2760 3003 2814 ἀναστῶσιν
3023 2779 3036 2791 ·
3077 2762 3108 2833 ἢ
3138 2763 3328 2831 ἀγαθοί
3356 2782 3424 2832 γε
3464 2766 3789 2836 τυγχάνοντες,

2277 2853 2325 2904 εί
2354 2852 2442 2904 ἐπὶ
2465 2852 2622 2905 πλέον
2653 2853 2951 2922 αὑξηθεῖεν,
2977 2853 3051 2918 ὡς
3073 2855 3136 2906 ἐκ
3163 2855 3470 2927 μεταϐολῆς
3493 2858 3787 2929 γενησόμενοι

2279 2939 2490 3008 φαῦλοι,
2529 2941 2954 3011 εὐεργετοῦνται,
2987 2943 3059 3012 μὴ
3084 2943 3204 2996 καθ’
3239 2945 3452 2999 ἐαυτῶν
3499 2947 3787 3017 διαμένοντες

2276 3029 2340 3097 τῇ
2398 3028 2699 3098 προγνιῖξσει
2752 3029 2842 3082 τοῦ
2903 3030 3034 3084 Θεοῦ
3097 3032 3272 3086 πάντα
3331 3035 3666 3100 διοικοῦντος.
3709 3037 3785 3090 Καὶ

612 3131 852 3186 videntia
895 3138 949 3184 et
983 3128 1408 3200 prmeognitiune
1432 3141 1529 3182 sua
1570 3126 1926 3196 gubernante.
1966 3123 2167 3176 Admo-

2276 3123 2554 3190 ἀναγκαῖοί
2592 3141 2654 3192 γε
2689 3123 2808 3177 λίαν
2848 3127 2896 3178 oi
2933 3126 3104 3194 φόϐοι,
3139 3129 3233 3181 καὶ
3264 3131 3486 3186 ποικίλα
3521 3132 3607 3185 καὶ
3633 3132 3786 3202 ἄπειρα

611 3223 741 3275 ι1ιιιιι
783 3222 964 3290 itaque
999 3218 1295 3273 necessarii
1325 3225 1452 3272 sunt
1492 3225 1689 3278 metus,
1719 3223 1771 3267 et
1818 3212 1980 3267 varia:
2013 3219 2173 3280 atque

612 3314 839 3368 inﬁnitae
870 3321 998 3368 sunt
1029 3328 1207 3366 causae.
1244 3327 1431 3366 eorum
1474 3326 1595 3380 quae
1636 3308 1778 3363 Deus
1801 3307 2080 3377 dispensat
2110 3320 2172 3358 ac

611 3407 894 3476 providet;
942 3413 996 3459 et
1035 3419 1176 3472 saepe
1237 3403 1436 3472 smpius
1484 3401 1668 3456 eadem
1716 3406 1935 3469 propter
1993 3396 2171 3450 varias

612 3510 808 3549 causas
848 3495 1124 3548 eveniunt.
1171 3492 1264 3546 llle
1313 3499 1538 3560 argrotat
1581 3498 1802 3558 propter
1844 3497 2082 3557 peccata,
2115 3494 2173 3539 ut

613 3595 1004 3642 convertatur:
1045 3586 1185 3638 alius
1213 3594 1433 3652 propter
1459 3583 1735 3644 virtutem,
1769 3588 1828 3633 ιιι
1868 3579 2038 3649 magis
2077 3579 2173 3633 ad-

616 3677 724 3731 huc
757 3685 1110 3739 exerceatur;
1146 3673 1199 3725 in
1231 3673 1597 3726 testimonium
1626 3673 1752 3724 item
1786 3672 1926 3726 alius
1955 3680 2172 3740 propter

615 3765 846 3820 nimium
882 3769 1184 3833 peccatum,
1222 3768 1281 3814 ut
1309 3768 1600 3829 arguatur;
1636 3770 1686 3813 et
1716 3759 1961 3828 ejusdem
2009 3774 2171 3813 casus

615 3857 780 3911 variae
808 3856 969 3910 etiam
1001 3868 1201 3908 causze.
1235 3851 1329 3908 Ille
1357 3852 1554 3907 amittit
1579 3866 1711 3922 opes
1740 3852 1877 3906 male
1907 3853 1985 3906 eis
2015 3867 2170 3917 usus,

614 3949 725 4005 Deo
750 3953 834 4004 sic
865 3947 943 4000 illi
979 3946 1345 4015 prospiciente
1370 3959 1432 3998 ac
1461 3952 1792 4014 priecavente
1819 3963 1830 3998 :
1857 3945 1993 4000 alius
2019 3953 2077 4000 ut
2105 3946 2170 3999 ad

615 4046 871 4098 virtutem
902 4055 998 4108 per
1023 4039 1258 4107 inopiam
1292 4053 1350 4094 se
1373 4045 1624 4094 exerceat
1653 4037 1828 4092 :alius
1859 4045 2050 4106 sponte
2075 4053 2172 4093 sua

615 4149 778 4206 grave
822 4131 1033 4200 pondus
1071 4131 1380 4184 divitiarum
1411 4129 1616 4199 abjicit,
1659 4146 1727 4186 ne
1780 4130 1892 4184 sint
1922 4131 1969 4184 ei
2005 4131 2173 4199 impe-

618 4226 863 4281 dimento
909 4221 974 4275 ad
1008 4221 1287 4276 virtutem.
1333 4219 1517 4290 Neque
1553 4222 1707 4276 facile
1737 4222 2004 4291 quispiam
2052 4237 2174 4292 per~

616 4316 828 4385 spicere
868 4319 1045 4380 potest
1093 4311 1398 4365 absolutam
1450 4312 1712 4366 rationem
1764 4327 1948 4366 earum
1994 4327 2172 4366 rerum

614 4421 752 4476 quas
779 4403 917 4458 Deus
947 4402 1230 4472 gubernat,
1258 4411 1316 4456 ut
1350 4403 1659 4458 hominibus
1699 4403 1966 4457 consulat.
1993 4402 2171 4458 Pauca

615 4511 743 4552 vero
769 4510 889 4565 quae
923 4493 1315 4562 comprehensa
1358 4499 1507 4556 sunt,
1555 4493 1714 4546 ﬁdem
1748 4491 1953 4546 faciunt
1985 4508 2173 4547 eorum
2202 4476 2250 4536 Ῑ)

615 4605 737 4658 qua:
782 4603 888 4641 non
924 4597 1072 4641 sunt.
1107 4585 1360 4651 Quaedam
1392 4585 1537 4638 enim
1581 4584 1695 4654 ipse
1729 4583 1967 4638 declarat
2006 4584 2178 4639 homi-

617 4679 798 4738 nibus.
837 4687 893 4732 ut
922 4678 1328 4747 quodammodo
1361 4693 1428 4731 ex
1455 4677 1521 4731 iis
1547 4691 1665 4745 quze
1698 4677 1960 4736 sentiunt,
1986 4691 2178 4730 ascen-

615 4770 746 4824 dere
775 4771 985 4839 possint
1011 4771 1076 4824 ad
1109 4786 1256 4825 eum.
1280 4769 1400 4824 Alia
1431 4784 1558 4823 vero
1588 4768 1816 4837 plurima
1844 4769 2177 4824 obscuritate

617 4863 880 4929 contegit,
918 4878 987 4917 ne
1015 4870 1208 4915 contra
1241 4878 1301 4917 se
1336 4861 1428 4916 ﬁat
1461 4861 1718 4931 magister
1745 4875 1851 4914 non
1879 4859 2130 4914 credendi
2160 4879 2172 4914 :

621 4969 721 5010 nec
750 4953 893 5007 enim
927 4953 1153 5008 decebat
1187 4957 1426 5008 omnium
1453 4969 1573 5023 qua:
1595 4952 1868 5022 sigillatim
1902 4951 2054 5014 ﬁunt,
2083 4953 2179 5009 de-

618 5045 1044 5100 monstrationes
1073 5059 1102 5096 a
1137 5043 1244 5098 lico
1274 5060 1530 5114 poscere;
1563 5043 1832 5113 siquidem
1867 5041 2177 5112 hujusmodi

619 5136 858 5203 cognitio
906 5133 1177 5189 diﬁicilior
1217 5144 1272 5188 et
1319 5137 1472 5206 pejor
1515 5145 1598 5191 est
1629 5151 1790 5206 quam
1833 5136 2174 5204 ignorantia;

620 5225 723 5279 hac
745 5226 888 5278 enim
928 5226 1136 5278 ratione
1177 5227 1437 5280 suadetur
1483 5229 1672 5291 menti,
1701 5227 1848 5297 quod
1893 5226 2175 5292 addiscat;

623 5318 824 5387 alioqui
849 5319 982 5372 nihil
1007 5332 1219 5379 eorum,
1251 5333 1372 5386 quae
1399 5318 1538 5373 Deus
1567 5320 1852 5388 gubernat,
1885 5319 1950 5372 ad
1971 5319 2176 5386 justam

622 5409 1072 5477 gubernationem
1109 5408 1355 5464 referret.
1388 5408 1575 5462 Melior
1599 5418 1780 5464 autem
1811 5411 1972 5465 estin
2010 5412 2176 5467 Deum

623 5497 758 5552 ﬁdes
792 5507 845 5554 et
873 5499 1140 5564 charitas;
1187 5505 1240 5553 et
1269 5499 1519 5567 quamvis
1548 5513 1699 5552 meus
1749 5513 1856 5554 non
1885 5499 2178 5569 perspiciat

626 5602 746 5655 quae
780 5591 932 5653 ﬁunt,
955 5591 1186 5647 conﬁdat
1221 5598 1402 5645 tamen
1441 5595 1586 5645 recte
1626 5590 1967 5659 gubernanti.
2002 5590 2170 5661 Siqu‘-

627 5674 750 5730 dem
782 5679 836 5732 in
876 5683 1130 5740 omnibus
1165 5684 1331 5738 rebus
1372 5679 1566 5734 adduci
1602 5682 1934 5749 argumentis
1967 5690 2020 5738 et
2053 5685 2169 5752 pr'o-

635 5766 964 5837 bationibus,
1004 5776 1183 5843 potius
1207 5782 1348 5832 esset
1386 5771 1606 5845 perﬁdia
1640 5757 1800 5844 quam
1825 5773 1978 5830 ﬁdes.

2277 3213 2356 3284 τῷ
2385 3214 2574 3286 πλήθει
2622 3216 2690 3269 τὰ
2731 3217 2896 3281 αἴτια,
2937 3212 3010 3271 ὧν
3051 3218 3106 3272 δὲ
3136 3219 3266 3284 Θεὸς
3301 3223 3602 3294 οἰκονομεῖ·
3634 3224 3713 3278 καὶ
3740 3222 3785 3275 τὸ

2277 3307 2413 3360 αὑτά
2458 3308 2711 3373 πολλάκις
2752 3311 2838 3366 διὰ
2886 3312 3130 3377 ποικίλας
3177 3314 3480 3384 προφάσεις
3535 3315 3772 3385 συμϐαίνει

2290 3399 2346 3452 '0
2382 3400 2478 3470 μὲν
2525 3401 2795 3471 ἀρρωστεῖ
2844 3403 2909 3456 δι’
2955 3405 3225 3476 ἁμαρτίας
3275 3405 3788 3478 ἐπιστρεφόμενοςοὸ

2277 3490 2332 3543 δὲ
2355 3491 2420 3544 δι’
2449 3492 2645 3563 ἀρετὴν
2691 3493 2768 3547 ἔτι
2819 3495 3014 3565 μᾶλλον
3059 3497 3466 3568 γυμναζόμενος
3513 3501 3589 3563 είς
3624 3514 3787 3570 μαρτυ-

2280 3583 2430 3652 ρίαν·
2466 3584 2622 3649 ἇλλος
2652 3585 2737 3639 διὰ
2768 3587 3072 3660 ὑπερϐολὴν
3103 3589 3298 3654 κακίας
3331 3590 3691 3662 ἐλεγχόμενος·
3717 3589 3788 3645 καὶ

2276 3672 2370 3725 τοῦ
2419 3673 2580 3727 αὐτοῦ
2628 3675 3025 3748 συμπτώματος
3071 3678 3285 3731 ποικίλα
3318 3679 3388 3733 τὰ
3421 3682 3582 3734 αἴτια.
3618 3679 3667 3732 '0
3713 3677 3786 3747 μὲν

2278 3765 2527 3818 ἐκπίπτει
2584 3767 2808 3821 πλούτου
2829 3809 2844 3834 ,
2892 3768 2966 3840 μὴ
3015 3769 3192 3832 καλῶς
3244 3771 3610 3842 χρησάμενος·
3666 3769 3785 3830 ἄλλος

2277 3856 2352 3920 ὼς
2389 3856 2566 3921 καλῶς
2601 3860 2940 3930 χρησάμενος
2979 3862 3148 3929 φειδοῖ
3191 3862 3323 3916 Θεοῦ
3345 3881 3357 3891 ·
3408 3864 3561 3927 ἄλλος
3602 3862 3652 3915 δέ
3685 3858 3786 3930 πρὸς

2277 3949 2474 4019 ἀρετὴν
2499 3948 2584 4002 διὰ
2615 3951 2802 4015 πενίας
2823 3953 3224 4024 γυμναζόμενος
3243 3971 3254 3984 ·
3285 3955 3470 4026 ἕτερος
3496 3955 3625 4008 ἑκὼν
3646 3953 3782 4024 ῥίπτει

2277 4041 2382 4093 τῶν
2415 4042 2708 4112 χρημάτων
2753 4042 2815 4096 τὸ
2860 4043 3042 4116 βάρος,
3071 4045 3146 4110 ὡς
3174 4046 3246 4117 μὴ
3281 4047 3417 4118 πρὸς
3444 4048 3632 4118 ἀρετὴν
3655 4047 3783 4112 ἐμπο-

2277 4131 2488 4194 δίζοιτο.
2517 4134 2624 4187 Καὶ
2656 4135 2754 4188 οὐκ
2782 4134 2846 4189 ἂν
2879 4137 2977 4207 μέν
3014 4155 3097 4201 τις
3127 4140 3320 4210 ῥᾳδίως
3343 4141 3543 4194 κατίδοι
3567 4138 3655 4207 τὴν
3678 4133 3783 4188 κατὰ

2281 4223 2442 4294 μέρος
2473 4226 2773 4297 ἀκρίϐειαν,
2807 4221 2880 4281 ὧν
2918 4231 2947 4282 ὁ
3001 4229 3132 4294 Θεὸς
3183 4230 3480 4303 ἀνθρώπων
3525 4229 3783 4300 φειδόμενος

2278 4317 2546 4385 οίκονομεῖ
2565 4335 2577 4348 ·
2606 4317 2675 4372 τὰ
2701 4319 2756 4372 δέ
2800 4319 2953 4388 ὀλίγα
2998 4322 3516 4394 καταλαμϐανόμενα
3547 4321 3701 4381 πίστις
3722 4314 3783 4384 γε·

2277 4421 2424 4459 νεται
2455 4407 2560 4460 τῶν
2603 4409 2674 4479 μὴ
2725 4410 3304 4484 καταλαμϐανομένων.
3354 4414 3435 4468 Τὰ
3483 4415 3576 4484 μέν
3599 4407 3784 4480 γὰρκαὶ

2276 4496 2437 4560 αὐτὸς
2481 4499 2783 4570 ἀνθρώποις
2826 4503 3128 4574 σαφηνίζει,
3168 4505 3243 4568 ὡς
3285 4505 3351 4559 ἂν
3383 4505 3548 4576 ἔχοιεν
3571 4499 3782 4556 ἀναϐάσει

2277 4587 2571 4658 κεχρῆσθαι
2606 4589 2805 4659 τρόπον
2831 4591 2950 4644 τινὰ
2981 4594 3114 4663 πρὸς
3147 4594 3330 4659 αὑτὸν,
3367 4594 3432 4646 δι’
3455 4587 3528 4646 ὧν
3566 4585 3782 4644 ἐπαισθά-

2275 4693 2452 4730 νονται
2471 4693 2483 4706 ·
2510 4675 2579 4729 τὰ
2607 4677 2663 4730 δὲ
2702 4677 2926 4733 πλεῖστα
2965 4680 3194 4751 κρύπτει
3224 4681 3289 4734 δι’
3329 4680 3604 4750 ἀσαφείας,
3632 4679 3702 4730 ἵνα
3727 4671 3781 4743 μὴ

2274 4768 2497 4840 γένηται
2537 4771 2634 4840 τῆς
2687 4770 2804 4825 καθ’
2844 4774 3033 4828 ἐαυτοῦ
3083 4792 3145 4843 γε
3194 4775 3444 4839 ἀπιστίας
3485 4767 3779 4827 διδάσκαλος·

2275 4861 2392 4916 οὐδὲ
2419 4862 2526 4933 γὰρ
2551 4865 2791 4935 προσῆκε
2819 4866 2925 4920 τῶν
2949 4869 3245 4938 γινομένων
3271 4870 3496 4922 ἐκάστου
3522 4863 3657 4935 παρὰ
3679 4855 3780 4913 Θεοῦ

2273 4955 2373 5024 τὴν
2407 4955 2672 5022 ἀπόδειξιν
2708 4957 2979 5011 ἀπαιτεῖν·
3004 4959 3124 5012 ἐπεί
3163 4977 3242 5012 τοι
3279 4958 3619 5030 χαλεπωτέρα
3640 4951 3779 5020 γίγνε-

2275 5065 2362 5102 ται
2399 5049 2495 5118 τῆς
2521 5050 2736 5117 ἀγνοίας
2765 5051 2797 5120 ἡ
2824 5050 3041 5122 τοιαύτη
3066 5051 3282 5120 γνῶσις,
3311 5052 3384 5115 ὡς
3416 5050 3499 5104 διὰ
3528 5045 3667 5101 τοῦτο
3685 5041 3778 5093 δυσ·

2276 5138 2591 5206 ωπουμένου
2637 5138 2731 5192 τοῦ
2774 5138 2884 5201 νοῦ,
2911 5140 2991 5193 ὅτι
3025 5140 3281 5210 μανθάνοι
3301 5158 3313 5170 ·
3350 5140 3518 5202 ἄλλως
3549 5137 3590 5188 δ’
3625 5132 3680 5186 ἂν
3702 5127 3776 5180 οὒκ

2276 5227 2340 5279 ἂν
2369 5226 2657 5298 δεξαμένου
2687 5227 2820 5291 πρὸς
2850 5228 3057 5282 δικαίαν
3081 5229 3387 5300 οἰκονομίαν
3412 5227 3557 5282 οὐδὲν
3580 5217 3645 5276 ὧν
3676 5218 3776 5270 διοι-

2274 5322 2363 5372 κεῖ
2397 5321 2544 5384 Θεός.
2585 5321 2811 5374 Βελτίων
2841 5321 2897 5374 δέ
2929 5321 2962 5391 ἡ
2988 5321 3120 5391 πρὸς
3152 5320 3280 5373 Θεὸν
3304 5321 3482 5382 πίστις
3505 5333 3562 5370 τε
3587 5311 3668 5366 καὶ
3691 5302 3758 5359 διά

2277 5413 2450 5476 θεσις·
2485 5415 2576 5467 καὶ
2599 5414 2720 5484 δίχα
2745 5412 2838 5466 τοῦ
2867 5413 3101 5484 καθορᾷν
3121 5414 3210 5468 τὸν
3237 5413 3360 5466 νοῦν
3387 5413 3490 5466 τῶν
3523 5395 3754 5479 πριιττοιιιιἐ

2277 5523 2403 5569 νων,
2439 5505 2658 5576 θαρρεῖν
2703 5507 2767 5575 τῇ
2811 5505 2901 5558 τοῦ
2942 5504 3260 5567 διοικοῦντος
3286 5504 3557 5577 ὀρθότητι·
3583 5492 3684 5551 ἐπεί
3710 5501 3771 5577 τρι

2276 5598 2336 5650 τὺ
2367 5596 2431 5650 δι’
2455 5575 2777 5660 ἀποδείξεων
2805 5595 3076 5666 πανταχοῦ
3116 5575 3558 5666 προσϐιϐάζεσθαι
3595 5575 3771 5642 ἀπιστία

2280 5689 2455 5760 σαφὴς
2489 5687 2685 5759 μᾶλλον
2719 5688 2751 5757 ἢ
2784 5686 2964 5750 πίστις
2983 5687 3049 5741 ἂν
3083 5687 3186 5757 εἴη.
