4064 6290
387 407 519 464 1181

1428 404 1793 462 ADVERSUS
1829 401 2245 460 MANICHEOS
2282 402 2409 459 LIB.
2450 402 2514 458 ll.

3454 400 3592 455 H82

455 519 589 573 οὐδὲ
629 518 812 587 φίλους
850 520 1103 591 γνησίους
1153 519 1336 575 πολλοὶ
1381 521 1830 592 περιεργάζονται
1861 520 1912 587 τί

2112 516 2224 573 lmo
2260 516 2503 588 plerique
2534 515 2590 571 in
2618 529 2779 571 veros
2808 522 2864 571 et
2894 526 3182 585 germanos
3227 510 3433 566 amicos
3479 525 3591 565 non

383 610 720 681 ἀνεξετάστῳ
756 610 858 681 τῆς
899 613 1181 677 συνουσίας
1211 613 1272 666 τὸ
1301 613 1519 685 γνήσιον
1562 611 1832 683 νέμοντες,
1865 611 1912 665 ὡ

2042 609 2326 680 inquirunt
2351 610 2590 672 curiose,
2625 606 2920 678 legitimam
2963 620 3027 660 ac
3056 618 3363 675 germanam
3403 602 3592 662 amici-

383 701 581 774 ρᾳδίως
624 703 707 755 ἐπ’
744 703 969 775 ἀπιστίᾳ
1004 702 1439 774 διαϐαλλόμενοι,
1479 705 1528 757 εί
1577 703 1841 775 μηδέποτε
1876 703 1939 757 τὸ

383 793 603 865 θαρρεῖν
629 794 836 858 τούτοις
858 796 993 866 μετά
1011 813 1073 864 γε
1096 794 1193 867 τὴν
1214 798 1406 867 πεῖραν
1426 797 1759 868 παρέχοιντο.
1783 794 1938 850 Οὕτω

380 886 444 960 δὴ
485 889 578 942 καὶ
613 888 766 955 Θεὸς,
810 890 1043 961 μάλιστα
1090 891 1406 962 βουλόμενος
1450 893 1596 963 ἡμᾶς
1639 889 1936 945 διακεῖσθαι

382 979 518 1051 πρὸς
546 980 756 1045 ἑαυτὸν,
787 983 883 1052 οὐχ
914 981 1128 1037 ἅπασαν
1167 983 1266 1053 τῆς
1310 984 1501 1036 ἑαυτοῦ
1554 984 1804 1055 προνοίας
1836 1000 1934 1036 σα-

381 1070 592 1139 φηνίζει
631 1072 730 1145 τὴν
780 1073 1088 1145 ἐνέργειαν·
1126 1071 1299 1126 ἐθέλει
1336 1074 1444 1144 γὰρ
1477 1074 1621 1145 ἡμᾶς
1664 1072 1935 1127 πιστεύειν

379 1160 548 1233 αὐτῷ,
592 1163 653 1216 οὐ
700 1162 803 1236 μὴν
845 1166 950 1220 οὐδ’
996 1165 1212 1220 ἃπασαν
1257 1165 1631 1236 ἀποκρύπτει,
1677 1163 1810 1218 ἀλλά
1865 1164 1932 1217 δι’

377 1251 533 1307 ἐνίων
559 1255 960 1328 ὑποδειγμάτων
985 1256 1252 1329 ύπερείδει
1271 1256 1469 1329 τρόπον
1488 1256 1605 1309 τινὰ
1631 1255 1719 1310 τὸν
1738 1255 1932 1326 ἡμέτε-

381 1359 472 1414 ρον
496 1362 636 1400 νουν.

444 1532 506 1586 Oi
546 1529 645 1602 μὲν
681 1521 772 1582 οὗν
808 1527 1144 1598 εὐγνώμονες
1188 1530 1253 1599 τῇ
1297 1524 1548 1596 προθέσει
1584 1525 1676 1579 καὶ
1715 1523 1931 1578 εὐσεϐέ-

376 1639 578 1685 στατοι,
607 1621 720 1690 ἅμα
753 1636 811 1673 τε
842 1618 1185 1685 διαίσθονται,
1214 1617 1310 1671 καὶ
1354 1615 1452 1684 τὴν
1483 1615 1700 1686 μνήμην
1737 1615 1816 1678 είς
1843 1616 1929 1668 ἀεὶ

373 1713 773 1783 παραμένοντες
796 1706 1126 1778 διατηροῦσι,
1155 1706 1260 1776 γῆς
1294 1704 1492 1777 τρόπον
1522 1703 1731 1774 ἀγαθῆς
1757 1703 1926 1775 σπέρ-

376 1819 522 1876 ματα
557 1799 852 1871 δεξαμένης
878 1796 1165 1861 ἀνθοῦντες
1189 1795 1327 1867 πρὸς
1352 1792 1422 1847 τά
1448 1792 1605 1846 καλά.

2038 702 2165 754 tiam
2196 700 2301 755 hoc
2325 700 2445 772 ipso
2471 698 2781 762 reddentes,
2816 694 2961 767 quod
2982 711 3106 751 cum
3128 694 3321 750 amicis
3354 694 3472 750 sine
3492 708 3590 750 cu-

2037 792 2284 847 riositate
2326 799 2617 848 versantur
2652 797 2952 859 :tanquam
2991 786 3150 843 facile
3189 789 3590 843 accusationem

2034 880 2270 950 perﬁdia:
2314 882 2676 945 incurrentes,
2712 879 2758 935 si
2797 893 3077 949 nunquam
3119 887 3241 949 post
3288 877 3587 949 periculum

2033 971 2236 1028 factum
2290 973 2424 1044 ipsis
2477 973 2774 1029 conﬁdant.
2844 970 2937 1027 Sic
3002 973 3165 1028 etiam
3227 969 3410 1035 Deus,
3461 962 3584 1024 cum

2032 1065 2268 1118 maxime
2304 1064 2454 1130 velit,
2499 1074 2559 1118 ut
2586 1065 2758 1120 simus
2798 1077 2927 1133 erga
2957 1065 3137 1134 ipsum
3166 1061 3304 1117 bene
3337 1060 3584 1126 animati,

2029 1170 2139 1210 non
2174 1170 2387 1211 omnem
2423 1155 2777 1225 providentiae
2829 1169 2940 1211 suae
2990 1153 3098 1208 vim
3145 1159 3199 1207 et
3242 1150 3583 1207 eﬂicientiam

2027 1247 2265 1305 declarat
2294 1266 2307 1303 :
2340 1249 2453 1302 vult
2479 1249 2623 1302 enim
2672 1258 2733 1305 ut
2763 1247 2812 1303 ei
2839 1246 3165 1310 credamus;
3199 1260 3374 1315 neque
3395 1257 3584 1299 rursus

2026 1354 2239 1396 omnem
2267 1355 2369 1395 nos
2391 1339 2553 1402 celat,
2578 1339 2670 1395 sed
2696 1338 3023 1410 quibusdam
3046 1338 3310 1409 exemplis
3329 1337 3587 1408 quodam-

2026 1429 2185 1484 modo
2211 1437 2444 1484 mentem
2478 1439 2723 1484 nostram
2755 1438 3046 1487 sustentat.

2095 1517 2198 1585 Qui
2228 1519 2394 1590 igitur
2433 1519 2618 1574 animo
2649 1528 2803 1590 grato
2840 1531 2893 1576 et
2933 1520 3023 1591 pio
3054 1529 3202 1583 sunt,
3249 1518 3411 1573 simul
3453 1533 3582 1574 sen-

2027 1611 2189 1674 tiunt,
2215 1621 2271 1665 et
2297 1612 2616 1666 memoriam
2641 1627 2855 1682 semper
2871 1621 3200 1668 conservant
3228 1612 3401 1666 instar
3422 1618 3584 1666 terra:

2023 1700 2177 1756 bona:
2201 1709 2352 1767 satae,
2379 1699 2731 1758 tlorescentes
2760 1703 2817 1757 in
2847 1703 3030 1759 studio
3058 1703 3345 1758 virtutum.

438 1894 501 1948 Oi
532 1893 589 1946 δὲ
616 1891 817 1945 πλείονι
860 1889 1121 1961 βαρύτητι
1154 1886 1254 1957 τῆς
1300 1883 1582 1956 συνηθείας
1615 1883 1721 1938 τῶν
1753 1884 1912 1955 ἁμαρ·

2098 1874 2202 1940 Qui
2232 1890 2363 1930 vero
2405 1883 2639 1931 mentem
2666 1877 2869 1933 habent
2916 1892 3111 1948 magna
3140 1879 3402 1948 gravitate
3447 1889 3582 1932 con-

368 1979 623 2051 τημάτων
662 1977 992 2049 κεχωσμένοι
1031 1977 1121 2030 τὸν
1161 1974 1307 2039 νοῦν,
1339 1973 1373 2044 ἢ
1416 1972 1616 2043 ἐτέρων
1661 1972 1927 2044 προλήψει

366 2070 506 2124 κατά
532 2066 665 2122 Θεοῦ
693 2068 1043 2140 πλασμάτων,
1069 2060 1155 2120 οἷα
1176 2067 1241 2137 δὴ
1269 2066 1365 2119 καὶ
1386 2066 1415 2117 ὁ
1435 2065 1625 2135 Μάνης
1647 2064 1925 2134 ἐξήνεγκε,

366 2160 460 2215 καὶ
487 2160 614 2232 παρ’
643 2158 821 2223 ἄλλοις
852 2157 999 2231 εῦροι
1019 2174 1105 2221 τις
1134 2156 1222 2220 ἂν,
1250 2156 1532 2227 κρούονται
1575 2152 1672 2226 μὲν
1696 2153 1794 2225 τὴν
1817 2155 1931 2208 διά-

365 2267 532 2314 νοιαν,
560 2249 931 2321 διακρούονται
955 2248 1011 2303 δὲ
1040 2246 1146 2302 τῶν
1178 2246 1585 2318 ὑποδειγμάτων
1611 2245 1710 2317 τὴν
1739 2244 1929 2317 αἴσθη-

366 2357 450 2395 σιν
473 2343 564 2395 καὶ
585 2343 646 2396 τδ
666 2341 874 2412 ὄφελος.

2027 1966 2332 2022 suetudinis
2377 1975 2723 2037 peccatorum
2771 1967 3021 2022 obrutam
3059 1975 3114 2023 et
3161 1966 3452 2038 cppletam,
3488 1970 3584 2020 aut

2029 2059 2419 2129 anticipationc
2456 2060 2688 2114 aliarum
2720 2068 2909 2113 contra
2938 2057 3104 2113 Deum
3146 2057 3395 2111 ﬁctarum
3430 2056 3581 2126 cogi-

2034 2151 2321 2214 tationum,
2353 2151 2542 2221 quales
2570 2149 2893 2206 Manichacus
2930 2148 3367 2220 deprompsit,‘et
3393 2147 3581 2217 quales

2031 2240 2173 2311 apud
2225 2241 2361 2296 alios
2408 2244 2783 2313 reperiuntur;
2828 2241 3079 2312 pulsatur
3127 2238 3346 2310 quidem
3391 2252 3578 2294 eorum

2028 2345 2204 2388 mens.
2239 2331 2336 2386 sed
2377 2332 2646 2401 repellunt
2686 2345 2907 2387 sensum
2954 2330 3323 2400 exemplorum
3344 2337 3408 2383 et
3435 2326 3580 2382 utili-

2026 2426 2213 2475 tatem.

884 2554 1012 2608 αλιι.
1039 2548 1229 2606 XXIV.
1272 2547 1605 2603 Prwdicatur
1639 2548 1733 2602 Dei
1758 2549 2085 2617 providentia
2112 2554 2256 2609 circa
2292 2555 2547 2609 animalia
2577 2554 2778 2608 homini
2816 2553 3053 2607 inutilia.

428 2671 614 2726 Ταῦτα
639 2669 735 2741 μὲν
757 2668 1097 2741 προσκείσθω
1128 2666 1257 2738 περὶ
1289 2666 1389 2737 τῆς
1411 2665 1636 2720 καθόλου
1668 2667 1921 2739 προνοίας

358 2766 452 2822 τοῦ
484 2765 591 2819 τῶν
632 2764 766 2818 ὅλων
794 2762 949 2816 Θεοῦ.
984 2757 1092 2815 Ἦν
1131 2761 1189 2814 δὲ
1229 2761 1292 2813 τὸ
1337 2759 1717 2831 ἐξεταζόμενον
1764 2763 1918 2832 ἡμῖν,

359 2858 487 2929 περ)⁵
527 2855 729 2928 θηρίων
770 2854 1041 2917 ἀπάντων,
1081 2853 1176 2908 καὶ
1222 2851 1572 2907 ἀπεδείκνυτο
1624 2856 1736 2916 τοῖς
1781 2853 1922 2906 κατὰ

357 2947 518 3017 φύσιν
562 2947 838 3018 λογισμοῖς
878 2942 1001 2999 οὔτε
1052 2943 1198 2998 κακά
1250 2942 1372 2996 οὔτε
1419 2946 1485 2997 ὲκ
1532 2942 1728 3006 κακίας
1776 2944 1921 3006 τινὸς

354 3037 561 3093 ταῦτα·
593 3037 833 3107 χρήσιμα
872 3033 931 3088 δὲ
964 3033 1082 3087 λίαν
1121 3031 1423 3104 ἀνθρώποις
1459 3033 1538 3096 είς
1574 3031 1724 3095 δέους
1752 3049 1923 3086 κατα-

358 3128 579 3199 σκευήν.
627 3126 690 3180 Εί
740 3125 850 3198 γάρ
908 3123 1122 3179 ἅπαντα
1177 3123 1246 3178 τά
1309 3123 1449 3178 κατὰ
1509 3122 1609 3195 τὴν
1664 3122 1929 3195 δημιουρ-μ

2092 2672 2271 2742 Atque
2317 2672 2430 2727 haec
2474 2671 2693 2742 quidem
2745 2669 2955 2738 adjecta
3008 2669 3121 2724 sint
3165 2669 3461 2739 generatim
3508 2669 3578 2725 de

2025 2762 2360 2833 providentia
2413 2762 2508 2818 Dei
2560 2763 2962 2818 universorum.
3013 2759 3143 2814 Erat
3189 2767 3368 2814 autem
3420 2761 3577 2816 nobis

2024 2856 2253 2926 quaestio
2293 2856 2361 2912 de
2411 2855 2664 2911 omnibus
2714 2853 2873 2919 feris;
2908 2851 3448 2922 demonstratumque
3491 2861 3579 2907 est

2027 2949 2330 3004 rationibus
2356 2964 2422 3004 ex
2448 2956 2644 3003 natura
2676 2946 2857 3002 ductis
2884 2960 3059 3016 neque
3090 2945 3261 2999 malas
3299 2959 3443 3008 esse,
3475 2958 3579 2999 nec

2023 3054 2088 3094 ex
2122 3039 2232 3093 ullo
2265 3039 2407 3093 malo
2447 3037 2719 3109 principio
2760 3033 3055 3106 profectas,
3099 3036 3258 3088 utiles
3289 3049 3418 3088 vero
3454 3048 3578 3087 esse

2023 3129 2331 3185 hominibus
2359 3129 2426 3184 ad
2460 3126 2830 3183 incutiendum
2872 3135 3094 3181 metum.
3122 3123 3177 3179 Si
3205 3125 3346 3179 enim
3373 3139 3493 3194 qua:
3519 3124 3577 3179 in

355 3218 481 3287 γῖαν
516 3212 643 3289 ἡδέα
691 3216 847 3287 μόνον
889 3215 1148 3287 ἐτύγχανε
1193 3216 1287 3270 καὶ
1337 3214 1648 3288 ἱλαρότητος
1689 3214 1912 3286 ἔμπλεα1

2023 3221 2226 3275 mundo
2251 3219 2391 3274 facta
2417 3226 2565 3280 sunt,
2591 3218 2781 3274 suavia
2809 3224 2993 3272 essent
3015 3224 3068 3271 et
3088 3216 3375 3271 hilaritatis
3396 3217 3576 3286 plena,

355 3310 450 3364 καὶ
486 3309 648 3381 μηδὲν
684 3304 751 3379 ἦν
787 3308 1060 3371 παντελῶς
1103 3308 1165 3362 τὸ
1204 3307 1383 3380 ἡρέμα
1429 3305 1558 3375 γοῦν
1608 3304 1870 3374 ὲκφοϐοῦν
1894 3322 1909 3337 ο

354 3397 602 3468 χαλεπῶς
633 3397 700 3452 ἂν
741 3394 924 3462 ἔδοξαν
964 3394 1238 3468 ἄνθρωποι
1283 3390 1740 3462 παιδαγωγεῖσθαι
1777 3389 1911 3462 πρὸς

431 3488 595 3542 οϐίαν.

431 3490 492 3542 οϐ
549 3506 595 3542 ν.

354 3490 578 3651 ἀφἘξίζι
613 3579 669 3632 δὲ
706 3578 877 3635 ταῦτα
905 3577 999 3632 καὶ
1028 3575 1295 3638 ποικιλίας
1327 3574 1546 3645 κόσμον,
1576 3572 1668 3627 καὶ
1699 3571 1775 3643 τῷ
1807 3589 1903 3642 φο·

2016 3311 2258 3381 nihilque
2285 3309 2509 3365 omnino
2534 3317 2701 3370 esset,
2740 3306 2888 3377 quod
2935 3307 3017 3362 vel
3061 3308 3263 3361 sensim
3314 3313 3580 3374 perterre-

2013 3401 2244 3465 faceret;
2284 3415 2445 3469 grave
2472 3407 2527 3454 et
2556 3400 2752 3453 durum
2774 3399 2951 3454 visum
2975 3405 3121 3454 esset
3144 3397 3459 3452 hominibus
3487 3396 3573 3451 in~

2011 3491 2147 3547 strui
2181 3490 2249 3544 ad
2279 3505 2386 3545 non
2416 3490 2735 3543 timendum.

2081 3581 2290 3636 Habent
2331 3589 2510 3635 autem
2555 3579 2667 3634 haec
2718 3578 2883 3634 etiam
2917 3576 3196 3632 varietatis
3239 3584 3488 3630 ornatum
3516 3583 3574 3631 et

352 3671 498 3743 ϐερῷ
523 3668 1005 3740 καταμεμιγμένην
1036 3668 1133 3738 τὴν
1175 3666 1525 3737 εὐπρέπειαν.
1556 3664 1764 3718 Αὐτίκα
1811 3664 1906 3718 καὶ⁵

2015 3671 2257 3727 decorem
2297 3686 2420 3725 cum
2458 3679 2669 3725 terrore
2709 3669 2952 3723 mistum.
3000 3664 3205 3721 Practer
3250 3665 3365 3720 haec
3406 3666 3576 3720 etiam.

351 3764 490 3836 πρὸς
529 3761 737 3824 τούτοις
782 3760 929 3813 ἔστιν
958 3759 1142 3830 ἕτερα,
1176 3757 1212 3811 ἃ
1256 3759 1391 3828 μήτε
1433 3756 1652 3828 τρέφειν
1696 3753 1908 3827 ἀνθρὼ-

351 3871 487 3918 πους
535 3852 842 3922 ἐπιτήδεια,
880 3853 1015 3923 μήτε
1076 3848 1366 3920 περιϐολὴν
1413 3848 1720 3918 ἐνδυμάτων
1765 3862 1905 3917 παρ-

349 3946 526 4017 ἐχειν·
565 3944 688 4015 μήτ’
733 3938 829 4001 οῦν,
850 3939 1087 4012 θηριώδη
1116 3940 1209 3993 καὶ
1233 3938 1396 4009 ἄγρια
1429 3937 1704 4008 τυγχάνει,
1749 3936 1908 4006 μόνον

348 4036 407 4091 δὲ
439 4037 641 4106 κόσμον
683 4034 782 4104 τὴν
819 4030 1091 4085 ποικιλίαν
1131 4029 1459 4100 ἀναπληροῖο
1492 4028 1586 4083 καὶ
1627 4026 1803 4099 δῆλον,
1833 4027 1909 4091 ὼς

349 4127 565 4182 ἅπαντα
589 4124 772 4196 ήρεμά
797 4140 857 4176 τε
899 4122 994 4176 καὶ
1040 4122 1226 4192 ἄγρια,
1258 4122 1351 4175 καὶ
1384 4118 1456 4174 τά
1497 4119 1674 4191 μέσως
1719 4118 1907 4188 ἔχοντα

348 4217 466 4282 tvo;
523 4214 935 4286 ὑποϐεϐλημένα
983 4210 1312 4283 δημιουργίᾳ
1353 4228 1413 4264 τε
1462 4210 1555 4265 καὶ
1611 4208 1906 4279 βουλήματι

345 4307 610 4378 διαμένοι,
660 4305 757 4378 τὴν
805 4305 862 4358 δὲ
913 4301 1337 4374 ἀλληλοφθορίαν
1386 4299 1760 4369 διαφεύγοντα,
1812 4297 1904 4351 καὶ

347 4398 610 4461 ποικίλοις
641 4396 1102 4466 πλεονεκτήμασιν
1134 4391 1507 4464 ἠσφαλισμένα
1526 4407 1540 4421 ο
1569 4388 1638 4443 τά
1673 4389 1767 4461 μὲν
1796 4388 1903 4459 γὰρ

2010 3767 2269 3818 continuo
2296 3769 2423 3819 sunt
2457 3762 2563 3815 alia
2597 3761 2874 3824 animalia,
2902 3773 3025 3830 quae
3070 3773 3174 3814 nec
3211 3758 3406 3813 idonea
3440 3764 3573 3812 sunt

2011 3855 2078 3909 ad
2109 3855 2359 3910 alendum
2397 3854 2678 3917 homines,
2722 3868 2896 3922 neque
2939 3859 3168 3922 possunt
3207 3850 3446 3921 praebere
3487 3851 3576 3911 eis

2010 3948 2296 4011 vestitum;
2338 3960 2515 4014 neque
2548 3959 2743 4000 rursus
2794 3943 2967 3998 ferina
3002 3950 3133 3999 sunt
3176 3950 3230 3997 et
3263 3956 3424 4005 saeva,
3471 3940 3573 3996 sed

2013 4037 2186 4092 solum
2225 4036 2538 4092 varietatem
2587 4035 2774 4090 mundi
2820 4035 3130 4104 complent;
3193 4031 3567 4087 manifestum-

2011 4144 2117 4199 que
2154 4135 2239 4184 est
2260 4128 2440 4182 omnia
2466 4126 2718 4182 animalia
2750 4136 3054 4189 mansueta,
3087 4131 3140 4180 et
3177 4139 3285 4180 non
3316 4138 3567 4179 mansue-

2007 4232 2083 4282 ta,
2114 4226 2168 4272 et
2197 4234 2315 4288 qua:
2347 4226 2474 4273 sunt
2528 4217 2837 4284 interiecta,
2885 4216 3044 4270 unius
3083 4216 3433 4271 creationeet
3456 4229 3566 4270 vo-

2008 4311 2213 4365 luntate
2241 4325 2576 4380 permanere.
2601 4324 2701 4365 nec
2725 4324 2753 4362 a
2778 4325 2838 4365 se
2862 4309 2994 4378 ipsis
3029 4309 3269 4364 vicissim
3316 4308 3559 4372 interire,

2007 4402 2172 4457 variis
2213 4401 2389 4456 modis
2433 4403 2760 4458 excellenter
2803 4401 3009 4454 munita
3042 4419 3055 4455 :
3088 4401 3194 4454 alia
3233 4400 3376 4455 enim
3425 4413 3563 4471 prae-

348 4490 500 4560 ίσχὺν
533 4489 741 4560 ἄμαχον
774 4486 918 4557 ἔχει·
950 4486 1018 4540 τά
1044 4486 1101 4539 δὲ
1133 4484 1491 4555 ἀσθενέστερα
1522 4482 1598 4554 τῷ
1624 4482 1775 4552 τάχει
1806 4482 1905 4552 τῆς

2015 4493 2117 4548 dita
2145 4502 2271 4548 sunt
2308 4493 2508 4548 invicto
2548 4494 2764 4558 rolmre,
2796 4488 2917 4546 alia
2955 4508 3082 4546 vero
3138 4490 3430 4545 infirmiora
3467 4505 3562 4545 ve-

343 4582 557 4650 φύσεως
603 4579 702 4651 τήν
752 4578 1022 4649 σωτηρίαν
1067 4576 1367 4649 πορίζεται,
1418 4576 1513 4629 καὶ
1558 4574 1693 4629 ἀλλα
1730 4572 1901 4636 ἄλλως

342 4671 636 4725 ὥπλισται*
672 4670 764 4724 καὶ
805 4668 873 4722 τά
903 4668 1159 4723 δοκοῦντα
1206 4668 1382 4722 ἄοπλα
1413 4667 1699 4738 τυγχάνειν
1744 4664 1900 4719 ἀλλον

340 4761 466 4815 τινά
488 4760 684 4833 τρόπον
729 4759 1188 4831 μεμηχανημένην
1222 4759 1334 4830 ἔχει
1371 4759 1469 4828 τὴν
1502 4757 1794 4826 ἀσφάλειαν
1817 4773 1830 4787 ·
1864 4756 1897 4828 ῆ

341 4853 450 4925 γάρ
482 4853 697 4923 πτηνῶν
742 4851 897 4922 ἔλαχε
928 4850 1107 4921 φύσιν,
1151 4850 1185 4922 ἢ
1239 4851 1344 4903 ὑπὸ
1391 4849 1494 4920 γῆν
1542 4848 1894 4903 διαλανθάνει.

341 4944 498 4999 Οὕτω
522 4944 583 4996 τὸ
614 4945 710 5014 μὲν
735 4943 957 5011 κόσμιον
993 4942 1022 4993 ὁ
1047 4939 1385 5011 Δημιουργδς
1421 4942 1486 5011 τῇ
1518 4938 1756 5011 ποικιλίᾳ
1798 4956 1896 4992 πε-

339 5036 612 5106 πόρισται,
645 5031 946 5086 ἑπανιστῶν
977 5030 1034 5084 δὲ
1081 5030 1148 5083 τὰ
1191 5030 1422 5101 διάφορα
1461 5034 1576 5095 τοῖς
1622 5032 1752 5084 πᾶσι
1779 5030 1895 5085 δια-

337 5125 599 5196 νέμειτὴν
616 5123 912 5192 ἀσφάλειαν
942 5121 1017 5186 ὡς
1038 5120 1103 5176 ἃν
1135 5120 1299 5192 μηδὲν
1321 5121 1473 5191 γένος
1502 5123 1703 5176 τούτων
1736 5122 1896 5176 ἀσθε-

337 5216 456 5287 νείᾳ
509 5214 722 5285 φύσεως
774 5213 1027 5286 προδοθὲν
1069 5211 1471 5284 παραπόληται.
1515 5212 1670 5268 Οῦτω
1701 5215 1757 5268 δὲ
1801 5216 1895 5269 καὶ

336 5308 473 5379 πρὸς
528 5306 627 5369 τάς
675 5305 822 5377 ῶρας
863 5307 1158 5378 ἠμφίεσται
1211 5308 1522 5382 περιϐολαῖς
1552 5309 1890 5379 αὐτομάτοις,

336 5397 478 5470 θριξί
515 5414 574 5451 τε
600 5401 832 5462 πυκναῖς
860 5399 953 5452 καὶ
997 5404 1243 5472 στερεαῑς
1266 5401 1515 5472 δέρμασι,
1541 5399 1803 5471 χειμῶνός
1831 5418 1892 5454 τε

333 5492 428 5545 καὶ
471 5490 748 5560 καύματος
799 5491 1241 5563 ἀποκρούσασθαι
1274 5494 1372 5566 τὴν
1419 5492 1620 5564 βλάϐην
1667 5495 1891 5557 ἱκανοῖς,

330 5582 427 5656 τὴν
455 5582 512 5636 δὲ
541 5582 636 5635 ἐπὶ
668 5582 771 5652 γῆς
807 5583 1087 5638 ἀνάκλισίν
1118 5601 1176 5638 τε
1221 5584 1317 5639 καὶ
1360 5584 1671 5639 ἀνάπαυλαν
1723 5587 1895 5657 εὐμα-

332 5674 592 5747 ρεστέραν
622 5672 1118 5748 ἀπεργαζομένοις,
1172 5677 1249 5742 ὡς
1306 5677 1546 5748 αὐτοφυῆ
1607 5677 1893 5750 στρωμνὴν

333 5764 647 5821 ὑποκεῖσθαι
677 5765 885 5822 δοκεῖνο
919 5768 1012 5824 καὶ
1048 5768 1116 5822 τά
1150 5770 1248 5843 μὲν
1268 5769 1579 5840 ιόλιγογόνια
1609 5769 1816 5841 ἔλαχεν,
1854 5770 1887 5840 ἢ

2005 4584 2222 4640 locitate
2251 4585 2479 4638 naturali
2505 4600 2564 4639 se
2586 4593 2834 4652 tuentur;
2858 4584 2963 4639 alia
2986 4585 3140 4639 aliter
3168 4590 3374 4637 armata
3399 4588 3555 4637 sunt:

2003 4686 2056 4731 et
2083 4691 2201 4746 quae
2226 4675 2476 4730 videntur
2506 4675 2674 4730 armis
2705 4690 2914 4738 carere,
2955 4675 3057 4727 alia
3092 4674 3338 4744 quaedam
3383 4673 3559 4727 forma

2003 4765 2322 4820 munitionis
2358 4772 2471 4819 tuta
2508 4774 2671 4821 sunt:
2696 4770 2789 4818 aut
2824 4764 2968 4819 enim
3000 4772 3247 4817 naturam
3277 4763 3556 4817 volucrum

2004 4862 2193 4914 sortita
2246 4865 2392 4921 sunt,
2445 4864 2538 4912 aut
2566 4856 2670 4911 sub
2703 4866 2849 4910 terra
2885 4857 3075 4909 latent.
3124 4852 3214 4909 Sic
3258 4853 3556 4908 fabricator

2002 4949 2187 5003 mundi
2220 4956 2468 5002 ornatum
2504 4946 2736 5019 confecit
2772 4947 3068 5012 varietate;
3113 4956 3168 5000 et
3211 4946 3458 5016 redigens
3487 4945 3555 4998 ad

1999 5040 2363 5109 aequalitatem
2394 5053 2514 5108 quae
2539 5046 2670 5092 sunt
2699 5037 2938 5102 diversa,
2985 5038 3240 5094 omnibus
3273 5035 3555 5092 distribuit

2000 5132 2281 5185 tuitionem
2313 5130 2421 5194 sui,
2471 5138 2531 5183 ut
2575 5128 2782 5182 nullum
2833 5144 3006 5200 genus
3036 5131 3228 5184 borum
3269 5126 3554 5183 imbecilli-

1998 5231 2109 5277 tate
2139 5231 2346 5277 naturze
2392 5220 2663 5292 proditum
2710 5229 2910 5290 pereat.
2967 5221 3048 5276 Ad
3093 5220 3552 5276 curmnutatiunes

1998 5322 2302 5384 temporum
2334 5312 2634 5366 induuntur
2665 5312 2987 5379 tegumentis
3024 5317 3214 5379 suapte
3241 5316 3434 5362 natura
3461 5319 3553 5358 or-

1998 5407 2091 5469 tis,
2130 5413 2184 5459 et
2223 5403 2349 5475 pilis
2375 5401 2561 5458 densis
2604 5416 2667 5456 ac
2695 5402 2849 5457 duris
2883 5401 3071 5463 coriis,
3123 5412 3243 5468 quae
3273 5396 3449 5451 bieme
3496 5406 3552 5451 et

1998 5497 2052 5551 in
2111 5507 2246 5551 aestu
2299 5496 2365 5550 ad
2428 5494 2853 5565 pronulsandum
2896 5490 3296 5546 incommodum
3354 5488 3549 5543 idonea

1997 5598 2145 5652 sunt,
2177 5594 2231 5643 et
2258 5602 2378 5658 quae
2408 5586 2612 5641 l'aciunt
2638 5596 2696 5679 ιιι
2729 5585 2942 5641 facilius
2975 5582 3236 5636 recubent
3252 5590 3308 5636 et
3334 5581 3548 5652 requie-

1995 5689 2170 5743 scant,
2203 5688 2263 5736 ut
2292 5680 2538 5737 videatur
2564 5675 2755 5750 suapte
2781 5679 2830 5733 vi
2864 5685 2917 5733 et
2944 5681 3138 5731 natura
3163 5675 3440 5746 supposita
3466 5676 3546 5733 eis

1997 5771 2230 5843 stragul:
2263 5787 2365 5828 :ac
2414 5773 2606 5843 partim
2646 5768 2863 5842 quidam
2906 5782 3099 5840 parum
3138 5767 3368 5824 fecunda
3396 5777 3543 5836 sunt,
