4064 6290
1683 412 1818 469 TiTi
1858 414 2282 478 BOSTBENSIS
2321 424 2625 482 EPlSCOPl
2680 420 2688 429 ’

552 517 650 566 aut
676 522 929 583 tanquam
957 514 1192 573 difﬁcilia
1233 521 1297 574 ad
1328 524 1648 593 capiendum
1678 568 1691 587 .
1737 540 1830 584 aut
1866 541 2117 602 tanquam

2192 596 2196 603 ,
2220 539 2296 603 ὡς
2326 541 2627 606 δυσάλωτα,
2658 545 2689 615 ἧ
2716 545 2791 609 ὡς
2826 546 3151 621 πολυχρόνια
3173 569 3187 582 ·
3221 553 3288 607 τὰ
3316 555 3371 609 δὲ
3399 556 3675 615 εύάλωτα.
3701 560 3806 610 καὶ

553 603 829 659 diuturnae
873 606 1033 674 vitm;
1083 610 1188 664 alia
1240 629 1368 668 vero
1430 632 1550 685 quze
1612 618 1769 674 facile
1815 624 2117 691 capiuntur,

559 705 608 718 ,.
655 696 1008 718 ,λημηηω
1187 703 1279 718 ,...
1368 717 1373 718 ,
1802 711 1821 718 -
1977 715 2007 718 __

2220 631 2285 699 τῇ
2321 631 2442 684 καθ’
2473 603 2689 704 ἡμέραν
2718 603 2908 705 χρήσει
2941 603 3370 713 παραδεδομένα,

553 705 612 749 et
652 697 719 750 ad
755 696 1012 752 utendum
1072 703 1316 771 quotidie
1362 709 1557 763 tradita
1607 720 1754 778 sunt,
1798 711 2117 770 fecunditate

2220 721 2433 793 διαρκεῖ
2463 741 2520 777 τε
2552 726 2645 779 καὶ
2674 725 2921 791 σώζεται.

553 800 653 842 sua
683 788 881 843 durant
919 797 974 845 et
1005 803 1312 854 servantur.

1644 922 1772 976 CAP.
1802 921 1964 978 XXV.
1994 922 2173 981 Nulla
2199 927 2373 983 herba:
2403 929 2677 1000 let/tifercc.

621 1018 885 1075 Alimenta
918 1040 1044 1081 vero
1066 1027 1213 1082 aliud
1239 1029 1440 1086 animal
1465 1032 1572 1087 alia
1599 1034 1782 1102 habet,
1817 1046 1980 1108 atque
2002 1054 2115 1094 om-

2284 1043 2503 1112 Τροφὰς
2553 1044 2609 1098 δὲ
2649 1018 2834 1101 ἄλλοτε
2883 1049 3047 1115 ἄλλας
3089 1051 3201 1123 ἔχει
3227 1093 3241 1116 ,
3303 1056 3397 1109 καὶ
3443 1059 3557 1121 τοῖς
3616 1059 3803 1113 πᾶσιν

547 1112 711 1169 nibus
742 1114 958 1171 abunde
987 1121 1231 1189 apposita
1263 1131 1425 1191 sunt;
1465 1123 1538 1178 ita
1576 1134 1636 1180 ut
1670 1128 1814 1182 nulla
1842 1128 2007 1183 herba
2045 1145 2109 1185 ex

2211 1133 2442 1203 ἄφθονος
2489 1140 2522 1209 ἠ
2576 1139 2806 1211 χορηγία
2838 1112 3154 1213 πρόκειται.ἰ
3190 1112 3332 1201 οῦτω
3365 1146 3473 1222 γὰρ
3502 1112 3623 1206 οῦδὲ
3675 1112 3801 1205 τῶν

546 1204 616 1258 iis
652 1205 814 1260 etiam
845 1223 967 1277 qua:
1016 1210 1310 1267 mortiferae
1343 1213 1596 1269 videntur
1633 1232 1778 1282 esse,
1811 1227 2008 1273 natura
2041 1221 2114 1274 sit

2213 1204 2526 1298 θανασίμων
2692 1204 2828 1286 είναι
2873 1204 3241 1308 νομιζομένων
3289 1204 3528 1310 βοτανῶν
3554 1204 3801 1315 ούδεμία

544 1297 821 1352 mortifera
857 1317 870 1353 :
902 1301 1046 1370 quod
1086 1303 1231 1357 enim
1279 1307 1436 1361 alteri
1485 1310 1671 1377 generi
1727 1321 1906 1377 nocet,
1959 1315 2114 1370 alteri

2211 1318 2275 1386 τῇ
2313 1297 2469 1386 φύσει
2499 1336 2562 1387 γε
2594 1297 2841 1393 ⁷ὀλέθριος
2877 1297 3166 1395 γεγένηται
3185 1345 3199 1358 ο
3234 1297 3300 1383 τό
3322 1330 3430 1402 γὰρ
3459 1331 3602 1404 ἄλλῳ
3635 1297 3799 1403 γένει

544 1387 785 1456 prodest.
819 1390 1068 1447 Salutare
1092 1402 1270 1448 autem
1294 1405 1348 1451 et
1374 1398 1693 1467 pestiferum
1721 1404 1883 1457 simul
1915 1415 2110 1460 natura

2213 1407 2493 1479 βλαϐερὸν,
2542 1387 2802 1483 ιτέρῳεὲ
2832 1387 3126 1486 ὠφέλιμον.
3176 1387 3446 1493 Ὀλέθριόν
3478 1387 3799 1498 misimus-

543 1481 817 1547 quomodo
862 1482 962 1537 hoc
1010 1500 1133 1540 esse
1184 1488 1406 1555 pottst?
1446 1489 1753 1547 differentia
1793 1503 1972 1550 autem
2023 1497 2110 1552 his

2212 1517 2326 1571 ριον
2359 1501 2570 1581 ἆμαγτῇ
2607 1481 2764 1573 φύσει
2791 1481 2950 1560 τοῦτο
2982 1481 3099 1574 πῶς
3131 1511 3195 1565 ἂν
3238 1481 3478 1582 γένοιτο;
3533 1518 3565 1588 ἡ
3610 1517 3673 1570 δέ
3720 1481 3794 1586 γε

541 1573 811 1628 utentium
840 1576 1155 1631 varietatem
1185 1596 1305 1647 qua:
1338 1579 1391 1634 in
1432 1581 1516 1637 his
1559 1583 1724 1649 inest,
1756 1582 2007 1657 requirit,
2047 1597 2107 1642 ut

2207 1592 2315 1645 τῶν
2364 1573 2661 1666 χρωμένων
2707 1596 2879 1665 γενῶν
2922 1599 3152 1673 διαφορά
3199 1573 3260 1657 τό
3305 1573 3679 1678 ποικίλονιτῆς
3725 1573 3797 1661 ἐν

541 1661 599 1715 in
630 1665 998 1722 animantibus
1030 1669 1239 1724 ratione
1267 1674 1579 1729 carentibus
1610 1676 1899 1747 vestigium
1930 1680 2107 1749 quod-

2205 1661 2416 1748 τούτοις
2454 1661 2808 1759 παρασκευῆς
2850 1661 3096 1754 ἀπαιτεῖ,
3131 1694 3215 1747 ἵνα
3267 1697 3359 1750 καὶ
3403 1699 3462 1751 ὲν
3505 1661 3799 1764 τοίςθάὶρ-

539 1754 664 1809 dam
721 1768 978 1827 appareat
1026 1763 1272 1827 rationis,
1318 1766 1451 1835 legis
1493 1768 1701 1823 scilicet
1742 1768 1864 1838 ejus
1912 1771 2008 1839 qui
2038 1787 2103 1826 ea

2203 1790 2323 1842 γοις
2365 1777 2509 1846 ἴχνος
2534 1754 2692 1846 λόγου
2729 1754 2964 1851 δειχθείη
3010 1783 3159 1856 νόμῳ
3202 1786 3295 1839 τοῦ
3340 1754 3793 1861 δημιουργήσαν-

537 1850 768 1904 creavit.
817 1849 963 1905 Nihil
996 1853 1140 1907 enim
1179 1855 1372 1910 horum
1411 1858 1647 1927 ignorat,
1690 1859 1834 1929 quod
1874 1862 1976 1916 sibi
2005 1879 2102 1918 co-

2204 1882 2313 1929 τος·
2371 1866 2536 1921 οὐδὲν
2575 1868 2684 1940 γὰρ
2733 1870 2937 1925 τούτων
2978 1874 3164 1942 ἀγνοεί
3208 1875 3270 1928 τὸ
3312 1880 3506 1931 οἰκεῖον
3560 1882 3748 1952 ἑαυτῷ
3774 1898 3787 1909 “

538 1948 759 2008 gnatum
787 1949 870 1994 est
900 1982 913 2003 ,
943 1959 1117 2014 neque
1146 1953 1366 2015 propter
1394 1956 1645 2003 naturam
1676 1949 1901 2005 ferinam
1935 1961 1987 2007 et
2017 1969 2104 2006 ra.

2207 1959 2328 2012 οὐδὲ
2368 1959 2457 2012 διὰ
2481 1960 2577 2031 τὴν
2607 1938 2799 2031 ἄλογον
2826 1966 2920 2020 καὶ
2949 1938 3185 2038 θηριώδη
3211 1968 3392 2037 φύσιν,
3414 1970 3489 2033 ὼς
3509 1938 3789 2042 τρόφιμον

537 2030 706 2083 tionis
731 2039 1025 2099 expertem.
1064 2035 1209 2103 quod
1243 2036 1557 2106 pestiferum
1593 2040 1693 2094 sibi
1729 2047 1812 2094 est
1847 2050 2102 2112 tanquam

536 2128 722 2187 aptum
762 2119 828 2173 ad
875 2122 1225 2177 nutriendum
1258 2125 1510 2181 adhibet:
1537 2128 1668 2198 quin
1701 2131 1882 2200 potius
1908 2145 2103 2183 unum-

531 2209 807 2278 quodque,
844 2212 988 2279 quod
1023 2214 1128 2268 sibi
1158 2217 1503 2273 commodum
1533 2227 1638 2282 est,
1664 2222 1871 2291 appetit
1893 2229 1946 2276 et
1974 2236 2101 2290 pro-

530 2298 800 2367 sequitur.
851 2298 907 2354 Si
939 2302 1083 2355 enim
1126 2304 1304 2359 onmis
1335 2305 1500 2360 herba
1549 2316 1604 2363 et
1640 2308 1792 2364 radix
1849 2310 2102 2366 omnibus

526 2393 680 2441 esset
712 2391 1117 2445 accommodata
1141 2400 1197 2448 et
1224 2408 1552 2466 congruens,
1585 2399 1767 2455 minus
1798 2402 2099 2471 patefieret,

530 2480 677 2549 quod
704 2481 790 2537 lex
805 2482 1085 2539 Creatoris
1110 2486 1273 2540 etiam
1300 2487 1353 2542 in
1382 2489 1752 2547 animantibus
1775 2494 1986 2549 ratione
2012 2509 2103 2547 ca-

531 2572 778 2629 rentibus
807 2574 948 2644 viget
976 2583 1031 2629 et
1058 2575 1391 2633 dominatur.

598 2662 669 2716 At
706 2680 833 2719 vero
869 2681 991 2719 esse
1031 2666 1132 2720 hoc
1182 2668 1509 2737 quibusdam
1552 2686 1777 2733 nocens.
1829 2675 1955 2730 aliis
2003 2692 2101 2730 au-

532 2759 638 2806 tem
687 2751 739 2806 id
780 2753 956 2823 ipsum
1005 2757 1268 2821 salutare,
1315 2759 1519 2815 clarius
1569 2761 1891 2831 sapientiam
1922 2764 2014 2820 Dei
2047 2767 2100 2820 in

530 2841 784 2897 omnibus
818 2843 1107 2913 praedicat;
1140 2862 1246 2916 qua
1276 2845 1479 2902 factum
1504 2858 1610 2916 est,
1635 2863 1696 2906 ut
1730 2861 1877 2909 esset
1899 2855 1955 2909 in
1989 2857 2102 2910 aui-

532 2933 808 2989 mantibus
850 2936 1062 2991 ratione
1103 2941 1419 2996 carentibus
1469 2943 1553 2998 vis
1594 2945 1842 3013 quiedam
1890 2956 2100 3003 natura:

529 3039 637 3093 qua
685 3040 747 3079 ea
789 3043 909 3096 qua:
948 3032 1194 3099 apposita
1238 3042 1388 3097 sunt,
1433 3035 1829 3092 discernerent.
1880 3038 2011 3105 Quae
2051 3041 2098 3095 si

528 3119 850 3173 naturaliter
880 3122 934 3175 in
973 3123 1202 3192 sfngulis
1231 3140 1337 3180 non
1381 3126 1606 3194 inesset,
1639 3130 1836 3184 merito
1864 3144 1928 3184 ac
1953 3140 2099 3187 recte

527 3221 592 3262 ea
629 3223 749 3278 qua!
791 3218 1010 3278 nocent,
1051 3225 1441 3270 accusarentur
1488 3225 1744 3288 tanquam
1785 3232 1817 3271 a
1854 3218 2095 3289 nequitia

526 3295 673 3354 edita
697 3307 750 3354 et
778 3310 915 3356 orta.

599 3390 695 3447 Sin
735 3409 868 3448 vero
927 3394 980 3448 in
1028 3397 1354 3452 animalibus
1397 3400 1663 3455 naturalis
1706 3400 1954 3470 quaedam
2007 3403 2092 3457 vis

531 3483 894 3549 discernendi,
920 3478 1184 3555 judicium
1222 3491 1637 3561 praeoccupavit,
1662 3503 1715 3547 et
1745 3494 2091 3564 unumquodo

526 3593 633 3645 que
654 3579 756 3633 sibi
783 3584 1115 3637 conveniens
1149 3583 1336 3653 eligit;
1389 3586 1567 3640 omnis
1602 3583 1855 3640 videlicet
1901 3586 2088 3654 herba,

527 3675 580 3720 et
610 3668 762 3723 radix
791 3672 939 3728 utilis
962 3679 1065 3737 est,
1092 3673 1192 3728 etsi
1224 3690 1331 3728 non
1373 3674 1631 3730 omnibus
1659 3694 1672 3730 :
1715 3675 1865 3736 varia
1908 3684 2089 3731 autem

526 3766 654 3813 sunt
681 3761 827 3816 varie
855 3766 1121 3821 aooosita.

2203 2052 2264 2105 τὸ
2291 2053 2485 2106 ἑαυτοῦ
2513 2054 2809 2126 θανάσιμον
2842 2061 3242 2131 προσφέρεται·
3275 2062 3386 2116 ἀλλ’
3421 2064 3515 2117 ἐπὶ
3542 2065 3604 2118 τὸ
3628 2067 3788 2137 αὐτῷ

2204 2160 2264 2212 γε
2312 2145 2585 2217 ὠφέλιμον
2617 2147 2842 2203 ἕκαστον
2888 2152 3053 2223 ὁρμᾷ.
3102 2153 3165 2207 Et
3204 2153 3312 2227 γὰρ
3345 2155 3532 2211 ἅπασα
3574 2157 3785 2229 βοτάνη

2205 2235 2298 2287 καὶ
2335 2234 2459 2303 ῥίζα
2503 2240 2614 2302 τοῖς
2662 2241 2827 2293 πᾶσιν
2875 2241 3119 2313 ὑπῆρχεν
3169 2245 3466 2318 ἐπιτηδεία,
3494 2242 3661 2319 ἦττον
3711 2249 3785 2303 ἂν

2202 2321 2413 2393 ἐδείχθη
2470 2325 2563 2378 τοῦ
2609 2326 3108 2402 δημιουργήσαντος
3148 2336 3176 2388 ό
3207 2335 3389 2407 νόμος,
3427 2339 3521 2392 καὶ
3567 2341 3627 2393 ὲν
3663 2344 3784 2403 τοῖς

2203 2410 2416 2480 ἀλόγοις
2449 2414 2684 2486 κρατῶν.

2271 2674 2343 2727 Τὸ
2369 2672 2423 2727 δὲ
2457 2673 2714 2746 βλαϐερὸν
2761 2693 2946 2743 ..νιοις,
2979 2679 3185 2750 ἑτέροις
3213 2681 3272 2735 δὲ
3304 2684 3471 2736 ταυτδ
3501 2688 3776 2758 σωτήριον

2199 2767 2638 2838 παρακείμενον,
2697 2769 3064 2843 τρανεστέραν
3149 2774 3247 2845 τὴν
3308 2777 3366 2828 ὲν
3446 2780 3559 2841 τοῖς
3633 2783 3773 2834 πᾶσι

2201 2858 2391 2925 σοφίαν
2444 2856 2739 2929 κηρύττει·
2793 2861 2875 2915 ὃτι
2915 2862 3008 2915 καὶ
3055 2865 3111 2918 ὲν
3148 2867 3258 2929 τοῖς
3314 2865 3528 2935 ἀλόγοις
3559 2874 3767 2944 φυσική

2197 2947 2281 3009 τίς
2310 2948 2427 3001 ἐστι
2449 2949 2558 3004 τῶν
2589 2952 2670 3014 είς
2694 2952 2899 3024 τροφὴν
2937 2956 3352 3026 παρακειμένων
3399 2961 3431 3030 ὴ
3459 2960 3731 3032 διάκρισις
3750 2981 3767 2994 ’

2195 3034 2265 3110 ἧς
2315 3041 2556 3108 φυσικῶς
2597 3060 2661 3111 γε
2715 3045 2929 3116 ἑκάστῳ
2990 3048 3063 3120 μὴ
3119 3051 3361 3123 ἐνούσης,
3418 3052 3657 3123 εὐλόγως
3702 3056 3769 3110 ἄν

2195 3149 2281 3195 τις
2319 3137 2661 3206 κατηγόρησε
2700 3137 2810 3192 τῶν
2843 3138 3118 3214 βλαϐερῶν
3154 3145 3229 3210 ὼς
3281 3148 3346 3200 ἐκ
3388 3147 3585 3212 κακίας
3627 3166 3766 3222 προ-

2196 3225 2590 3296 ενηνεγμένων.

2268 3401 2331 3453 Εἰ
2376 3401 2433 3455 δέ
2475 3419 2539 3470 γε
2587 3405 2888 3475 προῦλαϐεν
2920 3410 2978 3464 ὲν
3014 3414 3124 3476 τοῖς
3155 3414 3311 3480 ζώοις
3344 3419 3377 3489 ἡ
3416 3421 3617 3492 φυσικὴ
3650 3439 3765 3476 oras

2197 3510 2375 3563 κρισις
2412 3493 2508 3565 τὴν
2547 3495 2747 3566 κρίσιν,
2781 3499 2874 3552 καὶ
2924 3500 2984 3554 τὸ
3015 3504 3216 3559 οἰκεῖον
3244 3507 3473 3564 ἕκαστον
3522 3512 3758 3582 ἐκλέγει.

2196 3584 2347 3637 πᾶσα
2395 3584 2591 3657 δηλαδὴ
2644 3585 2837 3659 βοτάνη
2898 3592 2992 3646 καὶ
3053 3594 3177 3664 ῥίζα
3229 3601 3516 3671 χρήσιμος,
3576 3606 3623 3657 εἰ
3668 3608 3760 3659 καὶ

2200 3674 2273 3746 μὴ
2318 3677 2429 3739 τοῖς
2476 3678 2642 3743 πᾶσι,
2693 3682 2910 3736 ποικίλα
2955 3684 3011 3737 δὲ
3070 3687 3137 3741 τὰ
3195 3691 3451 3756 ποικίλως
3497 3698 3765 3767 παρακείο

2201 3785 2357 3839 μενα.

1317 3882 1446 3938 Car.
1489 3881 1674 3938 XXVI.
1716 3882 1914 3939 Contra
1950 3883 2147 3951 ferrum
2177 3893 2225 3938 ct
2260 3884 2427 3953 ignem
2470 3890 2719 3943 mentitur
2752 3889 2936 3947 Manes

597 4000 707 4055 Hoc
738 4001 904 4072 igitur
938 4002 1100 4057 modo
1133 4003 1412 4059 Manichazi
1456 4005 1546 4074 qui
1594 4006 1774 4059 omnia
1810 4005 2087 4060 criminari

525 4092 754 4157 studuit,
792 4093 1084 4150 refellenda
1111 4105 1165 4150 et
1201 4097 1492 4150 evertenda
1535 4103 1619 4150 est
1647 4097 1925 4151 accusatio
1964 4096 2092 4151 her-

525 4185 716 4239 barum
762 4186 1152 4254 pestilentium.
1202 4187 1291 4241 Sic
1321 4188 1464 4241 enim
1499 4196 1552 4242 et
1581 4196 1772 4243 contra
1806 4187 2007 4243 ferrum
2034 4195 2089 4242 et

524 4285 714 4330 contra
735 4276 912 4344 ignem
963 4278 1238 4342 mentitur,
1266 4279 1470 4336 faciens
1500 4280 1553 4334 in
1579 4280 1665 4336 his
1714 4290 1900 4335 contra
1929 4294 2089 4348 quam

523 4369 657 4424 vult.
689 4368 789 4436 Qui
808 4369 951 4425 enim
971 4380 1193 4426 accusat
1212 4374 1512 4441 materiam,
1535 4388 1694 4443 quam
1715 4388 1837 4427 esse
1860 4371 2092 4425 inaniter

524 4458 695 4531 tingit,
743 4476 937 4517 rursus
968 4471 1191 4532 apparet
1228 4470 1488 4533 tanquam
1520 4463 1775 4519 defensor
1807 4469 1861 4516 et
1907 4468 2093 4531 patro-

2265 4008 2671 4080 Περιγραπτέον
2717 4013 2894 4068 τοίνυν
2940 4015 3126 4069 τοῦτον
3158 4018 3248 4072 τὸν
3290 4022 3490 4092 τρόπον
3533 4027 3626 4080 καί⁵
3657 4029 3764 4099 τὴν.

2193 4099 2332 4152 κατὰ
2377 4101 2485 4154 τῶν
2534 4102 2846 4175 θανασίμων
2895 4106 3197 4179 λεγομένων
3239 4111 3476 4182 βοτανῶν
3519 4135 3750 4190 κατηγο-

2196 4188 2316 4259 ρίαν
2363 4190 2441 4261 τῷ
2485 4193 2720 4248 Μάνεντι
2772 4195 2948 4249 πάντα
3003 4198 3306 4255 διαϐάλλειν
3360 4205 3748 4262 ἐσπουδακότι·

2191 4277 2334 4332 οὕτω
2386 4280 2495 4352 γὰρ
2547 4285 2641 4335 καί¹
2706 4285 2920 4356 σιδήρου
2974 4288 3067 4341 καὶ
3119 4291 3288 4364 πυρὸς
3342 4295 3750 4365 καταψεύδεται,

2192 4371 2497 4425 τούναντίον
2528 4373 2696 4429 ποιῶν
2729 4376 2822 4429 καὶ
2853 4379 2910 4431 ἐν
2939 4379 3166 4446 τούτοις,
3210 4376 3270 4437 οὗ
3306 4384 3549 4455 βούλεται
3568 4406 3583 4419 ·
3621 4407 3751 4443 κατ-

2191 4461 2404 4548 ηγορῶν
2461 4461 2570 4535 γὰρ
2599 4465 2699 4536 τῆς
2730 4466 2880 4538 ῦλης,
2913 4471 2978 4540 ἢν
3023 4468 3160 4528 εἶναι
3200 4477 3373 4548 μάτην
3403 4481 3749 4548 φαντάζεται,

524 4568 630 4608 nus
658 4554 799 4622 ejus,
833 4554 912 4610 eis
941 4569 1274 4611 succensens
1319 4563 1581 4625 tanquam
1615 4555 1775 4608 malis
1806 4553 1899 4622 qui
1939 4559 2085 4606 male

2192 4547 2346 4615 αὖθις
2376 4553 2565 4626 ὥσπερ
2615 4573 2699 4621 τις
2750 4562 3058 4634 προστάτης
3102 4567 3195 4619 καὶ
3238 4547 3535 4641 συνήγορος
3588 4575 3753 4645 αὐτῆς

522 4645 659 4698 riam
695 4655 1025 4701 consumunt
1058 4669 1070 4703 :
1104 4646 1307 4701 ferrum
1347 4656 1525 4702 autem
1553 4656 1607 4701 et
1647 4646 1789 4716 ignis
1823 4644 2086 4698 seminata

523 4745 652 4792 sunt
674 4738 727 4792 in
760 4748 905 4794 terra
935 4743 1001 4795 ab
1040 4740 1157 4812 ipso
1184 4741 1371 4796 mttndi
1403 4740 1670 4803 Auctore;
1709 4738 1924 4790 inventa
1959 4748 2088 4789 vero

524 4836 652 4884 sunt
689 4832 897 4887 ratione
928 4833 996 4888 ab
1037 4833 1277 4897 homine,
1329 4833 1383 4889 id
1416 4832 1526 4886 Deo
1566 4829 1920 4886 concedente.
1959 4824 2088 4880 Sine

523 4922 610 4979 his
639 4932 820 4978 autem
849 4927 1065 4994 penitus
1103 4942 1292 4981 manca
1316 4934 1463 4982 esset
1492 4925 1604 4978 vita
1634 4922 1943 4977 hominum.

592 5094 805 5151 Etenim
855 5096 902 5152 si
948 5096 1213 5166 judicavit
1261 5098 1594 5155 Manichacus
1635 5093 1893 5153 nocentia
1941 5106 2084 5158 esse,

520 5188 649 5257 quia
674 5197 1003 5243 consumunt
1030 5197 1083 5245 et
1113 5193 1433 5247 interimunt
1472 5207 1702 5262 corpora
1721 5190 1866 5249 ferro
1887 5201 1941 5249 et
1974 5195 2084 5266 igni

522 5282 738 5349 objecta
764 5322 779 5347 ,
820 5290 1025 5353 quanto
1063 5284 1236 5353 magis
1270 5286 1609 5354 apparebunt
1656 5285 1811 5339 utilia
1846 5292 1901 5341 et
1935 5287 2086 5342 salu-

520 5375 662 5429 taria
696 5384 919 5446 propter
948 5390 1106 5431 usum
1152 5391 1311 5430 suum
1362 5377 1429 5430 ad
1457 5377 1640 5430 omnia
1687 5376 2078 5432 necessarium.

525 5463 583 5521 Si
613 5484 741 5523 vero
773 5470 956 5525 ab’dita
1015 5479 1145 5526 sunt
1191 5479 1246 5525 et
1286 5471 1507 5525 latentia
1535 5472 1591 5525 in
1626 5470 1834 5527 fabrica
1872 5470 2082 5536 mundi,

524 5556 638 5612 hate
690 5568 869 5616 autem
918 5577 950 5616 a
991 5562 1264 5633 principio
1313 5563 1452 5616 ratio
1506 5562 1743 5619 hominis
1776 5562 2085 5629 adinvenit;

523 5648 608 5701 cui
636 5651 1033 5722 assignabimus
1050 5656 1312 5710 rationem
1341 5654 1576 5710 hominis
1600 5655 1789 5709 horum
1823 5658 2088 5714 inventri-

522 5750 640 5788 rem
663 5737 688 5790 ?
715 5754 781 5794 an
809 5743 1062 5813 nequitiae
1092 5755 1145 5801 et
1170 5746 1410 5801 materiae
1437 5762 1558 5815 qua:
1581 5747 1941 5817 cognitionem
1973 5763 2081 5804 non

525 5822 706 5896 habet,
736 5840 797 5885 ut
832 5832 1160 5893 Manichth
1205 5845 1289 5894 est
1321 5845 1531 5908 auctor,
1565 5852 1634 5893 an
1689 5836 1831 5894 Deo?
1857 5839 1926 5894 At
1969 5854 2082 5911 per-

2189 4645 2536 4715 άναφέρεται,
2566 4651 2676 4713 τοῖς
2707 4666 2770 4717 γε
2822 4651 3099 4709 δαπανῶσι
3145 4657 3242 4729 τὴν
3286 4659 3418 4733 ὕλην
3448 4663 3525 4727 ὡς
3566 4670 3754 4729 κακοῖς

2186 4737 2656 4809 ἀπεχθανόμενοςο
2715 4742 2930 4816 σίδηρος
2974 4746 3032 4800 δὲ
3083 4751 3178 4803 καὶ
3226 4751 3336 4823 πῦρ
3382 4756 3752 4829 κατέσπαρται

2190 4829 2288 4898 μὲν
2336 4832 2393 4885 ἐν
2444 4834 2514 4904 γῇ
2582 4834 2718 4922 πρὸς
2767 4835 2861 4889 τοῦ
2915 4838 3443 4914 δημιουργήσαντος·
3492 4849 3752 4922 ἐξευρέθη

2185 4919 2242 4971 δὲ
2273 4919 2558 4991 ἀνθρώπου
2581 4921 2822 4997 λογισμῷ
2844 4930 2962 4982 κατ’
2990 4932 3289 5005 ἐπιτροπὴν
3327 4936 3463 4992 Θεοῦ
3487 4955 3500 4968 ·
3550 4919 3753 4993 τούτων

2185 5008 2293 5080 γὰρ
2322 5012 2488 5082 χωρὶς
2519 5014 2791 5079 παντελῶς
2817 5017 3228 5092 ἠκρωτηρίαστο
3250 5026 3554 5100 ἀνθρώποις
3571 5032 3601 5084 ὁ
3618 5032 3749 5102 βίος.

2255 5101 2318 5154 Et
2348 5102 2457 5173 γὰρ
2506 5103 2743 5177 βλαϐερά
2797 5107 2932 5181 πρὸς
2977 5113 3071 5166 τοῦ
3117 5115 3394 5183 Μάνεντος
3442 5101 3749 5192 νενόμισται

2184 5191 2261 5263 τῷ
2289 5196 2668 5268 καταφθείρειν
2694 5199 2762 5253 τὰ
2794 5202 3248 5275 παραϐαλλόμενα
3278 5208 3526 5281 σώματα,
3570 5191 3749 5283 πολλῷ

2187 5286 2386 5356 μᾶλλον
2448 5289 2698 5362 ὠφέλιμά
2747 5310 2806 5346 τε
2872 5295 2965 5348 καὶ.
3027 5301 3269 5371 σωτήρια
3327 5305 3626 5376 φανήσεται
3682 5310 3744 5378 τῇ

2183 5382 2456 5453 ἀναγκαίᾳ
2504 5385 2695 5455 χρήσει
2749 5385 2883 5458 πρὸς
2931 5387 3162 5446 ἅπαντα.
3214 5394 3278 5446 Et
3318 5394 3375 5448 δὲ
3422 5395 3746 5451 λανθάνοντα

2182 5460 2476 5546 ἐνυπάρχει
2512 5479 2575 5548 τῇ
2608 5479 2955 5553 δημιουργία,
2992 5483 3276 5556 ἀνθρώπου
3298 5488 3358 5542 δὲ
3400 5489 3573 5544 ταῦτα
3600 5491 3742 5560 λογι-

2185 5566 2320 5637 σμὸς
2359 5568 2460 5637 τὴν
2490 5569 2662 5639 ἀρχὴν
2694 5569 2903 5642 ἐξεῦρε,
2948 5573 3053 5627 τίνι
3088 5575 3361 5645 λογιστέον
3392 5581 3482 5633 τὸν
3521 5581 3743 5653 εὑρόντα

2181 5655 2469 5727 λογισμόν;
2520 5654 2628 5730 ἄρα
2665 5662 2729 5731 τῇ
2777 5662 2848 5732 μὴ
2884 5662 3083 5736 ἐχούσῃ
3117 5665 3317 5734 γνῶσιν
3361 5669 3530 5741 κακίᾳ
3567 5688 3625 5723 τε
3654 5670 3741 5724 καὶ

2184 5747 2281 5819 ῦλῃ
2308 5749 2427 5802 κατ’
2451 5750 2673 5815 ἐκεῖνον,
2708 5751 2740 5822 ἢ
2774 5751 2851 5823 τῷ
2877 5753 3098 5826 ἀγαθῷ;
3152 5757 3308 5813 Ἀλλά
3335 5760 3514 5831 δῆλον,
3559 5762 3632 5826 ib;
3657 5760 3741 5815 λο-

2182 5841 2379 5911 γισμοῦ
2415 5842 2573 5912 σοφία
2610 5843 2811 5913 ἀγαθόν
2857 5862 2911 5899 τε
2956 5848 3050 5902 καὶ
3076 5849 3276 5919 ἀγαθοῦ
3303 5852 3492 5923 δῶρον.
3541 5854 3658 5908 Τίνι
3684 5851 3741 5908 δὲ
