  <div class='ocr_page' id='page_1' title='image "/cluster/home/n/w/nwhite01/storage/ocr_20150623/18/mdp.39015008168943/618.png"; bbox 0 0 4064 6290; ppageno 0'>
   <div class='ocr_carea' id='block_1_1' title="bbox 315 314 453 367">
    <p class='ocr_par' dir='ltr' id='par_1_1' title="bbox 315 314 453 367">
     <span class='ocr_line' id='line_1_1' title="bbox 315 314 453 367; baseline -0.007 0"><span class='ocrx_word' id='word_1_1' title='bbox 315 314 453 367; x_wconf 77' lang='grc'><strong>1183</strong></span> 
     </span>
    </p>
   </div>
   <div class='ocr_carea' id='block_1_2' title="bbox 1385 306 2494 369">
    <p class='ocr_par' dir='ltr' id='par_1_2' title="bbox 1385 306 2494 369">
     <span class='ocr_line' id='line_1_2' title="bbox 1385 306 2494 369; baseline -0.005 -3"><span class='ocrx_word' id='word_1_2' title='bbox 1385 312 1753 369; x_wconf 77' lang='lat' dir='ltr'><strong>ADV’ERSUS</strong></span> <span class='ocrx_word' id='word_1_3' title='bbox 1793 308 2217 366; x_wconf 68' lang='lat' dir='ltr'><strong>MANICHAEOS</strong></span> <span class='ocrx_word' id='word_1_4' title='bbox 2255 307 2384 362; x_wconf 88' lang='lat' dir='ltr'><strong>LlB.</strong></span> <span class='ocrx_word' id='word_1_5' title='bbox 2430 306 2494 360; x_wconf 92' lang='lat' dir='ltr'><strong>ll.</strong></span> 
     </span>
    </p>
   </div>
   <div class='ocr_carea' id='block_1_3' title="bbox 3406 308 3546 367">
    <p class='ocr_par' dir='ltr' id='par_1_3' title="bbox 3406 308 3546 367">
     <span class='ocr_line' id='line_1_3' title="bbox 3406 308 3546 367; baseline 0.021 -3"><span class='ocrx_word' id='word_1_6' title='bbox 3406 308 3546 367; x_wconf 75' lang='lat'><strong>“86</strong></span> 
     </span>
    </p>
   </div>
   <div class='ocr_carea' id='block_1_4' title="bbox 311 418 1847 496">
    <p class='ocr_par' dir='ltr' id='par_1_4' title="bbox 311 424 1847 496">
     <span class='ocr_line' id='line_1_4' title="bbox 311 424 1847 496; baseline -0.002 -17"><span class='ocrx_word' id='word_1_7' title='bbox 311 426 632 496; x_wconf 77' lang='grc' dir='ltr'><strong>αὐτομάτως</strong></span> <span class='ocrx_word' id='word_1_8' title='bbox 667 424 910 495; x_wconf 78' lang='grc' dir='ltr'><strong>ἀφήλατό</strong></span> <span class='ocrx_word' id='word_1_9' title='bbox 939 442 1067 477; x_wconf 82' lang='grc' dir='ltr'><strong>ποτε</strong></span> <span class='ocrx_word' id='word_1_10' title='bbox 1099 424 1338 496; x_wconf 86' lang='grc' dir='ltr'><strong>σίδηρος,</strong></span> <span class='ocrx_word' id='word_1_11' title='bbox 1382 428 1410 478; x_wconf 86' lang='lat'><strong>6</strong></span> <span class='ocrx_word' id='word_1_12' title='bbox 1453 428 1520 496; x_wconf 83' lang='grc' dir='ltr'><strong>τῇ</strong></span> <span class='ocrx_word' id='word_1_13' title='bbox 1562 428 1752 496; x_wconf 82' lang='grc' dir='ltr'><strong>χρήσει</strong></span> <span class='ocrx_word' id='word_1_14' title='bbox 1786 443 1847 476; x_wconf 88' lang='grc' dir='ltr'><strong>το</strong></span> 
     </span>
    </p>
   </div>
   <div class='ocr_carea' id='block_1_5' title="bbox 1951 418 3548 496">
    <p class='ocr_par' dir='ltr' id='par_1_5' title="bbox 1951 418 3548 491">
     <span class='ocr_line' id='line_1_5' title="bbox 1951 418 3548 491; baseline 0 -13"><span class='ocrx_word' id='word_1_15' title='bbox 1951 472 1955 484; x_wconf 68' lang='grc'><strong>,</strong></span> <span class='ocrx_word' id='word_1_16' title='bbox 1986 421 2234 491; x_wconf 91' lang='lat' dir='ltr'><strong>spicuum</strong></span> <span class='ocrx_word' id='word_1_17' title='bbox 2270 428 2353 474; x_wconf 90' lang='lat' dir='ltr'><strong>est</strong></span> <span class='ocrx_word' id='word_1_18' title='bbox 2385 419 2706 489; x_wconf 76' lang='lat' dir='ltr'><strong>sapientiam</strong></span> <span class='ocrx_word' id='word_1_19' title='bbox 2741 418 2970 474; x_wconf 90' lang='lat' dir='ltr'><strong>rationis</strong></span> <span class='ocrx_word' id='word_1_20' title='bbox 3001 427 3054 474; x_wconf 90' lang='lat' dir='ltr'><strong>et</strong></span> <span class='ocrx_word' id='word_1_21' title='bbox 3079 419 3280 475; x_wconf 87' lang='lat' dir='ltr'><strong>bonum</strong></span> <span class='ocrx_word' id='word_1_22' title='bbox 3314 435 3458 483; x_wconf 88' lang='lat' dir='ltr'><strong>esse.</strong></span> <span class='ocrx_word' id='word_1_23' title='bbox 3487 430 3548 480; x_wconf 82' lang='lat' dir='ltr'><strong>et</strong></span> 
     </span>
    </p>
   </div>
   <div class='ocr_carea' id='block_1_6' title="bbox 309 516 1872 591">
    <p class='ocr_par' dir='ltr' id='par_1_6' title="bbox 309 516 1872 591">
     <span class='ocr_line' id='line_1_6' title="bbox 309 516 1872 591; baseline -0.002 -18"><span class='ocrx_word' id='word_1_24' title='bbox 309 518 568 590; x_wconf 86' lang='grc' dir='ltr'><strong>λογισμοῦ</strong></span> <span class='ocrx_word' id='word_1_25' title='bbox 602 516 758 588; x_wconf 87' lang='grc' dir='ltr'><strong>μόνον</strong></span> <span class='ocrx_word' id='word_1_26' title='bbox 791 516 1223 588; x_wconf 79' lang='grc' dir='ltr'><strong>ὑποϐεϐλημένος</strong></span> <span class='ocrx_word' id='word_1_27' title='bbox 1251 519 1342 572; x_wconf 77' lang='grc' dir='ltr'><strong>καὶ</strong></span> <span class='ocrx_word' id='word_1_28' title='bbox 1378 519 1526 591; x_wconf 78' lang='grc' dir='ltr'><strong>πάσῃ</strong></span> <span class='ocrx_word' id='word_1_29' title='bbox 1552 519 1716 591; x_wconf 78' lang='grc' dir='ltr'><strong>τέχνῃ</strong></span> <span class='ocrx_word' id='word_1_30' title='bbox 1753 519 1872 570; x_wconf 82' lang='grc' dir='ltr'><strong>δου-</strong></span> 
     </span>
    </p>
   </div>
   <div class='ocr_carea' id='block_1_7' title="bbox 309 609 518 674">
    <p class='ocr_par' dir='ltr' id='par_1_7' title="bbox 309 609 518 674">
     <span class='ocr_line' id='line_1_7' title="bbox 309 609 518 674; baseline 0.01 -13"><span class='ocrx_word' id='word_1_31' title='bbox 309 609 482 662; x_wconf 86' lang='grc' dir='ltr'><strong>λεύων</strong></span> <span class='ocrx_word' id='word_1_32' title='bbox 504 625 518 674; x_wconf 90' lang='lat'><strong>;</strong></span> 
     </span>
    </p>
   </div>
   <div class='ocr_carea' id='block_1_8' title="bbox 394 782 1868 855">
    <p class='ocr_par' dir='ltr' id='par_1_8' title="bbox 394 782 1868 855">
     <span class='ocr_line' id='line_1_8' title="bbox 394 782 1868 855; baseline -0.001 -17"><span class='ocrx_word' id='word_1_33' title='bbox 394 784 551 838; x_wconf 80' lang='grc' dir='ltr'><strong>Ἀλλὰ</strong></span> <span class='ocrx_word' id='word_1_34' title='bbox 596 783 826 853; x_wconf 81' lang='grc' dir='ltr'><strong>φονεύει,</strong></span> <span class='ocrx_word' id='word_1_35' title='bbox 863 784 1051 849; x_wconf 88' lang='grc' dir='ltr'><strong>Μάνης</strong></span> <span class='ocrx_word' id='word_1_36' title='bbox 1078 784 1230 853; x_wconf 76' lang='grc' dir='ltr'><strong>φησὶ,</strong></span> <span class='ocrx_word' id='word_1_37' title='bbox 1264 782 1331 834; x_wconf 84' lang='grc' dir='ltr'><strong>δι’</strong></span> <span class='ocrx_word' id='word_1_38' title='bbox 1361 782 1522 836; x_wconf 83' lang='grc' dir='ltr'><strong>αὐτοῦ</strong></span> <span class='ocrx_word' id='word_1_39' title='bbox 1565 783 1868 855; x_wconf 87' lang='grc' dir='ltr'><strong>ἄνθρωπος,</strong></span> 
     </span>
    </p>
   </div>
   <div class='ocr_carea' id='block_1_9' title="bbox 309 873 1866 946">
    <p class='ocr_par' dir='ltr' id='par_1_9' title="bbox 309 873 1866 946">
     <span class='ocr_line' id='line_1_9' title="bbox 309 873 1866 946; baseline 0 -17"><span class='ocrx_word' id='word_1_40' title='bbox 309 877 401 929; x_wconf 72' lang='grc' dir='ltr'><strong>καὶ</strong></span> <span class='ocrx_word' id='word_1_41' title='bbox 428 876 561 946; x_wconf 83' lang='grc' dir='ltr'><strong>πρὸς</strong></span> <span class='ocrx_word' id='word_1_42' title='bbox 595 875 655 927; x_wconf 85' lang='grc' dir='ltr'><strong>τὸ</strong></span> <span class='ocrx_word' id='word_1_43' title='bbox 687 875 964 945; x_wconf 78' lang='grc' dir='ltr'><strong>ἐργαλεῖον</strong></span> <span class='ocrx_word' id='word_1_44' title='bbox 991 876 1023 946; x_wconf 87' lang='grc' dir='ltr'><strong>ἠ</strong></span> <span class='ocrx_word' id='word_1_45' title='bbox 1075 874 1399 945; x_wconf 87' lang='grc' dir='ltr'><strong>κακοτεχνία</strong></span> <span class='ocrx_word' id='word_1_46' title='bbox 1430 873 1522 927; x_wconf 84' lang='grc' dir='ltr'><strong>τοῦ</strong></span> <span class='ocrx_word' id='word_1_47' title='bbox 1552 875 1832 946; x_wconf 81' lang='grc' dir='ltr'><strong>χρωμένου</strong></span> <span class='ocrx_word' id='word_1_48' title='bbox 1854 893 1866 907; x_wconf 91' lang='grc'><strong>·</strong></span> 
     </span>
    </p>
   </div>
   <div class='ocr_carea' id='block_1_10' title="bbox 307 961 1870 1037">
    <p class='ocr_par' dir='ltr' id='par_1_10' title="bbox 307 961 1870 1037">
     <span class='ocr_line' id='line_1_10' title="bbox 307 961 1870 1037; baseline 0.001 -19"><span class='ocrx_word' id='word_1_49' title='bbox 307 967 400 1030; x_wconf 63' lang='grc' dir='ltr'><strong>ὡς,</strong></span> <span class='ocrx_word' id='word_1_50' title='bbox 437 969 484 1018; x_wconf 86' lang='grc' dir='ltr'><strong>εἰ</strong></span> <span class='ocrx_word' id='word_1_51' title='bbox 514 967 586 1037; x_wconf 87' lang='grc' dir='ltr'><strong>μὴ</strong></span> <span class='ocrx_word' id='word_1_52' title='bbox 614 961 682 1036; x_wconf 85' lang='grc' dir='ltr'><strong>ἦν</strong></span> <span class='ocrx_word' id='word_1_53' title='bbox 725 968 754 1018; x_wconf 99' lang='lat'><strong>6</strong></span> <span class='ocrx_word' id='word_1_54' title='bbox 797 965 981 1018; x_wconf 90' lang='grc' dir='ltr'><strong>τοῦτον</strong></span> <span class='ocrx_word' id='word_1_55' title='bbox 1005 965 1094 1018; x_wconf 84' lang='grc' dir='ltr'><strong>τὸν</strong></span> <span class='ocrx_word' id='word_1_56' title='bbox 1131 965 1327 1036; x_wconf 87' lang='grc' dir='ltr'><strong>τρόπον</strong></span> <span class='ocrx_word' id='word_1_57' title='bbox 1355 963 1654 1035; x_wconf 82' lang='grc' dir='ltr'><strong>χρώμενος,</strong></span> <span class='ocrx_word' id='word_1_58' title='bbox 1681 966 1778 1018; x_wconf 86' lang='grc' dir='ltr'><strong>ούκ</strong></span> <span class='ocrx_word' id='word_1_59' title='bbox 1805 965 1870 1019; x_wconf 82' lang='grc' dir='ltr'><strong>ἄν</strong></span> 
     </span>
    </p>
   </div>
   <div class='ocr_carea' id='block_1_11' title="bbox 315 1055 1870 1129">
    <p class='ocr_par' dir='ltr' id='par_1_11' title="bbox 315 1055 1870 1129">
     <span class='ocr_line' id='line_1_11' title="bbox 315 1055 1870 1129; baseline 0 -18"><span class='ocrx_word' id='word_1_60' title='bbox 315 1076 367 1127; x_wconf 78' lang='grc' dir='ltr'><strong>γε</strong></span> <span class='ocrx_word' id='word_1_61' title='bbox 399 1059 574 1124; x_wconf 72' lang='grc' dir='ltr'><strong>ἔδοξεν</strong></span> <span class='ocrx_word' id='word_1_62' title='bbox 603 1055 740 1112; x_wconf 78' lang='grc' dir='ltr'><strong>εἶναι</strong></span> <span class='ocrx_word' id='word_1_63' title='bbox 772 1058 987 1129; x_wconf 85' lang='grc' dir='ltr'><strong>σίδηρος</strong></span> <span class='ocrx_word' id='word_1_64' title='bbox 1037 1057 1223 1120; x_wconf 83' lang='grc' dir='ltr'><strong>κακός.</strong></span> <span class='ocrx_word' id='word_1_65' title='bbox 1268 1057 1330 1110; x_wconf 83' lang='lat' dir='ltr'><strong>El</strong></span> <span class='ocrx_word' id='word_1_66' title='bbox 1371 1056 1478 1128; x_wconf 83' lang='grc' dir='ltr'><strong>γὰρ</strong></span> <span class='ocrx_word' id='word_1_67' title='bbox 1526 1057 1870 1127; x_wconf 83' lang='grc' dir='ltr'><strong>βουλεύσαιτο</strong></span> 
     </span>
    </p>
   </div>
   <div class='ocr_carea' id='block_1_12' title="bbox 308 1148 1865 1221">
    <p class='ocr_par' dir='ltr' id='par_1_12' title="bbox 308 1148 1865 1221">
     <span class='ocr_line' id='line_1_12' title="bbox 308 1148 1865 1221; baseline -0.001 -17"><span class='ocrx_word' id='word_1_68' title='bbox 308 1151 405 1221; x_wconf 79' lang='grc' dir='ltr'><strong>μὲν</strong></span> <span class='ocrx_word' id='word_1_69' title='bbox 422 1152 449 1202; x_wconf 92' lang='lat'><strong>6</strong></span> <span class='ocrx_word' id='word_1_70' title='bbox 469 1151 658 1219; x_wconf 82' lang='grc' dir='ltr'><strong>φονεὺς</strong></span> <span class='ocrx_word' id='word_1_71' title='bbox 679 1149 872 1221; x_wconf 82' lang='grc' dir='ltr'><strong>δρᾶσαι</strong></span> <span class='ocrx_word' id='word_1_72' title='bbox 891 1149 1066 1216; x_wconf 83' lang='grc' dir='ltr'><strong>φόνον,</strong></span> <span class='ocrx_word' id='word_1_73' title='bbox 1095 1148 1382 1220; x_wconf 83' lang='grc' dir='ltr'><strong>διαμάρτοι</strong></span> <span class='ocrx_word' id='word_1_74' title='bbox 1401 1149 1456 1202; x_wconf 85' lang='grc' dir='ltr'><strong>δὲ</strong></span> <span class='ocrx_word' id='word_1_75' title='bbox 1477 1149 1576 1221; x_wconf 82' lang='grc' dir='ltr'><strong>τῆς</strong></span> <span class='ocrx_word' id='word_1_76' title='bbox 1596 1150 1865 1220; x_wconf 87' lang='grc' dir='ltr'><strong>πράξεως,</strong></span> 
     </span>
    </p>
   </div>
   <div class='ocr_carea' id='block_1_13' title="bbox 304 1235 1869 1311">
    <p class='ocr_par' dir='ltr' id='par_1_13' title="bbox 304 1235 1869 1311">
     <span class='ocr_line' id='line_1_13' title="bbox 304 1235 1869 1311; baseline -0.001 -19"><span class='ocrx_word' id='word_1_77' title='bbox 304 1235 413 1309; x_wconf 82' lang='grc' dir='ltr'><strong>ἆρά</strong></span> <span class='ocrx_word' id='word_1_78' title='bbox 429 1254 488 1306; x_wconf 88' lang='grc' dir='ltr'><strong>γε</strong></span> <span class='ocrx_word' id='word_1_79' title='bbox 522 1238 581 1290; x_wconf 82' lang='grc' dir='ltr'><strong>ού</strong></span> <span class='ocrx_word' id='word_1_80' title='bbox 613 1238 792 1307; x_wconf 75' lang='grc' dir='ltr'><strong>δῆλον,</strong></span> <span class='ocrx_word' id='word_1_81' title='bbox 823 1237 897 1301; x_wconf 84' lang='grc' dir='ltr'><strong>ὡς</strong></span> <span class='ocrx_word' id='word_1_82' title='bbox 923 1239 955 1307; x_wconf 84' lang='grc' dir='ltr'>ἡ</span> <span class='ocrx_word' id='word_1_83' title='bbox 991 1238 1086 1308; x_wconf 87' lang='grc' dir='ltr'><strong>μὲν</strong></span> <span class='ocrx_word' id='word_1_84' title='bbox 1110 1237 1366 1308; x_wconf 77' lang='grc' dir='ltr'><strong>πρόθεσις</strong></span> <span class='ocrx_word' id='word_1_85' title='bbox 1388 1238 1448 1290; x_wconf 87' lang='grc' dir='ltr'><strong>τὸ</strong></span> <span class='ocrx_word' id='word_1_86' title='bbox 1469 1237 1625 1311; x_wconf 73' lang='grc' dir='ltr'><strong>ἔργον</strong></span> <span class='ocrx_word' id='word_1_87' title='bbox 1649 1237 1869 1309; x_wconf 87' lang='grc' dir='ltr'><strong>διεπρά-</strong></span> 
     </span>
    </p>
   </div>
   <div class='ocr_carea' id='block_1_14' title="bbox 303 1329 1866 1402">
    <p class='ocr_par' dir='ltr' id='par_1_14' title="bbox 303 1329 1866 1402">
     <span class='ocr_line' id='line_1_14' title="bbox 303 1329 1866 1402; baseline 0.003 -20"><span class='ocrx_word' id='word_1_88' title='bbox 303 1329 448 1394; x_wconf 83' lang='grc' dir='ltr'><strong>ξατο,</strong></span> <span class='ocrx_word' id='word_1_89' title='bbox 483 1332 511 1382; x_wconf 90' lang='grc' dir='ltr'>ὁ</span> <span class='ocrx_word' id='word_1_90' title='bbox 539 1331 597 1383; x_wconf 81' lang='grc' dir='ltr'><strong>δὲ</strong></span> <span class='ocrx_word' id='word_1_91' title='bbox 636 1330 844 1401; x_wconf 78' lang='grc' dir='ltr'><strong>σίδηρος</strong></span> <span class='ocrx_word' id='word_1_92' title='bbox 875 1330 1286 1402; x_wconf 87' lang='grc' dir='ltr'><strong>ἀναμάρτητος;</strong></span> <span class='ocrx_word' id='word_1_93' title='bbox 1313 1330 1464 1384; x_wconf 78' lang='grc' dir='ltr'><strong>Οὕτω</strong></span> <span class='ocrx_word' id='word_1_94' title='bbox 1494 1332 1576 1402; x_wconf 83' lang='grc' dir='ltr'><strong>δὴ,</strong></span> <span class='ocrx_word' id='word_1_95' title='bbox 1608 1331 1711 1386; x_wconf 81' lang='grc' dir='ltr'><strong>κᾶν</strong></span> <span class='ocrx_word' id='word_1_96' title='bbox 1736 1331 1866 1402; x_wconf 83' lang='grc' dir='ltr'><strong>δρά-</strong></span> 
     </span>
    </p>
   </div>
   <div class='ocr_carea' id='block_1_15' title="bbox 304 1419 1863 1493">
    <p class='ocr_par' dir='ltr' id='par_1_15' title="bbox 304 1419 1863 1493">
     <span class='ocr_line' id='line_1_15' title="bbox 304 1419 1863 1493; baseline 0.002 -21"><span class='ocrx_word' id='word_1_97' title='bbox 304 1437 393 1493; x_wconf 81' lang='grc' dir='ltr'><strong>σῃ,</strong></span> <span class='ocrx_word' id='word_1_98' title='bbox 420 1421 536 1492; x_wconf 76' lang='grc' dir='ltr'><strong>οὐχὶ</strong></span> <span class='ocrx_word' id='word_1_99' title='bbox 571 1421 784 1491; x_wconf 82' lang='grc' dir='ltr'><strong>σίδηρος</strong></span> <span class='ocrx_word' id='word_1_100' title='bbox 806 1419 996 1483; x_wconf 82' lang='grc' dir='ltr'><strong>αἴτιος,</strong></span> <span class='ocrx_word' id='word_1_101' title='bbox 1021 1421 1134 1474; x_wconf 85' lang='grc' dir='ltr'><strong>ἀλλ’</strong></span> <span class='ocrx_word' id='word_1_102' title='bbox 1156 1424 1184 1474; x_wconf 89' lang='grc' dir='ltr'><strong>ὁ</strong></span> <span class='ocrx_word' id='word_1_103' title='bbox 1213 1423 1428 1493; x_wconf 82' lang='grc' dir='ltr'><strong>σιδήρου</strong></span> <span class='ocrx_word' id='word_1_104' title='bbox 1461 1423 1538 1493; x_wconf 83' lang='grc' dir='ltr'><strong>τῷ</strong></span> <span class='ocrx_word' id='word_1_105' title='bbox 1564 1423 1777 1492; x_wconf 83' lang='grc' dir='ltr'><strong>τέμνειν</strong></span> <span class='ocrx_word' id='word_1_106' title='bbox 1803 1425 1863 1476; x_wconf 88' lang='grc' dir='ltr'><strong>ού</strong></span> 
     </span>
    </p>
   </div>
   <div class='ocr_carea' id='block_1_16' title="bbox 302 1511 1865 1584">
    <p class='ocr_par' dir='ltr' id='par_1_16' title="bbox 302 1511 1865 1584">
     <span class='ocr_line' id='line_1_16' title="bbox 302 1511 1865 1584; baseline 0 -19"><span class='ocrx_word' id='word_1_107' title='bbox 302 1512 444 1565; x_wconf 86' lang='grc' dir='ltr'><strong>κατά</strong></span> <span class='ocrx_word' id='word_1_108' title='bbox 482 1511 633 1580; x_wconf 90' lang='grc' dir='ltr'><strong>λόγον</strong></span> <span class='ocrx_word' id='word_1_109' title='bbox 670 1511 1027 1583; x_wconf 88' lang='grc' dir='ltr'><strong>χρησάμενος.</strong></span> <span class='ocrx_word' id='word_1_110' title='bbox 1066 1513 1128 1566; x_wconf 91' lang='grc' dir='ltr'><strong>Εἰ</strong></span> <span class='ocrx_word' id='word_1_111' title='bbox 1161 1513 1216 1565; x_wconf 86' lang='grc' dir='ltr'><strong>δὲ</strong></span> <span class='ocrx_word' id='word_1_112' title='bbox 1250 1513 1388 1584; x_wconf 82' lang='grc' dir='ltr'><strong>ξύλῳ</strong></span> <span class='ocrx_word' id='word_1_113' title='bbox 1423 1515 1626 1575; x_wconf 87' lang='grc' dir='ltr'><strong>παίσει,</strong></span> <span class='ocrx_word' id='word_1_114' title='bbox 1665 1513 1696 1584; x_wconf 86' lang='grc' dir='ltr'>ἢ</span> <span class='ocrx_word' id='word_1_115' title='bbox 1733 1513 1865 1584; x_wconf 83' lang='grc' dir='ltr'><strong>λίθῳ</strong></span> 
     </span>
    </p>
   </div>
   <div class='ocr_carea' id='block_1_17' title="bbox 303 1603 1864 1674">
    <p class='ocr_par' dir='ltr' id='par_1_17' title="bbox 303 1603 1864 1674">
     <span class='ocr_line' id='line_1_17' title="bbox 303 1603 1864 1674; baseline 0.003 -18"><span class='ocrx_word' id='word_1_116' title='bbox 303 1603 540 1674; x_wconf 79' lang='grc' dir='ltr'><strong>κρούσει,</strong></span> <span class='ocrx_word' id='word_1_117' title='bbox 579 1605 610 1674; x_wconf 82' lang='grc' dir='ltr'>ἢ</span> <span class='ocrx_word' id='word_1_118' title='bbox 644 1605 825 1674; x_wconf 78' lang='grc' dir='ltr'><strong>χερσὶν</strong></span> <span class='ocrx_word' id='word_1_119' title='bbox 863 1604 1016 1669; x_wconf 86' lang='grc' dir='ltr'><strong>ἰδίαις</strong></span> <span class='ocrx_word' id='word_1_120' title='bbox 1055 1605 1360 1671; x_wconf 82' lang='grc' dir='ltr'><strong>ἀποπνίξει,</strong></span> <span class='ocrx_word' id='word_1_121' title='bbox 1392 1603 1545 1669; x_wconf 83' lang='grc' dir='ltr'><strong>αὖθις</strong></span> <span class='ocrx_word' id='word_1_122' title='bbox 1573 1608 1665 1660; x_wconf 80' lang='grc' dir='ltr'><strong>καὶ</strong></span> <span class='ocrx_word' id='word_1_123' title='bbox 1695 1606 1864 1662; x_wconf 79' lang='grc' dir='ltr'><strong>ταῦτα</strong></span> 
     </span>
    </p>
   </div>
   <div class='ocr_carea' id='block_1_18' title="bbox 301 1696 1862 1768">
    <p class='ocr_par' dir='ltr' id='par_1_18' title="bbox 301 1696 1862 1768">
     <span class='ocr_line' id='line_1_18' title="bbox 301 1696 1862 1768; baseline 0.003 -21"><span class='ocrx_word' id='word_1_124' title='bbox 301 1697 725 1765; x_wconf 80' lang='grc' dir='ltr'><strong>προσαγορεύσει</strong></span> <span class='ocrx_word' id='word_1_125' title='bbox 789 1696 967 1750; x_wconf 84' lang='grc' dir='ltr'><strong>κακά·</strong></span> <span class='ocrx_word' id='word_1_126' title='bbox 1037 1697 1130 1750; x_wconf 65' lang='grc' dir='ltr'><strong>καλ⁸</strong></span> <span class='ocrx_word' id='word_1_127' title='bbox 1191 1698 1366 1750; x_wconf 89' lang='grc' dir='ltr'><strong>πάντα</strong></span> <span class='ocrx_word' id='word_1_128' title='bbox 1443 1697 1638 1768; x_wconf 84' lang='grc' dir='ltr'><strong>μᾶλλον</strong></span> <span class='ocrx_word' id='word_1_129' title='bbox 1717 1698 1862 1752; x_wconf 78' lang='grc' dir='ltr'><strong>αἴτια</strong></span> 
     </span>
    </p>
   </div>
   <div class='ocr_carea' id='block_1_19' title="bbox 1978 509 3546 582">
    <p class='ocr_par' dir='ltr' id='par_1_19' title="bbox 1978 509 3546 582">
     <span class='ocr_line' id='line_1_19' title="bbox 1978 509 3546 582; baseline 0.003 -17"><span class='ocrx_word' id='word_1_130' title='bbox 1978 528 2178 566; x_wconf 87' lang='lat' dir='ltr'><strong>munus</strong></span> <span class='ocrx_word' id='word_1_131' title='bbox 2229 511 2376 565; x_wconf 89' lang='lat' dir='ltr'><strong>boni.</strong></span> <span class='ocrx_word' id='word_1_132' title='bbox 2415 509 2471 564; x_wconf 92' lang='lat' dir='ltr'><strong>In</strong></span> <span class='ocrx_word' id='word_1_133' title='bbox 2507 526 2667 580; x_wconf 80' lang='lat' dir='ltr'><strong>quem</strong></span> <span class='ocrx_word' id='word_1_134' title='bbox 2717 519 2910 580; x_wconf 89' lang='lat' dir='ltr'><strong>suapte</strong></span> <span class='ocrx_word' id='word_1_135' title='bbox 2952 512 3004 564; x_wconf 91' lang='lat' dir='ltr'><strong>vi</strong></span> <span class='ocrx_word' id='word_1_136' title='bbox 3047 512 3256 566; x_wconf 90' lang='lat' dir='ltr'><strong>insiluit</strong></span> <span class='ocrx_word' id='word_1_137' title='bbox 3303 529 3546 582; x_wconf 81' lang='lat' dir='ltr'><strong>unquam</strong></span> 
     </span>
    </p>
   </div>
   <div class='ocr_carea' id='block_1_20' title="bbox 1974 602 3543 672">
    <p class='ocr_par' dir='ltr' id='par_1_20' title="bbox 1974 602 3543 672">
     <span class='ocr_line' id='line_1_20' title="bbox 1974 602 3543 672; baseline 0.002 -16"><span class='ocrx_word' id='word_1_138' title='bbox 1974 603 2199 665; x_wconf 83' lang='lat' dir='ltr'><strong>ferrum,</strong></span> <span class='ocrx_word' id='word_1_139' title='bbox 2230 603 2372 672; x_wconf 91' lang='lat' dir='ltr'><strong>quod</strong></span> <span class='ocrx_word' id='word_1_140' title='bbox 2420 607 2539 655; x_wconf 89' lang='lat' dir='ltr'><strong>usui</strong></span> <span class='ocrx_word' id='word_1_141' title='bbox 2579 602 2806 656; x_wconf 86' lang='lat' dir='ltr'><strong>rationis</strong></span> <span class='ocrx_word' id='word_1_142' title='bbox 2853 611 3061 656; x_wconf 89' lang='lat' dir='ltr'><strong>tantum</strong></span> <span class='ocrx_word' id='word_1_143' title='bbox 3101 603 3401 672; x_wconf 85' lang='lat' dir='ltr'><strong>subjectum</strong></span> <span class='ocrx_word' id='word_1_144' title='bbox 3435 613 3543 670; x_wconf 86' lang='lat' dir='ltr'><strong>est,</strong></span> 
     </span>
    </p>
   </div>
   <div class='ocr_carea' id='block_1_21' title="bbox 1972 693 3502 767">
    <p class='ocr_par' dir='ltr' id='par_1_21' title="bbox 1972 693 3502 767">
     <span class='ocr_line' id='line_1_21' title="bbox 1972 693 3502 767; baseline 0 -20"><span class='ocrx_word' id='word_1_145' title='bbox 1972 702 2026 748; x_wconf 92' lang='lat' dir='ltr'><strong>et</strong></span> <span class='ocrx_word' id='word_1_146' title='bbox 2058 695 2206 747; x_wconf 92' lang='lat' dir='ltr'><strong>omni</strong></span> <span class='ocrx_word' id='word_1_147' title='bbox 2244 694 2347 746; x_wconf 91' lang='lat' dir='ltr'><strong>arti</strong></span> <span class='ocrx_word' id='word_1_148' title='bbox 2396 694 2564 748; x_wconf 78' lang='lat' dir='ltr'><strong>servit</strong></span> <span class='ocrx_word' id='word_1_149' title='bbox 2613 708 2676 747; x_wconf 88' lang='lat' dir='ltr'><strong>ac</strong></span> <span class='ocrx_word' id='word_1_150' title='bbox 2719 693 3034 747; x_wconf 86' lang='lat' dir='ltr'><strong>ministrat?</strong></span> <span class='ocrx_word' id='word_1_151' title='bbox 3489 753 3502 767; x_wconf 49' lang='lat'><strong><em>.</em></strong></span> 
     </span>
    </p>
   </div>
   <div class='ocr_carea' id='block_1_22' title="bbox 2039 782 3540 855">
    <p class='ocr_par' dir='ltr' id='par_1_22' title="bbox 2039 782 3540 855">
     <span class='ocr_line' id='line_1_22' title="bbox 2039 782 3540 855; baseline 0.006 -21"><span class='ocrx_word' id='word_1_152' title='bbox 2039 782 2108 834; x_wconf 83' lang='lat' dir='ltr'><strong>At</strong></span> <span class='ocrx_word' id='word_1_153' title='bbox 2135 784 2336 837; x_wconf 92' lang='lat' dir='ltr'><strong>occidit</strong></span> <span class='ocrx_word' id='word_1_154' title='bbox 2375 784 2539 838; x_wconf 89' lang='lat' dir='ltr'><strong>homo</strong></span> <span class='ocrx_word' id='word_1_155' title='bbox 2573 783 2740 847; x_wconf 84' lang='lat' dir='ltr'><strong>ferro,</strong></span> <span class='ocrx_word' id='word_1_156' title='bbox 2777 783 2954 855; x_wconf 90' lang='lat' dir='ltr'><strong>inquit</strong></span> <span class='ocrx_word' id='word_1_157' title='bbox 2992 784 3340 848; x_wconf 66' lang='lat' dir='ltr'><strong>Manichaeus,</strong></span> <span class='ocrx_word' id='word_1_158' title='bbox 3389 796 3444 842; x_wconf 87' lang='lat' dir='ltr'><strong>et</strong></span> <span class='ocrx_word' id='word_1_159' title='bbox 3473 787 3540 843; x_wconf 89' lang='lat' dir='ltr'><strong>ad</strong></span> 
     </span>
    </p>
   </div>
   <div class='ocr_carea' id='block_1_23' title="bbox 1972 873 3538 939">
    <p class='ocr_par' dir='ltr' id='par_1_23' title="bbox 1972 873 3538 939">
     <span class='ocr_line' id='line_1_23' title="bbox 1972 873 3538 939; baseline 0.008 -13"><span class='ocrx_word' id='word_1_160' title='bbox 1972 873 2397 930; x_wconf 87' lang='lat' dir='ltr'><strong>instrumentum</strong></span> <span class='ocrx_word' id='word_1_161' title='bbox 2443 877 2650 932; x_wconf 85' lang='lat' dir='ltr'><strong>accedit</strong></span> <span class='ocrx_word' id='word_1_162' title='bbox 2702 879 2904 931; x_wconf 88' lang='lat' dir='ltr'><strong>malum</strong></span> <span class='ocrx_word' id='word_1_163' title='bbox 2955 880 3250 933; x_wconf 84' lang='lat' dir='ltr'><strong>artiﬁcium</strong></span> <span class='ocrx_word' id='word_1_164' title='bbox 3311 882 3538 939; x_wconf 87' lang='lat' dir='ltr'><strong>utentis.</strong></span> 
     </span>
    </p>
   </div>
   <div class='ocr_carea' id='block_1_24' title="bbox 1970 967 3539 1035">
    <p class='ocr_par' dir='ltr' id='par_1_24' title="bbox 1970 967 3539 1035">
     <span class='ocr_line' id='line_1_24' title="bbox 1970 967 3539 1035; baseline 0.006 -15"><span class='ocrx_word' id='word_1_165' title='bbox 1970 967 2134 1033; x_wconf 82' lang='lat' dir='ltr'><strong>Quasi</strong></span> <span class='ocrx_word' id='word_1_166' title='bbox 2174 985 2282 1022; x_wconf 87' lang='lat' dir='ltr'><strong>non</strong></span> <span class='ocrx_word' id='word_1_167' title='bbox 2325 979 2468 1024; x_wconf 81' lang='lat' dir='ltr'><strong>esset</strong></span> <span class='ocrx_word' id='word_1_168' title='bbox 2515 971 2690 1024; x_wconf 83' lang='lat' dir='ltr'><strong>visum</strong></span> <span class='ocrx_word' id='word_1_169' title='bbox 2723 969 2926 1025; x_wconf 79' lang='lat' dir='ltr'><strong>ferrum</strong></span> <span class='ocrx_word' id='word_1_170' title='bbox 2982 974 3206 1035; x_wconf 88' lang='lat' dir='ltr'><strong>malum,</strong></span> <span class='ocrx_word' id='word_1_171' title='bbox 3240 974 3346 1028; x_wconf 83' lang='lat' dir='ltr'><strong>nisi</strong></span> <span class='ocrx_word' id='word_1_172' title='bbox 3377 975 3539 1029; x_wconf 90' lang='lat' dir='ltr'><strong>homo</strong></span> 
     </span>
    </p>
   </div>
   <div class='ocr_carea' id='block_1_25' title="bbox 1968 1060 3540 1126">
    <p class='ocr_par' dir='ltr' id='par_1_25' title="bbox 1968 1060 3540 1126">
     <span class='ocr_line' id='line_1_25' title="bbox 1968 1060 3540 1126; baseline 0.008 -12"><span class='ocrx_word' id='word_1_173' title='bbox 1968 1060 2072 1114; x_wconf 86' lang='lat' dir='ltr'><strong>hoc</strong></span> <span class='ocrx_word' id='word_1_174' title='bbox 2122 1063 2283 1116; x_wconf 92' lang='lat' dir='ltr'><strong>modo</strong></span> <span class='ocrx_word' id='word_1_175' title='bbox 2312 1061 2458 1117; x_wconf 78' lang='lat' dir='ltr'><strong>ferro</strong></span> <span class='ocrx_word' id='word_1_176' title='bbox 2501 1071 2764 1118; x_wconf 88' lang='lat' dir='ltr'><strong>uteretur.</strong></span> <span class='ocrx_word' id='word_1_177' title='bbox 2823 1063 2881 1118; x_wconf 87' lang='lat' dir='ltr'><strong>Si</strong></span> <span class='ocrx_word' id='word_1_178' title='bbox 2923 1065 3066 1120; x_wconf 88' lang='lat' dir='ltr'><strong>enim</strong></span> <span class='ocrx_word' id='word_1_179' title='bbox 3109 1068 3267 1122; x_wconf 79' lang='lat' dir='ltr'><strong>vellet</strong></span> <span class='ocrx_word' id='word_1_180' title='bbox 3305 1069 3540 1126; x_wconf 84' lang='lat' dir='ltr'><strong>sicarius</strong></span> 
     </span>
    </p>
   </div>
   <div class='ocr_carea' id='block_1_26' title="bbox 1967 1153 3540 1229">
    <p class='ocr_par' dir='ltr' id='par_1_26' title="bbox 1967 1153 3540 1229">
     <span class='ocr_line' id='line_1_26' title="bbox 1967 1153 3540 1229; baseline 0.006 -23"><span class='ocrx_word' id='word_1_181' title='bbox 1967 1153 2234 1220; x_wconf 86' lang='lat' dir='ltr'><strong>occidere,</strong></span> <span class='ocrx_word' id='word_1_182' title='bbox 2283 1162 2336 1208; x_wconf 92' lang='lat' dir='ltr'><strong>et</strong></span> <span class='ocrx_word' id='word_1_183' title='bbox 2361 1155 2429 1208; x_wconf 88' lang='lat' dir='ltr'><strong>ab</strong></span> <span class='ocrx_word' id='word_1_184' title='bbox 2471 1155 2581 1208; x_wconf 90' lang='lat' dir='ltr'><strong>ictu</strong></span> <span class='ocrx_word' id='word_1_185' title='bbox 2614 1157 2924 1224; x_wconf 88' lang='lat' dir='ltr'><strong>aberraret;</strong></span> <span class='ocrx_word' id='word_1_186' title='bbox 2956 1172 3023 1212; x_wconf 91' lang='lat' dir='ltr'><strong>an</strong></span> <span class='ocrx_word' id='word_1_187' title='bbox 3057 1174 3167 1212; x_wconf 88' lang='lat' dir='ltr'><strong>non</strong></span> <span class='ocrx_word' id='word_1_188' title='bbox 3202 1159 3388 1229; x_wconf 83' lang='lat' dir='ltr'><strong>liquet,</strong></span> <span class='ocrx_word' id='word_1_189' title='bbox 3417 1160 3540 1216; x_wconf 90' lang='lat' dir='ltr'><strong>ani-</strong></span> 
     </span>
    </p>
   </div>
   <div class='ocr_carea' id='block_1_27' title="bbox 1967 1243 3538 1318">
    <p class='ocr_par' dir='ltr' id='par_1_27' title="bbox 1967 1243 3538 1318">
     <span class='ocr_line' id='line_1_27' title="bbox 1967 1243 3538 1318; baseline 0.007 -22"><span class='ocrx_word' id='word_1_190' title='bbox 1967 1258 2057 1297; x_wconf 88' lang='lat' dir='ltr'><strong>mo</strong></span> <span class='ocrx_word' id='word_1_191' title='bbox 2094 1243 2311 1313; x_wconf 86' lang='lat' dir='ltr'><strong>quidem</strong></span> <span class='ocrx_word' id='word_1_192' title='bbox 2369 1261 2478 1300; x_wconf 92' lang='lat' dir='ltr'><strong>non</strong></span> <span class='ocrx_word' id='word_1_193' title='bbox 2530 1255 2896 1318; x_wconf 83' lang='lat' dir='ltr'><strong>perpetrasse,</strong></span> <span class='ocrx_word' id='word_1_194' title='bbox 2951 1248 3152 1304; x_wconf 79' lang='lat' dir='ltr'><strong>ferrum</strong></span> <span class='ocrx_word' id='word_1_195' title='bbox 3208 1267 3336 1304; x_wconf 84' lang='lat' dir='ltr'><strong>vero</strong></span> <span class='ocrx_word' id='word_1_196' title='bbox 3379 1260 3538 1307; x_wconf 81' lang='lat' dir='ltr'><strong>extra</strong></span> 
     </span>
    </p>
   </div>
   <div class='ocr_carea' id='block_1_28' title="bbox 1967 1335 3530 1408">
    <p class='ocr_par' dir='ltr' id='par_1_28' title="bbox 1967 1335 3530 1408">
     <span class='ocr_line' id='line_1_28' title="bbox 1967 1335 3530 1408; baseline 0.006 -19"><span class='ocrx_word' id='word_1_197' title='bbox 1967 1336 2179 1405; x_wconf 88' lang='lat' dir='ltr'><strong>culpam</strong></span> <span class='ocrx_word' id='word_1_198' title='bbox 2214 1336 2373 1391; x_wconf 87' lang='lat' dir='ltr'><strong>esse?</strong></span> <span class='ocrx_word' id='word_1_199' title='bbox 2418 1335 2510 1391; x_wconf 90' lang='lat' dir='ltr'><strong>Sic</strong></span> <span class='ocrx_word' id='word_1_200' title='bbox 2541 1339 2793 1408; x_wconf 83' lang='lat' dir='ltr'><strong>quamvis</strong></span> <span class='ocrx_word' id='word_1_201' title='bbox 2826 1338 2972 1395; x_wconf 81' lang='lat' dir='ltr'><strong>ferro</strong></span> <span class='ocrx_word' id='word_1_202' title='bbox 3019 1341 3373 1398; x_wconf 89' lang='lat' dir='ltr'><strong>homicidium</strong></span> <span class='ocrx_word' id='word_1_203' title='bbox 3415 1346 3530 1408; x_wconf 86' lang='lat' dir='ltr'><strong>liat,</strong></span> 
     </span>
    </p>
   </div>
   <div class='ocr_carea' id='block_1_29' title="bbox 1966 1429 3532 1507">
    <p class='ocr_par' dir='ltr' id='par_1_29' title="bbox 1966 1429 3532 1507">
     <span class='ocr_line' id='line_1_29' title="bbox 1966 1429 3532 1507; baseline 0.01 -26"><span class='ocrx_word' id='word_1_204' title='bbox 1966 1443 2075 1482; x_wconf 91' lang='lat' dir='ltr'><strong>non</strong></span> <span class='ocrx_word' id='word_1_205' title='bbox 2121 1437 2206 1482; x_wconf 91' lang='lat' dir='ltr'><strong>est</strong></span> <span class='ocrx_word' id='word_1_206' title='bbox 2260 1429 2313 1482; x_wconf 94' lang='lat' dir='ltr'><strong>in</strong></span> <span class='ocrx_word' id='word_1_207' title='bbox 2350 1432 2579 1485; x_wconf 87' lang='lat' dir='ltr'><strong>crimine</strong></span> <span class='ocrx_word' id='word_1_208' title='bbox 2619 1440 2673 1487; x_wconf 88' lang='lat' dir='ltr'><strong>et</strong></span> <span class='ocrx_word' id='word_1_209' title='bbox 2703 1435 2863 1504; x_wconf 91' lang='lat' dir='ltr'><strong>culpa</strong></span> <span class='ocrx_word' id='word_1_210' title='bbox 2906 1435 3132 1500; x_wconf 78' lang='lat' dir='ltr'><strong>ferrum,</strong></span> <span class='ocrx_word' id='word_1_211' title='bbox 3177 1439 3270 1492; x_wconf 84' lang='lat' dir='ltr'><strong>sed</strong></span> <span class='ocrx_word' id='word_1_212' title='bbox 3301 1441 3391 1507; x_wconf 87' lang='lat' dir='ltr'><strong>qui</strong></span> <span class='ocrx_word' id='word_1_213' title='bbox 3424 1454 3532 1496; x_wconf 91' lang='lat' dir='ltr'><strong>non</strong></span> 
     </span>
    </p>
   </div>
   <div class='ocr_carea' id='block_1_30' title="bbox 1965 1520 3530 1585">
    <p class='ocr_par' dir='ltr' id='par_1_30' title="bbox 1965 1520 3530 1585">
     <span class='ocr_line' id='line_1_30' title="bbox 1965 1520 3530 1585; baseline 0.008 -12"><span class='ocrx_word' id='word_1_214' title='bbox 1965 1520 2266 1573; x_wconf 88' lang='lat' dir='ltr'><strong>secundum</strong></span> <span class='ocrx_word' id='word_1_215' title='bbox 2328 1522 2592 1577; x_wconf 89' lang='lat' dir='ltr'><strong>rationem</strong></span> <span class='ocrx_word' id='word_1_216' title='bbox 2641 1539 2774 1579; x_wconf 92' lang='lat' dir='ltr'><strong>usus</strong></span> <span class='ocrx_word' id='word_1_217' title='bbox 2814 1533 2899 1580; x_wconf 91' lang='lat' dir='ltr'><strong>est</strong></span> <span class='ocrx_word' id='word_1_218' title='bbox 2943 1527 3086 1582; x_wconf 80' lang='lat' dir='ltr'><strong>ferro</strong></span> <span class='ocrx_word' id='word_1_219' title='bbox 3115 1529 3181 1582; x_wconf 91' lang='lat' dir='ltr'><strong>ad</strong></span> <span class='ocrx_word' id='word_1_220' title='bbox 3211 1529 3530 1585; x_wconf 89' lang='lat' dir='ltr'><strong>secandum.</strong></span> 
     </span>
    </p>
   </div>
   <div class='ocr_carea' id='block_1_31' title="bbox 1967 1608 3531 1687">
    <p class='ocr_par' dir='ltr' id='par_1_31' title="bbox 1967 1608 3531 1687">
     <span class='ocr_line' id='line_1_31' title="bbox 1967 1608 3531 1687; baseline 0.01 -26"><span class='ocrx_word' id='word_1_221' title='bbox 1967 1608 2022 1662; x_wconf 91' lang='lat' dir='ltr'><strong>Si</strong></span> <span class='ocrx_word' id='word_1_222' title='bbox 2068 1617 2247 1664; x_wconf 91' lang='lat' dir='ltr'><strong>autem</strong></span> <span class='ocrx_word' id='word_1_223' title='bbox 2292 1611 2438 1681; x_wconf 83' lang='lat' dir='ltr'><strong>ligno</strong></span> <span class='ocrx_word' id='word_1_224' title='bbox 2488 1616 2778 1682; x_wconf 89' lang='lat' dir='ltr'><strong>percutiat,</strong></span> <span class='ocrx_word' id='word_1_225' title='bbox 2819 1627 2911 1670; x_wconf 87' lang='lat' dir='ltr'><strong>aut</strong></span> <span class='ocrx_word' id='word_1_226' title='bbox 2941 1618 3168 1687; x_wconf 89' lang='lat' dir='ltr'><strong>cuspide</strong></span> <span class='ocrx_word' id='word_1_227' title='bbox 3209 1609 3388 1683; x_wconf 79' lang='lat' dir='ltr'><strong>feriat,</strong></span> <span class='ocrx_word' id='word_1_228' title='bbox 3435 1630 3531 1677; x_wconf 89' lang='lat' dir='ltr'><strong>aut</strong></span> 
     </span>
    </p>
   </div>
   <div class='ocr_carea' id='block_1_32' title="bbox 1964 1701 3528 1776">
    <p class='ocr_par' dir='ltr' id='par_1_32' title="bbox 1964 1701 3528 1776">
     <span class='ocr_line' id='line_1_32' title="bbox 1964 1701 3528 1776; baseline 0.01 -25"><span class='ocrx_word' id='word_1_229' title='bbox 1964 1701 2199 1769; x_wconf 82' lang='lat' dir='ltr'><strong>propriis</strong></span> <span class='ocrx_word' id='word_1_230' title='bbox 2253 1703 2504 1758; x_wconf 87' lang='lat' dir='ltr'><strong>manibus</strong></span> <span class='ocrx_word' id='word_1_231' title='bbox 2554 1707 2896 1776; x_wconf 81' lang='lat' dir='ltr'><strong>strangulet;</strong></span> <span class='ocrx_word' id='word_1_232' title='bbox 2949 1723 3141 1764; x_wconf 88' lang='lat' dir='ltr'><strong>rursus</strong></span> <span class='ocrx_word' id='word_1_233' title='bbox 3189 1710 3303 1764; x_wconf 76' lang='lat' dir='ltr'><strong>haec</strong></span> <span class='ocrx_word' id='word_1_234' title='bbox 3355 1711 3528 1766; x_wconf 82' lang='lat' dir='ltr'><strong>Mani-</strong></span> 
     </span>
    </p>
   </div>
   <div class='ocr_carea' id='block_1_33' title="bbox 300 1785 1847 1871">
    <p class='ocr_par' dir='ltr' id='par_1_33' title="bbox 300 1785 1847 1858">
     <span class='ocr_line' id='line_1_33' title="bbox 300 1785 1847 1858; baseline 0.005 -21"><span class='ocrx_word' id='word_1_235' title='bbox 300 1786 447 1856; x_wconf 85' lang='grc' dir='ltr'><strong>παρά</strong></span> <span class='ocrx_word' id='word_1_236' title='bbox 481 1785 558 1857; x_wconf 84' lang='grc' dir='ltr'><strong>τῷ</strong></span> <span class='ocrx_word' id='word_1_237' title='bbox 590 1787 822 1840; x_wconf 81' lang='grc' dir='ltr'><strong>Μάνεντι</strong></span> <span class='ocrx_word' id='word_1_238' title='bbox 860 1787 892 1858; x_wconf 83' lang='grc' dir='ltr'><strong>ἣ</strong></span> <span class='ocrx_word' id='word_1_239' title='bbox 937 1788 996 1840; x_wconf 84' lang='grc' dir='ltr'><strong>τὸ</strong></span> <span class='ocrx_word' id='word_1_240' title='bbox 1033 1788 1200 1854; x_wconf 86' lang='grc' dir='ltr'><strong>ὅντως</strong></span> <span class='ocrx_word' id='word_1_241' title='bbox 1234 1788 1403 1842; x_wconf 80' lang='grc' dir='ltr'><strong>αἴτιον</strong></span> <span class='ocrx_word' id='word_1_242' title='bbox 1437 1792 1464 1842; x_wconf 90' lang='lat'><strong>6</strong></span> <span class='ocrx_word' id='word_1_243' title='bbox 1507 1790 1747 1855; x_wconf 78' lang='grc' dir='ltr'><strong>ἑκούσιος</strong></span> <span class='ocrx_word' id='word_1_244' title='bbox 1779 1791 1847 1844; x_wconf 80' lang='grc' dir='ltr'><strong>λο⁴</strong></span> 
     </span>
    </p>
   </div>
   <div class='ocr_carea' id='block_1_34' title="bbox 1951 1785 3530 1871">
    <p class='ocr_par' dir='ltr' id='par_1_34' title="bbox 1962 1789 3530 1871">
     <span class='ocr_line' id='line_1_34' title="bbox 1962 1789 3530 1871; baseline 0.01 -29"><span class='ocrx_word' id='word_1_245' title='bbox 1962 1789 2145 1844; x_wconf 74' lang='lat' dir='ltr'><strong>clueus</strong></span> <span class='ocrx_word' id='word_1_246' title='bbox 2189 1792 2481 1860; x_wconf 85' lang='lat' dir='ltr'><strong>appellabit</strong></span> <span class='ocrx_word' id='word_1_247' title='bbox 2513 1796 2675 1860; x_wconf 90' lang='lat' dir='ltr'><strong>mala,</strong></span> <span class='ocrx_word' id='word_1_248' title='bbox 2736 1805 2790 1851; x_wconf 89' lang='lat' dir='ltr'><strong>et</strong></span> <span class='ocrx_word' id='word_1_249' title='bbox 2822 1800 3003 1853; x_wconf 85' lang='lat' dir='ltr'><strong>omnia</strong></span> <span class='ocrx_word' id='word_1_250' title='bbox 3059 1802 3200 1871; x_wconf 92' lang='lat' dir='ltr'><strong>apud</strong></span> <span class='ocrx_word' id='word_1_251' title='bbox 3246 1817 3368 1857; x_wconf 91' lang='lat' dir='ltr'><strong>eum</strong></span> <span class='ocrx_word' id='word_1_252' title='bbox 3420 1803 3530 1858; x_wconf 89' lang='lat' dir='ltr'><strong>cri-</strong></span> 
     </span>
    </p>
   </div>
   <div class='ocr_carea' id='block_1_35' title="bbox 296 1879 510 1948">
    <p class='ocr_par' dir='ltr' id='par_1_35' title="bbox 296 1879 510 1948">
     <span class='ocr_line' id='line_1_35' title="bbox 296 1879 510 1948; baseline 0.009 -19"><span class='ocrx_word' id='word_1_253' title='bbox 296 1879 510 1948; x_wconf 80' lang='grc' dir='ltr'><strong>γισμός.</strong></span> 
     </span>
    </p>
   </div>
   <div class='ocr_carea' id='block_1_36' title="bbox 368 1968 1860 2046">
    <p class='ocr_par' dir='ltr' id='par_1_36' title="bbox 368 1968 1860 2046">
     <span class='ocr_line' id='line_1_36' title="bbox 368 1968 1860 2046; baseline 0.005 -22"><span class='ocrx_word' id='word_1_254' title='bbox 368 1968 450 2024; x_wconf 85' lang='grc' dir='ltr'><strong>Τὰ</strong></span> <span class='ocrx_word' id='word_1_255' title='bbox 495 1969 602 2042; x_wconf 85' lang='grc' dir='ltr'><strong>γὰρ</strong></span> <span class='ocrx_word' id='word_1_256' title='bbox 634 1970 864 2041; x_wconf 80' lang='grc' dir='ltr'><strong>ῥηθέντα</strong></span> <span class='ocrx_word' id='word_1_257' title='bbox 891 1971 1066 2026; x_wconf 86' lang='grc' dir='ltr'><strong>πάντα</strong></span> <span class='ocrx_word' id='word_1_258' title='bbox 1102 1972 1240 2037; x_wconf 86' lang='grc' dir='ltr'><strong>μετά</strong></span> <span class='ocrx_word' id='word_1_259' title='bbox 1281 1974 1498 2046; x_wconf 81' lang='grc' dir='ltr'><strong>σιδήρου</strong></span> <span class='ocrx_word' id='word_1_260' title='bbox 1539 1974 1652 2028; x_wconf 77' lang='grc' dir='ltr'><strong>οὔτ’</strong></span> <span class='ocrx_word' id='word_1_261' title='bbox 1681 1977 1860 2046; x_wconf 82' lang='grc' dir='ltr'><strong>ἀγαθά</strong></span> 
     </span>
    </p>
   </div>
   <div class='ocr_carea' id='block_1_37' title="bbox 293 2057 1859 2141">
    <p class='ocr_par' dir='ltr' id='par_1_37' title="bbox 293 2057 1859 2141">
     <span class='ocr_line' id='line_1_37' title="bbox 293 2057 1859 2141; baseline 0.007 -29"><span class='ocrx_word' id='word_1_262' title='bbox 293 2057 416 2113; x_wconf 73' lang='grc' dir='ltr'><strong>οὔτε</strong></span> <span class='ocrx_word' id='word_1_263' title='bbox 467 2060 611 2118; x_wconf 81' lang='grc' dir='ltr'><strong>κακά</strong></span> <span class='ocrx_word' id='word_1_264' title='bbox 654 2062 944 2133; x_wconf 81' lang='grc' dir='ltr'><strong>τυγχάνει’</strong></span> <span class='ocrx_word' id='word_1_265' title='bbox 979 2064 1194 2118; x_wconf 74' lang='grc' dir='ltr'><strong>ἕλκεται</strong></span> <span class='ocrx_word' id='word_1_266' title='bbox 1239 2066 1296 2118; x_wconf 87' lang='grc' dir='ltr'><strong>δὲ</strong></span> <span class='ocrx_word' id='word_1_267' title='bbox 1325 2067 1461 2137; x_wconf 86' lang='grc' dir='ltr'><strong>πρὸς</strong></span> <span class='ocrx_word' id='word_1_268' title='bbox 1505 2067 1533 2120; x_wconf 85' lang='lat'><strong>6</strong></span> <span class='ocrx_word' id='word_1_269' title='bbox 1563 2067 1629 2122; x_wconf 87' lang='grc' dir='ltr'><strong>ἂν</strong></span> <span class='ocrx_word' id='word_1_270' title='bbox 1665 2067 1859 2141; x_wconf 87' lang='grc' dir='ltr'><strong>βουλη-</strong></span> 
     </span>
    </p>
   </div>
   <div class='ocr_carea' id='block_1_38' title="bbox 295 2149 1857 2228">
    <p class='ocr_par' dir='ltr' id='par_1_38' title="bbox 295 2149 1857 2228">
     <span class='ocr_line' id='line_1_38' title="bbox 295 2149 1857 2228; baseline 0.006 -27"><span class='ocrx_word' id='word_1_271' title='bbox 295 2149 410 2220; x_wconf 88' lang='grc' dir='ltr'><strong>θείη</strong></span> <span class='ocrx_word' id='word_1_272' title='bbox 465 2151 493 2202; x_wconf 93' lang='lat'><strong>6</strong></span> <span class='ocrx_word' id='word_1_273' title='bbox 544 2149 856 2222; x_wconf 86' lang='grc' dir='ltr'><strong>χρώμενος,</strong></span> <span class='ocrx_word' id='word_1_274' title='bbox 903 2154 1198 2224; x_wconf 79' lang='grc' dir='ltr'><strong>ἐργαλείων</strong></span> <span class='ocrx_word' id='word_1_275' title='bbox 1247 2155 1402 2227; x_wconf 90' lang='grc' dir='ltr'><strong>δίκην</strong></span> <span class='ocrx_word' id='word_1_276' title='bbox 1460 2157 1857 2228; x_wconf 78' lang='grc' dir='ltr'><strong>παρακείμενα,</strong></span> 
     </span>
    </p>
   </div>
   <div class='ocr_carea' id='block_1_39' title="bbox 293 2240 1859 2322">
    <p class='ocr_par' dir='ltr' id='par_1_39' title="bbox 293 2240 1859 2322">
     <span class='ocr_line' id='line_1_39' title="bbox 293 2240 1859 2322; baseline 0.009 -31"><span class='ocrx_word' id='word_1_277' title='bbox 293 2240 386 2294; x_wconf 80' lang='grc' dir='ltr'><strong>καὶ</strong></span> <span class='ocrx_word' id='word_1_278' title='bbox 408 2240 484 2311; x_wconf 83' lang='grc' dir='ltr'><strong>τῷ</strong></span> <span class='ocrx_word' id='word_1_279' title='bbox 512 2242 776 2314; x_wconf 83' lang='grc' dir='ltr'><strong>χρωμένῳ</strong></span> <span class='ocrx_word' id='word_1_280' title='bbox 800 2244 1115 2299; x_wconf 88' lang='grc' dir='ltr'><strong>δουλεύοντα</strong></span> <span class='ocrx_word' id='word_1_281' title='bbox 1135 2263 1148 2276; x_wconf 90' lang='grc'><strong>·</strong></span> <span class='ocrx_word' id='word_1_282' title='bbox 1175 2248 1278 2300; x_wconf 79' lang='grc' dir='ltr'><strong>ἆπε</strong></span> <span class='ocrx_word' id='word_1_283' title='bbox 1288 2265 1318 2319; x_wconf 91' lang='grc' dir='ltr'><strong>ρ</strong></span> <span class='ocrx_word' id='word_1_284' title='bbox 1349 2250 1396 2302; x_wconf 88' lang='grc' dir='ltr'><strong>εί</strong></span> <span class='ocrx_word' id='word_1_285' title='bbox 1432 2248 1506 2319; x_wconf 80' lang='grc' dir='ltr'><strong>μὴ</strong></span> <span class='ocrx_word' id='word_1_286' title='bbox 1535 2251 1859 2322; x_wconf 89' lang='grc' dir='ltr'><strong>παραδέδοτο</strong></span> 
     </span>
    </p>
   </div>
   <div class='ocr_carea' id='block_1_40' title="bbox 291 2331 1856 2412">
    <p class='ocr_par' dir='ltr' id='par_1_40' title="bbox 291 2331 1856 2412">
     <span class='ocr_line' id='line_1_40' title="bbox 291 2331 1856 2412; baseline 0.009 -29"><span class='ocrx_word' id='word_1_287' title='bbox 291 2331 580 2404; x_wconf 78' lang='grc' dir='ltr'><strong>ἀνθρώπῳ,</strong></span> <span class='ocrx_word' id='word_1_288' title='bbox 629 2333 740 2386; x_wconf 76' lang='grc' dir='ltr'><strong>οὔτ’</strong></span> <span class='ocrx_word' id='word_1_289' title='bbox 771 2335 837 2390; x_wconf 84' lang='grc' dir='ltr'><strong>ἂν</strong></span> <span class='ocrx_word' id='word_1_290' title='bbox 868 2336 964 2400; x_wconf 84' lang='grc' dir='ltr'><strong>τὰς</strong></span> <span class='ocrx_word' id='word_1_291' title='bbox 1008 2339 1196 2407; x_wconf 82' lang='grc' dir='ltr'><strong>τέχνας</strong></span> <span class='ocrx_word' id='word_1_292' title='bbox 1247 2339 1390 2394; x_wconf 78' lang='grc' dir='ltr'><strong>οὕτω</strong></span> <span class='ocrx_word' id='word_1_293' title='bbox 1431 2341 1698 2412; x_wconf 82' lang='grc' dir='ltr'><strong>διήνυσεν,</strong></span> <span class='ocrx_word' id='word_1_294' title='bbox 1746 2343 1856 2397; x_wconf 80' lang='grc' dir='ltr'><strong>οὔτ’</strong></span> 
     </span>
    </p>
   </div>
   <div class='ocr_carea' id='block_1_41' title="bbox 293 2422 1856 2500">
    <p class='ocr_par' dir='ltr' id='par_1_41' title="bbox 293 2422 1856 2500">
     <span class='ocr_line' id='line_1_41' title="bbox 293 2422 1856 2500; baseline 0.008 -26"><span class='ocrx_word' id='word_1_295' title='bbox 293 2422 359 2475; x_wconf 82' lang='grc' dir='ltr'><strong>ἂν</strong></span> <span class='ocrx_word' id='word_1_296' title='bbox 391 2423 488 2487; x_wconf 85' lang='grc' dir='ltr'><strong>τὰς</strong></span> <span class='ocrx_word' id='word_1_297' title='bbox 527 2425 750 2495; x_wconf 86' lang='grc' dir='ltr'><strong>χρήσεις</strong></span> <span class='ocrx_word' id='word_1_298' title='bbox 782 2426 880 2490; x_wconf 86' lang='grc' dir='ltr'><strong>τὰς</strong></span> <span class='ocrx_word' id='word_1_299' title='bbox 913 2428 1007 2480; x_wconf 83' lang='grc' dir='ltr'><strong>ἀπ’</strong></span> <span class='ocrx_word' id='word_1_300' title='bbox 1037 2429 1214 2482; x_wconf 81' lang='grc' dir='ltr'><strong>αὐτῶν</strong></span> <span class='ocrx_word' id='word_1_301' title='bbox 1239 2429 1396 2500; x_wconf 86' lang='grc' dir='ltr'><strong>έσχεν</strong></span> <span class='ocrx_word' id='word_1_302' title='bbox 1421 2431 1681 2500; x_wconf 78' lang='grc' dir='ltr'><strong>ἀφθόνους</strong></span> <span class='ocrx_word' id='word_1_303' title='bbox 1699 2450 1714 2465; x_wconf 91' lang='grc'><strong>·</strong></span> <span class='ocrx_word' id='word_1_304' title='bbox 1744 2433 1773 2485; x_wconf 86' lang='lat'><strong>6</strong></span> <span class='ocrx_word' id='word_1_305' title='bbox 1799 2433 1856 2486; x_wconf 87' lang='grc' dir='ltr'><strong>δὲ</strong></span> 
     </span>
    </p>
   </div>
   <div class='ocr_carea' id='block_1_42' title="bbox 291 2516 1855 2596">
    <p class='ocr_par' dir='ltr' id='par_1_42' title="bbox 291 2516 1855 2596">
     <span class='ocr_line' id='line_1_42' title="bbox 291 2516 1855 2596; baseline 0.006 -27"><span class='ocrx_word' id='word_1_306' title='bbox 291 2516 352 2588; x_wconf 85' lang='grc' dir='ltr'><strong>δὴ</strong></span> <span class='ocrx_word' id='word_1_307' title='bbox 386 2518 588 2588; x_wconf 79' lang='grc' dir='ltr'><strong>μεῖξον,</strong></span> <span class='ocrx_word' id='word_1_308' title='bbox 620 2519 818 2588; x_wconf 75' lang='grc' dir='ltr'><strong>ἥκιστα</strong></span> <span class='ocrx_word' id='word_1_309' title='bbox 843 2519 909 2573; x_wconf 82' lang='grc' dir='ltr'><strong>ἂν</strong></span> <span class='ocrx_word' id='word_1_310' title='bbox 944 2520 1307 2593; x_wconf 88' lang='grc' dir='ltr'><strong>διεγυμνάσθη</strong></span> <span class='ocrx_word' id='word_1_311' title='bbox 1355 2523 1490 2594; x_wconf 85' lang='grc' dir='ltr'><strong>πρὸς</strong></span> <span class='ocrx_word' id='word_1_312' title='bbox 1516 2525 1716 2596; x_wconf 87' lang='grc' dir='ltr'><strong>ἀρετήν</strong></span> <span class='ocrx_word' id='word_1_313' title='bbox 1735 2541 1748 2555; x_wconf 90' lang='grc'><strong>·</strong></span> <span class='ocrx_word' id='word_1_314' title='bbox 1777 2524 1855 2596; x_wconf 82' lang='grc' dir='ltr'><strong>τῷ</strong></span> 
     </span>
    </p>
   </div>
   <div class='ocr_carea' id='block_1_43' title="bbox 290 2609 1852 2686">
    <p class='ocr_par' dir='ltr' id='par_1_43' title="bbox 290 2609 1852 2686">
     <span class='ocr_line' id='line_1_43' title="bbox 290 2609 1852 2686; baseline 0.005 -23"><span class='ocrx_word' id='word_1_315' title='bbox 290 2611 398 2682; x_wconf 74' lang='grc' dir='ltr'><strong>γὰρ</strong></span> <span class='ocrx_word' id='word_1_316' title='bbox 429 2609 502 2682; x_wconf 78' lang='grc' dir='ltr'><strong>μὴ</strong></span> <span class='ocrx_word' id='word_1_317' title='bbox 529 2610 670 2681; x_wconf 76' lang='grc' dir='ltr'><strong>ἔχειν</strong></span> <span class='ocrx_word' id='word_1_318' title='bbox 714 2611 1010 2684; x_wconf 79' lang='grc' dir='ltr'><strong>ἐργαλείων</strong></span> <span class='ocrx_word' id='word_1_319' title='bbox 1067 2615 1368 2686; x_wconf 76' lang='grc' dir='ltr'><strong>παράθεσιν</strong></span> <span class='ocrx_word' id='word_1_320' title='bbox 1393 2615 1647 2670; x_wconf 79' lang='grc' dir='ltr'><strong>ἕλκεσθαι</strong></span> <span class='ocrx_word' id='word_1_321' title='bbox 1691 2616 1852 2672; x_wconf 84' lang='grc' dir='ltr'><strong>δυνα-</strong></span> 
     </span>
    </p>
   </div>
   <div class='ocr_carea' id='block_1_44' title="bbox 294 2701 1853 2774">
    <p class='ocr_par' dir='ltr' id='par_1_44' title="bbox 294 2701 1853 2774">
     <span class='ocr_line' id='line_1_44' title="bbox 294 2701 1853 2774; baseline 0.004 -21"><span class='ocrx_word' id='word_1_322' title='bbox 294 2702 471 2770; x_wconf 83' lang='grc' dir='ltr'><strong>μένων</strong></span> <span class='ocrx_word' id='word_1_323' title='bbox 501 2701 634 2772; x_wconf 78' lang='grc' dir='ltr'><strong>πρὺς</strong></span> <span class='ocrx_word' id='word_1_324' title='bbox 671 2703 932 2772; x_wconf 84' lang='grc' dir='ltr'><strong>ἐργασίαν</strong></span> <span class='ocrx_word' id='word_1_325' title='bbox 953 2703 1152 2774; x_wconf 84' lang='grc' dir='ltr'><strong>ἀρετῆς</strong></span> <span class='ocrx_word' id='word_1_326' title='bbox 1181 2720 1239 2756; x_wconf 88' lang='grc' dir='ltr'><strong>τε</strong></span> <span class='ocrx_word' id='word_1_327' title='bbox 1269 2704 1364 2757; x_wconf 80' lang='grc' dir='ltr'><strong>καὶ</strong></span> <span class='ocrx_word' id='word_1_328' title='bbox 1391 2704 1606 2769; x_wconf 85' lang='grc' dir='ltr'><strong>κακίας,</strong></span> <span class='ocrx_word' id='word_1_329' title='bbox 1649 2707 1748 2760; x_wconf 84' lang='grc' dir='ltr'><strong>οὐκ</strong></span> <span class='ocrx_word' id='word_1_330' title='bbox 1787 2706 1853 2762; x_wconf 81' lang='grc' dir='ltr'><strong>ἄν</strong></span> 
     </span>
    </p>
   </div>
   <div class='ocr_carea' id='block_1_45' title="bbox 288 2789 1853 2866">
    <p class='ocr_par' dir='ltr' id='par_1_45' title="bbox 288 2789 1853 2866">
     <span class='ocr_line' id='line_1_45' title="bbox 288 2789 1853 2866; baseline 0.004 -25"><span class='ocrx_word' id='word_1_331' title='bbox 288 2806 353 2858; x_wconf 92' lang='grc' dir='ltr'><strong>γε</strong></span> <span class='ocrx_word' id='word_1_332' title='bbox 381 2789 538 2860; x_wconf 81' lang='grc' dir='ltr'><strong>έσχεν</strong></span> <span class='ocrx_word' id='word_1_333' title='bbox 570 2791 654 2860; x_wconf 85' lang='grc' dir='ltr'><strong>ἐφ’</strong></span> <span class='ocrx_word' id='word_1_334' title='bbox 685 2791 859 2862; x_wconf 85' lang='grc' dir='ltr'><strong>ἐαυτῷ</strong></span> <span class='ocrx_word' id='word_1_335' title='bbox 881 2792 980 2862; x_wconf 82' lang='grc' dir='ltr'><strong>τῆς</strong></span> <span class='ocrx_word' id='word_1_336' title='bbox 1013 2791 1215 2864; x_wconf 83' lang='grc' dir='ltr'><strong>ἀρετῆς</strong></span> <span class='ocrx_word' id='word_1_337' title='bbox 1245 2791 1343 2864; x_wconf 83' lang='grc' dir='ltr'><strong>τὴν</strong></span> <span class='ocrx_word' id='word_1_338' title='bbox 1380 2794 1706 2866; x_wconf 84' lang='grc' dir='ltr'><strong>προτίμησιν</strong></span> <span class='ocrx_word' id='word_1_339' title='bbox 1725 2812 1740 2827; x_wconf 79' lang='grc' dir='ltr'><strong>ο</strong></span> <span class='ocrx_word' id='word_1_340' title='bbox 1777 2795 1853 2861; x_wconf 85' lang='grc' dir='ltr'><strong>ὡς</strong></span> 
     </span>
    </p>
   </div>
   <div class='ocr_carea' id='block_1_46' title="bbox 289 2882 1853 2958">
    <p class='ocr_par' dir='ltr' id='par_1_46' title="bbox 289 2882 1853 2958">
     <span class='ocr_line' id='line_1_46' title="bbox 289 2882 1853 2958; baseline 0.004 -22"><span class='ocrx_word' id='word_1_341' title='bbox 289 2883 348 2945; x_wconf 76' lang='grc' dir='ltr'><strong>ἐς</strong></span> <span class='ocrx_word' id='word_1_342' title='bbox 375 2883 441 2935; x_wconf 79' lang='grc' dir='ltr'><strong>τά</strong></span> <span class='ocrx_word' id='word_1_343' title='bbox 471 2882 704 2952; x_wconf 80' lang='grc' dir='ltr'><strong>μάλιστα</strong></span> <span class='ocrx_word' id='word_1_344' title='bbox 735 2883 800 2937; x_wconf 84' lang='grc' dir='ltr'><strong>ἂν</strong></span> <span class='ocrx_word' id='word_1_345' title='bbox 833 2883 1188 2955; x_wconf 80' lang='grc' dir='ltr'><strong>ἐζημιῶσθαι,</strong></span> <span class='ocrx_word' id='word_1_346' title='bbox 1229 2886 1322 2940; x_wconf 78' lang='grc' dir='ltr'><strong>καὶ</strong></span> <span class='ocrx_word' id='word_1_347' title='bbox 1358 2886 1618 2958; x_wconf 81' lang='grc' dir='ltr'><strong>μεγίστης</strong></span> <span class='ocrx_word' id='word_1_348' title='bbox 1647 2889 1853 2943; x_wconf 85' lang='grc' dir='ltr'><strong>εὐδοκι-</strong></span> 
     </span>
    </p>
   </div>
   <div class='ocr_carea' id='block_1_47' title="bbox 290 2975 1848 3052">
    <p class='ocr_par' dir='ltr' id='par_1_47' title="bbox 290 2975 1848 3052">
     <span class='ocr_line' id='line_1_47' title="bbox 290 2975 1848 3052; baseline 0.006 -27"><span class='ocrx_word' id='word_1_349' title='bbox 290 2976 505 3045; x_wconf 82' lang='grc' dir='ltr'><strong>μήσεως</strong></span> <span class='ocrx_word' id='word_1_350' title='bbox 532 2975 942 3029; x_wconf 85' lang='grc' dir='ltr'><strong>ἐκπεπτωκέναι</strong></span> <span class='ocrx_word' id='word_1_351' title='bbox 969 2976 1166 3041; x_wconf 86' lang='grc' dir='ltr'><strong>δοκεῖν,</strong></span> <span class='ocrx_word' id='word_1_352' title='bbox 1190 2977 1347 3050; x_wconf 76' lang='grc' dir='ltr'><strong>εἰπερ</strong></span> <span class='ocrx_word' id='word_1_353' title='bbox 1378 2978 1466 3032; x_wconf 87' lang='grc' dir='ltr'><strong>διὰ</strong></span> <span class='ocrx_word' id='word_1_354' title='bbox 1493 2979 1648 3033; x_wconf 91' lang='grc' dir='ltr'><strong>τοῦτο</strong></span> <span class='ocrx_word' id='word_1_355' title='bbox 1667 2980 1848 3052; x_wconf 88' lang='grc' dir='ltr'><strong>δοκοίη</strong></span> 
     </span>
    </p>
   </div>
   <div class='ocr_carea' id='block_1_48' title="bbox 286 3066 1848 3145">
    <p class='ocr_par' dir='ltr' id='par_1_48' title="bbox 286 3066 1848 3145">
     <span class='ocr_line' id='line_1_48' title="bbox 286 3066 1848 3145; baseline 0.005 -25"><span class='ocrx_word' id='word_1_356' title='bbox 286 3068 618 3141; x_wconf 70' lang='grc' dir='ltr'><strong>κακουργίας</strong></span> <span class='ocrx_word' id='word_1_357' title='bbox 652 3069 724 3140; x_wconf 79' lang='grc' dir='ltr'><strong>μὴ</strong></span> <span class='ocrx_word' id='word_1_358' title='bbox 757 3068 1041 3134; x_wconf 77' lang='grc' dir='ltr'><strong>ἅπτεσθαι,</strong></span> <span class='ocrx_word' id='word_1_359' title='bbox 1071 3071 1153 3123; x_wconf 83' lang='grc' dir='ltr'><strong>ὅτι</strong></span> <span class='ocrx_word' id='word_1_360' title='bbox 1185 3071 1259 3142; x_wconf 77' lang='grc' dir='ltr'><strong>μὴ</strong></span> <span class='ocrx_word' id='word_1_361' title='bbox 1291 3071 1358 3124; x_wconf 87' lang='grc' dir='ltr'><strong>δι’</strong></span> <span class='ocrx_word' id='word_1_362' title='bbox 1394 3066 1470 3126; x_wconf 81' lang='grc' dir='ltr'><strong>ὧν</strong></span> <span class='ocrx_word' id='word_1_363' title='bbox 1509 3073 1576 3126; x_wconf 83' lang='grc' dir='ltr'><strong>ἂν</strong></span> <span class='ocrx_word' id='word_1_364' title='bbox 1601 3072 1848 3145; x_wconf 85' lang='grc' dir='ltr'><strong>δράσειεν</strong></span> 
     </span>
    </p>
   </div>
   <div class='ocr_carea' id='block_1_49' title="bbox 285 3161 1849 3236">
    <p class='ocr_par' dir='ltr' id='par_1_49' title="bbox 285 3161 1849 3236">
     <span class='ocr_line' id='line_1_49' title="bbox 285 3161 1849 3236; baseline 0.004 -23"><span class='ocrx_word' id='word_1_365' title='bbox 285 3161 586 3232; x_wconf 76' lang='grc' dir='ltr'><strong>εὐπόρησεν</strong></span> <span class='ocrx_word' id='word_1_366' title='bbox 603 3178 617 3192; x_wconf 86' lang='grc'>·</span> <span class='ocrx_word' id='word_1_367' title='bbox 647 3162 708 3215; x_wconf 85' lang='grc' dir='ltr'><strong>τὺ</strong></span> <span class='ocrx_word' id='word_1_368' title='bbox 736 3162 843 3234; x_wconf 87' lang='grc' dir='ltr'><strong>γὰρ</strong></span> <span class='ocrx_word' id='word_1_369' title='bbox 878 3163 1153 3228; x_wconf 85' lang='grc' dir='ltr'><strong>παντελῶς</strong></span> <span class='ocrx_word' id='word_1_370' title='bbox 1184 3165 1463 3236; x_wconf 74' lang='grc' dir='ltr'><strong>ἄπρακτον</strong></span> <span class='ocrx_word' id='word_1_371' title='bbox 1487 3165 1656 3236; x_wconf 87' lang='grc' dir='ltr'><strong>ἀργόν</strong></span> <span class='ocrx_word' id='word_1_372' title='bbox 1677 3183 1737 3220; x_wconf 90' lang='grc' dir='ltr'><strong>τε</strong></span> <span class='ocrx_word' id='word_1_373' title='bbox 1760 3166 1849 3221; x_wconf 78' lang='grc' dir='ltr'><strong>καὶ</strong></span> 
     </span>
    </p>
   </div>
   <div class='ocr_carea' id='block_1_50' title="bbox 284 3251 485 3316">
    <p class='ocr_par' dir='ltr' id='par_1_50' title="bbox 284 3251 485 3316">
     <span class='ocr_line' id='line_1_50' title="bbox 284 3251 485 3316; baseline -0.005 -9"><span class='ocrx_word' id='word_1_374' title='bbox 284 3251 485 3316; x_wconf 81' lang='grc' dir='ltr'><strong>ἄδοξον.</strong></span> 
     </span>
    </p>
   </div>
   <div class='ocr_carea' id='block_1_51' title="bbox 366 3346 1847 3420">
    <p class='ocr_par' dir='ltr' id='par_1_51' title="bbox 366 3346 1847 3420">
     <span class='ocr_line' id='line_1_51' title="bbox 366 3346 1847 3420; baseline 0.003 -23"><span class='ocrx_word' id='word_1_375' title='bbox 366 3346 502 3416; x_wconf 74' lang='grc' dir='ltr'><strong>Ἀλλ’</strong></span> <span class='ocrx_word' id='word_1_376' title='bbox 541 3347 660 3418; x_wconf 86' lang='grc' dir='ltr'><strong>ὅρα,</strong></span> <span class='ocrx_word' id='word_1_377' title='bbox 711 3348 929 3420; x_wconf 84' lang='grc' dir='ltr'><strong>φήσειεν</strong></span> <span class='ocrx_word' id='word_1_378' title='bbox 957 3348 1044 3414; x_wconf 85' lang='grc' dir='ltr'><strong>ἂν,</strong></span> <span class='ocrx_word' id='word_1_379' title='bbox 1090 3347 1150 3402; x_wconf 86' lang='lat'><strong>:6</strong></span> <span class='ocrx_word' id='word_1_380' title='bbox 1189 3347 1500 3414; x_wconf 83' lang='grc' dir='ltr'><strong>ἀποϐαῖνον,</strong></span> <span class='ocrx_word' id='word_1_381' title='bbox 1547 3365 1641 3404; x_wconf 82' lang='grc' dir='ltr'><strong>και</strong></span> <span class='ocrx_word' id='word_1_382' title='bbox 1685 3348 1847 3404; x_wconf 90' lang='grc' dir='ltr'><strong>πλέον</strong></span> 
     </span>
    </p>
   </div>
   <div class='ocr_carea' id='block_1_52' title="bbox 282 3438 1847 3514">
    <p class='ocr_par' dir='ltr' id='par_1_52' title="bbox 282 3438 1847 3514">
     <span class='ocr_line' id='line_1_52' title="bbox 282 3438 1847 3514; baseline 0.004 -24"><span class='ocrx_word' id='word_1_383' title='bbox 282 3438 432 3491; x_wconf 74' lang='grc' dir='ltr'><strong>οὐδὲν</strong></span> <span class='ocrx_word' id='word_1_384' title='bbox 459 3438 554 3493; x_wconf 90' lang='grc' dir='ltr'><strong>τοῦ</strong></span> <span class='ocrx_word' id='word_1_385' title='bbox 591 3439 891 3508; x_wconf 82' lang='grc' dir='ltr'><strong>ἀναγκαίου</strong></span> <span class='ocrx_word' id='word_1_386' title='bbox 939 3440 1254 3512; x_wconf 87' lang='grc' dir='ltr'><strong>συμϐαίνει·</strong></span> <span class='ocrx_word' id='word_1_387' title='bbox 1287 3442 1513 3505; x_wconf 88' lang='grc' dir='ltr'><strong>θάνατος</strong></span> <span class='ocrx_word' id='word_1_388' title='bbox 1535 3440 1642 3514; x_wconf 87' lang='grc' dir='ltr'><strong>γὰρ</strong></span> <span class='ocrx_word' id='word_1_389' title='bbox 1660 3441 1720 3495; x_wconf 79' lang='grc' dir='ltr'><strong>οὐ</strong></span> <span class='ocrx_word' id='word_1_390' title='bbox 1760 3441 1847 3496; x_wconf 87' lang='grc' dir='ltr'><strong>διὰ</strong></span> 
     </span>
    </p>
   </div>
   <div class='ocr_carea' id='block_1_53' title="bbox 283 3531 1845 3606">
    <p class='ocr_par' dir='ltr' id='par_1_53' title="bbox 283 3531 1845 3606">
     <span class='ocr_line' id='line_1_53' title="bbox 283 3531 1845 3606; baseline 0.001 -21"><span class='ocrx_word' id='word_1_391' title='bbox 283 3532 484 3600; x_wconf 88' lang='grc' dir='ltr'><strong>φονέως</strong></span> <span class='ocrx_word' id='word_1_392' title='bbox 516 3531 764 3604; x_wconf 76' lang='grc' dir='ltr'><strong>εὓρηται,</strong></span> <span class='ocrx_word' id='word_1_393' title='bbox 801 3533 934 3588; x_wconf 88' lang='grc' dir='ltr'><strong>ἀλλά</strong></span> <span class='ocrx_word' id='word_1_394' title='bbox 969 3535 1104 3606; x_wconf 84' lang='grc' dir='ltr'><strong>πρὸς</strong></span> <span class='ocrx_word' id='word_1_395' title='bbox 1134 3533 1227 3587; x_wconf 88' lang='grc' dir='ltr'><strong>τοῦ</strong></span> <span class='ocrx_word' id='word_1_396' title='bbox 1253 3533 1596 3606; x_wconf 87' lang='grc' dir='ltr'><strong>Δημιουργοῦ</strong></span> <span class='ocrx_word' id='word_1_397' title='bbox 1623 3550 1845 3604; x_wconf 88' lang='grc' dir='ltr'><strong>νενομο-</strong></span> 
     </span>
    </p>
   </div>
   <div class='ocr_carea' id='block_1_54' title="bbox 281 3621 1842 3698">
    <p class='ocr_par' dir='ltr' id='par_1_54' title="bbox 281 3621 1842 3698">
     <span class='ocr_line' id='line_1_54' title="bbox 281 3621 1842 3698; baseline 0.004 -25"><span class='ocrx_word' id='word_1_398' title='bbox 281 3621 498 3688; x_wconf 84' lang='grc' dir='ltr'><strong>θέτηται</strong></span> <span class='ocrx_word' id='word_1_399' title='bbox 519 3640 531 3653; x_wconf 90' lang='grc'><strong>·</strong></span> <span class='ocrx_word' id='word_1_400' title='bbox 563 3624 655 3675; x_wconf 85' lang='grc' dir='ltr'><strong>καὶ</strong></span> <span class='ocrx_word' id='word_1_401' title='bbox 687 3625 740 3676; x_wconf 83' lang='grc' dir='ltr'><strong>εῐ</strong></span> <span class='ocrx_word' id='word_1_402' title='bbox 768 3623 830 3692; x_wconf 89' lang='grc' dir='ltr'><strong>γέ</strong></span> <span class='ocrx_word' id='word_1_403' title='bbox 857 3642 939 3688; x_wconf 88' lang='grc' dir='ltr'><strong>τις</strong></span> <span class='ocrx_word' id='word_1_404' title='bbox 970 3625 1255 3690; x_wconf 78' lang='grc' dir='ltr'><strong>σπουδάζει</strong></span> <span class='ocrx_word' id='word_1_405' title='bbox 1287 3626 1520 3698; x_wconf 89' lang='grc' dir='ltr'><strong>σίδηρον,</strong></span> <span class='ocrx_word' id='word_1_406' title='bbox 1547 3627 1643 3680; x_wconf 80' lang='grc' dir='ltr'><strong>καὶ</strong></span> <span class='ocrx_word' id='word_1_407' title='bbox 1668 3625 1842 3693; x_wconf 81' lang='grc' dir='ltr'><strong>ξύλον,</strong></span> 
     </span>
    </p>
   </div>
   <div class='ocr_carea' id='block_1_55' title="bbox 279 3711 1844 3787">
    <p class='ocr_par' dir='ltr' id='par_1_55' title="bbox 279 3711 1844 3787">
     <span class='ocr_line' id='line_1_55' title="bbox 279 3711 1844 3787; baseline 0.004 -24"><span class='ocrx_word' id='word_1_408' title='bbox 279 3712 370 3764; x_wconf 75' lang='grc' dir='ltr'><strong>καὶ</strong></span> <span class='ocrx_word' id='word_1_409' title='bbox 399 3711 562 3775; x_wconf 87' lang='grc' dir='ltr'><strong>λίθον,</strong></span> <span class='ocrx_word' id='word_1_410' title='bbox 594 3712 704 3783; x_wconf 93' lang='grc' dir='ltr'><strong>πῦρ</strong></span> <span class='ocrx_word' id='word_1_411' title='bbox 731 3731 791 3765; x_wconf 89' lang='grc' dir='ltr'><strong>τε</strong></span> <span class='ocrx_word' id='word_1_412' title='bbox 819 3716 912 3768; x_wconf 73' lang='grc' dir='ltr'><strong>καὶ</strong></span> <span class='ocrx_word' id='word_1_413' title='bbox 941 3714 1083 3787; x_wconf 78' lang='grc' dir='ltr'><strong>ὕδωρ</strong></span> <span class='ocrx_word' id='word_1_414' title='bbox 1106 3717 1200 3770; x_wconf 64' lang='grc' dir='ltr'><strong>καλ⁸</strong></span> <span class='ocrx_word' id='word_1_415' title='bbox 1219 3715 1288 3770; x_wconf 80' lang='grc' dir='ltr'><strong>τά</strong></span> <span class='ocrx_word' id='word_1_416' title='bbox 1311 3716 1534 3771; x_wconf 87' lang='grc' dir='ltr'><strong>τοιαῦτα</strong></span> <span class='ocrx_word' id='word_1_417' title='bbox 1566 3716 1642 3780; x_wconf 86' lang='grc' dir='ltr'><strong>ὡς</strong></span> <span class='ocrx_word' id='word_1_418' title='bbox 1681 3733 1844 3771; x_wconf 86' lang='grc' dir='ltr'><strong>κακο-</strong></span> 
     </span>
    </p>
   </div>
   <div class='ocr_carea' id='block_1_56' title="bbox 278 3802 1842 3880">
    <p class='ocr_par' dir='ltr' id='par_1_56' title="bbox 278 3802 1842 3880">
     <span class='ocr_line' id='line_1_56' title="bbox 278 3802 1842 3880; baseline 0.005 -26"><span class='ocrx_word' id='word_1_419' title='bbox 278 3802 407 3855; x_wconf 89' lang='grc' dir='ltr'><strong>ποιά</strong></span> <span class='ocrx_word' id='word_1_420' title='bbox 437 3802 719 3872; x_wconf 84' lang='grc' dir='ltr'><strong>διελέγξαι,</strong></span> <span class='ocrx_word' id='word_1_421' title='bbox 753 3805 858 3858; x_wconf 88' lang='grc' dir='ltr'><strong>τῶν</strong></span> <span class='ocrx_word' id='word_1_422' title='bbox 889 3807 1184 3876; x_wconf 86' lang='grc' dir='ltr'><strong>ἐργαλείων</strong></span> <span class='ocrx_word' id='word_1_423' title='bbox 1212 3809 1310 3879; x_wconf 83' lang='grc' dir='ltr'><strong>τὴν</strong></span> <span class='ocrx_word' id='word_1_424' title='bbox 1345 3809 1520 3880; x_wconf 82' lang='grc' dir='ltr'><strong>ἀρχὴν</strong></span> <span class='ocrx_word' id='word_1_425' title='bbox 1552 3809 1842 3880; x_wconf 74' lang='grc' dir='ltr'><strong>ἀφέμενος⁹</strong></span> 
     </span>
    </p>
   </div>
   <div class='ocr_carea' id='block_1_57' title="bbox 282 3893 1841 3971">
    <p class='ocr_par' dir='ltr' id='par_1_57' title="bbox 282 3893 1841 3971">
     <span class='ocr_line' id='line_1_57' title="bbox 282 3893 1841 3971; baseline 0.006 -25"><span class='ocrx_word' id='word_1_426' title='bbox 282 3893 437 3962; x_wconf 83' lang='grc' dir='ltr'><strong>μόνον</strong></span> <span class='ocrx_word' id='word_1_427' title='bbox 471 3893 532 3946; x_wconf 84' lang='grc' dir='ltr'><strong>τὸ</strong></span> <span class='ocrx_word' id='word_1_428' title='bbox 575 3893 886 3959; x_wconf 89' lang='grc' dir='ltr'><strong>ἀποϐαῖνον,</strong></span> <span class='ocrx_word' id='word_1_429' title='bbox 919 3895 1063 3964; x_wconf 88' lang='grc' dir='ltr'><strong>λέγω</strong></span> <span class='ocrx_word' id='word_1_430' title='bbox 1107 3896 1171 3967; x_wconf 84' lang='grc' dir='ltr'><strong>δὴ</strong></span> <span class='ocrx_word' id='word_1_431' title='bbox 1204 3896 1295 3951; x_wconf 87' lang='grc' dir='ltr'><strong>τὸν</strong></span> <span class='ocrx_word' id='word_1_432' title='bbox 1340 3897 1586 3964; x_wconf 87' lang='grc' dir='ltr'><strong>θάνατον,</strong></span> <span class='ocrx_word' id='word_1_433' title='bbox 1634 3901 1841 3971; x_wconf 88' lang='grc' dir='ltr'><strong>διελεγ-</strong></span> 
     </span>
    </p>
   </div>
   <div class='ocr_carea' id='block_1_58' title="bbox 277 3984 1841 4062">
    <p class='ocr_par' dir='ltr' id='par_1_58' title="bbox 277 3984 1841 4062">
     <span class='ocr_line' id='line_1_58' title="bbox 277 3984 1841 4062; baseline 0.006 -26"><span class='ocrx_word' id='word_1_434' title='bbox 277 3984 436 4055; x_wconf 87' lang='grc' dir='ltr'><strong>χέτω,</strong></span> <span class='ocrx_word' id='word_1_435' title='bbox 468 3985 561 4038; x_wconf 76' lang='grc' dir='ltr'><strong>καὶ</strong></span> <span class='ocrx_word' id='word_1_436' title='bbox 595 3984 854 4040; x_wconf 89' lang='grc' dir='ltr'><strong>δεικνύτω</strong></span> <span class='ocrx_word' id='word_1_437' title='bbox 876 3985 1061 4041; x_wconf 89' lang='grc' dir='ltr'><strong>τοῦτον</strong></span> <span class='ocrx_word' id='word_1_438' title='bbox 1085 3989 1144 4041; x_wconf 84' lang='grc' dir='ltr'><strong>οὐ</strong></span> <span class='ocrx_word' id='word_1_439' title='bbox 1183 3989 1321 4043; x_wconf 85' lang='grc' dir='ltr'><strong>κατὰ</strong></span> <span class='ocrx_word' id='word_1_440' title='bbox 1346 3989 1500 4059; x_wconf 90' lang='grc' dir='ltr'><strong>λόγον</strong></span> <span class='ocrx_word' id='word_1_441' title='bbox 1540 3991 1841 4062; x_wconf 83' lang='grc' dir='ltr'><strong>ὡρισμένον</strong></span> 
     </span>
    </p>
   </div>
   <div class='ocr_carea' id='block_1_59' title="bbox 280 4077 1842 4156">
    <p class='ocr_par' dir='ltr' id='par_1_59' title="bbox 280 4077 1842 4156">
     <span class='ocr_line' id='line_1_59' title="bbox 280 4077 1842 4156; baseline 0.006 -28"><span class='ocrx_word' id='word_1_442' title='bbox 280 4077 414 4149; x_wconf 81' lang='grc' dir='ltr'><strong>πρὸς</strong></span> <span class='ocrx_word' id='word_1_443' title='bbox 441 4077 532 4130; x_wconf 87' lang='grc' dir='ltr'><strong>τοῦ</strong></span> <span class='ocrx_word' id='word_1_444' title='bbox 557 4079 630 4149; x_wconf 84' lang='grc' dir='ltr'><strong>Δη</strong></span> <span class='ocrx_word' id='word_1_445' title='bbox 641 4079 900 4150; x_wconf 88' lang='grc' dir='ltr'><strong>μιουργοῦ</strong></span> <span class='ocrx_word' id='word_1_446' title='bbox 922 4096 934 4108; x_wconf 74' lang='grc'><strong><em>⁸</em></strong></span> <span class='ocrx_word' id='word_1_447' title='bbox 954 4079 1234 4144; x_wconf 77' lang='grc' dir='ltr'><strong>καὶοῦτως</strong></span> <span class='ocrx_word' id='word_1_448' title='bbox 1265 4081 1490 4136; x_wconf 87' lang='grc' dir='ltr'><strong>ῦστατον</strong></span> <span class='ocrx_word' id='word_1_449' title='bbox 1506 4084 1650 4137; x_wconf 87' lang='grc' dir='ltr'><strong>κακὰ</strong></span> <span class='ocrx_word' id='word_1_450' title='bbox 1677 4101 1842 4156; x_wconf 92' lang='grc' dir='ltr'><strong>προσ-</strong></span> 
     </span>
    </p>
   </div>
   <div class='ocr_carea' id='block_1_60' title="bbox 273 4169 1839 4245">
    <p class='ocr_par' dir='ltr' id='par_1_60' title="bbox 273 4169 1839 4245">
     <span class='ocr_line' id='line_1_60' title="bbox 273 4169 1839 4245; baseline 0.008 -26"><span class='ocrx_word' id='word_1_451' title='bbox 273 4169 578 4239; x_wconf 83' lang='grc' dir='ltr'><strong>αγορευέτω</strong></span> <span class='ocrx_word' id='word_1_452' title='bbox 626 4169 686 4222; x_wconf 87' lang='grc' dir='ltr'><strong>τὸ</strong></span> <span class='ocrx_word' id='word_1_453' title='bbox 729 4169 913 4235; x_wconf 87' lang='grc' dir='ltr'><strong>κακῶς</strong></span> <span class='ocrx_word' id='word_1_454' title='bbox 956 4173 1373 4245; x_wconf 85' lang='grc' dir='ltr'><strong>συναιρούμενα.</strong></span> <span class='ocrx_word' id='word_1_455' title='bbox 1411 4175 1474 4228; x_wconf 89' lang='grc' dir='ltr'><strong>Εί</strong></span> <span class='ocrx_word' id='word_1_456' title='bbox 1517 4175 1573 4229; x_wconf 89' lang='grc' dir='ltr'><strong>δέ</strong></span> <span class='ocrx_word' id='word_1_457' title='bbox 1614 4176 1839 4241; x_wconf 89' lang='grc' dir='ltr'><strong>θάνατος</strong></span> 
     </span>
    </p>
   </div>
   <div class='ocr_carea' id='block_1_61' title="bbox 275 4259 1838 4338">
    <p class='ocr_par' dir='ltr' id='par_1_61' title="bbox 275 4259 1838 4338">
     <span class='ocr_line' id='line_1_61' title="bbox 275 4259 1838 4338; baseline 0.005 -28"><span class='ocrx_word' id='word_1_458' title='bbox 275 4259 364 4310; x_wconf 82' lang='grc' dir='ltr'><strong>ὑπ’</strong></span> <span class='ocrx_word' id='word_1_459' title='bbox 412 4260 620 4325; x_wconf 73' lang='grc' dir='ltr'><strong>οὐδενὸς</strong></span> <span class='ocrx_word' id='word_1_460' title='bbox 681 4261 1018 4332; x_wconf 88' lang='grc' dir='ltr'><strong>ἀναδειχθείη</strong></span> <span class='ocrx_word' id='word_1_461' title='bbox 1066 4263 1329 4336; x_wconf 83' lang='grc' dir='ltr'><strong>πονηρὸς,</strong></span> <span class='ocrx_word' id='word_1_462' title='bbox 1387 4265 1690 4319; x_wconf 78' lang='grc' dir='ltr'><strong>τούναντίον</strong></span> <span class='ocrx_word' id='word_1_463' title='bbox 1741 4266 1838 4338; x_wconf 88' lang='grc' dir='ltr'><strong>μὲν</strong></span> 
     </span>
    </p>
   </div>
   <div class='ocr_carea' id='block_1_62' title="bbox 271 4346 1836 4428">
    <p class='ocr_par' dir='ltr' id='par_1_62' title="bbox 271 4346 1836 4428">
     <span class='ocr_line' id='line_1_62' title="bbox 271 4346 1836 4428; baseline 0.003 -22"><span class='ocrx_word' id='word_1_464' title='bbox 271 4346 391 4416; x_wconf 85' lang='grc' dir='ltr'><strong>οὖν,</strong></span> <span class='ocrx_word' id='word_1_465' title='bbox 448 4352 522 4414; x_wconf 79' lang='grc' dir='ltr'><strong>ὡς</strong></span> <span class='ocrx_word' id='word_1_466' title='bbox 569 4353 658 4407; x_wconf 78' lang='grc' dir='ltr'><strong>διὰ</strong></span> <span class='ocrx_word' id='word_1_467' title='bbox 712 4353 920 4407; x_wconf 85' lang='grc' dir='ltr'><strong>πολλῶν</strong></span> <span class='ocrx_word' id='word_1_468' title='bbox 967 4355 1254 4419; x_wconf 87' lang='grc' dir='ltr'><strong>δέδεικται,</strong></span> <span class='ocrx_word' id='word_1_469' title='bbox 1309 4357 1405 4409; x_wconf 75' lang='grc' dir='ltr'><strong>καὶ</strong></span> <span class='ocrx_word' id='word_1_470' title='bbox 1454 4355 1725 4428; x_wconf 83' lang='grc' dir='ltr'><strong>ὠφέλιμός</strong></span> <span class='ocrx_word' id='word_1_471' title='bbox 1773 4375 1836 4426; x_wconf 89' lang='grc' dir='ltr'><strong>γε</strong></span> 
     </span>
    </p>
   </div>
   <div class='ocr_carea' id='block_1_63' title="bbox 1876 3121 1918 3176">
    <p class='ocr_par' dir='ltr' id='par_1_63' title="bbox 1876 3121 1918 3176">
     <span class='ocr_line' id='line_1_63' title="bbox 1876 3121 1918 3176; baseline 0 0"><span class='ocrx_word' id='word_1_472' title='bbox 1876 3121 1918 3176; x_wconf 89' lang='lat' dir='ltr'><strong>C</strong></span> 
     </span>
    </p>
   </div>
   <div class='ocr_carea' id='block_1_64' title="bbox 1964 1879 3487 1958">
    <p class='ocr_par' dir='ltr' id='par_1_64' title="bbox 1964 1879 3487 1958">
     <span class='ocr_line' id='line_1_64' title="bbox 1964 1879 3487 1958; baseline 0.009 -26"><span class='ocrx_word' id='word_1_473' title='bbox 1964 1879 2098 1933; x_wconf 87' lang='lat' dir='ltr'><strong>mini</strong></span> <span class='ocrx_word' id='word_1_474' title='bbox 2129 1883 2306 1949; x_wconf 88' lang='lat' dir='ltr'><strong>potius</strong></span> <span class='ocrx_word' id='word_1_475' title='bbox 2345 1882 2642 1949; x_wconf 90' lang='lat' dir='ltr'><strong>dabuntur,</strong></span> <span class='ocrx_word' id='word_1_476' title='bbox 2674 1902 2838 1955; x_wconf 89' lang='lat' dir='ltr'><strong>quam</strong></span> <span class='ocrx_word' id='word_1_477' title='bbox 2872 1889 3133 1958; x_wconf 77' lang='lat' dir='ltr'><strong>cogitatio</strong></span> <span class='ocrx_word' id='word_1_478' title='bbox 3162 1892 3487 1946; x_wconf 86' lang='lat' dir='ltr'><strong>voluntaria.</strong></span> 
     </span>
    </p>
   </div>
   <div class='ocr_carea' id='block_1_65' title="bbox 2032 1967 3527 2055">
    <p class='ocr_par' dir='ltr' id='par_1_65' title="bbox 2032 1967 3527 2055">
     <span class='ocr_line' id='line_1_65' title="bbox 2032 1967 3527 2055; baseline 0.013 -32"><span class='ocrx_word' id='word_1_479' title='bbox 2032 1967 2226 2025; x_wconf 89' lang='lat' dir='ltr'><strong>Omnia</strong></span> <span class='ocrx_word' id='word_1_480' title='bbox 2279 1974 2425 2027; x_wconf 89' lang='lat' dir='ltr'><strong>enim</strong></span> <span class='ocrx_word' id='word_1_481' title='bbox 2475 1991 2595 2044; x_wconf 70' lang='lat' dir='ltr'><strong>qua:</strong></span> <span class='ocrx_word' id='word_1_482' title='bbox 2633 1977 2780 2032; x_wconf 88' lang='lat' dir='ltr'><strong>dicta</strong></span> <span class='ocrx_word' id='word_1_483' title='bbox 2817 1987 2945 2033; x_wconf 88' lang='lat' dir='ltr'><strong>sunt</strong></span> <span class='ocrx_word' id='word_1_484' title='bbox 2986 1997 3108 2034; x_wconf 89' lang='lat' dir='ltr'><strong>cum</strong></span> <span class='ocrx_word' id='word_1_485' title='bbox 3144 1983 3312 2047; x_wconf 82' lang='lat' dir='ltr'><strong>ferro,</strong></span> <span class='ocrx_word' id='word_1_486' title='bbox 3351 2001 3527 2055; x_wconf 88' lang='lat' dir='ltr'><strong>neque</strong></span> 
     </span>
    </p>
   </div>
   <div class='ocr_carea' id='block_1_66' title="bbox 1960 2059 3524 2146">
    <p class='ocr_par' dir='ltr' id='par_1_66' title="bbox 1960 2059 3524 2146">
     <span class='ocr_line' id='line_1_66' title="bbox 1960 2059 3524 2146; baseline 0.012 -33"><span class='ocrx_word' id='word_1_487' title='bbox 1960 2059 2123 2124; x_wconf 86' lang='lat' dir='ltr'><strong>bona,</strong></span> <span class='ocrx_word' id='word_1_488' title='bbox 2177 2078 2352 2133; x_wconf 86' lang='lat' dir='ltr'><strong>neque</strong></span> <span class='ocrx_word' id='word_1_489' title='bbox 2395 2067 2535 2119; x_wconf 90' lang='lat' dir='ltr'><strong>mala</strong></span> <span class='ocrx_word' id='word_1_490' title='bbox 2577 2075 2738 2134; x_wconf 91' lang='lat' dir='ltr'><strong>sunt;</strong></span> <span class='ocrx_word' id='word_1_491' title='bbox 2776 2071 3068 2125; x_wconf 89' lang='lat' dir='ltr'><strong>trahuntur</strong></span> <span class='ocrx_word' id='word_1_492' title='bbox 3100 2074 3244 2127; x_wconf 89' lang='lat' dir='ltr'><strong>enim</strong></span> <span class='ocrx_word' id='word_1_493' title='bbox 3279 2091 3386 2143; x_wconf 82' lang='lat' dir='ltr'><strong>quo</strong></span> <span class='ocrx_word' id='word_1_494' title='bbox 3429 2077 3524 2146; x_wconf 86' lang='lat' dir='ltr'><strong>qui</strong></span> 
     </span>
    </p>
   </div>
   <div class='ocr_carea' id='block_1_67' title="bbox 1961 2151 3526 2232">
    <p class='ocr_par' dir='ltr' id='par_1_67' title="bbox 1961 2151 3526 2232">
     <span class='ocr_line' id='line_1_67' title="bbox 1961 2151 3526 2232; baseline 0.012 -30"><span class='ocrx_word' id='word_1_495' title='bbox 1961 2151 2132 2205; x_wconf 91' lang='lat' dir='ltr'><strong>utitur</strong></span> <span class='ocrx_word' id='word_1_496' title='bbox 2153 2153 2280 2206; x_wconf 88' lang='lat' dir='ltr'><strong>velit</strong></span> <span class='ocrx_word' id='word_1_497' title='bbox 2303 2171 2316 2220; x_wconf 97' lang='lat'><strong>;</strong></span> <span class='ocrx_word' id='word_1_498' title='bbox 2347 2170 2468 2225; x_wconf 65' lang='lat' dir='ltr'><strong>qua:</strong></span> <span class='ocrx_word' id='word_1_499' title='bbox 2490 2173 2618 2213; x_wconf 89' lang='lat' dir='ltr'><strong>vero</strong></span> <span class='ocrx_word' id='word_1_500' title='bbox 2649 2169 2774 2214; x_wconf 90' lang='lat' dir='ltr'><strong>sunt</strong></span> <span class='ocrx_word' id='word_1_501' title='bbox 2802 2162 2978 2232; x_wconf 89' lang='lat' dir='ltr'><strong>posita</strong></span> <span class='ocrx_word' id='word_1_502' title='bbox 3003 2163 3176 2220; x_wconf 87' lang='lat' dir='ltr'><strong>instar</strong></span> <span class='ocrx_word' id='word_1_503' title='bbox 3201 2165 3526 2222; x_wconf 86' lang='lat' dir='ltr'><strong>instrumen-</strong></span> 
     </span>
    </p>
   </div>
   <div class='ocr_carea' id='block_1_68' title="bbox 1959 2245 3522 2324">
    <p class='ocr_par' dir='ltr' id='par_1_68' title="bbox 1959 2245 3522 2324">
     <span class='ocr_line' id='line_1_68' title="bbox 1959 2245 3522 2324; baseline 0.012 -32"><span class='ocrx_word' id='word_1_504' title='bbox 1959 2245 2160 2307; x_wconf 91' lang='lat' dir='ltr'><strong>torum,</strong></span> <span class='ocrx_word' id='word_1_505' title='bbox 2216 2252 2269 2297; x_wconf 92' lang='lat' dir='ltr'><strong>et</strong></span> <span class='ocrx_word' id='word_1_506' title='bbox 2323 2245 2638 2304; x_wconf 91' lang='lat' dir='ltr'><strong>deserviunt</strong></span> <span class='ocrx_word' id='word_1_507' title='bbox 2693 2254 2868 2306; x_wconf 90' lang='lat' dir='ltr'><strong>utenti</strong></span> <span class='ocrx_word' id='word_1_508' title='bbox 2903 2271 2915 2307; x_wconf 91' lang='lat'><strong>:</strong></span> <span class='ocrx_word' id='word_1_509' title='bbox 2945 2270 3066 2324; x_wconf 66' lang='lat' dir='ltr'><strong>quae</strong></span> <span class='ocrx_word' id='word_1_510' title='bbox 3104 2257 3150 2310; x_wconf 93' lang='lat' dir='ltr'><strong>si</strong></span> <span class='ocrx_word' id='word_1_511' title='bbox 3181 2257 3383 2311; x_wconf 90' lang='lat' dir='ltr'><strong>homini</strong></span> <span class='ocrx_word' id='word_1_512' title='bbox 3412 2274 3522 2312; x_wconf 91' lang='lat' dir='ltr'><strong>non</strong></span> 
     </span>
    </p>
   </div>
   <div class='ocr_carea' id='block_1_69' title="bbox 1959 2336 3522 2419">
    <p class='ocr_par' dir='ltr' id='par_1_69' title="bbox 1959 2336 3522 2419">
     <span class='ocr_line' id='line_1_69' title="bbox 1959 2336 3522 2419; baseline 0.013 -32"><span class='ocrx_word' id='word_1_513' title='bbox 1959 2343 2144 2389; x_wconf 88' lang='lat' dir='ltr'><strong>essent</strong></span> <span class='ocrx_word' id='word_1_514' title='bbox 2177 2336 2400 2401; x_wconf 87' lang='lat' dir='ltr'><strong>tradita,</strong></span> <span class='ocrx_word' id='word_1_515' title='bbox 2426 2356 2527 2396; x_wconf 90' lang='lat' dir='ltr'><strong>nec</strong></span> <span class='ocrx_word' id='word_1_516' title='bbox 2553 2343 2782 2398; x_wconf 82' lang='lat' dir='ltr'><strong>artificia</strong></span> <span class='ocrx_word' id='word_1_517' title='bbox 2813 2347 2894 2401; x_wconf 93' lang='lat' dir='ltr'><strong>sic</strong></span> <span class='ocrx_word' id='word_1_518' title='bbox 2923 2363 3218 2419; x_wconf 83' lang='lat' dir='ltr'><strong>perageret,</strong></span> <span class='ocrx_word' id='word_1_519' title='bbox 3264 2368 3364 2407; x_wconf 91' lang='lat' dir='ltr'><strong>nec</strong></span> <span class='ocrx_word' id='word_1_520' title='bbox 3413 2355 3522 2408; x_wconf 84' lang='lat' dir='ltr'><strong>uti—</strong></span> 
     </span>
    </p>
   </div>
   <div class='ocr_carea' id='block_1_70' title="bbox 1956 2424 3521 2517">
    <p class='ocr_par' dir='ltr' id='par_1_70' title="bbox 1956 2424 3521 2517">
     <span class='ocr_line' id='line_1_70' title="bbox 1956 2424 3521 2517; baseline 0.018 -40"><span class='ocrx_word' id='word_1_521' title='bbox 1956 2424 2139 2482; x_wconf 86' lang='lat' dir='ltr'><strong>litates</strong></span> <span class='ocrx_word' id='word_1_522' title='bbox 2175 2444 2242 2483; x_wconf 82' lang='lat' dir='ltr'><strong>ex</strong></span> <span class='ocrx_word' id='word_1_523' title='bbox 2281 2432 2532 2486; x_wconf 82' lang='lat' dir='ltr'><strong>artiﬁciis</strong></span> <span class='ocrx_word' id='word_1_524' title='bbox 2571 2435 2823 2505; x_wconf 88' lang='lat' dir='ltr'><strong>c0piosas</strong></span> <span class='ocrx_word' id='word_1_525' title='bbox 2851 2438 3108 2508; x_wconf 88' lang='lat' dir='ltr'><strong>haberet;</strong></span> <span class='ocrx_word' id='word_1_526' title='bbox 3149 2447 3368 2514; x_wconf 89' lang='lat' dir='ltr'><strong>etquod</strong></span> <span class='ocrx_word' id='word_1_527' title='bbox 3399 2450 3521 2517; x_wconf 88' lang='lat' dir='ltr'><strong>plus</strong></span> 
     </span>
    </p>
   </div>
   <div class='ocr_carea' id='block_1_71' title="bbox 1955 2521 3516 2596">
    <p class='ocr_par' dir='ltr' id='par_1_71' title="bbox 1955 2521 3516 2596">
     <span class='ocr_line' id='line_1_71' title="bbox 1955 2521 3516 2596; baseline 0.016 -25"><span class='ocrx_word' id='word_1_528' title='bbox 1955 2525 2060 2582; x_wconf 87' lang='lat' dir='ltr'><strong>est,</strong></span> <span class='ocrx_word' id='word_1_529' title='bbox 2112 2521 2334 2578; x_wconf 89' lang='lat' dir='ltr'><strong>minime</strong></span> <span class='ocrx_word' id='word_1_530' title='bbox 2382 2525 2448 2578; x_wconf 89' lang='lat' dir='ltr'><strong>ad</strong></span> <span class='ocrx_word' id='word_1_531' title='bbox 2499 2525 2753 2582; x_wconf 86' lang='lat' dir='ltr'><strong>virtutem</strong></span> <span class='ocrx_word' id='word_1_532' title='bbox 2789 2533 3108 2588; x_wconf 78' lang='lat' dir='ltr'><strong>exercitatio</strong></span> <span class='ocrx_word' id='word_1_533' title='bbox 3149 2537 3516 2596; x_wconf 88' lang='lat' dir='ltr'><strong>adhiberetur.</strong></span> 
     </span>
    </p>
   </div>
   <div class='ocr_carea' id='block_1_72' title="bbox 1953 2605 3518 2698">
    <p class='ocr_par' dir='ltr' id='par_1_72' title="bbox 1953 2605 3518 2698">
     <span class='ocr_line' id='line_1_72' title="bbox 1953 2605 3518 2698; baseline 0.017 -39"><span class='ocrx_word' id='word_1_534' title='bbox 1953 2605 2073 2662; x_wconf 86' lang='lat' dir='ltr'><strong>Non</strong></span> <span class='ocrx_word' id='word_1_535' title='bbox 2125 2610 2372 2668; x_wconf 86' lang='lat' dir='ltr'><strong>habendo</strong></span> <span class='ocrx_word' id='word_1_536' title='bbox 2408 2615 2551 2669; x_wconf 92' lang='lat' dir='ltr'><strong>enim</strong></span> <span class='ocrx_word' id='word_1_537' title='bbox 2595 2617 2840 2688; x_wconf 89' lang='lat' dir='ltr'><strong>apposita</strong></span> <span class='ocrx_word' id='word_1_538' title='bbox 2875 2620 3258 2685; x_wconf 88' lang='lat' dir='ltr'><strong>instrumenta.</strong></span> <span class='ocrx_word' id='word_1_539' title='bbox 3301 2645 3422 2698; x_wconf 69' lang='lat' dir='ltr'><strong>quae</strong></span> <span class='ocrx_word' id='word_1_540' title='bbox 3452 2631 3518 2684; x_wconf 92' lang='lat' dir='ltr'><strong>ad</strong></span> 
     </span>
    </p>
   </div>
   <div class='ocr_carea' id='block_1_73' title="bbox 1954 2703 3514 2790">
    <p class='ocr_par' dir='ltr' id='par_1_73' title="bbox 1954 2703 3514 2790">
     <span class='ocr_line' id='line_1_73' title="bbox 1954 2703 3514 2790; baseline 0.015 -35"><span class='ocrx_word' id='word_1_541' title='bbox 1954 2703 2224 2758; x_wconf 86' lang='lat' dir='ltr'><strong>actionem</strong></span> <span class='ocrx_word' id='word_1_542' title='bbox 2272 2706 2494 2762; x_wconf 88' lang='lat' dir='ltr'><strong>virtutis</strong></span> <span class='ocrx_word' id='word_1_543' title='bbox 2541 2709 2622 2763; x_wconf 86' lang='lat' dir='ltr'><strong>vel</strong></span> <span class='ocrx_word' id='word_1_544' title='bbox 2671 2710 2783 2764; x_wconf 89' lang='lat' dir='ltr'><strong>vitii</strong></span> <span class='ocrx_word' id='word_1_545' title='bbox 2833 2718 3234 2771; x_wconf 90' lang='lat' dir='ltr'><strong>accommodari</strong></span> <span class='ocrx_word' id='word_1_546' title='bbox 3271 2735 3514 2790; x_wconf 86' lang='lat' dir='ltr'><strong>possent,</strong></span> 
     </span>
    </p>
   </div>
   <div class='ocr_carea' id='block_1_74' title="bbox 1955 2795 3512 2881">
    <p class='ocr_par' dir='ltr' id='par_1_74' title="bbox 1955 2795 3512 2881">
     <span class='ocr_line' id='line_1_74' title="bbox 1955 2795 3512 2881; baseline 0.016 -35"><span class='ocrx_word' id='word_1_547' title='bbox 1955 2806 2064 2848; x_wconf 86' lang='lat' dir='ltr'><strong>non</strong></span> <span class='ocrx_word' id='word_1_548' title='bbox 2095 2795 2320 2851; x_wconf 88' lang='lat' dir='ltr'><strong>haberet</strong></span> <span class='ocrx_word' id='word_1_549' title='bbox 2349 2808 2670 2868; x_wconf 87' lang='lat' dir='ltr'><strong>potestatem</strong></span> <span class='ocrx_word' id='word_1_550' title='bbox 2697 2805 2950 2860; x_wconf 84' lang='lat' dir='ltr'><strong>virtutem</strong></span> <span class='ocrx_word' id='word_1_551' title='bbox 2983 2808 3116 2861; x_wconf 90' lang='lat' dir='ltr'><strong>vitio</strong></span> <span class='ocrx_word' id='word_1_552' title='bbox 3142 2814 3512 2881; x_wconf 73' lang='lat' dir='ltr'><strong>praeponendi,</strong></span> 
     </span>
    </p>
   </div>
   <div class='ocr_carea' id='block_1_75' title="bbox 1953 2887 3518 2960">
    <p class='ocr_par' dir='ltr' id='par_1_75' title="bbox 1953 2887 3518 2960">
     <span class='ocr_line' id='line_1_75' title="bbox 1953 2887 3518 2960; baseline 0.015 -23"><span class='ocrx_word' id='word_1_553' title='bbox 1953 2893 2014 2938; x_wconf 93' lang='lat' dir='ltr'><strong>ut</strong></span> <span class='ocrx_word' id='word_1_554' title='bbox 2047 2887 2338 2942; x_wconf 83' lang='lat' dir='ltr'><strong>maximam</strong></span> <span class='ocrx_word' id='word_1_555' title='bbox 2373 2889 2642 2959; x_wconf 89' lang='lat' dir='ltr'><strong>jacturam</strong></span> <span class='ocrx_word' id='word_1_556' title='bbox 2675 2891 2870 2950; x_wconf 81' lang='lat' dir='ltr'><strong>fecisse</strong></span> <span class='ocrx_word' id='word_1_557' title='bbox 2896 2897 3172 2954; x_wconf 90' lang='lat' dir='ltr'><strong>videretur</strong></span> <span class='ocrx_word' id='word_1_558' title='bbox 3203 2911 3256 2956; x_wconf 92' lang='lat' dir='ltr'><strong>et</strong></span> <span class='ocrx_word' id='word_1_559' title='bbox 3281 2919 3312 2957; x_wconf 90' lang='lat' dir='ltr'><strong>a</strong></span> <span class='ocrx_word' id='word_1_560' title='bbox 3345 2908 3518 2960; x_wconf 81' lang='lat' dir='ltr'><strong>maxi-</strong></span> 
     </span>
    </p>
   </div>
   <div class='ocr_carea' id='block_1_76' title="bbox 1952 2975 3514 3056">
    <p class='ocr_par' dir='ltr' id='par_1_76' title="bbox 1952 2975 3514 3056">
     <span class='ocr_line' id='line_1_76' title="bbox 1952 2975 3514 3056; baseline 0.017 -29"><span class='ocrx_word' id='word_1_561' title='bbox 1952 2989 2039 3028; x_wconf 90' lang='lat' dir='ltr'><strong>ma</strong></span> <span class='ocrx_word' id='word_1_562' title='bbox 2083 2975 2243 3032; x_wconf 89' lang='lat' dir='ltr'><strong>laude</strong></span> <span class='ocrx_word' id='word_1_563' title='bbox 2285 2979 2586 3046; x_wconf 81' lang='lat' dir='ltr'><strong>excidisse;</strong></span> <span class='ocrx_word' id='word_1_564' title='bbox 2642 2985 2686 3039; x_wconf 90' lang='lat' dir='ltr'><strong>si</strong></span> <span class='ocrx_word' id='word_1_565' title='bbox 2742 2996 3026 3056; x_wconf 87' lang='lat' dir='ltr'><strong>propterea</strong></span> <span class='ocrx_word' id='word_1_566' title='bbox 3077 2992 3353 3049; x_wconf 85' lang='lat' dir='ltr'><strong>videretur</strong></span> <span class='ocrx_word' id='word_1_567' title='bbox 3405 3013 3514 3054; x_wconf 87' lang='lat' dir='ltr'><strong>non</strong></span> 
     </span>
    </p>
   </div>
   <div class='ocr_carea' id='block_1_77' title="bbox 1951 3066 3516 3159">
    <p class='ocr_par' dir='ltr' id='par_1_77' title="bbox 1951 3066 3516 3159">
     <span class='ocr_line' id='line_1_77' title="bbox 1951 3066 3516 3159; baseline 0.017 -42"><span class='ocrx_word' id='word_1_568' title='bbox 1951 3066 2237 3123; x_wconf 88' lang='lat' dir='ltr'><strong>admittere</strong></span> <span class='ocrx_word' id='word_1_569' title='bbox 2275 3077 2432 3142; x_wconf 90' lang='lat' dir='ltr'><strong>turpe</strong></span> <span class='ocrx_word' id='word_1_570' title='bbox 2472 3072 2698 3144; x_wconf 79' lang='lat' dir='ltr'><strong>factum,</strong></span> <span class='ocrx_word' id='word_1_571' title='bbox 2742 3079 2870 3148; x_wconf 90' lang='lat' dir='ltr'><strong>quia</strong></span> <span class='ocrx_word' id='word_1_572' title='bbox 2914 3096 3021 3136; x_wconf 92' lang='lat' dir='ltr'><strong>non</strong></span> <span class='ocrx_word' id='word_1_573' title='bbox 3062 3081 3253 3139; x_wconf 90' lang='lat' dir='ltr'><strong>habuit</strong></span> <span class='ocrx_word' id='word_1_574' title='bbox 3303 3091 3516 3159; x_wconf 89' lang='lat' dir='ltr'><strong>copiam</strong></span> 
     </span>
    </p>
   </div>
   <div class='ocr_carea' id='block_1_78' title="bbox 1952 3162 3514 3241">
    <p class='ocr_par' dir='ltr' id='par_1_78' title="bbox 1952 3162 3514 3241">
     <span class='ocr_line' id='line_1_78' title="bbox 1952 3162 3514 3241; baseline 0.018 -31"><span class='ocrx_word' id='word_1_575' title='bbox 1952 3170 2139 3212; x_wconf 91' lang='lat' dir='ltr'><strong>eorum</strong></span> <span class='ocrx_word' id='word_1_576' title='bbox 2167 3162 2366 3230; x_wconf 90' lang='lat' dir='ltr'><strong>quibus</strong></span> <span class='ocrx_word' id='word_1_577' title='bbox 2410 3167 2732 3234; x_wconf 83' lang='lat' dir='ltr'><strong>perliceret:</strong></span> <span class='ocrx_word' id='word_1_578' title='bbox 2763 3171 2909 3241; x_wconf 88' lang='lat' dir='ltr'><strong>quod</strong></span> <span class='ocrx_word' id='word_1_579' title='bbox 2953 3175 3096 3228; x_wconf 91' lang='lat' dir='ltr'><strong>enim</strong></span> <span class='ocrx_word' id='word_1_580' title='bbox 3129 3180 3354 3235; x_wconf 91' lang='lat' dir='ltr'><strong>omnino</strong></span> <span class='ocrx_word' id='word_1_581' title='bbox 3402 3199 3514 3238; x_wconf 86' lang='lat' dir='ltr'><strong>non</strong></span> 
     </span>
    </p>
   </div>
   <div class='ocr_carea' id='block_1_79' title="bbox 1950 3248 2879 3328">
    <p class='ocr_par' dir='ltr' id='par_1_79' title="bbox 1950 3248 2879 3328">
     <span class='ocr_line' id='line_1_79' title="bbox 1950 3248 2879 3328; baseline 0.017 -30"><span class='ocrx_word' id='word_1_582' title='bbox 1950 3248 2082 3316; x_wconf 78' lang='lat' dir='ltr'><strong>agit,</strong></span> <span class='ocrx_word' id='word_1_583' title='bbox 2123 3251 2356 3306; x_wconf 90' lang='lat' dir='ltr'><strong>otiosum</strong></span> <span class='ocrx_word' id='word_1_584' title='bbox 2379 3261 2464 3310; x_wconf 91' lang='lat' dir='ltr'><strong>est</strong></span> <span class='ocrx_word' id='word_1_585' title='bbox 2492 3265 2543 3309; x_wconf 92' lang='lat' dir='ltr'><strong>et</strong></span> <span class='ocrx_word' id='word_1_586' title='bbox 2572 3256 2879 3328; x_wconf 81' lang='lat' dir='ltr'><strong>inglorium.</strong></span> 
     </span>
    </p>
   </div>
   <div class='ocr_carea' id='block_1_80' title="bbox 2020 3338 3513 3432">
    <p class='ocr_par' dir='ltr' id='par_1_80' title="bbox 2020 3338 3513 3432">
     <span class='ocr_line' id='line_1_80' title="bbox 2020 3338 3513 3432; baseline 0.019 -39"><span class='ocrx_word' id='word_1_587' title='bbox 2020 3338 2127 3394; x_wconf 86' lang='lat' dir='ltr'><strong>Sed</strong></span> <span class='ocrx_word' id='word_1_588' title='bbox 2169 3342 2311 3409; x_wconf 89' lang='lat' dir='ltr'><strong>vide,</strong></span> <span class='ocrx_word' id='word_1_589' title='bbox 2351 3344 2578 3415; x_wconf 89' lang='lat' dir='ltr'><strong>inquiet,</strong></span> <span class='ocrx_word' id='word_1_590' title='bbox 2623 3350 2765 3419; x_wconf 89' lang='lat' dir='ltr'><strong>quod</strong></span> <span class='ocrx_word' id='word_1_591' title='bbox 2791 3367 2855 3406; x_wconf 82' lang='lat' dir='ltr'><strong>ex</strong></span> <span class='ocrx_word' id='word_1_592' title='bbox 2901 3353 3280 3414; x_wconf 88' lang='lat' dir='ltr'><strong>instrumentis</strong></span> <span class='ocrx_word' id='word_1_593' title='bbox 3319 3378 3513 3432; x_wconf 89' lang='lat' dir='ltr'><strong>prove-</strong></span> 
     </span>
    </p>
   </div>
   <div class='ocr_carea' id='block_1_81' title="bbox 1947 3428 3511 3512">
    <p class='ocr_par' dir='ltr' id='par_1_81' title="bbox 1947 3428 3511 3512">
     <span class='ocr_line' id='line_1_81' title="bbox 1947 3428 3511 3512; baseline 0.019 -30"><span class='ocrx_word' id='word_1_594' title='bbox 1947 3428 2049 3496; x_wconf 90' lang='lat' dir='ltr'><strong>nit,</strong></span> <span class='ocrx_word' id='word_1_595' title='bbox 2099 3433 2272 3502; x_wconf 78' lang='lat' dir='ltr'><strong>magis</strong></span> <span class='ocrx_word' id='word_1_596' title='bbox 2310 3438 2683 3492; x_wconf 87' lang='lat' dir='ltr'><strong>necessarium</strong></span> <span class='ocrx_word' id='word_1_597' title='bbox 2735 3443 2967 3510; x_wconf 85' lang='lat' dir='ltr'><strong>accidit;</strong></span> <span class='ocrx_word' id='word_1_598' title='bbox 3017 3461 3166 3503; x_wconf 88' lang='lat' dir='ltr'><strong>mors</strong></span> <span class='ocrx_word' id='word_1_599' title='bbox 3221 3428 3365 3506; x_wconf 81' lang='lat' dir='ltr'><strong>enim</strong></span> <span class='ocrx_word' id='word_1_600' title='bbox 3400 3472 3511 3512; x_wconf 87' lang='lat' dir='ltr'><strong>non</strong></span> 
     </span>
    </p>
   </div>
   <div class='ocr_carea' id='block_1_82' title="bbox 1945 3522 3509 3604">
    <p class='ocr_par' dir='ltr' id='par_1_82' title="bbox 1945 3522 3509 3604">
     <span class='ocr_line' id='line_1_82' title="bbox 1945 3522 3509 3604; baseline 0.019 -29"><span class='ocrx_word' id='word_1_601' title='bbox 1945 3529 2029 3576; x_wconf 90' lang='lat' dir='ltr'><strong>est</strong></span> <span class='ocrx_word' id='word_1_602' title='bbox 2060 3522 2279 3580; x_wconf 88' lang='lat' dir='ltr'><strong>iuventa</strong></span> <span class='ocrx_word' id='word_1_603' title='bbox 2309 3525 2379 3581; x_wconf 90' lang='lat' dir='ltr'><strong>ab</strong></span> <span class='ocrx_word' id='word_1_604' title='bbox 2415 3527 2785 3597; x_wconf 80' lang='lat' dir='ltr'><strong>interfectore,</strong></span> <span class='ocrx_word' id='word_1_605' title='bbox 2829 3535 2925 3589; x_wconf 91' lang='lat' dir='ltr'><strong>sed</strong></span> <span class='ocrx_word' id='word_1_606' title='bbox 2953 3553 2984 3591; x_wconf 92' lang='lat' dir='ltr'><strong>a</strong></span> <span class='ocrx_word' id='word_1_607' title='bbox 3005 3537 3266 3598; x_wconf 87' lang='lat' dir='ltr'><strong>Creatore</strong></span> <span class='ocrx_word' id='word_1_608' title='bbox 3296 3549 3509 3604; x_wconf 88' lang='lat' dir='ltr'><strong>sancita</strong></span> 
     </span>
    </p>
   </div>
   <div class='ocr_carea' id='block_1_83' title="bbox 1944 3619 3508 3709">
    <p class='ocr_par' dir='ltr' id='par_1_83' title="bbox 1944 3619 3508 3709">
     <span class='ocr_line' id='line_1_83' title="bbox 1944 3619 3508 3709; baseline 0.017 -42"><span class='ocrx_word' id='word_1_609' title='bbox 1944 3621 2028 3668; x_wconf 88' lang='lat' dir='ltr'><strong>est</strong></span> <span class='ocrx_word' id='word_1_610' title='bbox 2057 3633 2069 3669; x_wconf 93' lang='lat'><strong>:</strong></span> <span class='ocrx_word' id='word_1_611' title='bbox 2101 3623 2156 3670; x_wconf 91' lang='lat' dir='ltr'><strong>et</strong></span> <span class='ocrx_word' id='word_1_612' title='bbox 2201 3619 2248 3672; x_wconf 87' lang='lat' dir='ltr'><strong>si</strong></span> <span class='ocrx_word' id='word_1_613' title='bbox 2279 3619 2404 3689; x_wconf 91' lang='lat' dir='ltr'><strong>quis</strong></span> <span class='ocrx_word' id='word_1_614' title='bbox 2433 3621 2648 3678; x_wconf 89' lang='lat' dir='ltr'><strong>studeat</strong></span> <span class='ocrx_word' id='word_1_615' title='bbox 2692 3622 2899 3681; x_wconf 80' lang='lat' dir='ltr'><strong>ferrum</strong></span> <span class='ocrx_word' id='word_1_616' title='bbox 2933 3640 2988 3684; x_wconf 89' lang='lat' dir='ltr'><strong>et</strong></span> <span class='ocrx_word' id='word_1_617' title='bbox 3043 3632 3250 3704; x_wconf 83' lang='lat' dir='ltr'><strong>lignum</strong></span> <span class='ocrx_word' id='word_1_618' title='bbox 3288 3647 3342 3692; x_wconf 91' lang='lat' dir='ltr'><strong>et</strong></span> <span class='ocrx_word' id='word_1_619' title='bbox 3375 3640 3508 3709; x_wconf 83' lang='lat' dir='ltr'><strong>lapi-</strong></span> 
     </span>
    </p>
   </div>
   <div class='ocr_carea' id='block_1_84' title="bbox 1944 3705 3506 3801">
    <p class='ocr_par' dir='ltr' id='par_1_84' title="bbox 1944 3705 3506 3801">
     <span class='ocr_line' id='line_1_84' title="bbox 1944 3705 3506 3801; baseline 0.017 -41"><span class='ocrx_word' id='word_1_620' title='bbox 1944 3705 2088 3773; x_wconf 90' lang='lat' dir='ltr'><strong>dem,</strong></span> <span class='ocrx_word' id='word_1_621' title='bbox 2135 3710 2314 3781; x_wconf 77' lang='lat' dir='ltr'><strong>ignem</strong></span> <span class='ocrx_word' id='word_1_622' title='bbox 2365 3721 2420 3768; x_wconf 93' lang='lat' dir='ltr'><strong>et</strong></span> <span class='ocrx_word' id='word_1_623' title='bbox 2458 3729 2655 3785; x_wconf 90' lang='lat' dir='ltr'><strong>aquam</strong></span> <span class='ocrx_word' id='word_1_624' title='bbox 2690 3725 2745 3772; x_wconf 91' lang='lat' dir='ltr'><strong>et</strong></span> <span class='ocrx_word' id='word_1_625' title='bbox 2784 3720 2890 3774; x_wconf 89' lang='lat' dir='ltr'><strong>alia</strong></span> <span class='ocrx_word' id='word_1_626' title='bbox 2935 3722 3206 3792; x_wconf 85' lang='lat' dir='ltr'><strong>ejusmodi</strong></span> <span class='ocrx_word' id='word_1_627' title='bbox 3246 3705 3506 3801; x_wconf 79' lang='lat' dir='ltr'><strong>tanquam</strong></span> 
     </span>
    </p>
   </div>
   <div class='ocr_carea' id='block_1_85' title="bbox 1942 3799 3507 3885">
    <p class='ocr_par' dir='ltr' id='par_1_85' title="bbox 1942 3799 3507 3885">
     <span class='ocr_line' id='line_1_85' title="bbox 1942 3799 3507 3885; baseline 0.019 -35"><span class='ocrx_word' id='word_1_628' title='bbox 1942 3799 2186 3857; x_wconf 80' lang='lat' dir='ltr'><strong>malefica</strong></span> <span class='ocrx_word' id='word_1_629' title='bbox 2228 3816 2519 3870; x_wconf 86' lang='lat' dir='ltr'><strong>accusare,</strong></span> <span class='ocrx_word' id='word_1_630' title='bbox 2563 3807 2756 3864; x_wconf 90' lang='lat' dir='ltr'><strong>relicto</strong></span> <span class='ocrx_word' id='word_1_631' title='bbox 2803 3813 3070 3885; x_wconf 90' lang='lat' dir='ltr'><strong>principio</strong></span> <span class='ocrx_word' id='word_1_632' title='bbox 3116 3799 3507 3879; x_wconf 82' lang='lat' dir='ltr'><strong>instrumento-</strong></span> 
     </span>
    </p>
   </div>
   <div class='ocr_carea' id='block_1_86' title="bbox 1941 3892 3505 3976">
    <p class='ocr_par' dir='ltr' id='par_1_86' title="bbox 1941 3892 3505 3976">
     <span class='ocr_line' id='line_1_86' title="bbox 1941 3892 3505 3976; baseline 0.019 -35"><span class='ocrx_word' id='word_1_633' title='bbox 1941 3904 2098 3955; x_wconf 90' lang='lat' dir='ltr'><strong>rum;</strong></span> <span class='ocrx_word' id='word_1_634' title='bbox 2143 3892 2504 3961; x_wconf 85' lang='lat' dir='ltr'><strong>reprehendat</strong></span> <span class='ocrx_word' id='word_1_635' title='bbox 2547 3904 2602 3951; x_wconf 89' lang='lat' dir='ltr'><strong>et</strong></span> <span class='ocrx_word' id='word_1_636' title='bbox 2640 3910 2863 3957; x_wconf 89' lang='lat' dir='ltr'><strong>accuset</strong></span> <span class='ocrx_word' id='word_1_637' title='bbox 2907 3903 2961 3957; x_wconf 89' lang='lat' dir='ltr'><strong>id</strong></span> <span class='ocrx_word' id='word_1_638' title='bbox 3009 3907 3152 3976; x_wconf 91' lang='lat' dir='ltr'><strong>quod</strong></span> <span class='ocrx_word' id='word_1_639' title='bbox 3185 3925 3250 3963; x_wconf 82' lang='lat' dir='ltr'><strong>ex</strong></span> <span class='ocrx_word' id='word_1_640' title='bbox 3301 3913 3505 3970; x_wconf 86' lang='lat' dir='ltr'><strong>instru-</strong></span> 
     </span>
    </p>
   </div>
   <div class='ocr_carea' id='block_1_87' title="bbox 1941 3981 3504 4070">
    <p class='ocr_par' dir='ltr' id='par_1_87' title="bbox 1941 3981 3504 4070">
     <span class='ocr_line' id='line_1_87' title="bbox 1941 3981 3504 4070; baseline 0.02 -37"><span class='ocrx_word' id='word_1_641' title='bbox 1941 3981 2139 4037; x_wconf 88' lang='lat' dir='ltr'><strong>mentis</strong></span> <span class='ocrx_word' id='word_1_642' title='bbox 2171 3987 2442 4052; x_wconf 90' lang='lat' dir='ltr'><strong>provenit,</strong></span> <span class='ocrx_word' id='word_1_643' title='bbox 2475 4001 2702 4044; x_wconf 78' lang='lat' dir='ltr'><strong>mortem</strong></span> <span class='ocrx_word' id='word_1_644' title='bbox 2733 3992 2877 4058; x_wconf 90' lang='lat' dir='ltr'><strong>dico,</strong></span> <span class='ocrx_word' id='word_1_645' title='bbox 2909 3999 3207 4070; x_wconf 89' lang='lat' dir='ltr'><strong>probetque</strong></span> <span class='ocrx_word' id='word_1_646' title='bbox 3242 4019 3348 4058; x_wconf 90' lang='lat' dir='ltr'><strong>non</strong></span> <span class='ocrx_word' id='word_1_647' title='bbox 3383 4022 3504 4063; x_wconf 89' lang='lat' dir='ltr'><strong>esse</strong></span> 
     </span>
    </p>
   </div>
   <div class='ocr_carea' id='block_1_88' title="bbox 1940 4071 3500 4152">
    <p class='ocr_par' dir='ltr' id='par_1_88' title="bbox 1940 4071 3500 4152">
     <span class='ocr_line' id='line_1_88' title="bbox 1940 4071 3500 4152; baseline 0.018 -28"><span class='ocrx_word' id='word_1_648' title='bbox 1940 4071 2081 4127; x_wconf 89' lang='lat' dir='ltr'><strong>hanc</strong></span> <span class='ocrx_word' id='word_1_649' title='bbox 2128 4088 2158 4127; x_wconf 88' lang='lat' dir='ltr'><strong>a</strong></span> <span class='ocrx_word' id='word_1_650' title='bbox 2202 4074 2311 4130; x_wconf 90' lang='lat' dir='ltr'><strong>Deo</strong></span> <span class='ocrx_word' id='word_1_651' title='bbox 2361 4077 2635 4136; x_wconf 86' lang='lat' dir='ltr'><strong>decretam</strong></span> <span class='ocrx_word' id='word_1_652' title='bbox 2682 4091 2738 4137; x_wconf 91' lang='lat' dir='ltr'><strong>et</strong></span> <span class='ocrx_word' id='word_1_653' title='bbox 2793 4089 3146 4143; x_wconf 88' lang='lat' dir='ltr'><strong>constitutam</strong></span> <span class='ocrx_word' id='word_1_654' title='bbox 3200 4097 3500 4152; x_wconf 86' lang='lat' dir='ltr'><strong>secundum</strong></span> 
     </span>
    </p>
   </div>
   <div class='ocr_carea' id='block_1_89' title="bbox 1939 4163 3502 4259">
    <p class='ocr_par' dir='ltr' id='par_1_89' title="bbox 1939 4163 3502 4259">
     <span class='ocr_line' id='line_1_89' title="bbox 1939 4163 3502 4259; baseline 0.02 -45"><span class='ocrx_word' id='word_1_655' title='bbox 1939 4163 2206 4220; x_wconf 89' lang='lat' dir='ltr'><strong>rationem</strong></span> <span class='ocrx_word' id='word_1_656' title='bbox 2243 4181 2258 4218; x_wconf 89' lang='lat'>:</span> <span class='ocrx_word' id='word_1_657' title='bbox 2291 4178 2451 4239; x_wconf 90' lang='lat' dir='ltr'><strong>atque</strong></span> <span class='ocrx_word' id='word_1_658' title='bbox 2487 4171 2560 4226; x_wconf 88' lang='lat' dir='ltr'><strong>ita</strong></span> <span class='ocrx_word' id='word_1_659' title='bbox 2603 4183 2879 4244; x_wconf 89' lang='lat' dir='ltr'><strong>postremo</strong></span> <span class='ocrx_word' id='word_1_660' title='bbox 2923 4183 3158 4250; x_wconf 91' lang='lat' dir='ltr'><strong>appellet</strong></span> <span class='ocrx_word' id='word_1_661' title='bbox 3184 4186 3348 4250; x_wconf 82' lang='lat' dir='ltr'><strong>mala,</strong></span> <span class='ocrx_word' id='word_1_662' title='bbox 3381 4205 3502 4259; x_wconf 83' lang='lat' dir='ltr'><strong>quae</strong></span> 
     </span>
    </p>
   </div>
   <div class='ocr_carea' id='block_1_90' title="bbox 1938 4256 3501 4346">
    <p class='ocr_par' dir='ltr' id='par_1_90' title="bbox 1938 4256 3501 4346">
     <span class='ocr_line' id='line_1_90' title="bbox 1938 4256 3501 4346; baseline 0.019 -39"><span class='ocrx_word' id='word_1_663' title='bbox 1938 4256 2078 4310; x_wconf 90' lang='lat' dir='ltr'><strong>male</strong></span> <span class='ocrx_word' id='word_1_664' title='bbox 2100 4257 2358 4326; x_wconf 84' lang='lat' dir='ltr'><strong>adjuvant</strong></span> <span class='ocrx_word' id='word_1_665' title='bbox 2380 4271 2624 4320; x_wconf 91' lang='lat' dir='ltr'><strong>mortem.</strong></span> <span class='ocrx_word' id='word_1_666' title='bbox 2661 4264 2766 4322; x_wconf 90' lang='lat' dir='ltr'><strong>Sed</strong></span> <span class='ocrx_word' id='word_1_667' title='bbox 2798 4269 2844 4324; x_wconf 88' lang='lat' dir='ltr'><strong>si</strong></span> <span class='ocrx_word' id='word_1_668' title='bbox 2880 4286 3038 4326; x_wconf 90' lang='lat' dir='ltr'><strong>nemo</strong></span> <span class='ocrx_word' id='word_1_669' title='bbox 3069 4284 3245 4343; x_wconf 89' lang='lat' dir='ltr'><strong>potest</strong></span> <span class='ocrx_word' id='word_1_670' title='bbox 3267 4256 3501 4346; x_wconf 81' lang='lat' dir='ltr'><strong>probare</strong></span> 
     </span>
    </p>
   </div>
   <div class='ocr_carea' id='block_1_91' title="bbox 1937 4353 3500 4440">
    <p class='ocr_par' dir='ltr' id='par_1_91' title="bbox 1937 4353 3500 4440">
     <span class='ocr_line' id='line_1_91' title="bbox 1937 4353 3500 4440; baseline 0.02 -43"><span class='ocrx_word' id='word_1_671' title='bbox 1937 4355 2165 4402; x_wconf 92' lang='lat' dir='ltr'><strong>mortem</strong></span> <span class='ocrx_word' id='word_1_672' title='bbox 2199 4365 2321 4406; x_wconf 91' lang='lat' dir='ltr'><strong>csse</strong></span> <span class='ocrx_word' id='word_1_673' title='bbox 2347 4353 2564 4418; x_wconf 85' lang='lat' dir='ltr'><strong>malam,</strong></span> <span class='ocrx_word' id='word_1_674' title='bbox 2607 4358 2702 4414; x_wconf 92' lang='lat' dir='ltr'><strong>sed</strong></span> <span class='ocrx_word' id='word_1_675' title='bbox 2737 4371 2927 4415; x_wconf 91' lang='lat' dir='ltr'><strong>contra</strong></span> <span class='ocrx_word' id='word_1_676' title='bbox 2965 4366 3166 4432; x_wconf 90' lang='lat' dir='ltr'><strong>potius,</strong></span> <span class='ocrx_word' id='word_1_677' title='bbox 3196 4375 3255 4422; x_wconf 94' lang='lat' dir='ltr'><strong>ut</strong></span> <span class='ocrx_word' id='word_1_678' title='bbox 3278 4372 3500 4440; x_wconf 90' lang='lat' dir='ltr'><strong>copiose</strong></span> 
     </span>
    </p>
   </div>
   <div class='ocr_carea' id='block_1_92' title="bbox 268 4439 1847 4528">
    <p class='ocr_par' dir='ltr' id='par_1_92' title="bbox 268 4442 1834 4525">
     <span class='ocr_line' id='line_1_92' title="bbox 268 4442 1834 4525; baseline 0.006 -32"><span class='ocrx_word' id='word_1_679' title='bbox 268 4443 520 4513; x_wconf 84' lang='grc' dir='ltr'><strong>τυγχάνει</strong></span> <span class='ocrx_word' id='word_1_680' title='bbox 546 4463 559 4477; x_wconf 90' lang='grc'><strong>·</strong></span> <span class='ocrx_word' id='word_1_681' title='bbox 595 4443 712 4508; x_wconf 86' lang='grc' dir='ltr'><strong>πῶς</strong></span> <span class='ocrx_word' id='word_1_682' title='bbox 745 4446 806 4498; x_wconf 81' lang='grc' dir='ltr'><strong>ού</strong></span> <span class='ocrx_word' id='word_1_683' title='bbox 847 4446 1108 4518; x_wconf 86' lang='grc' dir='ltr'><strong>παρέλκει</strong></span> <span class='ocrx_word' id='word_1_684' title='bbox 1156 4447 1227 4502; x_wconf 85' lang='grc' dir='ltr'><strong>τὰ</strong></span> <span class='ocrx_word' id='word_1_685' title='bbox 1253 4448 1320 4502; x_wconf 83' lang='grc' dir='ltr'><strong>δι’</strong></span> <span class='ocrx_word' id='word_1_686' title='bbox 1347 4442 1421 4502; x_wconf 86' lang='grc' dir='ltr'><strong>ὧν</strong></span> <span class='ocrx_word' id='word_1_687' title='bbox 1463 4449 1528 4503; x_wconf 86' lang='grc' dir='ltr'><strong>ἂν</strong></span> <span class='ocrx_word' id='word_1_688' title='bbox 1564 4450 1834 4525; x_wconf 80' lang='grc' dir='ltr'><strong>συμϐαίνῃ</strong></span> 
     </span>
    </p>
   </div>
   <div class='ocr_carea' id='block_1_93' title="bbox 1951 4439 3497 4528">
    <p class='ocr_par' dir='ltr' id='par_1_93' title="bbox 1951 4439 3497 4528">
     <span class='ocr_line' id='line_1_93' title="bbox 1951 4439 3497 4528; baseline 0.018 -38"><span class='ocrx_word' id='word_1_689' title='bbox 1951 4439 2223 4508; x_wconf 77' lang='lat' dir='ltr'><strong>probatum</strong></span> <span class='ocrx_word' id='word_1_690' title='bbox 2248 4453 2350 4508; x_wconf 90' lang='lat' dir='ltr'><strong>est,</strong></span> <span class='ocrx_word' id='word_1_691' title='bbox 2371 4446 2557 4502; x_wconf 90' lang='lat' dir='ltr'><strong>utilem</strong></span> <span class='ocrx_word' id='word_1_692' title='bbox 2596 4464 2747 4518; x_wconf 87' lang='lat' dir='ltr'><strong>esse;</strong></span> <span class='ocrx_word' id='word_1_693' title='bbox 2778 4468 2848 4507; x_wconf 92' lang='lat' dir='ltr'><strong>an</strong></span> <span class='ocrx_word' id='word_1_694' title='bbox 2881 4469 2989 4510; x_wconf 92' lang='lat' dir='ltr'><strong>non</strong></span> <span class='ocrx_word' id='word_1_695' title='bbox 3032 4439 3497 4528; x_wconf 86' lang='lat' dir='ltr'><strong>supervacaneum</strong></span> 
     </span>
    </p>
   </div>
   <div class='ocr_carea' id='block_1_94' title="bbox 269 4534 1826 4613">
    <p class='ocr_par' dir='ltr' id='par_1_94' title="bbox 269 4534 1826 4613">
     <span class='ocr_line' id='line_1_94' title="bbox 269 4534 1826 4613; baseline 0.005 -26"><span class='ocrx_word' id='word_1_696' title='bbox 269 4534 529 4598; x_wconf 76' lang='grc' dir='ltr'><strong>θάνατος,</strong></span> <span class='ocrx_word' id='word_1_697' title='bbox 605 4536 807 4590; x_wconf 86' lang='grc' dir='ltr'><strong>τούτων</strong></span> <span class='ocrx_word' id='word_1_698' title='bbox 872 4539 947 4602; x_wconf 83' lang='grc' dir='ltr'><strong>ὡς</strong></span> <span class='ocrx_word' id='word_1_699' title='bbox 1015 4540 1198 4594; x_wconf 86' lang='grc' dir='ltr'><strong>κακῶν</strong></span> <span class='ocrx_word' id='word_1_700' title='bbox 1264 4541 1422 4610; x_wconf 77' lang='grc' dir='ltr'><strong>φύσει</strong></span> <span class='ocrx_word' id='word_1_701' title='bbox 1483 4545 1826 4613; x_wconf 87' lang='grc' dir='ltr'><strong>κατηγορεῖν,</strong></span> 
     </span>
    </p>
   </div>
   <div class='ocr_carea' id='block_1_95' title="bbox 266 4625 1830 4706">
    <p class='ocr_par' dir='ltr' id='par_1_95' title="bbox 266 4625 1830 4706">
     <span class='ocr_line' id='line_1_95' title="bbox 266 4625 1830 4706; baseline 0.006 -29"><span class='ocrx_word' id='word_1_702' title='bbox 266 4625 364 4677; x_wconf 84' lang='grc' dir='ltr'><strong>οὐκ</strong></span> <span class='ocrx_word' id='word_1_703' title='bbox 404 4626 620 4679; x_wconf 88' lang='grc' dir='ltr'><strong>εἰδότων</strong></span> <span class='ocrx_word' id='word_1_704' title='bbox 673 4627 770 4697; x_wconf 88' lang='grc' dir='ltr'><strong>μὲν</strong></span> <span class='ocrx_word' id='word_1_705' title='bbox 816 4627 899 4696; x_wconf 82' lang='grc' dir='ltr'><strong>ἐφ’</strong></span> <span class='ocrx_word' id='word_1_706' title='bbox 950 4629 978 4682; x_wconf 86' lang='grc' dir='ltr'><strong>ὃ</strong></span> <span class='ocrx_word' id='word_1_707' title='bbox 1033 4630 1314 4684; x_wconf 87' lang='grc' dir='ltr'><strong>σαλεύεται</strong></span> <span class='ocrx_word' id='word_1_708' title='bbox 1362 4632 1497 4703; x_wconf 81' lang='grc' dir='ltr'><strong>πρὸς</strong></span> <span class='ocrx_word' id='word_1_709' title='bbox 1553 4634 1759 4706; x_wconf 84' lang='grc' dir='ltr'><strong>ἐτέρου,</strong></span> <span class='ocrx_word' id='word_1_710' title='bbox 1785 4626 1830 4702; x_wconf 83' lang='grc' dir='ltr'>ᾧ</span> 
     </span>
    </p>
   </div>
   <div class='ocr_carea' id='block_1_96' title="bbox 267 4717 1828 4796">
    <p class='ocr_par' dir='ltr' id='par_1_96' title="bbox 267 4717 1828 4796">
     <span class='ocr_line' id='line_1_96' title="bbox 267 4717 1828 4796; baseline 0.007 -28"><span class='ocrx_word' id='word_1_711' title='bbox 267 4717 570 4789; x_wconf 85' lang='grc' dir='ltr'><strong>παρεδόθη,</strong></span> <span class='ocrx_word' id='word_1_712' title='bbox 618 4719 796 4792; x_wconf 86' lang='grc' dir='ltr'><strong>πάσης</strong></span> <span class='ocrx_word' id='word_1_713' title='bbox 857 4720 900 4772; x_wconf 80' lang='grc' dir='ltr'><strong>δ’</strong></span> <span class='ocrx_word' id='word_1_714' title='bbox 961 4722 1137 4786; x_wconf 80' lang='grc' dir='ltr'><strong>αἰτίας</strong></span> <span class='ocrx_word' id='word_1_715' title='bbox 1194 4724 1656 4796; x_wconf 87' lang='grc' dir='ltr'><strong>ἀπηλλαγμένων;</strong></span> <span class='ocrx_word' id='word_1_716' title='bbox 1707 4726 1828 4779; x_wconf 90' lang='grc' dir='ltr'><strong>δέον</strong></span> 
     </span>
    </p>
   </div>
   <div class='ocr_carea' id='block_1_97' title="bbox 267 4810 1827 4888">
    <p class='ocr_par' dir='ltr' id='par_1_97' title="bbox 267 4810 1827 4888">
     <span class='ocr_line' id='line_1_97' title="bbox 267 4810 1827 4888; baseline 0.007 -27"><span class='ocrx_word' id='word_1_717' title='bbox 267 4810 357 4862; x_wconf 76' lang='grc' dir='ltr'><strong>τὸν</strong></span> <span class='ocrx_word' id='word_1_718' title='bbox 380 4811 626 4865; x_wconf 81' lang='grc' dir='ltr'><strong>κινοῦντα</strong></span> <span class='ocrx_word' id='word_1_719' title='bbox 660 4813 816 4883; x_wconf 87' lang='grc' dir='ltr'><strong>μόνον</strong></span> <span class='ocrx_word' id='word_1_720' title='bbox 835 4813 993 4877; x_wconf 78' lang='grc' dir='ltr'><strong>αὐτὰ,</strong></span> <span class='ocrx_word' id='word_1_721' title='bbox 1022 4815 1108 4867; x_wconf 81' lang='grc' dir='ltr'><strong>ὅτε</strong></span> <span class='ocrx_word' id='word_1_722' title='bbox 1132 4817 1206 4886; x_wconf 82' lang='grc' dir='ltr'><strong>μὴ</strong></span> <span class='ocrx_word' id='word_1_723' title='bbox 1232 4817 1522 4888; x_wconf 82' lang='grc' dir='ltr'><strong>προσῆκεν,</strong></span> <span class='ocrx_word' id='word_1_724' title='bbox 1547 4817 1827 4888; x_wconf 76' lang='grc' dir='ltr'><strong>ἄνθρωπον</strong></span> 
     </span>
    </p>
   </div>
   <div class='ocr_carea' id='block_1_98' title="bbox 267 4901 560 4957">
    <p class='ocr_par' dir='ltr' id='par_1_98' title="bbox 267 4901 560 4957">
     <span class='ocr_line' id='line_1_98' title="bbox 267 4901 560 4957; baseline 0.014 -5"><span class='ocrx_word' id='word_1_725' title='bbox 267 4901 560 4957; x_wconf 49' lang='grc' dir='ltr'><strong>αἰτιᾶσθαι</strong></span> 
     </span>
    </p>
   </div>
   <div class='ocr_carea' id='block_1_99' title="bbox 1935 4538 3499 4626">
    <p class='ocr_par' dir='ltr' id='par_1_99' title="bbox 1935 4538 3499 4626">
     <span class='ocr_line' id='line_1_99' title="bbox 1935 4538 3499 4626; baseline 0.018 -43"><span class='ocrx_word' id='word_1_726' title='bbox 1935 4538 2019 4584; x_wconf 88' lang='lat' dir='ltr'><strong>est</strong></span> <span class='ocrx_word' id='word_1_727' title='bbox 2054 4547 2311 4589; x_wconf 87' lang='lat' dir='ltr'><strong>accusare</strong></span> <span class='ocrx_word' id='word_1_728' title='bbox 2339 4545 2599 4608; x_wconf 89' lang='lat' dir='ltr'><strong>tanquam</strong></span> <span class='ocrx_word' id='word_1_729' title='bbox 2637 4551 2832 4598; x_wconf 89' lang='lat' dir='ltr'><strong>natura</strong></span> <span class='ocrx_word' id='word_1_730' title='bbox 2858 4547 2968 4601; x_wconf 88' lang='lat' dir='ltr'><strong>sint</strong></span> <span class='ocrx_word' id='word_1_731' title='bbox 2999 4551 3159 4612; x_wconf 89' lang='lat' dir='ltr'><strong>mala,</strong></span> <span class='ocrx_word' id='word_1_732' title='bbox 3199 4567 3263 4607; x_wconf 90' lang='lat' dir='ltr'><strong>ea</strong></span> <span class='ocrx_word' id='word_1_733' title='bbox 3294 4571 3357 4609; x_wconf 80' lang='lat' dir='ltr'><strong>ex</strong></span> <span class='ocrx_word' id='word_1_734' title='bbox 3381 4558 3499 4626; x_wconf 89' lang='lat' dir='ltr'><strong>qui-</strong></span> 
     </span>
    </p>
   </div>
   <div class='ocr_carea' id='block_1_100' title="bbox 1935 4621 3498 4716">
    <p class='ocr_par' dir='ltr' id='par_1_100' title="bbox 1935 4621 3498 4716">
     <span class='ocr_line' id='line_1_100' title="bbox 1935 4621 3498 4716; baseline 0.017 -40"><span class='ocrx_word' id='word_1_735' title='bbox 1935 4621 2040 4678; x_wconf 87' lang='lat' dir='ltr'><strong>bus</strong></span> <span class='ocrx_word' id='word_1_736' title='bbox 2067 4639 2214 4680; x_wconf 92' lang='lat' dir='ltr'><strong>mors</strong></span> <span class='ocrx_word' id='word_1_737' title='bbox 2255 4628 2485 4696; x_wconf 88' lang='lat' dir='ltr'><strong>accidit;</strong></span> <span class='ocrx_word' id='word_1_738' title='bbox 2533 4647 2653 4701; x_wconf 70' lang='lat' dir='ltr'><strong>quae</strong></span> <span class='ocrx_word' id='word_1_739' title='bbox 2689 4649 2866 4706; x_wconf 89' lang='lat' dir='ltr'><strong>neque</strong></span> <span class='ocrx_word' id='word_1_740' title='bbox 2907 4638 3090 4694; x_wconf 89' lang='lat' dir='ltr'><strong>sciunt</strong></span> <span class='ocrx_word' id='word_1_741' title='bbox 3125 4642 3193 4697; x_wconf 91' lang='lat' dir='ltr'><strong>ad</strong></span> <span class='ocrx_word' id='word_1_742' title='bbox 3238 4661 3358 4716; x_wconf 76' lang='lat' dir='ltr'><strong>quae</strong></span> <span class='ocrx_word' id='word_1_743' title='bbox 3387 4621 3498 4703; x_wconf 80' lang='lat' dir='ltr'><strong>sint</strong></span> 
     </span>
    </p>
   </div>
   <div class='ocr_carea' id='block_1_101' title="bbox 1935 4716 3496 4802">
    <p class='ocr_par' dir='ltr' id='par_1_101' title="bbox 1935 4716 3496 4802">
     <span class='ocr_line' id='line_1_101' title="bbox 1935 4716 3496 4802; baseline 0.017 -32"><span class='ocrx_word' id='word_1_744' title='bbox 1935 4716 2243 4773; x_wconf 89' lang='lat' dir='ltr'><strong>adhibenda</strong></span> <span class='ocrx_word' id='word_1_745' title='bbox 2291 4722 2359 4776; x_wconf 91' lang='lat' dir='ltr'><strong>ab</strong></span> <span class='ocrx_word' id='word_1_746' title='bbox 2409 4722 2581 4779; x_wconf 88' lang='lat' dir='ltr'><strong>altero</strong></span> <span class='ocrx_word' id='word_1_747' title='bbox 2619 4731 2707 4781; x_wconf 90' lang='lat' dir='ltr'><strong>cui</strong></span> <span class='ocrx_word' id='word_1_748' title='bbox 2737 4729 2936 4784; x_wconf 86' lang='lat' dir='ltr'><strong>tradita</strong></span> <span class='ocrx_word' id='word_1_749' title='bbox 2967 4743 3126 4802; x_wconf 91' lang='lat' dir='ltr'><strong>sunt,</strong></span> <span class='ocrx_word' id='word_1_750' title='bbox 3158 4746 3211 4792; x_wconf 93' lang='lat' dir='ltr'><strong>et</strong></span> <span class='ocrx_word' id='word_1_751' title='bbox 3250 4740 3319 4795; x_wconf 85' lang='lat' dir='ltr'><strong>ab</strong></span> <span class='ocrx_word' id='word_1_752' title='bbox 3347 4745 3496 4797; x_wconf 88' lang='lat' dir='ltr'><strong>omni</strong></span> 
     </span>
    </p>
   </div>
   <div class='ocr_carea' id='block_1_102' title="bbox 1934 4813 3496 4896">
    <p class='ocr_par' dir='ltr' id='par_1_102' title="bbox 1934 4813 3496 4896">
     <span class='ocr_line' id='line_1_102' title="bbox 1934 4813 3496 4896; baseline 0.013 -30"><span class='ocrx_word' id='word_1_753' title='bbox 1934 4813 2092 4882; x_wconf 88' lang='lat' dir='ltr'><strong>culpa</strong></span> <span class='ocrx_word' id='word_1_754' title='bbox 2121 4821 2174 4868; x_wconf 92' lang='lat' dir='ltr'><strong>et</strong></span> <span class='ocrx_word' id='word_1_755' title='bbox 2205 4815 2432 4871; x_wconf 92' lang='lat' dir='ltr'><strong>crimine</strong></span> <span class='ocrx_word' id='word_1_756' title='bbox 2465 4827 2593 4872; x_wconf 91' lang='lat' dir='ltr'><strong>sunt</strong></span> <span class='ocrx_word' id='word_1_757' title='bbox 2623 4819 2832 4876; x_wconf 89' lang='lat' dir='ltr'><strong>libera?</strong></span> <span class='ocrx_word' id='word_1_758' title='bbox 2867 4839 2990 4878; x_wconf 92' lang='lat' dir='ltr'><strong>cum</strong></span> <span class='ocrx_word' id='word_1_759' title='bbox 3021 4835 3299 4896; x_wconf 91' lang='lat' dir='ltr'><strong>oporteret</strong></span> <span class='ocrx_word' id='word_1_760' title='bbox 3326 4832 3496 4887; x_wconf 86' lang='lat' dir='ltr'><strong>homi-</strong></span> 
     </span>
    </p>
   </div>
   <div class='ocr_carea' id='block_1_103' title="bbox 1933 4907 3495 4984">
    <p class='ocr_par' dir='ltr' id='par_1_103' title="bbox 1933 4907 3495 4984">
     <span class='ocr_line' id='line_1_103' title="bbox 1933 4907 3495 4984; baseline 0.015 -26"><span class='ocrx_word' id='word_1_761' title='bbox 1933 4921 2055 4960; x_wconf 91' lang='lat' dir='ltr'><strong>nem</strong></span> <span class='ocrx_word' id='word_1_762' title='bbox 2110 4907 2286 4960; x_wconf 93' lang='lat' dir='ltr'><strong>solum</strong></span> <span class='ocrx_word' id='word_1_763' title='bbox 2344 4924 2623 4976; x_wconf 89' lang='lat' dir='ltr'><strong>accusare,</strong></span> <span class='ocrx_word' id='word_1_764' title='bbox 2685 4914 2777 4983; x_wconf 93' lang='lat' dir='ltr'><strong>qui</strong></span> <span class='ocrx_word' id='word_1_765' title='bbox 2829 4931 2890 4971; x_wconf 89' lang='lat' dir='ltr'><strong>ea</strong></span> <span class='ocrx_word' id='word_1_766' title='bbox 2945 4917 3303 4978; x_wconf 86' lang='lat' dir='ltr'><strong>instrumenta</strong></span> <span class='ocrx_word' id='word_1_767' title='bbox 3364 4935 3495 4984; x_wconf 85' lang='lat' dir='ltr'><strong>tunc</strong></span> 
     </span>
    </p>
   </div>
   <div class='ocr_carea' id='block_1_104' title="bbox 1934 5000 3139 5072">
    <p class='ocr_par' dir='ltr' id='par_1_104' title="bbox 1934 5000 3139 5072">
     <span class='ocr_line' id='line_1_104' title="bbox 1934 5000 3139 5072; baseline 0.013 -23"><span class='ocrx_word' id='word_1_768' title='bbox 1934 5004 2136 5062; x_wconf 90' lang='lat' dir='ltr'><strong>movet,</strong></span> <span class='ocrx_word' id='word_1_769' title='bbox 2168 5011 2292 5050; x_wconf 90' lang='lat' dir='ltr'><strong>cum</strong></span> <span class='ocrx_word' id='word_1_770' title='bbox 2332 5013 2442 5053; x_wconf 91' lang='lat' dir='ltr'><strong>non</strong></span> <span class='ocrx_word' id='word_1_771' title='bbox 2482 5000 2610 5056; x_wconf 89' lang='lat' dir='ltr'><strong>licet</strong></span> <span class='ocrx_word' id='word_1_772' title='bbox 2645 5019 2823 5072; x_wconf 86' lang='lat' dir='ltr'><strong>neque</strong></span> <span class='ocrx_word' id='word_1_773' title='bbox 2867 5010 3139 5065; x_wconf 81' lang='lat' dir='ltr'><strong>convenit.</strong></span> 
     </span>
    </p>
   </div>
   <div class='ocr_carea' id='block_1_105' title="bbox 263 5102 3496 5236">
    <p class='ocr_par' dir='ltr' id='par_1_105' title="bbox 263 5102 3496 5236">
     <span class='ocr_line' id='line_1_105' title="bbox 263 5102 3496 5236; baseline 0.009 -80"><span class='ocrx_word' id='word_1_774' title='bbox 263 5102 387 5156; x_wconf 68' lang='lat' dir='ltr'><strong>CAP.</strong></span> <span class='ocrx_word' id='word_1_775' title='bbox 426 5102 634 5158; x_wconf 72' lang='lat' dir='ltr'><strong>XXVII.</strong></span> <span class='ocrx_word' id='word_1_776' title='bbox 680 5105 834 5159; x_wconf 83' lang='lat' dir='ltr'><strong>Nihil</strong></span> <span class='ocrx_word' id='word_1_777' title='bbox 877 5109 930 5161; x_wconf 80' lang='lat' dir='ltr'><strong>in</strong></span> <span class='ocrx_word' id='word_1_778' title='bbox 972 5108 1177 5176; x_wconf 81' lang='lat' dir='ltr'><strong>fabrica</strong></span> <span class='ocrx_word' id='word_1_779' title='bbox 1206 5110 1388 5164; x_wconf 84' lang='lat' dir='ltr'><strong>mundi</strong></span> <span class='ocrx_word' id='word_1_780' title='bbox 1426 5113 1644 5166; x_wconf 80' lang='lat' dir='ltr'><strong>malum.</strong></span> <span class='ocrx_word' id='word_1_781' title='bbox 1677 5110 1804 5166; x_wconf 80' lang='lat' dir='ltr'><strong>Sola</strong></span> <span class='ocrx_word' id='word_1_782' title='bbox 1833 5112 2065 5236; x_wconf 54' lang='lat' dir='ltr'><strong>Itu‘mana</strong></span> <span class='ocrx_word' id='word_1_783' title='bbox 2103 5115 2241 5168; x_wconf 83' lang='lat' dir='ltr'><strong>ratio</strong></span> <span class='ocrx_word' id='word_1_784' title='bbox 2283 5114 2569 5185; x_wconf 84' lang='lat' dir='ltr'><strong>aliquando</strong></span> <span class='ocrx_word' id='word_1_785' title='bbox 2614 5119 2822 5188; x_wconf 87' lang='lat' dir='ltr'><strong>quidem</strong></span> <span class='ocrx_word' id='word_1_786' title='bbox 2863 5133 3073 5190; x_wconf 84' lang='lat' dir='ltr'><strong>peccat,</strong></span> <span class='ocrx_word' id='word_1_787' title='bbox 3111 5130 3200 5181; x_wconf 80' lang='lat' dir='ltr'><strong>sed</strong></span> <span class='ocrx_word' id='word_1_788' title='bbox 3241 5131 3402 5184; x_wconf 75' lang='lat' dir='ltr'><strong>simul</strong></span> <span class='ocrx_word' id='word_1_789' title='bbox 3442 5142 3496 5187; x_wconf 78' lang='lat' dir='ltr'><strong>ct</strong></span> 
     </span>
     <span class='ocr_line' id='line_1_106' title="bbox 1683 5199 2006 5236; baseline 0.003 -1"><span class='ocrx_word' id='word_1_790' title='bbox 1683 5199 1894 5236; x_wconf 81' lang='lat' dir='ltr'><strong>coaraui</strong></span> <span class='ocrx_word' id='word_1_791' title='bbox 1924 5200 2006 5236; x_wconf 88' lang='lat' dir='ltr'><strong>ur.</strong></span> 
     </span>
    </p>
   </div>
   <div class='ocr_carea' id='block_1_106' title="bbox 1683 5199 2006 5252">
    <p class='ocr_par' dir='ltr' id='par_1_106' title="bbox 1683 5199 2006 5252">
     <span class='ocr_line' id='line_1_107' title="bbox 1683 5199 2006 5252; baseline 0.006 -17"><span class='ocrx_word' id='word_1_792' title='bbox 1683 5199 2006 5252; x_wconf 82' lang='lat' dir='ltr'><strong>coarguitur.</strong></span> 
     </span>
    </p>
   </div>
   <div class='ocr_carea' id='block_1_107' title="bbox 331 5291 1824 5372">
    <p class='ocr_par' dir='ltr' id='par_1_107' title="bbox 331 5291 1824 5372">
     <span class='ocr_line' id='line_1_108' title="bbox 331 5291 1824 5372; baseline 0.007 -29"><span class='ocrx_word' id='word_1_793' title='bbox 331 5291 486 5344; x_wconf 88' lang='grc' dir='ltr'><strong>Οῦτω</strong></span> <span class='ocrx_word' id='word_1_794' title='bbox 518 5291 625 5362; x_wconf 82' lang='grc' dir='ltr'><strong>γὰρ</strong></span> <span class='ocrx_word' id='word_1_795' title='bbox 666 5293 802 5364; x_wconf 84' lang='grc' dir='ltr'><strong>πρὸς</strong></span> <span class='ocrx_word' id='word_1_796' title='bbox 838 5293 1092 5365; x_wconf 85' lang='grc' dir='ltr'><strong>ἀλήθειαν</strong></span> <span class='ocrx_word' id='word_1_797' title='bbox 1120 5297 1493 5353; x_wconf 83' lang='grc' dir='ltr'><strong>ἀποδέδεικται</strong></span> <span class='ocrx_word' id='word_1_798' title='bbox 1524 5299 1690 5371; x_wconf 87' lang='grc' dir='ltr'><strong>μηδὲν</strong></span> <span class='ocrx_word' id='word_1_799' title='bbox 1725 5301 1824 5372; x_wconf 85' lang='grc' dir='ltr'><strong>μὲν</strong></span> 
     </span>
    </p>
   </div>
   <div class='ocr_carea' id='block_1_108' title="bbox 260 5383 1822 5462">
    <p class='ocr_par' dir='ltr' id='par_1_108' title="bbox 260 5383 1822 5462">
     <span class='ocr_line' id='line_1_109' title="bbox 260 5383 1822 5462; baseline 0.005 -25"><span class='ocrx_word' id='word_1_800' title='bbox 260 5385 366 5437; x_wconf 87' lang='grc' dir='ltr'><strong>τῶν</strong></span> <span class='ocrx_word' id='word_1_801' title='bbox 404 5383 544 5436; x_wconf 82' lang='grc' dir='ltr'><strong>κατὰ</strong></span> <span class='ocrx_word' id='word_1_802' title='bbox 590 5383 689 5454; x_wconf 86' lang='grc' dir='ltr'><strong>τὴν</strong></span> <span class='ocrx_word' id='word_1_803' title='bbox 738 5383 1097 5458; x_wconf 88' lang='grc' dir='ltr'><strong>δημιουργίαν</strong></span> <span class='ocrx_word' id='word_1_804' title='bbox 1146 5385 1283 5442; x_wconf 85' lang='grc' dir='ltr'><strong>εἶναι</strong></span> <span class='ocrx_word' id='word_1_805' title='bbox 1327 5389 1528 5444; x_wconf 84' lang='grc' dir='ltr'><strong>κακόν’</strong></span> <span class='ocrx_word' id='word_1_806' title='bbox 1566 5391 1724 5462; x_wconf 81' lang='grc' dir='ltr'><strong>μόνον</strong></span> <span class='ocrx_word' id='word_1_807' title='bbox 1765 5392 1822 5445; x_wconf 90' lang='grc' dir='ltr'><strong>δέ</strong></span> 
     </span>
    </p>
   </div>
   <div class='ocr_carea' id='block_1_109' title="bbox 261 5473 1822 5553">
    <p class='ocr_par' dir='ltr' id='par_1_109' title="bbox 261 5473 1822 5553">
     <span class='ocr_line' id='line_1_110' title="bbox 261 5473 1822 5553; baseline 0.005 -24"><span class='ocrx_word' id='word_1_808' title='bbox 261 5477 348 5529; x_wconf 81' lang='grc' dir='ltr'><strong>τὸν</strong></span> <span class='ocrx_word' id='word_1_809' title='bbox 377 5473 712 5546; x_wconf 84' lang='grc' dir='ltr'><strong>ἀνθρώπινον</strong></span> <span class='ocrx_word' id='word_1_810' title='bbox 734 5476 989 5546; x_wconf 84' lang='grc' dir='ltr'><strong>λογισμὸν</strong></span> <span class='ocrx_word' id='word_1_811' title='bbox 1009 5478 1256 5544; x_wconf 79' lang='grc' dir='ltr'><strong>ἐξουσίαν</strong></span> <span class='ocrx_word' id='word_1_812' title='bbox 1276 5482 1588 5550; x_wconf 85' lang='grc' dir='ltr'><strong>ἀναγκαίως</strong></span> <span class='ocrx_word' id='word_1_813' title='bbox 1614 5481 1822 5553; x_wconf 87' lang='grc' dir='ltr'><strong>λαμϐά-</strong></span> 
     </span>
    </p>
   </div>
   <div class='ocr_carea' id='block_1_110' title="bbox 262 5567 1825 5646">
    <p class='ocr_par' dir='ltr' id='par_1_110' title="bbox 262 5567 1825 5646">
     <span class='ocr_line' id='line_1_111' title="bbox 262 5567 1825 5646; baseline 0.006 -26"><span class='ocrx_word' id='word_1_814' title='bbox 262 5585 415 5621; x_wconf 88' lang='grc' dir='ltr'><strong>νοντα</strong></span> <span class='ocrx_word' id='word_1_815' title='bbox 457 5567 602 5620; x_wconf 78' lang='grc' dir='ltr'><strong>ἔστιν</strong></span> <span class='ocrx_word' id='word_1_816' title='bbox 644 5569 733 5622; x_wconf 83' lang='grc' dir='ltr'><strong>ὅτε</strong></span> <span class='ocrx_word' id='word_1_817' title='bbox 785 5569 1137 5640; x_wconf 85' lang='grc' dir='ltr'><strong>πλημμελεῖν,</strong></span> <span class='ocrx_word' id='word_1_818' title='bbox 1178 5573 1601 5646; x_wconf 84' lang='grc' dir='ltr'><strong>πλημμελοῦντα</strong></span> <span class='ocrx_word' id='word_1_819' title='bbox 1644 5576 1700 5629; x_wconf 84' lang='grc' dir='ltr'><strong>δέ</strong></span> <span class='ocrx_word' id='word_1_820' title='bbox 1749 5576 1825 5629; x_wconf 86' lang='grc' dir='ltr'><strong>δι-</strong></span> 
     </span>
    </p>
   </div>
   <div class='ocr_carea' id='block_1_111' title="bbox 260 5660 1822 5740">
    <p class='ocr_par' dir='ltr' id='par_1_111' title="bbox 260 5660 1822 5740">
     <span class='ocr_line' id='line_1_112' title="bbox 260 5660 1822 5740; baseline 0.003 -25"><span class='ocrx_word' id='word_1_821' title='bbox 260 5660 568 5728; x_wconf 75' lang='grc' dir='ltr'><strong>ελέγχεσθαι</strong></span> <span class='ocrx_word' id='word_1_822' title='bbox 601 5661 778 5731; x_wconf 86' lang='grc' dir='ltr'><strong>μόνον,</strong></span> <span class='ocrx_word' id='word_1_823' title='bbox 810 5665 891 5716; x_wconf 85' lang='grc' dir='ltr'><strong>ὅτι</strong></span> <span class='ocrx_word' id='word_1_824' title='bbox 925 5666 1288 5738; x_wconf 84' lang='grc' dir='ltr'><strong>προτετίμηκε</strong></span> <span class='ocrx_word' id='word_1_825' title='bbox 1315 5666 1373 5719; x_wconf 83' lang='lat'><strong>:6</strong></span> <span class='ocrx_word' id='word_1_826' title='bbox 1408 5669 1620 5736; x_wconf 82' lang='grc' dir='ltr'><strong>χεῖρον’</strong></span> <span class='ocrx_word' id='word_1_827' title='bbox 1656 5669 1822 5740; x_wconf 82' lang='grc' dir='ltr'><strong>μηδὲν</strong></span> 
     </span>
    </p>
   </div>
   <div class='ocr_carea' id='block_1_112' title="bbox 256 5748 1817 5828">
    <p class='ocr_par' dir='ltr' id='par_1_112' title="bbox 256 5748 1817 5828">
     <span class='ocr_line' id='line_1_113' title="bbox 256 5748 1817 5828; baseline 0.004 -23"><span class='ocrx_word' id='word_1_828' title='bbox 256 5748 308 5805; x_wconf 71' lang='grc' dir='ltr'><strong>δὲ</strong></span> <span class='ocrx_word' id='word_1_829' title='bbox 362 5749 502 5804; x_wconf 76' lang='grc' dir='ltr'><strong>κατὰ</strong></span> <span class='ocrx_word' id='word_1_830' title='bbox 548 5751 644 5823; x_wconf 81' lang='grc' dir='ltr'><strong>τῆς</strong></span> <span class='ocrx_word' id='word_1_831' title='bbox 693 5752 904 5820; x_wconf 76' lang='grc' dir='ltr'><strong>φύσεως</strong></span> <span class='ocrx_word' id='word_1_832' title='bbox 959 5759 1297 5828; x_wconf 81' lang='grc' dir='ltr'><strong>καινοτομεῖν</strong></span> <span class='ocrx_word' id='word_1_833' title='bbox 1339 5756 1627 5823; x_wconf 83' lang='grc' dir='ltr'><strong>δύνασθαι,</strong></span> <span class='ocrx_word' id='word_1_834' title='bbox 1685 5758 1817 5828; x_wconf 70' lang='grc' dir='ltr'><strong>μηδέ</strong></span> 
     </span>
    </p>
   </div>
   <div class='ocr_carea' id='block_1_113' title="bbox 2004 5299 3492 5385">
    <p class='ocr_par' dir='ltr' id='par_1_113' title="bbox 2004 5299 3492 5385">
     <span class='ocr_line' id='line_1_114' title="bbox 2004 5299 3492 5385; baseline 0.014 -31"><span class='ocrx_word' id='word_1_835' title='bbox 2004 5299 2095 5354; x_wconf 92' lang='lat' dir='ltr'><strong>Sic</strong></span> <span class='ocrx_word' id='word_1_836' title='bbox 2138 5318 2283 5356; x_wconf 83' lang='lat' dir='ltr'><strong>enim</strong></span> <span class='ocrx_word' id='word_1_837' title='bbox 2317 5319 2443 5359; x_wconf 86' lang='lat' dir='ltr'><strong>vere</strong></span> <span class='ocrx_word' id='word_1_838' title='bbox 2471 5307 2788 5362; x_wconf 91' lang='lat' dir='ltr'><strong>conclusum</strong></span> <span class='ocrx_word' id='word_1_839' title='bbox 2823 5318 2878 5366; x_wconf 90' lang='lat' dir='ltr'><strong>et</strong></span> <span class='ocrx_word' id='word_1_840' title='bbox 2915 5314 3221 5370; x_wconf 81' lang='lat' dir='ltr'><strong>confectum</strong></span> <span class='ocrx_word' id='word_1_841' title='bbox 3255 5327 3362 5385; x_wconf 89' lang='lat' dir='ltr'><strong>est,</strong></span> <span class='ocrx_word' id='word_1_842' title='bbox 3405 5321 3492 5375; x_wconf 84' lang='lat' dir='ltr'><strong>ni-</strong></span> 
     </span>
    </p>
   </div>
   <div class='ocr_carea' id='block_1_114' title="bbox 1931 5393 3490 5470">
    <p class='ocr_par' dir='ltr' id='par_1_114' title="bbox 1931 5393 3490 5470">
     <span class='ocr_line' id='line_1_115' title="bbox 1931 5393 3490 5470; baseline 0.014 -23"><span class='ocrx_word' id='word_1_843' title='bbox 1931 5393 2006 5448; x_wconf 91' lang='lat' dir='ltr'><strong>hil</strong></span> <span class='ocrx_word' id='word_1_844' title='bbox 2034 5396 2085 5449; x_wconf 92' lang='lat' dir='ltr'><strong>in</strong></span> <span class='ocrx_word' id='word_1_845' title='bbox 2117 5397 2322 5453; x_wconf 85' lang='lat' dir='ltr'><strong>fabrica</strong></span> <span class='ocrx_word' id='word_1_846' title='bbox 2362 5401 2551 5454; x_wconf 84' lang='lat' dir='ltr'><strong>mundi</strong></span> <span class='ocrx_word' id='word_1_847' title='bbox 2584 5417 2705 5458; x_wconf 89' lang='lat' dir='ltr'><strong>esse</strong></span> <span class='ocrx_word' id='word_1_848' title='bbox 2735 5406 2960 5462; x_wconf 89' lang='lat' dir='ltr'><strong>malum.</strong></span> <span class='ocrx_word' id='word_1_849' title='bbox 3009 5406 3190 5463; x_wconf 89' lang='lat' dir='ltr'><strong>Solam</strong></span> <span class='ocrx_word' id='word_1_850' title='bbox 3222 5412 3490 5470; x_wconf 83' lang='lat' dir='ltr'><strong>rationem</strong></span> 
     </span>
    </p>
   </div>
   <div class='ocr_carea' id='block_1_115' title="bbox 1934 5487 3489 5572">
    <p class='ocr_par' dir='ltr' id='par_1_115' title="bbox 1934 5487 3489 5572">
     <span class='ocr_line' id='line_1_116' title="bbox 1934 5487 3489 5572; baseline 0.014 -32"><span class='ocrx_word' id='word_1_851' title='bbox 1934 5487 2227 5542; x_wconf 88' lang='lat' dir='ltr'><strong>humanam</strong></span> <span class='ocrx_word' id='word_1_852' title='bbox 2265 5506 2385 5560; x_wconf 75' lang='lat' dir='ltr'><strong>qua:</strong></span> <span class='ocrx_word' id='word_1_853' title='bbox 2422 5497 2734 5552; x_wconf 90' lang='lat' dir='ltr'><strong>necessario</strong></span> <span class='ocrx_word' id='word_1_854' title='bbox 2778 5507 3098 5568; x_wconf 89' lang='lat' dir='ltr'><strong>potestatem</strong></span> <span class='ocrx_word' id='word_1_855' title='bbox 3130 5503 3347 5572; x_wconf 87' lang='lat' dir='ltr'><strong>accipit,</strong></span> <span class='ocrx_word' id='word_1_856' title='bbox 3386 5504 3489 5560; x_wconf 83' lang='lat' dir='ltr'><strong>ali-</strong></span> 
     </span>
    </p>
   </div>
   <div class='ocr_carea' id='block_1_116' title="bbox 1931 5580 3489 5659">
    <p class='ocr_par' dir='ltr' id='par_1_116' title="bbox 1931 5580 3489 5659">
     <span class='ocr_line' id='line_1_117' title="bbox 1931 5580 3489 5659; baseline 0.012 -29"><span class='ocrx_word' id='word_1_857' title='bbox 1931 5580 2150 5647; x_wconf 87' lang='lat' dir='ltr'><strong>quando</strong></span> <span class='ocrx_word' id='word_1_858' title='bbox 2198 5582 2416 5650; x_wconf 89' lang='lat' dir='ltr'><strong>quidem</strong></span> <span class='ocrx_word' id='word_1_859' title='bbox 2477 5600 2723 5655; x_wconf 86' lang='lat' dir='ltr'><strong>peccare,</strong></span> <span class='ocrx_word' id='word_1_860' title='bbox 2781 5597 3095 5659; x_wconf 76' lang='lat' dir='ltr'><strong>peccautem</strong></span> <span class='ocrx_word' id='word_1_861' title='bbox 3134 5607 3264 5646; x_wconf 90' lang='lat' dir='ltr'><strong>vero</strong></span> <span class='ocrx_word' id='word_1_862' title='bbox 3313 5595 3383 5649; x_wconf 86' lang='lat' dir='ltr'><strong>ob</strong></span> <span class='ocrx_word' id='word_1_863' title='bbox 3434 5595 3489 5649; x_wconf 91' lang='lat' dir='ltr'><strong>id</strong></span> 
     </span>
    </p>
   </div>
   <div class='ocr_carea' id='block_1_117' title="bbox 1929 5673 3488 5754">
    <p class='ocr_par' dir='ltr' id='par_1_117' title="bbox 1929 5673 3488 5754">
     <span class='ocr_line' id='line_1_118' title="bbox 1929 5673 3488 5754; baseline 0.013 -30"><span class='ocrx_word' id='word_1_864' title='bbox 1929 5673 2105 5726; x_wconf 85' lang='lat' dir='ltr'><strong>solum</strong></span> <span class='ocrx_word' id='word_1_865' title='bbox 2145 5676 2484 5746; x_wconf 86' lang='lat' dir='ltr'><strong>reprehendi.</strong></span> <span class='ocrx_word' id='word_1_866' title='bbox 2537 5681 2663 5749; x_wconf 89' lang='lat' dir='ltr'><strong>quia</strong></span> <span class='ocrx_word' id='word_1_867' title='bbox 2705 5681 2850 5750; x_wconf 92' lang='lat' dir='ltr'><strong>quod</strong></span> <span class='ocrx_word' id='word_1_868' title='bbox 2880 5682 3120 5754; x_wconf 82' lang='lat' dir='ltr'><strong>deterius</strong></span> <span class='ocrx_word' id='word_1_869' title='bbox 3159 5694 3297 5750; x_wconf 80' lang='lat' dir='ltr'><strong>erat,</strong></span> <span class='ocrx_word' id='word_1_870' title='bbox 3352 5703 3488 5750; x_wconf 61' lang='lat' dir='ltr'><strong>pra.-</strong></span> 
     </span>
    </p>
   </div>
   <div class='ocr_carea' id='block_1_118' title="bbox 1927 5765 3490 5848">
    <p class='ocr_par' dir='ltr' id='par_1_118' title="bbox 1927 5765 3490 5848">
     <span class='ocr_line' id='line_1_119' title="bbox 1927 5765 3490 5848; baseline 0.013 -31"><span class='ocrx_word' id='word_1_871' title='bbox 1927 5765 2107 5834; x_wconf 89' lang='lat' dir='ltr'><strong>posuit</strong></span> <span class='ocrx_word' id='word_1_872' title='bbox 2149 5767 2391 5836; x_wconf 86' lang='lat' dir='ltr'><strong>meliori;</strong></span> <span class='ocrx_word' id='word_1_873' title='bbox 2445 5785 2620 5842; x_wconf 90' lang='lat' dir='ltr'><strong>neque</strong></span> <span class='ocrx_word' id='word_1_874' title='bbox 2668 5781 2856 5827; x_wconf 89' lang='lat' dir='ltr'><strong>contra</strong></span> <span class='ocrx_word' id='word_1_875' title='bbox 2900 5781 3150 5830; x_wconf 84' lang='lat' dir='ltr'><strong>naturam</strong></span> <span class='ocrx_word' id='word_1_876' title='bbox 3193 5794 3350 5848; x_wconf 87' lang='lat' dir='ltr'><strong>posse</strong></span> <span class='ocrx_word' id='word_1_877' title='bbox 3383 5781 3490 5837; x_wconf 73' lang='lat' dir='ltr'><strong>ali-</strong></span> 
     </span>
    </p>
   </div>
  </div>
