4064 6290
658 278 794 333 H87

1801 281 1936 337 TITI
1979 280 2402 342 BOSTRENSIS
2450 282 2757 342 EPISCOPI

3709 285 3812 342 “88

656 394 788 468 quid
839 409 1056 459 novare,
1112 408 1211 449 nec
1245 409 1368 450 esse
1415 410 1580 466 penes
1608 412 1751 465 eum,
1785 408 1843 454 ut
1874 417 1994 471 quae
2039 416 2203 472 supra

2241 411 2279 467 Α
2306 403 2373 458 τὰ
2441 405 2551 460 ἄνω
2605 405 2754 459 κάτω
2822 403 2908 455 ἐπ’
2961 399 3108 472 αὐτῷ
3165 395 3301 454 εἶναι
3364 398 3566 461 ποιεῖν,
3618 396 3734 455 ἀλλὰ
3770 404 3814 458 τὸ

625 492 806 551 ῖειιιιι,
846 486 953 540 sint
982 483 1141 548 infra,
1187 483 1283 538 sed
1325 484 1500 538 solum
1540 485 1718 543 facere
1752 504 1836 552 ea,
1868 506 1988 560 quae
2020 507 2216 546 secun»

659 579 784 635 dum
837 585 1084 631 naturam
1149 587 1277 632 sunt
1330 595 1342 630 :
1389 580 1640 648 quamvis
1697 592 1986 636 accusetur
2036 583 2217 643 facere

616 663 621 670 ’
656 678 851 742 praeter
882 669 1170 722 rationem.
1699 661 1706 666 ’

727 761 881 815 Sicut
897 759 1074 814 caedes
1094 765 1320 813 mortem
1345 759 1639 814 secundum
1668 769 1916 817 naturam
1935 774 2212 835 operatur,

656 853 786 906 nihil
825 852 1058 920 amplius
1088 851 1292 905 faciens
1323 866 1482 922 quam
1509 853 1652 922 quod
1683 862 1766 907 est
1793 858 2089 911 secundum
2120 873 2216 912 na—

651 951 852 1004 turam,
888 949 1244 1012 praeterquam
1290 942 1432 1010 quod
1477 943 1726 1008 coarguit
1772 960 1893 998 eum
1934 947 2025 1015 qui
2064 946 2210 1001 fecit.

652 1033 864 1088 Rursus
894 1033 1224 1087 adulterium
1249 1041 1302 1086 et
1330 1032 1436 1086 alia
1466 1033 1734 1102 ejusmodi
1759 1035 1829 1090 ob
1859 1052 1977 1091 eam
2000 1046 2210 1092 tantum

651 1143 874 1183 causam
922 1137 1269 1190 accusantur,
1319 1129 1446 1198 quia
1493 1138 1622 1183 sunt
1667 1146 1854 1186 aversa
1900 1147 1929 1186 a
1983 1135 2210 1192 ratione.

649 1220 855 1276 Contra
895 1226 1144 1273 naturam
1183 1234 1314 1273 vero
1352 1235 1381 1273 a
1413 1219 1672 1278 Creatore
1698 1223 2048 1277 constitutam
2079 1225 2212 1278 nihil

653 1313 866 1380 penitus
893 1318 1070 1381 potest
1112 1311 1316 1381 aliquid
1362 1313 1487 1366 novi
1521 1313 1719 1378 moliri,
1745 1316 1943 1384 quippe
1975 1331 2095 1368 cum
2129 1317 2210 1370 lex

650 1403 768 1472 ejus
798 1403 888 1472 qui
923 1411 1170 1456 naturam
1207 1403 1506 1459 fabricatus
1549 1413 1653 1469 est,
1688 1407 1758 1462 sit
1783 1415 1834 1462 et
1873 1418 2084 1462 maneat
2114 1409 2211 1462 im-

655 1495 952 1550 mutabilis.
991 1493 1049 1548 ln
1095 1495 1232 1564 ipsis
1261 1511 1390 1549 vero
1421 1512 1540 1567 qua:
1583 1499 1854 1552 naturalia
1901 1507 2049 1563 sunt,
2083 1515 2210 1570 pec-

653 1596 775 1642 cata
825 1596 1111 1642 versantur
1163 1588 1369 1641 nullam
1424 1589 1719 1644 novitatem
1768 1589 2206 1646 introducentia:

653 1678 830 1732 solum
856 1685 1092 1746 arguunt
1118 1684 1171 1732 et
1196 1678 1529 1731 convincunt
1553 1677 1836 1733 facientem
1869 1690 2058 1748 Sponte
2082 1696 2208 1751 pec-

653 1785 800 1834 care,
852 1777 910 1823 ut
952 1770 1044 1840 qui
1087 1785 1194 1823 non
1234 1770 1406 1840 possit
1451 1769 1609 1824 aliter
1650 1786 1716 1824 ex
1765 1770 1965 1828 virtute
1996 1772 2206 1844 degere,

653 1863 758 1917 nisi
787 1877 950 1934 penes
984 1877 1104 1916 eum
1140 1862 1211 1915 sit
1245 1862 1578 1916 contrarium
1606 1878 1795 1933 agere;
1827 1864 1968 1934 quod
1991 1866 2208 1936 quidem

654 1957 840 2010 volens
889 1963 942 2009 et
985 1955 1158 2009 libens
1193 1954 1448 2020 declinat,
1498 1963 1558 2010 ut
1597 1957 1854 2012 virtutem
1909 1948 2204 2029 comparet.

654 2048 750 2105 Est
784 2051 948 2119 igitur
985 2063 1211 2104 summa:
1246 2047 1488 2102 stultitiae
1539 2055 1592 2102 et
1627 2048 1971 2118 insipientiaa,
2005 2049 2208 2105 ferrum

653 2149 748 2195 aut
779 2142 983 2211 lignum
1017 2149 1107 2193 aut
1153 2139 1257 2192 alia
1292 2139 1558 2207 ejusmodi
1588 2140 1641 2193 in
1673 2141 1879 2196 crimen
1906 2157 2123 2206 vocare,
2156 2149 2209 2196 et

653 2248 761 2287 non
794 2247 917 2286 eum
950 2233 1042 2301 qui
1075 2231 1158 2285 his
1191 2239 1385 2300 przcter
1415 2230 1676 2285 rationem
1707 2232 1897 2285 utitur.

725 2321 784 2376 Si
812 2323 934 2392 quis
965 2335 1094 2376 vero
1121 2327 1350 2392 quaerat,
1377 2335 1544 2390 quare
1572 2321 1840 2376 occiditur
1868 2321 2062 2388 homo;
2088 2337 2211 2376 rur-

653 2431 749 2470 sus
777 2413 1066 2468 dieenduiu
1104 2414 1230 2476 erit,
1261 2414 1405 2484 quod
1439 2418 1636 2484 saepius
1665 2414 1868 2468 dictum
1901 2425 2002 2478 est,
2040 2428 2210 2484 quare

655 2507 818 2577 igitur
854 2506 1014 2560 homo
1044 2505 1277 2575 denique
1307 2505 1575 2559 moritur?
1598 2505 1739 2575 quod
1768 2506 1984 2576 quidem
2015 2507 2062 2562 si
2095 2521 2210 2558 ma-

652 2599 762 2653 lum
804 2612 926 2652 esse
961 2595 1303 2658 ostendatur,
1335 2606 1482 2650 recte
1511 2597 1668 2666 culpa
1712 2597 1764 2650 i'n
1798 2612 1922 2651 eum
1954 2597 2045 2668 qui
2081 2610 2210 2651 con-

653 2687 831 2742 stituit
863 2687 1148 2740 redundat.
1183 2684 1278 2739 Sin
1318 2700 1446 2740 vero
1473 2701 1581 2740 non
1613 2694 1698 2741 est
1727 2688 1886 2753 mala,
1921 2687 2209 2758 permissio

652 2787 862 2832 tantum
895 2778 1015 2846 ejus
1048 2776 1142 2847 qui
1186 2792 1274 2832 res
1319 2785 1538 2832 nostras
1575 2789 1846 2848 procurat,
1888 2778 2209 2848 inquirenda

651 2879 759 2932 est,
797 2885 966 2939 quare
996 2869 1158 2922 homo
1189 2869 1243 2922 in
1291 2869 1392 2922 hoc
1419 2885 1588 2940 genus
1623 2870 1813 2926 mortis
1850 2870 2058 2936 incidit,
2091 2885 2210 2940 quae

655 2975 760 3014 non
795 2969 879 3015 est
904 2960 1200 3015 secundum
1241 2967 1492 3014 naturam
1539 2961 1713 3026 mala;
1754 2969 1808 3015 et
1834 2963 2096 3015 continuo
2123 2976 2210 3015 re-

652 3053 911 3125 perietur,
938 3067 1002 3106 ex
1029 3051 1213 3106 multis
1245 3065 1307 3105 ac
1349 3052 1518 3106 variis
1555 3053 1738 3108 causis
1771 3052 2037 3118 accidere,
2072 3067 2209 3124 quas

651 3159 971 3201 enumerare
1003 3144 1278 3198 curiosum
1315 3142 1495 3198 fuerit.

723 3237 864 3292 Idem
893 3237 1036 3292 enim
1065 3237 1212 3306 justo
1239 3243 1292 3290 et
1336 3236 1540 3306 injusto
1573 3235 1807 3290 diversis
1852 3235 2036 3290 causis
2066 3235 2211 3290 acci-
2241 3248 2254 3264 ·

651 3329 732 3384 dit
763 3349 776 3384 :
805 3345 912 3383 non
946 3337 1003 3382 ut
1028 3329 1177 3399 justo
1222 3329 1294 3382 sit
1343 3329 1574 3396 damno;
1625 3343 1725 3382 nec
1760 3328 1986 3396 injusto,
2035 3335 2092 3382 ut
2140 3327 2212 3382 sit

652 3420 921 3492 supplicio
958 3427 1010 3474 et
1052 3419 1304 3474 vindicta:
1361 3419 1491 3490 (non
1539 3419 1683 3473 enim
1726 3418 1870 3489 quod
1912 3419 2211 3473 secundum

652 3523 898 3568 naturain
931 3519 1037 3576 est,
1069 3511 1395 3581 supplicium
1420 3510 1622 3580 fuerit),
1657 3509 1748 3563 sed
1776 3518 1833 3564 ut
1871 3510 1940 3565 sit
1967 3511 2212 3580 exemplo

651 3606 773 3660 aliis
798 3605 878 3659 vel
908 3603 975 3658 ad
1007 3602 1338 3674 prohibenda
1371 3603 1509 3655 mala
1546 3603 1890 3656 insanabilia.
1925 3601 2212 3672 Multaque

651 3695 770 3748 aliae
799 3707 976 3748 causae
1009 3701 1153 3756 sunt,
1200 3699 1420 3761 propter
1461 3705 1596 3760 quas
1629 3689 1770 3746 Deus
1815 3689 2089 3746 hominem
2127 3705 2212 3746 oc-

650 3786 756 3841 cidi
795 3785 1096 3856 permittit:
1122 3790 1340 3838 constat
1377 3789 1557 3837 tamen
1594 3783 1728 3836 nihil
1759 3784 2011 3852 amplius,
2048 3799 2209 3853 quam

650 3877 794 3946 quod
829 3877 880 3929 in
916 3882 1107 3929 natura
1150 3873 1428 3926 decretum
1462 3879 1515 3926 et
1543 3872 1898 3927 constitutum
1932 3879 2036 3934 est,
2069 3871 2213 3926 acci-

650 3970 817 4022 dere:
851 3967 976 4021 licet
1005 3965 1146 4020 enim
1187 3955 1436 4019 diversus
1469 3979 1632 4018 casus
1663 3964 1872 4018 accidat
1896 3963 2082 4028 febris,
2125 3979 2212 4018 sa-

652 4059 855 4111 tietatis
879 4056 1200 4116 immodicae.
1227 4061 1320 4108 aut
1340 4064 1529 4109 contra
1555 4055 1943 4109 exinanitionis
1965 4072 2030 4110 ex
2049 4055 2208 4117 fame,

659 4152 898 4222 frigoris,
942 4159 1132 4213 aestus,
1165 4149 1394 4220 aggeris,
1428 4148 1792 4219 lapidationis,
1832 4148 2014 4218 gladii,
2047 4147 2208 4216 ignis,

654 4258 836 4312 aquae;
873 4251 927 4294 at
959 4243 1014 4295 in
1045 4242 1130 4295 his
1161 4240 1416 4294 omnibus
1441 4254 1606 4292 unum
1625 4246 1728 4299 est,
1755 4239 1897 4307 quod
1925 4237 2050 4292 inde
2082 4251 2210 4306 pro~

656 4335 820 4390 venit.
867 4331 1071 4401 Ecquid
1120 4332 1260 4385 hoc?
1313 4329 1366 4383 id
1418 4331 1648 4394 scilicet,
1702 4331 1848 4399 quod
1892 4345 1920 4384 a
1953 4329 2212 4384 Creatore

655 4436 801 4483 recte
827 4433 880 4480 et
913 4424 1112 4479 utiliter
1143 4423 1196 4477 in
1227 4422 1484 4476 universo
1503 4437 1698 4492 genere
1722 4423 2080 4476 constitutum
2103 4427 2205 4475 est.

2315 497 2454 550 κατὰ
2483 496 2640 566 φύσιν
2677 495 2833 566 μόνον
2863 495 3014 567 δρᾷν,
3041 487 3145 547 κᾶν
3170 492 3474 564 παράλογον
3501 494 3813 565 κατηγορῆται

2317 607 2503 643 ποιειν.

2383 762 2534 831 Οἴον,
2585 767 2742 834 φόνος
2773 767 2999 821 θάνατον
3037 767 3127 820 τὸν
3183 765 3324 820 κατά
3367 764 3524 833 φύσιν
3555 766 3808 836 ἐργάζεται,

2311 861 2464 913 οὐδὲν
2496 859 2654 912 πλέον
2697 859 2863 912 ποιῶν
2906 857 3000 912 τοῦ
3038 859 3177 912 κατά
3227 857 3442 928 φύσινῆ
3487 860 3601 911 ὅσον
3646 861 3811 929 ἐλέγξαι

2311 951 2402 1004 τὸν
2440 950 2741 1022 δράσαντα·
2793 949 3001 1020 μοιχεία
3047 946 3236 1013 αὖθις,
3283 949 3376 1002 καὶ
3412 948 3480 1002 τὰ
3526 950 3724 1005 τοιαῦτα
3757 952 3811 1024 τῷ

2313 1042 2604 1112 παραλόγῳ
2651 1043 2807 1112 μόνον
2853 1041 2944 1094 τοῦ
2981 1040 3239 1112 λογισμοῦ
3280 1042 3666 1110 κατηγορεῖται.
3693 1043 3812 1096 Κατὰ

2311 1134 2366 1188 δὲ
2408 1133 2506 1202 τῆς
2537 1132 2747 1201 φύσεως
2783 1133 2880 1203 τῆς
2911 1133 3217 1204 ὡρισμένης
3245 1130 3350 1184 ὑπὸ
3383 1129 3484 1183 τοῦ
3525 1132 3810 1202 Δημιουργοῧ

2312 1226 2649 1296 καινοτομεῖν
2707 1224 2980 1288 παντελῶς
3011 1225 3162 1278 οὐδὲν
3217 1223 3478 1276 δύναται·
3530 1223 3600 1285 ὼς
3641 1224 3810 1295 ἀπαρτὶ·

2311 1316 2472 1370 δατον
2517 1316 2614 1386 μὲν
2671 1311 2805 1369 εἷναί
2843 1333 2902 1369 τε
2945 1317 3039 1370 καὶ
3087 1315 3266 1386 μένειν
3295 1316 3387 1369 τὸν
3419 1315 3576 1386 νόμον
3617 1317 3695 1370 τοῦ
3737 1319 3809 1390 τὴν

2311 1406 2470 1475 φύσιν
2499 1407 3018 1477 δημιουργήσαντος.
3050 1407 3136 1458 Ἐν
3165 1407 3348 1468 αὐτοῖς
3377 1405 3434 1458 δέ
3465 1423 3562 1458 που
3592 1409 3688 1469 τοῖς
3706 1410 3809 1464 κατὰ

2311 1500 2470 1569 φύσιν
2502 1499 2823 1571 στρέφεσθαι
2847 1498 2914 1552 τά
2944 1501 3310 1570 ἁμαρτήματα
3329 1539 3344 1562 ,
3387 1499 3643 1569 μηδεμίαν
3669 1503 3807 1554 ἐπεισ-

2309 1593 2506 1660 άγοντα
2542 1591 2866 1662 καινότητα,
2906 1591 2939 1661 ἢ
2976 1592 3059 1643 ὅτι
3103 1591 3258 1661 μόνον
3315 1590 3407 1643 τὸν
3458 1592 3731 1661 πράττοντα
3753 1591 3808 1644 δι-

2310 1682 2521 1751 ελέγχει
2577 1681 2771 1735 ἑκόντα
2814 1679 3265 1751 πλημμελοῦντα·
3307 1680 3384 1741 ὡς
3415 1681 3513 1733 οὐκ
3561 1679 3622 1734 ἀν
3656 1682 3807 1751 ἑτέρως

2243 1755 2283 1810 Β
2309 1773 2598 1845 δυνηθέντα
2648 1772 2978 1844 κατορθοῦν,
3036 1774 3084 1824 εἰ
3143 1773 3216 1843 μὴ
3268 1772 3362 1824 καὶ
3401 1772 3462 1824 τό
3513 1789 3573 1841 γε
3622 1772 3806 1825 ἐναντίον

2311 1859 2452 1933 εἶχεν
2499 1863 2582 1932 ἐφ’
2628 1862 2825 1933 ἑαυτῷ,
2859 1855 2919 1916 οῦ
2969 1861 3064 1934 τὴν
3111 1861 3355 1916 ἑκούσιον
3407 1861 3672 1932 ἀποφυγὴν
3706 1862 3804 1933 πρὸς

2309 1955 2508 2026 ἀρετῆς
2529 1956 2717 2026 κτῆσιν
2741 1955 2869 2026 ἔχει.
2900 1954 3108 2008 Οὐκοῦν
3144 1955 3451 2026 ἀκροτάτης
3474 1954 3642 2016 ἀνοίας
3670 1953 3802 2025 ἔργον,

2313 2047 2487 2118 μάτην
2506 2047 2718 2117 σίδηρον
2751 2047 2783 2118 ἢ
2811 2046 2963 2111 ξύλον
2994 2047 3098 2116 ήτι
3121 2045 3227 2098 τῶν
3256 2044 3431 2099 ἄλλων
3463 2044 3804 2108 distichum!

2312 2137 2387 2210 μὴ
2414 2138 2502 2191 τὸν
2524 2136 2798 2210 χρώμενον
2825 2136 3165 2208 παραλόγως.

2379 2311 2441 2363 Εἰ
2489 2310 2544 2363 δέ
2592 2327 2675 2373 τις
2706 2310 2891 2382 ζητοίη
2922 2309 3010 2363 διὰ
3050 2309 3104 2362 τί
3146 2309 3432 2380 φονεύεταί
3456 2325 3518 2378 γε
3557 2307 3800 2379 ἄνθρωπος,

2310 2397 2463 2464 αὖθις
2501 2401 2597 2470 μὲν
2630 2402 2906 2472 εἰρήσεται
2934 2401 2994 2453 τὸ
3027 2399 3286 2463 πολλάκις
3323 2398 3644 2470 λελεγμένον,
3669 2399 3718 2451 τὸ
3740 2396 3800 2450 διὰ

2307 2491 2360 2546 τί
2425 2488 2518 2545 οὖν
2577 2492 2712 2556 ὅλως
2765 2495 2792 2546 ὁ
2849 2491 3132 2564 ἄνθρωπος
3194 2491 3556 2562 ἀποθνήσκεις
3606 2491 3717 2560 ὅπερ
3767 2490 3800 2541 εί

2308 2584 2540 2655 δειχθείη
2575 2584 2774 2648 κακὸν,
2814 2585 3048 2652 εὐλόγως
3088 2583 3380 2656 ἀνατρέχει
3431 2583 3564 2637 κατὰ
3603 2581 3681 2636 τοῦ
3707 2581 3799 2653 ὡρί-

2311 2680 2555 2748 σαντοςη
2593 2677 2758 2730 αἰτία.
2815 2677 2875 2730 Εἰ
2915 2677 2971 2730 δὲ
3006 2679 3080 2748 μὴ
3123 2678 3295 2731 κακὸν
3329 2677 3570 2740 θάνατος,
3599 2677 3684 2745 τὴν
3708 2690 3798 2741 συγ-

2308 2769 2545 2840 χώρησιν
2588 2769 2744 2839 μόνον
2772 2768 2864 2822 τοῦ
2907 2769 3258 2840 προνοοῦντος
3293 2769 3402 2822 τῶν
3437 2768 3551 2822 καθ’
3589 2767 3707 2838 ἡμᾶς
3738 2763 3795 2828 ἐξ·

2310 2861 2579 2924 εταστέον,
2605 2860 2698 2914 τοῦ
2740 2860 2898 2933 χάριν
2929 2863 3210 2932 ἄνθρωπος
3241 2863 3406 2932 φόνου
3438 2864 3611 2936 τρόπῳ
3636 2862 3795 2933 περιπί-

2311 2971 2430 3006 πτει
2464 2952 2540 3023 τῷ
2577 2953 2650 3026 μὴ
2685 2955 2824 3008 κατά
2855 2954 3014 3023 φύσιν
3038 2955 3191 3026 κακῷ
3225 2956 3471 3028 θανάτῳ·
3496 2958 3582 3010 καὶ
3608 2953 3792 3028 εὑρεθείη

2311 3047 2361 3112 γ’
2396 3044 2459 3098 ἂν
2507 3045 2643 3117 αῦτη
2677 3045 2819 3099 κατά
2865 3047 3062 3110 πολλὰς
3088 3048 3183 3102 καὶ
3214 3049 3466 3112 ποικίλας
3509 3048 3665 3111 αἰτίας
3698 3063 3792 3114 συμ·

2311 3139 2588 3204 ϐαίνουσα,
2623 3140 2714 3205 οὓς
2748 3142 3034 3212 περίεργον
3063 3142 3127 3197 ἂν
3161 3143 3243 3214 εἴη
3284 3143 3639 3214 καταριθμεῖν.

2381 3234 2582 3302 Δικαίῳ
2611 3233 2718 3304 γάρ
2745 3235 2838 3286 καὶ
2859 3233 3028 3303 ἀδίκῳ
3060 3233 3198 3286 κατά
3216 3234 3471 3306 διάφορον
3499 3235 3654 3289 αἰτίαν
3679 3230 3792 3286 me

2313 3325 2622 3394 συμϐαίνει·
2670 3323 2793 3377 οὔτε
2841 3323 2920 3394 τῷ
2964 3325 3155 3396 δικαίῳ
3200 3326 3340 3398 πρὸς
3386 3326 3596 3398 βλάϐην,
3629 3320 3790 3391 alitem?)

2309 3416 2480 3486 ἀδίκῳ
2521 3417 2655 3484 πρὸς
2699 3417 2965 3488 τιμωρίαν
3010 3416 3100 3487 (οὐ
3141 3417 3249 3489 γὰρ
3297 3418 3364 3472 ἂν
3399 3421 3482 3490 εἴη
3525 3417 3726 3489 τιμωρία
3751 3412 3792 3466 τὸ

2311 3507 2455 3582 κατά
2482 3506 2693 3577 φύσιν),
2724 3507 2858 3562 ἀλλά
2897 3509 3032 3579 πρὸς
3065 3509 3392 3582 ὑπόδειγμα,
3421 3510 3453 3582 ἢ
3483 3509 3606 3582 πρὸς
3632 3507 3790 3562 κόλασιν

2311 3600 2620 3670 ἀνηκέστων
2652 3600 2854 3653 κακῶν.
2882 3601 2988 3653 Καί
3011 3600 3176 3654 πολλά
3195 3617 3256 3669 γε
3283 3603 3351 3655 τὰ
3371 3601 3513 3654 αἴτια
3527 3599 3610 3653 τοῦ
3638 3613 3789 3666 συγχω-

2317 3693 2427 3762 ρεῖν
2471 3691 2600 3744 Θεὸν
2645 3692 2963 3760 φονεύεσθαι
3009 3692 3328 3763 ἄνθρωπον·
3379 3693 3529 3764 δῆλον
3555 3685 3788 3761 μέντοι,ὼ;

2309 3780 2460 3834 οὐδὲν
2506 3781 2662 3834 πλέον
2709 3783 2802 3836 τοῦ
2837 3783 2973 3837 κατά
3011 3784 3110 3854 τῆς
3147 3782 3362 3854 φύσεως
3397 3785 3670 3854 ὡρισμένου
3696 3794 3789 3844 cup-

2310 3871 2512 3927 ϐαίνει·
2555 3873 2655 3928 κᾶν
2707 3875 2815 3946 γὰρ
2856 3872 3170 3950 διάφορονῇ
3224 3879 3287 3930 τὸ
3330 3877 3427 3947 τῆς
3475 3872 3786 3948 περιστάσεως,

2312 3963 2544 4034 πυρετοῦ
2587 3981 2645 4018 τε
2685 3966 2778 4020 καὶ
2809 3965 3123 4037 πλησμονῆς
3166 3966 3427 4038 ἀμέτρου,
3462 3965 3494 4036 ἢ
3536 3956 3784 4016 τούναντίον.

2312 4052 2471 4122 λιμοῦ
2493 4095 2506 4116 .
2538 4054 2740 4126 ψύχους
2782 4073 2842 4109 τε
2899 4058 2993 4110 καὶ
3037 4056 3314 4127 καύματος
3341 4097 3354 4121 ,
3391 4054 3621 4128 χώματός
3653 4066 3700 4102 τε
3723 4045 3785 4098 καὶ

2309 4144 2608 4216 λιθασμοῦ,
2648 4147 2832 4216 ξίφους
2885 4165 2944 4200 τε
2983 4149 3077 4201 καὶ
3117 4149 3288 4220 πυρὸς
3345 4149 3436 4202 καὶ
3475 4146 3667 4206 ὓδατος·
3693 4134 3786 4192 ἀλλά

2310 4254 2373 4305 γε
2417 4242 2476 4291 ὲν
2534 4239 2741 4304 τούτοις
2791 4240 2991 4294 ἅπασιν
3029 4240 3086 4295 ἓν
3129 4258 3192 4309 γε
3238 4241 3299 4294 τὸ
3345 4239 3632 4294 ἀποϐαῖνον.
3675 4229 3724 4283 Τί
3755 4225 3784 4277 δ’

2310 4329 2374 4384 ἄν
2434 4329 2518 4401 εἴη
2577 4331 2765 4397 τοῦτος
2819 4332 2880 4386 τδ
2929 4334 3066 4406 πρὸς
3121 4333 3214 4387 τοῦ
3267 4327 3593 4404 Δημιουργοῦ
3659 4317 3785 4376 καλεῖκ

2240 4433 2282 4487 Ῑ)
2310 4437 2372 4488 γε
2413 4422 2506 4475 καί·
2553 4424 2934 4494 προσηκόντως
2980 4425 3282 4498 ὡρισμένον
3341 4424 3480 4480 κατὰ
3520 4418 3689 4480 παντὸς
3720 4409 3783 4466 τοῦ

2307 4513 2513 4580 γένους.

2237 3094 2277 3152 C

1648 4648 1777 4707 Car.
1816 4650 2049 4706 XXVIII.
2092 4650 2312 4722 Sapiens
2345 4655 2526 4708 mundi
2554 4655 2882 4726 gubernatio.

721 4771 814 4828 Sic
850 4772 1032 4844 igitur.
1064 4787 1130 4827 ac
1171 4770 1358 4827 multis
1395 4768 1558 4825 etiam
1595 4767 1718 4824 aliis
1758 4768 1934 4824 modis
1975 4769 2202 4824 demon-

653 4864 810 4921 strari
836 4871 1030 4934 potest,
1064 4864 1198 4918 nihil
1234 4878 1358 4919 esse
1399 4862 1454 4918 in
1490 4861 1693 4916 fabrica
1742 4859 1932 4915 mundi
1967 4859 2205 4928 malum;

653 4971 826 5028 neque
851 4955 1145 5026 quidquam
1188 4955 1243 5009 in
1276 4952 1670 5027 gubernatione
1696 4949 1902 5012 divina,
1932 4949 2075 5019 quod
2120 4965 2209 5005 re-

652 5047 910 5120 prehendi
945 5047 1138 5116 possit,
1168 5047 1261 5103 sed
1299 5047 1481 5102 omnia
1525 5042 1892 5114 inexplicabili
1941 5040 2208 5111 sapientia

652 5142 793 5196 facta
837 5154 980 5204 esse,
1028 5149 1082 5194 et
1114 5139 1449 5208 providentia
1488 5136 1742 5192 ineffabili
1788 5132 2081 5206 gubernari
2108 5151 2121 5187 :
2148 5142 2209 5188 ut

650 5251 758 5290 non
800 5234 870 5290 sit
909 5233 1068 5288 facile
1098 5246 1284 5285 eorum
1329 5247 1447 5301 quae
1497 5247 1524 5285 a
1577 5230 1687 5286 Deo
1727 5229 1868 5283 facta
1910 5236 2056 5293 sunt,
2089 5236 2206 5281 tum

647 5343 770 5397 qua:
802 5327 1012 5388 suavia,
1046 5334 1155 5378 tum
1183 5338 1302 5392 qua:
1325 5324 1500 5376 tristia
1530 5332 1584 5378 et
1609 5323 1835 5377 molesta
1863 5338 1985 5378 esse
2013 5320 2202 5374 viden-

650 5429 760 5480 tur,
805 5417 1068 5472 rationem
1106 5412 1414 5484 perspicere
1442 5427 1506 5466 ac
1545 5412 2006 5483 comprehendere
2043 5430 2057 5464 :
2088 5425 2197 5466 non

725 5592 831 5658 {42)
875 5595 953 5645 Οὐ
980 5593 1087 5656 γὰρ
1123 5587 1327 5658 ἐχρῆν.
1355 5585 1659 5658 Occurrunt
1714 5585 1817 5658 ista
1863 5585 1915 5658 in
1960 5583 2218 5658 Parallel.

658 5657 799 5713 infra
829 5661 882 5714 in
913 5652 1206 5729 smne;
1234 5652 1354 5729 qua:
1383 5657 1470 5712 his
1494 5652 1648 5711 libris
1675 5653 2058 5726 subjecimus§
2090 5669 2160 5708 tv.

913 5659 1104 5731 δυρριε

2385 4772 2534 4827 οὕτω
2568 4775 2665 4844 μὲν
2699 4771 2792 4828 οὖν
2824 4777 2918 4828 καὶ
2955 4775 3095 4829 κατὰ
3127 4773 3349 4839 πολλοὺς
3385 4773 3589 4844 ἑτέρους
3616 4764 3784 4836 τρόπους

2305 4862 2536 4936 δειχθείη
2567 4865 2634 4920 ἂν
2669 4866 2820 4920 οὐδὲν
2846 4866 2954 4919 τῶν
2992 4866 3133 4922 κατὰ
3161 4868 3260 4938 τὴν
3295 4860 3628 4937 δημιουργίαν
3650 4850 3782 4909 κακὸν.

2305 4955 2428 5009 οὔτε
2480 4956 2578 5028 μὲν
2622 4958 2721 5028 τῆς
2764 4955 2912 5019 θείας
2970 4957 3277 5029 οἰκονομίας
3315 4974 3368 5010 τι
3411 4942 3780 5014 διαϐεϐλημένον·

2307 5045 2443 5100 ἀλλά
2471 5046 2648 5100 πάντα
2682 5047 2779 5120 μὲν
2809 5048 3031 5120 ἀρρήτῳ
3059 5047 3219 5118 σοφίᾳ
3249 5042 3592 5115 γεγενημένοιν
3620 5029 3781 5125 ἀρρήἷῳ

2307 5137 2364 5192 δὲ
2396 5140 2622 5211 προνοίᾳ
2651 5139 3028 5211 διοικούμενα·
3072 5141 3147 5204 ὡς
3174 5141 3274 5194 οὐκ
3323 5138 3387 5192 ἂν
3423 5136 3501 5206 εἴη
3529 5129 3680 5204 ῥᾴδιον
3709 5131 3779 5171 των

2309 5229 2442 5299 πρὸς
2473 5229 2607 5283 Θεοῦ
2637 5230 2971 5300 γιγνομὲνων
2999 5229 3250 5302 χρηστῶν
3281 5246 3340 5281 τε
3385 5227 3472 5280 καὶ
3511 5218 3644 5280 αὖθις
3675 5211 3778 5302 ἀνίας

2309 5319 2417 5389 ρῶν
2456 5315 2596 5374 εἶναι
2640 5319 2938 5374 δοκούντων
2979 5321 3072 5374 τὸν
3116 5321 3241 5374 νοῦν
3290 5308 3776 5389 καταμανθάνειν-ου

2303 5385 2412 5483 λάρ
2444 5411 2611 5484 ἐχρῆν
2635 5411 2744 5483 (42)
2771 5429 2858 5481 γε,
2893 5412 2968 5477 ὡς
2993 5412 3158 5477 ἔοικε,
3187 5410 3326 5466 κατά
3351 5385 3457 5470 τοῖς
3484 5404 3627 5458 πᾶσιν
3655 5385 3776 5456 ὑπάίν

2265 5585 2513 5644 Damasc.
2565 5588 2671 5643 litt.
2713 5604 2770 5655 ι,
2803 5588 2890 5645 tit.
2925 5604 3080 5655 mn,
3139 5603 3256 5660 pag.
3323 5585 3440 5647 783,
3477 5590 3624 5636 eaane
3657 5563 3774 5622 habe!
