4064 6290
281 286 416 344 1189
1321 285 1687 344 ADVERSUS
1727 285 2146 344 MANICIUEOS
2181 285 2307 342 LlB.
2348 286 2411 342 lt.
3363 293 3497 348 H90

279 420 393 475 χειν
421 401 518 473 τῆς
541 400 635 456 τοῦ
666 400 798 456 Θεοῦ
827 399 1021 472 σοφίας
1046 401 1158 474 (45)
1190 404 1259 457 τά
1292 405 1585 478 τεκμήρια,
1625 406 1718 461 καὶ
1744 405 1833 459 τὸν
1863 414 1884 468 Δ

1891 424 1907 466 ι
1933 404 2098 468 enim,
2131 412 2189 457 ut
2213 403 2443 465 videtur,
2472 402 2755 471 Oportebat
2793 410 2980 472 patere
3009 403 3265 462 omnibus
3294 407 3496 466 divina:

279 493 514 564 ἄρρητον
551 490 645 544 καὶ
673 490 1053 560 ἀκατάληπτον
1093 490 1217 544 νοῦν
1251 492 1428 564 πάντη
1466 494 1672 565 γυμνὸν
1701 493 1838 548 εἶναι

1939 493 2215 562 sapientiae
2247 491 2448 545 indicia
2489 499 2542 546 ct
2585 499 2820 546 mentem
2860 491 2977 556 Dei,
3013 508 3134 562 quae
3181 510 3281 550 nec
3327 500 3499 569 expli-

280 580 618 654 ἀνθρώποιςο
679 581 811 634 ὅπου
853 599 916 651 γε
963 584 1057 636 καὶ
1115 582 1374 653 βασιλέως
1417 583 1701 656 ἀνθρώπου
1741 589 1837 642 καὶ

1937 584 2048 636 cari
2081 597 2255 651 neque
2280 581 2665 651 comprehendi
2694 589 2894 652 potest,
2929 583 3152 638 omnino
3203 586 3405 640 nudam
3445 595 3499 642 et

279 673 535 745 ἄρχοντος
583 671 729 726 ἐστιν
780 674 868 726 ὅτε
913 674 980 728 τά
1034 673 1258 727 πλεῖστα
1309 674 1416 728 τῶν
1462 675 1838 749 βουλευμάτων

1937 681 2175 743 apertam
2219 687 2342 727 esse
2385 672 2728 736 hominibus;
2777 671 3218 741 quandoquidem
3267 676 3497 743 plurima

281 764 583 834 κέκρυπται
606 763 715 834 (44)
738 780 752 795 °
776 764 851 828 ὼς
873 765 966 818 καὶ
989 764 1046 819 τὺ
1070 764 1437 837 πραττόμενον
1461 767 1651 822 ἄδολον
1675 766 1834 838 εἶναι,

1936 766 2096 820 etiam
2129 764 2368 818 hominis
2408 764 2550 834 regis
2573 765 2803 819 consilia
2837 764 3110 818 interdum
3143 767 3412 832 celantur,
3441 776 3499 822 ut

281 854 386 924 ὅτῳ
419 855 560 925 λόγῳ
585 856 906 926 πράττεται.

1935 857 2076 927 quod
2106 859 2304 926 agitur,
2334 872 2440 926 qua
2476 856 2686 910 ratione
2716 855 2824 921 fiat,
2867 856 3164 926 ignoretur.

349 947 424 998 Οὐ
480 947 658 999 τοίνυν
699 946 909 1018 θαῦμα,
944 950 992 1001 εί
1037 949 1311 1022 ἄνθρωποί
1350 968 1412 1020 γε
1457 951 1532 1023 μὴ
1573 952 1837 1023 χωροῦσιν

2003 946 2179 1013 Quare
2212 963 2317 1001 non
2373 947 2568 1000 mirum
2618 954 2723 1009 est,
2773 948 2819 1001 si
2870 947 3038 1001 totius
3086 948 3497 1017 gubernationis

281 1035 410 1108 ὅλης
429 1037 526 1107 τῆς
551 1037 868 1109 διοικήσεως
893 1038 985 1092 τοῦ
1015 1040 1149 1094 Θεοῦ
1175 1041 1265 1094 τὸν
1289 1042 1464 1111 λόγον,
1481 1038 1561 1108 οἷς
1583 1044 1836 1115 ἁρμόττει

1938 1037 2029 1092 Dei
2059 1040 2318 1092 rationem
2365 1053 2472 1091 non
2505 1038 2830 1107 percipiunt,
2875 1054 3013 1108 quos
3059 1038 3215 1092 decet
3249 1041 3369 1095 sine
3399 1056 3498 1094 cu-

283 1129 374 1181 καὶ
404 1127 526 1199 δίχα
552 1129 645 1182 τοῦ
680 1130 1148 1202 πολυπραγμονεῖν
1181 1133 1499 1188 ὑποκεῖσθαι
1526 1137 1618 1190 καί⁸
1637 1136 1840 1206 ἡσυχά-

1937 1130 2182 1185 riositate
2207 1131 2637 1198 subjectos'esse
2666 1138 2718 1184 et
2747 1131 2931 1193 silere,
2971 1140 3025 1184 et
3058 1132 3280 1186 minime
3305 1147 3495 1186 contra

284 1217 418 1284 ζειν,
452 1221 544 1274 καὶ
571 1221 768 1292 ἥκιστα
797 1224 1072 1294 ἀνταίρειν
1104 1226 1242 1280 κατά
1282 1226 1383 1296 τῆς
1426 1228 1665 1298 ἀρρήτου
1705 1228 1836 1282 διοιο

1937 1221 2173 1276 divinam
2215 1223 2660 1293 gubernationem
2705 1221 2908 1276 dicere.
2957 1223 3109 1292 Saepe
3155 1224 3300 1278 enim
3331 1225 3498 1293 pudet

283 1310 513 1380 κήσεως.
534 1310 796 1376 Πολλάκις
815 1313 920 1384 γάρ
938 1313 1056 1366 ούδέ
1077 1315 1323 1387 τεχνίτην
1339 1317 1511 1369 εῖτουν
1534 1317 1840 1388 οἰκοδομίας

1937 1327 2036 1368 nos
2058 1313 2110 1366 in
2151 1313 2506 1367 architectum
2541 1313 2773 1382 peritum
2808 1323 2899 1366 aut
2927 1313 3308 1368 azdilicatorem
3343 1316 3497 1370 navis

283 1400 318 1472 ἢ
349 1403 654 1472 ναυπηγίας
685 1402 716 1473 ἦ
747 1404 1106 1476 χαλκευτικῆς
1131 1406 1389 1480 ἔμπειρον
1424 1407 1724 1478 αἰδούμενοι
1751 1427 1838 1463 πε-

1935 1413 2210 1472 expertum
2256 1412 2348 1457 aut
2391 1404 2444 1458 in
2476 1405 2689 1458 fabrum
2723 1413 3024 1475 spectatum
3069 1409 3282 1461 curiose
3319 1408 3499 1478 inqui-

289 1491 702 1564 ριεργαζόμεθα,
729 1493 982 1549 ποιοῦντά
1012 1513 1075 1565 γε
1109 1496 1169 1550 τδ
1196 1500 1389 1550 οἰκεῖον
1416 1497 1642 1552 ἕκαστον
1662 1517 1675 1530 ο
1704 1499 1837 1555 ἀλλά

1935 1508 2076 1557 rere,
2108 1509 2226 1548 cum
2252 1494 2483 1564 quisque
2511 1510 2700 1549 eorum
2730 1497 2870 1565 quod
2903 1500 3038 1551 artis
3061 1513 3170 1552 suae
3195 1506 3297 1563 est,
3333 1499 3495 1564 facit;

284 1584 350 1655 τῇ
376 1585 540 1655 πείρα
564 1585 1086 1651 καταπιστεύσαντες
1107 1589 1430 1660 ἐκδεχόμεθα
1451 1587 1673 1663 τοῦργον
1693 1593 1834 1647 ἰδεῖν·

1936 1587 2067 1654 quin
2109 1586 2289 1655 potius
2331 1587 2701 1655 experimento
2739 1587 2953 1650 confisi,
2999 1596 3398 1657 exspectamus,
3438 1595 3497 1641 ut

287 1673 399 1727 ἐστι
429 1675 484 1729 δὲ
511 1677 598 1730 ὅτε
625 1678 716 1732 καὶ
749 1677 1128 1750 σφαλλομένων
1157 1682 1255 1734 οὑκ
1278 1683 1732 1740 ἐπαισθανόιιεθα.

1937 1691 2076 1746 opus
2106 1677 2409 1731 videamus.
2453 1675 2731 1747 Contingit
2762 1678 2925 1732 etiam
2967 1679 3282 1749 aliquando,
3329 1685 3385 1732 ut
3416 1679 3497 1732 la-

1870 1752 1912 1806 Β
1942 1783 2094 1838 psum
2131 1783 2316 1822 eorum
2351 1783 2457 1823 non
2490 1771 2808 1824 sentiamus.

357 1853 423 1906 Τί
453 1853 496 1907 δ’
531 1853 596 1908 ἂν
643 1853 891 1927 εἴποιμεν
942 1857 1068 1928 περὶ
1113 1856 1214 1928 τῆς
1261 1856 1401 1930 ὑπὲρ
1444 1858 1657 1912 ἅπαντα
1717 1857 1840 1911 νοῦν

2011 1853 2148 1918 Quid
2183 1854 2429 1908 dicemus
2455 1855 2522 1909 de
2546 1855 2812 1925 sapientia
2838 1855 2953 1920 Dei,
2981 1857 3072 1926 qui
3105 1873 3321 1914 onmem
3352 1875 3499 1916 men-

287 1944 476 2013 σοφίας
518 1942 611 1997 τοῦ
645 1943 800 2012 Θεοῦ,
829 1946 897 2016 ἢν
945 1947 1186 2019 προσῆκε
1231 1947 1483 2011 νοοῦντάς
1537 1966 1596 2001 τε
1642 1949 1839 2020 καὶμὴ

1937 1950 2043 1997 tem
2073 1953 2126 1998 et
2160 1945 2567 2015 intelligentiam
2619 1955 2857 2016 supcrat,
2891 1964 3049 2018 quam
3082 1950 3297 2018 quidem
3335 1966 3498 2021 opor-

286 2035 536 2101 νοοῦντας
561 2037 953 2109 ἐκπλήττεσθαί
985 2056 1043 2092 τε
1085 2040 1178 2093 καὶ
1203 2042 1366 2111 τιμᾷν
1391 2057 1406 2107 ;
1451 2041 1512 2093 Εἰ
1537 2040 1592 2094 δέ
1623 2058 1724 2105 τις,
1753 2040 1840 2094 διά

1939 2037 2084 2090 tebat
2107 2037 2219 2090 sive
2253 2053 2374 2090 eam
2414 2037 2796 2107 intelligentes.
2833 2041 2949 2093 sive
2985 2055 3092 2094 non
3133 2041 3498 2111 intelliget-tes

285 2126 346 2179 τὸ
374 2127 447 2198 μὴ
497 2126 930 2198 καταλαμϐάνειν
955 2129 1045 2182 τὸν
1078 2129 1233 2199 λόγον
1275 2130 1384 2185 τῶν
1432 2131 1688 2184 πλειόνων
1732 2131 1839 2184 τῶν

1937 2127 2320 2197 obstupescere
2347 2135 2399 2181 et
2428 2129 2735 2184 honorare?
2770 2130 2826 2184 Si
2865 2132 2987 2200 quis
3014 2147 3141 2187 vero
3170 2135 3294 2202 quia
3337 2136 3499 2188 ratio-

288 2217 424 2288 πρὸς
453 2218 547 2271 τοῦ
584 2217 718 2271 Θεοῦ
767 2219 1099 2287 γιγνομένων
1121 2261 1135 2286 ,
1166 2221 1385 2274 ἐκπέσοι
1437 2222 1570 2294 πρὸς
1609 2223 1840 2286 ἀτόπους

1938 2234 2060 2274 nem
2108 2221 2400 2275 multorum
2436 2236 2556 2290 quae
2598 2237 2627 2275 a
2669 2221 2775 2277 Deo
2809 2223 2961 2288 fiunt,
3018 2239 3124 2278 non
3159 2227 3491 2296 assequitur,

288 2306 427 2360 κατά
460 2307 593 2359 Θεοῦ
622 2307 795 2373 δόξας,
828 2309 1157 2374 ἀθλιώτατος
1199 2312 1293 2364 καὶ¹
1333 2311 1450 2364 λίαν
1481 2312 1588 2384 (45)
1617 2313 1840 2383 ἀνόητος

1937 2311 2146 2366 decidat
2173 2311 2229 2365 in
2263 2313 2530 2368 absurdas
2552 2315 2619 2367 de
2652 2313 2760 2368 Deo
2799 2315 3109 2384 Opiniones,
3149 2319 3491 2373 miserrimus

288 2400 316 2452 ὁ
344 2398 600 2463 τοιοῦτος,
637 2402 770 2472 αὐτῇ
801 2417 864 2470 γε
893 2404 957 2473 τῇ
993 2403 1278 2472 τυφλότητι
1308 2403 1406 2475 τῆς
1444 2405 1578 2468 ίδίας
1605 2405 1841 2470 διανοίας

1937 2411 1992 2459 et
2025 2405 2178 2459 valde
2209 2407 2408 2461 stultus
2447 2416 2500 2461 et
2539 2407 2805 2477 insipiens
2835 2418 2939 2467 est.
2977 2410 3065 2465 hic
3099 2411 3215 2480 ipsa
3245 2412 3488 2466 caecitate

287 2490 465 2562 ὁδηγῷ
510 2491 817 2562 χρώμενος·
864 2493 1050 2564 ὥσπερ
1091 2497 1120 2548 ό
1161 2495 1349 2566 Μάνης
1387 2498 1414 2550 ό
1440 2497 1840 2570 χαλεπωτάτην

1937 2497 2133 2551 mentis
2176 2513 2287 2552 suae
2335 2505 2590 2568 tanquam
2637 2501 2774 2555 duce
2812 2510 2990 2566 utens,
3037 2512 3095 2557 ut
3139 2502 3492 2567 Manichaaus,

293 2578 488 2654 μανίαν
518 2584 658 2638 κατά
699 2601 761 2653 γε
793 2585 900 2639 τῶν
933 2584 1082 2656 αὐτῷ
1134 2584 1466 2658 πειθομένων
1515 2589 1836 2659 ἐπινοήσαςο

1938 2588 2030 2659 qui
2085 2589 2352 2644 insaniam
2393 2591 2868 2647 sceleratissimam
2909 2602 3098 2648 contra
3149 2611 3244 2651 eos
3296 2601 3386 2666 qui
3445 2598 3493 2652 ei

287 2675 411 2728 ἐπεὶ
441 2675 514 2746 μὴ
564 2676 826 2730 κατέλαὸε
857 2677 982 2731 τίνα
1021 2678 1217 2749 τρόπον
1256 2679 1324 2732 τὰ
1377 2678 1497 2732 καθ’
1529 2680 1673 2750 ἡμᾶς
1709 2679 1840 2733 διοι-

1939 2681 2306 2748 crediderunt,
2352 2685 2718 2754 excogitavit:
2750 2687 2868 2756 qui,
2909 2687 3037 2752 quia
3087 2703 3192 2740 non
3230 2688 3496 2742 intellexit

289 2767 498 2831 κεῖται,
542 2767 796 2841 δευτέραν
824 2771 997 2840 ἀρχὴν
1044 2770 1274 2842 ἄναρχον
1319 2771 1515 2835 κακίας
1548 2771 1838 2838 ἐπλάσατο,

1939 2772 2210 2840 quomodo
2245 2781 2430 2825 nostra
2463 2771 2604 2828 Deus
2639 2775 2986 2844 gubernaret,
3021 2778 3319 2832 secundum
3349 2781 3496 2846 prin-

291 2858 381 2912 ἴνα
431 2861 522 2912 καί⁵
559 2861 663 2914 τῶν
707 2861 818 2915 ἀνω
853 2862 1059 2934 σφαλῇ,
1098 2864 1190 2916 καὶ
1242 2864 1307 2918 τά
1346 2864 1494 2918 κάτω
1546 2863 1732 2935 νοῆσαι
1767 2863 1842 2937 μὴ

1940 2863 2139 2933 eipium
2192 2863 2490 2932 ingenitum
2535 2865 2788 2934 nequitia:
2838 2866 3011 2930 finxit,
3056 2875 3113 2921 ut
3159 2868 3228 2923 ab
3267 2869 3334 2923 iis
3377 2884 3497 2938 qua:

291 2949 636 3022 συγχωρηθῇ,
666 2951 884 3005 τοιαῦτα
912 2953 1052 3007 κατὰ
1083 2953 1176 3007 τοῦ
1210 2953 1342 3007 Θεοῦ
1377 2955 1483 3008 τῶν
1507 2954 1640 3008 ὅλων
1671 2953 1839 3008 πλατ-

1941 2963 2067 3008 suut
2089 2969 2250 3024 supra
2285 2953 2666 3022 delaberetur;
2698 2965 2749 3010 et
2766 2971 2830 3012 ea
2865 2972 2985 3027 quae
3023 2958 3164 3013 infra
3201 2969 3258 3013 ut
3290 2960 3493 3014 intelli-

288 3041 531 3112 τόμενος,
560 3038 650 3097 οἷά
675 3061 738 3112 γε
766 3044 862 3117 τὴν
888 3046 1233 3110 ἀνεξικακίαν
1271 3047 1434 3101 αὑτοῦ
1458 3049 1554 3118 τὴν
1583 3049 1838 3103 ἀνωτάτω
1873 3106 1893 3118 ι

1894 3107 1906 3118 _
1940 3054 2108 3116 geret,
2143 3061 2248 3099 non
2279 3046 2329 3101 ei
2377 3047 2790 3111 concederetur,
2826 3064 2888 3104 ea
2923 3051 2976 3103 in
3009 3048 3174 3105 Deum
3215 3051 3499 3106 universo-

289 3106 610 3203 κηρύττεινθ
639 3106 797 3190 διεῖλε
821 3106 928 3210 Ζγάρ
964 3106 1032 3191 τά
1065 3138 1158 3192 τοῦ
1193 3138 1348 3204 Θεοῦ,
1389 3140 1481 3193 καὶ
1510 3106 1578 3193 τά
1619 3139 1842 3194 πλεῖστά
1867 3106 1894 3164 ί

1894 3107 1908 3163 τ’
1943 3153 2059 3191 rum
2099 3141 2327 3208 fingens,
2368 3153 2487 3207 qua:
2513 3140 2826 3208 patientiam
2859 3141 2977 3208 ejus
3015 3141 3334 3196 altissimam
3365 3158 3499 3212 prte-

291 3241 355 3292 γε
379 3225 608 3298 ἀνέθηκε
640 3231 704 3300 τῇ
735 3229 808 3302 μὴ
837 3229 966 3302 οῦσῃ
988 3232 1154 3303 κακίᾳ
1173 3249 1186 3262 ·
1218 3233 1481 3298 παντοίως
1511 3233 1842 3306 βλασφημῶν

1940 3231 2186 3286 dicarent
2214 3249 2227 3284 ε
2259 3230 2439 3285 divisit
2472 3232 2615 3285 enim
2648 3244 2710 3285 ea
2750 3245 2869 3300 qua:
2895 3231 2983 3285 Dei
3028 3240 3187 3298 sunt;
3226 3241 3278 3288 et
3307 3249 3493 3289 eorum

292 3315 383 3371 τὸν
413 3321 782 3393 Δημιουργὺν,
820 3324 883 3377 ὲκ
927 3325 1124 3390 κακίας
1173 3325 1488 3394 συγκεῖσθαι
1528 3325 1700 3395 λέγων
1748 3326 1840 3380 τοῦ

1941 3323 2172 3392 plurima
2204 3321 2269 3374 ad
2313 3323 2605 3392 nequitiam
2637 3337 2757 3392 quae
2808 3322 2940 3374 nihil
2991 3330 3094 3388 est,
3127 3325 3313 3377 retulit
3345 3342 3357 3376 :
3386 3341 3495 3378 om-

291 3405 425 3463 Θεοῦ
450 3409 520 3464 τά
546 3412 963 3487 κατορθώματα.

1941 3415 2102 3470 nibus
2151 3414 2328 3468 modis
2363 3414 2418 3468 in
2464 3413 2632 3468 Deum
2673 3414 3038 3485 blasphemus,
3078 3416 3170 3486 qui
3200 3415 3298 3483 ait,
3331 3431 3495 3488 opera

1942 3506 2083 3561 bona
2121 3503 2210 3560 Dei
2251 3504 2554 3575 composita
2583 3518 2705 3559 esse
2731 3519 2797 3558 ex
2821 3503 3080 3573 nequitia.

1394 3620 1521 3678 Car.
1555 3621 1743 3678 XXIX.
1787 3625 2056 3680 Elementa
2098 3621 2410 3677 necessaria.

360 3736 425 3789 Τί
450 3734 629 3789 τοίνυν
653 3737 784 3807 φαίη
813 3735 878 3789 ἂν
910 3737 1038 3808 περὶ
1067 3737 1174 3791 τῶν
1205 3740 1385 3811 ἀρχῶν
1403 3740 1510 3794 τῶν
1536 3741 1837 3811 σωμάτων;

2002 3742 2140 3809 Quid
2185 3740 2348 3810 igitur
2375 3738 2582 3792 diceret
2628 3737 2695 3791 de
2725 3736 3009 3808 principiis
3042 3750 3332 3806 corporum
3376 3753 3496 3806 quae

291 3827 563 3898 Τέσσαρες
599 3826 694 3897 μὲν
720 3827 825 3898 γὰρ
854 3823 1032 3892 αὗται,
1063 3828 1099 3883 ἃ
1136 3829 1198 3900 δὴ
1235 3832 1328 3883 καὶ
1368 3831 1549 3883 καλεῖν
1589 3831 1841 3886 εἰώθασιν

1937 3840 2171 3902 quatuor
2227 3830 2494 3884 elementa
2563 3825 2824 3896 appellari
2886 3824 3323 3880 consueverunt?
3376 3843 3497 3896 quae

289 3918 527 3989 τέσσαρα
556 3921 788 3988 στοιχεῖα
811 3934 825 3948 ·
866 3917 1008 3990 ἅπερ
1039 3920 1256 3974 ἐναντία
1292 3919 1389 3990 μὲν
1432 3921 1696 3992 ἀλλήλοις,
1748 3926 1842 3977 καὶ⁹

1937 3923 2153 3994 quidem
2199 3921 2472 3974 contraria
2509 3919 2651 3973 inter
2693 3933 2751 3972 se
2780 3925 2927 3980 sunt,
2973 3924 3026 3970 et
3070 3915 3306 3986 perfecte
3334 3932 3499 3988 oppo-

291 4010 532 4081 ἀκριϐῶς
555 4011 900 4081 ἀντικείμενα
919 4027 932 4040 ·
975 4010 1124 4064 οὐδὲν
1152 4011 1210 4064 δέ
1238 4011 1440 4065 τούτων
1468 4013 1749 4068 ἀποτελεῖν
1788 4033 1840 4069 τι

1938 4017 2061 4077 sita,
2093 4011 2299 4065 nullum
2345 4017 2522 4063 autem
2557 4009 2750 4062 horum
2777 4015 2953 4078 potest
2977 4008 3273 4078 quidquam
3315 4024 3408 4077 per
3438 4024 3496 4064 se

292 4101 412 4156 καθ’
440 4103 597 4156 ἐαυτὸ
629 4101 848 4156 δύναται
871 4119 885 4132 ·
910 4103 963 4155 τί
983 4102 1091 4175 γάρ
1124 4102 1189 4156 ἂν
1211 4103 1295 4173 εἴη
1316 4103 1376 4156 τὸ
1406 4105 1565 4174 ξηρὸν
1597 4105 1723 4158 ἀνευ
1746 4105 1840 4159 τοῦ

1942 4103 2165 4158 efﬁcere.
2209 4099 2346 4166 Quid
2378 4101 2522 4154 enim
2570 4098 2696 4164 erit,
2748 4097 2956 4151 scilicet
2987 4097 3055 4151 ad
3097 4099 3494 4168 generationem

291 4193 492 4264 ὑγροῦ;
526 4193 557 4264 ἢ
582 4193 631 4248 τί
660 4193 703 4247 δ’
730 4193 795 4248 ἂν
825 4193 908 4265 εἴη
941 4194 999 4247 τὸ
1023 4194 1221 4264 θερμὸν
1245 4194 1364 4265 δίχα
1389 4195 1482 4248 τοῦ
1507 4196 1745 4268 ψυχροῦ;
1776 4198 1838 4250 Et

1942 4193 2205 4263 corporis,
2254 4192 2459 4247 siccum
2497 4191 2615 4246 sine
2648 4191 2910 4245 humido?
2958 4201 3051 4245 aut
3085 4191 3215 4261 quid
3259 4190 3494 4246 calidum

289 4282 384 4340 οὖν
411 4286 665 4341 ἐναντίων
686 4287 898 4351 σύνοδος
930 4286 1179 4340 ἀποτελεῖ
1204 4286 1381 4357 σῶμα,
1423 4291 1549 4340 ποῖα
1579 4289 1685 4341 τῶν
1714 4306 1838 4342 τεσ-

1942 4287 2058 4340 sine
2084 4285 2317 4355 frigido?
2349 4283 2405 4337 Si
2439 4284 2602 4352 igitur
2631 4283 3030 4338 contrariorum
3073 4283 3386 4352 conjunctio
3414 4283 3495 4338 ef-

273 4375 472 4448 ’σάρων
493 4379 695 4442 ἐκεῖνος
719 4377 977 4450 ἀναθήσει
993 4381 1057 4449 τῇ
1087 4378 1284 4442 κακίας
1310 4378 1342 4449 ἢ
1366 4382 1490 4432 ποῖα
1515 4378 1593 4450 τῷ
1613 4379 1835 4450 ἀγαθῷς
1869 4401 1878 4454 1

1890 4402 1912 4454 )
1943 4376 2046 4430 ficit
2071 4391 2291 4444 corpus,
2329 4389 2575 4444 quamam
2620 4373 2710 4428 ille
2737 4388 2804 4427 ex
2835 4382 3069 4443 quatuor
3101 4373 3382 4427 elementis
3411 4387 3495 4426 re-

290 4469 354 4522 Εί
381 4468 489 4542 γὰρ
532 4470 590 4521 ἐν
621 4471 732 4531 τοῖς
765 4469 928 4522 πᾶσιν
971 4467 1172 4537 ἀγαθοῦ
1211 4485 1270 4521 τε
1304 4469 1398 4522 καὶ
1440 4469 1607 4523 κακοῦ
1645 4471 1840 4541 κρᾶσιν

1940 4465 2074 4522 feret
2115 4467 2182 4521 ad
2214 4466 2549 4536 nequitiam?
2591 4473 2685 4518 aut
2713 4479 2834 4535 qua:
2881 4465 2948 4519 ad
2981 4464 3217 4520 bonum?
3264 4463 3320 4518 Si
3349 4465 3491 4519 enim

290 4557 636 4625 φαντάζεται,
671 4558 976 4626 ἐπάναγκες
1015 4558 1207 4612 διελεῖν
1238 4559 1318 4623 είς
1346 4558 1439 4613 δύο
1471 4561 1539 4614 τά
1568 4560 1834 4632 τέσσαρα’

1938 4557 2268 4613 Manichaus
2292 4558 2346 4611 in
2369 4557 2626 4612 omnibus
2654 4556 2937 4612 elementis
2969 4557 3274 4612 mistionem
3291 4557 3415 4611 boni
3441 4563 3495 4609 et

289 4649 384 4704 καὶ
414 4649 586 4703 ταῦτα
616 4651 789 4703 είτουν
837 4650 1016 4720 ἐξίσης
1045 4650 1345 4722 διαστῆσαι,
1386 4651 1419 4723 ἢ
1455 4651 1580 4722 τρία
1620 4652 1749 4724 πρὸς
1781 4651 1841 4707 ἓν

1937 4653 2061 4706 mali
2087 4652 2415 4722 cogitatione
2436 4650 2608 4720 ﬁngit,
2635 4664 2858 4705 necesse
2883 4657 2967 4704 est
2990 4648 3235 4704 dividere
3258 4657 3495 4719 quatuor

289 4742 540 4813 χωρίσαι*
569 4741 682 4797 ἀλλ’
703 4743 840 4814 ὅπερ
866 4742 931 4796 ἂν
958 4743 1218 4814 ἀπονέμοι
1247 4743 1324 4814 τῷ
1352 4742 1562 4814 ἀγαθῷ,
1592 4744 1836 4817 εὑρεθείη

1937 4745 1993 4799 in
2023 4745 2152 4809 duo,
2183 4752 2235 4799 et
2260 4744 2374 4799 haec
2403 4743 2613 4798 scilicet
2637 4742 2922 4812 aequaliter
2952 4755 3242 4811 separare;
3273 4742 3358 4796 vel
3389 4744 3492 4796 tria

291 4833 358 4887 ἂν
403 4833 524 4888 καθ’
554 4833 714 4888 ἑαυτὸ
751 4832 949 4904 βλάψαι
1003 4833 1296 4904 δυνάμενον
1315 4850 1328 4863 ·
1381 4834 1530 4888 οὐδὲν
1575 4835 1683 4904 γὰρ
1731 4835 1840 4890 τῶν

1939 4835 1992 4890 in
2040 4851 2244 4891 unum:
2279 4843 2335 4890 at
2366 4836 2729 4905 quodcunque
2781 4833 2980 4887 referat
3028 4833 3093 4886 ad
3138 4832 3360 4899 bonum,
3407 4849 3493 4888 re-

286 4925 562 4996 τεσσάρων
589 4925 844 4996 ἄκρατον,
886 4925 979 4980 καὶ
1025 4926 1142 4997 οὐχὶ
1183 4925 1481 4998 σφοιλερόν⁹
1507 4927 1703 4981 αὐτίκα
1744 4929 1839 4980 καὶ

1937 4927 2174 4999 perielur
2201 4942 2360 4996 posse
2383 4941 2480 4996 per
2509 4941 2567 4979 se
2589 4939 2820 4990 nocere;
2857 4924 2983 5001 quia
3008 4924 3218 4978 multum
3263 4938 3328 4978 ex
3359 4941 3492 4994 qua-

288 5015 346 5067 ἐν
373 5017 440 5086 τῇ
473 5015 664 5086 κράσει
704 5016 766 5069 τὸ
797 5013 1085 5078 πλεονάζον
1133 5015 1353 5086 ὀλέθρου
1389 5017 1595 5085 γίνεται
1621 5016 1698 5087 τῷ
1736 5016 1838 5070 σώ-

1937 5027 2060 5074 tuor
2089 5017 2370 5073 elementis
2401 5023 2486 5071 est
2519 5030 2715 5086 purum
2755 5029 2818 5068 ac
2848 5030 3078 5080 merum,
3110 5024 3164 5069 et
3207 5028 3316 5068 non
3351 5015 3495 5085 peri-

289 5121 418 5174 ματι
449 5106 754 5176 παραίτιον,
790 5106 863 5170 ὥς
895 5124 1057 5176 φασιν
1079 5109 1128 5159 oi
1162 5109 1364 5160 τούτων
1392 5109 1660 5179 ἔμπειροι.

1936 5111 2218 5174 culosum;
2251 5122 2314 5162 ac
2343 5109 2603 5161 continuo
2629 5105 2772 5177 quod
2824 5107 2878 5160 in
2921 5107 3173 5163 mistione
3202 5105 3488 5169 redundat,

1933 5201 2163 5255 edicitur
2192 5199 2407 5268 corpori
2441 5212 2609 5253 causa
2639 5197 2914 5261 interitus,
2948 5206 3008 5252 ut
3056 5198 3210 5251 aiun't
3241 5196 3334 5267 qui
3366 5205 3494 5249 sunt

1936 5290 1989 5343 in
2018 5289 2102 5344 bis
2138 5289 2297 5358 periti
2324 5296 2377 5341 et
2405 5287 2710 5344 exercitati.

353 5366 417 5419 El
452 5367 626 5421 τοίνυν
656 5368 717 5422 τὸ
765 5369 860 5423 μὲν
893 5370 1093 5441 θερμὸν
1143 5370 1263 5424 καθ’
1297 5369 1457 5423 ἑαυτὸ
1501 5369 1664 5425 καίει.
1688 5371 1747 5423 τὸ
1779 5371 1840 5424 δὲ

2005 5381 2063 5436 Si
2107 5395 2236 5452 ergo
2277 5381 2513 5434 calidum
2559 5380 2776 5450 quidem
2821 5395 2918 5450 per
2963 5395 3022 5435 se
3075 5378 3202 5441 urit,
3235 5375 3491 5448 frigidum

317 5521 462 5602 ~(illi)
508 5523 765 5607 Τῆς-τοῦ
796 5525 958 5607 ,Θερῦ
1004 5527 1243 5607 οςοφίας.
1286 5526 1342 5580 In
1390 5525 1586 5607 Paralln.
1638 5527 1837 5582 desunt

796 5525 958 5607 ,Θερῦ
1004 5527 1243 5607 οςοφίας.
1286 5526 1342 5580 In
1390 5525 1586 5607 Paralln.
1638 5527 1837 5582 desunt
1933 5537 2068 5602 ὅλως
2098 5551 2198 5607 pro
2229 5536 2375 5607 ὅλης.

283 5592 613 5678 τῆςεσρφίας.
642 5593 760 5649 Mox
796 5596 942 5678 ibid;
956 5592 1247 5678 yvcb_ptpov_
1270 5613 1370 5667 pro
1402 5599 1638 5678 γυμνόν..
1821 5677 1829 5678 7

1408 5599 1638 5678 γυμχόνο,
1821 5677 1829 5678 ί
1947 5592 2115 5678 ίαδὶ
2153 5609 2263 5663 Καὶ
2293 5592 2455 5662 ἁὶαν.
2485 5605 2684 5662 Parall.
2714 5605 2807 5659 καὶ
2838 5603 3013 5678 πάλιν.

349 5663 460 5732 (ﬂ)
499 5663 848 5735 Κέκρυπται.
903 5663 1096 5721 Parati.
1131 5663 1676 5737 ’κρύπτεται.”Ρουιο
1716 5677 1836 5738 post
