4038 6288
587 278 720 334 1191

1694 277 1829 332 TITI
1875 276 2302 334 BOSTRENSIS
2337 279 2640 336 EPISCOPI

3665 281 3819 338 U9!

581 411 711 450 vero
742 393 1045 466 refrigerat,
1077 395 1281 449 siccum
1316 403 1494 447 autem
1531 393 1723 458 siccat,
1755 401 1811 448 et
1848 393 2125 449 humidum

2231 397 2435 470 ψυχρὸν
2460 398 2642 469 ψύχει,
2683 397 2922 468 ξηραίνει
2955 395 3010 448 δὲ
3046 395 3106 448 τὸ
3147 394 3327 467 ξηρὸν,
3365 397 3704 461 κατακλύζει
3757 403 3821 456 δὲ

581 487 862 543 humorem
914 483 1280 554 elIicit:quod
1331 484 1524 537 horum
1577 481 1684 537 Deo
1731 483 1988 538 attribuct
2039 485 2140 539 iste

585 577 812 648 planus?
844 577 1019 646 ipsum
1065 575 1208 629 cnim
1252 590 1449 644 corpus
1493 582 1664 628 totum
1713 585 2138 628 consentaneum

585 676 670 721 est
697 681 759 720 ex
794 665 859 719 iis
885 665 1165 718 elementis
1209 664 1426 718 mistum
1468 679 1609 724 esse,
1655 679 1722 717 ex
1753 664 1950 733 quibus
1991 680 2138 718 eom-

581 758 815 826 positum
858 763 940 810 est
978 765 1031 810 et
1065 770 1159 824 per
1206 771 1266 810 se
1303 754 1536 810 exsistit.
1591 753 1662 808 Ut
1707 766 1887 809 autem
1941 772 2137 809 unum-

578 846 831 918 quodque
860 848 1183 900 elementum
1211 847 1280 898 sit
1311 861 1377 898 ex
1404 845 1658 900 mistione
1689 860 1872 897 eorum
1905 847 2140 899 elemen—

579 949 757 993 torum
805 954 868 994 ex
921 939 1120 1007 quibus
1165 937 1221 990 ﬁt
1264 938 1444 992 mistio
1495 951 1811 1005 corporum,
1864 935 1975 988 ῐίιτὶ
2031 951 2138 987 non

577 1039 774 1101 potest.

646 1120 1008 1185 Quamobrem
1057 1122 1196 1176 ratio
1231 1137 1341 1175 non
1373 1121 1598 1190 patitur,
1651 1129 1710 1174 ut
1749 1118 2001 1189 quodque
2031 1118 2138 1171 sin-

573 1217 762 1284 gulare
807 1225 858 1268 ct
889 1214 1228 1269 individuum
1259 1215 1583 1269 elementum
1614 1215 1667 1266 in
1716 1213 1824 1265 duo
1861 1212 2136 1266 contraria

577 1307 839 1376 principia
874 1307 1167 1367 dividatur,
1209 1314 1264 1361 et
1293 1306 1476 1359 mistio
1524 1305 1788 1374 cujusque
1831 1318 2020 1358 eorum
2056 1302 2138 1355 in-

574 1399 930 1452 traducatur:
965 1411 1123 1464 quam
1151 1396 1293 1449 enim
1325 1395 1771 1464 compositionem
1807 1392 2137 1462 excogitabit

576 1492 630 1544 in
676 1492 822 1546 sicco
862 1490 1117 1558 deceptor
1161 1489 1305 1544 iste?
1347 1503 1507 1558 quam
1545 1488 1849 1542 mistionem
1893 1486 1944 1538 in
1989 1498 2138 1538 mero

573 1593 630 1638 et
664 1597 800 1653 puro
849 1583 1009 1650 igne?
1054 1589 1146 1633 aut
1179 1595 1340 1650 quam
1390 1579 1905 1649 coagmentationem
1958 1577 2010 1630 in
2044 1576 2138 1630 fri-

573 1675 720 1745 gido,
762 1673 905 1745 quod
953 1688 1014 1726 ex
1061 1679 1174 1724 toto
1209 1671 1464 1742 frigidum
1502 1670 1626 1726 est?
1672 1669 1920 1725 similiter
1954 1668 2007 1722 in
2037 1669 2138 1722 hu-

574 1767 742 1821 Inido.

645 1857 770 1912 Haec
793 1857 936 1912 enim
964 1855 1126 1910 unius
1149 1852 1355 1916 formae,
1389 1861 1445 1908 et
1478 1853 1752 1908 individua
1781 1855 1942 1924 plane
1973 1865 2128 1916 sunt;

573 1955 633 2000 ut
662 1946 868 2000 nullum
900 1946 1089 1997 horum
1123 1958 1218 2012 per
1249 1958 1306 1998 se
1341 1943 1513 2012 possit
1553 1943 1842 2008 exsistere,
1878 1942 1969 1997 sed
2011 1942 2132 1994 aliis

568 2037 842 2105 junctum.

2239 491 2298 542 τὸ
2323 491 2485 562 ὑγρόν
2509 507 2522 522 ·
2559 493 2708 542 ποῖον
2736 491 2992 558 λογιεῖται
3021 487 3224 540 τούτων
3251 490 3279 540 ὁ
3311 488 3509 552 πλάνος
3540 488 3620 559 τῷ
3648 489 3815 561 eaq);

2239 583 2368 635 αὐτὸ
2397 582 2494 650 μὲν
2519 581 2626 652 γὰρ
2671 581 2789 634 ὅλον
2816 581 2876 633 τὸ
2912 579 3072 650 σῶμα
3097 580 3291 648 κρᾶσιν
3318 579 3462 650 ἔχειν
3495 581 3562 634 ἐκ
3597 581 3819 637 τούτων

2239 677 2382 738 εἰκὸς
2416 675 2482 728 δι’
2515 667 2590 727 ὧν
2627 675 2719 726 κα)⁵
2767 676 3046 740 σύγκειται
3093 671 3183 724 καὶ
3215 673 3547 742 ὑφέστηκεν·
3592 674 3688 742 ἀφ’
3732 669 3815 728 ὧν

2237 766 2292 819 δὲ
2323 768 2355 834 ἠ
2405 767 2598 836 κρᾶσις
2630 767 2695 818 ἐκ
2741 767 2985 835 κράσεως
3026 759 3164 818 εἶναι
3215 764 3464 829 ἕκαστον,
3512 766 3616 819 οὐκ
3660 768 3816 821 ἐνδεῖ-

2240 874 2408 926 χεται.

2311 1115 2469 1168 Ὥστε
2497 1115 2595 1168 οὐκ
2641 1113 2752 1184 ἐχει
2782 1113 2934 1181 λόγον
2960 1113 3137 1167 αὐτῶν
3179 1130 3242 1182 γε
3271 1113 3378 1167 τῶν
3409 1113 3627 1184 ἀτόμων
3657 1131 3815 1168 στοι-

2238 1206 2398 1276 χείων
2429 1206 2653 1258 ἕκαστον
2685 1204 3066 1276 καταμερίξειν
3094 1208 3172 1269 εἰς
3205 1206 3450 1269 ἐναντίας
3477 1204 3568 1258 δύο
3598 1205 3812 1277 ἀρχὰς,

2239 1299 2331 1350 καὶ
2369 1299 2560 1368 κρᾶσιν
2594 1296 2770 1350 αὐτῶν
2811 1295 3039 1349 ἑκάστου
3080 1297 3446 1368 εἰσηγεῖσθαι’
3489 1297 3650 1352 ποίαν
3688 1299 3812 1370 γὰρ

2239 1391 2512 1460 ἐπινοήσει
2557 1388 2634 1458 τῷ
2687 1386 2835 1460 ξηρῷ
2880 1387 3124 1441 σύνθεσιν
3168 1391 3196 1442 ό
3254 1388 3484 1455 πλάνος;
3534 1391 3697 1444 ποίαν
3744 1390 3810 1445 δί

2239 1483 2434 1552 κρᾶσιν
2481 1480 2557 1550 τῷ
2607 1480 2830 1551 ἀκράτῳ
2879 1480 3044 1552 πυρί;
3088 1480 3120 1550 ἢ
3170 1479 3292 1533 τίνα
3361 1481 3679 1554 συμπλοκὴν
3720 1483 3808 1554 τῷ

2236 1573 2444 1644 ψυχρῷ,
2474 1572 2665 1643 ψυχρῷ
2705 1572 2877 1626 διόλου
2921 1573 3269 1642 τυγχάνοντι;
3305 1573 3702 1646 παραπλησίως
3745 1574 3808 1628 δέ

2243 1667 2333 1719 καὶ
2359 1664 2434 1735 τῷ
2456 1664 2626 1735 ὑγρῷ.

2307 1839 2567 1910 Μονοειδῆ
2596 1840 2705 1910 γὰρ
2733 1840 2824 1891 καὶ
2868 1839 3136 1911 ἀμέριστα
3169 1839 3352 1908 σαφῶς
3392 1838 3563 1894 ταῦτα
3590 1857 3687 1908 tua,
3701 1841 3806 1910 χά-

2237 1949 2344 1984 νει·
2381 1931 2520 1983 ὥστε
2548 1932 2748 1983 τούτων
2770 1930 2998 1983 ἕκαστον
3025 1930 3145 1983 οὐδὲ
3175 1930 3439 2002 ὑποσταίη
3462 1930 3582 1985 καθ’
3608 1932 3803 1997 ἑαυτὸ,

2236 2023 2370 2076 ἀλλὰ
2401 2023 2494 2074 καὶ
2525 2023 2618 2074 σῦν
2651 2021 2897 2091 ἀλλήλοις
2923 2021 3033 2090 ἔχει
3055 2022 3114 2074 τὺ
3137 2017 3294 2075 εἶναι.

1517 2167 1644 2223 CAP.
1687 2166 1850 2221 XXX.
1893 2167 2038 2236 Ignis
2067 2167 2314 2235 optimus.
2347 2161 2573 2215 Manetis
2600 2160 2865 2214 delirium.

640 2285 846 2341 Insanit
869 2285 1033 2355 igitur
1064 2292 1116 2338 et
1142 2283 1358 2353 quidem
1395 2284 1718 2355 gravissima
1745 2283 1976 2347 insania,
2003 2298 2127 2337 cum

572 2388 779 2450 partem
810 2378 1025 2447 quidem
1069 2378 1207 2449 ignis
1246 2379 1378 2432 dicit
1409 2393 1532 2433 esse
1571 2376 1721 2442 boni,
1761 2384 1970 2446 partem
1998 2389 2127 2430 vero

571 2471 717 2526 mali.
751 2469 847 2524 Est
880 2480 1056 2524 autem
1097 2485 1317 2524 necesse
1347 2469 1421 2522 illi
1456 2468 1559 2522 hoc
1589 2467 1766 2522 facere
1798 2468 1853 2522 in
1887 2468 2127 2522 elemen-

567 2565 666 2624 tis,
713 2569 766 2617 et
816 2561 1076 2623 dividere,
1124 2576 1242 2630 qua:
1276 2559 1443 2614 dividi
1471 2574 1578 2613 non
1629 2569 1888 2628 possunt;
1923 2560 2127 2614 siccum

569 2656 714 2709 enim
745 2669 808 2708 ex
834 2661 946 2706 toto
977 2655 1180 2706 siccum
1209 2658 1311 2715 est,
1335 2659 1388 2705 et
1425 2664 1522 2719 per
1559 2664 1618 2704 se
1649 2650 1870 2704 siccitas
1897 2649 2128 2719 simplex

568 2753 655 2801 est
685 2754 739 2801 et
768 2746 931 2799 unius
961 2744 1146 2797 formae
1173 2762 1184 2797 :
1213 2750 1264 2796 et
1290 2742 1542 2812 frigidum
1586 2757 1762 2810 neque
1800 2741 2128 2812 cogitatione

568 2837 734 2890 dividi
767 2843 967 2906 potest,
1021 2849 1142 2887 cum
1178 2834 1249 2888 sit
1279 2849 1445 2887 unum
1486 2847 1550 2886 ac
1598 2834 1830 2903 simplex
1869 2849 1934 2888 ex
1975 2840 2122 2898 toto;

569 2929 821 2982 similiter
855 2927 1136 2980 humidum
1163 2933 1216 2981 et
1245 2925 1502 2979 calidum.

2302 2279 2565 2333 Μαίνεται
2611 2276 2897 2347 τοιγαροῦν
2953 2276 3144 2347 μανίαν
3199 2276 3472 2347 χαλεπὴν,
3509 2277 3643 2331 ὅταν
3699 2277 3804 2330 τοῦ

2235 2367 2404 2438 πυρὸς
2448 2366 2508 2418 τὸ
2552 2366 2651 2436 μέν
2675 2382 2729 2418 τι
2776 2365 2866 2417 τοῦ
2899 2364 3101 2432 ἀγαθοῦ
3133 2365 3352 2434 φάσκει,
3390 2364 3452 2418 τὸ
3494 2365 3552 2417 δέ
3592 2382 3650 2418 τι
3697 2365 3801 2418 τοῦ

2235 2459 2405 2515 κακοῦ
2426 2475 2439 2488 ·
2477 2462 2647 2514 ποιεῖν
2669 2458 2725 2511 δέ
2760 2457 2916 2510 τοῦτο
2943 2458 3248 2526 ἐπάναγκες
3274 2457 3420 2528 αὐτῷ
3445 2460 3538 2512 καὶ
3563 2459 3658 2512 ἐπὶ
3683 2458 3799 2513 τῶν

2237 2553 2536 2623 ποιοτήτων
2558 2553 2667 2604 τῶν
2696 2550 3004 2622 στοιχείων,
3040 2551 3133 2604 καὶ
3169 2550 3389 2623 διαιρεῖν
3416 2551 3484 2603 τὰ
3526 2550 3799 2623 διαίρεσιν

2238 2646 2312 2716 μὴ
2343 2644 2698 2714 ἐπιδεχόμενα
2719 2660 2734 2674 ’
2764 2645 2881 2695 τότε
2909 2643 3016 2713 γὰρ
3062 2644 3221 2715 ξηρδν
3269 2644 3440 2697 διόλου
3477 2643 3660 2716 ξηρὸν,
3698 2647 3797 2699 καὶ

2234 2735 2595 2806 αὑτοξηρότης
2629 2733 2774 2804 ἁπλῆ
2799 2751 2856 2787 τε
2889 2736 2982 2787 καὶ
3009 2735 3284 2805 μονοειδής
3304 2753 3316 2766 ·
3362 2737 3453 2789 καὶ
3498 2737 3556 2790 τὸ
3581 2737 3796 2809 ψυχρὸν

2230 2827 2351 2881 οὐδέ
2381 2830 2459 2890 είς
2487 2827 2725 2880 ἐπίνοιαν
2748 2825 3060 2896 διαιρέσεως
3087 2827 3258 2880 ἐλθεῖν
3285 2828 3599 2898 δυνάμενον,
3637 2831 3697 2883 ἓν
3726 2848 3792 2883 τε

2235 2920 2329 2973 καὶ
2355 2918 2559 2972 ἁπλοῦν
2604 2917 2775 2970 διόλου
2812 2919 3102 2986 τυγχάνον·
3140 2918 3280 2970 οὕτω
3309 2918 3371 2990 δὴ
3402 2921 3496 2972 καὶ
3527 2920 3590 2972 τὸ
3621 2921 3792 2992 ὑγρὸν

2232 3011 2325 3064 καὶ
2351 3011 2411 3064 τὸ
2433 3010 2651 3080 θερμόν.

638 3101 778 3168 Quid
810 3101 972 3171 igitur
1014 3101 1067 3153 in
1100 3101 1220 3170 igne
1251 3099 1355 3154 erit
1399 3098 1532 3152 Dei?
1563 3106 1616 3153 et
1646 3097 1774 3167 quid
1805 3106 1994 3153 contra
2022 3099 2125 3152 erit

2303 3102 2367 3154 Τί
2399 3102 2574 3154 τοίνυν
2606 3101 2698 3153 τοῦ
2734 3100 2902 3172 πυρὸς
2937 3099 3085 3152 ἔσται
3112 3099 3204 3153 τοῦ
3231 3100 3435 3169 ἀγαθοῦ
3465 3102 3576 3172 (46)
3611 3105 3708 3157 καὶ
3735 3107 3787 3157 τί

567 3189 866 3260 nequitiae?
914 3188 1352 3259 quandoquidem
1394 3202 1570 3258 neque
1620 3187 1942 3242 divisionem
1985 3188 2126 3242 reci-

567 3283 666 3353 pit,
703 3296 877 3350 neque
924 3280 1232 3335 mistionem
1281 3265 1510 3349 accepi't,
1547 3293 1670 3332 cum
1721 3279 1791 3332 sit
1837 3293 2030 3347 purum
2073 3286 2126 3333 et

566 3390 798 3429 merum.
828 3373 1041 3442 Corpus
1069 3371 1212 3426 enim
1246 3371 1505 3424 dividitur
1535 3371 1724 3426 saltem
1755 3370 2120 3439 cogitatione:

567 3483 777 3520 merum
822 3474 1002 3520 autem
1038 3465 1362 3520 elementum
1393 3463 1664 3532 quomodo
1714 3479 1780 3518 ex
1829 3464 2123 3518 contrariis

563 3541 924 3627 compositum
952 3572 1072 3611 esse
1100 3555 1272 3609 videri
1317 3555 1532 3624 potest?
1561 3554 1818 3624 quidnam
1859 3555 2121 3608 contrarii

563 3651 802 3720 cogitare
835 3649 959 3720 quis
988 3656 1163 3719 potest
1196 3649 1251 3701 in
1278 3663 1414 3718 puro
1441 3647 1598 3718 igne?

637 3743 692 3795 Si
721 3743 884 3812 igitur
916 3742 1339 3812 unumquodque
1370 3749 1454 3795 est
1485 3755 1552 3795 ex
1583 3747 1697 3793 toto
1727 3739 2120 3808 periculosum,

562 3836 769 3891 nullum
793 3849 980 3888 eorum
1014 3849 1108 3902 per
1131 3847 1188 3887 se
1218 3831 1514 3885 secundum
1544 3833 1812 3886 rationem
1841 3830 2120 3886 Manichaﬂ

561 3937 823 3997 congruet
856 3928 1020 3989 bono,
1045 3925 1138 3980 sed
1163 3928 1344 3996 potius
1377 3927 1557 3980 omnia
1587 3926 1893 3981 referentur
1910 3925 1976 3979 ad
2004 3941 2120 3978 ma-

563 4020 715 4072 lum:
751 4025 1010 4088 praeterea
1041 4033 1146 4072 non
1189 4025 1350 4072 erunt
1371 4033 1601 4086 corpora
1644 4033 1710 4072 ex
1750 4019 1922 4072 altero
1968 4032 2120 4071 com-

562 4110 759 4176 posita,
787 4111 927 4178 quod
958 4115 1042 4162 est
1084 4111 1322 4163 alienum
1365 4125 1394 4162 a
1429 4110 1782 4164 {illidamcnto
1814 4109 2114 4162 Manichaai.

631 4198 912 4264 Quomodo
935 4208 1112 4254 autem
1145 4202 1412 4255 videbitur
1440 4201 1486 4255 ei
1512 4201 1565 4254 in
1605 4201 1746 4272 igne,
1768 4203 1872 4256 hoc
1895 4202 2116 4270 quidem

561 4306 682 4344 esse
714 4289 974 4350 salutare.
1009 4291 1152 4358 quod
1173 4301 1257 4346 est
1284 4291 1432 4354 boni,
1466 4292 1570 4346 hoc
1611 4307 1740 4347 vero
1775 4290 2115 4345 mortiferum

560 4387 614 4432 et
652 4393 836 4441 urens,
869 4377 1011 4446 quod
1043 4387 1126 4433 est
1159 4380 1305 4440 mali,
1341 4380 1445 4434 nisi
1477 4381 1666 4435 insane
1699 4381 1862 4450 ﬁngat
1909 4382 2116 4435 mistio-

2231 3193 2535 3246 τούναντίον
2581 3191 2673 3244 τοῦ
2723 3190 2927 3255 κακοῦ;
2976 3191 3134 3242 ὁπότε
3166 3192 3428 3262 διαίρεσιν
3458 3195 3558 3247 οὐκ
3607 3195 3784 3248 ἐπιδέυ

2232 3301 2409 3354 χεται,
2439 3283 2622 3354 ἐπειδή
2648 3297 2711 3351 γε
2745 3281 2862 3334 οὐδὲ
2890 3284 3082 3352 κρᾶσιν
3109 3280 3412 3347 ἐπεδέξατο,
3443 3285 3679 3354 ἄκρατον
3707 3285 3780 3339 δν.

2232 3373 2304 3426 Τὸ
2337 3373 2564 3444 μὲνγὰρ
2612 3372 2668 3425 ἓν
2713 3372 2869 3443 σῶμα
2922 3374 3017 3425 καὶ
3061 3374 3344 3446 διαιρεῖται
3392 3377 3457 3447 τῇ
3491 3375 3621 3444 γοῦν
3671 3381 3781 3431 ἐπι-

2230 3466 2376 3536 νοίᾳο
2421 3465 2482 3516 τὸ
2528 3464 2583 3516 δὲ
2643 3463 2876 3534 ἄκρατον
2929 3467 3186 3534 στοιχεῖον
3244 3466 3362 3530 πῶς
3421 3467 3481 3532 ἐξ
3531 3470 3784 3524 ἐναντίων

2231 3556 2545 3624 συγκεῖσθαι
2587 3554 2784 3621 δόξειεν
2835 3556 2932 3620 iv;
2987 3557 3145 3611 ποίαν
3187 3557 3244 3610 δέ
3299 3559 3394 3612 καὶ
3436 3561 3782 3632 ἐναντιότητα

2227 3647 2506 3717 λογίσηται
2537 3647 2600 3700 ἀν
2625 3664 2708 3709 τις
2741 3648 2962 3718 ἀκράτῳ
2993 3650 3157 3720 πυρί;

2298 3740 2358 3791 Εἰ
2403 3739 2579 3791 τοίνυν
2616 3739 2839 3792 ἕκαστον
2881 3740 3175 3808 ἐπισφαλὲς
3220 3741 3393 3794 διόλου
3437 3743 3559 3795 καθ’
3602 3743 3776 3804 ἑαυτὸ,

2225 3831 2374 3884 οὐδὲν
2405 3831 2584 3884 αὐτῶν
2616 3830 2755 3884 κατά
2794 3831 2883 3883 τὸν
2909 3829 3004 3883 τοῦ
3047 3831 3318 3896 Μάνεντος
3361 3833 3518 3902 λόγον
3557 3835 3776 3905 ἁρμόσει

2223 3923 2302 3994 τῷ
2332 3922 2538 3994 ἀγαθῷ,
2564 3923 2698 3977 ἀλλά
2737 3924 2912 3976 πάντα
2954 3923 3052 3994 μέν
3089 3925 3432 3978 ἀνακείσεται
3469 3928 3548 3997 τῷ
3591 3931 3773 3997 κακῷ·

2225 4017 2322 4068 οὐκ
2344 4015 2492 4068 ἔσται
2520 4016 2575 4068 δὲ
2605 4015 2671 4068 τὰ
2706 4014 2927 4084 σώματα
2952 4015 3010 4081 ἐξ
3039 4016 3222 4087 ἐτέρου
3255 4019 3608 4089 συγκείμενα,
3629 4021 3775 4074 ἀλλο-

2223 4109 2387 4179 τρίως
2413 4111 2478 4180 τῇ
2506 4108 2598 4161 τοῦ
2623 4107 2894 4170 Μάνεντος
2923 4108 3192 4162 ὑποθέσει.

2294 4198 2417 4261 Πῶς
2445 4198 2501 4250 δὲ
2538 4195 2684 4266 αὐτῷ
2710 4196 2770 4249 τὸ
2811 4197 2907 4268 μέν
2934 4213 2986 4248 τι
3011 4196 3104 4249 τοῦ
3135 4198 3302 4268 πυρὸς
3327 4198 3466 4264 δόξει
3510 4201 3771 4273 θεραπευ-

2221 4290 2388 4353 τικὸν,
2420 4291 2540 4342 ὅσον
2564 4286 2655 4340 τοῦ
2682 4287 2906 4355 ἀγαθοῦ,
2932 4289 2989 4340 τὸ
3013 4289 3069 4341 δέ
3091 4306 3143 4340 τι
3168 4289 3407 4358 όλέθριον
3433 4292 3527 4344 καὶ
3559 4310 3774 4346 καυστι-

2223 4383 2336 4446 κὺν,
2366 4383 2486 4434 ὅσον
2515 4381 2608 4433 τοῦ
2639 4380 2830 4442 κακοῦ,
2856 4381 2904 4433 εί
2933 4381 3006 4452 μὴ
3037 4381 3130 4435 καὶ
3155 4382 3261 4434 τῶν
3294 4385 3560 4453 σωμάτων
3587 4387 3774 4456 κρᾶσιν

562 4483 683 4522 nem
709 4468 1096 4522 elementorum
1133 4483 1199 4522 ex
1238 4469 1379 4522 bono
1410 4477 1464 4523 et
1492 4487 1556 4524 ex
1588 4472 1766 4525 malo?
1805 4472 1949 4542 quod
1997 4473 2116 4541 qui-

2227 4473 2420 4540 ἀγαθοῦ
2451 4490 2508 4524 τε
2536 4474 2628 4525 καὶ
2655 4473 2824 4526 κακοῦ
2856 4473 3096 4542 μανικῶς
3125 4475 3482 4542 ἐφαντάζετο;
3515 4479 3652 4547 ὅπερ
3674 4476 3774 4529 οἰόο

561 4560 682 4613 dem
712 4560 758 4614 si
790 4567 964 4628 putet,
994 4568 1218 4629 cogetur
1264 4560 1502 4615 tribuere
1535 4561 1661 4627 Deo,
1698 4579 1818 4631 quz-e
1867 4564 2012 4617 volet
2051 4578 2112 4616 ex

560 4660 794 4718 quatuor
835 4651 1138 4714 elementis,
1194 4667 1313 4721 quae
1352 4668 1415 4706 ex
1460 4660 1572 4706 toto
1611 4661 1665 4705 et
1711 4653 1986 4708 individue
2021 4655 2113 4706 tali

561 4750 754 4795 natura
796 4742 1016 4812 praedita
1045 4751 1173 4798 sunt
1193 4782 1206 4806 ,
1233 4753 1285 4797 et
1315 4750 1568 4797 cernetur
1585 4742 1828 4796 conﬁteri
1851 4744 2115 4799 exsistere

557 4847 620 4884 ex
659 4830 765 4884 Duo
803 4847 1033 4895 merum,
1062 4840 1113 4886 et
1136 4848 1230 4902 per
1251 4848 1310 4886 ευ
1350 4846 1570 4885 nocens.
1597 4829 1796 4882 Dividit
1825 4837 2003 4882 autem
2037 4831 2114 4882 in-

557 4936 725 4974 sanus
749 4930 995 4974 naturam
1027 4925 1167 4992 ignis
1208 4920 1563 4984 individuam,
1609 4919 1796 4973 dicens
1826 4918 1970 4971 aliud
1993 4933 2112 4971 esse

555 5011 610 5062 in
653 5009 774 5079 igne
806 5010 1063 5073 salutare,
1099 5009 1242 5064 aliud
1264 5025 1394 5065 vero
1432 5023 1598 5064 urens
1633 5026 1647 5064 :
1680 5007 2111 5077 nonintelligens

557 5102 844 5162 barbarus,
877 5101 931 5154 in
961 5117 1060 5155 usu
1087 5104 1225 5173 ignis
1264 5119 1384 5157 esse
1405 5102 1747 5163 divisionem,
1780 5113 1886 5153 non
1923 5100 1974 5152 in
2015 5115 2111 5153 na-

555 5204 674 5248 tura
711 5195 850 5265 ignis
877 5205 896 5260 ;
925 5193 1085 5262 hujus
1112 5197 1254 5251 enim
1286 5198 1452 5250 nimia
1487 5196 1882 5266 propinquitas,
1932 5195 2111 5264 perni-

552 5287 664 5340 cies
691 5295 808 5352 est;
842 5286 1116 5341 moderata
1153 5304 1279 5342 vero
1310 5289 1564 5343 distantia
1603 5304 1848 5344 securam
1888 5289 2108 5358 partici-

555 5381 823 5445 pationem
855 5379 1053 5433 caloris
1078 5379 1228 5434 aﬂ'ert
1251 5398 1264 5445 ,
1289 5396 1410 5434 cum
1442 5382 1642 5451 alioqui
1664 5382 1778 5450 ipsn
1809 5381 1894 5434 vis
1915 5380 2104 5435 urendi

554 5471 689 5533 sola,
749 5487 868 5540 quae
902 5472 1116 5541 quidem
1157 5481 1239 5527 est
1285 5473 1446 5542 ignis,
1486 5474 1791 5528 necessaria
1830 5474 1900 5527 sit
1939 5492 1952 5527 :
1997 5473 2106 5527 haec

622 5621 730 5692 (16)
783 5625 1040 5694 Ἀγαθοῦ.
1088 5625 1241 5680 Boni.
1301 5624 1390 5679 Sic
1440 5641 1602 5695 snpra
1666 5629 1825 5680 vertit
1880 5625 2182 5690 Turrianus

2222 4579 2378 4631 μενος
2405 4561 2874 4633 ἀναγκασθήσεται
2903 4565 3190 4632 ἀπονεῖμαι
3217 4564 3294 4634 τῷ
3321 4564 3511 4636 ἀγαθῷ
3539 4569 3645 4619 τῶν
3667 4585 3773 4620 τετε

2219 4657 2396 4725 σάρων
2429 4654 2721 4724 στοιχείων,
2769 4655 2910 4725 άπερ
2957 4657 3021 4709 ἂν
3071 4655 3231 4721 θέλοι,
3272 4657 3541 4728 ὀλόκληρά
3581 4677 3639 4712 τε
3685 4662 3772 4716 καὶ

2215 4746 2513 4816 ἀδιαίρετα,
2543 4746 2712 4811 οῦτως
2753 4749 2941 4819 ἔχοντα
2975 4742 3163 4817 φύσει·
3197 4751 3291 4802 καὶ
3318 4752 3615 4822 ὀφθήσεται
3648 4756 3770 4824 ὀμο-

2213 4836 2386 4903 λογῶν
2427 4837 2662 4908 ὑπάρξαι
2709 4841 2802 4892 καὶ
2843 4841 2906 4892 ἐκ
2950 4841 3083 4893 Θεοῦ
3126 4841 3360 4911 ἄκρατόν
3403 4859 3462 4894 τε
3516 4847 3612 4896 καλ⁸
3656 4844 3768 4898 καθ’

2213 4929 2374 4979 ἑαυτὸ
2403 4928 2711 4997 βλαπτικόν.
2743 4933 2946 5002 Διαιρεῖ
2971 4932 3027 4984 δὲ
3051 4933 3078 4984 ὁ
3103 4933 3323 5001 ἀνόητος
3346 4933 3439 4986 τοῦ
3471 4936 3642 5004 πυρὸς
3680 4937 3770 5005 τὴν

2213 5020 2513 5092 ἀδιαίρετον
2551 5022 2730 5090 φύσιν,
2759 5024 2819 5077 τὺ
2855 5024 3240 5095 θεραπευτικὸν
3270 5026 3453 5098 ἕτερον
3486 5028 3650 5080 αὐτοῦ
3687 5029 3768 5080 λέ-

2212 5127 2323 5177 γων
2362 5107 2520 5174 εἶναι,
2565 5115 2658 5166 καὶ
2699 5115 2760 5167 τὸ
2801 5117 3088 5170 καυστικὸν
3119 5117 3335 5186 ἕτερον·
3391 5119 3466 5189 μὴ
3508 5121 3707 5183 συνιεὶς
3743 5121 3770 5171 ό

2214 5200 2506 5273 βάρϐαρος,
2536 5202 2609 5265 ὡς
2638 5205 2696 5255 ἐν
2721 5207 2784 5274 τῇ
2820 5206 3010 5276 χρήσει
3049 5206 3080 5275 ἡ
3122 5206 3403 5276 διαίρεσις,
3444 5208 3559 5261 ἀλλ’
3586 5211 3685 5262 οὐκ
3713 5211 3765 5262 ἐν

2209 5296 2276 5364 τῇ
2311 5293 2466 5362 φύσει
2507 5295 2598 5347 τοῦ
2628 5297 2797 5367 πυρός
2820 5314 2832 5326 ·
2868 5296 3053 5350 τούτου
3081 5298 3186 5369 γὰρ
3216 5303 3248 5370 ὴ
3282 5300 3378 5369 μὲν
3402 5301 3642 5372 ἄμετρος
3679 5304 3765 5370 ἐγ·

2212 5385 2380 5454 γὺτης
2416 5385 2693 5456 ἐπιϐουλὴ,
2735 5390 2767 5457 ὴ
2812 5387 2867 5440 δὲ
2900 5389 3090 5459 μετρία
3133 5389 3414 5453 διάστασις
3452 5391 3665 5461 ἀσφαλῆ
3704 5407 3764 5460 γε

2213 5476 2366 5546 φέρει
2405 5476 2502 5546 τὴν
2550 5478 2836 5546 μετουσίαν
2857 5495 2868 5508 ·
2905 5478 3075 5541 ἄλλως
3104 5495 3160 5531 τε
3191 5480 3323 5532 αὐτὸ
3367 5480 3430 5550 δὴ
3462 5482 3522 5535 τὸ
3555 5495 3766 5536 καυστι-
