  <div class='ocr_page' id='page_1' title='image "/cluster/home/n/w/nwhite01/storage/ocr_20150623/18/mdp.39015008168943/622.png"; bbox 0 0 4038 6288; ppageno 0'>
   <div class='ocr_carea' id='block_1_1' title="bbox 223 267 1845 343">
    <p class='ocr_par' dir='ltr' id='par_1_1' title="bbox 223 267 1845 334">
     <span class='ocr_line' id='line_1_1' title="bbox 223 267 1845 334; baseline -0.008 0"><span class='ocrx_word' id='word_1_1' title='bbox 223 275 260 334; x_wconf 76' lang='grc'><strong>1</strong></span> <span class='ocrx_word' id='word_1_2' title='bbox 273 277 302 334; x_wconf 75' lang='grc'><strong>1</strong></span> <span class='ocrx_word' id='word_1_3' title='bbox 315 277 398 334; x_wconf 79' lang='lat'><strong>9&#39;5</strong></span> <span class='ocrx_word' id='word_1_4' title='bbox 1293 267 1658 326; x_wconf 73' lang='lat' dir='ltr'><strong>ADVERSUS</strong></span> <span class='ocrx_word' id='word_1_5' title='bbox 1695 267 1845 323; x_wconf 71' lang='lat' dir='ltr'><strong>MAN</strong></span> 
     </span>
    </p>
   </div>
   <div class='ocr_carea' id='block_1_2' title="bbox 1943 267 3491 343">
    <p class='ocr_par' dir='ltr' id='par_1_2' title="bbox 1943 267 3491 343">
     <span class='ocr_line' id='line_1_2' title="bbox 1943 267 3491 343; baseline -0.002 -20"><span class='ocrx_word' id='word_1_6' title='bbox 1943 267 2116 325; x_wconf 61' lang='lat' dir='ltr'><strong>IEOS</strong></span> <span class='ocrx_word' id='word_1_7' title='bbox 2152 268 2280 325; x_wconf 83' lang='lat' dir='ltr'><strong>LIB.</strong></span> <span class='ocrx_word' id='word_1_8' title='bbox 2321 269 2386 325; x_wconf 76' lang='grc' dir='ltr'><strong>ΙΙ.</strong></span> <span class='ocrx_word' id='word_1_9' title='bbox 3353 283 3491 343; x_wconf 61' lang='lat'><strong>“9‘</strong></span> 
     </span>
    </p>
   </div>
   <div class='ocr_carea' id='block_1_3' title="bbox 221 382 1845 461">
    <p class='ocr_par' dir='ltr' id='par_1_3' title="bbox 221 382 1833 455">
     <span class='ocr_line' id='line_1_3' title="bbox 221 382 1833 455; baseline -0.004 -11"><span class='ocrx_word' id='word_1_10' title='bbox 221 390 343 445; x_wconf 80' lang='grc' dir='ltr'><strong>κδν</strong></span> <span class='ocrx_word' id='word_1_11' title='bbox 371 385 469 441; x_wconf 82' lang='grc' dir='ltr'><strong>τοῦ</strong></span> <span class='ocrx_word' id='word_1_12' title='bbox 516 383 687 455; x_wconf 80' lang='grc' dir='ltr'>πυρὸς</span> <span class='ocrx_word' id='word_1_13' title='bbox 718 383 811 437; x_wconf 74' lang='grc' dir='ltr'>καὶ</span> <span class='ocrx_word' id='word_1_14' title='bbox 849 383 1010 455; x_wconf 85' lang='grc' dir='ltr'>μόνον</span> <span class='ocrx_word' id='word_1_15' title='bbox 1052 383 1366 452; x_wconf 85' lang='grc' dir='ltr'>ἀναγκαῖον,</span> <span class='ocrx_word' id='word_1_16' title='bbox 1401 383 1536 455; x_wconf 80' lang='grc' dir='ltr'>ὅπερ</span> <span class='ocrx_word' id='word_1_17' title='bbox 1583 383 1677 438; x_wconf 79' lang='grc' dir='ltr'>καὶ</span> <span class='ocrx_word' id='word_1_18' title='bbox 1719 382 1833 455; x_wconf 79' lang='grc' dir='ltr'>πῦρ</span> 
     </span>
    </p>
   </div>
   <div class='ocr_carea' id='block_1_4' title="bbox 1943 382 3499 461">
    <p class='ocr_par' dir='ltr' id='par_1_4' title="bbox 1943 385 3499 461">
     <span class='ocr_line' id='line_1_4' title="bbox 1943 385 3499 461; baseline 0.012 -21"><span class='ocrx_word' id='word_1_19' title='bbox 1943 385 2074 440; x_wconf 70' lang='lat' dir='ltr'><strong>enim</strong></span> <span class='ocrx_word' id='word_1_20' title='bbox 2099 385 2275 440; x_wconf 91' lang='lat' dir='ltr'><strong>mollit</strong></span> <span class='ocrx_word' id='word_1_21' title='bbox 2306 395 2360 440; x_wconf 90' lang='lat' dir='ltr'><strong>et</strong></span> <span class='ocrx_word' id='word_1_22' title='bbox 2393 386 2670 457; x_wconf 83' lang='lat' dir='ltr'><strong>liquefacit</strong></span> <span class='ocrx_word' id='word_1_23' title='bbox 2706 404 2768 445; x_wconf 89' lang='lat' dir='ltr'><strong>ea</strong></span> <span class='ocrx_word' id='word_1_24' title='bbox 2800 405 2922 461; x_wconf 71' lang='lat' dir='ltr'><strong>quae</strong></span> <span class='ocrx_word' id='word_1_25' title='bbox 2952 391 3020 448; x_wconf 84' lang='lat' dir='ltr'><strong>ad</strong></span> <span class='ocrx_word' id='word_1_26' title='bbox 3045 400 3205 452; x_wconf 74' lang='lat' dir='ltr'><strong>“usum</strong></span> <span class='ocrx_word' id='word_1_27' title='bbox 3238 412 3499 458; x_wconf 84' lang='lat' dir='ltr'><strong>necessa-</strong></span> 
     </span>
    </p>
   </div>
   <div class='ocr_carea' id='block_1_5' title="bbox 220 475 1845 560">
    <p class='ocr_par' dir='ltr' id='par_1_5' title="bbox 220 475 1832 552">
     <span class='ocr_line' id='line_1_5' title="bbox 220 475 1832 552; baseline -0.002 -19"><span class='ocrx_word' id='word_1_28' title='bbox 220 479 510 552; x_wconf 80' lang='grc' dir='ltr'><strong>τυγχάνει</strong></span> <span class='ocrx_word' id='word_1_29' title='bbox 535 493 550 507; x_wconf 74' lang='grc' dir='ltr'><strong>ο</strong></span> <span class='ocrx_word' id='word_1_30' title='bbox 579 475 738 529; x_wconf 84' lang='grc' dir='ltr'>τοῦτο</span> <span class='ocrx_word' id='word_1_31' title='bbox 761 475 870 548; x_wconf 85' lang='grc' dir='ltr'>γὰρ</span> <span class='ocrx_word' id='word_1_32' title='bbox 897 477 991 530; x_wconf 63' lang='grc' dir='ltr'><strong>καί⁸</strong></span> <span class='ocrx_word' id='word_1_33' title='bbox 1019 476 1276 547; x_wconf 85' lang='grc' dir='ltr'>μαλάττει</span> <span class='ocrx_word' id='word_1_34' title='bbox 1298 476 1392 529; x_wconf 75' lang='grc' dir='ltr'>καὶ</span> <span class='ocrx_word' id='word_1_35' title='bbox 1417 475 1574 547; x_wconf 83' lang='grc' dir='ltr'>τήκει</span> <span class='ocrx_word' id='word_1_36' title='bbox 1601 476 1668 529; x_wconf 81' lang='grc' dir='ltr'><strong>τά</strong></span> <span class='ocrx_word' id='word_1_37' title='bbox 1697 477 1832 547; x_wconf 84' lang='grc' dir='ltr'>πρὸς</span> 
     </span>
    </p>
   </div>
   <div class='ocr_carea' id='block_1_6' title="bbox 1943 475 3500 560">
    <p class='ocr_par' dir='ltr' id='par_1_6' title="bbox 1943 477 3500 560">
     <span class='ocr_line' id='line_1_6' title="bbox 1943 477 3500 560; baseline 0.012 -29"><span class='ocrx_word' id='word_1_38' title='bbox 1943 477 2017 532; x_wconf 87' lang='lat' dir='ltr'><strong>rio</strong></span> <span class='ocrx_word' id='word_1_39' title='bbox 2036 477 2400 533; x_wconf 77' lang='lat' dir='ltr'><strong>adhibentur:</strong></span> <span class='ocrx_word' id='word_1_40' title='bbox 2437 485 2496 533; x_wconf 87' lang='lat' dir='ltr'><strong>ut</strong></span> <span class='ocrx_word' id='word_1_41' title='bbox 2537 480 2673 534; x_wconf 86' lang='lat' dir='ltr'><strong>nihil</strong></span> <span class='ocrx_word' id='word_1_42' title='bbox 2721 482 2867 538; x_wconf 83' lang='lat' dir='ltr'><strong>aliud</strong></span> <span class='ocrx_word' id='word_1_43' title='bbox 2899 484 2974 539; x_wconf 82' lang='lat' dir='ltr'><strong>sit</strong></span> <span class='ocrx_word' id='word_1_44' title='bbox 3002 486 3164 558; x_wconf 82' lang='lat' dir='ltr'><strong>ignis,</strong></span> <span class='ocrx_word' id='word_1_45' title='bbox 3205 504 3371 560; x_wconf 80' lang='lat' dir='ltr'><strong>quam</strong></span> <span class='ocrx_word' id='word_1_46' title='bbox 3415 497 3500 550; x_wconf 85' lang='lat' dir='ltr'><strong>vis</strong></span> 
     </span>
    </p>
   </div>
   <div class='ocr_carea' id='block_1_7' title="bbox 219 563 1845 641">
    <p class='ocr_par' dir='ltr' id='par_1_7' title="bbox 219 563 1832 641">
     <span class='ocr_line' id='line_1_7' title="bbox 219 563 1832 641; baseline -0.002 -19"><span class='ocrx_word' id='word_1_47' title='bbox 219 570 342 640; x_wconf 80' lang='grc' dir='ltr'>τὴν</span> <span class='ocrx_word' id='word_1_48' title='bbox 370 567 565 641; x_wconf 84' lang='grc' dir='ltr'><strong>χρείαν</strong></span> <span class='ocrx_word' id='word_1_49' title='bbox 591 565 903 635; x_wconf 79' lang='grc' dir='ltr'><strong>ἀναγκαίως</strong></span> <span class='ocrx_word' id='word_1_50' title='bbox 927 565 1344 638; x_wconf 83' lang='grc' dir='ltr'><strong>προσφερόμενα</strong></span> <span class='ocrx_word' id='word_1_51' title='bbox 1368 581 1382 594; x_wconf 87' lang='grc'><strong>·</strong></span> <span class='ocrx_word' id='word_1_52' title='bbox 1417 563 1492 628; x_wconf 86' lang='grc' dir='ltr'>ὡς</span> <span class='ocrx_word' id='word_1_53' title='bbox 1523 565 1690 637; x_wconf 81' lang='grc' dir='ltr'>μηδὲν</span> <span class='ocrx_word' id='word_1_54' title='bbox 1713 565 1832 619; x_wconf 78' lang='grc' dir='ltr'>ἓτε-</span> 
     </span>
    </p>
   </div>
   <div class='ocr_carea' id='block_1_8' title="bbox 1943 563 3502 641">
    <p class='ocr_par' dir='ltr' id='par_1_8' title="bbox 1943 569 3502 640">
     <span class='ocr_line' id='line_1_8' title="bbox 1943 569 3502 640; baseline 0.009 -15"><span class='ocrx_word' id='word_1_55' title='bbox 1943 569 2052 640; x_wconf 77' lang='lat' dir='ltr'><strong>ejus</strong></span> <span class='ocrx_word' id='word_1_56' title='bbox 2101 569 2170 624; x_wconf 92' lang='lat' dir='ltr'><strong>ad</strong></span> <span class='ocrx_word' id='word_1_57' title='bbox 2205 569 2496 634; x_wconf 88' lang='lat' dir='ltr'><strong>urendum,</strong></span> <span class='ocrx_word' id='word_1_58' title='bbox 2557 579 2611 626; x_wconf 86' lang='lat' dir='ltr'><strong>et</strong></span> <span class='ocrx_word' id='word_1_59' title='bbox 2641 572 2777 628; x_wconf 85' lang='lat' dir='ltr'><strong>nihil</strong></span> <span class='ocrx_word' id='word_1_60' title='bbox 2811 574 2961 630; x_wconf 86' lang='lat' dir='ltr'><strong>aliud</strong></span> <span class='ocrx_word' id='word_1_61' title='bbox 3000 579 3369 636; x_wconf 85' lang='lat' dir='ltr'><strong>necessarium</strong></span> <span class='ocrx_word' id='word_1_62' title='bbox 3429 585 3502 639; x_wconf 86' lang='lat' dir='ltr'><strong>sit</strong></span> 
     </span>
    </p>
   </div>
   <div class='ocr_carea' id='block_1_9' title="bbox 219 656 1845 734">
    <p class='ocr_par' dir='ltr' id='par_1_9' title="bbox 219 656 1832 734">
     <span class='ocr_line' id='line_1_9' title="bbox 219 656 1832 734; baseline -0.003 -18"><span class='ocrx_word' id='word_1_63' title='bbox 219 663 340 734; x_wconf 75' lang='grc' dir='ltr'><strong>ρόν</strong></span> <span class='ocrx_word' id='word_1_64' title='bbox 384 657 527 714; x_wconf 75' lang='grc' dir='ltr'>εῖναι</span> <span class='ocrx_word' id='word_1_65' title='bbox 569 658 630 711; x_wconf 83' lang='grc' dir='ltr'><strong>τὸ</strong></span> <span class='ocrx_word' id='word_1_66' title='bbox 677 656 790 729; x_wconf 81' lang='grc' dir='ltr'>πῦρ</span> <span class='ocrx_word' id='word_1_67' title='bbox 831 657 864 730; x_wconf 80' lang='grc' dir='ltr'>ἢ</span> <span class='ocrx_word' id='word_1_68' title='bbox 907 658 968 712; x_wconf 83' lang='grc' dir='ltr'>τὸ</span> <span class='ocrx_word' id='word_1_69' title='bbox 1013 659 1306 714; x_wconf 83' lang='grc' dir='ltr'>καυστικδν</span> <span class='ocrx_word' id='word_1_70' title='bbox 1345 657 1507 712; x_wconf 80' lang='grc' dir='ltr'>αὑτοῦ</span> <span class='ocrx_word' id='word_1_71' title='bbox 1530 673 1546 687; x_wconf 70' lang='grc'><strong>⁸</strong></span> <span class='ocrx_word' id='word_1_72' title='bbox 1584 658 1750 730; x_wconf 77' lang='grc' dir='ltr'>μηδὲν</span> <span class='ocrx_word' id='word_1_73' title='bbox 1774 657 1832 712; x_wconf 86' lang='grc' dir='ltr'>δὲ</span> 
     </span>
    </p>
   </div>
   <div class='ocr_carea' id='block_1_10' title="bbox 1943 656 3502 734">
    <p class='ocr_par' dir='ltr' id='par_1_10' title="bbox 1943 663 3502 732">
     <span class='ocr_line' id='line_1_10' title="bbox 1943 663 3502 732; baseline 0.008 -15"><span class='ocrx_word' id='word_1_74' title='bbox 1943 663 2170 718; x_wconf 77' lang='lat' dir='ltr'><strong>adhunc</strong></span> <span class='ocrx_word' id='word_1_75' title='bbox 2215 677 2376 718; x_wconf 88' lang='lat' dir='ltr'><strong>usum</strong></span> <span class='ocrx_word' id='word_1_76' title='bbox 2421 676 2583 732; x_wconf 83' lang='lat' dir='ltr'><strong>quam</strong></span> <span class='ocrx_word' id='word_1_77' title='bbox 2636 663 2758 719; x_wconf 86' lang='lat' dir='ltr'><strong>hoc.</strong></span> <span class='ocrx_word' id='word_1_78' title='bbox 2803 664 3134 725; x_wconf 66' lang='lat' dir='ltr'><strong>Manichaeus</strong></span> <span class='ocrx_word' id='word_1_79' title='bbox 3172 685 3302 728; x_wconf 89' lang='lat' dir='ltr'><strong>vero</strong></span> <span class='ocrx_word' id='word_1_80' title='bbox 3343 675 3502 730; x_wconf 88' lang='lat' dir='ltr'><strong>valde</strong></span> 
     </span>
    </p>
   </div>
   <div class='ocr_carea' id='block_1_11' title="bbox 220 743 1833 826">
    <p class='ocr_par' dir='ltr' id='par_1_11' title="bbox 220 743 1833 826">
     <span class='ocr_line' id='line_1_11' title="bbox 220 743 1833 826; baseline -0.004 -18"><span class='ocrx_word' id='word_1_81' title='bbox 220 754 443 826; x_wconf 79' lang='grc' dir='ltr'>ἕτερον</span> <span class='ocrx_word' id='word_1_82' title='bbox 485 743 623 803; x_wconf 74' lang='grc' dir='ltr'>εἶναι</span> <span class='ocrx_word' id='word_1_83' title='bbox 667 747 729 802; x_wconf 81' lang='grc' dir='ltr'>τὸ</span> <span class='ocrx_word' id='word_1_84' title='bbox 757 748 1051 817; x_wconf 78' lang='grc' dir='ltr'>ἀναγκαῖον</span> <span class='ocrx_word' id='word_1_85' title='bbox 1085 748 1117 821; x_wconf 83' lang='grc' dir='ltr'>ἦ</span> <span class='ocrx_word' id='word_1_86' title='bbox 1150 747 1326 802; x_wconf 82' lang='grc' dir='ltr'>τοῦτο.</span> <span class='ocrx_word' id='word_1_87' title='bbox 1367 748 1426 802; x_wconf 85' lang='lat'><strong>&#39;0</strong></span> <span class='ocrx_word' id='word_1_88' title='bbox 1467 746 1525 801; x_wconf 85' lang='grc' dir='ltr'><strong>δέ</strong></span> <span class='ocrx_word' id='word_1_89' title='bbox 1567 747 1743 820; x_wconf 82' lang='grc' dir='ltr'><strong>μάτην</strong></span> <span class='ocrx_word' id='word_1_90' title='bbox 1773 748 1833 801; x_wconf 78' lang='grc' dir='ltr'>τὸ</span> 
     </span>
    </p>
   </div>
   <div class='ocr_carea' id='block_1_12' title="bbox 229 837 1830 917">
    <p class='ocr_par' dir='ltr' id='par_1_12' title="bbox 229 837 1830 917">
     <span class='ocr_line' id='line_1_12' title="bbox 229 837 1830 917; baseline -0.003 -19"><span class='ocrx_word' id='word_1_91' title='bbox 229 844 369 917; x_wconf 76' lang='grc' dir='ltr'>πῦρ</span> <span class='ocrx_word' id='word_1_92' title='bbox 400 840 692 915; x_wconf 75' lang='grc' dir='ltr'>ἐνυϐρίζει,</span> <span class='ocrx_word' id='word_1_93' title='bbox 718 840 840 894; x_wconf 90' lang='grc' dir='ltr'>λίαν</span> <span class='ocrx_word' id='word_1_94' title='bbox 860 841 1151 912; x_wconf 86' lang='grc' dir='ltr'>ἀχάριστος</span> <span class='ocrx_word' id='word_1_95' title='bbox 1172 839 1248 895; x_wconf 79' lang='grc' dir='ltr'><strong>ὢν</strong></span> <span class='ocrx_word' id='word_1_96' title='bbox 1277 837 1412 912; x_wconf 81' lang='grc' dir='ltr'>πρὸς</span> <span class='ocrx_word' id='word_1_97' title='bbox 1437 839 1536 903; x_wconf 85' lang='grc' dir='ltr'><strong>τὰς</strong></span> <span class='ocrx_word' id='word_1_98' title='bbox 1565 839 1717 911; x_wconf 89' lang='grc' dir='ltr'><strong>παρά</strong></span> <span class='ocrx_word' id='word_1_99' title='bbox 1737 839 1830 894; x_wconf 77' lang='grc' dir='ltr'><strong>τοῦ</strong></span> 
     </span>
    </p>
   </div>
   <div class='ocr_carea' id='block_1_13' title="bbox 240 929 1270 1007">
    <p class='ocr_par' dir='ltr' id='par_1_13' title="bbox 240 929 1270 1007">
     <span class='ocr_line' id='line_1_13' title="bbox 240 929 1270 1007; baseline -0.008 -17"><span class='ocrx_word' id='word_1_100' title='bbox 240 933 616 1007; x_wconf 84' lang='grc' dir='ltr'>Δημιουργοῦ</span> <span class='ocrx_word' id='word_1_101' title='bbox 643 930 751 985; x_wconf 84' lang='grc' dir='ltr'><strong>τῶν</strong></span> <span class='ocrx_word' id='word_1_102' title='bbox 777 929 913 984; x_wconf 85' lang='grc' dir='ltr'>ὅλων</span> <span class='ocrx_word' id='word_1_103' title='bbox 938 930 1270 1003; x_wconf 74' lang='grc' dir='ltr'><strong>εὐεργεσίας.</strong></span> 
     </span>
    </p>
   </div>
   <div class='ocr_carea' id='block_1_14' title="bbox 311 1022 1832 1096">
    <p class='ocr_par' dir='ltr' id='par_1_14' title="bbox 311 1022 1832 1096">
     <span class='ocr_line' id='line_1_14' title="bbox 311 1022 1832 1096; baseline -0.005 -15"><span class='ocrx_word' id='word_1_104' title='bbox 311 1029 387 1081; x_wconf 79' lang='grc' dir='ltr'><strong>Εἰ</strong></span> <span class='ocrx_word' id='word_1_105' title='bbox 412 1026 468 1080; x_wconf 89' lang='grc' dir='ltr'><strong>δέ</strong></span> <span class='ocrx_word' id='word_1_106' title='bbox 501 1042 584 1088; x_wconf 89' lang='grc' dir='ltr'><strong>τις</strong></span> <span class='ocrx_word' id='word_1_107' title='bbox 627 1023 745 1096; x_wconf 83' lang='grc' dir='ltr'>θείη</span> <span class='ocrx_word' id='word_1_108' title='bbox 776 1023 847 1076; x_wconf 85' lang='grc' dir='ltr'>τὰ</span> <span class='ocrx_word' id='word_1_109' title='bbox 872 1023 1112 1096; x_wconf 84' lang='grc' dir='ltr'>τέσσαρα</span> <span class='ocrx_word' id='word_1_110' title='bbox 1139 1024 1378 1094; x_wconf 85' lang='grc' dir='ltr'>στοιχεῖα</span> <span class='ocrx_word' id='word_1_111' title='bbox 1412 1023 1480 1093; x_wconf 81' lang='grc' dir='ltr'><strong>τῇ</strong></span> <span class='ocrx_word' id='word_1_112' title='bbox 1517 1022 1685 1092; x_wconf 70' lang='grc' dir='ltr'>κακίᾳ</span> <span class='ocrx_word' id='word_1_113' title='bbox 1713 1023 1832 1075; x_wconf 78' lang='grc' dir='ltr'>κατ’</span> 
     </span>
    </p>
   </div>
   <div class='ocr_carea' id='block_1_15' title="bbox 1933 753 3504 836">
    <p class='ocr_par' dir='ltr' id='par_1_15' title="bbox 1933 753 3504 836">
     <span class='ocr_line' id='line_1_15' title="bbox 1933 753 3504 836; baseline 0.01 -29"><span class='ocrx_word' id='word_1_114' title='bbox 1933 753 2203 825; x_wconf 86' lang='lat' dir='ltr'><strong>ingratus,</strong></span> <span class='ocrx_word' id='word_1_115' title='bbox 2230 760 2286 810; x_wconf 90' lang='lat' dir='ltr'><strong>et</strong></span> <span class='ocrx_word' id='word_1_116' title='bbox 2305 753 2690 811; x_wconf 77' lang='lat' dir='ltr'><strong>beneﬁciorum</strong></span> <span class='ocrx_word' id='word_1_117' title='bbox 2721 755 2818 812; x_wconf 89' lang='lat' dir='ltr'><strong>Dei</strong></span> <span class='ocrx_word' id='word_1_118' title='bbox 2858 757 3165 828; x_wconf 82' lang='lat' dir='ltr'><strong>immemor,</strong></span> <span class='ocrx_word' id='word_1_119' title='bbox 3195 762 3392 836; x_wconf 80' lang='lat' dir='ltr'><strong>ignem</strong></span> <span class='ocrx_word' id='word_1_120' title='bbox 3424 768 3504 823; x_wconf 86' lang='lat' dir='ltr'><strong>vi-</strong></span> 
     </span>
    </p>
   </div>
   <div class='ocr_carea' id='block_1_16' title="bbox 1931 852 2185 916">
    <p class='ocr_par' dir='ltr' id='par_1_16' title="bbox 1931 852 2185 916">
     <span class='ocr_line' id='line_1_16' title="bbox 1931 852 2185 916; baseline 0.008 -17"><span class='ocrx_word' id='word_1_121' title='bbox 1931 852 2185 916; x_wconf 72' lang='lat' dir='ltr'><strong>tuperat.’</strong></span> 
     </span>
    </p>
   </div>
   <div class='ocr_carea' id='block_1_17' title="bbox 2006 1017 3504 1098">
    <p class='ocr_par' dir='ltr' id='par_1_17' title="bbox 2006 1017 3504 1098">
     <span class='ocr_line' id='line_1_17' title="bbox 2006 1017 3504 1098; baseline 0.011 -25"><span class='ocrx_word' id='word_1_122' title='bbox 2006 1017 2063 1074; x_wconf 92' lang='lat' dir='ltr'><strong>Si</strong></span> <span class='ocrx_word' id='word_1_123' title='bbox 2090 1021 2214 1091; x_wconf 89' lang='lat' dir='ltr'><strong>quis</strong></span> <span class='ocrx_word' id='word_1_124' title='bbox 2239 1032 2420 1078; x_wconf 88' lang='lat' dir='ltr'><strong>autem</strong></span> <span class='ocrx_word' id='word_1_125' title='bbox 2447 1035 2613 1096; x_wconf 87' lang='lat' dir='ltr'><strong>ponat</strong></span> <span class='ocrx_word' id='word_1_126' title='bbox 2647 1036 2885 1098; x_wconf 81' lang='lat' dir='ltr'><strong>quatuor</strong></span> <span class='ocrx_word' id='word_1_127' title='bbox 2909 1029 3199 1097; x_wconf 83' lang='lat' dir='ltr'><strong>elementa,</strong></span> <span class='ocrx_word' id='word_1_128' title='bbox 3229 1031 3379 1088; x_wconf 84' lang='lat' dir='ltr'><strong>sicut</strong></span> <span class='ocrx_word' id='word_1_129' title='bbox 3412 1032 3504 1089; x_wconf 89' lang='lat' dir='ltr'><strong>ille</strong></span> 
     </span>
    </p>
   </div>
   <div class='ocr_carea' id='block_1_18' title="bbox 1933 1107 3504 1194">
    <p class='ocr_par' dir='ltr' id='par_1_18' title="bbox 1933 1107 3504 1194">
     <span class='ocr_line' id='line_1_18' title="bbox 1933 1107 3504 1194; baseline 0.01 -32"><span class='ocrx_word' id='word_1_130' title='bbox 1933 1107 2209 1179; x_wconf 78' lang='lat' dir='ltr'><strong>opinatur,</strong></span> <span class='ocrx_word' id='word_1_131' title='bbox 2255 1111 2324 1167; x_wconf 89' lang='lat' dir='ltr'><strong>ad</strong></span> <span class='ocrx_word' id='word_1_132' title='bbox 2355 1114 2554 1169; x_wconf 89' lang='lat' dir='ltr'><strong>malum</strong></span> <span class='ocrx_word' id='word_1_133' title='bbox 2592 1117 2885 1186; x_wconf 86' lang='lat' dir='ltr'><strong>pertinere,</strong></span> <span class='ocrx_word' id='word_1_134' title='bbox 2913 1120 3190 1190; x_wconf 88' lang='lat' dir='ltr'><strong>quomodo</strong></span> <span class='ocrx_word' id='word_1_135' title='bbox 3230 1121 3344 1182; x_wconf 68' lang='lat' dir='ltr'><strong>haec</strong></span> <span class='ocrx_word' id='word_1_136' title='bbox 3382 1138 3504 1194; x_wconf 74' lang='lat' dir='ltr'><strong>qua:</strong></span> 
     </span>
    </p>
   </div>
   <div class='ocr_carea' id='block_1_19' title="bbox 1935 1199 3504 1273">
    <p class='ocr_par' dir='ltr' id='par_1_19' title="bbox 1935 1199 3504 1273">
     <span class='ocr_line' id='line_1_19' title="bbox 1935 1199 3504 1273; baseline 0.01 -20"><span class='ocrx_word' id='word_1_137' title='bbox 1935 1205 2063 1253; x_wconf 88' lang='lat' dir='ltr'><strong>sunt</strong></span> <span class='ocrx_word' id='word_1_138' title='bbox 2074 1199 2284 1270; x_wconf 85' lang='lat' dir='ltr'><strong>singula</strong></span> <span class='ocrx_word' id='word_1_139' title='bbox 2310 1203 2474 1258; x_wconf 90' lang='lat' dir='ltr'><strong>unius</strong></span> <span class='ocrx_word' id='word_1_140' title='bbox 2500 1213 2729 1273; x_wconf 66' lang='lat' dir='ltr'><strong>naturas,</strong></span> <span class='ocrx_word' id='word_1_141' title='bbox 2749 1211 3023 1265; x_wconf 88' lang='lat' dir='ltr'><strong>contraria</strong></span> <span class='ocrx_word' id='word_1_142' title='bbox 3036 1226 3160 1268; x_wconf 89' lang='lat' dir='ltr'><strong>esse</strong></span> <span class='ocrx_word' id='word_1_143' title='bbox 3183 1211 3504 1270; x_wconf 81' lang='lat' dir='ltr'><strong>videantur!</strong></span> 
     </span>
    </p>
   </div>
   <div class='ocr_carea' id='block_1_20' title="bbox 1938 1288 3505 1373">
    <p class='ocr_par' dir='ltr' id='par_1_20' title="bbox 1938 1288 3505 1373">
     <span class='ocr_line' id='line_1_20' title="bbox 1938 1288 3505 1373; baseline 0.01 -28"><span class='ocrx_word' id='word_1_144' title='bbox 1938 1288 1994 1345; x_wconf 91' lang='lat' dir='ltr'><strong>Si</strong></span> <span class='ocrx_word' id='word_1_145' title='bbox 2008 1292 2149 1346; x_wconf 88' lang='lat' dir='ltr'><strong>enim</strong></span> <span class='ocrx_word' id='word_1_146' title='bbox 2170 1293 2410 1350; x_wconf 89' lang='lat' dir='ltr'><strong>calidum</strong></span> <span class='ocrx_word' id='word_1_147' title='bbox 2443 1303 2616 1352; x_wconf 82' lang='lat' dir='ltr'><strong>estex</strong></span> <span class='ocrx_word' id='word_1_148' title='bbox 2642 1298 2780 1368; x_wconf 89' lang='lat' dir='ltr'><strong>ipso,</strong></span> <span class='ocrx_word' id='word_1_149' title='bbox 2800 1299 3056 1370; x_wconf 85' lang='lat' dir='ltr'><strong>frigidum</strong></span> <span class='ocrx_word' id='word_1_150' title='bbox 3088 1318 3154 1358; x_wconf 83' lang='lat' dir='ltr'><strong>ex</strong></span> <span class='ocrx_word' id='word_1_151' title='bbox 3170 1303 3380 1373; x_wconf 87' lang='lat' dir='ltr'><strong>altero;</strong></span> <span class='ocrx_word' id='word_1_152' title='bbox 3409 1316 3505 1362; x_wconf 89' lang='lat' dir='ltr'><strong>aut</strong></span> 
     </span>
    </p>
   </div>
   <div class='ocr_carea' id='block_1_21' title="bbox 1935 1385 3504 1462">
    <p class='ocr_par' dir='ltr' id='par_1_21' title="bbox 1935 1385 3504 1462">
     <span class='ocr_line' id='line_1_21' title="bbox 1935 1385 3504 1462; baseline 0.011 -25"><span class='ocrx_word' id='word_1_153' title='bbox 1935 1392 2145 1450; x_wconf 89' lang='lat' dir='ltr'><strong>contra,</strong></span> <span class='ocrx_word' id='word_1_154' title='bbox 2171 1385 2217 1441; x_wconf 89' lang='lat' dir='ltr'><strong>si</strong></span> <span class='ocrx_word' id='word_1_155' title='bbox 2265 1385 2524 1458; x_wconf 81' lang='lat' dir='ltr'><strong>frigidum</strong></span> <span class='ocrx_word' id='word_1_156' title='bbox 2562 1405 2628 1444; x_wconf 79' lang='lat' dir='ltr'><strong>ex</strong></span> <span class='ocrx_word' id='word_1_157' title='bbox 2655 1391 2793 1462; x_wconf 90' lang='lat' dir='ltr'><strong>ipso,</strong></span> <span class='ocrx_word' id='word_1_158' title='bbox 2821 1393 3056 1448; x_wconf 90' lang='lat' dir='ltr'><strong>calidum</strong></span> <span class='ocrx_word' id='word_1_159' title='bbox 3091 1411 3159 1451; x_wconf 74' lang='lat' dir='ltr'><strong>ex</strong></span> <span class='ocrx_word' id='word_1_160' title='bbox 3201 1397 3374 1454; x_wconf 81' lang='lat' dir='ltr'><strong>altero</strong></span> <span class='ocrx_word' id='word_1_161' title='bbox 3402 1417 3418 1456; x_wconf 89' lang='lat'><strong>:</strong></span> <span class='ocrx_word' id='word_1_162' title='bbox 3447 1406 3504 1454; x_wconf 85' lang='lat' dir='ltr'><strong>et</strong></span> 
     </span>
    </p>
   </div>
   <div class='ocr_carea' id='block_1_22' title="bbox 1936 1477 3503 1562">
    <p class='ocr_par' dir='ltr' id='par_1_22' title="bbox 1936 1477 3503 1562">
     <span class='ocr_line' id='line_1_22' title="bbox 1936 1477 3503 1562; baseline 0.011 -31"><span class='ocrx_word' id='word_1_163' title='bbox 1936 1477 2018 1532; x_wconf 88' lang='lat' dir='ltr'><strong>sic</strong></span> <span class='ocrx_word' id='word_1_164' title='bbox 2053 1493 2246 1537; x_wconf 87' lang='lat' dir='ltr'><strong>rursus</strong></span> <span class='ocrx_word' id='word_1_165' title='bbox 2273 1481 2328 1536; x_wconf 91' lang='lat' dir='ltr'><strong>in</strong></span> <span class='ocrx_word' id='word_1_166' title='bbox 2359 1483 2466 1537; x_wconf 88' lang='lat' dir='ltr'><strong>alia</strong></span> <span class='ocrx_word' id='word_1_167' title='bbox 2494 1483 2882 1555; x_wconf 77' lang='lat' dir='ltr'><strong>coniugatione</strong></span> <span class='ocrx_word' id='word_1_168' title='bbox 2907 1486 3012 1541; x_wconf 91' lang='lat' dir='ltr'><strong>hoc</strong></span> <span class='ocrx_word' id='word_1_169' title='bbox 3037 1486 3503 1562; x_wconf 70' lang='lat' dir='ltr'><strong>fundamentopoo</strong></span> 
     </span>
    </p>
   </div>
   <div class='ocr_carea' id='block_1_23' title="bbox 228 1111 1834 1188">
    <p class='ocr_par' dir='ltr' id='par_1_23' title="bbox 228 1111 1834 1188">
     <span class='ocr_line' id='line_1_23' title="bbox 228 1111 1834 1188; baseline -0.005 -16"><span class='ocrx_word' id='word_1_170' title='bbox 228 1117 470 1172; x_wconf 80' lang='grc' dir='ltr'>ἐκεῖνον</span> <span class='ocrx_word' id='word_1_171' title='bbox 495 1117 815 1188; x_wconf 85' lang='grc' dir='ltr'><strong>προσήκειν,</strong></span> <span class='ocrx_word' id='word_1_172' title='bbox 846 1114 963 1178; x_wconf 87' lang='grc' dir='ltr'><strong>πῶς</strong></span> <span class='ocrx_word' id='word_1_173' title='bbox 988 1114 1053 1168; x_wconf 81' lang='grc' dir='ltr'>ἂν</span> <span class='ocrx_word' id='word_1_174' title='bbox 1079 1113 1250 1168; x_wconf 81' lang='grc' dir='ltr'>ταῦτα</span> <span class='ocrx_word' id='word_1_175' title='bbox 1275 1112 1346 1167; x_wconf 84' lang='grc' dir='ltr'><strong>τὰ</strong></span> <span class='ocrx_word' id='word_1_176' title='bbox 1374 1115 1439 1167; x_wconf 92' lang='grc' dir='ltr'><strong>ἐκ</strong></span> <span class='ocrx_word' id='word_1_177' title='bbox 1467 1114 1596 1185; x_wconf 75' lang='grc' dir='ltr'>μιᾶς</span> <span class='ocrx_word' id='word_1_178' title='bbox 1621 1111 1834 1182; x_wconf 80' lang='grc' dir='ltr'>φύσεως</span> 
     </span>
    </p>
   </div>
   <div class='ocr_carea' id='block_1_24' title="bbox 225 1203 1835 1278">
    <p class='ocr_par' dir='ltr' id='par_1_24' title="bbox 225 1203 1835 1278">
     <span class='ocr_line' id='line_1_24' title="bbox 225 1203 1835 1278; baseline -0.002 -16"><span class='ocrx_word' id='word_1_179' title='bbox 225 1209 478 1264; x_wconf 84' lang='grc' dir='ltr'>ἐναντία</span> <span class='ocrx_word' id='word_1_180' title='bbox 508 1225 571 1278; x_wconf 84' lang='grc' dir='ltr'><strong>γε</strong></span> <span class='ocrx_word' id='word_1_181' title='bbox 617 1207 746 1260; x_wconf 75' lang='grc' dir='ltr'>ὄντα</span> <span class='ocrx_word' id='word_1_182' title='bbox 781 1205 1046 1278; x_wconf 85' lang='grc' dir='ltr'>ὑπάρχειν</span> <span class='ocrx_word' id='word_1_183' title='bbox 1092 1205 1309 1276; x_wconf 88' lang='grc' dir='ltr'>δοκοίη;</span> <span class='ocrx_word' id='word_1_184' title='bbox 1355 1206 1418 1262; x_wconf 88' lang='grc' dir='ltr'>Εί</span> <span class='ocrx_word' id='word_1_185' title='bbox 1457 1205 1564 1276; x_wconf 84' lang='grc' dir='ltr'>γὰρ</span> <span class='ocrx_word' id='word_1_186' title='bbox 1609 1203 1835 1258; x_wconf 86' lang='grc' dir='ltr'>αὐτόθεν</span> 
     </span>
    </p>
   </div>
   <div class='ocr_carea' id='block_1_25' title="bbox 229 1294 1834 1375">
    <p class='ocr_par' dir='ltr' id='par_1_25' title="bbox 229 1294 1834 1375">
     <span class='ocr_line' id='line_1_25' title="bbox 229 1294 1834 1375; baseline -0.003 -21"><span class='ocrx_word' id='word_1_187' title='bbox 229 1302 304 1354; x_wconf 82' lang='grc' dir='ltr'>τὸ</span> <span class='ocrx_word' id='word_1_188' title='bbox 341 1301 570 1375; x_wconf 80' lang='grc' dir='ltr'>θερμὸν,</span> <span class='ocrx_word' id='word_1_189' title='bbox 599 1299 659 1352; x_wconf 85' lang='grc' dir='ltr'>τὸ</span> <span class='ocrx_word' id='word_1_190' title='bbox 683 1298 888 1370; x_wconf 75' lang='grc' dir='ltr'>ψυχρὸν</span> <span class='ocrx_word' id='word_1_191' title='bbox 919 1297 1204 1368; x_wconf 78' lang='grc' dir='ltr'>ἑτέρωθεν,</span> <span class='ocrx_word' id='word_1_192' title='bbox 1232 1298 1266 1369; x_wconf 84' lang='grc' dir='ltr'><strong>ἢ</strong></span> <span class='ocrx_word' id='word_1_193' title='bbox 1293 1296 1559 1351; x_wconf 85' lang='grc' dir='ltr'>ἀνάπαλιν</span> <span class='ocrx_word' id='word_1_194' title='bbox 1581 1312 1594 1327; x_wconf 78' lang='grc'><strong><em>⁸</em></strong></span> <span class='ocrx_word' id='word_1_195' title='bbox 1625 1298 1719 1350; x_wconf 81' lang='grc' dir='ltr'>καὶ</span> <span class='ocrx_word' id='word_1_196' title='bbox 1740 1294 1834 1349; x_wconf 84' lang='grc' dir='ltr'>οὑ-</span> 
     </span>
    </p>
   </div>
   <div class='ocr_carea' id='block_1_26' title="bbox 228 1387 1835 1462">
    <p class='ocr_par' dir='ltr' id='par_1_26' title="bbox 228 1387 1835 1462">
     <span class='ocr_line' id='line_1_26' title="bbox 228 1387 1835 1462; baseline -0.006 -11"><span class='ocrx_word' id='word_1_197' title='bbox 228 1413 361 1460; x_wconf 81' lang='grc' dir='ltr'><strong>τως</strong></span> <span class='ocrx_word' id='word_1_198' title='bbox 400 1392 554 1458; x_wconf 76' lang='grc' dir='ltr'>αὖθις</span> <span class='ocrx_word' id='word_1_199' title='bbox 587 1393 678 1448; x_wconf 75' lang='grc' dir='ltr'><strong>ἐπὶ</strong></span> <span class='ocrx_word' id='word_1_200' title='bbox 702 1391 802 1462; x_wconf 83' lang='grc' dir='ltr'>τῆς</span> <span class='ocrx_word' id='word_1_201' title='bbox 829 1390 994 1462; x_wconf 78' lang='grc' dir='ltr'>ἄλλης</span> <span class='ocrx_word' id='word_1_202' title='bbox 1024 1389 1284 1460; x_wconf 73' lang='grc' dir='ltr'>συζυγίας</span> <span class='ocrx_word' id='word_1_203' title='bbox 1307 1405 1320 1419; x_wconf 85' lang='grc'><strong>·</strong></span> <span class='ocrx_word' id='word_1_204' title='bbox 1359 1389 1498 1444; x_wconf 83' lang='grc' dir='ltr'>ὥστε</span> <span class='ocrx_word' id='word_1_205' title='bbox 1532 1387 1835 1452; x_wconf 53' lang='grc' dir='ltr'>’ἀσύστατος</span> 
     </span>
    </p>
   </div>
   <div class='ocr_carea' id='block_1_27' title="bbox 237 1479 1836 1560">
    <p class='ocr_par' dir='ltr' id='par_1_27' title="bbox 237 1479 1836 1560">
     <span class='ocr_line' id='line_1_27' title="bbox 237 1479 1836 1560; baseline -0.006 -19"><span class='ocrx_word' id='word_1_206' title='bbox 237 1489 351 1542; x_wconf 72' lang='grc' dir='ltr'>καὶ</span> <span class='ocrx_word' id='word_1_207' title='bbox 383 1489 419 1560; x_wconf 78' lang='grc' dir='ltr'><strong>ἡ</strong></span> <span class='ocrx_word' id='word_1_208' title='bbox 445 1485 553 1540; x_wconf 86' lang='grc' dir='ltr'><strong>τῶν</strong></span> <span class='ocrx_word' id='word_1_209' title='bbox 581 1484 846 1556; x_wconf 90' lang='grc' dir='ltr'>σωμάτων</span> <span class='ocrx_word' id='word_1_210' title='bbox 887 1483 1082 1554; x_wconf 81' lang='grc' dir='ltr'>κρᾶσις</span> <span class='ocrx_word' id='word_1_211' title='bbox 1124 1481 1265 1535; x_wconf 81' lang='grc' dir='ltr'><strong>κατά</strong></span> <span class='ocrx_word' id='word_1_212' title='bbox 1293 1481 1392 1552; x_wconf 83' lang='grc' dir='ltr'><strong>τὴν</strong></span> <span class='ocrx_word' id='word_1_213' title='bbox 1417 1479 1671 1552; x_wconf 84' lang='grc' dir='ltr'><strong>τοιαύτην</strong></span> <span class='ocrx_word' id='word_1_214' title='bbox 1705 1479 1836 1533; x_wconf 87' lang='grc' dir='ltr'>ὑπό-</span> 
     </span>
    </p>
   </div>
   <div class='ocr_carea' id='block_1_28' title="bbox 237 1569 1845 1648">
    <p class='ocr_par' dir='ltr' id='par_1_28' title="bbox 237 1570 1836 1644">
     <span class='ocr_line' id='line_1_28' title="bbox 237 1570 1836 1644; baseline -0.006 -11"><span class='ocrx_word' id='word_1_215' title='bbox 237 1575 433 1633; x_wconf 81' lang='grc' dir='ltr'>θεσιν.</span> <span class='ocrx_word' id='word_1_216' title='bbox 465 1579 528 1631; x_wconf 84' lang='lat' dir='ltr'><strong>Ei</strong></span> <span class='ocrx_word' id='word_1_217' title='bbox 555 1577 611 1630; x_wconf 85' lang='grc' dir='ltr'><strong>δέ</strong></span> <span class='ocrx_word' id='word_1_218' title='bbox 641 1573 854 1644; x_wconf 72' lang='grc' dir='ltr'>ἐπινοίᾳ</span> <span class='ocrx_word' id='word_1_219' title='bbox 879 1574 980 1644; x_wconf 81' lang='grc' dir='ltr'>τῆς</span> <span class='ocrx_word' id='word_1_220' title='bbox 1015 1573 1213 1636; x_wconf 83' lang='grc' dir='ltr'>κακίας</span> <span class='ocrx_word' id='word_1_221' title='bbox 1251 1571 1474 1642; x_wconf 82' lang='grc' dir='ltr'>ἀναθείη</span> <span class='ocrx_word' id='word_1_222' title='bbox 1503 1570 1612 1624; x_wconf 91' lang='grc' dir='ltr'><strong>τῶν</strong></span> <span class='ocrx_word' id='word_1_223' title='bbox 1641 1570 1836 1624; x_wconf 76' lang='grc' dir='ltr'>τεσσά-</span> 
     </span>
    </p>
   </div>
   <div class='ocr_carea' id='block_1_29' title="bbox 1943 1569 3501 1648">
    <p class='ocr_par' dir='ltr' id='par_1_29' title="bbox 1943 1569 3501 1648">
     <span class='ocr_line' id='line_1_29' title="bbox 1943 1569 3501 1648; baseline 0.009 -24"><span class='ocrx_word' id='word_1_224' title='bbox 1943 1569 2061 1636; x_wconf 83' lang='grc' dir='ltr'>εἰιο,</span> <span class='ocrx_word' id='word_1_225' title='bbox 2093 1571 2279 1627; x_wconf 90' lang='lat' dir='ltr'><strong>mistio</strong></span> <span class='ocrx_word' id='word_1_226' title='bbox 2311 1587 2613 1644; x_wconf 87' lang='lat' dir='ltr'><strong>corporum</strong></span> <span class='ocrx_word' id='word_1_227' title='bbox 2649 1574 2764 1631; x_wconf 86' lang='lat' dir='ltr'><strong>ﬁeri</strong></span> <span class='ocrx_word' id='word_1_228' title='bbox 2794 1591 2902 1630; x_wconf 92' lang='lat' dir='ltr'><strong>non</strong></span> <span class='ocrx_word' id='word_1_229' title='bbox 2944 1579 3162 1648; x_wconf 88' lang='lat' dir='ltr'><strong>poterit.</strong></span> <span class='ocrx_word' id='word_1_230' title='bbox 3194 1579 3257 1635; x_wconf 85' lang='lat' dir='ltr'><strong>Si</strong></span> <span class='ocrx_word' id='word_1_231' title='bbox 3288 1597 3417 1638; x_wconf 87' lang='lat' dir='ltr'><strong>vero</strong></span> <span class='ocrx_word' id='word_1_232' title='bbox 3434 1583 3501 1638; x_wconf 86' lang='lat' dir='ltr'><strong>ad</strong></span> 
     </span>
    </p>
   </div>
   <div class='ocr_carea' id='block_1_30' title="bbox 242 1659 1845 1742">
    <p class='ocr_par' dir='ltr' id='par_1_30' title="bbox 242 1659 1840 1742">
     <span class='ocr_line' id='line_1_30' title="bbox 242 1659 1840 1742; baseline -0.008 -18"><span class='ocrx_word' id='word_1_233' title='bbox 242 1686 372 1742; x_wconf 83' lang='grc' dir='ltr'><strong>ρων</strong></span> <span class='ocrx_word' id='word_1_234' title='bbox 404 1668 502 1740; x_wconf 80' lang='grc' dir='ltr'>τὴν</span> <span class='ocrx_word' id='word_1_235' title='bbox 537 1667 616 1730; x_wconf 87' lang='grc' dir='ltr'><strong>είς</strong></span> <span class='ocrx_word' id='word_1_236' title='bbox 649 1665 995 1735; x_wconf 78' lang='grc' dir='ltr'>κατασκευὴν</span> <span class='ocrx_word' id='word_1_237' title='bbox 1024 1663 1262 1734; x_wconf 74' lang='grc' dir='ltr'>εὕρεσιν,</span> <span class='ocrx_word' id='word_1_238' title='bbox 1299 1660 1581 1731; x_wconf 83' lang='grc' dir='ltr'>σοφωτάτη</span> <span class='ocrx_word' id='word_1_239' title='bbox 1623 1676 1687 1729; x_wconf 91' lang='grc' dir='ltr'><strong>γε</strong></span> <span class='ocrx_word' id='word_1_240' title='bbox 1719 1659 1840 1712; x_wconf 91' lang='grc' dir='ltr'>λίαν</span> 
     </span>
    </p>
   </div>
   <div class='ocr_carea' id='block_1_31' title="bbox 1943 1659 3502 1742">
    <p class='ocr_par' dir='ltr' id='par_1_31' title="bbox 1943 1663 3502 1735">
     <span class='ocr_line' id='line_1_31' title="bbox 1943 1663 3502 1735; baseline 0.009 -20"><span class='ocrx_word' id='word_1_241' title='bbox 1943 1663 2387 1733; x_wconf 69' lang='lat' dir='ltr'><strong>excogitationem</strong></span> <span class='ocrx_word' id='word_1_242' title='bbox 2436 1665 2694 1735; x_wconf 74' lang='lat' dir='ltr'><strong>nequitiae</strong></span> <span class='ocrx_word' id='word_1_243' title='bbox 2745 1667 2948 1722; x_wconf 78' lang='lat' dir='ltr'><strong>referat</strong></span> <span class='ocrx_word' id='word_1_244' title='bbox 3000 1668 3368 1727; x_wconf 76' lang='lat' dir='ltr'><strong>inventionem</strong></span> <span class='ocrx_word' id='word_1_245' title='bbox 3403 1689 3502 1728; x_wconf 82' lang='lat' dir='ltr'><strong>ex-</strong></span> 
     </span>
    </p>
   </div>
   <div class='ocr_carea' id='block_1_32' title="bbox 238 1750 1845 1836">
    <p class='ocr_par' dir='ltr' id='par_1_32' title="bbox 238 1750 1833 1832">
     <span class='ocr_line' id='line_1_32' title="bbox 238 1750 1833 1832; baseline -0.008 -17"><span class='ocrx_word' id='word_1_246' title='bbox 238 1761 672 1832; x_wconf 82' lang='grc' dir='ltr'>ἀναφανήσεται</span> <span class='ocrx_word' id='word_1_247' title='bbox 717 1758 752 1827; x_wconf 76' lang='grc' dir='ltr'>ἡ</span> <span class='ocrx_word' id='word_1_248' title='bbox 795 1755 995 1825; x_wconf 85' lang='grc' dir='ltr'>γνῶσιν</span> <span class='ocrx_word' id='word_1_249' title='bbox 1025 1756 1120 1809; x_wconf 80' lang='grc' dir='ltr'>καὶ</span> <span class='ocrx_word' id='word_1_250' title='bbox 1160 1753 1372 1807; x_wconf 89' lang='grc' dir='ltr'>σύνεσιν</span> <span class='ocrx_word' id='word_1_251' title='bbox 1421 1751 1495 1823; x_wconf 84' lang='grc' dir='ltr'>μὴ</span> <span class='ocrx_word' id='word_1_252' title='bbox 1527 1750 1833 1822; x_wconf 79' lang='grc' dir='ltr'>κεκτημένη</span> 
     </span>
    </p>
   </div>
   <div class='ocr_carea' id='block_1_33' title="bbox 1943 1750 3506 1836">
    <p class='ocr_par' dir='ltr' id='par_1_33' title="bbox 1943 1755 3506 1835">
     <span class='ocr_line' id='line_1_33' title="bbox 1943 1755 3506 1835; baseline 0.006 -25"><span class='ocrx_word' id='word_1_253' title='bbox 1943 1755 2180 1810; x_wconf 84' lang='lat' dir='ltr'><strong>struendi</strong></span> <span class='ocrx_word' id='word_1_254' title='bbox 2210 1756 2521 1823; x_wconf 88' lang='lat' dir='ltr'><strong>mistionem</strong></span> <span class='ocrx_word' id='word_1_255' title='bbox 2554 1773 2869 1829; x_wconf 85' lang='lat' dir='ltr'><strong>corporum,</strong></span> <span class='ocrx_word' id='word_1_256' title='bbox 2899 1760 3302 1832; x_wconf 86' lang='lat' dir='ltr'><strong>sapientissima</strong></span> <span class='ocrx_word' id='word_1_257' title='bbox 3337 1779 3506 1835; x_wconf 80' lang='lat' dir='ltr'><strong>appa-</strong></span> 
     </span>
    </p>
   </div>
   <div class='ocr_carea' id='block_1_34' title="bbox 240 1841 1845 1927">
    <p class='ocr_par' dir='ltr' id='par_1_34' title="bbox 240 1841 1833 1927">
     <span class='ocr_line' id='line_1_34' title="bbox 240 1841 1833 1927; baseline -0.008 -23"><span class='ocrx_word' id='word_1_258' title='bbox 240 1849 462 1904; x_wconf 71' lang='grc' dir='ltr'>κακίαο</span> <span class='ocrx_word' id='word_1_259' title='bbox 511 1849 586 1913; x_wconf 79' lang='grc' dir='ltr'>ὡς</span> <span class='ocrx_word' id='word_1_260' title='bbox 631 1847 726 1901; x_wconf 61' lang='grc' dir='ltr'><strong>καὶ⁹</strong></span> <span class='ocrx_word' id='word_1_261' title='bbox 772 1844 866 1898; x_wconf 82' lang='grc' dir='ltr'>τοῦ</span> <span class='ocrx_word' id='word_1_262' title='bbox 901 1842 1242 1927; x_wconf 82' lang='grc' dir='ltr'>Δημιουργοῦ</span> <span class='ocrx_word' id='word_1_263' title='bbox 1280 1841 1342 1896; x_wconf 80' lang='grc' dir='ltr'>τὸ</span> <span class='ocrx_word' id='word_1_264' title='bbox 1399 1841 1653 1912; x_wconf 83' lang='grc' dir='ltr'>μέγιστον</span> <span class='ocrx_word' id='word_1_265' title='bbox 1698 1842 1833 1894; x_wconf 81' lang='grc' dir='ltr'>ἀπο-</span> 
     </span>
    </p>
   </div>
   <div class='ocr_carea' id='block_1_35' title="bbox 1943 1841 3500 1927">
    <p class='ocr_par' dir='ltr' id='par_1_35' title="bbox 1943 1846 3500 1924">
     <span class='ocr_line' id='line_1_35' title="bbox 1943 1846 3500 1924; baseline 0.008 -24"><span class='ocrx_word' id='word_1_266' title='bbox 1943 1846 2078 1901; x_wconf 88' lang='lat' dir='ltr'><strong>rebit</strong></span> <span class='ocrx_word' id='word_1_267' title='bbox 2104 1848 2367 1918; x_wconf 88' lang='lat' dir='ltr'><strong>nequitia,</strong></span> <span class='ocrx_word' id='word_1_268' title='bbox 2395 1865 2516 1920; x_wconf 69' lang='lat' dir='ltr'><strong>quae</strong></span> <span class='ocrx_word' id='word_1_269' title='bbox 2544 1850 2748 1922; x_wconf 83' lang='lat' dir='ltr'><strong>alioqui</strong></span> <span class='ocrx_word' id='word_1_270' title='bbox 2798 1853 3167 1924; x_wconf 72' lang='lat' dir='ltr'><strong>cognitionem</strong></span> <span class='ocrx_word' id='word_1_271' title='bbox 3200 1863 3256 1911; x_wconf 81' lang='lat' dir='ltr'><strong>et</strong></span> <span class='ocrx_word' id='word_1_272' title='bbox 3293 1855 3500 1913; x_wconf 84' lang='lat' dir='ltr'><strong>intelli-</strong></span> 
     </span>
    </p>
   </div>
   <div class='ocr_carea' id='block_1_36' title="bbox 237 1931 1845 2013">
    <p class='ocr_par' dir='ltr' id='par_1_36' title="bbox 237 1931 1832 2013">
     <span class='ocr_line' id='line_1_36' title="bbox 237 1931 1832 2013; baseline -0.006 -19"><span class='ocrx_word' id='word_1_273' title='bbox 237 1941 526 2013; x_wconf 84' lang='grc' dir='ltr'>φέρεσθαι</span> <span class='ocrx_word' id='word_1_274' title='bbox 557 1938 762 2010; x_wconf 83' lang='grc' dir='ltr'>θαῦμα,</span> <span class='ocrx_word' id='word_1_275' title='bbox 799 1935 914 2005; x_wconf 79' lang='grc' dir='ltr'>είγε</span> <span class='ocrx_word' id='word_1_276' title='bbox 959 1935 1162 1989; x_wconf 84' lang='grc' dir='ltr'>συνεῖδε</span> <span class='ocrx_word' id='word_1_277' title='bbox 1199 1934 1321 1988; x_wconf 89' lang='grc' dir='ltr'>τίνα</span> <span class='ocrx_word' id='word_1_278' title='bbox 1364 1932 1431 1986; x_wconf 80' lang='grc' dir='ltr'>ἂν</span> <span class='ocrx_word' id='word_1_279' title='bbox 1459 1931 1658 2004; x_wconf 87' lang='grc' dir='ltr'>τρόπον</span> <span class='ocrx_word' id='word_1_280' title='bbox 1701 1932 1832 1985; x_wconf 82' lang='grc' dir='ltr'>ὑπο-</span> 
     </span>
    </p>
   </div>
   <div class='ocr_carea' id='block_1_37' title="bbox 1943 1931 3504 2013">
    <p class='ocr_par' dir='ltr' id='par_1_37' title="bbox 1943 1938 3504 2009">
     <span class='ocr_line' id='line_1_37' title="bbox 1943 1938 3504 2009; baseline 0.01 -20"><span class='ocrx_word' id='word_1_281' title='bbox 1943 1938 2170 2006; x_wconf 81' lang='lat' dir='ltr'><strong>gentiam</strong></span> <span class='ocrx_word' id='word_1_282' title='bbox 2197 1954 2308 1994; x_wconf 91' lang='lat' dir='ltr'><strong>non</strong></span> <span class='ocrx_word' id='word_1_283' title='bbox 2332 1939 2520 1996; x_wconf 87' lang='lat' dir='ltr'><strong>habuit</strong></span> <span class='ocrx_word' id='word_1_284' title='bbox 2545 1959 2560 2009; x_wconf 89' lang='lat'><strong>;</strong></span> <span class='ocrx_word' id='word_1_285' title='bbox 2590 1943 2663 1996; x_wconf 88' lang='lat' dir='ltr'><strong>ita</strong></span> <span class='ocrx_word' id='word_1_286' title='bbox 2693 1951 2751 1998; x_wconf 90' lang='lat' dir='ltr'><strong>ut</strong></span> <span class='ocrx_word' id='word_1_287' title='bbox 2785 1947 3076 2000; x_wconf 79' lang='lat' dir='ltr'><strong>maximam</strong></span> <span class='ocrx_word' id='word_1_288' title='bbox 3098 1947 3376 2006; x_wconf 87' lang='lat' dir='ltr'><strong>Creatoris</strong></span> <span class='ocrx_word' id='word_1_289' title='bbox 3391 1951 3504 2005; x_wconf 82' lang='lat' dir='ltr'><strong>lan-</strong></span> 
     </span>
    </p>
   </div>
   <div class='ocr_carea' id='block_1_38' title="bbox 240 2035 551 2106">
    <p class='ocr_par' dir='ltr' id='par_1_38' title="bbox 240 2035 551 2106">
     <span class='ocr_line' id='line_1_38' title="bbox 240 2035 551 2106; baseline 0.006 -18"><span class='ocrx_word' id='word_1_290' title='bbox 240 2035 352 2106; x_wconf 84' lang='grc' dir='ltr'>στή</span> <span class='ocrx_word' id='word_1_291' title='bbox 362 2051 551 2104; x_wconf 88' lang='grc' dir='ltr'>σηται.</span> 
     </span>
    </p>
   </div>
   <div class='ocr_carea' id='block_1_39' title="bbox 1937 2028 3504 2114">
    <p class='ocr_par' dir='ltr' id='par_1_39' title="bbox 1937 2028 3504 2114">
     <span class='ocr_line' id='line_1_39' title="bbox 1937 2028 3504 2114; baseline 0.01 -31"><span class='ocrx_word' id='word_1_292' title='bbox 1937 2028 2058 2085; x_wconf 88' lang='lat' dir='ltr'><strong>dem</strong></span> <span class='ocrx_word' id='word_1_293' title='bbox 2074 2037 2127 2085; x_wconf 87' lang='lat' dir='ltr'><strong>et</strong></span> <span class='ocrx_word' id='word_1_294' title='bbox 2149 2030 2561 2090; x_wconf 85' lang='lat' dir='ltr'><strong>admirationem</strong></span> <span class='ocrx_word' id='word_1_295' title='bbox 2590 2035 2756 2103; x_wconf 88' lang='lat' dir='ltr'><strong>ferat,</strong></span> <span class='ocrx_word' id='word_1_296' title='bbox 2777 2037 3046 2110; x_wconf 83' lang='lat' dir='ltr'><strong>siquidem</strong></span> <span class='ocrx_word' id='word_1_297' title='bbox 3070 2043 3345 2112; x_wconf 89' lang='lat' dir='ltr'><strong>cognovit,</strong></span> <span class='ocrx_word' id='word_1_298' title='bbox 3366 2059 3504 2114; x_wconf 77' lang='lat' dir='ltr'><strong>quo-</strong></span> 
     </span>
    </p>
   </div>
   <div class='ocr_carea' id='block_1_40' title="bbox 1938 2121 3430 2202">
    <p class='ocr_par' dir='ltr' id='par_1_40' title="bbox 1938 2121 3430 2202">
     <span class='ocr_line' id='line_1_40' title="bbox 1938 2121 3430 2202; baseline 0.009 -27"><span class='ocrx_word' id='word_1_299' title='bbox 1938 2121 2099 2177; x_wconf 89' lang='lat' dir='ltr'><strong>modo</strong></span> <span class='ocrx_word' id='word_1_300' title='bbox 2122 2137 2219 2193; x_wconf 90' lang='lat' dir='ltr'><strong>per</strong></span> <span class='ocrx_word' id='word_1_301' title='bbox 2239 2138 2298 2179; x_wconf 91' lang='lat' dir='ltr'><strong>se</strong></span> <span class='ocrx_word' id='word_1_302' title='bbox 2323 2125 2614 2182; x_wconf 78' lang='lat' dir='ltr'><strong>exsisteret</strong></span> <span class='ocrx_word' id='word_1_303' title='bbox 2633 2128 2841 2195; x_wconf 88' lang='lat' dir='ltr'><strong>mistio,</strong></span> <span class='ocrx_word' id='word_1_304' title='bbox 2877 2130 3089 2186; x_wconf 83' lang='lat' dir='ltr'><strong>scilicet</strong></span> <span class='ocrx_word' id='word_1_305' title='bbox 3118 2147 3430 2202; x_wconf 83' lang='lat' dir='ltr'><strong>corporum.</strong></span> 
     </span>
    </p>
   </div>
   <div class='ocr_carea' id='block_1_41' title="bbox 315 2250 3429 2334">
    <p class='ocr_par' dir='ltr' id='par_1_41' title="bbox 315 2250 3429 2334">
     <span class='ocr_line' id='line_1_41' title="bbox 315 2250 3429 2334; baseline 0.001 -22"><span class='ocrx_word' id='word_1_306' title='bbox 315 2257 462 2313; x_wconf 73' lang='lat' dir='ltr'><strong>CAP.</strong></span> <span class='ocrx_word' id='word_1_307' title='bbox 506 2253 695 2310; x_wconf 78' lang='lat' dir='ltr'><strong>XXXI.</strong></span> <span class='ocrx_word' id='word_1_308' title='bbox 740 2253 917 2310; x_wconf 82' lang='lat' dir='ltr'><strong>Solent</strong></span> <span class='ocrx_word' id='word_1_309' title='bbox 944 2269 1106 2324; x_wconf 79' lang='lat' dir='ltr'><strong>usque</strong></span> <span class='ocrx_word' id='word_1_310' title='bbox 1144 2251 1274 2308; x_wconf 86' lang='lat' dir='ltr'><strong>adeo</strong></span> <span class='ocrx_word' id='word_1_311' title='bbox 1301 2250 1484 2306; x_wconf 81' lang='lat' dir='ltr'><strong>Manes</strong></span> <span class='ocrx_word' id='word_1_312' title='bbox 1514 2250 1758 2315; x_wconf 80' lang='lat' dir='ltr'><strong>honorat,</strong></span> <span class='ocrx_word' id='word_1_313' title='bbox 1787 2260 1844 2304; x_wconf 79' lang='lat' dir='ltr'><strong>ut</strong></span> <span class='ocrx_word' id='word_1_314' title='bbox 1877 2253 2047 2321; x_wconf 84' lang='lat' dir='ltr'><strong>ipsum</strong></span> <span class='ocrx_word' id='word_1_315' title='bbox 2072 2254 2178 2310; x_wconf 90' lang='lat' dir='ltr'><strong>Deo</strong></span> <span class='ocrx_word' id='word_1_316' title='bbox 2204 2259 2462 2328; x_wconf 77' lang='lat' dir='ltr'><strong>conferat,</strong></span> <span class='ocrx_word' id='word_1_317' title='bbox 2490 2270 2539 2317; x_wconf 83' lang='lat' dir='ltr'><strong>et</strong></span> <span class='ocrx_word' id='word_1_318' title='bbox 2562 2278 2627 2317; x_wconf 83' lang='lat' dir='ltr'><strong>ea:</strong></span> <span class='ocrx_word' id='word_1_319' title='bbox 2657 2264 2772 2334; x_wconf 86' lang='lat' dir='ltr'><strong>ejus</strong></span> <span class='ocrx_word' id='word_1_320' title='bbox 2802 2266 3100 2323; x_wconf 72' lang='lat' dir='ltr'><strong>substantia</strong></span> <span class='ocrx_word' id='word_1_321' title='bbox 3120 2285 3232 2323; x_wconf 70' lang='lat' dir='ltr'><strong>esse</strong></span> <span class='ocrx_word' id='word_1_322' title='bbox 3261 2268 3429 2324; x_wconf 67' lang='lat' dir='ltr'><strong>dicar,</strong></span> 
     </span>
    </p>
   </div>
   <div class='ocr_carea' id='block_1_42' title="bbox 330 2366 1838 2448">
    <p class='ocr_par' dir='ltr' id='par_1_42' title="bbox 330 2366 1838 2448">
     <span class='ocr_line' id='line_1_42' title="bbox 330 2366 1838 2448; baseline -0.005 -17"><span class='ocrx_word' id='word_1_323' title='bbox 330 2375 564 2448; x_wconf 67' lang='grc' dir='ltr'>Ἐπειδὴ</span> <span class='ocrx_word' id='word_1_324' title='bbox 598 2375 654 2429; x_wconf 81' lang='grc' dir='ltr'><strong>δέ</strong></span> <span class='ocrx_word' id='word_1_325' title='bbox 693 2375 841 2446; x_wconf 74' lang='grc' dir='ltr'>ἥλιον</span> <span class='ocrx_word' id='word_1_326' title='bbox 888 2373 1160 2445; x_wconf 83' lang='grc' dir='ltr'>σεμνύνει,</span> <span class='ocrx_word' id='word_1_327' title='bbox 1208 2371 1302 2426; x_wconf 76' lang='grc' dir='ltr'>καὶ</span> <span class='ocrx_word' id='word_1_328' title='bbox 1346 2370 1522 2443; x_wconf 80' lang='grc' dir='ltr'><strong>ἀμιγῆ</strong></span> <span class='ocrx_word' id='word_1_329' title='bbox 1563 2366 1722 2443; x_wconf 73' lang='grc' dir='ltr'>εἶναι,</span> <span class='ocrx_word' id='word_1_330' title='bbox 1762 2371 1838 2436; x_wconf 85' lang='grc' dir='ltr'>ὼς</span> 
     </span>
    </p>
   </div>
   <div class='ocr_carea' id='block_1_43' title="bbox 239 2461 1838 2539">
    <p class='ocr_par' dir='ltr' id='par_1_43' title="bbox 239 2461 1838 2539">
     <span class='ocr_line' id='line_1_43' title="bbox 239 2461 1838 2539; baseline -0.005 -15"><span class='ocrx_word' id='word_1_331' title='bbox 239 2469 552 2539; x_wconf 80' lang='grc' dir='ltr'>ὑπείληφε,</span> <span class='ocrx_word' id='word_1_332' title='bbox 581 2465 676 2520; x_wconf 83' lang='grc' dir='ltr'>τοῦ</span> <span class='ocrx_word' id='word_1_333' title='bbox 705 2465 876 2521; x_wconf 77' lang='grc' dir='ltr'>κακοῦ</span> <span class='ocrx_word' id='word_1_334' title='bbox 905 2465 1215 2538; x_wconf 80' lang='grc' dir='ltr'>διορίζεται,</span> <span class='ocrx_word' id='word_1_335' title='bbox 1242 2464 1373 2536; x_wconf 88' lang='grc' dir='ltr'>φέρε</span> <span class='ocrx_word' id='word_1_336' title='bbox 1399 2464 1494 2517; x_wconf 75' lang='grc' dir='ltr'>καὶ</span> <span class='ocrx_word' id='word_1_337' title='bbox 1526 2463 1654 2533; x_wconf 73' lang='grc' dir='ltr'>περὶ</span> <span class='ocrx_word' id='word_1_338' title='bbox 1686 2461 1838 2534; x_wconf 76' lang='grc' dir='ltr'>ἡλίου</span> 
     </span>
    </p>
   </div>
   <div class='ocr_carea' id='block_1_44' title="bbox 241 2555 1840 2632">
    <p class='ocr_par' dir='ltr' id='par_1_44' title="bbox 241 2555 1840 2632">
     <span class='ocr_line' id='line_1_44' title="bbox 241 2555 1840 2632; baseline -0.005 -16"><span class='ocrx_word' id='word_1_339' title='bbox 241 2558 575 2632; x_wconf 80' lang='grc' dir='ltr'>φιλαλήθως</span> <span class='ocrx_word' id='word_1_340' title='bbox 598 2558 899 2629; x_wconf 84' lang='grc' dir='ltr'>κατίδωμεν</span> <span class='ocrx_word' id='word_1_341' title='bbox 921 2575 934 2589; x_wconf 86' lang='grc'><strong>·</strong></span> <span class='ocrx_word' id='word_1_342' title='bbox 971 2557 1265 2628; x_wconf 85' lang='grc' dir='ltr'>ὀφθήσεται</span> <span class='ocrx_word' id='word_1_343' title='bbox 1293 2555 1402 2628; x_wconf 82' lang='grc' dir='ltr'><strong>γὰρ</strong></span> <span class='ocrx_word' id='word_1_344' title='bbox 1433 2556 1551 2620; x_wconf 81' lang='grc' dir='ltr'>ἐνὸς</span> <span class='ocrx_word' id='word_1_345' title='bbox 1580 2555 1686 2609; x_wconf 88' lang='grc' dir='ltr'><strong>τῶν</strong></span> <span class='ocrx_word' id='word_1_346' title='bbox 1715 2572 1840 2608; x_wconf 79' lang='grc' dir='ltr'>τεσ-</span> 
     </span>
    </p>
   </div>
   <div class='ocr_carea' id='block_1_45' title="bbox 243 2645 1839 2726">
    <p class='ocr_par' dir='ltr' id='par_1_45' title="bbox 243 2645 1839 2726">
     <span class='ocr_line' id='line_1_45' title="bbox 243 2645 1839 2726; baseline -0.006 -18"><span class='ocrx_word' id='word_1_347' title='bbox 243 2655 448 2726; x_wconf 84' lang='grc' dir='ltr'>σάρων</span> <span class='ocrx_word' id='word_1_348' title='bbox 484 2651 759 2722; x_wconf 80' lang='grc' dir='ltr'>στοιχείων</span> <span class='ocrx_word' id='word_1_349' title='bbox 786 2649 1067 2721; x_wconf 81' lang='grc' dir='ltr'>ὑπάρχων,</span> <span class='ocrx_word' id='word_1_350' title='bbox 1106 2647 1250 2716; x_wconf 84' lang='grc' dir='ltr'>λέγω</span> <span class='ocrx_word' id='word_1_351' title='bbox 1280 2647 1343 2720; x_wconf 75' lang='grc' dir='ltr'>δὴ</span> <span class='ocrx_word' id='word_1_352' title='bbox 1371 2647 1470 2717; x_wconf 81' lang='grc' dir='ltr'>τῆς</span> <span class='ocrx_word' id='word_1_353' title='bbox 1505 2645 1715 2719; x_wconf 80' lang='grc' dir='ltr'>θερμῆς</span> <span class='ocrx_word' id='word_1_354' title='bbox 1745 2646 1839 2698; x_wconf 73' lang='grc' dir='ltr'><strong>οὐσ-</strong></span> 
     </span>
    </p>
   </div>
   <div class='ocr_carea' id='block_1_46' title="bbox 246 2735 1842 2813">
    <p class='ocr_par' dir='ltr' id='par_1_46' title="bbox 246 2735 1842 2813">
     <span class='ocr_line' id='line_1_46' title="bbox 246 2735 1842 2813; baseline -0.006 -13"><span class='ocrx_word' id='word_1_355' title='bbox 246 2745 380 2809; x_wconf 83' lang='grc' dir='ltr'>σίας</span> <span class='ocrx_word' id='word_1_356' title='bbox 402 2761 417 2776; x_wconf 79' lang='grc' dir='ltr'><strong>ο</strong></span> <span class='ocrx_word' id='word_1_357' title='bbox 463 2744 522 2798; x_wconf 88' lang='grc' dir='ltr'>οὐ</span> <span class='ocrx_word' id='word_1_358' title='bbox 569 2741 795 2813; x_wconf 86' lang='grc' dir='ltr'>βλάπτει</span> <span class='ocrx_word' id='word_1_359' title='bbox 828 2741 925 2811; x_wconf 84' lang='grc' dir='ltr'>μὲν</span> <span class='ocrx_word' id='word_1_360' title='bbox 955 2738 1064 2811; x_wconf 84' lang='grc' dir='ltr'><strong>γὰρ</strong></span> <span class='ocrx_word' id='word_1_361' title='bbox 1108 2738 1176 2792; x_wconf 84' lang='grc' dir='ltr'><strong>τὰ</strong></span> <span class='ocrx_word' id='word_1_362' title='bbox 1203 2739 1555 2810; x_wconf 86' lang='grc' dir='ltr'>ὑποκείμενα,</span> <span class='ocrx_word' id='word_1_363' title='bbox 1595 2737 1752 2809; x_wconf 89' lang='grc' dir='ltr'>μόνον</span> <span class='ocrx_word' id='word_1_364' title='bbox 1783 2735 1842 2790; x_wconf 70' lang='grc' dir='ltr'>δὲ</span> 
     </span>
    </p>
   </div>
   <div class='ocr_carea' id='block_1_47' title="bbox 245 2825 1842 2910">
    <p class='ocr_par' dir='ltr' id='par_1_47' title="bbox 245 2825 1842 2910">
     <span class='ocr_line' id='line_1_47' title="bbox 245 2825 1842 2910; baseline -0.008 -16"><span class='ocrx_word' id='word_1_365' title='bbox 245 2836 552 2910; x_wconf 81' lang='grc' dir='ltr'>θερμαίνει</span> <span class='ocrx_word' id='word_1_366' title='bbox 577 2835 670 2890; x_wconf 78' lang='grc' dir='ltr'>καὶ</span> <span class='ocrx_word' id='word_1_367' title='bbox 692 2832 908 2904; x_wconf 77' lang='grc' dir='ltr'>ὠφελεῖ,</span> <span class='ocrx_word' id='word_1_368' title='bbox 940 2832 1025 2886; x_wconf 85' lang='grc' dir='ltr'><strong>διά</strong></span> <span class='ocrx_word' id='word_1_369' title='bbox 1046 2831 1107 2886; x_wconf 73' lang='grc' dir='ltr'>τὸ</span> <span class='ocrx_word' id='word_1_370' title='bbox 1131 2832 1379 2886; x_wconf 85' lang='grc' dir='ltr'>πλεῖστον</span> <span class='ocrx_word' id='word_1_371' title='bbox 1405 2831 1704 2900; x_wconf 86' lang='grc' dir='ltr'>ἀφεστάναι</span> <span class='ocrx_word' id='word_1_372' title='bbox 1721 2846 1733 2858; x_wconf 89' lang='grc'><strong>·</strong></span> <span class='ocrx_word' id='word_1_373' title='bbox 1758 2825 1842 2892; x_wconf 73' lang='grc' dir='ltr'>οἷς</span> 
     </span>
    </p>
   </div>
   <div class='ocr_carea' id='block_1_48' title="bbox 242 2917 1841 3000">
    <p class='ocr_par' dir='ltr' id='par_1_48' title="bbox 242 2917 1841 3000">
     <span class='ocr_line' id='line_1_48' title="bbox 242 2917 1841 3000; baseline -0.007 -13"><span class='ocrx_word' id='word_1_374' title='bbox 242 2930 310 2987; x_wconf 67' lang='grc' dir='ltr'>δὲ</span> <span class='ocrx_word' id='word_1_375' title='bbox 337 2930 514 2986; x_wconf 76' lang='grc' dir='ltr'>πλέον</span> <span class='ocrx_word' id='word_1_376' title='bbox 537 2926 908 3000; x_wconf 82' lang='grc' dir='ltr'>προσεγγίζει,</span> <span class='ocrx_word' id='word_1_377' title='bbox 939 2927 1084 2981; x_wconf 88' lang='grc' dir='ltr'>καίει</span> <span class='ocrx_word' id='word_1_378' title='bbox 1108 2917 1166 2980; x_wconf 66' lang='grc' dir='ltr'><strong>τε</strong></span> <span class='ocrx_word' id='word_1_379' title='bbox 1192 2926 1288 2980; x_wconf 74' lang='grc' dir='ltr'>καὶ</span> <span class='ocrx_word' id='word_1_380' title='bbox 1313 2925 1504 2994; x_wconf 82' lang='grc' dir='ltr'>ἄγονον</span> <span class='ocrx_word' id='word_1_381' title='bbox 1527 2924 1624 2996; x_wconf 83' lang='grc' dir='ltr'>τὴν</span> <span class='ocrx_word' id='word_1_382' title='bbox 1657 2923 1841 2978; x_wconf 78' lang='grc' dir='ltr'>τοιαύ-</span> 
     </span>
    </p>
   </div>
   <div class='ocr_carea' id='block_1_49' title="bbox 245 3014 1907 3098">
    <p class='ocr_par' dir='ltr' id='par_1_49' title="bbox 245 3014 1907 3098">
     <span class='ocr_line' id='line_1_49' title="bbox 245 3014 1907 3098; baseline -0.007 -21"><span class='ocrx_word' id='word_1_383' title='bbox 245 3040 359 3096; x_wconf 82' lang='grc' dir='ltr'><strong>την</strong></span> <span class='ocrx_word' id='word_1_384' title='bbox 384 3021 498 3091; x_wconf 79' lang='grc' dir='ltr'>γῆν</span> <span class='ocrx_word' id='word_1_385' title='bbox 523 3018 894 3088; x_wconf 76' lang='grc' dir='ltr'>ἀπεργάζεται</span> <span class='ocrx_word' id='word_1_386' title='bbox 918 3034 933 3048; x_wconf 75' lang='grc' dir='ltr'><strong>ο</strong></span> <span class='ocrx_word' id='word_1_387' title='bbox 965 3017 1162 3074; x_wconf 80' lang='grc' dir='ltr'>αὐτίκα</span> <span class='ocrx_word' id='word_1_388' title='bbox 1189 3017 1282 3070; x_wconf 83' lang='grc' dir='ltr'>καὶ</span> <span class='ocrx_word' id='word_1_389' title='bbox 1307 3015 1498 3086; x_wconf 83' lang='grc' dir='ltr'>θέρους</span> <span class='ocrx_word' id='word_1_390' title='bbox 1524 3015 1644 3087; x_wconf 80' lang='grc' dir='ltr'><strong>ὥρᾳ.</strong></span> <span class='ocrx_word' id='word_1_391' title='bbox 1670 3014 1842 3086; x_wconf 77' lang='grc' dir='ltr'>ἄκρα·</span> <span class='ocrx_word' id='word_1_392' title='bbox 1865 3039 1907 3098; x_wconf 76' lang='lat' dir='ltr'><strong>C</strong></span> 
     </span>
    </p>
   </div>
   <div class='ocr_carea' id='block_1_50' title="bbox 246 3106 1840 3188">
    <p class='ocr_par' dir='ltr' id='par_1_50' title="bbox 246 3106 1840 3188">
     <span class='ocr_line' id='line_1_50' title="bbox 246 3106 1840 3188; baseline -0.006 -19"><span class='ocrx_word' id='word_1_393' title='bbox 246 3133 349 3182; x_wconf 81' lang='grc' dir='ltr'><strong>τος</strong></span> <span class='ocrx_word' id='word_1_394' title='bbox 378 3112 706 3188; x_wconf 79' lang='grc' dir='ltr'>προσϐαλὼν</span> <span class='ocrx_word' id='word_1_395' title='bbox 731 3115 797 3184; x_wconf 80' lang='grc' dir='ltr'>τῇ</span> <span class='ocrx_word' id='word_1_396' title='bbox 827 3115 919 3183; x_wconf 79' lang='grc' dir='ltr'><strong>γῇ,</strong></span> <span class='ocrx_word' id='word_1_397' title='bbox 955 3110 1095 3165; x_wconf 83' lang='grc' dir='ltr'>κατὰ</span> <span class='ocrx_word' id='word_1_398' title='bbox 1138 3109 1482 3182; x_wconf 81' lang='grc' dir='ltr'>μεσημϐρίαν</span> <span class='ocrx_word' id='word_1_399' title='bbox 1510 3107 1682 3170; x_wconf 78' lang='grc' dir='ltr'>οὕτως</span> <span class='ocrx_word' id='word_1_400' title='bbox 1712 3106 1840 3178; x_wconf 87' lang='grc' dir='ltr'>θερ-</span> 
     </span>
    </p>
   </div>
   <div class='ocr_carea' id='block_1_51' title="bbox 251 3197 1841 3280">
    <p class='ocr_par' dir='ltr' id='par_1_51' title="bbox 251 3197 1841 3280">
     <span class='ocr_line' id='line_1_51' title="bbox 251 3197 1841 3280; baseline -0.008 -19"><span class='ocrx_word' id='word_1_401' title='bbox 251 3206 454 3280; x_wconf 85' lang='grc' dir='ltr'>μαίνει</span> <span class='ocrx_word' id='word_1_402' title='bbox 511 3202 735 3274; x_wconf 88' lang='grc' dir='ltr'>ταύτην,</span> <span class='ocrx_word' id='word_1_403' title='bbox 795 3202 935 3256; x_wconf 86' lang='grc' dir='ltr'>ὥστε</span> <span class='ocrx_word' id='word_1_404' title='bbox 991 3201 1262 3272; x_wconf 83' lang='grc' dir='ltr'>καυτῆρος</span> <span class='ocrx_word' id='word_1_405' title='bbox 1323 3199 1478 3269; x_wconf 86' lang='grc' dir='ltr'>δίκην</span> <span class='ocrx_word' id='word_1_406' title='bbox 1540 3197 1841 3269; x_wconf 81' lang='grc' dir='ltr'>ὑποόεϐλῆ-</span> 
     </span>
    </p>
   </div>
   <div class='ocr_carea' id='block_1_52' title="bbox 251 3291 1843 3365">
    <p class='ocr_par' dir='ltr' id='par_1_52' title="bbox 251 3291 1843 3365">
     <span class='ocr_line' id='line_1_52' title="bbox 251 3291 1843 3365; baseline -0.008 -11"><span class='ocrx_word' id='word_1_407' title='bbox 251 3298 386 3354; x_wconf 83' lang='grc' dir='ltr'>σθαι</span> <span class='ocrx_word' id='word_1_408' title='bbox 431 3296 613 3350; x_wconf 87' lang='grc' dir='ltr'>δοκεῖν</span> <span class='ocrx_word' id='word_1_409' title='bbox 657 3294 920 3365; x_wconf 80' lang='grc' dir='ltr'>τοὺδαφος</span> <span class='ocrx_word' id='word_1_410' title='bbox 944 3297 1058 3357; x_wconf 82' lang='grc' dir='ltr'>τοῖς</span> <span class='ocrx_word' id='word_1_411' title='bbox 1085 3291 1424 3347; x_wconf 71' lang='grc' dir='ltr'>ἐπιϐαίνουσι</span> <span class='ocrx_word' id='word_1_412' title='bbox 1467 3292 1694 3361; x_wconf 83' lang='grc' dir='ltr'>γυμνοῖς</span> <span class='ocrx_word' id='word_1_413' title='bbox 1729 3292 1843 3353; x_wconf 86' lang='grc' dir='ltr'>τοῖς</span> 
     </span>
    </p>
   </div>
   <div class='ocr_carea' id='block_1_53' title="bbox 250 3388 410 3442">
    <p class='ocr_par' dir='ltr' id='par_1_53' title="bbox 250 3388 410 3442">
     <span class='ocr_line' id='line_1_53' title="bbox 250 3388 410 3442; baseline 0 0"><span class='ocrx_word' id='word_1_414' title='bbox 250 3388 387 3442; x_wconf 80' lang='grc' dir='ltr'>ποσί</span> <span class='ocrx_word' id='word_1_415' title='bbox 397 3430 410 3442; x_wconf 97' lang='grc'><strong><em>.</em></strong></span> 
     </span>
    </p>
   </div>
   <div class='ocr_carea' id='block_1_54' title="bbox 323 3471 1844 3549">
    <p class='ocr_par' dir='ltr' id='par_1_54' title="bbox 323 3471 1844 3549">
     <span class='ocr_line' id='line_1_54' title="bbox 323 3471 1844 3549; baseline -0.009 -12"><span class='ocrx_word' id='word_1_416' title='bbox 323 3479 609 3545; x_wconf 85' lang='grc' dir='ltr'>Πολλάκις</span> <span class='ocrx_word' id='word_1_417' title='bbox 647 3478 707 3533; x_wconf 81' lang='grc' dir='ltr'><strong>δέ</strong></span> <span class='ocrx_word' id='word_1_418' title='bbox 749 3479 842 3532; x_wconf 69' lang='grc' dir='ltr'>καὶ</span> <span class='ocrx_word' id='word_1_419' title='bbox 882 3478 947 3549; x_wconf 76' lang='grc' dir='ltr'><strong>τῇ</strong></span> <span class='ocrx_word' id='word_1_420' title='bbox 985 3476 1144 3547; x_wconf 71' lang='grc' dir='ltr'>φλογὶ</span> <span class='ocrx_word' id='word_1_421' title='bbox 1169 3477 1234 3547; x_wconf 84' lang='grc' dir='ltr'><strong>τῇ</strong></span> <span class='ocrx_word' id='word_1_422' title='bbox 1261 3474 1458 3547; x_wconf 78' lang='grc' dir='ltr'>ἡλιακῇ</span> <span class='ocrx_word' id='word_1_423' title='bbox 1502 3471 1844 3545; x_wconf 80' lang='grc' dir='ltr'>παραπεσόν-</span> 
     </span>
    </p>
   </div>
   <div class='ocr_carea' id='block_1_55' title="bbox 248 3561 1844 3642">
    <p class='ocr_par' dir='ltr' id='par_1_55' title="bbox 248 3561 1844 3642">
     <span class='ocr_line' id='line_1_55' title="bbox 248 3561 1844 3642; baseline -0.008 -16"><span class='ocrx_word' id='word_1_424' title='bbox 248 3588 344 3636; x_wconf 83' lang='grc' dir='ltr'><strong>τες</strong></span> <span class='ocrx_word' id='word_1_425' title='bbox 369 3570 680 3642; x_wconf 70' lang='grc' dir='ltr'>ἄνθρωποι,</span> <span class='ocrx_word' id='word_1_426' title='bbox 714 3568 892 3639; x_wconf 82' lang='grc' dir='ltr'>πολλῷ</span> <span class='ocrx_word' id='word_1_427' title='bbox 917 3585 980 3636; x_wconf 91' lang='grc' dir='ltr'><strong>γε</strong></span> <span class='ocrx_word' id='word_1_428' title='bbox 1011 3566 1088 3638; x_wconf 77' lang='grc' dir='ltr'>τῷ</span> <span class='ocrx_word' id='word_1_429' title='bbox 1103 3565 1346 3637; x_wconf 75' lang='grc' dir='ltr'>καύματι</span> <span class='ocrx_word' id='word_1_430' title='bbox 1372 3562 1757 3634; x_wconf 83' lang='grc' dir='ltr'>διεφθάρησαν,</span> <span class='ocrx_word' id='word_1_431' title='bbox 1781 3561 1844 3614; x_wconf 81' lang='grc' dir='ltr'>τὸ</span> 
     </span>
    </p>
   </div>
   <div class='ocr_carea' id='block_1_56' title="bbox 248 3652 1844 3737">
    <p class='ocr_par' dir='ltr' id='par_1_56' title="bbox 248 3652 1844 3737">
     <span class='ocr_line' id='line_1_56' title="bbox 248 3652 1844 3737; baseline -0.009 -17"><span class='ocrx_word' id='word_1_432' title='bbox 248 3659 763 3737; x_wconf 69' lang='grc' dir='ltr'>παραμυθούμενον</span> <span class='ocrx_word' id='word_1_433' title='bbox 804 3659 1030 3728; x_wconf 83' lang='grc' dir='ltr'>ἐγγύθεν</span> <span class='ocrx_word' id='word_1_434' title='bbox 1075 3658 1148 3728; x_wconf 81' lang='grc' dir='ltr'>μὴ</span> <span class='ocrx_word' id='word_1_435' title='bbox 1181 3655 1451 3728; x_wconf 79' lang='grc' dir='ltr'>εὑρόντες.</span> <span class='ocrx_word' id='word_1_436' title='bbox 1489 3653 1746 3707; x_wconf 80' lang='grc' dir='ltr'>Μελαίνει</span> <span class='ocrx_word' id='word_1_437' title='bbox 1785 3652 1844 3706; x_wconf 78' lang='grc' dir='ltr'>δὲ</span> 
     </span>
    </p>
   </div>
   <div class='ocr_carea' id='block_1_57' title="bbox 248 3743 1840 3824">
    <p class='ocr_par' dir='ltr' id='par_1_57' title="bbox 248 3743 1840 3824">
     <span class='ocr_line' id='line_1_57' title="bbox 248 3743 1840 3824; baseline -0.009 -13"><span class='ocrx_word' id='word_1_438' title='bbox 248 3756 330 3811; x_wconf 68' lang='grc' dir='ltr'>τὰ</span> <span class='ocrx_word' id='word_1_439' title='bbox 363 3751 607 3824; x_wconf 72' lang='grc' dir='ltr'>σώματα</span> <span class='ocrx_word' id='word_1_440' title='bbox 634 3753 727 3806; x_wconf 78' lang='grc' dir='ltr'>καὶ</span> <span class='ocrx_word' id='word_1_441' title='bbox 754 3751 1007 3813; x_wconf 83' lang='grc' dir='ltr'>διακαίει,</span> <span class='ocrx_word' id='word_1_442' title='bbox 1044 3747 1229 3816; x_wconf 82' lang='grc' dir='ltr'>σαφῶς</span> <span class='ocrx_word' id='word_1_443' title='bbox 1266 3746 1336 3800; x_wconf 83' lang='grc' dir='ltr'>τὰ</span> <span class='ocrx_word' id='word_1_444' title='bbox 1364 3745 1534 3816; x_wconf 85' lang='grc' dir='ltr'>πυρδς</span> <span class='ocrx_word' id='word_1_445' title='bbox 1564 3743 1802 3816; x_wconf 88' lang='grc' dir='ltr'>ἐνεργῶν</span> <span class='ocrx_word' id='word_1_446' title='bbox 1824 3761 1840 3776; x_wconf 86' lang='grc'><strong>·</strong></span> 
     </span>
    </p>
   </div>
   <div class='ocr_carea' id='block_1_58' title="bbox 261 3835 1845 3921">
    <p class='ocr_par' dir='ltr' id='par_1_58' title="bbox 261 3835 1845 3921">
     <span class='ocr_line' id='line_1_58' title="bbox 261 3835 1845 3921; baseline -0.009 -20"><span class='ocrx_word' id='word_1_447' title='bbox 261 3846 474 3921; x_wconf 62' lang='grc' dir='ltr'>μᾶλλον</span> <span class='ocrx_word' id='word_1_448' title='bbox 505 3843 562 3896; x_wconf 80' lang='grc' dir='ltr'>δὲ</span> <span class='ocrx_word' id='word_1_449' title='bbox 589 3843 759 3914; x_wconf 78' lang='grc' dir='ltr'>πυρὸς</span> <span class='ocrx_word' id='word_1_450' title='bbox 785 3841 944 3904; x_wconf 80' lang='grc' dir='ltr'>αὑτὸς</span> <span class='ocrx_word' id='word_1_451' title='bbox 979 3838 1203 3909; x_wconf 87' lang='grc' dir='ltr'>γόνιμός</span> <span class='ocrx_word' id='word_1_452' title='bbox 1245 3838 1418 3900; x_wconf 87' lang='grc' dir='ltr'>ἐστιν,</span> <span class='ocrx_word' id='word_1_453' title='bbox 1446 3836 1500 3889; x_wconf 73' lang='grc' dir='ltr'>ετ</span> <span class='ocrx_word' id='word_1_454' title='bbox 1522 3853 1605 3900; x_wconf 88' lang='grc' dir='ltr'><strong>τις</strong></span> <span class='ocrx_word' id='word_1_455' title='bbox 1639 3837 1700 3888; x_wconf 91' lang='grc' dir='ltr'><strong>ἐν</strong></span> <span class='ocrx_word' id='word_1_456' title='bbox 1744 3835 1845 3903; x_wconf 85' lang='grc' dir='ltr'>ἀγ-</span> 
     </span>
    </p>
   </div>
   <div class='ocr_carea' id='block_1_59' title="bbox 261 3925 1846 4010">
    <p class='ocr_par' dir='ltr' id='par_1_59' title="bbox 261 3925 1846 4010">
     <span class='ocr_line' id='line_1_59' title="bbox 261 3925 1846 4010; baseline -0.018 -16"><span class='ocrx_word' id='word_1_457' title='bbox 261 3939 405 4010; x_wconf 77' lang='grc' dir='ltr'>γείῳ</span> <span class='ocrx_word' id='word_1_458' title='bbox 437 3935 583 4005; x_wconf 76' lang='grc' dir='ltr'>ὕδωρ</span> <span class='ocrx_word' id='word_1_459' title='bbox 621 3933 814 4003; x_wconf 82' lang='grc' dir='ltr'>ὑελίνῳ</span> <span class='ocrx_word' id='word_1_460' title='bbox 850 3931 1106 4000; x_wconf 80' lang='grc' dir='ltr'>ἄντικρυς</span> <span class='ocrx_word' id='word_1_461' title='bbox 1138 3927 1286 3998; x_wconf 85' lang='grc' dir='ltr'>αὑτῷ</span> <span class='ocrx_word' id='word_1_462' title='bbox 1314 3925 1652 3998; x_wconf 74' lang='grc' dir='ltr'>προσαγάγοι</span> <span class='ocrx_word' id='word_1_463' title='bbox 1672 3942 1686 3956; x_wconf 88' lang='grc'><strong>·</strong></span> <span class='ocrx_word' id='word_1_464' title='bbox 1723 3940 1846 3978; x_wconf 84' lang='grc' dir='ltr'>συν-</span> 
     </span>
    </p>
   </div>
   <div class='ocr_carea' id='block_1_60' title="bbox 263 4015 1843 4101">
    <p class='ocr_par' dir='ltr' id='par_1_60' title="bbox 263 4015 1843 4101">
     <span class='ocr_line' id='line_1_60' title="bbox 263 4015 1843 4101; baseline -0.011 -16"><span class='ocrx_word' id='word_1_465' title='bbox 263 4029 518 4101; x_wconf 77' lang='grc' dir='ltr'>ἀγομένη</span> <span class='ocrx_word' id='word_1_466' title='bbox 543 4025 652 4096; x_wconf 84' lang='grc' dir='ltr'><strong>γὰρ</strong></span> <span class='ocrx_word' id='word_1_467' title='bbox 675 4023 752 4096; x_wconf 83' lang='grc' dir='ltr'>τῷ</span> <span class='ocrx_word' id='word_1_468' title='bbox 776 4023 985 4090; x_wconf 86' lang='grc' dir='ltr'>διαυγεί</span> <span class='ocrx_word' id='word_1_469' title='bbox 1013 4017 1106 4073; x_wconf 80' lang='grc' dir='ltr'>τοῦ</span> <span class='ocrx_word' id='word_1_470' title='bbox 1133 4036 1193 4072; x_wconf 88' lang='grc' dir='ltr'><strong>τε</strong></span> <span class='ocrx_word' id='word_1_471' title='bbox 1222 4017 1415 4081; x_wconf 74' lang='grc' dir='ltr'>ὓδατος</span> <span class='ocrx_word' id='word_1_472' title='bbox 1443 4017 1656 4087; x_wconf 76' lang='grc' dir='ltr'>καὶτῆς</span> <span class='ocrx_word' id='word_1_473' title='bbox 1687 4015 1843 4072; x_wconf 82' lang='grc' dir='ltr'>ὑέλου</span> 
     </span>
    </p>
   </div>
   <div class='ocr_carea' id='block_1_61' title="bbox 265 4107 1844 4196">
    <p class='ocr_par' dir='ltr' id='par_1_61' title="bbox 265 4107 1844 4196">
     <span class='ocr_line' id='line_1_61' title="bbox 265 4107 1844 4196; baseline -0.009 -20"><span class='ocrx_word' id='word_1_474' title='bbox 265 4125 369 4196; x_wconf 80' lang='grc' dir='ltr'>τῆς</span> <span class='ocrx_word' id='word_1_475' title='bbox 411 4119 645 4195; x_wconf 72' lang='grc' dir='ltr'>ἡλιακῆς</span> <span class='ocrx_word' id='word_1_476' title='bbox 688 4119 902 4179; x_wconf 79' lang='grc' dir='ltr'>ἀκτῖνος</span> <span class='ocrx_word' id='word_1_477' title='bbox 932 4117 968 4187; x_wconf 77' lang='grc' dir='ltr'>ἡ</span> <span class='ocrx_word' id='word_1_478' title='bbox 1009 4112 1180 4184; x_wconf 80' lang='grc' dir='ltr'>ἀκμὴ,</span> <span class='ocrx_word' id='word_1_479' title='bbox 1211 4111 1306 4164; x_wconf 62' lang='grc' dir='ltr'><strong>καί⁹</strong></span> <span class='ocrx_word' id='word_1_480' title='bbox 1353 4109 1491 4182; x_wconf 77' lang='grc' dir='ltr'>πρὸς</span> <span class='ocrx_word' id='word_1_481' title='bbox 1522 4107 1705 4163; x_wconf 83' lang='grc' dir='ltr'>στενὸν</span> <span class='ocrx_word' id='word_1_482' title='bbox 1747 4107 1844 4178; x_wconf 86' lang='grc' dir='ltr'>μὲν</span> 
     </span>
    </p>
   </div>
   <div class='ocr_carea' id='block_1_62' title="bbox 267 4200 1848 4288">
    <p class='ocr_par' dir='ltr' id='par_1_62' title="bbox 267 4200 1848 4288">
     <span class='ocr_line' id='line_1_62' title="bbox 267 4200 1848 4288; baseline -0.012 -19"><span class='ocrx_word' id='word_1_483' title='bbox 267 4209 774 4288; x_wconf 70' lang='grc' dir='ltr'>παραπεμτνομένη,</span> <span class='ocrx_word' id='word_1_484' title='bbox 815 4204 1219 4280; x_wconf 81' lang='grc' dir='ltr'>προσομιλοῦσά</span> <span class='ocrx_word' id='word_1_485' title='bbox 1253 4220 1316 4254; x_wconf 88' lang='grc' dir='ltr'><strong>τε</strong></span> <span class='ocrx_word' id='word_1_486' title='bbox 1363 4201 1486 4273; x_wconf 75' lang='grc' dir='ltr'>ὕλῃ,</span> <span class='ocrx_word' id='word_1_487' title='bbox 1522 4200 1717 4272; x_wconf 72' lang='grc' dir='ltr'>ῥαδίως</span> <span class='ocrx_word' id='word_1_488' title='bbox 1751 4217 1848 4252; x_wconf 87' lang='grc' dir='ltr'>πυ-</span> 
     </span>
    </p>
   </div>
   <div class='ocr_carea' id='block_1_63' title="bbox 273 4291 1842 4379">
    <p class='ocr_par' dir='ltr' id='par_1_63' title="bbox 273 4291 1842 4379">
     <span class='ocr_line' id='line_1_63' title="bbox 273 4291 1842 4379; baseline -0.01 -19"><span class='ocrx_word' id='word_1_489' title='bbox 273 4307 368 4379; x_wconf 71' lang='grc' dir='ltr'><strong>ρὸς</strong></span> <span class='ocrx_word' id='word_1_490' title='bbox 410 4300 940 4374; x_wconf 74' lang='grc' dir='ltr'>ἀντιλαμϐανομένῃ,</span> <span class='ocrx_word' id='word_1_491' title='bbox 980 4299 1098 4370; x_wconf 69' lang='grc' dir='ltr'>ἅμα</span> <span class='ocrx_word' id='word_1_492' title='bbox 1135 4313 1194 4350; x_wconf 88' lang='grc' dir='ltr'><strong>τε</strong></span> <span class='ocrx_word' id='word_1_493' title='bbox 1237 4295 1410 4349; x_wconf 88' lang='grc' dir='ltr'>τίκτει</span> <span class='ocrx_word' id='word_1_494' title='bbox 1449 4291 1581 4364; x_wconf 82' lang='grc' dir='ltr'>πῦρ,</span> <span class='ocrx_word' id='word_1_495' title='bbox 1609 4292 1704 4346; x_wconf 72' lang='grc' dir='ltr'>καὶ</span> <span class='ocrx_word' id='word_1_496' title='bbox 1744 4309 1842 4345; x_wconf 86' lang='grc' dir='ltr'>σα-</span> 
     </span>
    </p>
   </div>
   <div class='ocr_carea' id='block_1_64' title="bbox 2009 2375 3507 2460">
    <p class='ocr_par' dir='ltr' id='par_1_64' title="bbox 2009 2375 3507 2460">
     <span class='ocr_line' id='line_1_64' title="bbox 2009 2375 3507 2460; baseline 0.011 -31"><span class='ocrx_word' id='word_1_497' title='bbox 2009 2375 2117 2430; x_wconf 87' lang='lat' dir='ltr'><strong>Sed</strong></span> <span class='ocrx_word' id='word_1_498' title='bbox 2146 2379 2273 2460; x_wconf 86' lang='lat' dir='ltr'><strong>quia</strong></span> <span class='ocrx_word' id='word_1_499' title='bbox 2307 2380 2476 2436; x_wconf 87' lang='lat' dir='ltr'><strong>solem</strong></span> <span class='ocrx_word' id='word_1_500' title='bbox 2518 2382 2772 2450; x_wconf 87' lang='lat' dir='ltr'><strong>honorat,</strong></span> <span class='ocrx_word' id='word_1_501' title='bbox 2808 2393 2863 2448; x_wconf 86' lang='lat' dir='ltr'><strong>et</strong></span> <span class='ocrx_word' id='word_1_502' title='bbox 2907 2393 2968 2441; x_wconf 89' lang='lat' dir='ltr'><strong>ut</strong></span> <span class='ocrx_word' id='word_1_503' title='bbox 3018 2387 3370 2457; x_wconf 77' lang='lat' dir='ltr'><strong>existimavit,</strong></span> <span class='ocrx_word' id='word_1_504' title='bbox 3409 2389 3507 2445; x_wconf 85' lang='lat' dir='ltr'><strong>de-</strong></span> 
     </span>
    </p>
   </div>
   <div class='ocr_carea' id='block_1_65' title="bbox 1933 2467 3505 2548">
    <p class='ocr_par' dir='ltr' id='par_1_65' title="bbox 1933 2467 3505 2548">
     <span class='ocr_line' id='line_1_65' title="bbox 1933 2467 3505 2548; baseline 0.011 -28"><span class='ocrx_word' id='word_1_505' title='bbox 1933 2467 2109 2522; x_wconf 80' lang='lat' dir='ltr'><strong>cernit</strong></span> <span class='ocrx_word' id='word_1_506' title='bbox 2141 2483 2252 2524; x_wconf 90' lang='lat' dir='ltr'><strong>non</strong></span> <span class='ocrx_word' id='word_1_507' title='bbox 2274 2469 2476 2528; x_wconf 86' lang='lat' dir='ltr'><strong>habere</strong></span> <span class='ocrx_word' id='word_1_508' title='bbox 2519 2473 2831 2530; x_wconf 86' lang='lat' dir='ltr'><strong>mistionem</strong></span> <span class='ocrx_word' id='word_1_509' title='bbox 2871 2477 3022 2540; x_wconf 88' lang='lat' dir='ltr'><strong>mali,</strong></span> <span class='ocrx_word' id='word_1_510' title='bbox 3071 2492 3170 2548; x_wconf 85' lang='lat' dir='ltr'><strong>age</strong></span> <span class='ocrx_word' id='word_1_511' title='bbox 3220 2479 3505 2537; x_wconf 84' lang='lat' dir='ltr'><strong>videam-us</strong></span> 
     </span>
    </p>
   </div>
   <div class='ocr_carea' id='block_1_66' title="bbox 1935 2555 3507 2629">
    <p class='ocr_par' dir='ltr' id='par_1_66' title="bbox 1935 2555 3507 2629">
     <span class='ocr_line' id='line_1_66' title="bbox 1935 2555 3507 2629; baseline 0.008 -17"><span class='ocrx_word' id='word_1_512' title='bbox 1935 2555 2004 2612; x_wconf 86' lang='lat' dir='ltr'><strong>de</strong></span> <span class='ocrx_word' id='word_1_513' title='bbox 2035 2557 2150 2612; x_wconf 89' lang='lat' dir='ltr'><strong>sole</strong></span> <span class='ocrx_word' id='word_1_514' title='bbox 2167 2573 2268 2629; x_wconf 89' lang='lat' dir='ltr'><strong>pro</strong></span> <span class='ocrx_word' id='word_1_515' title='bbox 2307 2561 2490 2626; x_wconf 88' lang='lat' dir='ltr'><strong>studio</strong></span> <span class='ocrx_word' id='word_1_516' title='bbox 2545 2563 2791 2618; x_wconf 85' lang='lat' dir='ltr'><strong>veritatis</strong></span> <span class='ocrx_word' id='word_1_517' title='bbox 2814 2585 2832 2619; x_wconf 85' lang='lat'><strong>:</strong></span> <span class='ocrx_word' id='word_1_518' title='bbox 2885 2566 3160 2621; x_wconf 81' lang='lat' dir='ltr'><strong>videbitur</strong></span> <span class='ocrx_word' id='word_1_519' title='bbox 3197 2569 3342 2624; x_wconf 91' lang='lat' dir='ltr'><strong>enim</strong></span> <span class='ocrx_word' id='word_1_520' title='bbox 3384 2585 3507 2626; x_wconf 85' lang='lat' dir='ltr'><strong>esse</strong></span> 
     </span>
    </p>
   </div>
   <div class='ocr_carea' id='block_1_67' title="bbox 1941 2648 3504 2732">
    <p class='ocr_par' dir='ltr' id='par_1_67' title="bbox 1941 2648 3504 2732">
     <span class='ocr_line' id='line_1_67' title="bbox 1941 2648 3504 2732; baseline 0.008 -30"><span class='ocrx_word' id='word_1_521' title='bbox 1941 2648 2106 2710; x_wconf 86' lang='lat' dir='ltr'><strong>unius</strong></span> <span class='ocrx_word' id='word_1_522' title='bbox 2151 2665 2219 2705; x_wconf 81' lang='lat' dir='ltr'><strong>ex</strong></span> <span class='ocrx_word' id='word_1_523' title='bbox 2254 2659 2492 2721; x_wconf 84' lang='lat' dir='ltr'><strong>quatuor</strong></span> <span class='ocrx_word' id='word_1_524' title='bbox 2525 2654 2830 2722; x_wconf 81' lang='lat' dir='ltr'><strong>elementis,</strong></span> <span class='ocrx_word' id='word_1_525' title='bbox 2876 2657 3216 2722; x_wconf 80' lang='lat' dir='ltr'><strong>substantiae,</strong></span> <span class='ocrx_word' id='word_1_526' title='bbox 3259 2660 3504 2732; x_wconf 89' lang='lat' dir='ltr'><strong>inquam,</strong></span> 
     </span>
    </p>
   </div>
   <div class='ocr_carea' id='block_1_68' title="bbox 1939 2739 3506 2815">
    <p class='ocr_par' dir='ltr' id='par_1_68' title="bbox 1939 2739 3506 2815">
     <span class='ocr_line' id='line_1_68' title="bbox 1939 2739 3506 2815; baseline 0.004 -19"><span class='ocrx_word' id='word_1_527' title='bbox 1939 2739 2163 2809; x_wconf 69' lang='lat' dir='ltr'><strong>calidae;</strong></span> <span class='ocrx_word' id='word_1_528' title='bbox 2187 2755 2300 2812; x_wconf 86' lang='lat' dir='ltr'><strong>non</strong></span> <span class='ocrx_word' id='word_1_529' title='bbox 2329 2741 2474 2796; x_wconf 89' lang='lat' dir='ltr'><strong>enim</strong></span> <span class='ocrx_word' id='word_1_530' title='bbox 2510 2750 2667 2798; x_wconf 86' lang='lat' dir='ltr'><strong>nocet</strong></span> <span class='ocrx_word' id='word_1_531' title='bbox 2694 2745 2976 2815; x_wconf 87' lang='lat' dir='ltr'><strong>subjectis,</strong></span> <span class='ocrx_word' id='word_1_532' title='bbox 3023 2745 3118 2802; x_wconf 84' lang='lat' dir='ltr'><strong>sed</strong></span> <span class='ocrx_word' id='word_1_533' title='bbox 3157 2747 3331 2802; x_wconf 88' lang='lat' dir='ltr'><strong>solum</strong></span> <span class='ocrx_word' id='word_1_534' title='bbox 3358 2747 3506 2803; x_wconf 87' lang='lat' dir='ltr'><strong>cale-</strong></span> 
     </span>
    </p>
   </div>
   <div class='ocr_carea' id='block_1_69' title="bbox 1940 2827 3504 2908">
    <p class='ocr_par' dir='ltr' id='par_1_69' title="bbox 1940 2827 3504 2908">
     <span class='ocr_line' id='line_1_69' title="bbox 1940 2827 3504 2908; baseline 0.006 -26"><span class='ocrx_word' id='word_1_535' title='bbox 1940 2827 2070 2884; x_wconf 83' lang='lat' dir='ltr'><strong>facit</strong></span> <span class='ocrx_word' id='word_1_536' title='bbox 2090 2837 2144 2885; x_wconf 88' lang='lat' dir='ltr'><strong>et</strong></span> <span class='ocrx_word' id='word_1_537' title='bbox 2159 2831 2333 2904; x_wconf 78' lang='lat' dir='ltr'><strong>juvat,</strong></span> <span class='ocrx_word' id='word_1_538' title='bbox 2361 2833 2490 2906; x_wconf 89' lang='lat' dir='ltr'><strong>quia</strong></span> <span class='ocrx_word' id='word_1_539' title='bbox 2510 2833 2806 2906; x_wconf 89' lang='lat' dir='ltr'><strong>plurimum</strong></span> <span class='ocrx_word' id='word_1_540' title='bbox 2849 2836 3052 2892; x_wconf 87' lang='lat' dir='ltr'><strong>distat:</strong></span> <span class='ocrx_word' id='word_1_541' title='bbox 3080 2837 3280 2908; x_wconf 82' lang='lat' dir='ltr'><strong>quibus</strong></span> <span class='ocrx_word' id='word_1_542' title='bbox 3320 2847 3504 2893; x_wconf 84' lang='lat' dir='ltr'><strong>autem</strong></span> 
     </span>
    </p>
   </div>
   <div class='ocr_carea' id='block_1_70' title="bbox 1941 2922 3504 2993">
    <p class='ocr_par' dir='ltr' id='par_1_70' title="bbox 1941 2922 3504 2993">
     <span class='ocr_line' id='line_1_70' title="bbox 1941 2922 3504 2993; baseline 0.007 -18"><span class='ocrx_word' id='word_1_543' title='bbox 1941 2922 2366 2992; x_wconf 87' lang='lat' dir='ltr'><strong>appropinquat,</strong></span> <span class='ocrx_word' id='word_1_544' title='bbox 2412 2925 2540 2993; x_wconf 88' lang='lat' dir='ltr'><strong>urit,</strong></span> <span class='ocrx_word' id='word_1_545' title='bbox 2585 2932 2640 2981; x_wconf 85' lang='lat' dir='ltr'><strong>et</strong></span> <span class='ocrx_word' id='word_1_546' title='bbox 2667 2927 2775 2981; x_wconf 87' lang='lat' dir='ltr'><strong>tale</strong></span> <span class='ocrx_word' id='word_1_547' title='bbox 2816 2928 2992 2982; x_wconf 87' lang='lat' dir='ltr'><strong>solum</strong></span> <span class='ocrx_word' id='word_1_548' title='bbox 3047 2928 3232 2984; x_wconf 88' lang='lat' dir='ltr'><strong>sterile</strong></span> <span class='ocrx_word' id='word_1_549' title='bbox 3281 2928 3504 2986; x_wconf 87' lang='lat' dir='ltr'><strong>reddit:</strong></span> 
     </span>
    </p>
   </div>
   <div class='ocr_carea' id='block_1_71' title="bbox 1941 3015 3505 3091">
    <p class='ocr_par' dir='ltr' id='par_1_71' title="bbox 1941 3015 3505 3091">
     <span class='ocr_line' id='line_1_71' title="bbox 1941 3015 3505 3091; baseline 0.006 -24"><span class='ocrx_word' id='word_1_550' title='bbox 1941 3019 1995 3068; x_wconf 88' lang='lat' dir='ltr'><strong>et</strong></span> <span class='ocrx_word' id='word_1_551' title='bbox 2027 3015 2083 3068; x_wconf 93' lang='lat' dir='ltr'><strong>in</strong></span> <span class='ocrx_word' id='word_1_552' title='bbox 2122 3021 2310 3070; x_wconf 79' lang='lat' dir='ltr'><strong>aestate</strong></span> <span class='ocrx_word' id='word_1_553' title='bbox 2348 3030 2473 3070; x_wconf 90' lang='lat' dir='ltr'><strong>cum</strong></span> <span class='ocrx_word' id='word_1_554' title='bbox 2495 3016 2552 3070; x_wconf 92' lang='lat' dir='ltr'><strong>in</strong></span> <span class='ocrx_word' id='word_1_555' title='bbox 2599 3025 2802 3072; x_wconf 87' lang='lat' dir='ltr'><strong>terram</strong></span> <span class='ocrx_word' id='word_1_556' title='bbox 2851 3017 2986 3088; x_wconf 87' lang='lat' dir='ltr'><strong>jacit</strong></span> <span class='ocrx_word' id='word_1_557' title='bbox 3027 3020 3210 3076; x_wconf 89' lang='lat' dir='ltr'><strong>radios</strong></span> <span class='ocrx_word' id='word_1_558' title='bbox 3242 3035 3409 3091; x_wconf 87' lang='lat' dir='ltr'><strong>puros</strong></span> <span class='ocrx_word' id='word_1_559' title='bbox 3448 3022 3505 3078; x_wconf 82' lang='lat' dir='ltr'><strong>in</strong></span> 
     </span>
    </p>
   </div>
   <div class='ocr_carea' id='block_1_72' title="bbox 1943 3104 3504 3181">
    <p class='ocr_par' dir='ltr' id='par_1_72' title="bbox 1943 3104 3504 3181">
     <span class='ocr_line' id='line_1_72' title="bbox 1943 3104 3504 3181; baseline 0.006 -23"><span class='ocrx_word' id='word_1_560' title='bbox 1943 3104 2186 3171; x_wconf 88' lang='lat' dir='ltr'><strong>meridie,</strong></span> <span class='ocrx_word' id='word_1_561' title='bbox 2218 3121 2391 3176; x_wconf 86' lang='lat' dir='ltr'><strong>usque</strong></span> <span class='ocrx_word' id='word_1_562' title='bbox 2417 3105 2554 3162; x_wconf 91' lang='lat' dir='ltr'><strong>adeo</strong></span> <span class='ocrx_word' id='word_1_563' title='bbox 2584 3123 2704 3162; x_wconf 89' lang='lat' dir='ltr'><strong>eam</strong></span> <span class='ocrx_word' id='word_1_564' title='bbox 2735 3107 3006 3173; x_wconf 82' lang='lat' dir='ltr'><strong>calefacit,</strong></span> <span class='ocrx_word' id='word_1_565' title='bbox 3046 3120 3106 3165; x_wconf 92' lang='lat' dir='ltr'><strong>ut</strong></span> <span class='ocrx_word' id='word_1_566' title='bbox 3137 3114 3504 3181; x_wconf 82' lang='lat' dir='ltr'><strong>pavimentum</strong></span> 
     </span>
    </p>
   </div>
   <div class='ocr_carea' id='block_1_73' title="bbox 1941 3193 3332 3275">
    <p class='ocr_par' dir='ltr' id='par_1_73' title="bbox 1941 3193 3332 3275">
     <span class='ocr_line' id='line_1_73' title="bbox 1941 3193 3332 3275; baseline 0.006 -26"><span class='ocrx_word' id='word_1_567' title='bbox 1941 3193 2106 3252; x_wconf 90' lang='lat' dir='ltr'><strong>nudis</strong></span> <span class='ocrx_word' id='word_1_568' title='bbox 2143 3195 2373 3265; x_wconf 87' lang='lat' dir='ltr'><strong>pedibus</strong></span> <span class='ocrx_word' id='word_1_569' title='bbox 2394 3198 2734 3275; x_wconf 87' lang='lat' dir='ltr'><strong>suppositum</strong></span> <span class='ocrx_word' id='word_1_570' title='bbox 2773 3198 2950 3254; x_wconf 88' lang='lat' dir='ltr'><strong>instar</strong></span> <span class='ocrx_word' id='word_1_571' title='bbox 2975 3194 3212 3257; x_wconf 84' lang='lat' dir='ltr'><strong>incendii</strong></span> <span class='ocrx_word' id='word_1_572' title='bbox 3239 3204 3332 3257; x_wconf 86' lang='lat' dir='ltr'><strong>sit.</strong></span> 
     </span>
    </p>
   </div>
   <div class='ocr_carea' id='block_1_74' title="bbox 2013 3461 3506 3534">
    <p class='ocr_par' dir='ltr' id='par_1_74' title="bbox 2013 3461 3506 3534">
     <span class='ocr_line' id='line_1_74' title="bbox 2013 3461 3506 3534; baseline 0.001 -16"><span class='ocrx_word' id='word_1_573' title='bbox 2013 3463 2171 3534; x_wconf 73' lang='lat' dir='ltr'><strong>Saepe</strong></span> <span class='ocrx_word' id='word_1_574' title='bbox 2195 3469 2378 3519; x_wconf 82' lang='lat' dir='ltr'><strong>autem</strong></span> <span class='ocrx_word' id='word_1_575' title='bbox 2408 3461 2662 3528; x_wconf 76' lang='lat' dir='ltr'><strong>homines</strong></span> <span class='ocrx_word' id='word_1_576' title='bbox 2696 3462 2752 3518; x_wconf 91' lang='lat' dir='ltr'><strong>in</strong></span> <span class='ocrx_word' id='word_1_577' title='bbox 2780 3462 3054 3522; x_wconf 72' lang='lat' dir='ltr'><strong>ﬂammam</strong></span> <span class='ocrx_word' id='word_1_578' title='bbox 3087 3465 3219 3521; x_wconf 87' lang='lat' dir='ltr'><strong>solis</strong></span> <span class='ocrx_word' id='word_1_579' title='bbox 3257 3465 3506 3520; x_wconf 76' lang='lat' dir='ltr'><strong>inciden—</strong></span> 
     </span>
    </p>
   </div>
   <div class='ocr_carea' id='block_1_75' title="bbox 1941 3556 3505 3629">
    <p class='ocr_par' dir='ltr' id='par_1_75' title="bbox 1941 3556 3505 3629">
     <span class='ocr_line' id='line_1_75' title="bbox 1941 3556 3505 3629; baseline -0.001 -15"><span class='ocrx_word' id='word_1_580' title='bbox 1941 3565 2027 3614; x_wconf 70' lang='lat' dir='ltr'><strong>tes</strong></span> <span class='ocrx_word' id='word_1_581' title='bbox 2049 3556 2216 3611; x_wconf 89' lang='lat' dir='ltr'><strong>nimio</strong></span> <span class='ocrx_word' id='word_1_582' title='bbox 2245 3562 2380 3613; x_wconf 69' lang='lat' dir='ltr'><strong>aestu</strong></span> <span class='ocrx_word' id='word_1_583' title='bbox 2411 3556 2756 3623; x_wconf 76' lang='lat' dir='ltr'><strong>interierunt,</strong></span> <span class='ocrx_word' id='word_1_584' title='bbox 2777 3572 2886 3612; x_wconf 89' lang='lat' dir='ltr'><strong>non</strong></span> <span class='ocrx_word' id='word_1_585' title='bbox 2924 3557 3144 3613; x_wconf 84' lang='lat' dir='ltr'><strong>invento</strong></span> <span class='ocrx_word' id='word_1_586' title='bbox 3169 3572 3339 3628; x_wconf 88' lang='lat' dir='ltr'><strong>prope</strong></span> <span class='ocrx_word' id='word_1_587' title='bbox 3359 3559 3505 3629; x_wconf 89' lang='lat' dir='ltr'><strong>quod</strong></span> 
     </span>
    </p>
   </div>
   <div class='ocr_carea' id='block_1_76' title="bbox 1943 3649 3504 3722">
    <p class='ocr_par' dir='ltr' id='par_1_76' title="bbox 1943 3649 3504 3722">
     <span class='ocr_line' id='line_1_76' title="bbox 1943 3649 3504 3722; baseline -0.001 -16"><span class='ocrx_word' id='word_1_588' title='bbox 1943 3650 2314 3722; x_wconf 82' lang='lat' dir='ltr'><strong>refrigeraret.</strong></span> <span class='ocrx_word' id='word_1_589' title='bbox 2347 3649 2524 3704; x_wconf 78' lang='lat' dir='ltr'><strong>Eﬂicit</strong></span> <span class='ocrx_word' id='word_1_590' title='bbox 2543 3658 2724 3705; x_wconf 86' lang='lat' dir='ltr'><strong>autem</strong></span> <span class='ocrx_word' id='word_1_591' title='bbox 2766 3649 2923 3720; x_wconf 84' lang='lat' dir='ltr'><strong>nigra</strong></span> <span class='ocrx_word' id='word_1_592' title='bbox 2951 3663 3183 3719; x_wconf 87' lang='lat' dir='ltr'><strong>corpora</strong></span> <span class='ocrx_word' id='word_1_593' title='bbox 3208 3657 3265 3704; x_wconf 91' lang='lat' dir='ltr'><strong>et</strong></span> <span class='ocrx_word' id='word_1_594' title='bbox 3300 3650 3504 3717; x_wconf 86' lang='lat' dir='ltr'><strong>adurit,</strong></span> 
     </span>
    </p>
   </div>
   <div class='ocr_carea' id='block_1_77' title="bbox 1943 3741 3505 3815">
    <p class='ocr_par' dir='ltr' id='par_1_77' title="bbox 1943 3741 3505 3815">
     <span class='ocr_line' id='line_1_77' title="bbox 1943 3741 3505 3815; baseline -0.002 -16"><span class='ocrx_word' id='word_1_595' title='bbox 1943 3743 2189 3815; x_wconf 79' lang='lat' dir='ltr'><strong>facitque</strong></span> <span class='ocrx_word' id='word_1_596' title='bbox 2210 3743 2391 3814; x_wconf 85' lang='lat' dir='ltr'><strong>plane,</strong></span> <span class='ocrx_word' id='word_1_597' title='bbox 2426 3742 2572 3814; x_wconf 86' lang='lat' dir='ltr'><strong>quod</strong></span> <span class='ocrx_word' id='word_1_598' title='bbox 2619 3742 2762 3813; x_wconf 89' lang='lat' dir='ltr'><strong>ignis</strong></span> <span class='ocrx_word' id='word_1_599' title='bbox 2802 3742 2981 3808; x_wconf 85' lang='lat' dir='ltr'><strong>solet;</strong></span> <span class='ocrx_word' id='word_1_600' title='bbox 3020 3741 3132 3795; x_wconf 88' lang='lat' dir='ltr'><strong>imo</strong></span> <span class='ocrx_word' id='word_1_601' title='bbox 3177 3741 3296 3812; x_wconf 84' lang='lat' dir='ltr'><strong>ipse</strong></span> <span class='ocrx_word' id='word_1_602' title='bbox 3326 3741 3505 3812; x_wconf 85' lang='lat' dir='ltr'><strong>ignem</strong></span> 
     </span>
    </p>
   </div>
   <div class='ocr_carea' id='block_1_78' title="bbox 1944 3833 3508 3906">
    <p class='ocr_par' dir='ltr' id='par_1_78' title="bbox 1944 3833 3508 3906">
     <span class='ocr_line' id='line_1_78' title="bbox 1944 3833 3508 3906; baseline -0.003 -16"><span class='ocrx_word' id='word_1_603' title='bbox 1944 3834 2176 3891; x_wconf 81' lang='lat' dir='ltr'><strong>fecunde</strong></span> <span class='ocrx_word' id='word_1_604' title='bbox 2215 3841 2456 3906; x_wconf 84' lang='lat' dir='ltr'><strong>generat,</strong></span> <span class='ocrx_word' id='word_1_605' title='bbox 2489 3834 2536 3890; x_wconf 92' lang='lat' dir='ltr'><strong>si</strong></span> <span class='ocrx_word' id='word_1_606' title='bbox 2565 3834 2690 3905; x_wconf 91' lang='lat' dir='ltr'><strong>quis</strong></span> <span class='ocrx_word' id='word_1_607' title='bbox 2714 3847 2910 3904; x_wconf 87' lang='lat' dir='ltr'><strong>aquam</strong></span> <span class='ocrx_word' id='word_1_608' title='bbox 2941 3833 2996 3893; x_wconf 82' lang='lat' dir='ltr'><strong>in</strong></span> <span class='ocrx_word' id='word_1_609' title='bbox 3029 3845 3160 3888; x_wconf 81' lang='lat' dir='ltr'><strong>vase</strong></span> <span class='ocrx_word' id='word_1_610' title='bbox 3199 3834 3373 3890; x_wconf 80' lang='lat' dir='ltr'><strong>vitreo</strong></span> <span class='ocrx_word' id='word_1_611' title='bbox 3405 3833 3508 3888; x_wconf 85' lang='lat' dir='ltr'><strong>soli</strong></span> 
     </span>
    </p>
   </div>
   <div class='ocr_carea' id='block_1_79' title="bbox 1944 3921 3510 3992">
    <p class='ocr_par' dir='ltr' id='par_1_79' title="bbox 1944 3921 3510 3992">
     <span class='ocr_line' id='line_1_79' title="bbox 1944 3921 3510 3992; baseline -0.003 -13"><span class='ocrx_word' id='word_1_612' title='bbox 1944 3925 2177 3992; x_wconf 79' lang='lat' dir='ltr'><strong>adverso</strong></span> <span class='ocrx_word' id='word_1_613' title='bbox 2198 3925 2516 3992; x_wconf 86' lang='lat' dir='ltr'><strong>admoveat;</strong></span> <span class='ocrx_word' id='word_1_614' title='bbox 2557 3926 2637 3980; x_wconf 76' lang='lat' dir='ltr'><strong>vis</strong></span> <span class='ocrx_word' id='word_1_615' title='bbox 2665 3924 2811 3980; x_wconf 87' lang='lat' dir='ltr'><strong>enim</strong></span> <span class='ocrx_word' id='word_1_616' title='bbox 2845 3922 2985 3977; x_wconf 81' lang='lat' dir='ltr'><strong>radii</strong></span> <span class='ocrx_word' id='word_1_617' title='bbox 3033 3921 3168 3978; x_wconf 83' lang='lat' dir='ltr'><strong>solis</strong></span> <span class='ocrx_word' id='word_1_618' title='bbox 3194 3921 3376 3978; x_wconf 89' lang='lat' dir='ltr'><strong>lucido</strong></span> <span class='ocrx_word' id='word_1_619' title='bbox 3416 3923 3510 3976; x_wconf 88' lang='lat' dir='ltr'><strong>illo</strong></span> 
     </span>
    </p>
   </div>
   <div class='ocr_carea' id='block_1_80' title="bbox 1943 4009 3510 4082">
    <p class='ocr_par' dir='ltr' id='par_1_80' title="bbox 1943 4009 3510 4082">
     <span class='ocr_line' id='line_1_80' title="bbox 1943 4009 3510 4082; baseline 0 -16"><span class='ocrx_word' id='word_1_620' title='bbox 1943 4027 2100 4082; x_wconf 67' lang='lat' dir='ltr'><strong>aqua:</strong></span> <span class='ocrx_word' id='word_1_621' title='bbox 2135 4020 2190 4067; x_wconf 92' lang='lat' dir='ltr'><strong>et</strong></span> <span class='ocrx_word' id='word_1_622' title='bbox 2232 4012 2359 4068; x_wconf 85' lang='lat' dir='ltr'><strong>vitri</strong></span> <span class='ocrx_word' id='word_1_623' title='bbox 2392 4020 2582 4068; x_wconf 87' lang='lat' dir='ltr'><strong>coacta</strong></span> <span class='ocrx_word' id='word_1_624' title='bbox 2625 4019 2679 4068; x_wconf 90' lang='lat' dir='ltr'><strong>et</strong></span> <span class='ocrx_word' id='word_1_625' title='bbox 2727 4009 2992 4074; x_wconf 70' lang='lat' dir='ltr'><strong>conferta,</strong></span> <span class='ocrx_word' id='word_1_626' title='bbox 3033 4018 3197 4082; x_wconf 87' lang='lat' dir='ltr'><strong>atque</strong></span> <span class='ocrx_word' id='word_1_627' title='bbox 3238 4011 3298 4066; x_wconf 91' lang='lat' dir='ltr'><strong>in</strong></span> <span class='ocrx_word' id='word_1_628' title='bbox 3336 4026 3510 4082; x_wconf 60' lang='lat' dir='ltr'><strong>angue</strong></span> 
     </span>
    </p>
   </div>
   <div class='ocr_carea' id='block_1_81' title="bbox 1945 4099 3510 4170">
    <p class='ocr_par' dir='ltr' id='par_1_81' title="bbox 1945 4099 3510 4170">
     <span class='ocr_line' id='line_1_81' title="bbox 1945 4099 3510 4170; baseline -0.001 -15"><span class='ocrx_word' id='word_1_629' title='bbox 1945 4107 2092 4155; x_wconf 82' lang='lat' dir='ltr'><strong>stum</strong></span> <span class='ocrx_word' id='word_1_630' title='bbox 2143 4099 2363 4170; x_wconf 88' lang='lat' dir='ltr'><strong>quidem</strong></span> <span class='ocrx_word' id='word_1_631' title='bbox 2411 4101 2735 4157; x_wconf 80' lang='lat' dir='ltr'><strong>transmissa</strong></span> <span class='ocrx_word' id='word_1_632' title='bbox 2779 4109 2834 4155; x_wconf 89' lang='lat' dir='ltr'><strong>et</strong></span> <span class='ocrx_word' id='word_1_633' title='bbox 2864 4100 3120 4170; x_wconf 84' lang='lat' dir='ltr'><strong>adjuncta</strong></span> <span class='ocrx_word' id='word_1_634' title='bbox 3153 4101 3394 4159; x_wconf 74' lang='lat' dir='ltr'><strong>materia:</strong></span> <span class='ocrx_word' id='word_1_635' title='bbox 3427 4101 3510 4154; x_wconf 81' lang='lat' dir='ltr'><strong>ia-</strong></span> 
     </span>
    </p>
   </div>
   <div class='ocr_carea' id='block_1_82' title="bbox 1943 4190 3511 4264">
    <p class='ocr_par' dir='ltr' id='par_1_82' title="bbox 1943 4190 3511 4264">
     <span class='ocr_line' id='line_1_82' title="bbox 1943 4190 3511 4264; baseline 0.003 -16"><span class='ocrx_word' id='word_1_636' title='bbox 1943 4190 2050 4248; x_wconf 85' lang='lat' dir='ltr'><strong>cile</strong></span> <span class='ocrx_word' id='word_1_637' title='bbox 2075 4191 2256 4263; x_wconf 79' lang='lat' dir='ltr'><strong>ignem</strong></span> <span class='ocrx_word' id='word_1_638' title='bbox 2285 4192 2635 4264; x_wconf 83' lang='lat' dir='ltr'><strong>concipienti,</strong></span> <span class='ocrx_word' id='word_1_639' title='bbox 2660 4192 2826 4248; x_wconf 91' lang='lat' dir='ltr'><strong>simul</strong></span> <span class='ocrx_word' id='word_1_640' title='bbox 2848 4191 2992 4263; x_wconf 80' lang='lat' dir='ltr'><strong>parit</strong></span> <span class='ocrx_word' id='word_1_641' title='bbox 3007 4192 3188 4264; x_wconf 87' lang='lat' dir='ltr'><strong>ignem</strong></span> <span class='ocrx_word' id='word_1_642' title='bbox 3209 4210 3227 4260; x_wconf 89' lang='lat'><strong>;</strong></span> <span class='ocrx_word' id='word_1_643' title='bbox 3247 4201 3302 4248; x_wconf 87' lang='lat' dir='ltr'><strong>et</strong></span> <span class='ocrx_word' id='word_1_644' title='bbox 3325 4205 3511 4263; x_wconf 66' lang='lat' dir='ltr'><strong>aperte</strong></span> 
     </span>
    </p>
   </div>
   <div class='ocr_carea' id='block_1_83' title="bbox 1944 4282 3512 4356">
    <p class='ocr_par' dir='ltr' id='par_1_83' title="bbox 1944 4282 3512 4356">
     <span class='ocr_line' id='line_1_83' title="bbox 1944 4282 3512 4356; baseline 0.001 -17"><span class='ocrx_word' id='word_1_645' title='bbox 1944 4282 2142 4340; x_wconf 75' lang='lat' dir='ltr'><strong>suadet</strong></span> <span class='ocrx_word' id='word_1_646' title='bbox 2174 4299 2288 4340; x_wconf 89' lang='lat' dir='ltr'><strong>non</strong></span> <span class='ocrx_word' id='word_1_647' title='bbox 2315 4285 2518 4341; x_wconf 84' lang='lat' dir='ltr'><strong>volenti</strong></span> <span class='ocrx_word' id='word_1_648' title='bbox 2547 4285 2897 4351; x_wconf 78' lang='lat' dir='ltr'><strong>contendere,</strong></span> <span class='ocrx_word' id='word_1_649' title='bbox 2928 4301 3053 4344; x_wconf 85' lang='lat' dir='ltr'><strong>esse</strong></span> <span class='ocrx_word' id='word_1_650' title='bbox 3082 4285 3303 4356; x_wconf 87' lang='lat' dir='ltr'><strong>quidem</strong></span> <span class='ocrx_word' id='word_1_651' title='bbox 3338 4286 3512 4342; x_wconf 79' lang='lat' dir='ltr'><strong>solem</strong></span> 
     </span>
    </p>
   </div>
   <div class='ocr_carea' id='block_1_84' title="bbox 272 4371 1845 4468">
    <p class='ocr_par' dir='ltr' id='par_1_84' title="bbox 272 4371 1844 4468">
     <span class='ocr_line' id='line_1_84' title="bbox 272 4371 1844 4468; baseline -0.01 -17"><span class='ocrx_word' id='word_1_652' title='bbox 272 4371 394 4468; x_wconf 77' lang='grc' dir='ltr'><strong>φῶς</strong></span> <span class='ocrx_word' id='word_1_653' title='bbox 438 4371 620 4449; x_wconf 77' lang='grc' dir='ltr'>πείθει</span> <span class='ocrx_word' id='word_1_654' title='bbox 644 4393 734 4448; x_wconf 76' lang='grc' dir='ltr'><strong>τὸν</strong></span> <span class='ocrx_word' id='word_1_655' title='bbox 780 4371 854 4465; x_wconf 83' lang='grc' dir='ltr'>μὴ</span> <span class='ocrx_word' id='word_1_656' title='bbox 894 4371 1218 4463; x_wconf 83' lang='grc' dir='ltr'>φιλονεικεῖν</span> <span class='ocrx_word' id='word_1_657' title='bbox 1250 4387 1523 4449; x_wconf 85' lang='grc' dir='ltr'>ἐθέλοντα,</span> <span class='ocrx_word' id='word_1_658' title='bbox 1562 4385 1638 4449; x_wconf 83' lang='grc' dir='ltr'>ὡς</span> <span class='ocrx_word' id='word_1_659' title='bbox 1674 4386 1844 4456; x_wconf 75' lang='grc' dir='ltr'>πυρὸς</span> 
     </span>
    </p>
   </div>
   <div class='ocr_carea' id='block_1_85' title="bbox 1943 4371 3511 4468">
    <p class='ocr_par' dir='ltr' id='par_1_85' title="bbox 1947 4371 3511 4446">
     <span class='ocr_line' id='line_1_85' title="bbox 1947 4371 3511 4446; baseline -0.003 -18"><span class='ocrx_word' id='word_1_660' title='bbox 1947 4371 2186 4444; x_wconf 84' lang='lat' dir='ltr'><strong>speciem</strong></span> <span class='ocrx_word' id='word_1_661' title='bbox 2225 4374 2392 4446; x_wconf 85' lang='lat' dir='ltr'><strong>ignis,</strong></span> <span class='ocrx_word' id='word_1_662' title='bbox 2428 4389 2496 4430; x_wconf 76' lang='lat' dir='ltr'><strong>ex</strong></span> <span class='ocrx_word' id='word_1_663' title='bbox 2532 4374 2790 4444; x_wconf 85' lang='lat' dir='ltr'><strong>operibus</strong></span> <span class='ocrx_word' id='word_1_664' title='bbox 2823 4388 2953 4430; x_wconf 86' lang='lat' dir='ltr'><strong>vero</strong></span> <span class='ocrx_word' id='word_1_665' title='bbox 2993 4371 3296 4443; x_wconf 82' lang='lat' dir='ltr'><strong>splendidis</strong></span> <span class='ocrx_word' id='word_1_666' title='bbox 3335 4372 3511 4442; x_wconf 82' lang='lat' dir='ltr'><strong>ipsius</strong></span> 
     </span>
    </p>
   </div>
   <div class='ocr_carea' id='block_1_86' title="bbox 274 4478 1846 4558">
    <p class='ocr_par' dir='ltr' id='par_1_86' title="bbox 274 4478 1846 4558">
     <span class='ocr_line' id='line_1_86' title="bbox 274 4478 1846 4558; baseline -0.008 -16"><span class='ocrx_word' id='word_1_667' title='bbox 274 4485 417 4552; x_wconf 76' lang='grc' dir='ltr'>εἶδος</span> <span class='ocrx_word' id='word_1_668' title='bbox 465 4485 565 4558; x_wconf 81' lang='grc' dir='ltr'><strong>μέν</strong></span> <span class='ocrx_word' id='word_1_669' title='bbox 619 4487 766 4539; x_wconf 85' lang='grc' dir='ltr'>ἐστιν</span> <span class='ocrx_word' id='word_1_670' title='bbox 794 4487 824 4538; x_wconf 85' lang='grc' dir='ltr'><strong>ό</strong></span> <span class='ocrx_word' id='word_1_671' title='bbox 876 4484 1051 4555; x_wconf 78' lang='grc' dir='ltr'>ἣλιος,</span> <span class='ocrx_word' id='word_1_672' title='bbox 1094 4481 1202 4536; x_wconf 82' lang='grc' dir='ltr'><strong>τῶν</strong></span> <span class='ocrx_word' id='word_1_673' title='bbox 1246 4481 1302 4535; x_wconf 89' lang='grc' dir='ltr'><strong>δέ</strong></span> <span class='ocrx_word' id='word_1_674' title='bbox 1345 4482 1445 4552; x_wconf 82' lang='grc' dir='ltr'>τῆς</span> <span class='ocrx_word' id='word_1_675' title='bbox 1492 4478 1846 4548; x_wconf 85' lang='grc' dir='ltr'>δημιουργίας</span> 
     </span>
    </p>
   </div>
   <div class='ocr_carea' id='block_1_87' title="bbox 275 4565 1849 4650">
    <p class='ocr_par' dir='ltr' id='par_1_87' title="bbox 275 4565 1849 4650">
     <span class='ocr_line' id='line_1_87' title="bbox 275 4565 1849 4650; baseline -0.009 -17"><span class='ocrx_word' id='word_1_676' title='bbox 275 4576 549 4650; x_wconf 84' lang='grc' dir='ltr'>λαμπρῶν</span> <span class='ocrx_word' id='word_1_677' title='bbox 592 4576 768 4650; x_wconf 75' lang='grc' dir='ltr'>ἔργων</span> <span class='ocrx_word' id='word_1_678' title='bbox 813 4575 842 4626; x_wconf 87' lang='grc' dir='ltr'><strong>ό</strong></span> <span class='ocrx_word' id='word_1_679' title='bbox 887 4573 1136 4646; x_wconf 77' lang='grc' dir='ltr'><strong>πρὶιῐνιιος·⁸</strong></span> <span class='ocrx_word' id='word_1_680' title='bbox 1183 4570 1374 4640; x_wconf 79' lang='grc' dir='ltr'>ἐπειδὴ</span> <span class='ocrx_word' id='word_1_681' title='bbox 1413 4567 1508 4622; x_wconf 73' lang='grc' dir='ltr'>καὶ</span> <span class='ocrx_word' id='word_1_682' title='bbox 1543 4565 1636 4621; x_wconf 77' lang='grc' dir='ltr'><strong>τοῦ</strong></span> <span class='ocrx_word' id='word_1_683' title='bbox 1675 4566 1849 4640; x_wconf 78' lang='grc' dir='ltr'>πυρὸς</span> 
     </span>
    </p>
   </div>
   <div class='ocr_carea' id='block_1_88' title="bbox 279 4659 1655 4743">
    <p class='ocr_par' dir='ltr' id='par_1_88' title="bbox 279 4659 1655 4743">
     <span class='ocr_line' id='line_1_88' title="bbox 279 4659 1655 4743; baseline -0.007 -21"><span class='ocrx_word' id='word_1_684' title='bbox 279 4674 314 4743; x_wconf 77' lang='grc' dir='ltr'><strong>η</strong></span> <span class='ocrx_word' id='word_1_685' title='bbox 337 4669 500 4739; x_wconf 83' lang='grc' dir='ltr'>φύσις</span> <span class='ocrx_word' id='word_1_686' title='bbox 525 4667 779 4722; x_wconf 83' lang='grc' dir='ltr'>ἁπάντων</span> <span class='ocrx_word' id='word_1_687' title='bbox 807 4682 872 4734; x_wconf 87' lang='grc' dir='ltr'><strong>γε</strong></span> <span class='ocrx_word' id='word_1_688' title='bbox 904 4665 968 4719; x_wconf 83' lang='grc' dir='ltr'>ἂν</span> <span class='ocrx_word' id='word_1_689' title='bbox 1002 4663 1247 4738; x_wconf 77' lang='grc' dir='ltr'>εὑρεθείη</span> <span class='ocrx_word' id='word_1_690' title='bbox 1279 4659 1655 4732; x_wconf 85' lang='grc' dir='ltr'>λαμπροτέρα.</span> 
     </span>
    </p>
   </div>
   <div class='ocr_carea' id='block_1_89' title="bbox 349 4749 1823 4829">
    <p class='ocr_par' dir='ltr' id='par_1_89' title="bbox 349 4749 1823 4829">
     <span class='ocr_line' id='line_1_89' title="bbox 349 4749 1823 4829; baseline -0.009 -14"><span class='ocrx_word' id='word_1_691' title='bbox 349 4760 574 4816; x_wconf 81' lang='grc' dir='ltr'>Πάντων</span> <span class='ocrx_word' id='word_1_692' title='bbox 601 4757 709 4829; x_wconf 78' lang='grc' dir='ltr'>γὰρ</span> <span class='ocrx_word' id='word_1_693' title='bbox 749 4756 858 4809; x_wconf 85' lang='grc' dir='ltr'><strong>τῶν</strong></span> <span class='ocrx_word' id='word_1_694' title='bbox 901 4755 1076 4810; x_wconf 72' lang='grc' dir='ltr'>ἄλλων</span> <span class='ocrx_word' id='word_1_695' title='bbox 1121 4753 1396 4825; x_wconf 85' lang='grc' dir='ltr'>στοιχείων</span> <span class='ocrx_word' id='word_1_696' title='bbox 1428 4751 1578 4805; x_wconf 86' lang='grc' dir='ltr'>κάτω</span> <span class='ocrx_word' id='word_1_697' title='bbox 1617 4749 1823 4822; x_wconf 73' lang='grc' dir='ltr'>φερομὲ</span> 
     </span>
    </p>
   </div>
   <div class='ocr_carea' id='block_1_90' title="bbox 279 4842 1852 4923">
    <p class='ocr_par' dir='ltr' id='par_1_90' title="bbox 279 4842 1852 4923">
     <span class='ocr_line' id='line_1_90' title="bbox 279 4842 1852 4923; baseline -0.008 -16"><span class='ocrx_word' id='word_1_698' title='bbox 279 4871 405 4919; x_wconf 91' lang='grc' dir='ltr'>νων,</span> <span class='ocrx_word' id='word_1_699' title='bbox 442 4852 503 4904; x_wconf 84' lang='grc' dir='ltr'><strong>τὺ</strong></span> <span class='ocrx_word' id='word_1_700' title='bbox 542 4850 651 4923; x_wconf 68' lang='lat'><strong>1:69</strong></span> <span class='ocrx_word' id='word_1_701' title='bbox 681 4850 840 4922; x_wconf 91' lang='grc' dir='ltr'>μόνον</span> <span class='ocrx_word' id='word_1_702' title='bbox 879 4851 989 4911; x_wconf 83' lang='grc' dir='ltr'>τοῖς</span> <span class='ocrx_word' id='word_1_703' title='bbox 1031 4848 1128 4918; x_wconf 82' lang='grc' dir='ltr'>μὲν</span> <span class='ocrx_word' id='word_1_704' title='bbox 1156 4848 1410 4908; x_wconf 83' lang='grc' dir='ltr'>καυστοῖς</span> <span class='ocrx_word' id='word_1_705' title='bbox 1449 4842 1708 4914; x_wconf 85' lang='grc' dir='ltr'>ἐπιπηδᾷ,</span> <span class='ocrx_word' id='word_1_706' title='bbox 1740 4842 1852 4896; x_wconf 78' lang='grc' dir='ltr'><strong>ἀνω</strong></span> 
     </span>
    </p>
   </div>
   <div class='ocr_carea' id='block_1_91' title="bbox 277 4933 1854 5012">
    <p class='ocr_par' dir='ltr' id='par_1_91' title="bbox 277 4933 1854 5012">
     <span class='ocr_line' id='line_1_91' title="bbox 277 4933 1854 5012; baseline -0.008 -14"><span class='ocrx_word' id='word_1_707' title='bbox 277 4945 336 5000; x_wconf 86' lang='grc' dir='ltr'><strong>δέ</strong></span> <span class='ocrx_word' id='word_1_708' title='bbox 358 4943 428 4996; x_wconf 76' lang='grc' dir='ltr'>τὰ</span> <span class='ocrx_word' id='word_1_709' title='bbox 455 4944 634 4996; x_wconf 86' lang='grc' dir='ltr'>πάντα</span> <span class='ocrx_word' id='word_1_710' title='bbox 659 4940 756 5012; x_wconf 83' lang='grc' dir='ltr'>τὴν</span> <span class='ocrx_word' id='word_1_711' title='bbox 783 4940 1006 5010; x_wconf 89' lang='grc' dir='ltr'>πορείαν</span> <span class='ocrx_word' id='word_1_712' title='bbox 1032 4938 1165 5009; x_wconf 78' lang='grc' dir='ltr'>ἔχει,</span> <span class='ocrx_word' id='word_1_713' title='bbox 1200 4937 1487 5007; x_wconf 88' lang='grc' dir='ltr'>λεπτότητι</span> <span class='ocrx_word' id='word_1_714' title='bbox 1530 4933 1854 5003; x_wconf 80' lang='grc' dir='ltr'>κουφιζόμε-</span> 
     </span>
    </p>
   </div>
   <div class='ocr_carea' id='block_1_92' title="bbox 279 5023 1852 5101">
    <p class='ocr_par' dir='ltr' id='par_1_92' title="bbox 279 5023 1852 5101">
     <span class='ocr_line' id='line_1_92' title="bbox 279 5023 1852 5101; baseline -0.007 -13"><span class='ocrx_word' id='word_1_715' title='bbox 279 5053 390 5101; x_wconf 88' lang='grc' dir='ltr'>νον,</span> <span class='ocrx_word' id='word_1_716' title='bbox 416 5036 514 5087; x_wconf 77' lang='grc' dir='ltr'>καὶ</span> <span class='ocrx_word' id='word_1_717' title='bbox 538 5032 698 5087; x_wconf 87' lang='grc' dir='ltr'>αὑτόν</span> <span class='ocrx_word' id='word_1_718' title='bbox 727 5049 790 5100; x_wconf 92' lang='grc' dir='ltr'><strong>γε</strong></span> <span class='ocrx_word' id='word_1_719' title='bbox 816 5031 907 5084; x_wconf 80' lang='grc' dir='ltr'><strong>τὸν</strong></span> <span class='ocrx_word' id='word_1_720' title='bbox 931 5032 1066 5101; x_wconf 80' lang='grc' dir='ltr'>ἀέρα</span> <span class='ocrx_word' id='word_1_721' title='bbox 1107 5027 1404 5099; x_wconf 87' lang='grc' dir='ltr'>βαρύτατον</span> <span class='ocrx_word' id='word_1_722' title='bbox 1427 5026 1744 5097; x_wconf 81' lang='grc' dir='ltr'>άπελέγχον,</span> <span class='ocrx_word' id='word_1_723' title='bbox 1774 5023 1852 5096; x_wconf 86' lang='grc' dir='ltr'>τῷ</span> 
     </span>
    </p>
   </div>
   <div class='ocr_carea' id='block_1_93' title="bbox 277 5116 1852 5196">
    <p class='ocr_par' dir='ltr' id='par_1_93' title="bbox 277 5116 1852 5196">
     <span class='ocr_line' id='line_1_93' title="bbox 277 5116 1852 5196; baseline -0.007 -18"><span class='ocrx_word' id='word_1_724' title='bbox 277 5142 342 5194; x_wconf 91' lang='grc' dir='ltr'><strong>γε</strong></span> <span class='ocrx_word' id='word_1_725' title='bbox 400 5123 752 5196; x_wconf 85' lang='grc' dir='ltr'>ὑπερϐαίνειν</span> <span class='ocrx_word' id='word_1_726' title='bbox 799 5122 957 5176; x_wconf 85' lang='grc' dir='ltr'>αὑτόν</span> <span class='ocrx_word' id='word_1_727' title='bbox 980 5138 994 5151; x_wconf 71' lang='grc' dir='ltr'><strong><em>ο</em></strong></span> <span class='ocrx_word' id='word_1_728' title='bbox 1039 5122 1114 5185; x_wconf 85' lang='grc' dir='ltr'><strong>ὡς</strong></span> <span class='ocrx_word' id='word_1_729' title='bbox 1164 5121 1258 5175; x_wconf 71' lang='grc' dir='ltr'>καὶ</span> <span class='ocrx_word' id='word_1_730' title='bbox 1297 5119 1487 5173; x_wconf 87' lang='grc' dir='ltr'>τούτου</span> <span class='ocrx_word' id='word_1_731' title='bbox 1531 5116 1852 5185; x_wconf 86' lang='grc' dir='ltr'>λεπτότερον</span> 
     </span>
    </p>
   </div>
   <div class='ocr_carea' id='block_1_94' title="bbox 275 5205 1854 5286">
    <p class='ocr_par' dir='ltr' id='par_1_94' title="bbox 275 5205 1854 5286">
     <span class='ocr_line' id='line_1_94' title="bbox 275 5205 1854 5286; baseline -0.008 -15"><span class='ocrx_word' id='word_1_732' title='bbox 275 5215 676 5282; x_wconf 84' lang='grc' dir='ltr'>διαφαίνεσθαι,</span> <span class='ocrx_word' id='word_1_733' title='bbox 712 5214 1000 5286; x_wconf 78' lang='grc' dir='ltr'>συγγενείᾳ</span> <span class='ocrx_word' id='word_1_734' title='bbox 1035 5216 1102 5285; x_wconf 80' lang='grc' dir='ltr'><strong>τῇ</strong></span> <span class='ocrx_word' id='word_1_735' title='bbox 1146 5212 1282 5286; x_wconf 75' lang='grc' dir='ltr'>πρὸς</span> <span class='ocrx_word' id='word_1_736' title='bbox 1314 5210 1403 5266; x_wconf 83' lang='grc' dir='ltr'>τὸν</span> <span class='ocrx_word' id='word_1_737' title='bbox 1432 5211 1603 5281; x_wconf 81' lang='grc' dir='ltr'>ἥλιον.</span> <span class='ocrx_word' id='word_1_738' title='bbox 1657 5208 1715 5260; x_wconf 90' lang='lat'><strong>&#39;0</strong></span> <span class='ocrx_word' id='word_1_739' title='bbox 1746 5205 1854 5260; x_wconf 87' lang='grc' dir='ltr'>τοί-</span> 
     </span>
    </p>
   </div>
   <div class='ocr_carea' id='block_1_95' title="bbox 275 5300 1854 5380">
    <p class='ocr_par' dir='ltr' id='par_1_95' title="bbox 275 5300 1854 5380">
     <span class='ocr_line' id='line_1_95' title="bbox 275 5300 1854 5380; baseline -0.006 -18"><span class='ocrx_word' id='word_1_740' title='bbox 275 5322 371 5362; x_wconf 78' lang='grc' dir='ltr'><strong>νυν</strong></span> <span class='ocrx_word' id='word_1_741' title='bbox 398 5307 598 5380; x_wconf 84' lang='grc' dir='ltr'>Μάνης</span> <span class='ocrx_word' id='word_1_742' title='bbox 626 5306 942 5371; x_wconf 80' lang='grc' dir='ltr'>ἐκθειάζων,</span> <span class='ocrx_word' id='word_1_743' title='bbox 974 5307 1050 5370; x_wconf 85' lang='grc' dir='ltr'>ὠς</span> <span class='ocrx_word' id='word_1_744' title='bbox 1082 5305 1182 5376; x_wconf 84' lang='grc' dir='ltr'>τῆς</span> <span class='ocrx_word' id='word_1_745' title='bbox 1207 5304 1420 5375; x_wconf 89' lang='grc' dir='ltr'>φύσεως</span> <span class='ocrx_word' id='word_1_746' title='bbox 1441 5302 1569 5356; x_wconf 79' lang='grc' dir='ltr'>δντα</span> <span class='ocrx_word' id='word_1_747' title='bbox 1600 5300 1694 5356; x_wconf 82' lang='grc' dir='ltr'><strong>τοῦ</strong></span> <span class='ocrx_word' id='word_1_748' title='bbox 1719 5301 1854 5368; x_wconf 85' lang='grc' dir='ltr'><strong>ἀγα⁶</strong></span> 
     </span>
    </p>
   </div>
   <div class='ocr_carea' id='block_1_96' title="bbox 273 5393 1854 5471">
    <p class='ocr_par' dir='ltr' id='par_1_96' title="bbox 273 5393 1854 5471">
     <span class='ocr_line' id='line_1_96' title="bbox 273 5393 1854 5471; baseline -0.006 -18"><span class='ocrx_word' id='word_1_749' title='bbox 273 5397 368 5453; x_wconf 77' lang='grc' dir='ltr'><em>θοῦ</em></span> <span class='ocrx_word' id='word_1_750' title='bbox 394 5397 498 5454; x_wconf 67' lang='grc' dir='ltr'>τὸν</span> <span class='ocrx_word' id='word_1_751' title='bbox 531 5400 703 5471; x_wconf 69' lang='grc' dir='ltr'>ἣλιον,</span> <span class='ocrx_word' id='word_1_752' title='bbox 742 5398 1042 5454; x_wconf 83' lang='grc' dir='ltr'>κινδυνεύει</span> <span class='ocrx_word' id='word_1_753' title='bbox 1089 5397 1367 5469; x_wconf 81' lang='grc' dir='ltr'>πυροειδῆ,</span> <span class='ocrx_word' id='word_1_754' title='bbox 1419 5394 1616 5466; x_wconf 82' lang='grc' dir='ltr'>μᾶλλον</span> <span class='ocrx_word' id='word_1_755' title='bbox 1656 5393 1714 5445; x_wconf 87' lang='grc' dir='ltr'><strong>δέ</strong></span> <span class='ocrx_word' id='word_1_756' title='bbox 1758 5407 1854 5445; x_wconf 80' lang='grc' dir='ltr'>σα-</span> 
     </span>
    </p>
   </div>
   <div class='ocr_carea' id='block_1_97' title="bbox 275 5484 1852 5563">
    <p class='ocr_par' dir='ltr' id='par_1_97' title="bbox 275 5484 1852 5563">
     <span class='ocr_line' id='line_1_97' title="bbox 275 5484 1852 5563; baseline -0.005 -20"><span class='ocrx_word' id='word_1_757' title='bbox 275 5490 390 5561; x_wconf 82' lang='grc' dir='ltr'><strong>φῶς</strong></span> <span class='ocrx_word' id='word_1_758' title='bbox 415 5491 668 5546; x_wconf 77' lang='grc' dir='ltr'>τοιοῦτον</span> <span class='ocrx_word' id='word_1_759' title='bbox 713 5490 777 5563; x_wconf 87' lang='grc' dir='ltr'>δή</span> <span class='ocrx_word' id='word_1_760' title='bbox 812 5507 933 5543; x_wconf 89' lang='grc' dir='ltr'>τινα</span> <span class='ocrx_word' id='word_1_761' title='bbox 978 5488 1069 5542; x_wconf 79' lang='grc' dir='ltr'>τὸν</span> <span class='ocrx_word' id='word_1_762' title='bbox 1110 5487 1312 5556; x_wconf 80' lang='grc' dir='ltr'>ἀγαθὸν</span> <span class='ocrx_word' id='word_1_763' title='bbox 1361 5486 1621 5554; x_wconf 82' lang='grc' dir='ltr'>είσόιγειν.</span> <span class='ocrx_word' id='word_1_764' title='bbox 1666 5484 1852 5548; x_wconf 87' lang='grc' dir='ltr'>Ἥλιος</span> 
     </span>
    </p>
   </div>
   <div class='ocr_carea' id='block_1_98' title="bbox 274 5575 1854 5656">
    <p class='ocr_par' dir='ltr' id='par_1_98' title="bbox 274 5575 1854 5656">
     <span class='ocr_line' id='line_1_98' title="bbox 274 5575 1854 5656; baseline -0.005 -19"><span class='ocrx_word' id='word_1_765' title='bbox 274 5583 380 5655; x_wconf 84' lang='grc' dir='ltr'><strong>γὰρ</strong></span> <span class='ocrx_word' id='word_1_766' title='bbox 422 5585 538 5656; x_wconf 72' lang='grc' dir='ltr'>τῆς</span> <span class='ocrx_word' id='word_1_767' title='bbox 587 5583 795 5654; x_wconf 80' lang='grc' dir='ltr'>θερμῆς</span> <span class='ocrx_word' id='word_1_768' title='bbox 843 5582 1103 5653; x_wconf 88' lang='grc' dir='ltr'>ὑπάρχων</span> <span class='ocrx_word' id='word_1_769' title='bbox 1149 5579 1355 5644; x_wconf 81' lang='grc' dir='ltr'>οὐσίας,</span> <span class='ocrx_word' id='word_1_770' title='bbox 1401 5581 1467 5650; x_wconf 80' lang='grc' dir='ltr'>τῇ</span> <span class='ocrx_word' id='word_1_771' title='bbox 1501 5577 1646 5632; x_wconf 83' lang='grc' dir='ltr'>θέσει</span> <span class='ocrx_word' id='word_1_772' title='bbox 1685 5575 1854 5648; x_wconf 87' lang='grc' dir='ltr'>πυρὸς</span> 
     </span>
    </p>
   </div>
   <div class='ocr_carea' id='block_1_99' title="bbox 275 5668 1854 5747">
    <p class='ocr_par' dir='ltr' id='par_1_99' title="bbox 275 5668 1854 5747">
     <span class='ocr_line' id='line_1_99' title="bbox 275 5668 1854 5747; baseline -0.005 -18"><span class='ocrx_word' id='word_1_773' title='bbox 275 5672 561 5745; x_wconf 75' lang='grc' dir='ltr'>διαφέρει·</span> <span class='ocrx_word' id='word_1_774' title='bbox 585 5677 651 5747; x_wconf 81' lang='grc' dir='ltr'><strong>τῇ</strong></span> <span class='ocrx_word' id='word_1_775' title='bbox 679 5673 926 5746; x_wconf 69' lang='grc' dir='ltr'>ἐνεργείᾳ</span> <span class='ocrx_word' id='word_1_776' title='bbox 956 5671 1118 5727; x_wconf 80' lang='grc' dir='ltr'>ταὺτὸ</span> <span class='ocrx_word' id='word_1_777' title='bbox 1149 5671 1270 5743; x_wconf 84' lang='grc' dir='ltr'>δρᾷ,</span> <span class='ocrx_word' id='word_1_778' title='bbox 1297 5672 1348 5723; x_wconf 87' lang='grc' dir='ltr'><strong>εί</strong></span> <span class='ocrx_word' id='word_1_779' title='bbox 1391 5670 1472 5744; x_wconf 77' lang='grc' dir='ltr'>μὴ</span> <span class='ocrx_word' id='word_1_780' title='bbox 1504 5670 1602 5740; x_wconf 84' lang='grc' dir='ltr'><strong>τῆς</strong></span> <span class='ocrx_word' id='word_1_781' title='bbox 1639 5668 1854 5722; x_wconf 83' lang='grc' dir='ltr'>διαστά-</span> 
     </span>
    </p>
   </div>
   <div class='ocr_carea' id='block_1_100' title="bbox 607 5761 1318 5827">
    <p class='ocr_par' dir='ltr' id='par_1_100' title="bbox 607 5761 1318 5827">
     <span class='ocr_line' id='line_1_100' title="bbox 607 5761 1318 5827; baseline -0.004 0"><span class='ocrx_word' id='word_1_782' title='bbox 607 5767 880 5827; x_wconf 70' lang='grc' dir='ltr'>ΡΑΤιιοι..</span> <span class='ocrx_word' id='word_1_783' title='bbox 915 5761 1036 5824; x_wconf 80' lang='lat' dir='ltr'><strong>Gn.</strong></span> <span class='ocrx_word' id='word_1_784' title='bbox 1087 5762 1318 5825; x_wconf 80' lang='lat' dir='ltr'><strong>XVIII.</strong></span> 
     </span>
    </p>
   </div>
   <div class='ocr_carea' id='block_1_101' title="bbox 1946 4461 3512 4546">
    <p class='ocr_par' dir='ltr' id='par_1_101' title="bbox 1946 4461 3512 4546">
     <span class='ocr_line' id='line_1_101' title="bbox 1946 4461 3512 4546; baseline -0.003 -26"><span class='ocrx_word' id='word_1_785' title='bbox 1946 4467 2242 4522; x_wconf 85' lang='lat' dir='ltr'><strong>creationis</strong></span> <span class='ocrx_word' id='word_1_786' title='bbox 2287 4465 2467 4536; x_wconf 86' lang='lat' dir='ltr'><strong>ipsum</strong></span> <span class='ocrx_word' id='word_1_787' title='bbox 2519 4465 2775 4536; x_wconf 82' lang='lat' dir='ltr'><strong>primum,</strong></span> <span class='ocrx_word' id='word_1_788' title='bbox 2825 4463 3096 4546; x_wconf 85' lang='lat' dir='ltr'><strong>siquidem</strong></span> <span class='ocrx_word' id='word_1_789' title='bbox 3138 4470 3336 4519; x_wconf 83' lang='lat' dir='ltr'><strong>natura</strong></span> <span class='ocrx_word' id='word_1_790' title='bbox 3371 4461 3512 4532; x_wconf 81' lang='lat' dir='ltr'><strong>ignis</strong></span> 
     </span>
    </p>
   </div>
   <div class='ocr_carea' id='block_1_102' title="bbox 1947 4557 2707 4630">
    <p class='ocr_par' dir='ltr' id='par_1_102' title="bbox 1947 4557 2707 4630">
     <span class='ocr_line' id='line_1_102' title="bbox 1947 4557 2707 4630; baseline -0.005 -14"><span class='ocrx_word' id='word_1_791' title='bbox 1947 4557 2287 4630; x_wconf 83' lang='lat' dir='ltr'><strong>splendidior</strong></span> <span class='ocrx_word' id='word_1_792' title='bbox 2319 4564 2406 4614; x_wconf 81' lang='lat' dir='ltr'><strong>est</strong></span> <span class='ocrx_word' id='word_1_793' title='bbox 2430 4557 2707 4613; x_wconf 83' lang='lat' dir='ltr'><strong>omnibus.</strong></span> 
     </span>
    </p>
   </div>
   <div class='ocr_carea' id='block_1_103' title="bbox 2017 4732 3514 4800">
    <p class='ocr_par' dir='ltr' id='par_1_103' title="bbox 2017 4732 3514 4800">
     <span class='ocr_line' id='line_1_103' title="bbox 2017 4732 3514 4800; baseline -0.005 -5"><span class='ocrx_word' id='word_1_794' title='bbox 2017 4738 2154 4796; x_wconf 81' lang='lat' dir='ltr'><strong>Cum</strong></span> <span class='ocrx_word' id='word_1_795' title='bbox 2209 4739 2356 4800; x_wconf 73' lang='grc' dir='ltr'>ειιί</span> <span class='ocrx_word' id='word_1_796' title='bbox 2405 4737 2589 4793; x_wconf 88' lang='lat' dir='ltr'><strong>omnia</strong></span> <span class='ocrx_word' id='word_1_797' title='bbox 2633 4736 2739 4790; x_wconf 87' lang='lat' dir='ltr'><strong>alia</strong></span> <span class='ocrx_word' id='word_1_798' title='bbox 2789 4734 3056 4790; x_wconf 85' lang='lat' dir='ltr'><strong>elementa</strong></span> <span class='ocrx_word' id='word_1_799' title='bbox 3121 4732 3378 4793; x_wconf 87' lang='lat' dir='ltr'><strong>deorsum</strong></span> <span class='ocrx_word' id='word_1_800' title='bbox 3433 4733 3514 4788; x_wconf 84' lang='lat' dir='ltr'><strong>fe-</strong></span> 
     </span>
    </p>
   </div>
   <div class='ocr_carea' id='block_1_104' title="bbox 1949 4825 3514 4900">
    <p class='ocr_par' dir='ltr' id='par_1_104' title="bbox 1949 4825 3514 4900">
     <span class='ocr_line' id='line_1_104' title="bbox 1949 4825 3514 4900; baseline -0.006 -14"><span class='ocrx_word' id='word_1_801' title='bbox 1949 4839 2166 4897; x_wconf 87' lang='lat' dir='ltr'><strong>rantur,</strong></span> <span class='ocrx_word' id='word_1_802' title='bbox 2203 4831 2354 4886; x_wconf 87' lang='lat' dir='ltr'><strong>solus</strong></span> <span class='ocrx_word' id='word_1_803' title='bbox 2387 4829 2528 4900; x_wconf 85' lang='lat' dir='ltr'><strong>ignis</strong></span> <span class='ocrx_word' id='word_1_804' title='bbox 2551 4829 2606 4883; x_wconf 92' lang='lat' dir='ltr'><strong>in</strong></span> <span class='ocrx_word' id='word_1_805' title='bbox 2639 4842 2702 4882; x_wconf 90' lang='lat' dir='ltr'><strong>ea</strong></span> <span class='ocrx_word' id='word_1_806' title='bbox 2731 4825 2949 4896; x_wconf 84' lang='lat' dir='ltr'><strong>quidem</strong></span> <span class='ocrx_word' id='word_1_807' title='bbox 2966 4839 3087 4896; x_wconf 62' lang='lat' dir='ltr'><strong>qua</strong></span> <span class='ocrx_word' id='word_1_808' title='bbox 3114 4825 3361 4882; x_wconf 78' lang='lat' dir='ltr'><strong>comburi</strong></span> <span class='ocrx_word' id='word_1_809' title='bbox 3384 4839 3514 4894; x_wconf 83' lang='lat' dir='ltr'><strong>pos-</strong></span> 
     </span>
    </p>
   </div>
   <div class='ocr_carea' id='block_1_105' title="bbox 1951 4915 3514 4988">
    <p class='ocr_par' dir='ltr' id='par_1_105' title="bbox 1951 4915 3514 4988">
     <span class='ocr_line' id='line_1_105' title="bbox 1951 4915 3514 4988; baseline -0.007 -6"><span class='ocrx_word' id='word_1_810' title='bbox 1951 4934 2100 4988; x_wconf 86' lang='lat' dir='ltr'><strong>sunt,</strong></span> <span class='ocrx_word' id='word_1_811' title='bbox 2133 4923 2376 4987; x_wconf 89' lang='lat' dir='ltr'><strong>insultat,</strong></span> <span class='ocrx_word' id='word_1_812' title='bbox 2395 4937 2616 4977; x_wconf 87' lang='lat' dir='ltr'><strong>sursum</strong></span> <span class='ocrx_word' id='word_1_813' title='bbox 2641 4935 2771 4975; x_wconf 82' lang='lat' dir='ltr'><strong>vero</strong></span> <span class='ocrx_word' id='word_1_814' title='bbox 2791 4932 2954 4988; x_wconf 89' lang='lat' dir='ltr'><strong>supra</strong></span> <span class='ocrx_word' id='word_1_815' title='bbox 2985 4917 3169 4974; x_wconf 87' lang='lat' dir='ltr'><strong>omnia</strong></span> <span class='ocrx_word' id='word_1_816' title='bbox 3189 4915 3360 4972; x_wconf 90' lang='lat' dir='ltr'><strong>fertur</strong></span> <span class='ocrx_word' id='word_1_817' title='bbox 3382 4917 3514 4971; x_wconf 84' lang='lat' dir='ltr'><strong>levi-</strong></span> 
     </span>
    </p>
   </div>
   <div class='ocr_carea' id='block_1_106' title="bbox 1950 5008 3510 5083">
    <p class='ocr_par' dir='ltr' id='par_1_106' title="bbox 1950 5008 3510 5083">
     <span class='ocr_line' id='line_1_106' title="bbox 1950 5008 3510 5083; baseline -0.006 -11"><span class='ocrx_word' id='word_1_818' title='bbox 1950 5026 2056 5074; x_wconf 87' lang='lat' dir='ltr'><strong>tate</strong></span> <span class='ocrx_word' id='word_1_819' title='bbox 2077 5031 2197 5081; x_wconf 90' lang='lat' dir='ltr'><strong>sua,</strong></span> <span class='ocrx_word' id='word_1_820' title='bbox 2220 5029 2509 5083; x_wconf 73' lang='lat' dir='ltr'><strong>acremque</strong></span> <span class='ocrx_word' id='word_1_821' title='bbox 2531 5014 2708 5083; x_wconf 84' lang='lat' dir='ltr'><strong>ipsum</strong></span> <span class='ocrx_word' id='word_1_822' title='bbox 2731 5010 3009 5066; x_wconf 87' lang='lat' dir='ltr'><strong>convincit</strong></span> <span class='ocrx_word' id='word_1_823' title='bbox 3037 5008 3340 5080; x_wconf 82' lang='lat' dir='ltr'><strong>graviorem</strong></span> <span class='ocrx_word' id='word_1_824' title='bbox 3367 5023 3510 5072; x_wconf 90' lang='lat' dir='ltr'><strong>esse,</strong></span> 
     </span>
    </p>
   </div>
   <div class='ocr_carea' id='block_1_107' title="bbox 1951 5102 3512 5182">
    <p class='ocr_par' dir='ltr' id='par_1_107' title="bbox 1951 5102 3512 5182">
     <span class='ocr_line' id='line_1_107' title="bbox 1951 5102 3512 5182; baseline -0.006 -20"><span class='ocrx_word' id='word_1_825' title='bbox 1951 5111 2077 5182; x_wconf 89' lang='lat' dir='ltr'><strong>quia</strong></span> <span class='ocrx_word' id='word_1_826' title='bbox 2108 5122 2274 5179; x_wconf 86' lang='lat' dir='ltr'><strong>supra</strong></span> <span class='ocrx_word' id='word_1_827' title='bbox 2303 5123 2427 5163; x_wconf 91' lang='lat' dir='ltr'><strong>eum</strong></span> <span class='ocrx_word' id='word_1_828' title='bbox 2455 5108 2509 5160; x_wconf 86' lang='lat' dir='ltr'><strong>in</strong></span> <span class='ocrx_word' id='word_1_829' title='bbox 2539 5106 2771 5162; x_wconf 84' lang='lat' dir='ltr'><strong>sublime</strong></span> <span class='ocrx_word' id='word_1_830' title='bbox 2811 5103 3001 5171; x_wconf 86' lang='lat' dir='ltr'><strong>fertur,</strong></span> <span class='ocrx_word' id='word_1_831' title='bbox 3044 5110 3103 5160; x_wconf 88' lang='lat' dir='ltr'><strong>ut</strong></span> <span class='ocrx_word' id='word_1_832' title='bbox 3147 5102 3398 5164; x_wconf 83' lang='lat' dir='ltr'><strong>subtilior</strong></span> <span class='ocrx_word' id='word_1_833' title='bbox 3438 5108 3512 5154; x_wconf 86' lang='lat' dir='ltr'><strong>te-</strong></span> 
     </span>
    </p>
   </div>
   <div class='ocr_carea' id='block_1_108' title="bbox 1954 5193 3511 5272">
    <p class='ocr_par' dir='ltr' id='par_1_108' title="bbox 1954 5193 3511 5272">
     <span class='ocr_line' id='line_1_108' title="bbox 1954 5193 3511 5272; baseline -0.01 -15"><span class='ocrx_word' id='word_1_834' title='bbox 1954 5203 2224 5272; x_wconf 84' lang='lat' dir='ltr'><strong>nuiorque</strong></span> <span class='ocrx_word' id='word_1_835' title='bbox 2251 5206 2510 5270; x_wconf 83' lang='lat' dir='ltr'><strong>appareat</strong></span> <span class='ocrx_word' id='word_1_836' title='bbox 2551 5211 2718 5269; x_wconf 87' lang='lat' dir='ltr'><strong>quam</strong></span> <span class='ocrx_word' id='word_1_837' title='bbox 2747 5211 2840 5251; x_wconf 89' lang='lat' dir='ltr'><strong>aer</strong></span> <span class='ocrx_word' id='word_1_838' title='bbox 2875 5203 3098 5267; x_wconf 87' lang='lat' dir='ltr'><strong>propter</strong></span> <span class='ocrx_word' id='word_1_839' title='bbox 3137 5193 3511 5265; x_wconf 87' lang='lat' dir='ltr'><strong>cognationem</strong></span> 
     </span>
    </p>
   </div>
   <div class='ocr_carea' id='block_1_109' title="bbox 1953 5282 3513 5349">
    <p class='ocr_par' dir='ltr' id='par_1_109' title="bbox 1953 5282 3513 5349">
     <span class='ocr_line' id='line_1_109' title="bbox 1953 5282 3513 5349; baseline -0.01 0"><span class='ocrx_word' id='word_1_840' title='bbox 1953 5308 2076 5349; x_wconf 92' lang='lat' dir='ltr'><strong>cum</strong></span> <span class='ocrx_word' id='word_1_841' title='bbox 2101 5293 2234 5349; x_wconf 84' lang='lat' dir='ltr'><strong>sole.</strong></span> <span class='ocrx_word' id='word_1_842' title='bbox 2262 5289 2416 5347; x_wconf 83' lang='lat' dir='ltr'><strong>Unde</strong></span> <span class='ocrx_word' id='word_1_843' title='bbox 2439 5289 2765 5344; x_wconf 64' lang='lat' dir='ltr'><strong>Manichazus</strong></span> <span class='ocrx_word' id='word_1_844' title='bbox 2783 5301 2908 5342; x_wconf 89' lang='lat' dir='ltr'><strong>cum</strong></span> <span class='ocrx_word' id='word_1_845' title='bbox 2934 5287 3103 5345; x_wconf 85' lang='lat' dir='ltr'><strong>solem</strong></span> <span class='ocrx_word' id='word_1_846' title='bbox 3127 5285 3258 5340; x_wconf 87' lang='lat' dir='ltr'><strong>facit</strong></span> <span class='ocrx_word' id='word_1_847' title='bbox 3271 5282 3513 5340; x_wconf 85' lang='lat' dir='ltr'><strong>divinum</strong></span> 
     </span>
    </p>
   </div>
   <div class='ocr_carea' id='block_1_110' title="bbox 1953 5369 3514 5457">
    <p class='ocr_par' dir='ltr' id='par_1_110' title="bbox 1953 5369 3514 5457">
     <span class='ocr_line' id='line_1_110' title="bbox 1953 5369 3514 5457; baseline -0.012 -16"><span class='ocrx_word' id='word_1_848' title='bbox 1953 5394 2211 5457; x_wconf 84' lang='lat' dir='ltr'><strong>tanquam</strong></span> <span class='ocrx_word' id='word_1_849' title='bbox 2249 5399 2319 5439; x_wconf 77' lang='lat' dir='ltr'><strong>ex</strong></span> <span class='ocrx_word' id='word_1_850' title='bbox 2343 5388 2540 5450; x_wconf 81' lang='lat' dir='ltr'><strong>natura</strong></span> <span class='ocrx_word' id='word_1_851' title='bbox 2566 5381 2716 5448; x_wconf 86' lang='lat' dir='ltr'><strong>boni,</strong></span> <span class='ocrx_word' id='word_1_852' title='bbox 2756 5379 2972 5436; x_wconf 87' lang='lat' dir='ltr'><strong>videtur</strong></span> <span class='ocrx_word' id='word_1_853' title='bbox 3015 5376 3246 5434; x_wconf 86' lang='lat' dir='ltr'><strong>similem</strong></span> <span class='ocrx_word' id='word_1_854' title='bbox 3289 5372 3400 5444; x_wconf 83' lang='lat' dir='ltr'><strong>igni</strong></span> <span class='ocrx_word' id='word_1_855' title='bbox 3430 5369 3514 5424; x_wconf 83' lang='lat' dir='ltr'><strong>fa-</strong></span> 
     </span>
    </p>
   </div>
   <div class='ocr_carea' id='block_1_111' title="bbox 1955 5464 3517 5547">
    <p class='ocr_par' dir='ltr' id='par_1_111' title="bbox 1955 5464 3517 5547">
     <span class='ocr_line' id='line_1_111' title="bbox 1955 5464 3517 5547; baseline -0.012 -15"><span class='ocrx_word' id='word_1_856' title='bbox 1955 5494 2101 5543; x_wconf 91' lang='lat' dir='ltr'><strong>cere,</strong></span> <span class='ocrx_word' id='word_1_857' title='bbox 2126 5478 2235 5532; x_wconf 91' lang='lat' dir='ltr'><strong>imo</strong></span> <span class='ocrx_word' id='word_1_858' title='bbox 2255 5476 2418 5532; x_wconf 84' lang='lat' dir='ltr'><strong>talem</strong></span> <span class='ocrx_word' id='word_1_859' title='bbox 2455 5475 2766 5546; x_wconf 90' lang='lat' dir='ltr'><strong>quemdam,</strong></span> <span class='ocrx_word' id='word_1_860' title='bbox 2806 5472 2983 5544; x_wconf 78' lang='lat' dir='ltr'><strong>qualis</strong></span> <span class='ocrx_word' id='word_1_861' title='bbox 3017 5477 3104 5532; x_wconf 82' lang='lat' dir='ltr'><strong>est</strong></span> <span class='ocrx_word' id='word_1_862' title='bbox 3131 5466 3296 5538; x_wconf 82' lang='lat' dir='ltr'><strong>ignis.</strong></span> <span class='ocrx_word' id='word_1_863' title='bbox 3340 5464 3517 5547; x_wconf 80' lang='lat' dir='ltr'><strong>intro-</strong></span> 
     </span>
    </p>
   </div>
   <div class='ocr_carea' id='block_1_112' title="bbox 1955 5553 3518 5635">
    <p class='ocr_par' dir='ltr' id='par_1_112' title="bbox 1955 5553 3518 5635">
     <span class='ocr_line' id='line_1_112' title="bbox 1955 5553 3518 5635; baseline -0.013 -7"><span class='ocrx_word' id='word_1_864' title='bbox 1955 5566 2126 5628; x_wconf 68' lang='lat' dir='ltr'><strong>ducit‘.</strong></span> <span class='ocrx_word' id='word_1_865' title='bbox 2151 5569 2245 5624; x_wconf 89' lang='lat' dir='ltr'><strong>Sol</strong></span> <span class='ocrx_word' id='word_1_866' title='bbox 2289 5567 2434 5624; x_wconf 91' lang='lat' dir='ltr'><strong>enim</strong></span> <span class='ocrx_word' id='word_1_867' title='bbox 2479 5566 2798 5635; x_wconf 69' lang='lat' dir='ltr'><strong>substantiae</strong></span> <span class='ocrx_word' id='word_1_868' title='bbox 2825 5561 3034 5626; x_wconf 65' lang='lat' dir='ltr'><strong>calidae,</strong></span> <span class='ocrx_word' id='word_1_869' title='bbox 3083 5559 3153 5614; x_wconf 88' lang='lat' dir='ltr'><strong>ab</strong></span> <span class='ocrx_word' id='word_1_870' title='bbox 3182 5560 3308 5629; x_wconf 87' lang='lat' dir='ltr'><strong>igne</strong></span> <span class='ocrx_word' id='word_1_871' title='bbox 3338 5553 3518 5610; x_wconf 76' lang='lat' dir='ltr'><strong>differt</strong></span> 
     </span>
    </p>
   </div>
   <div class='ocr_carea' id='block_1_113' title="bbox 1955 5647 3519 5734">
    <p class='ocr_par' dir='ltr' id='par_1_113' title="bbox 1955 5647 3519 5734">
     <span class='ocr_line' id='line_1_113' title="bbox 1955 5647 3519 5734; baseline -0.008 -18"><span class='ocrx_word' id='word_1_872' title='bbox 1955 5665 2024 5734; x_wconf 77' lang='grc' dir='ltr'>τῇ</span> <span class='ocrx_word' id='word_1_873' title='bbox 2057 5661 2198 5716; x_wconf 82' lang='grc' dir='ltr'>θέσει</span> <span class='ocrx_word' id='word_1_874' title='bbox 2219 5678 2236 5728; x_wconf 85' lang='grc'>;</span> <span class='ocrx_word' id='word_1_875' title='bbox 2258 5660 2542 5718; x_wconf 75' lang='lat' dir='ltr'><strong>efﬁcientia</strong></span> <span class='ocrx_word' id='word_1_876' title='bbox 2571 5673 2702 5716; x_wconf 85' lang='lat' dir='ltr'><strong>vero</strong></span> <span class='ocrx_word' id='word_1_877' title='bbox 2736 5657 2880 5713; x_wconf 87' lang='lat' dir='ltr'><strong>idem</strong></span> <span class='ocrx_word' id='word_1_878' title='bbox 2909 5659 3186 5722; x_wconf 88' lang='lat' dir='ltr'><strong>operatur,</strong></span> <span class='ocrx_word' id='word_1_879' title='bbox 3223 5647 3332 5704; x_wconf 85' lang='lat' dir='ltr'><strong>nisi</strong></span> <span class='ocrx_word' id='word_1_880' title='bbox 3371 5661 3519 5704; x_wconf 85' lang='lat' dir='ltr'><strong>men-</strong></span> 
     </span>
    </p>
   </div>
  </div>
