  <div class='ocr_page' id='page_1' title='image "/cluster/home/n/w/nwhite01/storage/ocr_20150623/18/mdp.39015008168943/623.png"; bbox 0 0 4038 6288; ppageno 0'>
   <div class='ocr_carea' id='block_1_1' title="bbox 647 247 790 306">
    <p class='ocr_par' dir='ltr' id='par_1_1' title="bbox 647 247 790 306">
     <span class='ocr_line' id='line_1_1' title="bbox 647 247 790 306; baseline -0.014 0"><span class='ocrx_word' id='word_1_1' title='bbox 647 247 790 306; x_wconf 71' lang='grc' dir='ltr'>Ηθδ</span> 
     </span>
    </p>
   </div>
   <div class='ocr_carea' id='block_1_2' title="bbox 1774 223 2714 291">
    <p class='ocr_par' dir='ltr' id='par_1_2' title="bbox 1774 223 2714 291">
     <span class='ocr_line' id='line_1_2' title="bbox 1774 223 2714 291; baseline -0.015 0"><span class='ocrx_word' id='word_1_2' title='bbox 1774 237 1908 291; x_wconf 85' lang='lat' dir='ltr'><strong>TITI</strong></span> <span class='ocrx_word' id='word_1_3' title='bbox 1950 227 2372 290; x_wconf 80' lang='lat' dir='ltr'><strong>BOSTRENSIS</strong></span> <span class='ocrx_word' id='word_1_4' title='bbox 2409 223 2714 282; x_wconf 86' lang='lat' dir='ltr'><strong>EPISCOPI</strong></span> 
     </span>
    </p>
   </div>
   <div class='ocr_carea' id='block_1_3' title="bbox 3715 225 3816 280">
    <p class='ocr_par' dir='ltr' id='par_1_3' title="bbox 3715 225 3816 280">
     <span class='ocr_line' id='line_1_3' title="bbox 3715 225 3816 280; baseline 0.04 -4"><span class='ocrx_word' id='word_1_5' title='bbox 3715 225 3816 280; x_wconf 76' lang='lat' dir='ltr'><strong>H96</strong></span> 
     </span>
    </p>
   </div>
   <div class='ocr_carea' id='block_1_4' title="bbox 646 333 2196 425">
    <p class='ocr_par' dir='ltr' id='par_1_4' title="bbox 646 350 2196 425">
     <span class='ocr_line' id='line_1_4' title="bbox 646 350 2196 425; baseline -0.011 -6"><span class='ocrx_word' id='word_1_6' title='bbox 646 377 778 419; x_wconf 84' lang='lat' dir='ltr'><strong>sura</strong></span> <span class='ocrx_word' id='word_1_7' title='bbox 811 358 1082 416; x_wconf 64' lang='lat' dir='ltr'><strong>distantia:</strong></span> <span class='ocrx_word' id='word_1_8' title='bbox 1133 371 1195 411; x_wconf 86' lang='lat' dir='ltr'><strong>ea</strong></span> <span class='ocrx_word' id='word_1_9' title='bbox 1216 370 1336 425; x_wconf 73' lang='lat' dir='ltr'><strong>quae</strong></span> <span class='ocrx_word' id='word_1_10' title='bbox 1381 361 1508 408; x_wconf 88' lang='lat' dir='ltr'><strong>sunt</strong></span> <span class='ocrx_word' id='word_1_11' title='bbox 1557 351 1826 422; x_wconf 85' lang='lat' dir='ltr'><strong>opposita,</strong></span> <span class='ocrx_word' id='word_1_12' title='bbox 1876 367 1906 405; x_wconf 89' lang='lat' dir='ltr'><strong>a</strong></span> <span class='ocrx_word' id='word_1_13' title='bbox 1951 350 2196 405; x_wconf 69' lang='lat' dir='ltr'><strong>validiort</strong></span> 
     </span>
    </p>
   </div>
   <div class='ocr_carea' id='block_1_5' title="bbox 2299 333 3818 425">
    <p class='ocr_par' dir='ltr' id='par_1_5' title="bbox 2315 333 3818 412">
     <span class='ocr_line' id='line_1_5' title="bbox 2315 333 3818 412; baseline -0.015 -14"><span class='ocrx_word' id='word_1_14' title='bbox 2315 362 2450 406; x_wconf 88' lang='grc' dir='ltr'>σεως</span> <span class='ocrx_word' id='word_1_15' title='bbox 2471 343 2530 395; x_wconf 91' lang='lat' dir='ltr'><strong>rb</strong></span> <span class='ocrx_word' id='word_1_16' title='bbox 2558 341 2752 412; x_wconf 79' lang='grc' dir='ltr'>μέτρον</span> <span class='ocrx_word' id='word_1_17' title='bbox 2776 338 3019 409; x_wconf 73' lang='grc' dir='ltr'>ὲξῃρεῖτο</span> <span class='ocrx_word' id='word_1_18' title='bbox 3042 336 3108 388; x_wconf 87' lang='grc' dir='ltr'>τὰ</span> <span class='ocrx_word' id='word_1_19' title='bbox 3133 333 3505 406; x_wconf 77' lang='grc' dir='ltr'><strong>παρακείμενα</strong></span> <span class='ocrx_word' id='word_1_20' title='bbox 3525 333 3617 405; x_wconf 82' lang='grc' dir='ltr'>τῆς</span> <span class='ocrx_word' id='word_1_21' title='bbox 3643 337 3818 409; x_wconf 47' lang='grc' dir='ltr'>ἀκμαςο,</span> 
     </span>
    </p>
   </div>
   <div class='ocr_carea' id='block_1_6' title="bbox 549 441 2207 527">
    <p class='ocr_par' dir='ltr' id='par_1_6' title="bbox 549 441 2207 527">
     <span class='ocr_line' id='line_1_6' title="bbox 549 441 2207 527; baseline -0.01 -15"><span class='ocrx_word' id='word_1_22' title='bbox 549 461 553 464; x_wconf 68' lang='grc'>“</span> <span class='ocrx_word' id='word_1_23' title='bbox 617 454 793 527; x_wconf 68' lang='grc' dir='ltr'>’Ῐαειιι</span> <span class='ocrx_word' id='word_1_24' title='bbox 843 453 1117 508; x_wconf 89' lang='lat' dir='ltr'><strong>radiorum</strong></span> <span class='ocrx_word' id='word_1_25' title='bbox 1167 446 1438 502; x_wconf 89' lang='lat' dir='ltr'><strong>defendat.</strong></span> <span class='ocrx_word' id='word_1_26' title='bbox 1477 445 1732 510; x_wconf 84' lang='lat' dir='ltr'><strong>Quinimo</strong></span> <span class='ocrx_word' id='word_1_27' title='bbox 1775 443 2028 498; x_wconf 90' lang='lat' dir='ltr'><strong>omnibus</strong></span> <span class='ocrx_word' id='word_1_28' title='bbox 2090 441 2207 496; x_wconf 90' lang='lat' dir='ltr'><strong>ani-</strong></span> 
     </span>
    </p>
   </div>
   <div class='ocr_carea' id='block_1_7' title="bbox 649 532 2205 611">
    <p class='ocr_par' dir='ltr' id='par_1_7' title="bbox 649 532 2205 611">
     <span class='ocr_line' id='line_1_7' title="bbox 649 532 2205 611; baseline -0.012 -8"><span class='ocrx_word' id='word_1_29' title='bbox 649 547 923 603; x_wconf 87' lang='lat' dir='ltr'><strong>mantibus</strong></span> <span class='ocrx_word' id='word_1_30' title='bbox 961 552 1014 600; x_wconf 89' lang='lat' dir='ltr'><strong>et</strong></span> <span class='ocrx_word' id='word_1_31' title='bbox 1057 541 1319 611; x_wconf 84' lang='lat' dir='ltr'><strong>stirpibus</strong></span> <span class='ocrx_word' id='word_1_32' title='bbox 1371 553 1574 593; x_wconf 81' lang='lat' dir='ltr'><strong>nocens</strong></span> <span class='ocrx_word' id='word_1_33' title='bbox 1626 535 2053 597; x_wconf 79' lang='lat' dir='ltr'><strong>existimaretur,</strong></span> <span class='ocrx_word' id='word_1_34' title='bbox 2095 532 2205 587; x_wconf 89' lang='lat' dir='ltr'><strong>nisi</strong></span> 
     </span>
    </p>
   </div>
   <div class='ocr_carea' id='block_1_8' title="bbox 649 623 2204 704">
    <p class='ocr_par' dir='ltr' id='par_1_8' title="bbox 649 623 2204 704">
     <span class='ocr_line' id='line_1_8' title="bbox 649 623 2204 704; baseline -0.014 -7"><span class='ocrx_word' id='word_1_35' title='bbox 649 640 810 697; x_wconf 82' lang='lat' dir='ltr'><strong>simul</strong></span> <span class='ocrx_word' id='word_1_36' title='bbox 839 637 942 691; x_wconf 88' lang='lat' dir='ltr'><strong>alia</strong></span> <span class='ocrx_word' id='word_1_37' title='bbox 975 649 1111 704; x_wconf 80' lang='lat' dir='ltr'><strong>cum</strong></span> <span class='ocrx_word' id='word_1_38' title='bbox 1151 648 1216 688; x_wconf 91' lang='lat' dir='ltr'><strong>eo</strong></span> <span class='ocrx_word' id='word_1_39' title='bbox 1262 631 1558 685; x_wconf 81' lang='lat' dir='ltr'><strong>fabricator</strong></span> <span class='ocrx_word' id='word_1_40' title='bbox 1608 625 1797 681; x_wconf 87' lang='lat' dir='ltr'><strong>mundi</strong></span> <span class='ocrx_word' id='word_1_41' title='bbox 1831 625 1898 679; x_wconf 90' lang='lat' dir='ltr'><strong>ad</strong></span> <span class='ocrx_word' id='word_1_42' title='bbox 1944 623 2204 678; x_wconf 79' lang='lat' dir='ltr'><strong>auxilium</strong></span> 
     </span>
    </p>
   </div>
   <div class='ocr_carea' id='block_1_9' title="bbox 648 717 2204 798">
    <p class='ocr_par' dir='ltr' id='par_1_9' title="bbox 648 717 2204 798">
     <span class='ocr_line' id='line_1_9' title="bbox 648 717 2204 798; baseline -0.012 -8"><span class='ocrx_word' id='word_1_43' title='bbox 648 733 882 793; x_wconf 77' lang='lat' dir='ltr'><strong>fecisset,</strong></span> <span class='ocrx_word' id='word_1_44' title='bbox 906 743 1029 798; x_wconf 73' lang='lat' dir='ltr'><strong>qua:</strong></span> <span class='ocrx_word' id='word_1_45' title='bbox 1060 726 1268 782; x_wconf 88' lang='lat' dir='ltr'><strong>faciunt</strong></span> <span class='ocrx_word' id='word_1_46' title='bbox 1294 741 1362 779; x_wconf 90' lang='lat' dir='ltr'><strong>ne</strong></span> <span class='ocrx_word' id='word_1_47' title='bbox 1409 721 1566 777; x_wconf 90' lang='lat' dir='ltr'><strong>nobis</strong></span> <span class='ocrx_word' id='word_1_48' title='bbox 1597 730 1650 775; x_wconf 92' lang='lat' dir='ltr'><strong>et</strong></span> <span class='ocrx_word' id='word_1_49' title='bbox 1679 720 1802 774; x_wconf 91' lang='lat' dir='ltr'><strong>aliis</strong></span> <span class='ocrx_word' id='word_1_50' title='bbox 1836 717 2204 772; x_wconf 87' lang='lat' dir='ltr'><strong>animantibus</strong></span> 
     </span>
    </p>
   </div>
   <div class='ocr_carea' id='block_1_10' title="bbox 645 809 2202 889">
    <p class='ocr_par' dir='ltr' id='par_1_10' title="bbox 645 809 2202 889">
     <span class='ocr_line' id='line_1_10' title="bbox 645 809 2202 889; baseline -0.012 -9"><span class='ocrx_word' id='word_1_51' title='bbox 645 828 872 889; x_wconf 87' lang='lat' dir='ltr'><strong>noceat;</strong></span> <span class='ocrx_word' id='word_1_52' title='bbox 908 821 1022 874; x_wconf 78' lang='lat' dir='ltr'><strong>haec</strong></span> <span class='ocrx_word' id='word_1_53' title='bbox 1056 825 1237 873; x_wconf 84' lang='lat' dir='ltr'><strong>autem</strong></span> <span class='ocrx_word' id='word_1_54' title='bbox 1276 823 1402 872; x_wconf 90' lang='lat' dir='ltr'><strong>sunt</strong></span> <span class='ocrx_word' id='word_1_55' title='bbox 1436 815 1659 869; x_wconf 89' lang='lat' dir='ltr'><strong>latibula</strong></span> <span class='ocrx_word' id='word_1_56' title='bbox 1706 821 1760 867; x_wconf 90' lang='lat' dir='ltr'><strong>et</strong></span> <span class='ocrx_word' id='word_1_57' title='bbox 1792 819 1973 878; x_wconf 91' lang='lat' dir='ltr'><strong>tecta;</strong></span> <span class='ocrx_word' id='word_1_58' title='bbox 2025 809 2202 878; x_wconf 80' lang='lat' dir='ltr'><strong>stirpi-</strong></span> 
     </span>
    </p>
   </div>
   <div class='ocr_carea' id='block_1_11' title="bbox 644 903 2094 980">
    <p class='ocr_par' dir='ltr' id='par_1_11' title="bbox 644 903 2094 980">
     <span class='ocr_line' id='line_1_11' title="bbox 644 903 2094 980; baseline -0.01 -10"><span class='ocrx_word' id='word_1_59' title='bbox 644 913 748 971; x_wconf 83' lang='lat' dir='ltr'><strong>bus</strong></span> <span class='ocrx_word' id='word_1_60' title='bbox 763 926 904 968; x_wconf 53' lang='lat' dir='ltr'><strong>avero</strong></span> <span class='ocrx_word' id='word_1_61' title='bbox 931 925 1086 980; x_wconf 66' lang='lat' dir='ltr'><strong>aqua:</strong></span> <span class='ocrx_word' id='word_1_62' title='bbox 1119 916 1246 965; x_wconf 89' lang='lat' dir='ltr'><strong>sunt</strong></span> <span class='ocrx_word' id='word_1_63' title='bbox 1274 907 1478 963; x_wconf 85' lang='lat' dir='ltr'><strong>auxilio</strong></span> <span class='ocrx_word' id='word_1_64' title='bbox 1512 913 1564 960; x_wconf 88' lang='lat' dir='ltr'><strong>et</strong></span> <span class='ocrx_word' id='word_1_65' title='bbox 1597 903 1753 960; x_wconf 83' lang='lat' dir='ltr'><strong>ﬂatus</strong></span> <span class='ocrx_word' id='word_1_66' title='bbox 1787 911 2094 959; x_wconf 80' lang='lat' dir='ltr'><strong>ventorum.</strong></span> 
     </span>
    </p>
   </div>
   <div class='ocr_carea' id='block_1_12' title="bbox 709 1083 2202 1162">
    <p class='ocr_par' dir='ltr' id='par_1_12' title="bbox 709 1083 2202 1162">
     <span class='ocr_line' id='line_1_12' title="bbox 709 1083 2202 1162; baseline -0.01 -14"><span class='ocrx_word' id='word_1_67' title='bbox 709 1094 889 1160; x_wconf 75' lang='lat' dir='ltr'><strong>Quare</strong></span> <span class='ocrx_word' id='word_1_68' title='bbox 912 1091 1008 1162; x_wconf 88' lang='lat' dir='ltr'><strong>qui</strong></span> <span class='ocrx_word' id='word_1_69' title='bbox 1035 1087 1298 1145; x_wconf 85' lang='lat' dir='ltr'><strong>definiunt</strong></span> <span class='ocrx_word' id='word_1_70' title='bbox 1329 1101 1450 1142; x_wconf 89' lang='lat' dir='ltr'><strong>esse</strong></span> <span class='ocrx_word' id='word_1_71' title='bbox 1478 1085 1729 1156; x_wconf 88' lang='lat' dir='ltr'><strong>quintum</strong></span> <span class='ocrx_word' id='word_1_72' title='bbox 1758 1083 2085 1138; x_wconf 84' lang='lat' dir='ltr'><strong>elementum</strong></span> <span class='ocrx_word' id='word_1_73' title='bbox 2119 1093 2202 1134; x_wconf 82' lang='lat' dir='ltr'><strong>so-</strong></span> 
     </span>
    </p>
   </div>
   <div class='ocr_carea' id='block_1_13' title="bbox 642 1172 2203 1252">
    <p class='ocr_par' dir='ltr' id='par_1_13' title="bbox 642 1172 2203 1252">
     <span class='ocr_line' id='line_1_13' title="bbox 642 1172 2203 1252; baseline -0.009 -12"><span class='ocrx_word' id='word_1_74' title='bbox 642 1185 767 1252; x_wconf 89' lang='lat' dir='ltr'><strong>lem,</strong></span> <span class='ocrx_word' id='word_1_75' title='bbox 803 1198 871 1239; x_wconf 89' lang='lat' dir='ltr'><strong>ne</strong></span> <span class='ocrx_word' id='word_1_76' title='bbox 897 1189 1090 1237; x_wconf 85' lang='lat' dir='ltr'><strong>contra</strong></span> <span class='ocrx_word' id='word_1_77' title='bbox 1119 1195 1184 1236; x_wconf 87' lang='lat' dir='ltr'><strong>ea</strong></span> <span class='ocrx_word' id='word_1_78' title='bbox 1213 1195 1334 1250; x_wconf 72' lang='lat' dir='ltr'><strong>qua:</strong></span> <span class='ocrx_word' id='word_1_79' title='bbox 1360 1179 1504 1232; x_wconf 86' lang='lat' dir='ltr'><strong>clara</strong></span> <span class='ocrx_word' id='word_1_80' title='bbox 1538 1184 1684 1240; x_wconf 87' lang='lat' dir='ltr'><strong>sunt,</strong></span> <span class='ocrx_word' id='word_1_81' title='bbox 1729 1173 2075 1228; x_wconf 76' lang='lat' dir='ltr'><strong>centensiose</strong></span> <span class='ocrx_word' id='word_1_82' title='bbox 2099 1172 2203 1226; x_wconf 89' lang='lat' dir='ltr'><strong>dis-</strong></span> 
     </span>
    </p>
   </div>
   <div class='ocr_carea' id='block_1_14' title="bbox 640 1264 2201 1347">
    <p class='ocr_par' dir='ltr' id='par_1_14' title="bbox 640 1264 2201 1347">
     <span class='ocr_line' id='line_1_14' title="bbox 640 1264 2201 1347; baseline -0.008 -17"><span class='ocrx_word' id='word_1_83' title='bbox 640 1282 866 1347; x_wconf 87' lang='lat' dir='ltr'><strong>putent;</strong></span> <span class='ocrx_word' id='word_1_84' title='bbox 908 1287 1012 1329; x_wconf 46' lang='lat' dir='ltr'><strong>»nec</strong></span> <span class='ocrx_word' id='word_1_85' title='bbox 1063 1273 1174 1326; x_wconf 91' lang='lat' dir='ltr'><strong>ulla</strong></span> <span class='ocrx_word' id='word_1_86' title='bbox 1218 1270 1351 1325; x_wconf 86' lang='lat' dir='ltr'><strong>fides</strong></span> <span class='ocrx_word' id='word_1_87' title='bbox 1393 1269 1653 1324; x_wconf 83' lang='lat' dir='ltr'><strong>habeatur</strong></span> <span class='ocrx_word' id='word_1_88' title='bbox 1687 1265 1982 1319; x_wconf 71' lang='lat' dir='ltr'><strong>Manichan</strong></span> <span class='ocrx_word' id='word_1_89' title='bbox 2031 1264 2201 1318; x_wconf 88' lang='lat' dir='ltr'><strong>scele-</strong></span> 
     </span>
    </p>
   </div>
   <div class='ocr_carea' id='block_1_15' title="bbox 642 1354 2200 1430">
    <p class='ocr_par' dir='ltr' id='par_1_15' title="bbox 642 1354 2200 1430">
     <span class='ocr_line' id='line_1_15' title="bbox 642 1354 2200 1430; baseline -0.01 -6"><span class='ocrx_word' id='word_1_90' title='bbox 642 1367 884 1424; x_wconf 88' lang='lat' dir='ltr'><strong>stissimo</strong></span> <span class='ocrx_word' id='word_1_91' title='bbox 911 1371 966 1420; x_wconf 91' lang='lat' dir='ltr'><strong>et</strong></span> <span class='ocrx_word' id='word_1_92' title='bbox 998 1364 1053 1418; x_wconf 86' lang='lat' dir='ltr'><strong>in</strong></span> <span class='ocrx_word' id='word_1_93' title='bbox 1083 1362 1251 1417; x_wconf 90' lang='lat' dir='ltr'><strong>Deum</strong></span> <span class='ocrx_word' id='word_1_94' title='bbox 1266 1360 1604 1430; x_wconf 88' lang='lat' dir='ltr'><strong>blasphemo,</strong></span> <span class='ocrx_word' id='word_1_95' title='bbox 1637 1359 1729 1427; x_wconf 91' lang='lat' dir='ltr'><strong>qui</strong></span> <span class='ocrx_word' id='word_1_96' title='bbox 1759 1358 1925 1412; x_wconf 83' lang='lat' dir='ltr'><strong>solem</strong></span> <span class='ocrx_word' id='word_1_97' title='bbox 1949 1371 2072 1410; x_wconf 90' lang='lat' dir='ltr'><strong>cum</strong></span> <span class='ocrx_word' id='word_1_98' title='bbox 2093 1354 2200 1409; x_wconf 87' lang='lat' dir='ltr'><strong>Deo</strong></span> 
     </span>
    </p>
   </div>
   <div class='ocr_carea' id='block_1_16' title="bbox 640 1446 2200 1521">
    <p class='ocr_par' dir='ltr' id='par_1_16' title="bbox 640 1446 2200 1521">
     <span class='ocr_line' id='line_1_16' title="bbox 640 1446 2200 1521; baseline -0.008 -7"><span class='ocrx_word' id='word_1_99' title='bbox 640 1457 872 1521; x_wconf 87' lang='lat' dir='ltr'><strong>confert,</strong></span> <span class='ocrx_word' id='word_1_100' title='bbox 918 1463 972 1510; x_wconf 87' lang='lat' dir='ltr'><strong>et</strong></span> <span class='ocrx_word' id='word_1_101' title='bbox 1015 1471 1081 1510; x_wconf 82' lang='lat' dir='ltr'><strong>ex</strong></span> <span class='ocrx_word' id='word_1_102' title='bbox 1136 1453 1442 1509; x_wconf 86' lang='lat' dir='ltr'><strong>substantia</strong></span> <span class='ocrx_word' id='word_1_103' title='bbox 1492 1451 1612 1520; x_wconf 76' lang='lat' dir='ltr'><strong>eius</strong></span> <span class='ocrx_word' id='word_1_104' title='bbox 1663 1465 1786 1504; x_wconf 87' lang='lat' dir='ltr'><strong>esse</strong></span> <span class='ocrx_word' id='word_1_105' title='bbox 1827 1449 1977 1503; x_wconf 87' lang='lat' dir='ltr'><strong>dicit.</strong></span> <span class='ocrx_word' id='word_1_106' title='bbox 2031 1446 2200 1502; x_wconf 90' lang='lat' dir='ltr'><strong>Omne</strong></span> 
     </span>
    </p>
   </div>
   <div class='ocr_carea' id='block_1_17' title="bbox 640 1541 2196 1619">
    <p class='ocr_par' dir='ltr' id='par_1_17' title="bbox 640 1541 2196 1619">
     <span class='ocr_line' id='line_1_17' title="bbox 640 1541 2196 1619; baseline -0.008 -15"><span class='ocrx_word' id='word_1_107' title='bbox 640 1550 784 1604; x_wconf 90' lang='lat' dir='ltr'><strong>enim</strong></span> <span class='ocrx_word' id='word_1_108' title='bbox 819 1547 966 1619; x_wconf 90' lang='lat' dir='ltr'><strong>quod</strong></span> <span class='ocrx_word' id='word_1_109' title='bbox 1009 1546 1112 1601; x_wconf 92' lang='lat' dir='ltr'><strong>sub</strong></span> <span class='ocrx_word' id='word_1_110' title='bbox 1170 1551 1446 1614; x_wconf 83' lang='lat' dir='ltr'><strong>aspectum</strong></span> <span class='ocrx_word' id='word_1_111' title='bbox 1481 1542 1646 1606; x_wconf 88' lang='lat' dir='ltr'><strong>cadit,</strong></span> <span class='ocrx_word' id='word_1_112' title='bbox 1689 1557 1812 1596; x_wconf 86' lang='lat' dir='ltr'><strong>cum</strong></span> <span class='ocrx_word' id='word_1_113' title='bbox 1866 1541 1937 1595; x_wconf 92' lang='lat' dir='ltr'><strong>sit</strong></span> <span class='ocrx_word' id='word_1_114' title='bbox 1976 1554 2196 1609; x_wconf 89' lang='lat' dir='ltr'><strong>corpus,</strong></span> 
     </span>
    </p>
   </div>
   <div class='ocr_carea' id='block_1_18' title="bbox 641 1630 2195 1707">
    <p class='ocr_par' dir='ltr' id='par_1_18' title="bbox 641 1630 2195 1707">
     <span class='ocr_line' id='line_1_18' title="bbox 641 1630 2195 1707; baseline -0.006 -14"><span class='ocrx_word' id='word_1_115' title='bbox 641 1646 838 1693; x_wconf 89' lang='lat' dir='ltr'><strong>natura</strong></span> <span class='ocrx_word' id='word_1_116' title='bbox 861 1637 1174 1707; x_wconf 81' lang='lat' dir='ltr'><strong>Oppositum</strong></span> <span class='ocrx_word' id='word_1_117' title='bbox 1207 1643 1290 1688; x_wconf 91' lang='lat' dir='ltr'><strong>est</strong></span> <span class='ocrx_word' id='word_1_118' title='bbox 1327 1631 1706 1702; x_wconf 88' lang='lat' dir='ltr'><strong>inaspectabili</strong></span> <span class='ocrx_word' id='word_1_119' title='bbox 1752 1639 1804 1685; x_wconf 92' lang='lat' dir='ltr'><strong>et</strong></span> <span class='ocrx_word' id='word_1_120' title='bbox 1838 1630 2195 1701; x_wconf 89' lang='lat' dir='ltr'><strong>incorporeo;</strong></span> 
     </span>
    </p>
   </div>
   <div class='ocr_carea' id='block_1_19' title="bbox 2307 425 3816 506">
    <p class='ocr_par' dir='ltr' id='par_1_19' title="bbox 2307 425 3816 506">
     <span class='ocr_line' id='line_1_19' title="bbox 2307 425 3816 506; baseline 0.003 -24"><span class='ocrx_word' id='word_1_121' title='bbox 2307 437 2470 506; x_wconf 79' lang='grc' dir='ltr'>τέρας</span> <span class='ocrx_word' id='word_1_122' title='bbox 2513 432 2677 487; x_wconf 88' lang='grc' dir='ltr'>αὑτοῦ</span> <span class='ocrx_word' id='word_1_123' title='bbox 2726 429 3048 503; x_wconf 81' lang='grc' dir='ltr'>προσϐολῆς.</span> <span class='ocrx_word' id='word_1_124' title='bbox 3090 426 3250 480; x_wconf 77' lang='grc' dir='ltr'>Ἀλλὰ</span> <span class='ocrx_word' id='word_1_125' title='bbox 3292 426 3395 497; x_wconf 74' lang='grc' dir='ltr'>μὴν</span> <span class='ocrx_word' id='word_1_126' title='bbox 3424 425 3527 479; x_wconf 84' lang='grc' dir='ltr'><strong>κᾶν</strong></span> <span class='ocrx_word' id='word_1_127' title='bbox 3565 430 3665 492; x_wconf 88' lang='grc' dir='ltr'>τοῖς</span> <span class='ocrx_word' id='word_1_128' title='bbox 3693 434 3816 487; x_wconf 75' lang='grc' dir='ltr'>πᾶσιν</span> 
     </span>
    </p>
   </div>
   <div class='ocr_carea' id='block_1_20' title="bbox 2307 518 3816 594">
    <p class='ocr_par' dir='ltr' id='par_1_20' title="bbox 2307 518 3816 594">
     <span class='ocr_line' id='line_1_20' title="bbox 2307 518 3816 594; baseline -0.01 -14"><span class='ocrx_word' id='word_1_129' title='bbox 2307 525 2588 588; x_wconf 84' lang='grc' dir='ltr'>ἐπίϐουλος</span> <span class='ocrx_word' id='word_1_130' title='bbox 2617 521 2872 593; x_wconf 81' lang='grc' dir='ltr'><strong>ἐνομίσθη</strong></span> <span class='ocrx_word' id='word_1_131' title='bbox 2896 518 3053 583; x_wconf 81' lang='grc' dir='ltr'><strong>ζώοις</strong></span> <span class='ocrx_word' id='word_1_132' title='bbox 3076 535 3132 571; x_wconf 87' lang='grc' dir='ltr'><strong>τε</strong></span> <span class='ocrx_word' id='word_1_133' title='bbox 3163 519 3256 572; x_wconf 74' lang='grc' dir='ltr'>καὶ</span> <span class='ocrx_word' id='word_1_134' title='bbox 3298 520 3501 586; x_wconf 84' lang='grc' dir='ltr'>φυτοῖς,</span> <span class='ocrx_word' id='word_1_135' title='bbox 3546 519 3593 570; x_wconf 80' lang='grc' dir='ltr'><strong>εί</strong></span> <span class='ocrx_word' id='word_1_136' title='bbox 3630 519 3696 591; x_wconf 78' lang='grc' dir='ltr'>μὴ</span> <span class='ocrx_word' id='word_1_137' title='bbox 3731 539 3816 594; x_wconf 67' lang='grc' dir='ltr'><strong>συγ.</strong></span> 
     </span>
    </p>
   </div>
   <div class='ocr_carea' id='block_1_21' title="bbox 2306 611 3815 687">
    <p class='ocr_par' dir='ltr' id='par_1_21' title="bbox 2306 611 3815 687">
     <span class='ocr_line' id='line_1_21' title="bbox 2306 611 3815 687; baseline -0.006 -13"><span class='ocrx_word' id='word_1_138' title='bbox 2306 618 2725 687; x_wconf 70' lang='grc' dir='ltr'><strong>κατεσκευάσθη</strong></span> <span class='ocrx_word' id='word_1_139' title='bbox 2760 634 2822 685; x_wconf 88' lang='grc' dir='ltr'><strong>γε</strong></span> <span class='ocrx_word' id='word_1_140' title='bbox 2853 613 3000 685; x_wconf 87' lang='grc' dir='ltr'>αὑτῷ</span> <span class='ocrx_word' id='word_1_141' title='bbox 3039 613 3186 685; x_wconf 89' lang='grc' dir='ltr'><strong>παρά</strong></span> <span class='ocrx_word' id='word_1_142' title='bbox 3213 611 3305 665; x_wconf 88' lang='grc' dir='ltr'><strong>τοῦ</strong></span> <span class='ocrx_word' id='word_1_143' title='bbox 3354 611 3679 682; x_wconf 83' lang='grc' dir='ltr'>Δημιουργοῦ</span> <span class='ocrx_word' id='word_1_144' title='bbox 3718 615 3815 685; x_wconf 65' lang='grc' dir='ltr'>πρὸς</span> 
     </span>
    </p>
   </div>
   <div class='ocr_carea' id='block_1_22' title="bbox 2305 699 3815 782">
    <p class='ocr_par' dir='ltr' id='par_1_22' title="bbox 2305 699 3815 782">
     <span class='ocr_line' id='line_1_22' title="bbox 2305 699 3815 782; baseline -0.005 -17"><span class='ocrx_word' id='word_1_145' title='bbox 2305 713 2621 782; x_wconf 78' lang='grc' dir='ltr'>ἐπικουρίαν</span> <span class='ocrx_word' id='word_1_146' title='bbox 2647 711 2828 780; x_wconf 79' lang='grc' dir='ltr'>ἔτερα,</span> <span class='ocrx_word' id='word_1_147' title='bbox 2852 708 2918 760; x_wconf 79' lang='grc' dir='ltr'>δι’</span> <span class='ocrx_word' id='word_1_148' title='bbox 2946 699 3020 760; x_wconf 83' lang='grc' dir='ltr'>ὧν</span> <span class='ocrx_word' id='word_1_149' title='bbox 3058 706 3121 757; x_wconf 87' lang='lat' dir='ltr'><strong>rb</strong></span> <span class='ocrx_word' id='word_1_150' title='bbox 3154 704 3288 775; x_wconf 87' lang='grc' dir='ltr'>πρὸς</span> <span class='ocrx_word' id='word_1_151' title='bbox 3310 703 3459 774; x_wconf 75' lang='grc' dir='ltr'>ἥλιον</span> <span class='ocrx_word' id='word_1_152' title='bbox 3482 703 3704 771; x_wconf 82' lang='grc' dir='ltr'>ἀσφαλὲς</span> <span class='ocrx_word' id='word_1_153' title='bbox 3721 705 3815 776; x_wconf 77' lang='grc' dir='ltr'>ἡμῖν</span> 
     </span>
    </p>
   </div>
   <div class='ocr_carea' id='block_1_23' title="bbox 2303 793 3815 868">
    <p class='ocr_par' dir='ltr' id='par_1_23' title="bbox 2303 793 3815 868">
     <span class='ocr_line' id='line_1_23' title="bbox 2303 793 3815 868; baseline -0.006 -12"><span class='ocrx_word' id='word_1_154' title='bbox 2303 822 2362 857; x_wconf 91' lang='grc' dir='ltr'><strong>τε</strong></span> <span class='ocrx_word' id='word_1_155' title='bbox 2406 805 2502 858; x_wconf 65' lang='grc' dir='ltr'><strong>καὶ</strong></span> <span class='ocrx_word' id='word_1_156' title='bbox 2533 805 2644 865; x_wconf 86' lang='grc' dir='ltr'>τοῖς</span> <span class='ocrx_word' id='word_1_157' title='bbox 2676 801 2855 863; x_wconf 77' lang='grc' dir='ltr'>ἄλλοις</span> <span class='ocrx_word' id='word_1_158' title='bbox 2885 798 3155 868; x_wconf 86' lang='grc' dir='ltr'>ὑπάρχει·</span> <span class='ocrx_word' id='word_1_159' title='bbox 3190 795 3304 847; x_wconf 87' lang='grc' dir='ltr'>ἔστι</span> <span class='ocrx_word' id='word_1_160' title='bbox 3340 794 3396 846; x_wconf 87' lang='grc' dir='ltr'>δὲ</span> <span class='ocrx_word' id='word_1_161' title='bbox 3441 793 3605 846; x_wconf 89' lang='grc' dir='ltr'>ταῦτα</span> <span class='ocrx_word' id='word_1_162' title='bbox 3636 796 3815 848; x_wconf 82' lang='grc' dir='ltr'>καταδύ-</span> 
     </span>
    </p>
   </div>
   <div class='ocr_carea' id='block_1_24' title="bbox 2306 884 3818 962">
    <p class='ocr_par' dir='ltr' id='par_1_24' title="bbox 2306 884 3818 962">
     <span class='ocr_line' id='line_1_24' title="bbox 2306 884 3818 962; baseline -0.007 -12"><span class='ocrx_word' id='word_1_163' title='bbox 2306 915 2418 960; x_wconf 88' lang='grc' dir='ltr'>σεις</span> <span class='ocrx_word' id='word_1_164' title='bbox 2447 912 2504 949; x_wconf 90' lang='grc' dir='ltr'><strong>τε</strong></span> <span class='ocrx_word' id='word_1_165' title='bbox 2533 894 2627 947; x_wconf 70' lang='grc' dir='ltr'><strong>καὶ</strong></span> <span class='ocrx_word' id='word_1_166' title='bbox 2657 893 2877 955; x_wconf 84' lang='grc' dir='ltr'>σκέπαι,</span> <span class='ocrx_word' id='word_1_167' title='bbox 2919 890 3054 962; x_wconf 87' lang='grc' dir='ltr'>πρὸς</span> <span class='ocrx_word' id='word_1_168' title='bbox 3095 887 3153 941; x_wconf 82' lang='grc' dir='ltr'>δὲ</span> <span class='ocrx_word' id='word_1_169' title='bbox 3203 887 3295 939; x_wconf 82' lang='grc' dir='ltr'><strong>καὶ</strong></span> <span class='ocrx_word' id='word_1_170' title='bbox 3333 886 3520 954; x_wconf 84' lang='grc' dir='ltr'>φυτοῖς</span> <span class='ocrx_word' id='word_1_171' title='bbox 3565 884 3745 939; x_wconf 82' lang='grc' dir='ltr'>ὑδάτων</span> <span class='ocrx_word' id='word_1_172' title='bbox 3779 904 3818 940; x_wconf 86' lang='grc' dir='ltr'><strong>τε</strong></span> 
     </span>
    </p>
   </div>
   <div class='ocr_carea' id='block_1_25' title="bbox 2281 981 3130 1060">
    <p class='ocr_par' dir='ltr' id='par_1_25' title="bbox 2281 981 3130 1060">
     <span class='ocr_line' id='line_1_25' title="bbox 2281 981 3130 1060; baseline -0.011 -18"><span class='ocrx_word' id='word_1_173' title='bbox 2281 987 2554 1060; x_wconf 65' lang='grc' dir='ltr'>χορηγίαι</span> <span class='ocrx_word' id='word_1_174' title='bbox 2583 986 2678 1038; x_wconf 70' lang='grc' dir='ltr'>καὶ</span> <span class='ocrx_word' id='word_1_175' title='bbox 2713 984 2928 1054; x_wconf 85' lang='grc' dir='ltr'>ἀνέμων</span> <span class='ocrx_word' id='word_1_176' title='bbox 2951 981 3130 1034; x_wconf 88' lang='grc' dir='ltr'>πνοαί.</span> 
     </span>
    </p>
   </div>
   <div class='ocr_carea' id='block_1_26' title="bbox 2377 1067 3818 1146">
    <p class='ocr_par' dir='ltr' id='par_1_26' title="bbox 2377 1067 3818 1146">
     <span class='ocr_line' id='line_1_26' title="bbox 2377 1067 3818 1146; baseline -0.008 -13"><span class='ocrx_word' id='word_1_177' title='bbox 2377 1081 2535 1132; x_wconf 83' lang='grc' dir='ltr'><strong>Ὥστε</strong></span> <span class='ocrx_word' id='word_1_178' title='bbox 2569 1079 2662 1131; x_wconf 79' lang='grc' dir='ltr'><strong>καὶ</strong></span> <span class='ocrx_word' id='word_1_179' title='bbox 2707 1079 2755 1129; x_wconf 85' lang='grc' dir='ltr'><strong>οἱ</strong></span> <span class='ocrx_word' id='word_1_180' title='bbox 2799 1075 3046 1146; x_wconf 85' lang='grc' dir='ltr'>πέμπτον</span> <span class='ocrx_word' id='word_1_181' title='bbox 3095 1074 3354 1142; x_wconf 87' lang='grc' dir='ltr'>στοιχεῖον</span> <span class='ocrx_word' id='word_1_182' title='bbox 3394 1067 3684 1140; x_wconf 79' lang='grc' dir='ltr'>ὁριζόμενοι</span> <span class='ocrx_word' id='word_1_183' title='bbox 3718 1067 3818 1122; x_wconf 81' lang='grc' dir='ltr'>εἶναι</span> 
     </span>
    </p>
   </div>
   <div class='ocr_carea' id='block_1_27' title="bbox 2301 1158 3816 1240">
    <p class='ocr_par' dir='ltr' id='par_1_27' title="bbox 2301 1158 3816 1240">
     <span class='ocr_line' id='line_1_27' title="bbox 2301 1158 3816 1240; baseline -0.007 -16"><span class='ocrx_word' id='word_1_184' title='bbox 2301 1171 2391 1224; x_wconf 86' lang='grc' dir='ltr'><strong>τὸν</strong></span> <span class='ocrx_word' id='word_1_185' title='bbox 2415 1170 2585 1240; x_wconf 75' lang='grc' dir='ltr'>ἥλιον,</span> <span class='ocrx_word' id='word_1_186' title='bbox 2610 1167 2747 1238; x_wconf 83' lang='grc' dir='ltr'>πρός</span> <span class='ocrx_word' id='word_1_187' title='bbox 2770 1184 2834 1236; x_wconf 89' lang='grc' dir='ltr'><strong>γε</strong></span> <span class='ocrx_word' id='word_1_188' title='bbox 2868 1167 2934 1219; x_wconf 89' lang='grc' dir='ltr'><strong>τά</strong></span> <span class='ocrx_word' id='word_1_189' title='bbox 2963 1164 3107 1234; x_wconf 81' lang='grc' dir='ltr'>σαφῆ</span> <span class='ocrx_word' id='word_1_190' title='bbox 3140 1161 3214 1234; x_wconf 81' lang='grc' dir='ltr'>μὴ</span> <span class='ocrx_word' id='word_1_191' title='bbox 3238 1158 3685 1230; x_wconf 80' lang='grc' dir='ltr'>φιλονεικούντων,</span> <span class='ocrx_word' id='word_1_192' title='bbox 3706 1161 3816 1221; x_wconf 85' lang='grc' dir='ltr'><strong>ὲς....</strong></span> 
     </span>
    </p>
   </div>
   <div class='ocr_carea' id='block_1_28' title="bbox 2301 1249 3815 1327">
    <p class='ocr_par' dir='ltr' id='par_1_28' title="bbox 2301 1249 3815 1327">
     <span class='ocr_line' id='line_1_28' title="bbox 2301 1249 3815 1327; baseline -0.009 -12"><span class='ocrx_word' id='word_1_193' title='bbox 2301 1263 2395 1315; x_wconf 75' lang='grc' dir='ltr'><strong>καὶ</strong></span> <span class='ocrx_word' id='word_1_194' title='bbox 2421 1259 2592 1324; x_wconf 84' lang='grc' dir='ltr'>οὕτως</span> <span class='ocrx_word' id='word_1_195' title='bbox 2625 1259 2784 1321; x_wconf 83' lang='grc' dir='ltr'>αὑτὸς</span> <span class='ocrx_word' id='word_1_196' title='bbox 2815 1259 2842 1310; x_wconf 86' lang='grc' dir='ltr'>ὁ</span> <span class='ocrx_word' id='word_1_197' title='bbox 2871 1253 3226 1327; x_wconf 85' lang='grc' dir='ltr'>χαλεπώτατα</span> <span class='ocrx_word' id='word_1_198' title='bbox 3260 1253 3473 1322; x_wconf 76' lang='grc' dir='ltr'>μανεὶς,</span> <span class='ocrx_word' id='word_1_199' title='bbox 3494 1250 3580 1303; x_wconf 87' lang='lat' dir='ltr'><strong>rbv</strong></span> <span class='ocrx_word' id='word_1_200' title='bbox 3609 1249 3700 1302; x_wconf 89' lang='grc' dir='ltr'><strong>τῶν</strong></span> <span class='ocrx_word' id='word_1_201' title='bbox 3717 1251 3815 1303; x_wconf 72' lang='grc' dir='ltr'>ὅλων</span> 
     </span>
    </p>
   </div>
   <div class='ocr_carea' id='block_1_29' title="bbox 2298 1340 3815 1424">
    <p class='ocr_par' dir='ltr' id='par_1_29' title="bbox 2298 1340 3815 1424">
     <span class='ocr_line' id='line_1_29' title="bbox 2298 1340 3815 1424; baseline -0.01 -18"><span class='ocrx_word' id='word_1_202' title='bbox 2298 1351 2634 1424; x_wconf 85' lang='grc' dir='ltr'>Δημιουργὸν</span> <span class='ocrx_word' id='word_1_203' title='bbox 2677 1347 3034 1420; x_wconf 80' lang='grc' dir='ltr'>βλασφημῶν,</span> <span class='ocrx_word' id='word_1_204' title='bbox 3081 1345 3278 1416; x_wconf 70' lang='grc' dir='ltr'>ἣκιστα</span> <span class='ocrx_word' id='word_1_205' title='bbox 3342 1340 3664 1394; x_wconf 78' lang='grc' dir='ltr'>πιστευέσθω</span> <span class='ocrx_word' id='word_1_206' title='bbox 3706 1341 3815 1410; x_wconf 70' lang='grc' dir='ltr'>ἥλιον</span> 
     </span>
    </p>
   </div>
   <div class='ocr_carea' id='block_1_30' title="bbox 2304 1429 3816 1514">
    <p class='ocr_par' dir='ltr' id='par_1_30' title="bbox 2304 1429 3816 1514">
     <span class='ocr_line' id='line_1_30' title="bbox 2304 1429 3816 1514; baseline -0.009 -16"><span class='ocrx_word' id='word_1_207' title='bbox 2304 1444 2605 1514; x_wconf 80' lang='grc' dir='ltr'>συγκρίνων</span> <span class='ocrx_word' id='word_1_208' title='bbox 2635 1441 2772 1513; x_wconf 80' lang='grc' dir='ltr'>Θεῷ,</span> <span class='ocrx_word' id='word_1_209' title='bbox 2811 1441 2904 1494; x_wconf 77' lang='grc' dir='ltr'><strong>καὶ</strong></span> <span class='ocrx_word' id='word_1_210' title='bbox 2935 1442 2997 1492; x_wconf 86' lang='grc' dir='ltr'><strong>ἐκ</strong></span> <span class='ocrx_word' id='word_1_211' title='bbox 3041 1437 3140 1507; x_wconf 77' lang='grc' dir='ltr'>τῆς</span> <span class='ocrx_word' id='word_1_212' title='bbox 3175 1435 3360 1498; x_wconf 77' lang='grc' dir='ltr'>οὐσίας</span> <span class='ocrx_word' id='word_1_213' title='bbox 3406 1432 3566 1488; x_wconf 87' lang='grc' dir='ltr'>αὑτοῦ</span> <span class='ocrx_word' id='word_1_214' title='bbox 3607 1433 3750 1502; x_wconf 88' lang='grc' dir='ltr'>λέγων</span> <span class='ocrx_word' id='word_1_215' title='bbox 3769 1429 3816 1485; x_wconf 79' lang='grc' dir='ltr'>εί-</span> 
     </span>
    </p>
   </div>
   <div class='ocr_carea' id='block_1_31' title="bbox 2300 1525 3815 1603">
    <p class='ocr_par' dir='ltr' id='par_1_31' title="bbox 2300 1525 3815 1603">
     <span class='ocr_line' id='line_1_31' title="bbox 2300 1525 3815 1603; baseline -0.009 -14"><span class='ocrx_word' id='word_1_216' title='bbox 2300 1554 2388 1589; x_wconf 86' lang='grc' dir='ltr'><strong>ναι</strong></span> <span class='ocrx_word' id='word_1_217' title='bbox 2420 1534 2641 1589; x_wconf 65' lang='grc' dir='ltr'>τοῦτον·</span> <span class='ocrx_word' id='word_1_218' title='bbox 2686 1535 2791 1586; x_wconf 82' lang='grc' dir='ltr'>πᾶν</span> <span class='ocrx_word' id='word_1_219' title='bbox 2831 1533 2938 1603; x_wconf 77' lang='grc' dir='ltr'><strong>γὰρ</strong></span> <span class='ocrx_word' id='word_1_220' title='bbox 2987 1529 3198 1602; x_wconf 84' lang='grc' dir='ltr'>ὁρατὸν,</span> <span class='ocrx_word' id='word_1_221' title='bbox 3242 1528 3336 1580; x_wconf 82' lang='grc' dir='ltr'>ἆτε</span> <span class='ocrx_word' id='word_1_222' title='bbox 3374 1526 3440 1597; x_wconf 82' lang='grc' dir='ltr'>δὴ</span> <span class='ocrx_word' id='word_1_223' title='bbox 3480 1525 3630 1596; x_wconf 80' lang='grc' dir='ltr'>σῶμα</span> <span class='ocrx_word' id='word_1_224' title='bbox 3664 1525 3815 1594; x_wconf 56' lang='lat' dir='ltr'><strong>rumi-</strong></span> 
     </span>
    </p>
   </div>
   <div class='ocr_carea' id='block_1_32' title="bbox 2301 1616 3810 1692">
    <p class='ocr_par' dir='ltr' id='par_1_32' title="bbox 2301 1616 3810 1692">
     <span class='ocr_line' id='line_1_32' title="bbox 2301 1616 3810 1692; baseline -0.011 -9"><span class='ocrx_word' id='word_1_225' title='bbox 2301 1645 2412 1692; x_wconf 87' lang='grc' dir='ltr'>νον,</span> <span class='ocrx_word' id='word_1_226' title='bbox 2444 1626 2820 1681; x_wconf 81' lang='grc' dir='ltr'>ἀντιτέτακται</span> <span class='ocrx_word' id='word_1_227' title='bbox 2863 1623 3021 1692; x_wconf 85' lang='grc' dir='ltr'>φύσει</span> <span class='ocrx_word' id='word_1_228' title='bbox 3064 1621 3142 1692; x_wconf 79' lang='grc' dir='ltr'>τῷ</span> <span class='ocrx_word' id='word_1_229' title='bbox 3174 1619 3388 1691; x_wconf 83' lang='grc' dir='ltr'>ἀοράτῳ</span> <span class='ocrx_word' id='word_1_230' title='bbox 3428 1617 3524 1671; x_wconf 58' lang='grc' dir='ltr'><strong>καὶ⁹</strong></span> <span class='ocrx_word' id='word_1_231' title='bbox 3562 1616 3810 1686; x_wconf 76' lang='grc' dir='ltr'>ἀσωμάτῳ·</span> 
     </span>
    </p>
   </div>
   <div class='ocr_carea' id='block_1_33' title="bbox 641 1693 2196 1800">
    <p class='ocr_par' dir='ltr' id='par_1_33' title="bbox 641 1693 2196 1800">
     <span class='ocr_line' id='line_1_33' title="bbox 641 1693 2196 1800; baseline -0.008 -14"><span class='ocrx_word' id='word_1_232' title='bbox 641 1731 799 1800; x_wconf 89' lang='lat' dir='ltr'><strong>cujus</strong></span> <span class='ocrx_word' id='word_1_233' title='bbox 830 1693 966 1799; x_wconf 66' lang='lat' dir='ltr'><strong>opiis</strong></span> <span class='ocrx_word' id='word_1_234' title='bbox 997 1743 1118 1784; x_wconf 91' lang='lat' dir='ltr'><strong>esse</strong></span> <span class='ocrx_word' id='word_1_235' title='bbox 1147 1733 1344 1796; x_wconf 88' lang='lat' dir='ltr'><strong>potest,</strong></span> <span class='ocrx_word' id='word_1_236' title='bbox 1378 1693 1691 1794; x_wconf 56' lang='lat' dir='ltr'><strong>etquidem</strong></span> <span class='ocrx_word' id='word_1_237' title='bbox 1733 1737 1870 1792; x_wconf 90' lang='lat' dir='ltr'><strong>opus</strong></span> <span class='ocrx_word' id='word_1_238' title='bbox 1903 1693 2061 1777; x_wconf 80' lang='lat' dir='ltr'><strong>valde</strong></span> <span class='ocrx_word' id='word_1_239' title='bbox 2100 1693 2196 1775; x_wconf 43' lang='lat' dir='ltr'><strong>mi;</strong></span> 
     </span>
    </p>
   </div>
   <div class='ocr_carea' id='block_1_34' title="bbox 2299 1693 3811 1800">
    <p class='ocr_par' dir='ltr' id='par_1_34' title="bbox 2303 1708 3811 1791">
     <span class='ocr_line' id='line_1_34' title="bbox 2303 1708 3811 1791; baseline -0.009 -18"><span class='ocrx_word' id='word_1_240' title='bbox 2303 1711 2365 1773; x_wconf 84' lang='grc' dir='ltr'><strong>οὕ</strong></span> <span class='ocrx_word' id='word_1_241' title='bbox 2409 1719 2566 1791; x_wconf 89' lang='grc' dir='ltr'>ἔργον</span> <span class='ocrx_word' id='word_1_242' title='bbox 2613 1718 2710 1789; x_wconf 83' lang='grc' dir='ltr'>μὲν</span> <span class='ocrx_word' id='word_1_243' title='bbox 2757 1713 2895 1770; x_wconf 83' lang='grc' dir='ltr'>εἶναι</span> <span class='ocrx_word' id='word_1_244' title='bbox 2947 1714 3187 1779; x_wconf 87' lang='grc' dir='ltr'>δύναται,</span> <span class='ocrx_word' id='word_1_245' title='bbox 3234 1713 3327 1766; x_wconf 71' lang='grc' dir='ltr'>καὶ</span> <span class='ocrx_word' id='word_1_246' title='bbox 3375 1710 3520 1781; x_wconf 85' lang='grc' dir='ltr'>μάλα</span> <span class='ocrx_word' id='word_1_247' title='bbox 3561 1726 3619 1777; x_wconf 91' lang='grc' dir='ltr'><strong>γε</strong></span> <span class='ocrx_word' id='word_1_248' title='bbox 3661 1708 3811 1778; x_wconf 73' lang='grc' dir='ltr'>θαυμά-</span> 
     </span>
    </p>
   </div>
   <div class='ocr_carea' id='block_1_35' title="bbox 641 1815 2202 1889">
    <p class='ocr_par' dir='ltr' id='par_1_35' title="bbox 641 1815 2202 1889">
     <span class='ocr_line' id='line_1_35' title="bbox 641 1815 2202 1889; baseline -0.007 -9"><span class='ocrx_word' id='word_1_249' title='bbox 641 1824 832 1889; x_wconf 87' lang='lat' dir='ltr'><strong>rabile,</strong></span> <span class='ocrx_word' id='word_1_250' title='bbox 875 1819 1282 1878; x_wconf 87' lang='lat' dir='ltr'><strong>similitudinem</strong></span> <span class='ocrx_word' id='word_1_251' title='bbox 1324 1831 1452 1871; x_wconf 87' lang='lat' dir='ltr'><strong>vero</strong></span> <span class='ocrx_word' id='word_1_252' title='bbox 1498 1823 1704 1870; x_wconf 71' lang='lat' dir='ltr'><strong>natura:</strong></span> <span class='ocrx_word' id='word_1_253' title='bbox 1741 1815 1944 1870; x_wconf 89' lang='lat' dir='ltr'><strong>nullam</strong></span> <span class='ocrx_word' id='word_1_254' title='bbox 2004 1815 2202 1869; x_wconf 91' lang='lat' dir='ltr'><strong>habere</strong></span> 
     </span>
    </p>
   </div>
   <div class='ocr_carea' id='block_1_36' title="bbox 641 1924 838 1989">
    <p class='ocr_par' dir='ltr' id='par_1_36' title="bbox 641 1924 838 1989">
     <span class='ocr_line' id='line_1_36' title="bbox 641 1924 838 1989; baseline 0 -17"><span class='ocrx_word' id='word_1_255' title='bbox 641 1924 838 1989; x_wconf 88' lang='lat' dir='ltr'><strong>potest.</strong></span> 
     </span>
    </p>
   </div>
   <div class='ocr_carea' id='block_1_37' title="bbox 702 1999 2201 2072">
    <p class='ocr_par' dir='ltr' id='par_1_37' title="bbox 702 1999 2201 2072">
     <span class='ocr_line' id='line_1_37' title="bbox 702 1999 2201 2072; baseline -0.003 -13"><span class='ocrx_word' id='word_1_256' title='bbox 702 2006 878 2060; x_wconf 68' lang='lat' dir='ltr'><strong>Nalde</strong></span> <span class='ocrx_word' id='word_1_257' title='bbox 906 2003 1119 2059; x_wconf 72' lang='lat' dir='ltr'><strong>difficile</strong></span> <span class='ocrx_word' id='word_1_258' title='bbox 1155 2010 1299 2058; x_wconf 88' lang='lat' dir='ltr'><strong>esset</strong></span> <span class='ocrx_word' id='word_1_259' title='bbox 1341 2016 1681 2069; x_wconf 87' lang='lat' dir='ltr'><strong>enumerare,</strong></span> <span class='ocrx_word' id='word_1_260' title='bbox 1727 2015 2061 2072; x_wconf 73' lang='lat' dir='ltr'><strong>quaecunque</strong></span> <span class='ocrx_word' id='word_1_261' title='bbox 2099 1999 2201 2054; x_wconf 93' lang='lat' dir='ltr'><strong>im-</strong></span> 
     </span>
    </p>
   </div>
   <div class='ocr_carea' id='block_1_38' title="bbox 641 2092 2201 2170">
    <p class='ocr_par' dir='ltr' id='par_1_38' title="bbox 641 2092 2201 2170">
     <span class='ocr_line' id='line_1_38' title="bbox 641 2092 2201 2170; baseline -0.004 -17"><span class='ocrx_word' id='word_1_262' title='bbox 641 2099 731 2170; x_wconf 86' lang='lat' dir='ltr'><strong>pia</strong></span> <span class='ocrx_word' id='word_1_263' title='bbox 756 2096 1071 2167; x_wconf 78' lang='lat' dir='ltr'><strong>hic-planus</strong></span> <span class='ocrx_word' id='word_1_264' title='bbox 1090 2095 1247 2150; x_wconf 92' lang='lat' dir='ltr'><strong>libris</strong></span> <span class='ocrx_word' id='word_1_265' title='bbox 1285 2095 1398 2150; x_wconf 91' lang='lat' dir='ltr'><strong>suis</strong></span> <span class='ocrx_word' id='word_1_266' title='bbox 1430 2094 1691 2161; x_wconf 88' lang='lat' dir='ltr'><strong>inseruit;</strong></span> <span class='ocrx_word' id='word_1_267' title='bbox 1717 2094 2030 2164; x_wconf 85' lang='lat' dir='ltr'><strong>vituperans</strong></span> <span class='ocrx_word' id='word_1_268' title='bbox 2057 2092 2201 2148; x_wconf 88' lang='lat' dir='ltr'><strong>enim</strong></span> 
     </span>
    </p>
   </div>
   <div class='ocr_carea' id='block_1_39' title="bbox 637 2183 2203 2254">
    <p class='ocr_par' dir='ltr' id='par_1_39' title="bbox 637 2183 2203 2254">
     <span class='ocr_line' id='line_1_39' title="bbox 637 2183 2203 2254; baseline -0.003 -11"><span class='ocrx_word' id='word_1_269' title='bbox 637 2202 728 2243; x_wconf 83' lang='lat' dir='ltr'><strong>res</strong></span> <span class='ocrx_word' id='word_1_270' title='bbox 773 2202 962 2241; x_wconf 90' lang='lat' dir='ltr'><strong>omnes</strong></span> <span class='ocrx_word' id='word_1_271' title='bbox 1003 2194 1261 2254; x_wconf 87' lang='lat' dir='ltr'><strong>tanquam</strong></span> <span class='ocrx_word' id='word_1_272' title='bbox 1315 2186 1509 2249; x_wconf 89' lang='lat' dir='ltr'><strong>malas,</strong></span> <span class='ocrx_word' id='word_1_273' title='bbox 1572 2184 1784 2239; x_wconf 89' lang='lat' dir='ltr'><strong>fructus</strong></span> <span class='ocrx_word' id='word_1_274' title='bbox 1831 2183 1992 2239; x_wconf 90' lang='lat' dir='ltr'><strong>etiam</strong></span> <span class='ocrx_word' id='word_1_275' title='bbox 2043 2191 2203 2239; x_wconf 72' lang='lat' dir='ltr'><strong>terrae</strong></span> 
     </span>
    </p>
   </div>
   <div class='ocr_carea' id='block_1_40' title="bbox 629 2276 2202 2349">
    <p class='ocr_par' dir='ltr' id='par_1_40' title="bbox 629 2276 2202 2349">
     <span class='ocr_line' id='line_1_40' title="bbox 629 2276 2202 2349; baseline -0.001 -16"><span class='ocrx_word' id='word_1_276' title='bbox 629 2291 899 2349; x_wconf 78' lang='lat' dir='ltr'><strong>tanquam</strong></span> <span class='ocrx_word' id='word_1_277' title='bbox 933 2276 1194 2332; x_wconf 91' lang='lat' dir='ltr'><strong>nutritios</strong></span> <span class='ocrx_word' id='word_1_278' title='bbox 1227 2279 1470 2332; x_wconf 70' lang='lat' dir='ltr'><strong>materia:</strong></span> <span class='ocrx_word' id='word_1_279' title='bbox 1489 2285 1713 2332; x_wconf 90' lang='lat' dir='ltr'><strong>accusat</strong></span> <span class='ocrx_word' id='word_1_280' title='bbox 1743 2295 1754 2330; x_wconf 93' lang='lat'><strong>:</strong></span> <span class='ocrx_word' id='word_1_281' title='bbox 1783 2291 1847 2330; x_wconf 89' lang='lat' dir='ltr'><strong>ac</strong></span> <span class='ocrx_word' id='word_1_282' title='bbox 1881 2277 2051 2332; x_wconf 89' lang='lat' dir='ltr'><strong>solem</strong></span> <span class='ocrx_word' id='word_1_283' title='bbox 2081 2277 2202 2348; x_wconf 91' lang='lat' dir='ltr'><strong>qui-</strong></span> 
     </span>
    </p>
   </div>
   <div class='ocr_carea' id='block_1_41' title="bbox 637 2368 2201 2439">
    <p class='ocr_par' dir='ltr' id='par_1_41' title="bbox 637 2368 2201 2439">
     <span class='ocr_line' id='line_1_41' title="bbox 637 2368 2201 2439; baseline -0.001 -14"><span class='ocrx_word' id='word_1_284' title='bbox 637 2370 761 2426; x_wconf 85' lang='lat' dir='ltr'><strong>dem</strong></span> <span class='ocrx_word' id='word_1_285' title='bbox 793 2368 1117 2433; x_wconf 91' lang='lat' dir='ltr'><strong>admiratur,</strong></span> <span class='ocrx_word' id='word_1_286' title='bbox 1150 2376 1204 2422; x_wconf 89' lang='lat' dir='ltr'><strong>et</strong></span> <span class='ocrx_word' id='word_1_287' title='bbox 1221 2384 1284 2423; x_wconf 79' lang='lat' dir='ltr'><strong>ex</strong></span> <span class='ocrx_word' id='word_1_288' title='bbox 1317 2369 1461 2423; x_wconf 90' lang='lat' dir='ltr'><strong>bono</strong></span> <span class='ocrx_word' id='word_1_289' title='bbox 1477 2385 1598 2424; x_wconf 89' lang='lat' dir='ltr'><strong>esse</strong></span> <span class='ocrx_word' id='word_1_290' title='bbox 1619 2369 1903 2436; x_wconf 80' lang='lat' dir='ltr'><strong>decernit;</strong></span> <span class='ocrx_word' id='word_1_291' title='bbox 1929 2384 2049 2439; x_wconf 67' lang='lat' dir='ltr'><strong>quae</strong></span> <span class='ocrx_word' id='word_1_292' title='bbox 2062 2383 2201 2424; x_wconf 85' lang='lat' dir='ltr'><strong>vero</strong></span> 
     </span>
    </p>
   </div>
   <div class='ocr_carea' id='block_1_42' title="bbox 637 2457 2203 2527">
    <p class='ocr_par' dir='ltr' id='par_1_42' title="bbox 637 2457 2203 2527">
     <span class='ocr_line' id='line_1_42' title="bbox 637 2457 2203 2527; baseline 0.002 -17"><span class='ocrx_word' id='word_1_293' title='bbox 637 2458 734 2512; x_wconf 86' lang='lat' dir='ltr'><strong>alit</strong></span> <span class='ocrx_word' id='word_1_294' title='bbox 763 2457 965 2522; x_wconf 87' lang='lat' dir='ltr'><strong>calore,</strong></span> <span class='ocrx_word' id='word_1_295' title='bbox 986 2458 1182 2527; x_wconf 88' lang='lat' dir='ltr'><strong>stirpes</strong></span> <span class='ocrx_word' id='word_1_296' title='bbox 1209 2459 1330 2512; x_wconf 90' lang='lat' dir='ltr'><strong>dico</strong></span> <span class='ocrx_word' id='word_1_297' title='bbox 1346 2465 1401 2512; x_wconf 88' lang='lat' dir='ltr'><strong>et</strong></span> <span class='ocrx_word' id='word_1_298' title='bbox 1423 2459 1652 2521; x_wconf 91' lang='lat' dir='ltr'><strong>semina,</strong></span> <span class='ocrx_word' id='word_1_299' title='bbox 1677 2473 1786 2512; x_wconf 92' lang='lat' dir='ltr'><strong>non</strong></span> <span class='ocrx_word' id='word_1_300' title='bbox 1821 2458 1986 2527; x_wconf 87' lang='lat' dir='ltr'><strong>pudet</strong></span> <span class='ocrx_word' id='word_1_301' title='bbox 2003 2458 2203 2514; x_wconf 87' lang='lat' dir='ltr'><strong>acerbe</strong></span> 
     </span>
    </p>
   </div>
   <div class='ocr_carea' id='block_1_43' title="bbox 634 2546 2201 2617">
    <p class='ocr_par' dir='ltr' id='par_1_43' title="bbox 634 2546 2201 2617">
     <span class='ocr_line' id='line_1_43' title="bbox 634 2546 2201 2617; baseline -0.001 -13"><span class='ocrx_word' id='word_1_302' title='bbox 634 2547 969 2617; x_wconf 82' lang='lat' dir='ltr'><strong>vituperare,</strong></span> <span class='ocrx_word' id='word_1_303' title='bbox 1004 2561 1124 2616; x_wconf 66' lang='lat' dir='ltr'><strong>qua:</strong></span> <span class='ocrx_word' id='word_1_304' title='bbox 1153 2546 1372 2616; x_wconf 91' lang='lat' dir='ltr'><strong>quidem</strong></span> <span class='ocrx_word' id='word_1_305' title='bbox 1403 2548 1520 2602; x_wconf 89' lang='lat' dir='ltr'><strong>sine</strong></span> <span class='ocrx_word' id='word_1_306' title='bbox 1551 2548 1667 2601; x_wconf 91' lang='lat' dir='ltr'><strong>sole</strong></span> <span class='ocrx_word' id='word_1_307' title='bbox 1696 2546 1788 2615; x_wconf 91' lang='lat' dir='ltr'><strong>qui</strong></span> <span class='ocrx_word' id='word_1_308' title='bbox 1819 2561 1849 2600; x_wconf 94' lang='lat' dir='ltr'><strong>a</strong></span> <span class='ocrx_word' id='word_1_309' title='bbox 1883 2546 2201 2603; x_wconf 84' lang='lat' dir='ltr'><strong>Deo&#39;factus</strong></span> 
     </span>
    </p>
   </div>
   <div class='ocr_carea' id='block_1_44' title="bbox 636 2636 2204 2708">
    <p class='ocr_par' dir='ltr' id='par_1_44' title="bbox 636 2636 2204 2708">
     <span class='ocr_line' id='line_1_44' title="bbox 636 2636 2204 2708; baseline -0.001 -14"><span class='ocrx_word' id='word_1_310' title='bbox 636 2645 741 2702; x_wconf 89' lang='lat' dir='ltr'><strong>est,</strong></span> <span class='ocrx_word' id='word_1_311' title='bbox 779 2639 1002 2694; x_wconf 91' lang='lat' dir='ltr'><strong>omnino</strong></span> <span class='ocrx_word' id='word_1_312' title='bbox 1034 2653 1141 2694; x_wconf 92' lang='lat' dir='ltr'><strong>non</strong></span> <span class='ocrx_word' id='word_1_313' title='bbox 1182 2640 1560 2694; x_wconf 88' lang='lat' dir='ltr'><strong>consisterent.</strong></span> <span class='ocrx_word' id='word_1_314' title='bbox 1595 2636 1745 2691; x_wconf 84' lang='lat' dir='ltr'><strong>Sicut</strong></span> <span class='ocrx_word' id='word_1_315' title='bbox 1779 2638 1920 2693; x_wconf 90' lang='lat' dir='ltr'><strong>enim</strong></span> <span class='ocrx_word' id='word_1_316' title='bbox 1953 2639 2087 2692; x_wconf 88' lang='lat' dir='ltr'><strong>nihil</strong></span> <span class='ocrx_word' id='word_1_317' title='bbox 2113 2639 2204 2708; x_wconf 90' lang='lat' dir='ltr'><strong>ju-</strong></span> 
     </span>
    </p>
   </div>
   <div class='ocr_carea' id='block_1_45' title="bbox 633 2729 2200 2800">
    <p class='ocr_par' dir='ltr' id='par_1_45' title="bbox 633 2729 2200 2800">
     <span class='ocr_line' id='line_1_45' title="bbox 633 2729 2200 2800; baseline 0.001 -15"><span class='ocrx_word' id='word_1_318' title='bbox 633 2739 790 2785; x_wconf 89' lang='lat' dir='ltr'><strong>varet</strong></span> <span class='ocrx_word' id='word_1_319' title='bbox 832 2732 935 2794; x_wconf 91' lang='lat' dir='ltr'><strong>sol,</strong></span> <span class='ocrx_word' id='word_1_320' title='bbox 968 2732 1075 2786; x_wconf 91' lang='lat' dir='ltr'><strong>nisi</strong></span> <span class='ocrx_word' id='word_1_321' title='bbox 1110 2731 1310 2787; x_wconf 89' lang='lat' dir='ltr'><strong>imbres</strong></span> <span class='ocrx_word' id='word_1_322' title='bbox 1363 2731 1586 2786; x_wconf 86' lang='lat' dir='ltr'><strong>arbores</strong></span> <span class='ocrx_word' id='word_1_323' title='bbox 1616 2729 1907 2800; x_wconf 82' lang='lat' dir='ltr'><strong>irrigarent</strong></span> <span class='ocrx_word' id='word_1_324' title='bbox 1955 2738 2009 2786; x_wconf 90' lang='lat' dir='ltr'><strong>et</strong></span> <span class='ocrx_word' id='word_1_325' title='bbox 2040 2731 2200 2787; x_wconf 85' lang='lat' dir='ltr'><strong>utiles</strong></span> 
     </span>
    </p>
   </div>
   <div class='ocr_carea' id='block_1_46' title="bbox 634 2822 2200 2892">
    <p class='ocr_par' dir='ltr' id='par_1_46' title="bbox 634 2822 2200 2892">
     <span class='ocr_line' id='line_1_46' title="bbox 634 2822 2200 2892; baseline -0.003 -12"><span class='ocrx_word' id='word_1_326' title='bbox 634 2823 783 2880; x_wconf 82' lang='lat' dir='ltr'><strong>venti</strong></span> <span class='ocrx_word' id='word_1_327' title='bbox 811 2822 1136 2892; x_wconf 86' lang='lat' dir='ltr'><strong>perflarent:</strong></span> <span class='ocrx_word' id='word_1_328' title='bbox 1167 2824 1247 2880; x_wconf 82' lang='lat' dir='ltr'><strong>sic</strong></span> <span class='ocrx_word' id='word_1_329' title='bbox 1285 2823 1485 2878; x_wconf 89' lang='lat' dir='ltr'><strong>imbres</strong></span> <span class='ocrx_word' id='word_1_330' title='bbox 1522 2829 1576 2877; x_wconf 93' lang='lat' dir='ltr'><strong>et</strong></span> <span class='ocrx_word' id='word_1_331' title='bbox 1612 2823 1716 2876; x_wconf 90' lang='lat' dir='ltr'><strong>alia</strong></span> <span class='ocrx_word' id='word_1_332' title='bbox 1750 2822 1868 2878; x_wconf 91' lang='lat' dir='ltr'><strong>sine</strong></span> <span class='ocrx_word' id='word_1_333' title='bbox 1914 2822 2027 2879; x_wconf 91' lang='lat' dir='ltr'><strong>sole</strong></span> <span class='ocrx_word' id='word_1_334' title='bbox 2062 2822 2200 2878; x_wconf 88' lang='lat' dir='ltr'><strong>nihil</strong></span> 
     </span>
    </p>
   </div>
   <div class='ocr_carea' id='block_1_47' title="bbox 618 2915 907 2987">
    <p class='ocr_par' dir='ltr' id='par_1_47' title="bbox 618 2915 907 2987">
     <span class='ocr_line' id='line_1_47' title="bbox 618 2915 907 2987; baseline -0.007 -16"><span class='ocrx_word' id='word_1_335' title='bbox 618 2915 907 2987; x_wconf 78' lang='lat' dir='ltr'><strong>juvarent.</strong></span> 
     </span>
    </p>
   </div>
   <div class='ocr_carea' id='block_1_48' title="bbox 2305 1800 3811 1881">
    <p class='ocr_par' dir='ltr' id='par_1_48' title="bbox 2305 1800 3811 1881">
     <span class='ocr_line' id='line_1_48' title="bbox 2305 1800 3811 1881; baseline -0.008 -17"><span class='ocrx_word' id='word_1_336' title='bbox 2305 1827 2416 1863; x_wconf 87' lang='grc' dir='ltr'>σιον</span> <span class='ocrx_word' id='word_1_337' title='bbox 2445 1809 2624 1881; x_wconf 90' lang='grc' dir='ltr'>ἔργον,</span> <span class='ocrx_word' id='word_1_338' title='bbox 2666 1809 2959 1880; x_wconf 86' lang='grc' dir='ltr'>ὁμοιότητα</span> <span class='ocrx_word' id='word_1_339' title='bbox 2999 1806 3056 1860; x_wconf 87' lang='grc' dir='ltr'>δὲ</span> <span class='ocrx_word' id='word_1_340' title='bbox 3094 1804 3307 1874; x_wconf 87' lang='grc' dir='ltr'>φύσεως</span> <span class='ocrx_word' id='word_1_341' title='bbox 3354 1800 3492 1874; x_wconf 80' lang='grc' dir='ltr'>πρὸς</span> <span class='ocrx_word' id='word_1_342' title='bbox 3531 1801 3677 1854; x_wconf 79' lang='grc' dir='ltr'>αὑτὸν</span> <span class='ocrx_word' id='word_1_343' title='bbox 3708 1802 3811 1853; x_wconf 74' lang='grc' dir='ltr'>οὐδε-</span> 
     </span>
    </p>
   </div>
   <div class='ocr_carea' id='block_1_49' title="bbox 2306 1903 2624 1974">
    <p class='ocr_par' dir='ltr' id='par_1_49' title="bbox 2306 1903 2624 1974">
     <span class='ocr_line' id='line_1_49' title="bbox 2306 1903 2624 1974; baseline 0.006 -19"><span class='ocrx_word' id='word_1_344' title='bbox 2306 1903 2429 1974; x_wconf 88' lang='grc' dir='ltr'>μίαν</span> <span class='ocrx_word' id='word_1_345' title='bbox 2461 1903 2624 1973; x_wconf 87' lang='grc' dir='ltr'>ἔχειν.</span> 
     </span>
    </p>
   </div>
   <div class='ocr_carea' id='block_1_50' title="bbox 2374 1988 3809 2067">
    <p class='ocr_par' dir='ltr' id='par_1_50' title="bbox 2374 1988 3809 2067">
     <span class='ocr_line' id='line_1_50' title="bbox 2374 1988 3809 2067; baseline -0.006 -18"><span class='ocrx_word' id='word_1_346' title='bbox 2374 1997 2512 2049; x_wconf 84' lang='grc' dir='ltr'>Ὅσα</span> <span class='ocrx_word' id='word_1_347' title='bbox 2539 1997 2637 2067; x_wconf 86' lang='grc' dir='ltr'>μὲν</span> <span class='ocrx_word' id='word_1_348' title='bbox 2655 1991 2748 2050; x_wconf 78' lang='grc' dir='ltr'><strong>οῦν</strong></span> <span class='ocrx_word' id='word_1_349' title='bbox 2776 1997 2804 2048; x_wconf 86' lang='grc' dir='ltr'><strong>ὁ</strong></span> <span class='ocrx_word' id='word_1_350' title='bbox 2831 1994 3028 2057; x_wconf 83' lang='grc' dir='ltr'>πλάνος</span> <span class='ocrx_word' id='word_1_351' title='bbox 3054 1992 3355 2047; x_wconf 79' lang='grc' dir='ltr'>ἐντέθεικεν</span> <span class='ocrx_word' id='word_1_352' title='bbox 3390 1988 3557 2060; x_wconf 80' lang='grc' dir='ltr'>ἀσεϐῆ</span> <span class='ocrx_word' id='word_1_353' title='bbox 3587 1989 3685 2051; x_wconf 87' lang='grc' dir='ltr'>τοῖς</span> <span class='ocrx_word' id='word_1_354' title='bbox 3705 1988 3809 2050; x_wconf 81' lang='grc' dir='ltr'>ἰδίοις</span> 
     </span>
    </p>
   </div>
   <div class='ocr_carea' id='block_1_51' title="bbox 2303 2081 3808 2159">
    <p class='ocr_par' dir='ltr' id='par_1_51' title="bbox 2303 2081 3808 2159">
     <span class='ocr_line' id='line_1_51' title="bbox 2303 2081 3808 2159; baseline -0.007 -17"><span class='ocrx_word' id='word_1_355' title='bbox 2303 2089 2719 2159; x_wconf 83' lang='grc' dir='ltr'>συγγράμμασι,</span> <span class='ocrx_word' id='word_1_356' title='bbox 2757 2087 2890 2140; x_wconf 76' lang='grc' dir='ltr'>πολὺ</span> <span class='ocrx_word' id='word_1_357' title='bbox 2921 2086 2985 2141; x_wconf 83' lang='grc' dir='ltr'><strong>ἂν</strong></span> <span class='ocrx_word' id='word_1_358' title='bbox 3011 2086 3168 2157; x_wconf 88' lang='grc' dir='ltr'>ἔργον</span> <span class='ocrx_word' id='word_1_359' title='bbox 3186 2084 3270 2155; x_wconf 70' lang='grc' dir='ltr'>εἴη</span> <span class='ocrx_word' id='word_1_360' title='bbox 3293 2081 3669 2154; x_wconf 82' lang='grc' dir='ltr'>καταριθμεῖν·</span> <span class='ocrx_word' id='word_1_361' title='bbox 3696 2081 3808 2132; x_wconf 67' lang='grc' dir='ltr'>λοιδο</span> 
     </span>
    </p>
   </div>
   <div class='ocr_carea' id='block_1_52' title="bbox 2305 2173 3806 2254">
    <p class='ocr_par' dir='ltr' id='par_1_52' title="bbox 2305 2173 3806 2254">
     <span class='ocr_line' id='line_1_52' title="bbox 2305 2173 3806 2254; baseline -0.008 -19"><span class='ocrx_word' id='word_1_362' title='bbox 2305 2181 2560 2254; x_wconf 88' lang='grc' dir='ltr'>ρούμενος</span> <span class='ocrx_word' id='word_1_363' title='bbox 2591 2179 2699 2251; x_wconf 77' lang='grc' dir='ltr'><strong>γὰρ</strong></span> <span class='ocrx_word' id='word_1_364' title='bbox 2728 2182 2839 2242; x_wconf 85' lang='grc' dir='ltr'>τοῖς</span> <span class='ocrx_word' id='word_1_365' title='bbox 2871 2174 3018 2232; x_wconf 82' lang='grc' dir='ltr'>οὖσιν</span> <span class='ocrx_word' id='word_1_366' title='bbox 3050 2177 3247 2232; x_wconf 78' lang='grc' dir='ltr'>ἅπασιν</span> <span class='ocrx_word' id='word_1_367' title='bbox 3273 2174 3350 2238; x_wconf 87' lang='grc' dir='ltr'>ὡς</span> <span class='ocrx_word' id='word_1_368' title='bbox 3384 2178 3589 2239; x_wconf 88' lang='grc' dir='ltr'>κακοῖς,</span> <span class='ocrx_word' id='word_1_369' title='bbox 3617 2173 3806 2233; x_wconf 73' lang='grc' dir='ltr'>καὶτοὺς</span> 
     </span>
    </p>
   </div>
   <div class='ocr_carea' id='block_1_53' title="bbox 2300 2268 3807 2348">
    <p class='ocr_par' dir='ltr' id='par_1_53' title="bbox 2300 2268 3807 2348">
     <span class='ocr_line' id='line_1_53' title="bbox 2300 2268 3807 2348; baseline -0.008 -17"><span class='ocrx_word' id='word_1_370' title='bbox 2300 2277 2545 2348; x_wconf 78' lang='grc' dir='ltr'>καρποὺς</span> <span class='ocrx_word' id='word_1_371' title='bbox 2574 2276 2698 2338; x_wconf 81' lang='grc' dir='ltr'>τοὺς</span> <span class='ocrx_word' id='word_1_372' title='bbox 2729 2274 2836 2328; x_wconf 81' lang='grc' dir='ltr'>ἀπὸ</span> <span class='ocrx_word' id='word_1_373' title='bbox 2857 2274 2958 2344; x_wconf 82' lang='grc' dir='ltr'>γῆς</span> <span class='ocrx_word' id='word_1_374' title='bbox 2985 2273 3098 2343; x_wconf 73' lang='grc' dir='ltr'>ἅμα</span> <span class='ocrx_word' id='word_1_375' title='bbox 3123 2269 3417 2333; x_wconf 85' lang='grc' dir='ltr'>διαϐάλλει,</span> <span class='ocrx_word' id='word_1_376' title='bbox 3449 2270 3522 2334; x_wconf 85' lang='grc' dir='ltr'>ὡς</span> <span class='ocrx_word' id='word_1_377' title='bbox 3550 2268 3807 2342; x_wconf 66' lang='grc' dir='ltr'>θρεππκοὺς</span> 
     </span>
    </p>
   </div>
   <div class='ocr_carea' id='block_1_54' title="bbox 2297 2355 3805 2438">
    <p class='ocr_par' dir='ltr' id='par_1_54' title="bbox 2297 2355 3805 2438">
     <span class='ocr_line' id='line_1_54' title="bbox 2297 2355 3805 2438; baseline -0.008 -18"><span class='ocrx_word' id='word_1_378' title='bbox 2297 2369 2398 2438; x_wconf 79' lang='grc' dir='ltr'>τῆς</span> <span class='ocrx_word' id='word_1_379' title='bbox 2435 2366 2566 2437; x_wconf 89' lang='grc' dir='ltr'>ὕλης</span> <span class='ocrx_word' id='word_1_380' title='bbox 2590 2384 2602 2396; x_wconf 88' lang='grc'><strong>·</strong></span> <span class='ocrx_word' id='word_1_381' title='bbox 2637 2365 2729 2419; x_wconf 72' lang='grc' dir='ltr'>καὶ</span> <span class='ocrx_word' id='word_1_382' title='bbox 2759 2365 2906 2436; x_wconf 85' lang='grc' dir='ltr'>ἧλιον</span> <span class='ocrx_word' id='word_1_383' title='bbox 2943 2364 3040 2435; x_wconf 83' lang='grc' dir='ltr'>μὲν</span> <span class='ocrx_word' id='word_1_384' title='bbox 3070 2360 3504 2433; x_wconf 79' lang='grc' dir='ltr'>ὑπερθαυμάζει,</span> <span class='ocrx_word' id='word_1_385' title='bbox 3547 2360 3630 2414; x_wconf 79' lang='grc' dir='ltr'>καὶ</span> <span class='ocrx_word' id='word_1_386' title='bbox 3667 2359 3717 2410; x_wconf 81' lang='grc' dir='ltr'><strong>ἐκ</strong></span> <span class='ocrx_word' id='word_1_387' title='bbox 3743 2355 3805 2409; x_wconf 72' lang='grc' dir='ltr'><strong>τοῦ</strong></span> 
     </span>
    </p>
   </div>
   <div class='ocr_carea' id='block_1_55' title="bbox 2300 2450 3803 2525">
    <p class='ocr_par' dir='ltr' id='par_1_55' title="bbox 2300 2450 3803 2525">
     <span class='ocr_line' id='line_1_55' title="bbox 2300 2450 3803 2525; baseline -0.007 -15"><span class='ocrx_word' id='word_1_388' title='bbox 2300 2456 2506 2525; x_wconf 79' lang='grc' dir='ltr'>ἀγαθοῦ</span> <span class='ocrx_word' id='word_1_389' title='bbox 2548 2473 2612 2524; x_wconf 90' lang='grc' dir='ltr'><strong>γε</strong></span> <span class='ocrx_word' id='word_1_390' title='bbox 2651 2452 2809 2519; x_wconf 80' lang='grc' dir='ltr'>εἶναι,</span> <span class='ocrx_word' id='word_1_391' title='bbox 2853 2455 2928 2518; x_wconf 84' lang='grc' dir='ltr'>ὥς</span> <span class='ocrx_word' id='word_1_392' title='bbox 2959 2471 3111 2525; x_wconf 90' lang='grc' dir='ltr'>φησι,</span> <span class='ocrx_word' id='word_1_393' title='bbox 3157 2451 3486 2524; x_wconf 76' lang='grc' dir='ltr'>διορίζεται·</span> <span class='ocrx_word' id='word_1_394' title='bbox 3519 2451 3552 2506; x_wconf 81' lang='grc' dir='ltr'>ἃ</span> <span class='ocrx_word' id='word_1_395' title='bbox 3589 2451 3640 2505; x_wconf 86' lang='grc' dir='ltr'>δὲ</span> <span class='ocrx_word' id='word_1_396' title='bbox 3669 2450 3803 2520; x_wconf 72' lang='grc' dir='ltr'>τρέφει</span> 
     </span>
    </p>
   </div>
   <div class='ocr_carea' id='block_1_56' title="bbox 2301 2541 3804 2620">
    <p class='ocr_par' dir='ltr' id='par_1_56' title="bbox 2301 2541 3804 2620">
     <span class='ocr_line' id='line_1_56' title="bbox 2301 2541 3804 2620; baseline -0.005 -18"><span class='ocrx_word' id='word_1_397' title='bbox 2301 2548 2606 2620; x_wconf 86' lang='grc' dir='ltr'>θερμαίνων</span> <span class='ocrx_word' id='word_1_398' title='bbox 2636 2548 2778 2618; x_wconf 87' lang='grc' dir='ltr'>φυτά</span> <span class='ocrx_word' id='word_1_399' title='bbox 2792 2564 2850 2601; x_wconf 86' lang='grc' dir='ltr'><strong>τε</strong></span> <span class='ocrx_word' id='word_1_400' title='bbox 2877 2548 2971 2601; x_wconf 80' lang='grc' dir='ltr'><strong>καὶ</strong></span> <span class='ocrx_word' id='word_1_401' title='bbox 2999 2548 3306 2616; x_wconf 84' lang='grc' dir='ltr'>σπέρματα,</span> <span class='ocrx_word' id='word_1_402' title='bbox 3337 2544 3552 2618; x_wconf 83' lang='grc' dir='ltr'>πικρῶς</span> <span class='ocrx_word' id='word_1_403' title='bbox 3569 2545 3656 2598; x_wconf 87' lang='grc' dir='ltr'><strong>οὑκ</strong></span> <span class='ocrx_word' id='word_1_404' title='bbox 3677 2541 3804 2612; x_wconf 60' lang='lat' dir='ltr'><strong>alexi-</strong></span> 
     </span>
    </p>
   </div>
   <div class='ocr_carea' id='block_1_57' title="bbox 2300 2634 3802 2711">
    <p class='ocr_par' dir='ltr' id='par_1_57' title="bbox 2300 2634 3802 2711">
     <span class='ocr_line' id='line_1_57' title="bbox 2300 2634 3802 2711; baseline -0.005 -19"><span class='ocrx_word' id='word_1_405' title='bbox 2300 2657 2446 2693; x_wconf 89' lang='grc' dir='ltr'>νεται</span> <span class='ocrx_word' id='word_1_406' title='bbox 2483 2639 2740 2704; x_wconf 80' lang='grc' dir='ltr'>κακίζων,</span> <span class='ocrx_word' id='word_1_407' title='bbox 2775 2639 2916 2711; x_wconf 83' lang='grc' dir='ltr'>ἆπερ</span> <span class='ocrx_word' id='word_1_408' title='bbox 2947 2639 3046 2692; x_wconf 87' lang='grc' dir='ltr'><strong>οὑκ</strong></span> <span class='ocrx_word' id='word_1_409' title='bbox 3076 2639 3140 2693; x_wconf 83' lang='grc' dir='ltr'><strong>ἂν</strong></span> <span class='ocrx_word' id='word_1_410' title='bbox 3169 2639 3401 2710; x_wconf 83' lang='grc' dir='ltr'>συνέστη</span> <span class='ocrx_word' id='word_1_411' title='bbox 3426 2636 3679 2699; x_wconf 84' lang='grc' dir='ltr'>παντελῶς</span> <span class='ocrx_word' id='word_1_412' title='bbox 3696 2634 3802 2706; x_wconf 74' lang='grc' dir='ltr'>ἡλίου</span> 
     </span>
    </p>
   </div>
   <div class='ocr_carea' id='block_1_58' title="bbox 2299 2723 3803 2802">
    <p class='ocr_par' dir='ltr' id='par_1_58' title="bbox 2299 2723 3803 2802">
     <span class='ocr_line' id='line_1_58' title="bbox 2299 2723 3803 2802; baseline -0.005 -18"><span class='ocrx_word' id='word_1_413' title='bbox 2299 2730 2418 2802; x_wconf 87' lang='grc' dir='ltr'>δίχα</span> <span class='ocrx_word' id='word_1_414' title='bbox 2469 2730 2604 2802; x_wconf 78' lang='grc' dir='ltr'>πρὸς</span> <span class='ocrx_word' id='word_1_415' title='bbox 2654 2729 2788 2783; x_wconf 84' lang='grc' dir='ltr'>Θεοῦ</span> <span class='ocrx_word' id='word_1_416' title='bbox 2837 2729 3219 2801; x_wconf 81' lang='grc' dir='ltr'>γεγενημένου.</span> <span class='ocrx_word' id='word_1_417' title='bbox 3277 2730 3368 2793; x_wconf 89' lang='grc' dir='ltr'>Ὡς</span> <span class='ocrx_word' id='word_1_418' title='bbox 3451 2729 3557 2800; x_wconf 89' lang='grc' dir='ltr'><strong>γάρ</strong></span> <span class='ocrx_word' id='word_1_419' title='bbox 3597 2727 3718 2779; x_wconf 77' lang='grc' dir='ltr'>οὐδὲν</span> <span class='ocrx_word' id='word_1_420' title='bbox 3757 2723 3803 2777; x_wconf 77' lang='grc' dir='ltr'><strong>ἂν</strong></span> 
     </span>
    </p>
   </div>
   <div class='ocr_carea' id='block_1_59' title="bbox 2301 2814 3802 2893">
    <p class='ocr_par' dir='ltr' id='par_1_59' title="bbox 2301 2814 3802 2893">
     <span class='ocr_line' id='line_1_59' title="bbox 2301 2814 3802 2893; baseline -0.006 -18"><span class='ocrx_word' id='word_1_421' title='bbox 2301 2821 2506 2893; x_wconf 77' lang='grc' dir='ltr'>ὤνησεν</span> <span class='ocrx_word' id='word_1_422' title='bbox 2547 2821 2715 2892; x_wconf 82' lang='grc' dir='ltr'>ἥλιος,</span> <span class='ocrx_word' id='word_1_423' title='bbox 2759 2822 2807 2874; x_wconf 84' lang='grc' dir='ltr'><strong>εί</strong></span> <span class='ocrx_word' id='word_1_424' title='bbox 2857 2821 2932 2892; x_wconf 83' lang='grc' dir='ltr'>μὴ</span> <span class='ocrx_word' id='word_1_425' title='bbox 2964 2820 3200 2892; x_wconf 77' lang='grc' dir='ltr'>-ὖμϐρων</span> <span class='ocrx_word' id='word_1_426' title='bbox 3240 2821 3472 2892; x_wconf 77' lang='grc' dir='ltr'>ἧρδευον</span> <span class='ocrx_word' id='word_1_427' title='bbox 3515 2819 3721 2891; x_wconf 81' lang='grc' dir='ltr'>χορηγίαι</span> <span class='ocrx_word' id='word_1_428' title='bbox 3751 2814 3802 2866; x_wconf 71' lang='grc' dir='ltr'>τὰ</span> 
     </span>
    </p>
   </div>
   <div class='ocr_carea' id='block_1_60' title="bbox 2301 2905 3800 2980">
    <p class='ocr_par' dir='ltr' id='par_1_60' title="bbox 2301 2905 3800 2980">
     <span class='ocr_line' id='line_1_60' title="bbox 2301 2905 3800 2980; baseline -0.005 -16"><span class='ocrx_word' id='word_1_429' title='bbox 2301 2911 2464 2980; x_wconf 87' lang='grc' dir='ltr'>φυτὰ,</span> <span class='ocrx_word' id='word_1_430' title='bbox 2488 2911 2581 2963; x_wconf 75' lang='grc' dir='ltr'><strong>καὶ</strong></span> <span class='ocrx_word' id='word_1_431' title='bbox 2601 2909 2813 2980; x_wconf 86' lang='grc' dir='ltr'>ἀνέμων</span> <span class='ocrx_word' id='word_1_432' title='bbox 2836 2909 3122 2980; x_wconf 80' lang='grc' dir='ltr'>ὠφελίμων</span> <span class='ocrx_word' id='word_1_433' title='bbox 3143 2909 3452 2963; x_wconf 83' lang='grc' dir='ltr'>διεσάλευον</span> <span class='ocrx_word' id='word_1_434' title='bbox 3483 2909 3652 2962; x_wconf 81' lang='grc' dir='ltr'>πνοαί·</span> <span class='ocrx_word' id='word_1_435' title='bbox 3677 2905 3800 2967; x_wconf 79' lang='grc' dir='ltr'>οὕτως</span> 
     </span>
    </p>
   </div>
   <div class='ocr_carea' id='block_1_61' title="bbox 2304 2999 3798 3075">
    <p class='ocr_par' dir='ltr' id='par_1_61' title="bbox 2304 2999 3798 3075">
     <span class='ocr_line' id='line_1_61' title="bbox 2304 2999 3798 3075; baseline -0.003 -21"><span class='ocrx_word' id='word_1_436' title='bbox 2304 3001 2370 3054; x_wconf 86' lang='grc' dir='ltr'>ἂν</span> <span class='ocrx_word' id='word_1_437' title='bbox 2399 3003 2592 3075; x_wconf 77' lang='grc' dir='ltr'>ὄμϐροι</span> <span class='ocrx_word' id='word_1_438' title='bbox 2628 3003 2721 3056; x_wconf 75' lang='grc' dir='ltr'>καὶ</span> <span class='ocrx_word' id='word_1_439' title='bbox 2756 3002 2825 3057; x_wconf 80' lang='grc' dir='ltr'>τὰ</span> <span class='ocrx_word' id='word_1_440' title='bbox 2867 3003 3000 3057; x_wconf 82' lang='grc' dir='ltr'>ἀλλα</span> <span class='ocrx_word' id='word_1_441' title='bbox 3025 3002 3174 3073; x_wconf 77' lang='grc' dir='ltr'>ἡλίου</span> <span class='ocrx_word' id='word_1_442' title='bbox 3208 3002 3331 3072; x_wconf 84' lang='grc' dir='ltr'>δίχα</span> <span class='ocrx_word' id='word_1_443' title='bbox 3373 3003 3635 3073; x_wconf 82' lang='grc' dir='ltr'>ὠφέλησεν</span> <span class='ocrx_word' id='word_1_444' title='bbox 3658 3000 3708 3054; x_wconf 85' lang='grc' dir='ltr'>ἂν</span> <span class='ocrx_word' id='word_1_445' title='bbox 3739 2999 3798 3050; x_wconf 83' lang='grc' dir='ltr'>οὑ-</span> 
     </span>
    </p>
   </div>
   <div class='ocr_carea' id='block_1_62' title="bbox 2223 3055 2411 3150">
    <p class='ocr_par' dir='ltr' id='par_1_62' title="bbox 2223 3055 2411 3150">
     <span class='ocr_line' id='line_1_62' title="bbox 2223 3055 2411 3150; baseline -0.011 0"><span class='ocrx_word' id='word_1_446' title='bbox 2223 3055 2266 3112; x_wconf 75' lang='lat' dir='ltr'><strong><em>C</em></strong></span> <span class='ocrx_word' id='word_1_447' title='bbox 2304 3085 2411 3150; x_wconf 80' lang='grc' dir='ltr'>δέν.</span> 
     </span>
    </p>
   </div>
   <div class='ocr_carea' id='block_1_63' title="bbox 1382 3219 3118 3285">
    <p class='ocr_par' dir='ltr' id='par_1_63' title="bbox 1382 3219 3118 3285">
     <span class='ocr_line' id='line_1_63' title="bbox 1382 3219 3118 3285; baseline 0.006 -11"><span class='ocrx_word' id='word_1_448' title='bbox 1382 3219 1508 3275; x_wconf 66' lang='lat' dir='ltr'><strong>Car.</strong></span> <span class='ocrx_word' id='word_1_449' title='bbox 1549 3219 1763 3276; x_wconf 69' lang='lat' dir='ltr'><strong>XXXII.</strong></span> <span class='ocrx_word' id='word_1_450' title='bbox 1800 3220 2004 3278; x_wconf 82' lang='lat' dir='ltr'><strong>Imbres</strong></span> <span class='ocrx_word' id='word_1_451' title='bbox 2035 3225 2334 3282; x_wconf 77' lang='lat' dir='ltr'><strong>utilissimi.</strong></span> <span class='ocrx_word' id='word_1_452' title='bbox 2368 3228 2444 3283; x_wconf 87' lang='lat' dir='ltr'><strong>De</strong></span> <span class='ocrx_word' id='word_1_453' title='bbox 2470 3229 2549 3284; x_wconf 80' lang='lat' dir='ltr'><strong>his</strong></span> <span class='ocrx_word' id='word_1_454' title='bbox 2576 3228 2806 3285; x_wconf 77' lang='lat' dir='ltr'><strong>Manetis</strong></span> <span class='ocrx_word' id='word_1_455' title='bbox 2837 3232 3118 3285; x_wconf 78' lang='lat' dir='ltr'><strong>sententia.</strong></span> 
     </span>
    </p>
   </div>
   <div class='ocr_carea' id='block_1_64' title="bbox 688 3334 2194 3411">
    <p class='ocr_par' dir='ltr' id='par_1_64' title="bbox 688 3334 2194 3411">
     <span class='ocr_line' id='line_1_64' title="bbox 688 3334 2194 3411; baseline 0.001 -17"><span class='ocrx_word' id='word_1_456' title='bbox 688 3339 798 3394; x_wconf 77' lang='lat' dir='ltr'><strong>&quot;-Ille</strong></span> <span class='ocrx_word' id='word_1_457' title='bbox 827 3336 992 3409; x_wconf 80' lang='lat' dir='ltr'><strong>igitur</strong></span> <span class='ocrx_word' id='word_1_458' title='bbox 1023 3335 1187 3390; x_wconf 88' lang='lat' dir='ltr'><strong>etiam</strong></span> <span class='ocrx_word' id='word_1_459' title='bbox 1217 3334 1305 3390; x_wconf 89' lang='lat' dir='ltr'><strong>hic</strong></span> <span class='ocrx_word' id='word_1_460' title='bbox 1349 3335 1699 3392; x_wconf 90' lang='lat' dir='ltr'><strong>vehementer</strong></span> <span class='ocrx_word' id='word_1_461' title='bbox 1738 3353 1923 3393; x_wconf 90' lang='lat' dir='ltr'><strong>secum</strong></span> <span class='ocrx_word' id='word_1_462' title='bbox 1964 3350 2194 3411; x_wconf 89' lang='lat' dir='ltr'><strong>pugnat,</strong></span> 
     </span>
    </p>
   </div>
   <div class='ocr_carea' id='block_1_65' title="bbox 630 3425 2199 3498">
    <p class='ocr_par' dir='ltr' id='par_1_65' title="bbox 630 3425 2199 3498">
     <span class='ocr_line' id='line_1_65' title="bbox 630 3425 2199 3498; baseline 0.001 -12"><span class='ocrx_word' id='word_1_463' title='bbox 630 3443 906 3486; x_wconf 72' lang='lat' dir='ltr'><strong>accusans</strong></span> <span class='ocrx_word' id='word_1_464' title='bbox 933 3427 1194 3498; x_wconf 79' lang='lat' dir='ltr'><strong>graviter,</strong></span> <span class='ocrx_word' id='word_1_465' title='bbox 1237 3433 1292 3480; x_wconf 93' lang='lat' dir='ltr'><strong>et</strong></span> <span class='ocrx_word' id='word_1_466' title='bbox 1331 3425 1400 3479; x_wconf 89' lang='lat' dir='ltr'><strong>ad</strong></span> <span class='ocrx_word' id='word_1_467' title='bbox 1442 3428 1741 3497; x_wconf 87' lang='lat' dir='ltr'><strong>nequitiam</strong></span> <span class='ocrx_word' id='word_1_468' title='bbox 1800 3429 2042 3487; x_wconf 86' lang='lat' dir='ltr'><strong>referens</strong></span> <span class='ocrx_word' id='word_1_469' title='bbox 2082 3431 2199 3487; x_wconf 88' lang='lat' dir='ltr'><strong>fru-</strong></span> 
     </span>
    </p>
   </div>
   <div class='ocr_carea' id='block_1_66' title="bbox 633 3517 2197 3590">
    <p class='ocr_par' dir='ltr' id='par_1_66' title="bbox 633 3517 2197 3590">
     <span class='ocr_line' id='line_1_66' title="bbox 633 3517 2197 3590; baseline -0.001 -12"><span class='ocrx_word' id='word_1_470' title='bbox 633 3531 755 3578; x_wconf 90' lang='lat' dir='ltr'><strong>ctus</strong></span> <span class='ocrx_word' id='word_1_471' title='bbox 769 3529 939 3576; x_wconf 65' lang='lat' dir='ltr'><strong>terra:</strong></span> <span class='ocrx_word' id='word_1_472' title='bbox 961 3534 992 3572; x_wconf 92' lang='lat' dir='ltr'><strong>a</strong></span> <span class='ocrx_word' id='word_1_473' title='bbox 1013 3517 1128 3574; x_wconf 90' lang='lat' dir='ltr'><strong>sole</strong></span> <span class='ocrx_word' id='word_1_474' title='bbox 1159 3517 1401 3586; x_wconf 88' lang='lat' dir='ltr'><strong>alioquin</strong></span> <span class='ocrx_word' id='word_1_475' title='bbox 1421 3527 1635 3584; x_wconf 90' lang='lat' dir='ltr'><strong>auctos,</strong></span> <span class='ocrx_word' id='word_1_476' title='bbox 1654 3534 1815 3590; x_wconf 88' lang='lat' dir='ltr'><strong>quem</strong></span> <span class='ocrx_word' id='word_1_477' title='bbox 1844 3521 2001 3577; x_wconf 84' lang='lat' dir='ltr'><strong>valde</strong></span> <span class='ocrx_word' id='word_1_478' title='bbox 2019 3522 2197 3578; x_wconf 86' lang='lat' dir='ltr'><strong>admi-</strong></span> 
     </span>
    </p>
   </div>
   <div class='ocr_carea' id='block_1_67' title="bbox 631 3607 2197 3681">
    <p class='ocr_par' dir='ltr' id='par_1_67' title="bbox 631 3607 2197 3681">
     <span class='ocr_line' id='line_1_67' title="bbox 631 3607 2197 3681; baseline 0.001 -11"><span class='ocrx_word' id='word_1_479' title='bbox 631 3621 786 3671; x_wconf 83' lang='lat' dir='ltr'><strong>ratur</strong></span> <span class='ocrx_word' id='word_1_480' title='bbox 817 3621 872 3667; x_wconf 92' lang='lat' dir='ltr'><strong>et</strong></span> <span class='ocrx_word' id='word_1_481' title='bbox 914 3611 1166 3665; x_wconf 86' lang='lat' dir='ltr'><strong>honorat.</strong></span> <span class='ocrx_word' id='word_1_482' title='bbox 1211 3607 1416 3664; x_wconf 88' lang='lat' dir='ltr'><strong>Imbres</strong></span> <span class='ocrx_word' id='word_1_483' title='bbox 1454 3608 1586 3664; x_wconf 90' lang='lat' dir='ltr'><strong>dicit</strong></span> <span class='ocrx_word' id='word_1_484' title='bbox 1628 3626 1750 3668; x_wconf 89' lang='lat' dir='ltr'><strong>esse</strong></span> <span class='ocrx_word' id='word_1_485' title='bbox 1783 3611 2197 3681; x_wconf 85' lang='lat' dir='ltr'><strong>superﬂuentias</strong></span> 
     </span>
    </p>
   </div>
   <div class='ocr_carea' id='block_1_68' title="bbox 620 3701 2197 3777">
    <p class='ocr_par' dir='ltr' id='par_1_68' title="bbox 620 3701 2197 3777">
     <span class='ocr_line' id='line_1_68' title="bbox 620 3701 2197 3777; baseline 0.003 -21"><span class='ocrx_word' id='word_1_486' title='bbox 620 3705 924 3777; x_wconf 64' lang='lat' dir='ltr'><strong>praesidum</strong></span> <span class='ocrx_word' id='word_1_487' title='bbox 956 3702 1214 3766; x_wconf 71' lang='lat' dir='ltr'><strong>materiae,</strong></span> <span class='ocrx_word' id='word_1_488' title='bbox 1245 3701 1339 3772; x_wconf 90' lang='lat' dir='ltr'><strong>qui</strong></span> <span class='ocrx_word' id='word_1_489' title='bbox 1361 3717 1424 3757; x_wconf 82' lang='lat' dir='ltr'><strong>ex</strong></span> <span class='ocrx_word' id='word_1_490' title='bbox 1451 3716 1633 3758; x_wconf 92' lang='lat' dir='ltr'><strong>amore</strong></span> <span class='ocrx_word' id='word_1_491' title='bbox 1663 3703 1909 3757; x_wconf 86' lang='lat' dir='ltr'><strong>laborant</strong></span> <span class='ocrx_word' id='word_1_492' title='bbox 1936 3703 2197 3762; x_wconf 88' lang='lat' dir='ltr'><strong>adversus</strong></span> 
     </span>
    </p>
   </div>
   <div class='ocr_carea' id='block_1_69' title="bbox 616 3792 2192 3869">
    <p class='ocr_par' dir='ltr' id='par_1_69' title="bbox 616 3792 2192 3869">
     <span class='ocr_line' id='line_1_69' title="bbox 616 3792 2192 3869; baseline 0.003 -21"><span class='ocrx_word' id='word_1_493' title='bbox 616 3803 930 3869; x_wconf 81' lang='lat' dir='ltr'><strong>.pOtestates</strong></span> <span class='ocrx_word' id='word_1_494' title='bbox 972 3793 1132 3848; x_wconf 88' lang='lat' dir='ltr'><strong>boni:</strong></span> <span class='ocrx_word' id='word_1_495' title='bbox 1181 3792 1273 3862; x_wconf 91' lang='lat' dir='ltr'><strong>qui</strong></span> <span class='ocrx_word' id='word_1_496' title='bbox 1337 3807 1461 3847; x_wconf 90' lang='lat' dir='ltr'><strong>cum</strong></span> <span class='ocrx_word' id='word_1_497' title='bbox 1510 3795 1584 3848; x_wconf 89' lang='lat' dir='ltr'><strong>ita</strong></span> <span class='ocrx_word' id='word_1_498' title='bbox 1643 3794 1911 3858; x_wconf 88' lang='lat' dir='ltr'><strong>laborent,</strong></span> <span class='ocrx_word' id='word_1_499' title='bbox 1965 3796 2192 3852; x_wconf 87' lang='lat' dir='ltr'><strong>sudores</strong></span> 
     </span>
    </p>
   </div>
   <div class='ocr_carea' id='block_1_70' title="bbox 615 3882 2190 3957">
    <p class='ocr_par' dir='ltr' id='par_1_70' title="bbox 615 3882 2190 3957">
     <span class='ocr_line' id='line_1_70' title="bbox 615 3882 2190 3957; baseline -0.002 -15"><span class='ocrx_word' id='word_1_500' title='bbox 615 3903 822 3944; x_wconf 81' lang='lat' dir='ltr'><strong>eorum</strong></span> <span class='ocrx_word' id='word_1_501' title='bbox 855 3900 977 3941; x_wconf 91' lang='lat' dir='ltr'><strong>esse</strong></span> <span class='ocrx_word' id='word_1_502' title='bbox 1010 3882 1218 3950; x_wconf 86' lang='lat' dir='ltr'><strong>definit,</strong></span> <span class='ocrx_word' id='word_1_503' title='bbox 1255 3883 1309 3937; x_wconf 93' lang='lat' dir='ltr'><strong>id</strong></span> <span class='ocrx_word' id='word_1_504' title='bbox 1336 3883 1481 3954; x_wconf 91' lang='lat' dir='ltr'><strong>quod</strong></span> <span class='ocrx_word' id='word_1_505' title='bbox 1517 3883 1573 3938; x_wconf 91' lang='lat' dir='ltr'><strong>in</strong></span> <span class='ocrx_word' id='word_1_506' title='bbox 1616 3885 1718 3950; x_wconf 90' lang='lat' dir='ltr'><strong>eis,</strong></span> <span class='ocrx_word' id='word_1_507' title='bbox 1757 3893 1816 3940; x_wconf 94' lang='lat' dir='ltr'><strong>ut</strong></span> <span class='ocrx_word' id='word_1_508' title='bbox 1851 3885 1965 3955; x_wconf 92' lang='lat' dir='ltr'><strong>ipse</strong></span> <span class='ocrx_word' id='word_1_509' title='bbox 2014 3893 2190 3957; x_wconf 89' lang='lat' dir='ltr'><strong>putat,</strong></span> 
     </span>
    </p>
   </div>
   <div class='ocr_carea' id='block_1_71' title="bbox 614 3975 1282 4048">
    <p class='ocr_par' dir='ltr' id='par_1_71' title="bbox 614 3975 1282 4048">
     <span class='ocr_line' id='line_1_71' title="bbox 614 3975 1282 4048; baseline -0.012 -13"><span class='ocrx_word' id='word_1_510' title='bbox 614 3975 870 4035; x_wconf 74' lang='lat' dir='ltr'><strong>.abundat</strong></span> <span class='ocrx_word' id='word_1_511' title='bbox 901 3986 955 4032; x_wconf 88' lang='lat' dir='ltr'><strong>et</strong></span> <span class='ocrx_word' id='word_1_512' title='bbox 979 3975 1282 4048; x_wconf 85' lang='lat' dir='ltr'><strong>superfluit.</strong></span> 
     </span>
    </p>
   </div>
   <div class='ocr_carea' id='block_1_72' title="bbox 701 4069 2196 4140">
    <p class='ocr_par' dir='ltr' id='par_1_72' title="bbox 701 4069 2196 4140">
     <span class='ocr_line' id='line_1_72' title="bbox 701 4069 2196 4140; baseline 0 -16"><span class='ocrx_word' id='word_1_513' title='bbox 701 4069 904 4125; x_wconf 87' lang='lat' dir='ltr'><strong>Nititur</strong></span> <span class='ocrx_word' id='word_1_514' title='bbox 931 4071 1094 4125; x_wconf 86' lang='lat' dir='ltr'><strong>etiam</strong></span> <span class='ocrx_word' id='word_1_515' title='bbox 1124 4069 1341 4134; x_wconf 90' lang='lat' dir='ltr'><strong>docere,</strong></span> <span class='ocrx_word' id='word_1_516' title='bbox 1362 4085 1814 4140; x_wconf 82' lang='lat' dir='ltr'><strong>supervacaneos</strong></span> <span class='ocrx_word' id='word_1_517' title='bbox 1837 4085 1958 4126; x_wconf 91' lang='lat' dir='ltr'><strong>esse</strong></span> <span class='ocrx_word' id='word_1_518' title='bbox 1991 4069 2196 4124; x_wconf 83' lang='lat' dir='ltr'><strong>imbres</strong></span> 
     </span>
    </p>
   </div>
   <div class='ocr_carea' id='block_1_73' title="bbox 632 4160 2193 4231">
    <p class='ocr_par' dir='ltr' id='par_1_73' title="bbox 632 4160 2193 4231">
     <span class='ocr_line' id='line_1_73' title="bbox 632 4160 2193 4231; baseline -0.004 -12"><span class='ocrx_word' id='word_1_519' title='bbox 632 4166 688 4219; x_wconf 87' lang='lat' dir='ltr'><strong>in</strong></span> <span class='ocrx_word' id='word_1_520' title='bbox 709 4177 859 4216; x_wconf 87' lang='lat' dir='ltr'><strong>mare</strong></span> <span class='ocrx_word' id='word_1_521' title='bbox 886 4169 955 4217; x_wconf 61' lang='lat' dir='ltr'><strong>vet</strong></span> <span class='ocrx_word' id='word_1_522' title='bbox 1003 4163 1058 4216; x_wconf 92' lang='lat' dir='ltr'><strong>in</strong></span> <span class='ocrx_word' id='word_1_523' title='bbox 1094 4163 1214 4216; x_wconf 88' lang='lat' dir='ltr'><strong>loca</strong></span> <span class='ocrx_word' id='word_1_524' title='bbox 1253 4163 1367 4218; x_wconf 91' lang='lat' dir='ltr'><strong>sola</strong></span> <span class='ocrx_word' id='word_1_525' title='bbox 1404 4169 1475 4227; x_wconf 89' lang='lat' dir='ltr'><strong>_et</strong></span> <span class='ocrx_word' id='word_1_526' title='bbox 1511 4175 1630 4231; x_wconf 66' lang='lat' dir='ltr'><strong>quae</strong></span> <span class='ocrx_word' id='word_1_527' title='bbox 1680 4176 1791 4215; x_wconf 90' lang='lat' dir='ltr'><strong>non</strong></span> <span class='ocrx_word' id='word_1_528' title='bbox 1835 4160 2193 4224; x_wconf 85' lang='lat' dir='ltr'><strong>seminantur,</strong></span> 
     </span>
    </p>
   </div>
   <div class='ocr_carea' id='block_1_74' title="bbox 619 4249 2193 4319">
    <p class='ocr_par' dir='ltr' id='par_1_74' title="bbox 619 4249 2193 4319">
     <span class='ocr_line' id='line_1_74' title="bbox 619 4249 2193 4319; baseline -0.004 -11"><span class='ocrx_word' id='word_1_529' title='bbox 619 4249 945 4316; x_wconf 70' lang='lat' dir='ltr'><strong>elﬁuentes;</strong></span> <span class='ocrx_word' id='word_1_530' title='bbox 981 4257 1252 4319; x_wconf 85' lang='lat' dir='ltr'><strong>tanquam</strong></span> <span class='ocrx_word' id='word_1_531' title='bbox 1309 4249 1588 4304; x_wconf 86' lang='lat' dir='ltr'><strong>advenerit</strong></span> <span class='ocrx_word' id='word_1_532' title='bbox 1637 4249 1706 4303; x_wconf 88' lang='lat' dir='ltr'><strong>ad</strong></span> <span class='ocrx_word' id='word_1_533' title='bbox 1759 4249 2193 4305; x_wconf 86' lang='lat' dir='ltr'><strong>ratiocinandum</strong></span> 
     </span>
    </p>
   </div>
   <div class='ocr_carea' id='block_1_75' title="bbox 2371 3339 3794 3418">
    <p class='ocr_par' dir='ltr' id='par_1_75' title="bbox 2371 3339 3794 3418">
     <span class='ocr_line' id='line_1_75' title="bbox 2371 3339 3794 3418; baseline -0.014 -17"><span class='ocrx_word' id='word_1_534' title='bbox 2371 3346 2491 3417; x_wconf 71' lang='grc' dir='ltr'><strong>Ἆρ’</strong></span> <span class='ocrx_word' id='word_1_535' title='bbox 2535 3342 2627 3400; x_wconf 78' lang='grc' dir='ltr'><strong>οὖν</strong></span> <span class='ocrx_word' id='word_1_536' title='bbox 2661 3349 2865 3410; x_wconf 85' lang='grc' dir='ltr'>ἐκεῖνος</span> <span class='ocrx_word' id='word_1_537' title='bbox 2914 3348 3147 3418; x_wconf 80' lang='grc' dir='ltr'>ἰσχυρῶς</span> <span class='ocrx_word' id='word_1_538' title='bbox 3198 3346 3380 3418; x_wconf 83' lang='grc' dir='ltr'>ἐαυτῷ</span> <span class='ocrx_word' id='word_1_539' title='bbox 3429 3348 3521 3401; x_wconf 78' lang='grc' dir='ltr'><strong>καὶ</strong></span> <span class='ocrx_word' id='word_1_540' title='bbox 3564 3339 3651 3400; x_wconf 84' lang='grc' dir='ltr'>ὧδε</span> <span class='ocrx_word' id='word_1_541' title='bbox 3680 3345 3794 3414; x_wconf 74' lang='grc' dir='ltr'>μάχε.</span> 
     </span>
    </p>
   </div>
   <div class='ocr_carea' id='block_1_76' title="bbox 2295 3435 3792 3510">
    <p class='ocr_par' dir='ltr' id='par_1_76' title="bbox 2295 3435 3792 3510">
     <span class='ocr_line' id='line_1_76' title="bbox 2295 3435 3792 3510; baseline 0.002 -20"><span class='ocrx_word' id='word_1_542' title='bbox 2295 3453 2405 3500; x_wconf 91' lang='grc' dir='ltr'>ται,</span> <span class='ocrx_word' id='word_1_543' title='bbox 2448 3438 2660 3510; x_wconf 86' lang='grc' dir='ltr'>πικρῶς</span> <span class='ocrx_word' id='word_1_544' title='bbox 2707 3439 3005 3492; x_wconf 80' lang='grc' dir='ltr'>διαϐάλλων</span> <span class='ocrx_word' id='word_1_545' title='bbox 3060 3441 3142 3502; x_wconf 85' lang='grc' dir='ltr'><strong>είς</strong></span> <span class='ocrx_word' id='word_1_546' title='bbox 3185 3438 3387 3493; x_wconf 79' lang='grc' dir='ltr'>κακίαν</span> <span class='ocrx_word' id='word_1_547' title='bbox 3433 3439 3556 3502; x_wconf 78' lang='grc' dir='ltr'>τοὺς</span> <span class='ocrx_word' id='word_1_548' title='bbox 3601 3437 3690 3490; x_wconf 79' lang='grc' dir='ltr'>ἀπὸ</span> <span class='ocrx_word' id='word_1_549' title='bbox 3725 3435 3792 3504; x_wconf 78' lang='grc' dir='ltr'><strong>γῆς</strong></span> 
     </span>
    </p>
   </div>
   <div class='ocr_carea' id='block_1_77' title="bbox 2299 3527 3793 3602">
    <p class='ocr_par' dir='ltr' id='par_1_77' title="bbox 2299 3527 3793 3602">
     <span class='ocr_line' id='line_1_77' title="bbox 2299 3527 3793 3602; baseline -0.005 -19"><span class='ocrx_word' id='word_1_550' title='bbox 2299 3531 2562 3602; x_wconf 78' lang='grc' dir='ltr'>καρποὺς,</span> <span class='ocrx_word' id='word_1_551' title='bbox 2602 3530 2690 3584; x_wconf 85' lang='grc' dir='ltr'>διὰ</span> <span class='ocrx_word' id='word_1_552' title='bbox 2719 3531 2869 3602; x_wconf 79' lang='grc' dir='ltr'>ἡλίου</span> <span class='ocrx_word' id='word_1_553' title='bbox 2902 3547 2964 3599; x_wconf 90' lang='grc' dir='ltr'><strong>γε</strong></span> <span class='ocrx_word' id='word_1_554' title='bbox 3012 3531 3434 3602; x_wconf 78' lang='grc' dir='ltr'>αὐξανομένους,</span> <span class='ocrx_word' id='word_1_555' title='bbox 3470 3531 3526 3584; x_wconf 85' lang='grc' dir='ltr'>ὂν</span> <span class='ocrx_word' id='word_1_556' title='bbox 3557 3530 3676 3583; x_wconf 88' lang='grc' dir='ltr'>πάνυ</span> <span class='ocrx_word' id='word_1_557' title='bbox 3707 3527 3793 3578; x_wconf 75' lang='grc' dir='ltr'>θαν-</span> 
     </span>
    </p>
   </div>
   <div class='ocr_carea' id='block_1_78' title="bbox 2302 3613 3791 3694">
    <p class='ocr_par' dir='ltr' id='par_1_78' title="bbox 2302 3613 3791 3694">
     <span class='ocr_line' id='line_1_78' title="bbox 2302 3613 3791 3694; baseline -0.007 -18"><span class='ocrx_word' id='word_1_558' title='bbox 2302 3622 2457 3692; x_wconf 75' lang='grc' dir='ltr'>μάζει</span> <span class='ocrx_word' id='word_1_559' title='bbox 2485 3623 2578 3676; x_wconf 74' lang='grc' dir='ltr'><strong>καὶ</strong></span> <span class='ocrx_word' id='word_1_560' title='bbox 2605 3625 2758 3694; x_wconf 84' lang='grc' dir='ltr'>τιμᾷ.</span> <span class='ocrx_word' id='word_1_561' title='bbox 2791 3625 2928 3687; x_wconf 78' lang='grc' dir='ltr'>Τοὺς</span> <span class='ocrx_word' id='word_1_562' title='bbox 2968 3622 3026 3675; x_wconf 81' lang='grc' dir='ltr'><strong>δὲ</strong></span> <span class='ocrx_word' id='word_1_563' title='bbox 3063 3623 3299 3694; x_wconf 82' lang='grc' dir='ltr'>ὄμϐρους</span> <span class='ocrx_word' id='word_1_564' title='bbox 3346 3621 3674 3693; x_wconf 87' lang='grc' dir='ltr'>περιττὼσεις</span> <span class='ocrx_word' id='word_1_565' title='bbox 3695 3613 3791 3670; x_wconf 84' lang='grc' dir='ltr'>εἶναι</span> 
     </span>
    </p>
   </div>
   <div class='ocr_carea' id='block_1_79' title="bbox 2297 3706 3791 3785">
    <p class='ocr_par' dir='ltr' id='par_1_79' title="bbox 2297 3706 3791 3785">
     <span class='ocr_line' id='line_1_79' title="bbox 2297 3706 3791 3785; baseline 0.001 -21"><span class='ocrx_word' id='word_1_566' title='bbox 2297 3711 2488 3781; x_wconf 81' lang='grc' dir='ltr'>λέγων,</span> <span class='ocrx_word' id='word_1_567' title='bbox 2519 3711 2612 3766; x_wconf 74' lang='grc' dir='ltr'><strong>καὶ</strong></span> <span class='ocrx_word' id='word_1_568' title='bbox 2646 3712 2752 3766; x_wconf 86' lang='grc' dir='ltr'><strong>τῶν</strong></span> <span class='ocrx_word' id='word_1_569' title='bbox 2781 3713 3054 3784; x_wconf 78' lang='grc' dir='ltr'>ἀρχόντων</span> <span class='ocrx_word' id='word_1_570' title='bbox 3075 3715 3172 3784; x_wconf 83' lang='grc' dir='ltr'>τῆς</span> <span class='ocrx_word' id='word_1_571' title='bbox 3203 3713 3335 3785; x_wconf 90' lang='grc' dir='ltr'>ὕλης</span> <span class='ocrx_word' id='word_1_572' title='bbox 3361 3713 3680 3785; x_wconf 80' lang='grc' dir='ltr'>ἐρωτιὼντων</span> 
     </span>
    </p>
   </div>
   <div class='ocr_carea' id='block_1_80' title="bbox 2296 3802 3789 3876">
    <p class='ocr_par' dir='ltr' id='par_1_80' title="bbox 2296 3802 3789 3876">
     <span class='ocr_line' id='line_1_80' title="bbox 2296 3802 3789 3876; baseline 0.001 -18"><span class='ocrx_word' id='word_1_573' title='bbox 2296 3803 2394 3868; x_wconf 86' lang='grc' dir='ltr'>τὰς</span> <span class='ocrx_word' id='word_1_574' title='bbox 2426 3805 2518 3857; x_wconf 88' lang='grc' dir='ltr'><strong>τοῦ</strong></span> <span class='ocrx_word' id='word_1_575' title='bbox 2559 3805 2762 3873; x_wconf 81' lang='grc' dir='ltr'>ἀγαθοῦ</span> <span class='ocrx_word' id='word_1_576' title='bbox 2799 3805 3078 3876; x_wconf 85' lang='grc' dir='ltr'>δυνάμεις·</span> <span class='ocrx_word' id='word_1_577' title='bbox 3117 3805 3211 3859; x_wconf 68' lang='grc' dir='ltr'><strong>καὶ</strong></span> <span class='ocrx_word' id='word_1_578' title='bbox 3254 3805 3399 3860; x_wconf 82' lang='grc' dir='ltr'>οὕτω</span> <span class='ocrx_word' id='word_1_579' title='bbox 3434 3807 3495 3876; x_wconf 84' lang='grc' dir='ltr'>δὴ</span> <span class='ocrx_word' id='word_1_580' title='bbox 3525 3802 3789 3875; x_wconf 72' lang='grc' dir='ltr'>καμνόντων»</span> 
     </span>
    </p>
   </div>
   <div class='ocr_carea' id='block_1_81' title="bbox 2301 3891 3790 3968">
    <p class='ocr_par' dir='ltr' id='par_1_81' title="bbox 2301 3891 3790 3968">
     <span class='ocr_line' id='line_1_81' title="bbox 2301 3891 3790 3968; baseline -0.003 -20"><span class='ocrx_word' id='word_1_581' title='bbox 2301 3896 2527 3966; x_wconf 80' lang='grc' dir='ltr'>ἱδρῶτας</span> <span class='ocrx_word' id='word_1_582' title='bbox 2555 3897 2749 3960; x_wconf 82' lang='grc' dir='ltr'>αὐτοὺς</span> <span class='ocrx_word' id='word_1_583' title='bbox 2787 3893 2924 3950; x_wconf 79' lang='grc' dir='ltr'>εἶναι</span> <span class='ocrx_word' id='word_1_584' title='bbox 2961 3897 3326 3968; x_wconf 81' lang='grc' dir='ltr'>διοριζὸμενος</span> <span class='ocrx_word' id='word_1_585' title='bbox 3367 3899 3427 3951; x_wconf 87' lang='grc' dir='ltr'><strong>τὸ</strong></span> <span class='ocrx_word' id='word_1_586' title='bbox 3461 3897 3697 3968; x_wconf 80' lang='grc' dir='ltr'>παρέλκον</span> <span class='ocrx_word' id='word_1_587' title='bbox 3724 3891 3790 3944; x_wconf 77' lang='grc' dir='ltr'>αὑ-</span> 
     </span>
    </p>
   </div>
   <div class='ocr_carea' id='block_1_82' title="bbox 2299 3986 2944 4051">
    <p class='ocr_par' dir='ltr' id='par_1_82' title="bbox 2299 3986 2944 4051">
     <span class='ocr_line' id='line_1_82' title="bbox 2299 3986 2944 4051; baseline 0.006 -13"><span class='ocrx_word' id='word_1_588' title='bbox 2299 3986 2426 4050; x_wconf 88' lang='grc' dir='ltr'>τῶν,</span> <span class='ocrx_word' id='word_1_589' title='bbox 2455 3988 2532 4051; x_wconf 79' lang='grc' dir='ltr'>ὡς</span> <span class='ocrx_word' id='word_1_590' title='bbox 2565 3989 2725 4049; x_wconf 84' lang='grc' dir='ltr'>αὑτὸς</span> <span class='ocrx_word' id='word_1_591' title='bbox 2755 3989 2944 4042; x_wconf 75' lang='grc' dir='ltr'>οἴεται.</span> 
     </span>
    </p>
   </div>
   <div class='ocr_carea' id='block_1_83' title="bbox 2365 4071 3787 4150">
    <p class='ocr_par' dir='ltr' id='par_1_83' title="bbox 2365 4071 3787 4150">
     <span class='ocr_line' id='line_1_83' title="bbox 2365 4071 3787 4150; baseline -0.007 -19"><span class='ocrx_word' id='word_1_592' title='bbox 2365 4079 2474 4131; x_wconf 76' lang='grc' dir='ltr'><strong>Καὶ</strong></span> <span class='ocrx_word' id='word_1_593' title='bbox 2515 4077 2576 4130; x_wconf 88' lang='lat' dir='ltr'><strong>rb</strong></span> <span class='ocrx_word' id='word_1_594' title='bbox 2608 4078 2859 4150; x_wconf 79' lang='grc' dir='ltr'>περιττὸν</span> <span class='ocrx_word' id='word_1_595' title='bbox 2900 4080 3155 4150; x_wconf 83' lang='grc' dir='ltr'>πειρᾶται</span> <span class='ocrx_word' id='word_1_596' title='bbox 3199 4079 3490 4144; x_wconf 85' lang='grc' dir='ltr'>δεικνύναι,</span> <span class='ocrx_word' id='word_1_597' title='bbox 3521 4078 3577 4130; x_wconf 87' lang='grc' dir='ltr'>τὸ</span> <span class='ocrx_word' id='word_1_598' title='bbox 3615 4075 3691 4129; x_wconf 69' lang='grc' dir='ltr'>καὶ</span> <span class='ocrx_word' id='word_1_599' title='bbox 3721 4071 3787 4138; x_wconf 79' lang='grc' dir='ltr'>τὴν</span> 
     </span>
    </p>
   </div>
   <div class='ocr_carea' id='block_1_84' title="bbox 2297 4161 3784 4241">
    <p class='ocr_par' dir='ltr' id='par_1_84' title="bbox 2297 4161 3784 4241">
     <span class='ocr_line' id='line_1_84' title="bbox 2297 4161 3784 4241; baseline 0 -21"><span class='ocrx_word' id='word_1_600' title='bbox 2297 4167 2561 4222; x_wconf 82' lang='grc' dir='ltr'>θάλατταν</span> <span class='ocrx_word' id='word_1_601' title='bbox 2608 4170 2704 4222; x_wconf 72' lang='grc' dir='ltr'>καὶ</span> <span class='ocrx_word' id='word_1_602' title='bbox 2736 4170 2834 4240; x_wconf 85' lang='grc' dir='ltr'>τὴν</span> <span class='ocrx_word' id='word_1_603' title='bbox 2885 4170 3086 4241; x_wconf 84' lang='grc' dir='ltr'>ἔρημόν</span> <span class='ocrx_word' id='word_1_604' title='bbox 3127 4188 3186 4223; x_wconf 89' lang='grc' dir='ltr'><strong>τε</strong></span> <span class='ocrx_word' id='word_1_605' title='bbox 3233 4172 3326 4224; x_wconf 82' lang='grc' dir='ltr'><strong>καὶ</strong></span> <span class='ocrx_word' id='word_1_606' title='bbox 3374 4170 3597 4240; x_wconf 82' lang='grc' dir='ltr'>ἄσπορον</span> <span class='ocrx_word' id='word_1_607' title='bbox 3633 4161 3784 4220; x_wconf 79' lang='grc' dir='ltr'>ὕεσθαι.</span> 
     </span>
    </p>
   </div>
   <div class='ocr_carea' id='block_1_85' title="bbox 2296 4249 3784 4332">
    <p class='ocr_par' dir='ltr' id='par_1_85' title="bbox 2296 4249 3784 4332">
     <span class='ocr_line' id='line_1_85' title="bbox 2296 4249 3784 4332; baseline -0.004 -20"><span class='ocrx_word' id='word_1_608' title='bbox 2296 4259 2480 4330; x_wconf 75' lang='grc' dir='ltr'>ὥσπερ</span> <span class='ocrx_word' id='word_1_609' title='bbox 2503 4277 2589 4322; x_wconf 89' lang='grc' dir='ltr'><strong>τις</strong></span> <span class='ocrx_word' id='word_1_610' title='bbox 2634 4259 2864 4332; x_wconf 79' lang='grc' dir='ltr'>ἀκριϐὴς</span> <span class='ocrx_word' id='word_1_611' title='bbox 2897 4261 3148 4331; x_wconf 86' lang='grc' dir='ltr'>λογιστὴς</span> <span class='ocrx_word' id='word_1_612' title='bbox 3191 4260 3335 4315; x_wconf 83' lang='grc' dir='ltr'>κατὰ</span> <span class='ocrx_word' id='word_1_613' title='bbox 3379 4260 3508 4314; x_wconf 85' lang='grc' dir='ltr'>Θεοῦ</span> <span class='ocrx_word' id='word_1_614' title='bbox 3547 4249 3784 4328; x_wconf 71' lang='grc' dir='ltr'>παρελθὼν,</span> 
     </span>
    </p>
   </div>
   <div class='ocr_carea' id='block_1_86' title="bbox 631 4339 2196 4422">
    <p class='ocr_par' dir='ltr' id='par_1_86' title="bbox 631 4339 2192 4415">
     <span class='ocr_line' id='line_1_86' title="bbox 631 4339 2192 4415; baseline -0.002 -16"><span class='ocrx_word' id='word_1_615' title='bbox 631 4345 921 4415; x_wconf 80' lang='lat' dir='ltr'><strong>diligenter</strong></span> <span class='ocrx_word' id='word_1_616' title='bbox 948 4349 1140 4395; x_wconf 88' lang='lat' dir='ltr'><strong>contra</strong></span> <span class='ocrx_word' id='word_1_617' title='bbox 1162 4339 1540 4411; x_wconf 88' lang='lat' dir='ltr'><strong>Deum,-quasi</strong></span> <span class='ocrx_word' id='word_1_618' title='bbox 1575 4341 1779 4396; x_wconf 86' lang='lat' dir='ltr'><strong>frustra</strong></span> <span class='ocrx_word' id='word_1_619' title='bbox 1809 4350 1863 4398; x_wconf 87' lang='lat' dir='ltr'><strong>et</strong></span> <span class='ocrx_word' id='word_1_620' title='bbox 1888 4341 2109 4412; x_wconf 90' lang='lat' dir='ltr'><strong>profuse</strong></span> <span class='ocrx_word' id='word_1_621' title='bbox 2128 4357 2192 4396; x_wconf 91' lang='lat' dir='ltr'><strong>ac</strong></span> 
     </span>
    </p>
   </div>
   <div class='ocr_carea' id='block_1_87' title="bbox 2299 4339 3785 4422">
    <p class='ocr_par' dir='ltr' id='par_1_87' title="bbox 2299 4340 3785 4422">
     <span class='ocr_line' id='line_1_87' title="bbox 2299 4340 3785 4422; baseline -0.003 -20"><span class='ocrx_word' id='word_1_622' title='bbox 2299 4351 2366 4414; x_wconf 80' lang='grc' dir='ltr'>ὡς</span> <span class='ocrx_word' id='word_1_623' title='bbox 2401 4351 2576 4422; x_wconf 86' lang='grc' dir='ltr'>μάτην</span> <span class='ocrx_word' id='word_1_624' title='bbox 2607 4352 2698 4404; x_wconf 79' lang='grc' dir='ltr'><strong>καὶ</strong></span> <span class='ocrx_word' id='word_1_625' title='bbox 2727 4350 2948 4416; x_wconf 86' lang='grc' dir='ltr'>ἀσώτως</span> <span class='ocrx_word' id='word_1_626' title='bbox 2977 4352 3355 4416; x_wconf 90' lang='grc' dir='ltr'>ἀναλίσκοντος</span> <span class='ocrx_word' id='word_1_627' title='bbox 3386 4351 3488 4405; x_wconf 86' lang='grc' dir='ltr'><strong>τῶν</strong></span> <span class='ocrx_word' id='word_1_628' title='bbox 3522 4348 3698 4402; x_wconf 81' lang='grc' dir='ltr'>ὑδάτων</span> <span class='ocrx_word' id='word_1_629' title='bbox 3717 4340 3785 4407; x_wconf 76' lang='grc' dir='ltr'><strong>τὴν</strong></span> 
     </span>
    </p>
   </div>
   <div class='ocr_carea' id='block_1_88' title="bbox 628 4431 2192 4505">
    <p class='ocr_par' dir='ltr' id='par_1_88' title="bbox 628 4431 2192 4505">
     <span class='ocr_line' id='line_1_88' title="bbox 628 4431 2192 4505; baseline -0.003 -16"><span class='ocrx_word' id='word_1_630' title='bbox 628 4434 857 4505; x_wconf 88' lang='lat' dir='ltr'><strong>prodige</strong></span> <span class='ocrx_word' id='word_1_631' title='bbox 894 4447 1065 4503; x_wconf 88' lang='lat' dir='ltr'><strong>aquas</strong></span> <span class='ocrx_word' id='word_1_632' title='bbox 1096 4438 1402 4497; x_wconf 87' lang='lat' dir='ltr'><strong>consumat,</strong></span> <span class='ocrx_word' id='word_1_633' title='bbox 1425 4431 1519 4500; x_wconf 92' lang='lat' dir='ltr'><strong>qui</strong></span> <span class='ocrx_word' id='word_1_634' title='bbox 1556 4448 1664 4501; x_wconf 82' lang='lat' dir='ltr'><strong>prae</strong></span> <span class='ocrx_word' id='word_1_635' title='bbox 1707 4448 1919 4487; x_wconf 84' lang='lat' dir='ltr'><strong>summa</strong></span> <span class='ocrx_word' id='word_1_636' title='bbox 1956 4432 2192 4487; x_wconf 89' lang='lat' dir='ltr'><strong>amentia</strong></span> 
     </span>
    </p>
   </div>
   <div class='ocr_carea' id='block_1_89' title="bbox 630 4517 2192 4592">
    <p class='ocr_par' dir='ltr' id='par_1_89' title="bbox 630 4517 2192 4592">
     <span class='ocr_line' id='line_1_89' title="bbox 630 4517 2192 4592; baseline -0.004 -13"><span class='ocrx_word' id='word_1_637' title='bbox 630 4540 740 4579; x_wconf 89' lang='lat' dir='ltr'><strong>non</strong></span> <span class='ocrx_word' id='word_1_638' title='bbox 773 4523 941 4588; x_wconf 85' lang='lat' dir='ltr'><strong>videt,</strong></span> <span class='ocrx_word' id='word_1_639' title='bbox 969 4521 1100 4592; x_wconf 85' lang='lat' dir='ltr'><strong>quid</strong></span> <span class='ocrx_word' id='word_1_640' title='bbox 1131 4519 1301 4574; x_wconf 87' lang='lat' dir='ltr'><strong>Deum</strong></span> <span class='ocrx_word' id='word_1_641' title='bbox 1332 4519 1540 4574; x_wconf 90' lang='lat' dir='ltr'><strong>deceat.</strong></span> <span class='ocrx_word' id='word_1_642' title='bbox 1569 4517 1724 4584; x_wconf 88' lang='lat' dir='ltr'><strong>Quod</strong></span> <span class='ocrx_word' id='word_1_643' title='bbox 1764 4519 1810 4574; x_wconf 91' lang='lat' dir='ltr'><strong>si</strong></span> <span class='ocrx_word' id='word_1_644' title='bbox 1848 4518 1990 4574; x_wconf 91' lang='lat' dir='ltr'><strong>Deus</strong></span> <span class='ocrx_word' id='word_1_645' title='bbox 2034 4519 2192 4587; x_wconf 89' lang='lat' dir='ltr'><strong>inops</strong></span> 
     </span>
    </p>
   </div>
   <div class='ocr_carea' id='block_1_90' title="bbox 631 4609 2194 4687">
    <p class='ocr_par' dir='ltr' id='par_1_90' title="bbox 631 4609 2194 4687">
     <span class='ocr_line' id='line_1_90' title="bbox 631 4609 2194 4687; baseline -0.003 -18"><span class='ocrx_word' id='word_1_646' title='bbox 631 4631 894 4687; x_wconf 87' lang='lat' dir='ltr'><strong>aquarum</strong></span> <span class='ocrx_word' id='word_1_647' title='bbox 918 4623 1084 4678; x_wconf 86' lang='lat' dir='ltr'><strong>esset,</strong></span> <span class='ocrx_word' id='word_1_648' title='bbox 1124 4613 1327 4668; x_wconf 91' lang='lat' dir='ltr'><strong>faceret</strong></span> <span class='ocrx_word' id='word_1_649' title='bbox 1367 4610 1652 4680; x_wconf 83' lang='lat' dir='ltr'><strong>diligenter</strong></span> <span class='ocrx_word' id='word_1_650' title='bbox 1684 4617 1742 4664; x_wconf 92' lang='lat' dir='ltr'><strong>ut</strong></span> <span class='ocrx_word' id='word_1_651' title='bbox 1789 4609 2194 4664; x_wconf 90' lang='lat' dir='ltr'><strong>accommodate</strong></span> 
     </span>
    </p>
   </div>
   <div class='ocr_carea' id='block_1_91' title="bbox 631 4698 2190 4770">
    <p class='ocr_par' dir='ltr' id='par_1_91' title="bbox 631 4698 2190 4770">
     <span class='ocr_line' id='line_1_91' title="bbox 631 4698 2190 4770; baseline -0.001 -10"><span class='ocrx_word' id='word_1_652' title='bbox 631 4708 697 4761; x_wconf 87' lang='lat' dir='ltr'><strong>ad</strong></span> <span class='ocrx_word' id='word_1_653' title='bbox 732 4721 889 4762; x_wconf 88' lang='lat' dir='ltr'><strong>usum</strong></span> <span class='ocrx_word' id='word_1_654' title='bbox 907 4713 968 4760; x_wconf 87' lang='lat' dir='ltr'><strong>et</strong></span> <span class='ocrx_word' id='word_1_655' title='bbox 991 4705 1373 4760; x_wconf 89' lang='lat' dir='ltr'><strong>necessitatem</strong></span> <span class='ocrx_word' id='word_1_656' title='bbox 1405 4701 1707 4757; x_wconf 74' lang='lat' dir='ltr'><strong>efﬂuerent.</strong></span> <span class='ocrx_word' id='word_1_657' title='bbox 1735 4698 1851 4754; x_wconf 38' lang='lat' dir='ltr'><strong>«Sed</strong></span> <span class='ocrx_word' id='word_1_658' title='bbox 1880 4701 2008 4770; x_wconf 89' lang='lat' dir='ltr'><strong>quia</strong></span> <span class='ocrx_word' id='word_1_659' title='bbox 2039 4701 2190 4758; x_wconf 90' lang='lat' dir='ltr'><strong>dives</strong></span> 
     </span>
    </p>
   </div>
   <div class='ocr_carea' id='block_1_92' title="bbox 629 4792 2192 4866">
    <p class='ocr_par' dir='ltr' id='par_1_92' title="bbox 629 4792 2192 4866">
     <span class='ocr_line' id='line_1_92' title="bbox 629 4792 2192 4866; baseline -0.003 -14"><span class='ocrx_word' id='word_1_660' title='bbox 629 4805 734 4862; x_wconf 81' lang='lat' dir='ltr'><strong>est,</strong></span> <span class='ocrx_word' id='word_1_661' title='bbox 768 4804 822 4851; x_wconf 88' lang='lat' dir='ltr'><strong>et</strong></span> <span class='ocrx_word' id='word_1_662' title='bbox 857 4805 966 4850; x_wconf 93' lang='lat' dir='ltr'><strong>tam</strong></span> <span class='ocrx_word' id='word_1_663' title='bbox 992 4797 1164 4860; x_wconf 79' lang='lat' dir='ltr'><strong>dives,</strong></span> <span class='ocrx_word' id='word_1_664' title='bbox 1193 4803 1460 4866; x_wconf 89' lang='lat' dir='ltr'><strong>quantum</strong></span> <span class='ocrx_word' id='word_1_665' title='bbox 1502 4807 1666 4847; x_wconf 90' lang='lat' dir='ltr'><strong>nemo</strong></span> <span class='ocrx_word' id='word_1_666' title='bbox 1708 4792 1955 4847; x_wconf 88' lang='lat' dir='ltr'><strong>oratione</strong></span> <span class='ocrx_word' id='word_1_667' title='bbox 1998 4807 2192 4848; x_wconf 89' lang='lat' dir='ltr'><strong>conse-</strong></span> 
     </span>
    </p>
   </div>
   <div class='ocr_carea' id='block_1_93' title="bbox 631 4884 2190 4962">
    <p class='ocr_par' dir='ltr' id='par_1_93' title="bbox 631 4884 2190 4962">
     <span class='ocr_line' id='line_1_93' title="bbox 631 4884 2190 4962; baseline -0.003 -17"><span class='ocrx_word' id='word_1_668' title='bbox 631 4892 722 4962; x_wconf 91' lang='lat' dir='ltr'><strong>qui</strong></span> <span class='ocrx_word' id='word_1_669' title='bbox 749 4899 942 4961; x_wconf 83' lang='lat' dir='ltr'><strong>potest,</strong></span> <span class='ocrx_word' id='word_1_670' title='bbox 967 4889 1080 4943; x_wconf 68' lang='lat' dir='ltr'><strong>hazc</strong></span> <span class='ocrx_word' id='word_1_671' title='bbox 1115 4891 1229 4960; x_wconf 86' lang='lat' dir='ltr'><strong>ipsa</strong></span> <span class='ocrx_word' id='word_1_672' title='bbox 1261 4887 1544 4943; x_wconf 87' lang='lat' dir='ltr'><strong>abundans</strong></span> <span class='ocrx_word' id='word_1_673' title='bbox 1561 4887 1822 4941; x_wconf 91' lang='lat' dir='ltr'><strong>imbrium</strong></span> <span class='ocrx_word' id='word_1_674' title='bbox 1856 4884 2072 4940; x_wconf 81' lang='lat' dir='ltr'><strong>eflluxio</strong></span> <span class='ocrx_word' id='word_1_675' title='bbox 2093 4885 2190 4940; x_wconf 89' lang='lat' dir='ltr'><strong>de-</strong></span> 
     </span>
    </p>
   </div>
   <div class='ocr_carea' id='block_1_94' title="bbox 629 4975 2190 5050">
    <p class='ocr_par' dir='ltr' id='par_1_94' title="bbox 629 4975 2190 5050">
     <span class='ocr_line' id='line_1_94' title="bbox 629 4975 2190 5050; baseline -0.004 -13"><span class='ocrx_word' id='word_1_676' title='bbox 629 4989 900 5038; x_wconf 86' lang='lat' dir='ltr'><strong>monstrat</strong></span> <span class='ocrx_word' id='word_1_677' title='bbox 922 4995 1068 5034; x_wconf 90' lang='lat' dir='ltr'><strong>mare</strong></span> <span class='ocrx_word' id='word_1_678' title='bbox 1084 4995 1150 5035; x_wconf 81' lang='lat' dir='ltr'><strong>ex</strong></span> <span class='ocrx_word' id='word_1_679' title='bbox 1180 4995 1287 5050; x_wconf 86' lang='lat' dir='ltr'><strong>quo</strong></span> <span class='ocrx_word' id='word_1_680' title='bbox 1320 4995 1472 5050; x_wconf 65' lang='lat' dir='ltr'><strong>aquae</strong></span> <span class='ocrx_word' id='word_1_681' title='bbox 1501 4979 1558 5033; x_wconf 90' lang='lat' dir='ltr'><strong>in</strong></span> <span class='ocrx_word' id='word_1_682' title='bbox 1587 4992 1767 5033; x_wconf 88' lang='lat' dir='ltr'><strong>aerem</strong></span> <span class='ocrx_word' id='word_1_683' title='bbox 1804 4975 2072 5041; x_wconf 90' lang='lat' dir='ltr'><strong>feruntur,</strong></span> <span class='ocrx_word' id='word_1_684' title='bbox 2092 4992 2190 5046; x_wconf 89' lang='lat' dir='ltr'><strong>per</strong></span> 
     </span>
    </p>
   </div>
   <div class='ocr_carea' id='block_1_95' title="bbox 631 5070 2189 5142">
    <p class='ocr_par' dir='ltr' id='par_1_95' title="bbox 631 5070 2189 5142">
     <span class='ocr_line' id='line_1_95' title="bbox 631 5070 2189 5142; baseline -0.005 -12"><span class='ocrx_word' id='word_1_685' title='bbox 631 5074 833 5130; x_wconf 87' lang='lat' dir='ltr'><strong>imbres</strong></span> <span class='ocrx_word' id='word_1_686' title='bbox 848 5072 1091 5142; x_wconf 82' lang='lat' dir='ltr'><strong>irrigare.</strong></span> <span class='ocrx_word' id='word_1_687' title='bbox 1127 5071 1371 5127; x_wconf 90' lang='lat' dir='ltr'><strong>Solitudo</strong></span> <span class='ocrx_word' id='word_1_688' title='bbox 1396 5086 1525 5127; x_wconf 90' lang='lat' dir='ltr'><strong>vero</strong></span> <span class='ocrx_word' id='word_1_689' title='bbox 1560 5077 1613 5126; x_wconf 90' lang='lat' dir='ltr'><strong>et</strong></span> <span class='ocrx_word' id='word_1_690' title='bbox 1650 5070 1804 5126; x_wconf 92' lang='lat' dir='ltr'><strong>locus</strong></span> <span class='ocrx_word' id='word_1_691' title='bbox 1837 5070 1932 5140; x_wconf 91' lang='lat' dir='ltr'><strong>qui</strong></span> <span class='ocrx_word' id='word_1_692' title='bbox 1957 5085 2064 5124; x_wconf 88' lang='lat' dir='ltr'><strong>non</strong></span> <span class='ocrx_word' id='word_1_693' title='bbox 2095 5085 2189 5124; x_wconf 77' lang='lat' dir='ltr'><strong>ex-</strong></span> 
     </span>
    </p>
   </div>
   <div class='ocr_carea' id='block_1_96' title="bbox 630 5161 2188 5236">
    <p class='ocr_par' dir='ltr' id='par_1_96' title="bbox 630 5161 2188 5236">
     <span class='ocr_line' id='line_1_96' title="bbox 630 5161 2188 5236; baseline -0.004 -16"><span class='ocrx_word' id='word_1_694' title='bbox 630 5166 762 5236; x_wconf 87' lang='lat' dir='ltr'><strong>cipit</strong></span> <span class='ocrx_word' id='word_1_695' title='bbox 789 5179 994 5226; x_wconf 85' lang='lat' dir='ltr'><strong>semen,</strong></span> <span class='ocrx_word' id='word_1_696' title='bbox 1019 5164 1329 5217; x_wconf 87' lang='lat' dir='ltr'><strong>necessario</strong></span> <span class='ocrx_word' id='word_1_697' title='bbox 1365 5163 1600 5232; x_wconf 89' lang='lat' dir='ltr'><strong>pluviam</strong></span> <span class='ocrx_word' id='word_1_698' title='bbox 1634 5162 1836 5233; x_wconf 87' lang='lat' dir='ltr'><strong>accipit</strong></span> <span class='ocrx_word' id='word_1_699' title='bbox 1869 5161 1937 5215; x_wconf 87' lang='lat' dir='ltr'><strong>ad</strong></span> <span class='ocrx_word' id='word_1_700' title='bbox 1985 5177 2188 5231; x_wconf 82' lang='lat' dir='ltr'><strong>suppe-</strong></span> 
     </span>
    </p>
   </div>
   <div class='ocr_carea' id='block_1_97' title="bbox 626 5255 2184 5327">
    <p class='ocr_par' dir='ltr' id='par_1_97' title="bbox 626 5255 2184 5327">
     <span class='ocr_line' id='line_1_97' title="bbox 626 5255 2184 5327; baseline -0.001 -15"><span class='ocrx_word' id='word_1_701' title='bbox 626 5257 908 5312; x_wconf 83' lang='lat' dir='ltr'><strong>ditandum</strong></span> <span class='ocrx_word' id='word_1_702' title='bbox 955 5255 1214 5318; x_wconf 87' lang='lat' dir='ltr'><strong>fontibus,</strong></span> <span class='ocrx_word' id='word_1_703' title='bbox 1255 5264 1307 5310; x_wconf 91' lang='lat' dir='ltr'><strong>et</strong></span> <span class='ocrx_word' id='word_1_704' title='bbox 1346 5257 1638 5327; x_wconf 89' lang='lat' dir='ltr'><strong>aliquando</strong></span> <span class='ocrx_word' id='word_1_705' title='bbox 1683 5258 1787 5312; x_wconf 87' lang='lat' dir='ltr'><strong>iter</strong></span> <span class='ocrx_word' id='word_1_706' title='bbox 1837 5257 2184 5320; x_wconf 87' lang='lat' dir='ltr'><strong>facientibus,</strong></span> 
     </span>
    </p>
   </div>
   <div class='ocr_carea' id='block_1_98' title="bbox 627 5348 2186 5419">
    <p class='ocr_par' dir='ltr' id='par_1_98' title="bbox 627 5348 2186 5419">
     <span class='ocr_line' id='line_1_98' title="bbox 627 5348 2186 5419; baseline -0.003 -14"><span class='ocrx_word' id='word_1_707' title='bbox 627 5361 687 5405; x_wconf 88' lang='lat' dir='ltr'><strong>ut</strong></span> <span class='ocrx_word' id='word_1_708' title='bbox 715 5350 990 5405; x_wconf 85' lang='lat' dir='ltr'><strong>inveniant</strong></span> <span class='ocrx_word' id='word_1_709' title='bbox 1015 5363 1185 5418; x_wconf 89' lang='lat' dir='ltr'><strong>aquas</strong></span> <span class='ocrx_word' id='word_1_710' title='bbox 1224 5348 1500 5403; x_wconf 80' lang='lat' dir='ltr'><strong>collectas.</strong></span> <span class='ocrx_word' id='word_1_711' title='bbox 1525 5349 1766 5419; x_wconf 90' lang='lat' dir='ltr'><strong>Denique</strong></span> <span class='ocrx_word' id='word_1_712' title='bbox 1804 5357 1865 5403; x_wconf 87' lang='lat' dir='ltr'><strong>ut</strong></span> <span class='ocrx_word' id='word_1_713' title='bbox 1909 5358 2054 5403; x_wconf 88' lang='lat' dir='ltr'><strong>terra</strong></span> <span class='ocrx_word' id='word_1_714' title='bbox 2089 5363 2186 5402; x_wconf 84' lang='lat' dir='ltr'><strong>ex-</strong></span> 
     </span>
    </p>
   </div>
   <div class='ocr_carea' id='block_1_99' title="bbox 628 5436 2185 5514">
    <p class='ocr_par' dir='ltr' id='par_1_99' title="bbox 628 5436 2185 5514">
     <span class='ocr_line' id='line_1_99' title="bbox 628 5436 2185 5514; baseline -0.003 -16"><span class='ocrx_word' id='word_1_715' title='bbox 628 5461 752 5513; x_wconf 88' lang='lat' dir='ltr'><strong>pers</strong></span> <span class='ocrx_word' id='word_1_716' title='bbox 791 5445 984 5514; x_wconf 58' lang='lat' dir='ltr'><strong>pluvia</strong></span> <span class='ocrx_word' id='word_1_717' title='bbox 1017 5445 1130 5500; x_wconf 84' lang='lat' dir='ltr'><strong>sole</strong></span> <span class='ocrx_word' id='word_1_718' title='bbox 1176 5436 1410 5507; x_wconf 84' lang='lat' dir='ltr'><strong>arderet,</strong></span> <span class='ocrx_word' id='word_1_719' title='bbox 1449 5458 1558 5496; x_wconf 89' lang='lat' dir='ltr'><strong>non</strong></span> <span class='ocrx_word' id='word_1_720' title='bbox 1599 5445 1867 5512; x_wconf 90' lang='lat' dir='ltr'><strong>sancivit;</strong></span> <span class='ocrx_word' id='word_1_721' title='bbox 1921 5451 1979 5497; x_wconf 92' lang='lat' dir='ltr'><strong>ut</strong></span> <span class='ocrx_word' id='word_1_722' title='bbox 2014 5442 2185 5512; x_wconf 89' lang='lat' dir='ltr'><strong>pluri-</strong></span> 
     </span>
    </p>
   </div>
   <div class='ocr_carea' id='block_1_100' title="bbox 629 5532 2187 5607">
    <p class='ocr_par' dir='ltr' id='par_1_100' title="bbox 629 5532 2187 5607">
     <span class='ocr_line' id='line_1_100' title="bbox 629 5532 2187 5607; baseline -0.001 -21"><span class='ocrx_word' id='word_1_723' title='bbox 629 5551 775 5588; x_wconf 89' lang='lat' dir='ltr'><strong>mum</strong></span> <span class='ocrx_word' id='word_1_724' title='bbox 805 5538 947 5591; x_wconf 89' lang='lat' dir='ltr'><strong>enim</strong></span> <span class='ocrx_word' id='word_1_725' title='bbox 973 5545 1063 5592; x_wconf 88' lang='lat' dir='ltr'><strong>aut</strong></span> <span class='ocrx_word' id='word_1_726' title='bbox 1096 5534 1485 5607; x_wconf 54' lang='lat' dir='ltr'><strong>penxﬂumina,</strong></span> <span class='ocrx_word' id='word_1_727' title='bbox 1536 5543 1628 5594; x_wconf 90' lang='lat' dir='ltr'><strong>aut</strong></span> <span class='ocrx_word' id='word_1_728' title='bbox 1670 5551 1766 5604; x_wconf 89' lang='lat' dir='ltr'><strong>per</strong></span> <span class='ocrx_word' id='word_1_729' title='bbox 1808 5535 2007 5590; x_wconf 86' lang='lat' dir='ltr'><strong>imbres</strong></span> <span class='ocrx_word' id='word_1_730' title='bbox 2062 5532 2187 5587; x_wconf 88' lang='lat' dir='ltr'><strong>uni-</strong></span> 
     </span>
    </p>
   </div>
   <div class='ocr_carea' id='block_1_101' title="bbox 631 5626 1577 5696">
    <p class='ocr_par' dir='ltr' id='par_1_101' title="bbox 631 5626 1577 5696">
     <span class='ocr_line' id='line_1_101' title="bbox 631 5626 1577 5696; baseline -0.001 -16"><span class='ocrx_word' id='word_1_731' title='bbox 631 5642 784 5680; x_wconf 77' lang='lat' dir='ltr'><strong>versa</strong></span> <span class='ocrx_word' id='word_1_732' title='bbox 817 5637 958 5683; x_wconf 83' lang='lat' dir='ltr'><strong>terra</strong></span> <span class='ocrx_word' id='word_1_733' title='bbox 983 5645 1155 5687; x_wconf 84' lang='lat' dir='ltr'><strong>rorem</strong></span> <span class='ocrx_word' id='word_1_734' title='bbox 1184 5627 1337 5684; x_wconf 87' lang='lat' dir='ltr'><strong>aDeo</strong></span> <span class='ocrx_word' id='word_1_735' title='bbox 1365 5626 1577 5696; x_wconf 87' lang='lat' dir='ltr'><strong>accipit.</strong></span> 
     </span>
    </p>
   </div>
   <div class='ocr_carea' id='block_1_102' title="bbox 2292 4429 3785 4515">
    <p class='ocr_par' dir='ltr' id='par_1_102' title="bbox 2292 4429 3785 4515">
     <span class='ocr_line' id='line_1_102' title="bbox 2292 4429 3785 4515; baseline 0.001 -20"><span class='ocrx_word' id='word_1_736' title='bbox 2292 4442 2660 4515; x_wconf 85' lang='grc' dir='ltr'>παρασκευὴν,</span> <span class='ocrx_word' id='word_1_737' title='bbox 2715 4442 2779 4495; x_wconf 88' lang='grc' dir='ltr'>δι’</span> <span class='ocrx_word' id='word_1_738' title='bbox 2829 4443 3133 4514; x_wconf 80' lang='grc' dir='ltr'>ἀκροτάτην</span> <span class='ocrx_word' id='word_1_739' title='bbox 3161 4442 3343 4496; x_wconf 80' lang='grc' dir='ltr'>ἄνοιαν</span> <span class='ocrx_word' id='word_1_740' title='bbox 3382 4443 3442 4496; x_wconf 87' lang='lat' dir='ltr'><strong>rb</strong></span> <span class='ocrx_word' id='word_1_741' title='bbox 3484 4440 3667 4512; x_wconf 84' lang='grc' dir='ltr'>πρέπον</span> <span class='ocrx_word' id='word_1_742' title='bbox 3702 4429 3785 4497; x_wconf 79' lang='grc' dir='ltr'><strong>Θεῷ</strong></span> 
     </span>
    </p>
   </div>
   <div class='ocr_carea' id='block_1_103' title="bbox 2293 4524 3784 4606">
    <p class='ocr_par' dir='ltr' id='par_1_103' title="bbox 2293 4524 3784 4606">
     <span class='ocr_line' id='line_1_103' title="bbox 2293 4524 3784 4606; baseline -0.007 -18"><span class='ocrx_word' id='word_1_743' title='bbox 2293 4535 2366 4606; x_wconf 82' lang='grc' dir='ltr'><strong>μὴ</strong></span> <span class='ocrx_word' id='word_1_744' title='bbox 2403 4533 2631 4602; x_wconf 84' lang='grc' dir='ltr'>βλέπων.</span> <span class='ocrx_word' id='word_1_745' title='bbox 2686 4534 2793 4602; x_wconf 84' lang='grc' dir='ltr'>Ὧς,</span> <span class='ocrx_word' id='word_1_746' title='bbox 2821 4537 2868 4587; x_wconf 89' lang='grc' dir='ltr'>εἰ</span> <span class='ocrx_word' id='word_1_747' title='bbox 2905 4534 3002 4606; x_wconf 83' lang='grc' dir='ltr'><strong>μὲν</strong></span> <span class='ocrx_word' id='word_1_748' title='bbox 3045 4534 3318 4606; x_wconf 86' lang='grc' dir='ltr'>ἐπτώχευε</span> <span class='ocrx_word' id='word_1_749' title='bbox 3359 4537 3468 4598; x_wconf 86' lang='grc' dir='ltr'>τοῖς</span> <span class='ocrx_word' id='word_1_750' title='bbox 3495 4533 3634 4586; x_wconf 84' lang='grc' dir='ltr'>ὕδασι</span> <span class='ocrx_word' id='word_1_751' title='bbox 3674 4524 3784 4584; x_wconf 72' lang='grc' dir='ltr'><strong>Θεὸς.</strong></span> 
     </span>
    </p>
   </div>
   <div class='ocr_carea' id='block_1_104' title="bbox 2290 4615 3783 4700">
    <p class='ocr_par' dir='ltr' id='par_1_104' title="bbox 2290 4615 3783 4700">
     <span class='ocr_line' id='line_1_104' title="bbox 2290 4615 3783 4700; baseline -0.004 -22"><span class='ocrx_word' id='word_1_752' title='bbox 2290 4627 2489 4698; x_wconf 82' lang='grc' dir='ltr'>ἀκριϐῆ</span> <span class='ocrx_word' id='word_1_753' title='bbox 2517 4628 2610 4680; x_wconf 79' lang='grc' dir='ltr'><strong>καὶ</strong></span> <span class='ocrx_word' id='word_1_754' title='bbox 2631 4630 2696 4699; x_wconf 85' lang='grc' dir='ltr'>τῇ</span> <span class='ocrx_word' id='word_1_755' title='bbox 2737 4627 2895 4700; x_wconf 70' lang='grc' dir='ltr'>χρείᾳ</span> <span class='ocrx_word' id='word_1_756' title='bbox 2930 4627 3239 4700; x_wconf 87' lang='grc' dir='ltr'>σύμμετρον</span> <span class='ocrx_word' id='word_1_757' title='bbox 3266 4631 3494 4682; x_wconf 83' lang='grc' dir='ltr'>ἐποιεῖτο</span> <span class='ocrx_word' id='word_1_758' title='bbox 3521 4624 3694 4678; x_wconf 86' lang='grc' dir='ltr'>τούτων</span> <span class='ocrx_word' id='word_1_759' title='bbox 3717 4615 3783 4682; x_wconf 67' lang='grc' dir='ltr'><strong>τὴν</strong></span> 
     </span>
    </p>
   </div>
   <div class='ocr_carea' id='block_1_105' title="bbox 2291 4707 3782 4788">
    <p class='ocr_par' dir='ltr' id='par_1_105' title="bbox 2291 4707 3782 4788">
     <span class='ocr_line' id='line_1_105' title="bbox 2291 4707 3782 4788; baseline -0.005 -20"><span class='ocrx_word' id='word_1_760' title='bbox 2291 4717 2525 4769; x_wconf 75' lang='grc' dir='ltr'>ἐπίδοσιν</span> <span class='ocrx_word' id='word_1_761' title='bbox 2543 4733 2557 4747; x_wconf 74' lang='grc' dir='ltr'><strong>ο</strong></span> <span class='ocrx_word' id='word_1_762' title='bbox 2597 4717 2784 4788; x_wconf 84' lang='grc' dir='ltr'>ἐπειδὴ</span> <span class='ocrx_word' id='word_1_763' title='bbox 2817 4717 2875 4768; x_wconf 85' lang='grc' dir='ltr'><strong>δὲ</strong></span> <span class='ocrx_word' id='word_1_764' title='bbox 2905 4717 3144 4782; x_wconf 89' lang='grc' dir='ltr'>πλουτεῖ,</span> <span class='ocrx_word' id='word_1_765' title='bbox 3182 4717 3274 4771; x_wconf 74' lang='grc' dir='ltr'>καὶ</span> <span class='ocrx_word' id='word_1_766' title='bbox 3301 4718 3421 4770; x_wconf 82' lang='grc' dir='ltr'>ὅσον</span> <span class='ocrx_word' id='word_1_767' title='bbox 3454 4731 3512 4784; x_wconf 86' lang='grc' dir='ltr'><strong>γε</strong></span> <span class='ocrx_word' id='word_1_768' title='bbox 3543 4713 3630 4765; x_wconf 88' lang='grc' dir='ltr'><strong>οὑκ</strong></span> <span class='ocrx_word' id='word_1_769' title='bbox 3655 4707 3706 4761; x_wconf 81' lang='grc' dir='ltr'>ἄν</span> <span class='ocrx_word' id='word_1_770' title='bbox 3726 4716 3782 4762; x_wconf 86' lang='grc' dir='ltr'>τις</span> 
     </span>
    </p>
   </div>
   <div class='ocr_carea' id='block_1_106' title="bbox 2291 4803 3782 4876">
    <p class='ocr_par' dir='ltr' id='par_1_106' title="bbox 2291 4803 3782 4876">
     <span class='ocr_line' id='line_1_106' title="bbox 2291 4803 3782 4876; baseline -0.003 -16"><span class='ocrx_word' id='word_1_771' title='bbox 2291 4809 2462 4860; x_wconf 74' lang='grc' dir='ltr'>εἰπεῖν</span> <span class='ocrx_word' id='word_1_772' title='bbox 2481 4805 2722 4873; x_wconf 82' lang='grc' dir='ltr'>δύναιτο,</span> <span class='ocrx_word' id='word_1_773' title='bbox 2765 4809 2894 4862; x_wconf 90' lang='grc' dir='ltr'>αὑτό</span> <span class='ocrx_word' id='word_1_774' title='bbox 2928 4825 2990 4876; x_wconf 92' lang='grc' dir='ltr'><strong>γε</strong></span> <span class='ocrx_word' id='word_1_775' title='bbox 3019 4808 3174 4861; x_wconf 82' lang='grc' dir='ltr'>τοῦτο</span> <span class='ocrx_word' id='word_1_776' title='bbox 3203 4806 3264 4860; x_wconf 85' lang='grc' dir='ltr'><strong>τὸ</strong></span> <span class='ocrx_word' id='word_1_777' title='bbox 3292 4807 3512 4876; x_wconf 79' lang='grc' dir='ltr'>ἄφθονον</span> <span class='ocrx_word' id='word_1_778' title='bbox 3536 4803 3625 4872; x_wconf 84' lang='grc' dir='ltr'>τῆς</span> <span class='ocrx_word' id='word_1_779' title='bbox 3655 4809 3782 4865; x_wconf 59' lang='grc' dir='ltr'>παρ’</span> 
     </span>
    </p>
   </div>
   <div class='ocr_carea' id='block_1_107' title="bbox 2292 4880 3782 4968">
    <p class='ocr_par' dir='ltr' id='par_1_107' title="bbox 2292 4880 3782 4968">
     <span class='ocr_line' id='line_1_107' title="bbox 2292 4880 3782 4968; baseline -0.001 -16"><span class='ocrx_word' id='word_1_780' title='bbox 2292 4899 2488 4968; x_wconf 84' lang='grc' dir='ltr'>σκευῆς</span> <span class='ocrx_word' id='word_1_781' title='bbox 2525 4898 2784 4963; x_wconf 80' lang='grc' dir='ltr'>δείκνυσι,</span> <span class='ocrx_word' id='word_1_782' title='bbox 2825 4897 2886 4951; x_wconf 91' lang='lat' dir='ltr'><strong>rb</strong></span> <span class='ocrx_word' id='word_1_783' title='bbox 2917 4898 3010 4952; x_wconf 80' lang='grc' dir='ltr'>καὶ</span> <span class='ocrx_word' id='word_1_784' title='bbox 3049 4897 3333 4962; x_wconf 87' lang='grc' dir='ltr'>θάλατταν,</span> <span class='ocrx_word' id='word_1_785' title='bbox 3364 4897 3454 4965; x_wconf 88' lang='grc' dir='ltr'>ἀφ’</span> <span class='ocrx_word' id='word_1_786' title='bbox 3490 4889 3552 4964; x_wconf 84' lang='grc' dir='ltr'>ἧς</span> <span class='ocrx_word' id='word_1_787' title='bbox 3580 4880 3782 4951; x_wconf 74' lang='grc' dir='ltr'><strong>ἀνακομί’</strong></span> 
     </span>
    </p>
   </div>
   <div class='ocr_carea' id='block_1_108' title="bbox 2291 4970 3779 5060">
    <p class='ocr_par' dir='ltr' id='par_1_108' title="bbox 2291 4970 3779 5060">
     <span class='ocr_line' id='line_1_108' title="bbox 2291 4970 3779 5060; baseline -0.02 -3"><span class='ocrx_word' id='word_1_788' title='bbox 2291 4990 2372 5053; x_wconf 72' lang='grc' dir='ltr'><strong>ζει</strong></span> <span class='ocrx_word' id='word_1_789' title='bbox 2415 4987 2549 5060; x_wconf 76' lang='grc' dir='ltr'>πρὸς</span> <span class='ocrx_word' id='word_1_790' title='bbox 2594 4988 2732 5060; x_wconf 82' lang='grc' dir='ltr'>ἀέρα</span> <span class='ocrx_word' id='word_1_791' title='bbox 2779 4989 2847 5042; x_wconf 80' lang='grc' dir='ltr'><strong>τά</strong></span> <span class='ocrx_word' id='word_1_792' title='bbox 2899 4988 3081 5051; x_wconf 87' lang='grc' dir='ltr'>ὕδατα,</span> <span class='ocrx_word' id='word_1_793' title='bbox 3121 4988 3207 5042; x_wconf 88' lang='grc' dir='ltr'><strong>διά</strong></span> <span class='ocrx_word' id='word_1_794' title='bbox 3254 4987 3426 5055; x_wconf 88' lang='grc' dir='ltr'>νεφῶν</span> <span class='ocrx_word' id='word_1_795' title='bbox 3472 4981 3700 5054; x_wconf 83' lang='grc' dir='ltr'>ἀρδεύειν.</span> <span class='ocrx_word' id='word_1_796' title='bbox 3739 4970 3779 5022; x_wconf 84' lang='grc' dir='ltr'><strong><em>Ἦ</em></strong></span> 
     </span>
    </p>
   </div>
   <div class='ocr_carea' id='block_1_109' title="bbox 2289 5070 3769 5151">
    <p class='ocr_par' dir='ltr' id='par_1_109' title="bbox 2289 5070 3769 5151">
     <span class='ocr_line' id='line_1_109' title="bbox 2289 5070 3769 5151; baseline -0.007 -18"><span class='ocrx_word' id='word_1_797' title='bbox 2289 5081 2342 5133; x_wconf 84' lang='grc' dir='ltr'>δὲ</span> <span class='ocrx_word' id='word_1_798' title='bbox 2379 5080 2580 5151; x_wconf 84' lang='grc' dir='ltr'>ἔρημός</span> <span class='ocrx_word' id='word_1_799' title='bbox 2600 5097 2660 5131; x_wconf 89' lang='grc' dir='ltr'><strong>τε</strong></span> <span class='ocrx_word' id='word_1_800' title='bbox 2694 5079 2784 5132; x_wconf 61' lang='grc' dir='ltr'><strong>καἸ⁵</strong></span> <span class='ocrx_word' id='word_1_801' title='bbox 2811 5079 3048 5149; x_wconf 81' lang='grc' dir='ltr'>ἄσπορος</span> <span class='ocrx_word' id='word_1_802' title='bbox 3080 5077 3386 5146; x_wconf 84' lang='grc' dir='ltr'>ἀναγκαίως</span> <span class='ocrx_word' id='word_1_803' title='bbox 3413 5076 3556 5129; x_wconf 87' lang='grc' dir='ltr'>ὕεται</span> <span class='ocrx_word' id='word_1_804' title='bbox 3581 5070 3694 5140; x_wconf 62' lang='lat'><strong>7:95;</strong></span> <span class='ocrx_word' id='word_1_805' title='bbox 3715 5079 3769 5134; x_wconf 71' lang='grc' dir='ltr'><strong>χτ-</strong></span> 
     </span>
    </p>
   </div>
   <div class='ocr_carea' id='block_1_110' title="bbox 2293 5154 3777 5245">
    <p class='ocr_par' dir='ltr' id='par_1_110' title="bbox 2293 5154 3777 5245">
     <span class='ocr_line' id='line_1_110' title="bbox 2293 5154 3777 5245; baseline -0.011 -19"><span class='ocrx_word' id='word_1_806' title='bbox 2293 5174 2485 5245; x_wconf 81' lang='grc' dir='ltr'>ρηγίαν</span> <span class='ocrx_word' id='word_1_807' title='bbox 2531 5171 2720 5243; x_wconf 87' lang='grc' dir='ltr'>πηγῶν</span> <span class='ocrx_word' id='word_1_808' title='bbox 2742 5189 2754 5200; x_wconf 77' lang='grc'><strong><em>⁸</em></strong></span> <span class='ocrx_word' id='word_1_809' title='bbox 2798 5172 2912 5224; x_wconf 82' lang='grc' dir='ltr'>ἔστι</span> <span class='ocrx_word' id='word_1_810' title='bbox 2953 5171 3009 5222; x_wconf 82' lang='grc' dir='ltr'>δὲ</span> <span class='ocrx_word' id='word_1_811' title='bbox 3042 5171 3128 5223; x_wconf 83' lang='grc' dir='ltr'><strong>ὅτε</strong></span> <span class='ocrx_word' id='word_1_812' title='bbox 3160 5172 3388 5233; x_wconf 76' lang='grc' dir='ltr'>καὶτοῖς</span> <span class='ocrx_word' id='word_1_813' title='bbox 3425 5163 3695 5237; x_wconf 85' lang='grc' dir='ltr'>παριοῦσιν,</span> <span class='ocrx_word' id='word_1_814' title='bbox 3725 5154 3777 5211; x_wconf 83' lang='grc' dir='ltr'>ὡς</span> 
     </span>
    </p>
   </div>
   <div class='ocr_carea' id='block_1_111' title="bbox 2291 5244 3774 5332">
    <p class='ocr_par' dir='ltr' id='par_1_111' title="bbox 2291 5244 3774 5332">
     <span class='ocr_line' id='line_1_111' title="bbox 2291 5244 3774 5332; baseline -0.01 -14"><span class='ocrx_word' id='word_1_815' title='bbox 2291 5265 2356 5318; x_wconf 83' lang='grc' dir='ltr'><strong>ἂν</strong></span> <span class='ocrx_word' id='word_1_816' title='bbox 2400 5266 2492 5317; x_wconf 69' lang='grc' dir='ltr'><strong>καὶ</strong></span> <span class='ocrx_word' id='word_1_817' title='bbox 2539 5263 2690 5316; x_wconf 86' lang='grc' dir='ltr'>αὐτοί</span> <span class='ocrx_word' id='word_1_818' title='bbox 2744 5279 2806 5331; x_wconf 91' lang='grc' dir='ltr'><strong>γε</strong></span> <span class='ocrx_word' id='word_1_819' title='bbox 2847 5260 3054 5332; x_wconf 77' lang='grc' dir='ltr'>εὕροιεν</span> <span class='ocrx_word' id='word_1_820' title='bbox 3093 5261 3298 5316; x_wconf 84' lang='grc' dir='ltr'>ὑδάτων</span> <span class='ocrx_word' id='word_1_821' title='bbox 3349 5259 3658 5328; x_wconf 84' lang='grc' dir='ltr'>συστήματα.</span> <span class='ocrx_word' id='word_1_822' title='bbox 3698 5244 3774 5300; x_wconf 70' lang='grc' dir='ltr'><strong>Καὶ</strong></span> 
     </span>
    </p>
   </div>
   <div class='ocr_carea' id='block_1_112' title="bbox 2289 5347 3772 5427">
    <p class='ocr_par' dir='ltr' id='par_1_112' title="bbox 2289 5347 3772 5427">
     <span class='ocr_line' id='line_1_112' title="bbox 2289 5347 3772 5427; baseline -0.011 -17"><span class='ocrx_word' id='word_1_823' title='bbox 2289 5359 2422 5420; x_wconf 77' lang='grc' dir='ltr'>ὅλως</span> <span class='ocrx_word' id='word_1_824' title='bbox 2461 5357 2688 5427; x_wconf 82' lang='grc' dir='ltr'>ἄϐροχον</span> <span class='ocrx_word' id='word_1_825' title='bbox 2721 5355 2824 5425; x_wconf 74' lang='grc' dir='ltr'>γῆν</span> <span class='ocrx_word' id='word_1_826' title='bbox 2855 5356 2985 5426; x_wconf 80' lang='grc' dir='ltr'>ἡλίῳ</span> <span class='ocrx_word' id='word_1_827' title='bbox 3018 5354 3307 5424; x_wconf 86' lang='grc' dir='ltr'>φλέγεσθαι</span> <span class='ocrx_word' id='word_1_828' title='bbox 3343 5353 3494 5424; x_wconf 87' lang='grc' dir='ltr'>μόνον</span> <span class='ocrx_word' id='word_1_829' title='bbox 3529 5347 3584 5402; x_wconf 75' lang='grc' dir='ltr'><strong>οὑ</strong></span> <span class='ocrx_word' id='word_1_830' title='bbox 3610 5352 3772 5427; x_wconf 61' lang='grc' dir='ltr'>νενομο-</span> 
     </span>
    </p>
   </div>
   <div class='ocr_carea' id='block_1_113' title="bbox 2290 5424 3772 5516">
    <p class='ocr_par' dir='ltr' id='par_1_113' title="bbox 2290 5424 3772 5516">
     <span class='ocr_line' id='line_1_113' title="bbox 2290 5424 3772 5516; baseline -0.005 -17"><span class='ocrx_word' id='word_1_831' title='bbox 2290 5447 2512 5516; x_wconf 83' lang='grc' dir='ltr'>θέτηκεν</span> <span class='ocrx_word' id='word_1_832' title='bbox 2662 5447 2751 5498; x_wconf 74' lang='grc' dir='ltr'>ἐπὶ</span> <span class='ocrx_word' id='word_1_833' title='bbox 2784 5424 2846 5497; x_wconf 83' lang='grc' dir='ltr'><strong>τὸ</strong></span> <span class='ocrx_word' id='word_1_834' title='bbox 2876 5424 3048 5498; x_wconf 84' lang='grc' dir='ltr'>πολύ·</span> <span class='ocrx_word' id='word_1_835' title='bbox 3087 5446 3118 5513; x_wconf 80' lang='grc' dir='ltr'><strong>ἡ</strong></span> <span class='ocrx_word' id='word_1_836' title='bbox 3153 5444 3256 5515; x_wconf 82' lang='grc' dir='ltr'>γὰρ</span> <span class='ocrx_word' id='word_1_837' title='bbox 3282 5443 3366 5495; x_wconf 88' lang='grc' dir='ltr'><strong>διά</strong></span> <span class='ocrx_word' id='word_1_838' title='bbox 3400 5434 3636 5507; x_wconf 86' lang='grc' dir='ltr'>ποταμῶν</span> <span class='ocrx_word' id='word_1_839' title='bbox 3661 5429 3686 5497; x_wconf 82' lang='grc' dir='ltr'>ἢ</span> <span class='ocrx_word' id='word_1_840' title='bbox 3708 5424 3772 5492; x_wconf 66' lang='lat' dir='ltr'><strong>5i&quot;</strong></span> 
     </span>
    </p>
   </div>
   <div class='ocr_carea' id='block_1_114' title="bbox 2289 5528 3582 5608">
    <p class='ocr_par' dir='ltr' id='par_1_114' title="bbox 2289 5528 3582 5608">
     <span class='ocr_line' id='line_1_114' title="bbox 2289 5528 3582 5608; baseline -0.01 -17"><span class='ocrx_word' id='word_1_841' title='bbox 2289 5539 2432 5608; x_wconf 85' lang='grc' dir='ltr'>ϐρων</span> <span class='ocrx_word' id='word_1_842' title='bbox 2464 5538 2650 5591; x_wconf 82' lang='grc' dir='ltr'>ἆπασα</span> <span class='ocrx_word' id='word_1_843' title='bbox 2675 5537 2742 5607; x_wconf 82' lang='grc' dir='ltr'>γῆ</span> <span class='ocrx_word' id='word_1_844' title='bbox 2775 5536 2906 5608; x_wconf 75' lang='grc' dir='ltr'>πρὸς</span> <span class='ocrx_word' id='word_1_845' title='bbox 2936 5537 3068 5590; x_wconf 82' lang='grc' dir='ltr'>Θεοῦ</span> <span class='ocrx_word' id='word_1_846' title='bbox 3092 5535 3293 5598; x_wconf 86' lang='grc' dir='ltr'>νοτίδος</span> <span class='ocrx_word' id='word_1_847' title='bbox 3320 5528 3582 5586; x_wconf 85' lang='grc' dir='ltr'>ἀπολαύει.</span> 
     </span>
    </p>
   </div>
  </div>
