4038 6288
314 273 450 329 “97

1383 267 1744 326 ADVERSUS
1798 267 2218 324 MANICIUEOS
2254 269 2381 326 LIB.
2425 269 2487 324 li.

3401 277 3538 332 “98

384 365 508 420 Εἴτε
540 363 718 417 τοίνυν
751 363 822 435 μὴ
861 362 1060 434 βρέχοι,
1093 363 1377 436 πρόχειρος
1412 363 1491 426 είς
1525 361 1868 434 βλασφημίαν

2049 361 2174 418 Sive
2197 362 2360 432 igitur
2391 378 2498 417 non
2541 362 2712 433 piuat,
2762 370 2959 433 pra'sto
2987 371 3070 419 est
3119 363 3446 424 Manichacus
3486 379 3540 426 et

310 460 339 512 ό
371 456 532 527 ἀνὴρ,
562 454 656 508 καὶ
681 454 730 505 οἱ
760 452 817 516 ἐξ
849 452 1086 505 ἐκείνουο
1117 454 1224 506 εἴτε
1252 453 1452 525 βρέχοι,
1481 453 1580 506 ούκ
1606 453 1878 524 ἀναχωρεῖ

312 547 405 601 τοῦ
439 548 615 618 μάτην
658 545 930 598 αἰτιᾶσθαι
975 545 1068 598 καὶ
1107 544 1408 598 διαϐάλλειν
1441 544 1572 597 Θεόν
1599 561 1611 573 ·
1658 543 1758 596 κάν
1789 544 1877 615 ἄρ-

309 654 400 690 τον
425 637 504 698 είς
525 638 712 706 χεῖρας
739 633 994 696 λάϐωσιν,
1024 635 1259 705 ἀρῶνται
1286 635 1496 706 πρῶτον
1521 635 1569 687 οί
1592 634 1688 706 τῆς
1715 633 1876 704 βλασ-

310 727 522 799 φημίας
561 725 819 797 μαθηταὶ,
851 726 943 779 καὶ
975 726 1146 790 οὕτως
1192 726 1568 796 ἐμπιπλῶνται
1604 728 1653 779 οἱ
1694 727 1876 798 ἀχάρι·

311 835 460 871 στοι·
501 819 595 872 καὶ
648 817 748 887 τῆς
793 817 1150 889 δημιουργίας
1189 817 1400 880 οὐδενὸς
1439 818 1496 870 τὸ
1536 812 1697 888 ἦττον
1742 819 1876 871 ἀπο-

308 909 582 973 λαύοντες,
619 909 907 979 ὴκόνηνται
939 909 1088 977 μόνοι
1121 911 1241 963 κατ’
1272 909 1439 980 αὐτῆς
1471 908 1569 980 τὴν
1608 908 1869 978 γλῶτταν,

312 1001 511 1071 μᾶλλον
565 1001 620 1054 δὲ
674 1001 816 1055 κατά
871 1000 964 1054 τοῦ
1011 1000 1366 1071 πεποιηκότος
1404 1002 1604 1073 αὐτήν·
1658 1001 1752 1055 καὶ
1797 1001 1873 1065 ὼς

310 1093 541 1166 ἔχθιστοι
568 1093 659 1146 τοῦ
686 1091 818 1146 Θεοῦ
846 1093 1128 1163 μετέχουσι
1153 1108 1166 1122 ·
1191 1093 1285 1148 καὶ
1315 1093 1452 1164 πρὸς
1479 1093 1608 1147 αὐτό
1629 1109 1692 1162 γε
1714 1092 1872 1146 τοῦτο

309 1186 756 1255 ἀγανακτοῦντες,
795 1186 874 1238 ὅτι
903 1184 1010 1238 τῶν
1033 1187 1096 1238 ἐκ
1122 1185 1219 1255 τῆς
1251 1185 1608 1257 δημιουργίας
1633 1188 1691 1238 ἐν
1712 1185 1870 1257 χρείᾳ

309 1279 696 1350 καθεστήκασι.

1975 455 2068 525 qui
2109 470 2233 509 eum
2281 461 2580 517 sectantur,
2633 455 2702 509 ad
2763 455 3156 526 blasphemiam
3208 455 3534 516 Judaicam:

1980 548 2094 600 sive
2124 545 2296 614 pluat,
2325 560 2433 598 non
2465 545 2663 600 desinit
2701 545 2937 601 inaniter
2973 561 3232 604 accusare
3265 557 3318 604 et
3355 566 3541 620 reprev

1979 637 2217 693 hendere
2261 635 2545 693 Deum:et
2571 652 2765 708 panem
2808 636 2932 693 siin
2977 654 3173 694 manus
3211 641 3277 694 ad
3317 648 3540 702 Vesceli-

1978 730 2106 784 dum
2147 736 2384 793 sumant,
2418 728 2651 798 primum
2685 728 2935 799 discipuli
2977 729 3327 801 blasphemiae
3367 733 3536 790 Deum

1979 817 2283 874 maledictis
2313 820 2674 882 insectantur,
2716 827 2879 890 atque
2910 821 2982 874 ita
3007 821 3204 891 ingrati
3237 826 3538 889 satiantur;

1977 920 2032 968 et
2055 911 2210 981 quasi
2240 911 2376 965 nihil
2405 910 2615 965 fructus
2646 928 2712 967 ex
2734 921 2986 967 creatura
3028 915 3392 985 perciperent,
3436 918 3539 971 lin-

1978 1020 2138 1075 guam
2165 1005 2266 1060 soli
2295 1004 2349 1058 in
2382 1019 2500 1058 eam
2531 1016 2818 1070 acuerunt,
2847 1007 2954 1063 imo
2994 1007 3049 1063 in
3075 1019 3353 1067 auctorem
3382 1014 3536 1083 ejus;

1976 1103 2030 1151 et
2056 1107 2314 1166 tanquam
2347 1095 2712 1151 inimicissimi
2749 1097 2864 1163 Dei,
2903 1115 2966 1156 ea
3003 1118 3122 1172 quae
3166 1113 3293 1158 sunt
3335 1112 3534 1171 creata,

1975 1189 2324 1259 participant,
2342 1187 2504 1258 idque
2544 1198 2948 1254 succensentes,
2983 1193 3128 1262 quod
3156 1194 3236 1249 eis
3276 1195 3533 1266 indigent.

1211 1415 1340 1472 Car.
1385 1414 1618 1470 XXXlll.
1657 1415 1966 1472 Procreatio
1991 1412 2276 1468 liberarunt
2303 1409 2619 1465 necessaria.

377 1554 489 1624 Τήν
516 1569 573 1606 τε
605 1553 946 1620 παιδογονίαν
977 1553 1302 1625 ὑϐρίζοντες,
1339 1555 1436 1618 τὰς
1467 1555 1640 1626 μίξεις
1673 1555 1867 1618 ,αὐτοῖς

305 1637 432 1691 ἄνευ
469 1656 530 1708 γε
557 1639 759 1709 ταύτης
784 1640 1094 1711 συμϐαίνειν
1123 1642 1278 1713 (46‘),
1309 1643 1482 1696 δοῦλοί
1506 1661 1569 1712 γε
1598 1643 1748 1707 ὄντες
1769 1644 1868 1713 τῆς

2044 1544 2481 1599 Procreationem
2530 1542 2825 1596 liberorum
2882 1543 3274 1600 contumeliose
3325 1547 3539 1620 vitupe-

1973 1642 2117 1698 rant,
2167 1634 2429 1697 volentes,
2479 1638 2536 1684 ut
2584 1643 2814 1700 corpora
2849 1630 2966 1685 sine
3012 1647 3075 1687 ea
3121 1635 3531 1696 miscerentur;

306 1733 607 1798 ἀναγκαίας
637 1733 883 1804 διαδοχῆς
907 1735 1038 1807 πρὸς
1059 1735 1191 1789 Θεοῦ
1223 1737 1738 1808 νενομοθετημένης,
1757 1737 1868 1790 ἀλλ’

1973 1727 2064 1798 qui
2121 1727 2261 1781 servi
2311 1723 2530 1794 quidem
2569 1730 2696 1777 sunt
2736 1725 3060 1779 necessaria
3105 1729 3472 1789 successionis
3503 1748 3534 1786 a

305 1823 366 1874 οὐ
391 1825 489 1893 τῆς
518 1825 726 1895 ήδονῆς·
758 1825 939 1896 ἐχθροί
973 1842 1034 1894 γε
1067 1827 1136 1880 τὰ
1173 1827 1350 1881 πάντα
1378 1828 1475 1897 τῆς
1520 1827 1751 1898 ἀληθοῦς
1779 1827 1871 1880 καὶ

304 1916 529 1986 γνησίας
558 1916 756 1986 ἀρετῆς
785 1919 876 1968 καὶ
901 1917 999 1990 τῆς
1027 1919 1299 1981 εὐσεϐείας
1322 1918 1492 1982 ὄντες,
1522 1919 1708 1990 ὥσπερ
1732 1921 1870 1972 αίτι-

303 2001 498 2076 ὠμενοι
551 2006 612 2059 τὸ
664 2005 888 2069 ἀείζωον
935 2007 1028 2062 τοῦ
1069 2008 1176 2062 τῶν
1217 2008 1516 2081 ἀνθρώπων
1538 2009 1747 2078 γένους,
1777 2011 1872 2062 καὶ

304 2095 614 2166 βουλόμενοι
639 2097 801 2151 αὑτοῦ
829 2116 929 2152 που
956 2100 1142 2172 στῆναι
1163 2100 1254 2154 τὸν
1285 2101 1482 2172 δρόμον
1509 2100 1610 2171 τῆς
1636 2100 1865 2169 φύσεως

304 2186 712 2256 νομοθετοῦντες
746 2190 824 2260 τῷ
867 2190 984 2261 Θεῷ
1014 2191 1106 2244 καὶ
1144 2191 1576 2260 ἀγανακτοῦντες
1606 2192 1742 2263 πρὸς
1771 2192 1871 2264 τὴν

302 2274 628 2348 ἀγαθότητα,
677 2279 744 2332 δι’
792 2280 859 2350 ἢν
901 2280 1237 2347 ἀνεξικάκως
1262 2280 1372 2352 ἔχει
1405 2281 1539 2352 πρὸς
1567 2282 1665 2353 τὴν
1693 2281 1871 2335 αὐτῶν

303 2366 672 2438 βλασφημίαν.

371 2459 624 2528 Καίτοιγε
672 2461 759 2515 διὰ
810 2464 966 2517 τοῦτο
1018 2464 1216 2535 φυσική
1262 2480 1346 2528 τις
1397 2463 1712 2517 ἐνέστακται
1759 2466 1872 2527 τοῖς

303 2547 518 2620 σώμασι
551 2552 750 2622 μίξεως
787 2553 983 2625 ὄρεξις,
1019 2554 1094 2617 ὡς
1137 2554 1331 2627 μικροῦ
1373 2556 1586 2628 ἀνάγκῃ
1623 2555 1729 2608 τῶν
1770 2555 1872 2625 τῆς

301 2639 516 2708 φύσεως
561 2643 870 2714 κινημάτων
912 2643 1171 2715 φέρεσθαι
1219 2646 1287 2699 τά
1332 2645 1446 2710 ζῶα
1477 2647 1612 2716 πρὸς
1639 2645 1736 2716 τὴν
1773 2647 1872 2716 τῆς

299 2731 547 2804 διαδοχῆς
594 2735 882 2806 ἐργασίαν,
930 2735 1339 2810 ὑπερϐαλλούσῃ
1397 2736 1487 2790 τοῦ
1528 2737 1869 2812 Δημιουργοῦ

306 2825 466 2895 σοφία
495 2826 769 2879 καὶτοῦτο
801 2827 982 2891 θέντος
1005 2844 1020 2858 ο
1055 2827 1241 2899 ἐπειδὴ
1292 2828 1400 2900 γάρ
1453 2827 1722 2899 μοχθηραὶ
1773 2829 1869 2898 μὲν

300 2916 544 2983 γυναιξὶν
582 2919 637 2970 αί
676 2917 883 2984 ὠδῖνες,
918 2919 1184 2999 μοχθηραὶ
1215 2920 1272 2974 δὲ
1313 2920 1534 2992 ἀνδράσι
1563 2937 1623 2972 τε
1653 2922 1746 2973 καὶ
1771 2938 1868 2988 γυ-

301 3006 442 3069 ναιξὶ
463 3006 568 3059 τῶν
593 3009 924 3080 γιγνομένων
955 3012 1010 3064 αἱ
1033 3013 1351 3084 ἀνατροφαὶ,
1373 3014 1656 3082 ἀναγκαῖοι
1673 3013 1728 3066 δὲ
1750 3014 1870 3067 λίαν

1974 1817 2084 1873 Deo
2109 1820 2351 1880 sancitai,
2387 1816 2481 1872 sed
2506 1830 2613 1870 non
2642 1815 2966 1885 voluptatis;
2992 1817 3200 1873 inimici
3224 1829 3404 1877 autem
3439 1839 3535 1894 per

1971 1911 2156 1962 omnia
2200 1924 2340 1963 verae
2382 1916 2436 1962 et
2477 1922 2747 1977 germanae
2783 1909 3001 1964 virtutis
3045 1925 3109 1965 ac
3137 1913 3379 1982 pietatis,
3411 1923 3536 1972 tan-

1973 2016 2136 2071 quam
2214 2009 2536 2055 accusantes
2606 1999 2824 2053 humani
2903 2003 3116 2071 generis
3203 2009 3533 2076 perpetuita-

1973 2101 2102 2156 tem,
2155 2103 2208 2148 et
2254 2092 2498 2148 volentes
2545 2091 2746 2145 alicubi
2798 2092 2994 2148 sistere
3040 2109 3358 2164 processum
3413 2095 3548 2170 ejus.

1971 2183 2313 2246 naturalem,
2372 2181 2682 2238 sancientes
2745 2181 2917 2250 legem
2974 2181 3121 2249 Deo,
3181 2194 3236 2240 et
3299 2189 3530 2244 bonitati

1971 2271 2091 2337 ejus
2125 2277 2534 2336 succensentes,
2564 2285 2669 2341 qua
2699 2284 2886 2323 eorum
2909 2271 3299 2342 blasphemiam
3320 2278 3532 2347 patien-

1970 2366 2053 2414 ter
2077 2360 2290 2414 tolerat.

2042 2451 2178 2506 Cum
2231 2452 2434 2523 alioqui
2482 2455 2750 2511 naturalis
2795 2454 3017 2526 quidam
3077 2457 3348 2526 appetitus
3399 2473 3533 2514 cono

1971 2545 2190 2601 cubitus
2234 2547 2303 2601 ob
2342 2561 2461 2602 eam
2491 2562 2711 2604 causam
2754 2549 3077 2619 corporibus
3106 2551 3435 2607 constitutus
3478 2563 3533 2608 et

1971 2638 2259 2693 ordinatus
2308 2647 2413 2701 est,
2470 2645 2530 2693 ut
2569 2640 2824 2696 animalia
2877 2640 2992 2696 fere
3040 2644 3366 2699 necessitate
3415 2659 3532 2700 mo-

1971 2737 2122 2784 tuum
2176 2739 2382 2784 natura:
2431 2730 2499 2784 ad
2537 2731 2872 2787 elﬁciendam
2908 2734 3309 2788 successionem
3348 2732 3534 2789 feran-

1975 2829 2083 2886 tur,
2134 2822 2399 2892 sapientia
2440 2822 2652 2876 inlinita
2685 2823 2960 2880 Creatoris
3002 2825 3093 2895 qui
3131 2825 3237 2880 hoc
3291 2827 3481 2882 statuit
3514 2843 3530 2882 :

1973 2914 2170 2967 etenim
2219 2914 2348 2984 quia
2402 2913 2657 2968 laboriosi
2708 2925 2834 2970 sunt
2879 2925 3068 2986 partus
3115 2917 3427 2980 muliebres.
3455 2918 3534 2971 la-

1977 3001 2210 3056 boriosaa
2258 3002 2384 3057 item
2426 3003 2560 3059 viris
2597 3011 2651 3058 et
2691 3003 2910 3059 feminis
2939 3005 3294 3060 educationes
3331 3004 3533 3061 libero-

300 3093 358 3146 αἱ
380 3093 616 3166 διαδοχαί
636 3113 649 3127 ·
683 3099 715 3168 ή
745 3099 841 3168 μὲν
865 3097 1042 3169 ὄρεξις
1071 3101 1308 3168 φυσικῶς
1347 3105 1593 3168 κινεῖται,
1625 3109 1717 3156 καὶ
1747 3105 1868 3175 τρό-

1975 3108 2120 3158 rum,
2154 3093 2310 3148 valde
2340 3100 2522 3148 autem
2552 3093 2879 3148 necessariae
2907 3095 3290 3150 successiones
3322 3113 3336 3161 ;
3369 3111 3532 3166 appe-

299 3200 400 3237 πον
425 3186 543 3239 τινὰ
569 3186 829 3256 βιάζεται,
859 3191 887 3242 ό
931 3189 986 3241 δέ
1029 3188 1278 3261 λογισμὸς
1326 3191 1487 3254 ὁσίως
1513 3191 1724 3263 δέχεται
1755 3194 1865 3264 (47)

300 3275 751 3348 προύργιαιτέραν
776 3278 874 3348 τῆς
908 3277 1098 3350 ήδονῆς
1139 3279 1405 3333 ποιεῖσθαι
1453 3281 1550 3352 τὴν
1593 3282 1864 3354 διαδοχήνῂ

301 3369 392 3421 καὶ
435 3368 670 3434 ἀναίτιος
701 3369 808 3424 τῶν
838 3371 1101 3440 σωμάτων
1156 3375 1190 3442 ἡ
1243 3373 1424 3445 ἡδονὴ,
1471 3375 1584 3444 εἴγε
1627 3375 1868 3448 λογισμῷ

301 3459 394 3511 καὶ
425 3460 574 3531 νόμῳ
601 3460 694 3514 τοῦ
731 3463 1052 3533 ποιήσαντος
1078 3463 1416 3536 ἀκολουθοίη.

369 3637 432 3689 Οἱ
455 3636 510 3688 δέ
534 3635 631 3706 τὴν
665 3629 1132 3708 ἡδονηνίπολλὰκις
1161 3639 1531 3711 καρπούμενοι
1553 3638 1614 3692 τὸ
1643 3641 1738 3693 ἀπ’
1771 3641 1868 3693 αὺ-

299 3725 398 3795 τῆς
426 3727 581 3797 ἔργον
615 3729 925 3796 ἀναγκαίως
955 3730 1199 3800 μισοῦσιο
1230 3732 1322 3785 καὶ
1364 3731 1713 3802 παρεγγυῶσι
1738 3732 1868 3804 παρ’

299 3819 556 3888 ἀγγελίαν
574 3823 689 3884 ταῖς
703 3825 1068 3893 ὲπαγομέναις
1094 3825 1484 3895 ἐφαλλομέναις
1513 3828 1869 3897 μαγγανείαις

299 3913 399 3976 τὰς
458 3912 745 3985 συλλήψεις
775 3915 972 3968 κλείειν
1009 3934 1068 3968 τε
1107 3919 1201 3970 καὶ
1245 3918 1476 3988 ῥίπτειν,
1525 3919 1618 3972 καί⁹
1649 3919 1774 3982 τοὺς
1811 3920 1868 3970 ἐν

299 4006 418 4079 ὥρα
443 4007 632 4071 τόκους
669 4008 741 4080 μὴ
775 4009 1082 4080 ἀναμένειν,
1103 4009 1177 4074 ὡς
1207 4009 1395 4063 τούτου
1424 4028 1488 4080 γε
1518 4010 1676 4082 μόνου
1696 4010 1868 4064 δεινοῦ

299 4100 394 4152 κει.)⁸
440 4099 694 4170 χαλεποῦ·
728 4103 1079 4172 τυγχάνοντες
1123 4101 1305 4174 ἐχθροὶ
1356 4104 1455 4174 τῆς
1488 4103 1701 4172 φύσεως
1743 4106 1870 4174 ἐγη-

298 4191 572 4262 γερμένοι,
615 4191 812 4262 μᾶλλον
840 4192 896 4243 δὲ
946 4191 1037 4245 τοῦ
1085 4191 1290 4263 ταύτην
1343 4191 1862 4263 δημιουργήσαντος,

299 4281 391 4333 καὶ
441 4281 634 4352 μανίαν
668 4282 807 4336 κατά
841 4281 991 4336 τοῦδε
1018 4281 1110 4335 τοῦ
1142 4282 1340 4345 παντὸς
1373 4282 1722 4352 ἐκμαθόντες·
1757 4283 1866 4335 Καὶ

297 4373 384 4429 διὰ
437 4375 507 4442 τί,
557 4377 740 4445 φασὶν,
783 4377 1073 4448 ἐνυπάρχει
1113 4379 1224 4440 τοῖς
1269 4375 1512 4448 σώμασιν
1539 4379 1573 4447 ή
1603 4375 1738 4447 πρὸς
1765 4374 1866 4440 τάξ

302 4468 474 4542 μίξεις
515 4468 671 4523 ἐπιθυ
679 4469 807 4540 μία;

371 4586 495 4650 Πῶς
528 4586 572 4640 δ’
599 4585 663 4639 ἂν
691 4584 892 4655 ὑπέστη
925 4585 1022 4657 τῆς
1053 4588 1109 4638 ἐν
1139 4584 1292 4656 μέρει
1323 4601 1386 4654 γε
1425 4586 1774 4658 σωφροσύνης
1800 4585 1862 4640 τὸ

1971 3187 2106 3243 titus
2154 3185 2373 3256 quidem
2430 3186 2754 3240 naturaliter
2810 3194 2990 3240 movet
3035 3195 3090 3240 et
3131 3186 3531 3255 quodammodo

1969 3279 2080 3334 vim
2143 3278 2387 3342 adhibet,
2456 3277 2598 3331 ratio
2651 3285 2829 3330 autem
2893 3283 3082 3330 sancte
3139 3276 3531 3332 demonstravit

1968 3367 2416 3440 praestabiliorem
2439 3381 2561 3422 esse
2590 3366 2992 3422 successionem
3019 3367 3328 3437 voluptate;
3360 3377 3413 3423 et
3439 3385 3532 3424 ex-

1969 3469 2053 3515 tra
2101 3460 2314 3530 culpam
2348 3467 2432 3514 est
2470 3458 2722 3528 voluptas
2749 3472 3037 3526 corporum
3058 3497 3073 3523 ,
3111 3459 3157 3514 si
3187 3460 3402 3530 quidem
3436 3477 3528 3516 ra-

1969 3553 2172 3609 tionem
2199 3560 2253 3607 et
2279 3552 2449 3622 legem
2483 3550 2721 3606 auctoris
2748 3558 3029 3621 sequatur.

2039 3644 2142 3711 Qui
2181 3653 2360 3699 autem
2411 3642 2610 3712 saepius
2659 3643 2991 3712 voluptatem
3041 3643 3340 3713 capientes,
3387 3661 3526 3716 opus

1970 3737 2117 3808 quod
2169 3736 2292 3790 inde
2341 3735 2652 3790 necessario
2703 3735 2974 3805 provenit,
3029 3736 3155 3790 odio
3196 3737 3418 3801 habent.
3471 3748 3526 3796 et

1969 3826 2228 3881 mandant
2263 3825 2343 3881 sic
2385 3828 2740 3880 commiscere
2769 3841 3000 3897 corpora
3035 3835 3231 3897 praeter
3261 3828 3521 3889 edictum,

1970 3923 2030 3970 ut
2079 3923 2375 3985 conceptus
2433 3914 2765 3968 concludant
2813 3923 2867 3970 et
2917 3916 3170 3986 ejiciant,
3228 3927 3280 3973 et
3338 3926 3526 3988 partus

1971 4011 2318 4080 tempestivos
2373 4018 2426 4063 et
2470 4015 2712 4062 maturos
2765 4022 2874 4062 non
2920 4016 3262 4077 exspectare,
3329 4010 3527 4080 quippe

1968 4115 2090 4156 cum
2125 4101 2229 4155 hoc
2269 4100 2444 4154 solum
2489 4099 2560 4152 sit
2598 4113 2760 4168 grave
2787 4106 2837 4152 et
2873 4097 3130 4166 dillicile;
3170 4099 3244 4164 hi,
3277 4099 3521 4170 inquam,

1969 4193 2060 4263 qui
2133 4191 2338 4246 inimici
2396 4203 2606 4246 natura:
2653 4189 2874 4245 excitati
2941 4197 3110 4258 sunt,
3177 4200 3231 4247 et
3289 4193 3527 4250 insanire

1967 4292 2157 4339 contra
2218 4282 2388 4338 Deum
2442 4283 2681 4338 universi
2733 4281 3041 4338 didicerunt
3113 4302 3126 4338 :
3189 4286 3390 4351 Quare,
3442 4286 3526 4340 in-

1967 4378 2184 4449 quiunt,
2213 4376 2376 4431 insita
2409 4384 2492 4431 est
2517 4375 2840 4444 corporibus
2868 4375 3034 4431 libido
3057 4390 3346 4446 corporum
3378 4392 3530 4432 contu

1895 4466 1942 4522 D
1969 4467 2408 4524 miscendorum?

2040 4582 2142 4639 Sed
2166 4582 2436 4653 quomodo
2457 4591 2602 4636 esset
2633 4582 2686 4635 in
2711 4581 3021 4636 hominibus
3051 4580 3216 4635 decor
3243 4578 3523 4650 pudicitiae

297 4680 491 4742 κάλλος
529 4680 586 4732 ἐν
617 4678 940 4750 ἀνθρώποις,
976 4679 1024 4730 εἰ
1062 4679 1136 4748 μὴ
1162 4676 1320 4746 φύσει
1355 4678 1452 4748 μὲν
1479 4673 1548 4750 ῆν
1587 4678 1646 4731 τὸ
1689 4679 1868 4750 ἐρεθί-

1971 4678 2204 4748 privatae,
2236 4675 2342 4730 nisi
2378 4686 2572 4728 natura
2605 4682 2747 4729 esset
2784 4675 2931 4745 quod
2976 4673 3241 4736 titillaret,
3273 4678 3326 4727 et
3356 4672 3524 4728 ratio-

298 4773 409 4837 ζον,
447 4769 648 4840 λογικῷ
689 4769 746 4822 δέ
775 4769 1163 4839 κατεχόμενον;
1188 4767 1290 4822 ποῦ
1333 4768 1378 4822 δ’
1406 4769 1472 4824 ἂν
1498 4764 1566 4840 ἦν
1598 4770 1864 4841 παρθενία

297 4862 448 4934 παρά
491 4860 754 4931 γυναιξὶν,
793 4861 826 4932 ἢ
876 4862 1002 4930 παρ’
1041 4859 1297 4932 ἀνδράσιν
1346 4861 1713 4932 ἀπειρογαμία
1764 4861 1862 4933 τὴν

298 4953 478 5024 κοινὴν
513 4952 861 5025 σωφροσύνην
893 4953 1385 5025 παρευδοκιμοῦσα,
1407 4954 1455 5006 εἰ
1489 4955 1561 5024 μὴ
1588 4952 1860 5025 λογισμὸς,

297 5045 391 5097 καὶ
413 5044 473 5096 τὸ
505 5043 639 5114 πρὸς
664 5042 972 5114 ἁγιωσύνην
996 5041 1213 5114 φίλτρον
1234 5037 1412 5112 εῖχενς
1447 5043 1474 5094 ὃ
1491 5057 1554 5109 γε
1573 5043 1683 5104 τοῖς
1709 5058 1864 5110 φυσι-

297 5139 414 5200 κοῖς
448 5134 834 5208 προσπαλαῖον,
868 5134 1192 5206 νικηφόρους
1233 5133 1502 5197 ἀναδείξει
1525 5131 1650 5196 τοὺς
1683 5132 1862 5196 καλῶς

296 5230 394 5300 τὴν
429 5228 662 5300 ἔμφυτον
687 5227 977 5298 ἐπιθυμίαν
1015 5225 1362 5297 βιαζομένους
1385 5267 1399 5291 ,
1435 5225 1493 5279 ού
1540 5225 1674 5298 πρὸς
1705 5225 1860 5296 ὕϐριν

297 5319 398 5390 τῆς
458 5319 688 5388 φύσεως,
745 5318 880 5372 ἀλλὰ
923 5318 1057 5388 πρὸς
1093 5317 1321 5388 ἄσκησιν
1354 5314 1646 5387 καρτερίας
1678 5331 1737 5368 τε
1767 5315 1860 5368 καὶ

299 5413 624 5483 ἁγιωσύνης.

370 5589 501 5661 (46⁸)
532 5589 902 5661 Συμϐαίνειν.
953 5587 1134 5661 Monet
1184 5587 1503 5661 Basnagius
1532 5584 1620 5640 hic
1663 5585 1852 5642 deesse

297 5657 522 5718 verbum
549 5657 811 5728 θέλουσιν,
847 5660 992 5730 quod
1024 5660 1220 5730 legisse
1243 5659 1456 5715 videtur
1491 5657 1776 5727 interpres.

1967 4785 2034 4824 ne
2072 4767 2456 4824 coerceretur?
2476 4767 2564 4820 ttbi
2596 4773 2742 4821 esset
2771 4765 2915 4835 apud
2936 4764 3193 4820 mulieres
3212 4763 3524 4834 virginitas,

1965 4867 2058 4915 aut
2098 4857 2240 4930 apud
2283 4859 2428 4911 viros
2482 4857 2795 4911 intractatio
2834 4855 3171 4924 nuptiarum,
3199 4854 3319 4922 nisi
3384 4855 3524 4909 ratio

1967 4967 2206 5007 amorem
2251 4951 2557 5007 sanctitatis
2601 4949 2843 5012 haberet,
2881 4964 3002 5018 quae.
3051 4949 3375 5003 naturaliter
3404 4962 3525 5003 cer-

1966 5053 2089 5099 tans
2127 5059 2221 5101 eos
2253 5044 2344 5113 qui
2391 5049 2538 5096 recte
2585 5039 2934 5110 cupiditatem
2966 5040 3184 5096 insitam
3223 5040 3521 5109 reprimunt

1965 5147 2018 5194 et
2047 5139 2269 5192 domant
2294 5175 2308 5200 ,
2338 5134 2573 5190 victores
2607 5134 2941 5189 declararet?
2969 5134 3130 5204 idque
3155 5149 3263 5188 non
3296 5133 3361 5185 ad
3394 5146 3520 5184 con-

1969 5226 2240 5282 tumeliam
2272 5231 2478 5279 natum
2498 5264 2513 5289 ,
2539 5223 2633 5280 sed
2654 5223 2721 5277 ad
2746 5225 3193 5280 exercitationem
3218 5217 3518 5277 tolerantia;

1963 5330 2017 5375 et
2045 5315 2378 5375 sanctitatis?

2030 5584 2138 5656 (47)
2179 5583 2432 5653 Δέχεται.
2462 5581 2540 5635 An
2574 5578 2872 5634 δέδεικταιῗ
