  <div class='ocr_page' id='page_1' title='image "/cluster/home/n/w/nwhite01/storage/ocr_20150623/18/mdp.39015008168943/625.png"; bbox 0 0 4038 6288; ppageno 0'>
   <div class='ocr_carea' id='block_1_1' title="bbox 529 274 663 329">
    <p class='ocr_par' dir='ltr' id='par_1_1' title="bbox 529 274 663 329">
     <span class='ocr_line' id='line_1_1' title="bbox 529 274 663 329; baseline 0 -1"><span class='ocrx_word' id='word_1_1' title='bbox 529 274 663 329; x_wconf 77' lang='lat' dir='ltr'><strong>H99</strong></span> 
     </span>
    </p>
   </div>
   <div class='ocr_carea' id='block_1_2' title="bbox 1661 244 2600 310">
    <p class='ocr_par' dir='ltr' id='par_1_2' title="bbox 1661 244 2600 310">
     <span class='ocr_line' id='line_1_2' title="bbox 1661 244 2600 310; baseline -0.01 -1"><span class='ocrx_word' id='word_1_2' title='bbox 1661 253 1796 310; x_wconf 80' lang='lat' dir='ltr'><strong>TITI</strong></span> <span class='ocrx_word' id='word_1_3' title='bbox 1836 248 2256 307; x_wconf 80' lang='lat' dir='ltr'><strong>BOSTRENSIS</strong></span> <span class='ocrx_word' id='word_1_4' title='bbox 2296 244 2600 304; x_wconf 80' lang='lat' dir='ltr'><strong>EPISCOP!</strong></span> 
     </span>
    </p>
   </div>
   <div class='ocr_carea' id='block_1_3' title="bbox 3619 242 3762 298">
    <p class='ocr_par' dir='ltr' id='par_1_3' title="bbox 3619 242 3762 298">
     <span class='ocr_line' id='line_1_3' title="bbox 3619 242 3762 298; baseline 0.007 -1"><span class='ocrx_word' id='word_1_5' title='bbox 3619 242 3762 298; x_wconf 64' lang='grc' dir='ltr'><strong>Εθο</strong></span> 
     </span>
    </p>
   </div>
   <div class='ocr_carea' id='block_1_4' title="bbox 1059 361 3188 438">
    <p class='ocr_par' dir='ltr' id='par_1_4' title="bbox 1059 361 3188 438">
     <span class='ocr_line' id='line_1_4' title="bbox 1059 361 3188 438; baseline -0.009 -2"><span class='ocrx_word' id='word_1_6' title='bbox 1059 382 1186 438; x_wconf 64' lang='grc' dir='ltr'><strong>(ΞΜ).</strong></span> <span class='ocrx_word' id='word_1_7' title='bbox 1218 375 1454 432; x_wconf 69' lang='lat' dir='ltr'><strong>XXXIV.</strong></span> <span class='ocrx_word' id='word_1_8' title='bbox 1483 375 1733 430; x_wconf 81' lang='lat' dir='ltr'><strong>Ciborum</strong></span> <span class='ocrx_word' id='word_1_9' title='bbox 1761 388 1886 427; x_wconf 81' lang='lat' dir='ltr'><strong>usus</strong></span> <span class='ocrx_word' id='word_1_10' title='bbox 1909 369 2232 435; x_wconf 76' lang='lat' dir='ltr'><strong>moderatus,</strong></span> <span class='ocrx_word' id='word_1_11' title='bbox 2263 368 2444 422; x_wconf 77' lang='lat' dir='ltr'><strong>bonus.</strong></span> <span class='ocrx_word' id='word_1_12' title='bbox 2486 365 2851 433; x_wconf 77' lang='lat' dir='ltr'><strong>Temperantia</strong></span> <span class='ocrx_word' id='word_1_13' title='bbox 2883 361 3188 417; x_wconf 77' lang='lat' dir='ltr'><strong>laudabilis.</strong></span> 
     </span>
    </p>
   </div>
   <div class='ocr_carea' id='block_1_5' title="bbox 595 447 2097 540">
    <p class='ocr_par' dir='ltr' id='par_1_5' title="bbox 595 464 2082 540">
     <span class='ocr_line' id='line_1_5' title="bbox 595 464 2082 540; baseline -0.015 -4"><span class='ocrx_word' id='word_1_14' title='bbox 595 483 685 536; x_wconf 86' lang='lat' dir='ltr'><strong>Sic</strong></span> <span class='ocrx_word' id='word_1_15' title='bbox 739 494 868 534; x_wconf 84' lang='lat' dir='ltr'><strong>sane</strong></span> <span class='ocrx_word' id='word_1_16' title='bbox 913 476 1047 530; x_wconf 81' lang='lat' dir='ltr'><strong>cibis</strong></span> <span class='ocrx_word' id='word_1_17' title='bbox 1091 481 1144 526; x_wconf 86' lang='lat' dir='ltr'><strong>et</strong></span> <span class='ocrx_word' id='word_1_18' title='bbox 1197 468 1515 540; x_wconf 79' lang='lat' dir='ltr'><strong>potionibus</strong></span> <span class='ocrx_word' id='word_1_19' title='bbox 1569 464 1924 526; x_wconf 75' lang='lat' dir='ltr'><strong>delectamur,</strong></span> <span class='ocrx_word' id='word_1_20' title='bbox 1974 475 2082 515; x_wconf 89' lang='lat' dir='ltr'><strong>non</strong></span> 
     </span>
    </p>
   </div>
   <div class='ocr_carea' id='block_1_6' title="bbox 2180 447 3758 540">
    <p class='ocr_par' dir='ltr' id='par_1_6' title="bbox 2257 447 3758 527">
     <span class='ocr_line' id='line_1_6' title="bbox 2257 447 3758 527; baseline -0.007 -16"><span class='ocrx_word' id='word_1_21' title='bbox 2257 457 2409 512; x_wconf 78' lang='grc' dir='ltr'>Οὕτω</span> <span class='ocrx_word' id='word_1_22' title='bbox 2455 456 2518 527; x_wconf 85' lang='grc' dir='ltr'><strong>δὴ</strong></span> <span class='ocrx_word' id='word_1_23' title='bbox 2572 457 2796 527; x_wconf 81' lang='grc' dir='ltr'><strong>τροφαῖς</strong></span> <span class='ocrx_word' id='word_1_24' title='bbox 2835 470 2892 506; x_wconf 92' lang='grc' dir='ltr'><strong>τε</strong></span> <span class='ocrx_word' id='word_1_25' title='bbox 2937 452 3032 505; x_wconf 80' lang='grc' dir='ltr'>καὶ</span> <span class='ocrx_word' id='word_1_26' title='bbox 3067 451 3302 521; x_wconf 82' lang='grc' dir='ltr'>πόμασιν</span> <span class='ocrx_word' id='word_1_27' title='bbox 3332 447 3653 520; x_wconf 82' lang='grc' dir='ltr'>ἐνηδόμεθα,</span> <span class='ocrx_word' id='word_1_28' title='bbox 3693 451 3758 503; x_wconf 80' lang='grc' dir='ltr'>οὐ</span> 
     </span>
    </p>
   </div>
   <div class='ocr_carea' id='block_1_7' title="bbox 525 553 2085 635">
    <p class='ocr_par' dir='ltr' id='par_1_7' title="bbox 525 553 2085 635">
     <span class='ocr_line' id='line_1_7' title="bbox 525 553 2085 635; baseline -0.017 -2"><span class='ocrx_word' id='word_1_29' title='bbox 525 576 819 633; x_wconf 79' lang='lat' dir='ltr'><strong>criminosa</strong></span> <span class='ocrx_word' id='word_1_30' title='bbox 854 568 1129 635; x_wconf 73' lang='lat' dir='ltr'><strong>voluptate</strong></span> <span class='ocrx_word' id='word_1_31' title='bbox 1163 563 1406 616; x_wconf 77' lang='lat' dir='ltr'><strong>fruentes</strong></span> <span class='ocrx_word' id='word_1_32' title='bbox 1442 577 1453 610; x_wconf 92' lang='lat'><strong>:</strong></span> <span class='ocrx_word' id='word_1_33' title='bbox 1489 555 1756 611; x_wconf 85' lang='lat' dir='ltr'><strong>naturalis</strong></span> <span class='ocrx_word' id='word_1_34' title='bbox 1797 554 1940 608; x_wconf 90' lang='lat' dir='ltr'><strong>enim</strong></span> <span class='ocrx_word' id='word_1_35' title='bbox 1969 553 2085 607; x_wconf 71' lang='lat' dir='ltr'><strong>haec</strong></span> 
     </span>
    </p>
   </div>
   <div class='ocr_carea' id='block_1_8' title="bbox 524 644 2087 732">
    <p class='ocr_par' dir='ltr' id='par_1_8' title="bbox 524 644 2087 732">
     <span class='ocr_line' id='line_1_8' title="bbox 524 644 2087 732; baseline -0.018 -6"><span class='ocrx_word' id='word_1_36' title='bbox 524 679 630 732; x_wconf 87' lang='lat' dir='ltr'><strong>est,</strong></span> <span class='ocrx_word' id='word_1_37' title='bbox 665 677 717 723; x_wconf 83' lang='lat' dir='ltr'><strong>et</strong></span> <span class='ocrx_word' id='word_1_38' title='bbox 756 674 936 718; x_wconf 86' lang='lat' dir='ltr'><strong>tamen</strong></span> <span class='ocrx_word' id='word_1_39' title='bbox 963 660 1184 730; x_wconf 89' lang='lat' dir='ltr'><strong>jejuniis</strong></span> <span class='ocrx_word' id='word_1_40' title='bbox 1227 670 1330 711; x_wconf 90' lang='lat' dir='ltr'><strong>nos</strong></span> <span class='ocrx_word' id='word_1_41' title='bbox 1379 665 1699 709; x_wconf 85' lang='lat' dir='ltr'><strong>exercemus</strong></span> <span class='ocrx_word' id='word_1_42' title='bbox 1735 667 1751 717; x_wconf 87' lang='lat'><strong>;</strong></span> <span class='ocrx_word' id='word_1_43' title='bbox 1792 663 1900 702; x_wconf 91' lang='lat' dir='ltr'><strong>non</strong></span> <span class='ocrx_word' id='word_1_44' title='bbox 1939 644 2087 717; x_wconf 90' lang='lat' dir='ltr'><strong>quod</strong></span> 
     </span>
    </p>
   </div>
   <div class='ocr_carea' id='block_1_9' title="bbox 523 737 2087 828">
    <p class='ocr_par' dir='ltr' id='par_1_9' title="bbox 523 737 2087 828">
     <span class='ocr_line' id='line_1_9' title="bbox 523 737 2087 828; baseline -0.016 -12"><span class='ocrx_word' id='word_1_45' title='bbox 523 772 607 816; x_wconf 86' lang='lat' dir='ltr'><strong>est</strong></span> <span class='ocrx_word' id='word_1_46' title='bbox 633 773 795 828; x_wconf 84' lang='lat' dir='ltr'><strong>supra</strong></span> <span class='ocrx_word' id='word_1_47' title='bbox 820 764 1070 810; x_wconf 88' lang='lat' dir='ltr'><strong>naturam</strong></span> <span class='ocrx_word' id='word_1_48' title='bbox 1097 757 1289 806; x_wconf 86' lang='lat' dir='ltr'><strong>contra</strong></span> <span class='ocrx_word' id='word_1_49' title='bbox 1320 754 1572 802; x_wconf 91' lang='lat' dir='ltr'><strong>naturam</strong></span> <span class='ocrx_word' id='word_1_50' title='bbox 1599 748 1939 803; x_wconf 83' lang='lat' dir='ltr'><strong>exercentes,</strong></span> <span class='ocrx_word' id='word_1_51' title='bbox 1991 737 2087 793; x_wconf 90' lang='lat' dir='ltr'><strong>sed</strong></span> 
     </span>
    </p>
   </div>
   <div class='ocr_carea' id='block_1_10' title="bbox 523 833 2085 916">
    <p class='ocr_par' dir='ltr' id='par_1_10' title="bbox 523 833 2085 916">
     <span class='ocr_line' id='line_1_10' title="bbox 523 833 2085 916; baseline -0.013 -11"><span class='ocrx_word' id='word_1_52' title='bbox 523 849 864 906; x_wconf 84' lang='lat' dir='ltr'><strong>tolerantiam</strong></span> <span class='ocrx_word' id='word_1_53' title='bbox 906 846 1313 916; x_wconf 90' lang='lat' dir='ltr'><strong>amplectentes,</strong></span> <span class='ocrx_word' id='word_1_54' title='bbox 1345 850 1397 894; x_wconf 88' lang='lat' dir='ltr'><strong>et</strong></span> <span class='ocrx_word' id='word_1_55' title='bbox 1429 836 1599 892; x_wconf 89' lang='lat' dir='ltr'><strong>Deum</strong></span> <span class='ocrx_word' id='word_1_56' title='bbox 1627 851 1721 905; x_wconf 90' lang='lat' dir='ltr'><strong>per</strong></span> <span class='ocrx_word' id='word_1_57' title='bbox 1751 833 2085 888; x_wconf 84' lang='lat' dir='ltr'><strong>humiliatio-</strong></span> 
     </span>
    </p>
   </div>
   <div class='ocr_carea' id='block_1_11' title="bbox 524 927 2082 1012">
    <p class='ocr_par' dir='ltr' id='par_1_11' title="bbox 524 927 2082 1012">
     <span class='ocr_line' id='line_1_11' title="bbox 524 927 2082 1012; baseline -0.012 -17"><span class='ocrx_word' id='word_1_58' title='bbox 524 957 647 998; x_wconf 89' lang='lat' dir='ltr'><strong>nem</strong></span> <span class='ocrx_word' id='word_1_59' title='bbox 693 942 968 1012; x_wconf 82' lang='lat' dir='ltr'><strong>placantes</strong></span> <span class='ocrx_word' id='word_1_60' title='bbox 1007 945 1060 992; x_wconf 88' lang='lat' dir='ltr'><strong>et</strong></span> <span class='ocrx_word' id='word_1_61' title='bbox 1097 933 1391 1006; x_wconf 88' lang='lat' dir='ltr'><strong>propitium</strong></span> <span class='ocrx_word' id='word_1_62' title='bbox 1437 927 1725 984; x_wconf 90' lang='lat' dir='ltr'><strong>reddentes</strong></span> <span class='ocrx_word' id='word_1_63' title='bbox 1755 946 1768 981; x_wconf 87' lang='lat'><strong>:</strong></span> <span class='ocrx_word' id='word_1_64' title='bbox 1800 937 2082 994; x_wconf 85' lang='lat' dir='ltr'><strong>nunquam</strong></span> 
     </span>
    </p>
   </div>
   <div class='ocr_carea' id='block_1_12' title="bbox 523 1017 2085 1100">
    <p class='ocr_par' dir='ltr' id='par_1_12' title="bbox 523 1017 2085 1100">
     <span class='ocr_line' id='line_1_12' title="bbox 523 1017 2085 1100; baseline -0.012 -11"><span class='ocrx_word' id='word_1_65' title='bbox 523 1033 969 1088; x_wconf 82' lang='lat' dir='ltr'><strong>exercitationem</strong></span> <span class='ocrx_word' id='word_1_66' title='bbox 990 1028 1179 1100; x_wconf 90' lang='lat' dir='ltr'><strong>jcjunii</strong></span> <span class='ocrx_word' id='word_1_67' title='bbox 1208 1023 1632 1092; x_wconf 88' lang='lat' dir='ltr'><strong>suscipercmus,</strong></span> <span class='ocrx_word' id='word_1_68' title='bbox 1661 1017 1768 1072; x_wconf 87' lang='lat' dir='ltr'><strong>nisi</strong></span> <span class='ocrx_word' id='word_1_69' title='bbox 1800 1018 1967 1071; x_wconf 84' lang='lat' dir='ltr'><strong>fames</strong></span> <span class='ocrx_word' id='word_1_70' title='bbox 1997 1031 2085 1070; x_wconf 91' lang='lat' dir='ltr'><strong>es-</strong></span> 
     </span>
    </p>
   </div>
   <div class='ocr_carea' id='block_1_13' title="bbox 527 1111 1898 1194">
    <p class='ocr_par' dir='ltr' id='par_1_13' title="bbox 527 1111 1898 1194">
     <span class='ocr_line' id='line_1_13' title="bbox 527 1111 1898 1194; baseline -0.002 -15"><span class='ocrx_word' id='word_1_71' title='bbox 527 1135 608 1180; x_wconf 83' lang='lat' dir='ltr'><strong>set</strong></span> <span class='ocrx_word' id='word_1_72' title='bbox 639 1126 694 1179; x_wconf 87' lang='lat' dir='ltr'><strong>in</strong></span> <span class='ocrx_word' id='word_1_73' title='bbox 722 1140 964 1194; x_wconf 86' lang='lat' dir='ltr'><strong>corpore.</strong></span> <span class='ocrx_word' id='word_1_74' title='bbox 1894 1111 1898 1116; x_wconf 70' lang='grc'><em>’</em></span> 
     </span>
    </p>
   </div>
   <div class='ocr_carea' id='block_1_14' title="bbox 601 1205 2082 1290">
    <p class='ocr_par' dir='ltr' id='par_1_14' title="bbox 601 1205 2082 1290">
     <span class='ocr_line' id='line_1_14' title="bbox 601 1205 2082 1290; baseline -0.015 -15"><span class='ocrx_word' id='word_1_75' title='bbox 601 1220 806 1290; x_wconf 87' lang='lat' dir='ltr'><strong>Ubique</strong></span> <span class='ocrx_word' id='word_1_76' title='bbox 840 1219 1002 1289; x_wconf 77' lang='lat' dir='ltr'><strong>igitur</strong></span> <span class='ocrx_word' id='word_1_77' title='bbox 1057 1215 1338 1286; x_wconf 80' lang='lat' dir='ltr'><strong>appetitus</strong></span> <span class='ocrx_word' id='word_1_78' title='bbox 1382 1212 1601 1268; x_wconf 85' lang='lat' dir='ltr'><strong>asciscit</strong></span> <span class='ocrx_word' id='word_1_79' title='bbox 1641 1205 1857 1262; x_wconf 88' lang='lat' dir='ltr'><strong>laudem</strong></span> <span class='ocrx_word' id='word_1_80' title='bbox 1885 1209 1937 1256; x_wconf 88' lang='lat' dir='ltr'><strong>et</strong></span> <span class='ocrx_word' id='word_1_81' title='bbox 1962 1215 2082 1254; x_wconf 90' lang='lat' dir='ltr'><strong>mo-</strong></span> 
     </span>
    </p>
   </div>
   <div class='ocr_carea' id='block_1_15' title="bbox 525 1293 2078 1369">
    <p class='ocr_par' dir='ltr' id='par_1_15' title="bbox 525 1293 2078 1369">
     <span class='ocr_line' id='line_1_15' title="bbox 525 1293 2078 1369; baseline -0.014 -3"><span class='ocrx_word' id='word_1_82' title='bbox 525 1313 696 1366; x_wconf 86' lang='lat' dir='ltr'><strong>derati</strong></span> <span class='ocrx_word' id='word_1_83' title='bbox 739 1327 870 1365; x_wconf 89' lang='lat' dir='ltr'><strong>usus</strong></span> <span class='ocrx_word' id='word_1_84' title='bbox 914 1309 1181 1369; x_wconf 85' lang='lat' dir='ltr'><strong>ciborum,</strong></span> <span class='ocrx_word' id='word_1_85' title='bbox 1226 1312 1279 1358; x_wconf 89' lang='lat' dir='ltr'><strong>et</strong></span> <span class='ocrx_word' id='word_1_86' title='bbox 1325 1301 1664 1358; x_wconf 67' lang='lat' dir='ltr'><strong>abstinentiae</strong></span> <span class='ocrx_word' id='word_1_87' title='bbox 1696 1313 1791 1368; x_wconf 91' lang='lat' dir='ltr'><strong>pro</strong></span> <span class='ocrx_word' id='word_1_88' title='bbox 1819 1293 2028 1348; x_wconf 86' lang='lat' dir='ltr'><strong>viribus</strong></span> <span class='ocrx_word' id='word_1_89' title='bbox 2065 1309 2078 1345; x_wconf 89' lang='lat'>:</span> 
     </span>
    </p>
   </div>
   <div class='ocr_carea' id='block_1_16' title="bbox 525 1392 2080 1466">
    <p class='ocr_par' dir='ltr' id='par_1_16' title="bbox 525 1392 2080 1466">
     <span class='ocr_line' id='line_1_16' title="bbox 525 1392 2080 1466; baseline -0.014 -8"><span class='ocrx_word' id='word_1_90' title='bbox 525 1420 636 1458; x_wconf 91' lang='lat' dir='ltr'><strong>non</strong></span> <span class='ocrx_word' id='word_1_91' title='bbox 691 1403 831 1458; x_wconf 88' lang='lat' dir='ltr'><strong>enim</strong></span> <span class='ocrx_word' id='word_1_92' title='bbox 885 1417 1017 1455; x_wconf 87' lang='lat' dir='ltr'><strong>usus</strong></span> <span class='ocrx_word' id='word_1_93' title='bbox 1063 1413 1275 1461; x_wconf 81' lang='lat' dir='ltr'><strong>eorum,</strong></span> <span class='ocrx_word' id='word_1_94' title='bbox 1324 1411 1444 1466; x_wconf 66' lang='lat' dir='ltr'><strong>quae</strong></span> <span class='ocrx_word' id='word_1_95' title='bbox 1489 1392 1785 1450; x_wconf 91' lang='lat' dir='ltr'><strong>secundum</strong></span> <span class='ocrx_word' id='word_1_96' title='bbox 1832 1397 2080 1441; x_wconf 88' lang='lat' dir='ltr'><strong>naturam</strong></span> 
     </span>
    </p>
   </div>
   <div class='ocr_carea' id='block_1_17' title="bbox 525 1475 2080 1566">
    <p class='ocr_par' dir='ltr' id='par_1_17' title="bbox 525 1475 2080 1566">
     <span class='ocr_line' id='line_1_17' title="bbox 525 1475 2080 1566; baseline -0.017 -13"><span class='ocrx_word' id='word_1_97' title='bbox 525 1504 676 1563; x_wconf 88' lang='lat' dir='ltr'><strong>sunt,</strong></span> <span class='ocrx_word' id='word_1_98' title='bbox 712 1499 994 1566; x_wconf 87' lang='lat' dir='ltr'><strong>peccatum</strong></span> <span class='ocrx_word' id='word_1_99' title='bbox 1021 1490 1163 1560; x_wconf 84' lang='lat' dir='ltr'><strong>parit</strong></span> <span class='ocrx_word' id='word_1_100' title='bbox 1191 1505 1204 1541; x_wconf 92' lang='lat'>:</span> <span class='ocrx_word' id='word_1_101' title='bbox 1233 1489 1342 1542; x_wconf 88' lang='lat' dir='ltr'><strong>vini</strong></span> <span class='ocrx_word' id='word_1_102' title='bbox 1374 1486 1588 1557; x_wconf 86' lang='lat' dir='ltr'><strong>quidem</strong></span> <span class='ocrx_word' id='word_1_103' title='bbox 1625 1481 1903 1537; x_wconf 87' lang='lat' dir='ltr'><strong>moderata</strong></span> <span class='ocrx_word' id='word_1_104' title='bbox 1932 1475 2080 1546; x_wconf 89' lang='lat' dir='ltr'><strong>potio</strong></span> 
     </span>
    </p>
   </div>
   <div class='ocr_carea' id='block_1_18' title="bbox 523 1567 2080 1653">
    <p class='ocr_par' dir='ltr' id='par_1_18' title="bbox 523 1567 2080 1653">
     <span class='ocr_line' id='line_1_18' title="bbox 523 1567 2080 1653; baseline -0.016 -9"><span class='ocrx_word' id='word_1_105' title='bbox 523 1587 782 1644; x_wconf 79' lang='lat' dir='ltr'><strong>salutaris</strong></span> <span class='ocrx_word' id='word_1_106' title='bbox 813 1599 935 1640; x_wconf 90' lang='lat' dir='ltr'><strong>esse</strong></span> <span class='ocrx_word' id='word_1_107' title='bbox 961 1589 1137 1653; x_wconf 85' lang='lat' dir='ltr'><strong>potest</strong></span> <span class='ocrx_word' id='word_1_108' title='bbox 1161 1598 1176 1646; x_wconf 86' lang='lat'><strong>;</strong></span> <span class='ocrx_word' id='word_1_109' title='bbox 1212 1579 1404 1633; x_wconf 85' lang='lat' dir='ltr'><strong>vitium</strong></span> <span class='ocrx_word' id='word_1_110' title='bbox 1429 1592 1556 1632; x_wconf 93' lang='lat' dir='ltr'><strong>vero</strong></span> <span class='ocrx_word' id='word_1_111' title='bbox 1578 1571 1855 1630; x_wconf 83' lang='lat' dir='ltr'><strong>ebrietatis</strong></span> <span class='ocrx_word' id='word_1_112' title='bbox 1879 1583 1973 1650; x_wconf 85' lang='lat' dir='ltr'><strong>per</strong></span> <span class='ocrx_word' id='word_1_113' title='bbox 1995 1567 2080 1620; x_wconf 87' lang='lat' dir='ltr'><strong>in-</strong></span> 
     </span>
    </p>
   </div>
   <div class='ocr_carea' id='block_1_19' title="bbox 525 1671 1346 1748">
    <p class='ocr_par' dir='ltr' id='par_1_19' title="bbox 525 1671 1346 1748">
     <span class='ocr_line' id='line_1_19' title="bbox 525 1671 1346 1748; baseline -0.01 -14"><span class='ocrx_word' id='word_1_114' title='bbox 525 1676 934 1748; x_wconf 86' lang='lat' dir='ltr'><strong>temperantiam</strong></span> <span class='ocrx_word' id='word_1_115' title='bbox 964 1671 1346 1728; x_wconf 88' lang='lat' dir='ltr'><strong>introducitur.</strong></span> 
     </span>
    </p>
   </div>
   <div class='ocr_carea' id='block_1_20' title="bbox 502 1751 2078 1824">
    <p class='ocr_par' dir='ltr' id='par_1_20' title="bbox 502 1751 2078 1824">
     <span class='ocr_line' id='line_1_20' title="bbox 502 1751 2078 1824; baseline -0.014 1"><span class='ocrx_word' id='word_1_116' title='bbox 502 1792 515 1807; x_wconf 72' lang='grc' dir='ltr'><strong>ι</strong></span> <span class='ocrx_word' id='word_1_117' title='bbox 598 1767 860 1824; x_wconf 89' lang='lat' dir='ltr'><strong>Similiter</strong></span> <span class='ocrx_word' id='word_1_118' title='bbox 899 1781 1029 1820; x_wconf 90' lang='lat' dir='ltr'><strong>usus</strong></span> <span class='ocrx_word' id='word_1_119' title='bbox 1058 1765 1164 1818; x_wconf 91' lang='lat' dir='ltr'><strong>cibi</strong></span> <span class='ocrx_word' id='word_1_120' title='bbox 1204 1761 1501 1817; x_wconf 91' lang='lat' dir='ltr'><strong>secundum</strong></span> <span class='ocrx_word' id='word_1_121' title='bbox 1533 1768 1783 1813; x_wconf 90' lang='lat' dir='ltr'><strong>naturam</strong></span> <span class='ocrx_word' id='word_1_122' title='bbox 1811 1751 2078 1808; x_wconf 85' lang='lat' dir='ltr'><strong>moderati</strong></span> 
     </span>
    </p>
   </div>
   <div class='ocr_carea' id='block_1_21' title="bbox 2187 539 3757 618">
    <p class='ocr_par' dir='ltr' id='par_1_21' title="bbox 2187 539 3757 618">
     <span class='ocr_line' id='line_1_21' title="bbox 2187 539 3757 618; baseline -0.006 -17"><span class='ocrx_word' id='word_1_123' title='bbox 2187 547 2609 618; x_wconf 77' lang='grc' dir='ltr'>διαϐεϐλημένην</span> <span class='ocrx_word' id='word_1_124' title='bbox 2645 545 2834 617; x_wconf 77' lang='grc' dir='ltr'>ἡδονὴν</span> <span class='ocrx_word' id='word_1_125' title='bbox 2861 542 3226 615; x_wconf 80' lang='grc' dir='ltr'><strong>καρπούμενοι</strong></span> <span class='ocrx_word' id='word_1_126' title='bbox 3244 558 3257 570; x_wconf 88' lang='grc'><strong>·</strong></span> <span class='ocrx_word' id='word_1_127' title='bbox 3289 540 3492 611; x_wconf 81' lang='grc' dir='ltr'>φυσικὴ</span> <span class='ocrx_word' id='word_1_128' title='bbox 3521 540 3631 611; x_wconf 81' lang='grc' dir='ltr'>γὰρ</span> <span class='ocrx_word' id='word_1_129' title='bbox 3660 539 3757 594; x_wconf 77' lang='grc' dir='ltr'>καὶ</span> 
     </span>
    </p>
   </div>
   <div class='ocr_carea' id='block_1_22' title="bbox 2187 629 3754 709">
    <p class='ocr_par' dir='ltr' id='par_1_22' title="bbox 2187 629 3754 709">
     <span class='ocr_line' id='line_1_22' title="bbox 2187 629 3754 709; baseline -0.005 -17"><span class='ocrx_word' id='word_1_130' title='bbox 2187 637 2348 709; x_wconf 78' lang='grc' dir='ltr'>αὕτη,</span> <span class='ocrx_word' id='word_1_131' title='bbox 2381 638 2472 690; x_wconf 75' lang='grc' dir='ltr'>καὶ</span> <span class='ocrx_word' id='word_1_132' title='bbox 2499 638 2647 707; x_wconf 84' lang='grc' dir='ltr'>ὅμως</span> <span class='ocrx_word' id='word_1_133' title='bbox 2690 634 2962 704; x_wconf 83' lang='grc' dir='ltr'><strong>νηστείαις</strong></span> <span class='ocrx_word' id='word_1_134' title='bbox 2989 629 3488 702; x_wconf 78' lang='grc' dir='ltr'>διαγυμναζόμεθα,</span> <span class='ocrx_word' id='word_1_135' title='bbox 3527 630 3588 682; x_wconf 83' lang='grc' dir='ltr'><strong>οὐ</strong></span> <span class='ocrx_word' id='word_1_136' title='bbox 3615 629 3754 684; x_wconf 82' lang='grc' dir='ltr'>κατὰ</span> 
     </span>
    </p>
   </div>
   <div class='ocr_carea' id='block_1_23' title="bbox 2185 721 3753 801">
    <p class='ocr_par' dir='ltr' id='par_1_23' title="bbox 2185 721 3753 801">
     <span class='ocr_line' id='line_1_23' title="bbox 2185 721 3753 801; baseline -0.006 -18"><span class='ocrx_word' id='word_1_137' title='bbox 2185 731 2282 801; x_wconf 89' lang='grc' dir='ltr'><strong>τῆς</strong></span> <span class='ocrx_word' id='word_1_138' title='bbox 2316 728 2525 798; x_wconf 84' lang='grc' dir='ltr'>φύσεως</span> <span class='ocrx_word' id='word_1_139' title='bbox 2576 726 2902 798; x_wconf 86' lang='grc' dir='ltr'>μελετῶντες</span> <span class='ocrx_word' id='word_1_140' title='bbox 2925 725 2986 778; x_wconf 81' lang='grc' dir='ltr'>τὸ</span> <span class='ocrx_word' id='word_1_141' title='bbox 3012 725 3150 796; x_wconf 79' lang='grc' dir='ltr'>ὑπὲρ</span> <span class='ocrx_word' id='word_1_142' title='bbox 3171 723 3350 792; x_wconf 90' lang='grc' dir='ltr'>φύσιν,</span> <span class='ocrx_word' id='word_1_143' title='bbox 3377 721 3514 776; x_wconf 86' lang='grc' dir='ltr'><strong>ἀλλά</strong></span> <span class='ocrx_word' id='word_1_144' title='bbox 3562 738 3753 790; x_wconf 87' lang='grc' dir='ltr'>καρτε-</span> 
     </span>
    </p>
   </div>
   <div class='ocr_carea' id='block_1_24' title="bbox 2188 812 3752 892">
    <p class='ocr_par' dir='ltr' id='par_1_24' title="bbox 2188 812 3752 892">
     <span class='ocr_line' id='line_1_24' title="bbox 2188 812 3752 892; baseline -0.006 -18"><span class='ocrx_word' id='word_1_145' title='bbox 2188 823 2309 892; x_wconf 91' lang='grc' dir='ltr'>ρίαν</span> <span class='ocrx_word' id='word_1_146' title='bbox 2345 822 2443 892; x_wconf 84' lang='grc' dir='ltr'><strong>μὲν</strong></span> <span class='ocrx_word' id='word_1_147' title='bbox 2470 819 2854 889; x_wconf 77' lang='grc' dir='ltr'><strong>ἀσπαζόμενοι,</strong></span> <span class='ocrx_word' id='word_1_148' title='bbox 2881 816 2970 871; x_wconf 83' lang='grc' dir='ltr'><strong>διὰ</strong></span> <span class='ocrx_word' id='word_1_149' title='bbox 2994 815 3051 871; x_wconf 83' lang='grc' dir='ltr'><strong>δὲ</strong></span> <span class='ocrx_word' id='word_1_150' title='bbox 3079 814 3455 877; x_wconf 84' lang='grc' dir='ltr'><strong>ταπεινώσεως</strong></span> <span class='ocrx_word' id='word_1_151' title='bbox 3491 813 3583 866; x_wconf 85' lang='grc' dir='ltr'><strong>τὸν</strong></span> <span class='ocrx_word' id='word_1_152' title='bbox 3622 812 3752 866; x_wconf 80' lang='grc' dir='ltr'>Θεὸν</span> 
     </span>
    </p>
   </div>
   <div class='ocr_carea' id='block_1_25' title="bbox 2184 904 3752 982">
    <p class='ocr_par' dir='ltr' id='par_1_25' title="bbox 2184 904 3752 982">
     <span class='ocr_line' id='line_1_25' title="bbox 2184 904 3752 982; baseline -0.006 -14"><span class='ocrx_word' id='word_1_153' title='bbox 2184 913 2573 982; x_wconf 77' lang='grc' dir='ltr'>ἐξιλεούμενοιο</span> <span class='ocrx_word' id='word_1_154' title='bbox 2620 911 2718 964; x_wconf 87' lang='grc' dir='ltr'><strong>οὑκ</strong></span> <span class='ocrx_word' id='word_1_155' title='bbox 2758 911 2824 965; x_wconf 82' lang='grc' dir='ltr'>ἂν</span> <span class='ocrx_word' id='word_1_156' title='bbox 2855 909 2912 963; x_wconf 77' lang='grc' dir='ltr'><strong>δὲ</strong></span> <span class='ocrx_word' id='word_1_157' title='bbox 2960 908 3210 980; x_wconf 85' lang='grc' dir='ltr'>νηστείας</span> <span class='ocrx_word' id='word_1_158' title='bbox 3233 907 3462 976; x_wconf 80' lang='grc' dir='ltr'>ἄσκησιν</span> <span class='ocrx_word' id='word_1_159' title='bbox 3491 904 3752 977; x_wconf 68' lang='grc' dir='ltr'>μετῆλθο-</span> 
     </span>
    </p>
   </div>
   <div class='ocr_carea' id='block_1_26' title="bbox 2183 1000 3355 1080">
    <p class='ocr_par' dir='ltr' id='par_1_26' title="bbox 2183 1000 3355 1080">
     <span class='ocr_line' id='line_1_26' title="bbox 2183 1000 3355 1080; baseline -0.009 -18"><span class='ocrx_word' id='word_1_160' title='bbox 2183 1027 2306 1080; x_wconf 87' lang='grc' dir='ltr'>μεν,</span> <span class='ocrx_word' id='word_1_161' title='bbox 2342 1008 2533 1078; x_wconf 84' lang='grc' dir='ltr'>πείνης</span> <span class='ocrx_word' id='word_1_162' title='bbox 2561 1006 2618 1058; x_wconf 83' lang='grc' dir='ltr'>ἐν</span> <span class='ocrx_word' id='word_1_163' title='bbox 2642 1005 2722 1074; x_wconf 83' lang='grc' dir='ltr'>τῷ</span> <span class='ocrx_word' id='word_1_164' title='bbox 2753 1002 2964 1074; x_wconf 80' lang='grc' dir='ltr'>σώματι</span> <span class='ocrx_word' id='word_1_165' title='bbox 3002 1001 3077 1072; x_wconf 84' lang='grc' dir='ltr'>μὴ</span> <span class='ocrx_word' id='word_1_166' title='bbox 3109 1000 3355 1070; x_wconf 88' lang='grc' dir='ltr'>ἐνούσης.</span> 
     </span>
    </p>
   </div>
   <div class='ocr_carea' id='block_1_27' title="bbox 2251 1152 3750 1236">
    <p class='ocr_par' dir='ltr' id='par_1_27' title="bbox 2251 1152 3750 1236">
     <span class='ocr_line' id='line_1_27' title="bbox 2251 1152 3750 1236; baseline -0.009 -17"><span class='ocrx_word' id='word_1_167' title='bbox 2251 1163 2528 1236; x_wconf 81' lang='grc' dir='ltr'>Πανταχοῦ</span> <span class='ocrx_word' id='word_1_168' title='bbox 2557 1163 2734 1218; x_wconf 78' lang='grc' dir='ltr'>τοίνυν</span> <span class='ocrx_word' id='word_1_169' title='bbox 2762 1163 2794 1232; x_wconf 82' lang='grc' dir='ltr'><strong>ἡ</strong></span> <span class='ocrx_word' id='word_1_170' title='bbox 2818 1159 2993 1232; x_wconf 74' lang='grc' dir='ltr'>ὄρεξις</span> <span class='ocrx_word' id='word_1_171' title='bbox 3019 1158 3268 1229; x_wconf 81' lang='grc' dir='ltr'>προξενεῖ</span> <span class='ocrx_word' id='word_1_172' title='bbox 3287 1158 3378 1211; x_wconf 77' lang='grc' dir='ltr'><strong>καὶ</strong></span> <span class='ocrx_word' id='word_1_173' title='bbox 3407 1157 3506 1226; x_wconf 86' lang='grc' dir='ltr'><strong>τῆς</strong></span> <span class='ocrx_word' id='word_1_174' title='bbox 3540 1152 3750 1225; x_wconf 78' lang='grc' dir='ltr'>συμμέ-</span> 
     </span>
    </p>
   </div>
   <div class='ocr_carea' id='block_1_28' title="bbox 2181 1245 3746 1330">
    <p class='ocr_par' dir='ltr' id='par_1_28' title="bbox 2181 1245 3746 1330">
     <span class='ocr_line' id='line_1_28' title="bbox 2181 1245 3746 1330; baseline -0.01 -18"><span class='ocrx_word' id='word_1_175' title='bbox 2181 1277 2310 1330; x_wconf 88' lang='grc' dir='ltr'>τρου</span> <span class='ocrx_word' id='word_1_176' title='bbox 2347 1259 2593 1328; x_wconf 82' lang='grc' dir='ltr'>χρήσεως</span> <span class='ocrx_word' id='word_1_177' title='bbox 2643 1255 2736 1308; x_wconf 77' lang='grc' dir='ltr'>καὶ</span> <span class='ocrx_word' id='word_1_178' title='bbox 2759 1255 2856 1325; x_wconf 89' lang='grc' dir='ltr'><strong>τῆς</strong></span> <span class='ocrx_word' id='word_1_179' title='bbox 2885 1251 3026 1306; x_wconf 87' lang='grc' dir='ltr'>κατὰ</span> <span class='ocrx_word' id='word_1_180' title='bbox 3057 1251 3282 1321; x_wconf 91' lang='grc' dir='ltr'>δύναμιν</span> <span class='ocrx_word' id='word_1_181' title='bbox 3303 1248 3512 1318; x_wconf 84' lang='grc' dir='ltr'>ἀποχῆς</span> <span class='ocrx_word' id='word_1_182' title='bbox 3535 1247 3630 1317; x_wconf 82' lang='grc' dir='ltr'>τὴν</span> <span class='ocrx_word' id='word_1_183' title='bbox 3656 1245 3746 1299; x_wconf 84' lang='grc' dir='ltr'>εύ-</span> 
     </span>
    </p>
   </div>
   <div class='ocr_carea' id='block_1_29' title="bbox 2181 1337 3749 1420">
    <p class='ocr_par' dir='ltr' id='par_1_29' title="bbox 2181 1337 3749 1420">
     <span class='ocr_line' id='line_1_29' title="bbox 2181 1337 3749 1420; baseline -0.01 -17"><span class='ocrx_word' id='word_1_184' title='bbox 2181 1350 2498 1420; x_wconf 86' lang='grc' dir='ltr'>δοκίμησιν·</span> <span class='ocrx_word' id='word_1_185' title='bbox 2534 1348 2596 1399; x_wconf 87' lang='grc' dir='ltr'><strong>ού</strong></span> <span class='ocrx_word' id='word_1_186' title='bbox 2642 1346 2749 1414; x_wconf 91' lang='grc' dir='ltr'><strong>γάρ</strong></span> <span class='ocrx_word' id='word_1_187' title='bbox 2800 1343 2906 1397; x_wconf 89' lang='grc' dir='ltr'><strong>τῶν</strong></span> <span class='ocrx_word' id='word_1_188' title='bbox 2951 1342 3090 1396; x_wconf 87' lang='grc' dir='ltr'>κατὰ</span> <span class='ocrx_word' id='word_1_189' title='bbox 3117 1341 3276 1409; x_wconf 85' lang='grc' dir='ltr'>φύσιν</span> <span class='ocrx_word' id='word_1_190' title='bbox 3306 1341 3339 1411; x_wconf 83' lang='grc' dir='ltr'>ὴ</span> <span class='ocrx_word' id='word_1_191' title='bbox 3382 1339 3574 1411; x_wconf 87' lang='grc' dir='ltr'>χρῆσις</span> <span class='ocrx_word' id='word_1_192' title='bbox 3608 1337 3749 1390; x_wconf 79' lang='grc' dir='ltr'>ποιεῖ</span> 
     </span>
    </p>
   </div>
   <div class='ocr_carea' id='block_1_30' title="bbox 2179 1428 3744 1510">
    <p class='ocr_par' dir='ltr' id='par_1_30' title="bbox 2179 1428 3744 1510">
     <span class='ocr_line' id='line_1_30' title="bbox 2179 1428 3744 1510; baseline -0.008 -18"><span class='ocrx_word' id='word_1_193' title='bbox 2179 1441 2278 1510; x_wconf 81' lang='grc' dir='ltr'><strong>τὴν</strong></span> <span class='ocrx_word' id='word_1_194' title='bbox 2309 1439 2581 1510; x_wconf 83' lang='grc' dir='ltr'>ἁμαρτίαν</span> <span class='ocrx_word' id='word_1_195' title='bbox 2603 1455 2617 1468; x_wconf 73' lang='grc' dir='ltr'><strong><em>ο</em></strong></span> <span class='ocrx_word' id='word_1_196' title='bbox 2661 1437 2804 1491; x_wconf 85' lang='grc' dir='ltr'>οἴνου</span> <span class='ocrx_word' id='word_1_197' title='bbox 2835 1436 2940 1507; x_wconf 88' lang='grc' dir='ltr'>γὰρ</span> <span class='ocrx_word' id='word_1_198' title='bbox 2970 1435 3030 1488; x_wconf 88' lang='grc' dir='ltr'><strong>τὸ</strong></span> <span class='ocrx_word' id='word_1_199' title='bbox 3058 1434 3274 1504; x_wconf 78' lang='grc' dir='ltr'>μέτριον</span> <span class='ocrx_word' id='word_1_200' title='bbox 3302 1432 3389 1501; x_wconf 83' lang='grc' dir='ltr'><strong>εῐη</strong></span> <span class='ocrx_word' id='word_1_201' title='bbox 3437 1429 3534 1501; x_wconf 86' lang='grc' dir='ltr'>μὲν</span> <span class='ocrx_word' id='word_1_202' title='bbox 3570 1428 3744 1498; x_wconf 70' lang='grc' dir='ltr'>σωτή-</span> 
     </span>
    </p>
   </div>
   <div class='ocr_carea' id='block_1_31' title="bbox 2184 1521 3742 1602">
    <p class='ocr_par' dir='ltr' id='par_1_31' title="bbox 2184 1521 3742 1602">
     <span class='ocr_line' id='line_1_31' title="bbox 2184 1521 3742 1602; baseline -0.008 -18"><span class='ocrx_word' id='word_1_203' title='bbox 2184 1547 2314 1601; x_wconf 75' lang='grc' dir='ltr'>ριονο</span> <span class='ocrx_word' id='word_1_204' title='bbox 2347 1530 2515 1602; x_wconf 80' lang='grc' dir='ltr'>μέθης</span> <span class='ocrx_word' id='word_1_205' title='bbox 2547 1529 2604 1582; x_wconf 83' lang='grc' dir='ltr'><strong>δέ</strong></span> <span class='ocrx_word' id='word_1_206' title='bbox 2630 1529 2691 1582; x_wconf 74' lang='grc' dir='ltr'>τὸ</span> <span class='ocrx_word' id='word_1_207' title='bbox 2722 1527 2889 1581; x_wconf 84' lang='grc' dir='ltr'>κακὸν</span> <span class='ocrx_word' id='word_1_208' title='bbox 2915 1527 3003 1580; x_wconf 81' lang='grc' dir='ltr'><strong>διὰ</strong></span> <span class='ocrx_word' id='word_1_209' title='bbox 3033 1527 3131 1596; x_wconf 82' lang='grc' dir='ltr'><strong>τῆς</strong></span> <span class='ocrx_word' id='word_1_210' title='bbox 3152 1522 3417 1595; x_wconf 86' lang='grc' dir='ltr'>ἀμετρίας</span> <span class='ocrx_word' id='word_1_211' title='bbox 3445 1521 3742 1589; x_wconf 77' lang='grc' dir='ltr'>εἰσάγεται.</span> 
     </span>
    </p>
   </div>
   <div class='ocr_carea' id='block_1_32' title="bbox 2250 1760 3740 1842">
    <p class='ocr_par' dir='ltr' id='par_1_32' title="bbox 2250 1760 3740 1842">
     <span class='ocr_line' id='line_1_32' title="bbox 2250 1760 3740 1842; baseline -0.005 -22"><span class='ocrx_word' id='word_1_212' title='bbox 2250 1765 2647 1842; x_wconf 77' lang='grc' dir='ltr'>Παραπλησίως</span> <span class='ocrx_word' id='word_1_213' title='bbox 2673 1764 2729 1817; x_wconf 86' lang='grc' dir='ltr'><strong>δέ</strong></span> <span class='ocrx_word' id='word_1_214' title='bbox 2762 1764 2855 1818; x_wconf 79' lang='grc' dir='ltr'>καὶ</span> <span class='ocrx_word' id='word_1_215' title='bbox 2885 1763 3091 1834; x_wconf 82' lang='grc' dir='ltr'>τροφῆς</span> <span class='ocrx_word' id='word_1_216' title='bbox 3121 1762 3218 1834; x_wconf 74' lang='grc' dir='ltr'><strong>τῆς</strong></span> <span class='ocrx_word' id='word_1_217' title='bbox 3249 1761 3389 1816; x_wconf 81' lang='grc' dir='ltr'>κατὰ</span> <span class='ocrx_word' id='word_1_218' title='bbox 3413 1760 3627 1830; x_wconf 88' lang='grc' dir='ltr'>φύσεως</span> <span class='ocrx_word' id='word_1_219' title='bbox 3642 1761 3740 1831; x_wconf 74' lang='grc' dir='ltr'>ἐμσ</span> 
     </span>
    </p>
   </div>
   <div class='ocr_carea' id='block_1_33' title="bbox 525 1845 2097 1946">
    <p class='ocr_par' dir='ltr' id='par_1_33' title="bbox 525 1845 2081 1931">
     <span class='ocr_line' id='line_1_33' title="bbox 525 1845 2081 1931; baseline -0.014 -15"><span class='ocrx_word' id='word_1_220' title='bbox 525 1861 685 1931; x_wconf 89' lang='lat' dir='ltr'><strong>culpa</strong></span> <span class='ocrx_word' id='word_1_221' title='bbox 713 1864 870 1913; x_wconf 88' lang='lat' dir='ltr'><strong>vacat</strong></span> <span class='ocrx_word' id='word_1_222' title='bbox 904 1873 915 1907; x_wconf 97' lang='lat'>:</span> <span class='ocrx_word' id='word_1_223' title='bbox 953 1857 1075 1926; x_wconf 81' lang='lat' dir='ltr'><strong>gula</strong></span> <span class='ocrx_word' id='word_1_224' title='bbox 1120 1870 1249 1910; x_wconf 90' lang='lat' dir='ltr'><strong>vero</strong></span> <span class='ocrx_word' id='word_1_225' title='bbox 1297 1853 1542 1923; x_wconf 83' lang='lat' dir='ltr'><strong>arguitur</strong></span> <span class='ocrx_word' id='word_1_226' title='bbox 1573 1859 1625 1906; x_wconf 91' lang='lat' dir='ltr'><strong>et</strong></span> <span class='ocrx_word' id='word_1_227' title='bbox 1667 1845 2081 1918; x_wconf 85' lang='lat' dir='ltr'><strong>reprehenditur</strong></span> 
     </span>
    </p>
   </div>
   <div class='ocr_carea' id='block_1_34' title="bbox 2180 1845 3744 1946">
    <p class='ocr_par' dir='ltr' id='par_1_34' title="bbox 2184 1853 3744 1930">
     <span class='ocr_line' id='line_1_34' title="bbox 2184 1853 3744 1930; baseline -0.006 -16"><span class='ocrx_word' id='word_1_228' title='bbox 2184 1861 2380 1930; x_wconf 84' lang='grc' dir='ltr'>μέτρου</span> <span class='ocrx_word' id='word_1_229' title='bbox 2403 1860 2691 1930; x_wconf 83' lang='grc' dir='ltr'>ἀναίτιοςὴ</span> <span class='ocrx_word' id='word_1_230' title='bbox 2717 1858 2910 1928; x_wconf 89' lang='grc' dir='ltr'>χρῆσις</span> <span class='ocrx_word' id='word_1_231' title='bbox 2927 1874 2940 1887; x_wconf 75' lang='grc' dir='ltr'><strong>ο</strong></span> <span class='ocrx_word' id='word_1_232' title='bbox 2968 1854 3376 1927; x_wconf 81' lang='grc' dir='ltr'>γαστριμαργία</span> <span class='ocrx_word' id='word_1_233' title='bbox 3400 1855 3456 1908; x_wconf 82' lang='grc' dir='ltr'><strong>δὲ</strong></span> <span class='ocrx_word' id='word_1_234' title='bbox 3481 1853 3559 1925; x_wconf 83' lang='grc' dir='ltr'>τῷ</span> <span class='ocrx_word' id='word_1_235' title='bbox 3582 1855 3744 1925; x_wconf 86' lang='grc' dir='ltr'>ὑπερ-</span> 
     </span>
    </p>
   </div>
   <div class='ocr_carea' id='block_1_35' title="bbox 525 1936 2078 2024">
    <p class='ocr_par' dir='ltr' id='par_1_35' title="bbox 525 1936 2078 2024">
     <span class='ocr_line' id='line_1_35' title="bbox 525 1936 2078 2024; baseline -0.011 -17"><span class='ocrx_word' id='word_1_236' title='bbox 525 1962 746 2024; x_wconf 89' lang='lat' dir='ltr'><strong>propter</strong></span> <span class='ocrx_word' id='word_1_237' title='bbox 779 1950 1027 2012; x_wconf 85' lang='lat' dir='ltr'><strong>nimium,</strong></span> <span class='ocrx_word' id='word_1_238' title='bbox 1053 1955 1106 2004; x_wconf 92' lang='lat' dir='ltr'><strong>et</strong></span> <span class='ocrx_word' id='word_1_239' title='bbox 1138 1947 1266 2018; x_wconf 87' lang='lat' dir='ltr'><strong>quia</strong></span> <span class='ocrx_word' id='word_1_240' title='bbox 1303 1955 1388 2002; x_wconf 91' lang='lat' dir='ltr'><strong>est</strong></span> <span class='ocrx_word' id='word_1_241' title='bbox 1425 1951 1621 2015; x_wconf 78' lang='lat' dir='ltr'><strong>praeter</strong></span> <span class='ocrx_word' id='word_1_242' title='bbox 1665 1942 1950 1996; x_wconf 91' lang='lat' dir='ltr'><strong>rationem.</strong></span> <span class='ocrx_word' id='word_1_243' title='bbox 1988 1936 2078 1991; x_wconf 86' lang='lat' dir='ltr'><strong>Sic</strong></span> 
     </span>
    </p>
   </div>
   <div class='ocr_carea' id='block_1_36' title="bbox 517 2031 2079 2113">
    <p class='ocr_par' dir='ltr' id='par_1_36' title="bbox 517 2031 2079 2113">
     <span class='ocr_line' id='line_1_36' title="bbox 517 2031 2079 2113; baseline -0.012 -12"><span class='ocrx_word' id='word_1_244' title='bbox 517 2049 689 2102; x_wconf 82' lang='lat' dir='ltr'><strong>etiam</strong></span> <span class='ocrx_word' id='word_1_245' title='bbox 705 2045 783 2099; x_wconf 92' lang='lat' dir='ltr'><strong>uti</strong></span> <span class='ocrx_word' id='word_1_246' title='bbox 802 2043 1036 2113; x_wconf 74' lang='lat' dir='ltr'><strong>legitime</strong></span> <span class='ocrx_word' id='word_1_247' title='bbox 1054 2048 1106 2095; x_wconf 90' lang='lat' dir='ltr'><strong>et</strong></span> <span class='ocrx_word' id='word_1_248' title='bbox 1131 2039 1406 2095; x_wconf 85' lang='lat' dir='ltr'><strong>moderate</strong></span> <span class='ocrx_word' id='word_1_249' title='bbox 1430 2037 1664 2108; x_wconf 90' lang='lat' dir='ltr'><strong>appetitu</strong></span> <span class='ocrx_word' id='word_1_250' title='bbox 1685 2031 1947 2089; x_wconf 87' lang='lat' dir='ltr'><strong>miscendi</strong></span> <span class='ocrx_word' id='word_1_251' title='bbox 1965 2045 2079 2086; x_wconf 89' lang='lat' dir='ltr'><strong>cor-</strong></span> 
     </span>
    </p>
   </div>
   <div class='ocr_carea' id='block_1_37' title="bbox 523 2126 2077 2210">
    <p class='ocr_par' dir='ltr' id='par_1_37' title="bbox 523 2126 2077 2210">
     <span class='ocr_line' id='line_1_37' title="bbox 523 2126 2077 2210; baseline -0.011 -19"><span class='ocrx_word' id='word_1_252' title='bbox 523 2140 693 2210; x_wconf 84' lang='lat' dir='ltr'><strong>poris,</strong></span> <span class='ocrx_word' id='word_1_253' title='bbox 749 2137 970 2191; x_wconf 79' lang='lat' dir='ltr'><strong>omnino</strong></span> <span class='ocrx_word' id='word_1_254' title='bbox 1020 2137 1168 2186; x_wconf 85' lang='lat' dir='ltr'><strong>caret</strong></span> <span class='ocrx_word' id='word_1_255' title='bbox 1215 2130 1467 2197; x_wconf 89' lang='lat' dir='ltr'><strong>crimine;</strong></span> <span class='ocrx_word' id='word_1_256' title='bbox 1517 2137 1708 2199; x_wconf 76' lang='lat' dir='ltr'><strong>praeter</strong></span> <span class='ocrx_word' id='word_1_257' title='bbox 1755 2126 1923 2196; x_wconf 85' lang='lat' dir='ltr'><strong>legem</strong></span> <span class='ocrx_word' id='word_1_258' title='bbox 1979 2137 2077 2175; x_wconf 91' lang='lat' dir='ltr'><strong>au-</strong></span> 
     </span>
    </p>
   </div>
   <div class='ocr_carea' id='block_1_38' title="bbox 525 2215 2072 2287">
    <p class='ocr_par' dir='ltr' id='par_1_38' title="bbox 525 2215 2072 2287">
     <span class='ocr_line' id='line_1_38' title="bbox 525 2215 2072 2287; baseline -0.011 -4"><span class='ocrx_word' id='word_1_259' title='bbox 525 2239 630 2283; x_wconf 90' lang='lat' dir='ltr'><strong>tem</strong></span> <span class='ocrx_word' id='word_1_260' title='bbox 659 2238 714 2282; x_wconf 88' lang='lat' dir='ltr'><strong>et</strong></span> <span class='ocrx_word' id='word_1_261' title='bbox 735 2225 1088 2282; x_wconf 86' lang='lat' dir='ltr'><strong>immoderate</strong></span> <span class='ocrx_word' id='word_1_262' title='bbox 1115 2223 1215 2287; x_wconf 90' lang='lat' dir='ltr'><strong>uti,</strong></span> <span class='ocrx_word' id='word_1_263' title='bbox 1237 2224 1441 2277; x_wconf 91' lang='lat' dir='ltr'><strong>crimen</strong></span> <span class='ocrx_word' id='word_1_264' title='bbox 1467 2222 1622 2276; x_wconf 80' lang='lat' dir='ltr'><strong>alTert</strong></span> <span class='ocrx_word' id='word_1_265' title='bbox 1649 2215 2072 2274; x_wconf 81' lang='lat' dir='ltr'><strong>incontinentiae.</strong></span> 
     </span>
    </p>
   </div>
   <div class='ocr_carea' id='block_1_39' title="bbox 525 2311 2082 2387">
    <p class='ocr_par' dir='ltr' id='par_1_39' title="bbox 525 2311 2082 2387">
     <span class='ocr_line' id='line_1_39' title="bbox 525 2311 2082 2387; baseline -0.01 -11"><span class='ocrx_word' id='word_1_266' title='bbox 525 2320 852 2376; x_wconf 65' lang='lat' dir='ltr'><strong>Manichaus</strong></span> <span class='ocrx_word' id='word_1_267' title='bbox 881 2318 1046 2387; x_wconf 82' lang='lat' dir='ltr'><strong>igitur</strong></span> <span class='ocrx_word' id='word_1_268' title='bbox 1078 2323 1130 2370; x_wconf 88' lang='lat' dir='ltr'><strong>et</strong></span> <span class='ocrx_word' id='word_1_269' title='bbox 1159 2315 1278 2384; x_wconf 85' lang='lat' dir='ltr'><strong>ejus</strong></span> <span class='ocrx_word' id='word_1_270' title='bbox 1307 2315 1528 2370; x_wconf 68' lang='lat' dir='ltr'><strong>asseclaa</strong></span> <span class='ocrx_word' id='word_1_271' title='bbox 1563 2312 1694 2365; x_wconf 89' lang='lat' dir='ltr'><strong>nihil</strong></span> <span class='ocrx_word' id='word_1_272' title='bbox 1732 2311 1940 2364; x_wconf 89' lang='lat' dir='ltr'><strong>ratione</strong></span> <span class='ocrx_word' id='word_1_273' title='bbox 1964 2322 2082 2377; x_wconf 89' lang='lat' dir='ltr'><strong>per-</strong></span> 
     </span>
    </p>
   </div>
   <div class='ocr_carea' id='block_1_40' title="bbox 526 2401 2076 2484">
    <p class='ocr_par' dir='ltr' id='par_1_40' title="bbox 526 2401 2076 2484">
     <span class='ocr_line' id='line_1_40' title="bbox 526 2401 2076 2484; baseline -0.011 -15"><span class='ocrx_word' id='word_1_274' title='bbox 526 2415 841 2484; x_wconf 89' lang='lat' dir='ltr'><strong>spicientes,</strong></span> <span class='ocrx_word' id='word_1_275' title='bbox 882 2411 1063 2466; x_wconf 85' lang='lat' dir='ltr'><strong>omnia</strong></span> <span class='ocrx_word' id='word_1_276' title='bbox 1096 2409 1337 2464; x_wconf 81' lang='lat' dir='ltr'><strong>furenter</strong></span> <span class='ocrx_word' id='word_1_277' title='bbox 1363 2403 1708 2462; x_wconf 90' lang='lat' dir='ltr'><strong>contumeliis</strong></span> <span class='ocrx_word' id='word_1_278' title='bbox 1738 2401 2034 2457; x_wconf 71' lang='lat' dir='ltr'><strong>aﬂ‘ecerunt</strong></span> <span class='ocrx_word' id='word_1_279' title='bbox 2062 2417 2076 2453; x_wconf 90' lang='lat'>:</span> 
     </span>
    </p>
   </div>
   <div class='ocr_carea' id='block_1_41' title="bbox 524 2493 2079 2574">
    <p class='ocr_par' dir='ltr' id='par_1_41' title="bbox 524 2493 2079 2574">
     <span class='ocr_line' id='line_1_41' title="bbox 524 2493 2079 2574; baseline -0.009 -14"><span class='ocrx_word' id='word_1_280' title='bbox 524 2515 783 2574; x_wconf 78' lang='lat' dir='ltr'><strong>tanquam</strong></span> <span class='ocrx_word' id='word_1_281' title='bbox 817 2505 995 2558; x_wconf 86' lang='lat' dir='ltr'><strong>omnis</strong></span> <span class='ocrx_word' id='word_1_282' title='bbox 1032 2501 1301 2572; x_wconf 86' lang='lat' dir='ltr'><strong>cupiditas</strong></span> <span class='ocrx_word' id='word_1_283' title='bbox 1345 2499 1416 2553; x_wconf 90' lang='lat' dir='ltr'><strong>sit</strong></span> <span class='ocrx_word' id='word_1_284' title='bbox 1465 2498 1625 2559; x_wconf 91' lang='lat' dir='ltr'><strong>mala,</strong></span> <span class='ocrx_word' id='word_1_285' title='bbox 1661 2495 1822 2564; x_wconf 92' lang='lat' dir='ltr'><strong>cujus</strong></span> <span class='ocrx_word' id='word_1_286' title='bbox 1861 2493 2079 2564; x_wconf 90' lang='lat' dir='ltr'><strong>quidem</strong></span> 
     </span>
    </p>
   </div>
   <div class='ocr_carea' id='block_1_42' title="bbox 525 2579 2079 2662">
    <p class='ocr_par' dir='ltr' id='par_1_42' title="bbox 525 2579 2079 2662">
     <span class='ocr_line' id='line_1_42' title="bbox 525 2579 2079 2662; baseline -0.012 -13"><span class='ocrx_word' id='word_1_287' title='bbox 525 2595 718 2649; x_wconf 85' lang='lat' dir='ltr'><strong>modus</strong></span> <span class='ocrx_word' id='word_1_288' title='bbox 751 2604 804 2649; x_wconf 91' lang='lat' dir='ltr'><strong>et</strong></span> <span class='ocrx_word' id='word_1_289' title='bbox 834 2597 1314 2662; x_wconf 86' lang='lat' dir='ltr'><strong>temperamentum</strong></span> <span class='ocrx_word' id='word_1_290' title='bbox 1343 2585 1640 2654; x_wconf 74' lang='lat' dir='ltr'><strong>legitimum</strong></span> <span class='ocrx_word' id='word_1_291' title='bbox 1676 2588 1830 2636; x_wconf 80' lang='lat' dir='ltr'><strong>extra</strong></span> <span class='ocrx_word' id='word_1_292' title='bbox 1865 2579 2079 2648; x_wconf 87' lang='lat' dir='ltr'><strong>culpam</strong></span> 
     </span>
    </p>
   </div>
   <div class='ocr_carea' id='block_1_43' title="bbox 523 2674 2080 2749">
    <p class='ocr_par' dir='ltr' id='par_1_43' title="bbox 523 2674 2080 2749">
     <span class='ocr_line' id='line_1_43' title="bbox 523 2674 2080 2749; baseline -0.013 -6"><span class='ocrx_word' id='word_1_293' title='bbox 523 2697 578 2743; x_wconf 89' lang='lat' dir='ltr'><strong>et</strong></span> <span class='ocrx_word' id='word_1_294' title='bbox 607 2687 815 2741; x_wconf 85' lang='lat' dir='ltr'><strong>crimen</strong></span> <span class='ocrx_word' id='word_1_295' title='bbox 843 2691 926 2740; x_wconf 88' lang='lat' dir='ltr'><strong>est</strong></span> <span class='ocrx_word' id='word_1_296' title='bbox 954 2703 964 2736; x_wconf 98' lang='lat'>:</span> <span class='ocrx_word' id='word_1_297' title='bbox 986 2681 1311 2737; x_wconf 86' lang='lat' dir='ltr'><strong>abstinentia</strong></span> <span class='ocrx_word' id='word_1_298' title='bbox 1334 2694 1462 2734; x_wconf 90' lang='lat' dir='ltr'><strong>vero</strong></span> <span class='ocrx_word' id='word_1_299' title='bbox 1482 2691 1581 2749; x_wconf 90' lang='lat' dir='ltr'><strong>pro</strong></span> <span class='ocrx_word' id='word_1_300' title='bbox 1601 2674 1809 2730; x_wconf 89' lang='lat' dir='ltr'><strong>viribus</strong></span> <span class='ocrx_word' id='word_1_301' title='bbox 1839 2677 2080 2742; x_wconf 84' lang='lat' dir='ltr'><strong>spectata</strong></span> 
     </span>
    </p>
   </div>
   <div class='ocr_carea' id='block_1_44' title="bbox 523 2774 1370 2835">
    <p class='ocr_par' dir='ltr' id='par_1_44' title="bbox 523 2774 1370 2835">
     <span class='ocr_line' id='line_1_44' title="bbox 523 2774 1370 2835; baseline -0.012 0"><span class='ocrx_word' id='word_1_302' title='bbox 523 2781 644 2835; x_wconf 85' lang='lat' dir='ltr'><strong>laus</strong></span> <span class='ocrx_word' id='word_1_303' title='bbox 671 2788 754 2835; x_wconf 90' lang='lat' dir='ltr'><strong>est</strong></span> <span class='ocrx_word' id='word_1_304' title='bbox 783 2777 1116 2832; x_wconf 84' lang='lat' dir='ltr'><strong>admirabilis</strong></span> <span class='ocrx_word' id='word_1_305' title='bbox 1142 2774 1370 2828; x_wconf 88' lang='lat' dir='ltr'><strong>virtutis.</strong></span> 
     </span>
    </p>
   </div>
   <div class='ocr_carea' id='block_1_45' title="bbox 599 2855 2074 2939">
    <p class='ocr_par' dir='ltr' id='par_1_45' title="bbox 599 2855 2074 2939">
     <span class='ocr_line' id='line_1_45' title="bbox 599 2855 2074 2939; baseline -0.013 -13"><span class='ocrx_word' id='word_1_306' title='bbox 599 2870 655 2925; x_wconf 91' lang='lat' dir='ltr'><strong>Si</strong></span> <span class='ocrx_word' id='word_1_307' title='bbox 670 2871 816 2926; x_wconf 88' lang='lat' dir='ltr'><strong>enim</strong></span> <span class='ocrx_word' id='word_1_308' title='bbox 835 2869 958 2939; x_wconf 89' lang='lat' dir='ltr'><strong>quis</strong></span> <span class='ocrx_word' id='word_1_309' title='bbox 987 2866 1266 2922; x_wconf 91' lang='lat' dir='ltr'><strong>abstinens</strong></span> <span class='ocrx_word' id='word_1_310' title='bbox 1295 2860 1584 2918; x_wconf 83' lang='lat' dir='ltr'><strong>laudabilis</strong></span> <span class='ocrx_word' id='word_1_311' title='bbox 1605 2866 1687 2914; x_wconf 90' lang='lat' dir='ltr'><strong>est</strong></span> <span class='ocrx_word' id='word_1_312' title='bbox 1715 2857 1858 2928; x_wconf 92' lang='lat' dir='ltr'><strong>apud</strong></span> <span class='ocrx_word' id='word_1_313' title='bbox 1884 2855 2074 2919; x_wconf 91' lang='lat' dir='ltr'><strong>Deum,</strong></span> 
     </span>
    </p>
   </div>
   <div class='ocr_carea' id='block_1_46' title="bbox 524 2949 2078 3030">
    <p class='ocr_par' dir='ltr' id='par_1_46' title="bbox 524 2949 2078 3030">
     <span class='ocr_line' id='line_1_46' title="bbox 524 2949 2078 3030; baseline -0.012 -11"><span class='ocrx_word' id='word_1_314' title='bbox 524 2978 633 3019; x_wconf 87' lang='lat' dir='ltr'><strong>non</strong></span> <span class='ocrx_word' id='word_1_315' title='bbox 664 2962 805 3017; x_wconf 86' lang='lat' dir='ltr'><strong>male</strong></span> <span class='ocrx_word' id='word_1_316' title='bbox 829 2963 886 3015; x_wconf 88' lang='lat' dir='ltr'><strong>in</strong></span> <span class='ocrx_word' id='word_1_317' title='bbox 905 2965 1178 3030; x_wconf 86' lang='lat' dir='ltr'><strong>potestate</strong></span> <span class='ocrx_word' id='word_1_318' title='bbox 1203 2955 1322 3026; x_wconf 91' lang='lat' dir='ltr'><strong>ejus</strong></span> <span class='ocrx_word' id='word_1_319' title='bbox 1358 2961 1461 3022; x_wconf 91' lang='lat' dir='ltr'><strong>est,</strong></span> <span class='ocrx_word' id='word_1_320' title='bbox 1492 2954 1546 3009; x_wconf 91' lang='lat' dir='ltr'><strong>id</strong></span> <span class='ocrx_word' id='word_1_321' title='bbox 1567 2952 1725 3022; x_wconf 88' lang='lat' dir='ltr'><strong>cujus</strong></span> <span class='ocrx_word' id='word_1_322' title='bbox 1751 2949 2078 3004; x_wconf 82' lang='lat' dir='ltr'><strong>abstinentia</strong></span> 
     </span>
    </p>
   </div>
   <div class='ocr_carea' id='block_1_47' title="bbox 523 3041 2080 3122">
    <p class='ocr_par' dir='ltr' id='par_1_47' title="bbox 523 3041 2080 3122">
     <span class='ocr_line' id='line_1_47' title="bbox 523 3041 2080 3122; baseline -0.01 -13"><span class='ocrx_word' id='word_1_323' title='bbox 523 3055 755 3110; x_wconf 77' lang='lat' dir='ltr'><strong>cilicium</strong></span> <span class='ocrx_word' id='word_1_324' title='bbox 805 3059 890 3107; x_wconf 89' lang='lat' dir='ltr'><strong>est</strong></span> <span class='ocrx_word' id='word_1_325' title='bbox 929 3049 1184 3122; x_wconf 67' lang='lat' dir='ltr'><strong>perfectae</strong></span> <span class='ocrx_word' id='word_1_326' title='bbox 1221 3046 1460 3103; x_wconf 90' lang='lat' dir='ltr'><strong>virtutis.</strong></span> <span class='ocrx_word' id='word_1_327' title='bbox 1522 3045 1754 3099; x_wconf 80' lang='lat' dir='ltr'><strong>Maxima</strong></span> <span class='ocrx_word' id='word_1_328' title='bbox 1805 3042 1950 3097; x_wconf 93' lang='lat' dir='ltr'><strong>enim</strong></span> <span class='ocrx_word' id='word_1_329' title='bbox 1996 3041 2080 3110; x_wconf 91' lang='lat' dir='ltr'><strong>ja-</strong></span> 
     </span>
    </p>
   </div>
   <div class='ocr_carea' id='block_1_48' title="bbox 521 3138 2080 3214">
    <p class='ocr_par' dir='ltr' id='par_1_48' title="bbox 521 3138 2080 3214">
     <span class='ocr_line' id='line_1_48' title="bbox 521 3138 2080 3214; baseline -0.012 -11"><span class='ocrx_word' id='word_1_330' title='bbox 521 3159 680 3203; x_wconf 86' lang='lat' dir='ltr'><strong>ctura</strong></span> <span class='ocrx_word' id='word_1_331' title='bbox 731 3145 917 3210; x_wconf 85' lang='lat' dir='ltr'><strong>ﬁeret,</strong></span> <span class='ocrx_word' id='word_1_332' title='bbox 950 3143 997 3198; x_wconf 93' lang='lat' dir='ltr'><strong>si</strong></span> <span class='ocrx_word' id='word_1_333' title='bbox 1031 3144 1084 3197; x_wconf 89' lang='lat' dir='ltr'><strong>in</strong></span> <span class='ocrx_word' id='word_1_334' title='bbox 1114 3147 1382 3214; x_wconf 88' lang='lat' dir='ltr'><strong>potestate</strong></span> <span class='ocrx_word' id='word_1_335' title='bbox 1426 3138 1546 3208; x_wconf 90' lang='lat' dir='ltr'><strong>ejus</strong></span> <span class='ocrx_word' id='word_1_336' title='bbox 1591 3151 1700 3192; x_wconf 90' lang='lat' dir='ltr'><strong>non</strong></span> <span class='ocrx_word' id='word_1_337' title='bbox 1750 3141 1915 3196; x_wconf 88' lang='lat' dir='ltr'><strong>esset,</strong></span> <span class='ocrx_word' id='word_1_338' title='bbox 1960 3141 2080 3186; x_wconf 89' lang='lat' dir='ltr'><strong>tan-</strong></span> 
     </span>
    </p>
   </div>
   <div class='ocr_carea' id='block_1_49' title="bbox 2184 1945 3746 2022">
    <p class='ocr_par' dir='ltr' id='par_1_49' title="bbox 2184 1945 3746 2022">
     <span class='ocr_line' id='line_1_49' title="bbox 2184 1945 3746 2022; baseline -0.004 -17"><span class='ocrx_word' id='word_1_339' title='bbox 2184 1952 2427 2007; x_wconf 83' lang='grc' dir='ltr'>ϐάλλοντι</span> <span class='ocrx_word' id='word_1_340' title='bbox 2461 1951 2763 2022; x_wconf 85' lang='grc' dir='ltr'>παράλογος</span> <span class='ocrx_word' id='word_1_341' title='bbox 2796 1949 3094 2020; x_wconf 81' lang='grc' dir='ltr'>ἐλέγχεται.</span> <span class='ocrx_word' id='word_1_342' title='bbox 3120 1947 3272 2002; x_wconf 82' lang='grc' dir='ltr'>Οὖτω</span> <span class='ocrx_word' id='word_1_343' title='bbox 3293 1947 3355 2018; x_wconf 85' lang='grc' dir='ltr'><strong>δὴ</strong></span> <span class='ocrx_word' id='word_1_344' title='bbox 3383 1947 3476 2001; x_wconf 74' lang='grc' dir='ltr'>καὶ</span> <span class='ocrx_word' id='word_1_345' title='bbox 3497 1950 3594 2018; x_wconf 78' lang='grc' dir='ltr'><strong>τῆς</strong></span> <span class='ocrx_word' id='word_1_346' title='bbox 3612 1945 3746 2017; x_wconf 69' lang='grc' dir='ltr'>πρὸς</span> 
     </span>
    </p>
   </div>
   <div class='ocr_carea' id='block_1_50' title="bbox 2182 2039 3743 2116">
    <p class='ocr_par' dir='ltr' id='par_1_50' title="bbox 2182 2039 3743 2116">
     <span class='ocr_line' id='line_1_50' title="bbox 2182 2039 3743 2116; baseline -0.005 -18"><span class='ocrx_word' id='word_1_347' title='bbox 2182 2046 2280 2110; x_wconf 77' lang='grc' dir='ltr'>τὰς</span> <span class='ocrx_word' id='word_1_348' title='bbox 2314 2043 2484 2116; x_wconf 83' lang='grc' dir='ltr'>μίξεις</span> <span class='ocrx_word' id='word_1_349' title='bbox 2511 2043 2740 2116; x_wconf 82' lang='grc' dir='ltr'>ὀρέξεως</span> <span class='ocrx_word' id='word_1_350' title='bbox 2765 2044 2798 2114; x_wconf 86' lang='grc' dir='ltr'><strong>ἡ</strong></span> <span class='ocrx_word' id='word_1_351' title='bbox 2840 2044 2935 2114; x_wconf 82' lang='grc' dir='ltr'>μὲν</span> <span class='ocrx_word' id='word_1_352' title='bbox 2968 2043 3194 2114; x_wconf 85' lang='grc' dir='ltr'>νόμιμος</span> <span class='ocrx_word' id='word_1_353' title='bbox 3221 2041 3413 2111; x_wconf 90' lang='grc' dir='ltr'>χρῆσις</span> <span class='ocrx_word' id='word_1_354' title='bbox 3444 2041 3538 2093; x_wconf 71' lang='grc' dir='ltr'><strong>καὶ</strong></span> <span class='ocrx_word' id='word_1_355' title='bbox 3575 2039 3743 2110; x_wconf 82' lang='grc' dir='ltr'>μέτρα</span> 
     </span>
    </p>
   </div>
   <div class='ocr_carea' id='block_1_51' title="bbox 2183 2131 3744 2208">
    <p class='ocr_par' dir='ltr' id='par_1_51' title="bbox 2183 2131 3744 2208">
     <span class='ocr_line' id='line_1_51' title="bbox 2183 2131 3744 2208; baseline -0.006 -16"><span class='ocrx_word' id='word_1_356' title='bbox 2183 2137 2522 2208; x_wconf 87' lang='grc' dir='ltr'>γινώσκουσα</span> <span class='ocrx_word' id='word_1_357' title='bbox 2570 2137 2895 2207; x_wconf 84' lang='grc' dir='ltr'>ἀνέγκλητος</span> <span class='ocrx_word' id='word_1_358' title='bbox 2929 2134 3230 2199; x_wconf 54' lang='grc' dir='ltr'>παντελῶς</span> <span class='ocrx_word' id='word_1_359' title='bbox 3274 2135 3307 2205; x_wconf 83' lang='grc' dir='ltr'>ἡ</span> <span class='ocrx_word' id='word_1_360' title='bbox 3348 2134 3404 2187; x_wconf 86' lang='grc' dir='ltr'><strong>δέ</strong></span> <span class='ocrx_word' id='word_1_361' title='bbox 3434 2131 3744 2205; x_wconf 81' lang='grc' dir='ltr'>παράνομός</span> 
     </span>
    </p>
   </div>
   <div class='ocr_carea' id='block_1_52' title="bbox 2183 2225 3742 2302">
    <p class='ocr_par' dir='ltr' id='par_1_52' title="bbox 2183 2225 3742 2302">
     <span class='ocr_line' id='line_1_52' title="bbox 2183 2225 3742 2302; baseline -0.005 -17"><span class='ocrx_word' id='word_1_362' title='bbox 2183 2249 2242 2285; x_wconf 89' lang='grc' dir='ltr'><strong>τε</strong></span> <span class='ocrx_word' id='word_1_363' title='bbox 2267 2230 2359 2284; x_wconf 77' lang='grc' dir='ltr'><strong>καὶ</strong></span> <span class='ocrx_word' id='word_1_364' title='bbox 2401 2231 2634 2302; x_wconf 79' lang='grc' dir='ltr'>ἄμετρος</span> <span class='ocrx_word' id='word_1_365' title='bbox 2659 2230 2757 2301; x_wconf 92' lang='grc' dir='ltr'><strong>τῆς</strong></span> <span class='ocrx_word' id='word_1_366' title='bbox 2784 2227 3074 2291; x_wconf 82' lang='grc' dir='ltr'>ἀκολασίας</span> <span class='ocrx_word' id='word_1_367' title='bbox 3103 2227 3363 2298; x_wconf 85' lang='grc' dir='ltr'>προσάγει</span> <span class='ocrx_word' id='word_1_368' title='bbox 3386 2226 3447 2278; x_wconf 82' lang='grc' dir='ltr'>τὸ</span> <span class='ocrx_word' id='word_1_369' title='bbox 3475 2225 3742 2295; x_wconf 74' lang='grc' dir='ltr'>ἔγκλημα.</span> 
     </span>
    </p>
   </div>
   <div class='ocr_carea' id='block_1_53' title="bbox 2183 2317 3744 2395">
    <p class='ocr_par' dir='ltr' id='par_1_53' title="bbox 2183 2317 3744 2395">
     <span class='ocr_line' id='line_1_53' title="bbox 2183 2317 3744 2395; baseline -0.005 -18"><span class='ocrx_word' id='word_1_370' title='bbox 2183 2324 2363 2395; x_wconf 79' lang='grc' dir='ltr'>Μηδὲν</span> <span class='ocrx_word' id='word_1_371' title='bbox 2409 2324 2586 2376; x_wconf 88' lang='grc' dir='ltr'>τοίνυν</span> <span class='ocrx_word' id='word_1_372' title='bbox 2625 2322 2702 2393; x_wconf 87' lang='grc' dir='ltr'>τῷ</span> <span class='ocrx_word' id='word_1_373' title='bbox 2731 2319 2972 2391; x_wconf 87' lang='grc' dir='ltr'>λογισμῷ</span> <span class='ocrx_word' id='word_1_374' title='bbox 3013 2321 3148 2391; x_wconf 79' lang='grc' dir='ltr'>μήτε</span> <span class='ocrx_word' id='word_1_375' title='bbox 3179 2322 3206 2372; x_wconf 88' lang='grc' dir='ltr'>ὁ</span> <span class='ocrx_word' id='word_1_376' title='bbox 3239 2320 3430 2388; x_wconf 84' lang='grc' dir='ltr'>Μάνης</span> <span class='ocrx_word' id='word_1_377' title='bbox 3463 2317 3744 2386; x_wconf 85' lang='grc' dir='ltr'>καθεωρα-</span> 
     </span>
    </p>
   </div>
   <div class='ocr_carea' id='block_1_54' title="bbox 2185 2407 3745 2485">
    <p class='ocr_par' dir='ltr' id='par_1_54' title="bbox 2185 2407 3745 2485">
     <span class='ocr_line' id='line_1_54' title="bbox 2185 2407 3745 2485; baseline -0.005 -16"><span class='ocrx_word' id='word_1_378' title='bbox 2185 2415 2313 2478; x_wconf 78' lang='grc' dir='ltr'>κὼς,</span> <span class='ocrx_word' id='word_1_379' title='bbox 2330 2416 2464 2485; x_wconf 88' lang='grc' dir='ltr'>μήτε</span> <span class='ocrx_word' id='word_1_380' title='bbox 2489 2417 2537 2468; x_wconf 90' lang='grc' dir='ltr'>οἱ</span> <span class='ocrx_word' id='word_1_381' title='bbox 2563 2414 2621 2479; x_wconf 79' lang='grc' dir='ltr'>ἐξ</span> <span class='ocrx_word' id='word_1_382' title='bbox 2644 2415 2848 2467; x_wconf 82' lang='grc' dir='ltr'>ἐκείνου</span> <span class='ocrx_word' id='word_1_383' title='bbox 2879 2415 3054 2466; x_wconf 88' lang='grc' dir='ltr'>πάντα</span> <span class='ocrx_word' id='word_1_384' title='bbox 3073 2413 3325 2484; x_wconf 82' lang='grc' dir='ltr'>φέροντες</span> <span class='ocrx_word' id='word_1_385' title='bbox 3351 2411 3590 2482; x_wconf 80' lang='grc' dir='ltr'>μανικῶς</span> <span class='ocrx_word' id='word_1_386' title='bbox 3615 2407 3745 2463; x_wconf 87' lang='grc' dir='ltr'>καθ-</span> 
     </span>
    </p>
   </div>
   <div class='ocr_carea' id='block_1_55' title="bbox 2187 2498 3744 2579">
    <p class='ocr_par' dir='ltr' id='par_1_55' title="bbox 2187 2498 3744 2579">
     <span class='ocr_line' id='line_1_55' title="bbox 2187 2498 3744 2579; baseline -0.004 -17"><span class='ocrx_word' id='word_1_387' title='bbox 2187 2509 2429 2579; x_wconf 83' lang='grc' dir='ltr'>ύϐρισαν,</span> <span class='ocrx_word' id='word_1_388' title='bbox 2457 2509 2531 2572; x_wconf 87' lang='grc' dir='ltr'>ὡς</span> <span class='ocrx_word' id='word_1_389' title='bbox 2567 2509 2745 2578; x_wconf 84' lang='grc' dir='ltr'>πάσης</span> <span class='ocrx_word' id='word_1_390' title='bbox 2787 2507 3078 2578; x_wconf 81' lang='grc' dir='ltr'>ἐπιθυμίας</span> <span class='ocrx_word' id='word_1_391' title='bbox 3125 2505 3289 2577; x_wconf 78' lang='grc' dir='ltr'>ούσης</span> <span class='ocrx_word' id='word_1_392' title='bbox 3334 2505 3538 2575; x_wconf 75' lang='grc' dir='ltr'>κακῆςο</span> <span class='ocrx_word' id='word_1_393' title='bbox 3572 2498 3639 2576; x_wconf 76' lang='grc' dir='ltr'>ἦς</span> <span class='ocrx_word' id='word_1_394' title='bbox 3683 2503 3744 2556; x_wconf 81' lang='grc' dir='ltr'><strong>τὸ</strong></span> 
     </span>
    </p>
   </div>
   <div class='ocr_carea' id='block_1_56' title="bbox 2189 2597 3744 2673">
    <p class='ocr_par' dir='ltr' id='par_1_56' title="bbox 2189 2597 3744 2673">
     <span class='ocr_line' id='line_1_56' title="bbox 2189 2597 3744 2673; baseline -0.004 -18"><span class='ocrx_word' id='word_1_395' title='bbox 2189 2602 2381 2673; x_wconf 81' lang='grc' dir='ltr'>μέτρον</span> <span class='ocrx_word' id='word_1_396' title='bbox 2430 2601 2525 2672; x_wconf 84' lang='grc' dir='ltr'><strong>μὲν</strong></span> <span class='ocrx_word' id='word_1_397' title='bbox 2573 2601 2818 2672; x_wconf 88' lang='grc' dir='ltr'>νομίμως</span> <span class='ocrx_word' id='word_1_398' title='bbox 2871 2600 3138 2654; x_wconf 84' lang='grc' dir='ltr'>ἀναίτιον·</span> <span class='ocrx_word' id='word_1_399' title='bbox 3175 2601 3208 2670; x_wconf 79' lang='grc' dir='ltr'>ἡ</span> <span class='ocrx_word' id='word_1_400' title='bbox 3249 2599 3305 2652; x_wconf 85' lang='grc' dir='ltr'><strong>δὲ</strong></span> <span class='ocrx_word' id='word_1_401' title='bbox 3342 2597 3482 2651; x_wconf 86' lang='grc' dir='ltr'><strong>κατά</strong></span> <span class='ocrx_word' id='word_1_402' title='bbox 3518 2597 3744 2669; x_wconf 80' lang='grc' dir='ltr'>δύναμιν</span> 
     </span>
    </p>
   </div>
   <div class='ocr_carea' id='block_1_57' title="bbox 2184 2691 3546 2765">
    <p class='ocr_par' dir='ltr' id='par_1_57' title="bbox 2184 2691 3546 2765">
     <span class='ocr_line' id='line_1_57' title="bbox 2184 2691 3546 2765; baseline -0.003 -18"><span class='ocrx_word' id='word_1_403' title='bbox 2184 2694 2362 2765; x_wconf 80' lang='grc' dir='ltr'>ἀποχὴ</span> <span class='ocrx_word' id='word_1_404' title='bbox 2391 2694 2483 2747; x_wconf 74' lang='grc' dir='ltr'>καὶ</span> <span class='ocrx_word' id='word_1_405' title='bbox 2512 2693 2815 2765; x_wconf 85' lang='grc' dir='ltr'>θαυμασίας</span> <span class='ocrx_word' id='word_1_406' title='bbox 2845 2710 2907 2761; x_wconf 91' lang='grc' dir='ltr'><strong>γε</strong></span> <span class='ocrx_word' id='word_1_407' title='bbox 2944 2693 3143 2763; x_wconf 87' lang='grc' dir='ltr'>ἀρετῆς</span> <span class='ocrx_word' id='word_1_408' title='bbox 3178 2691 3546 2762; x_wconf 83' lang='grc' dir='ltr'>εὐδοκίμησις.</span> 
     </span>
    </p>
   </div>
   <div class='ocr_carea' id='block_1_58' title="bbox 2252 2866 3739 2940">
    <p class='ocr_par' dir='ltr' id='par_1_58' title="bbox 2252 2866 3739 2940">
     <span class='ocr_line' id='line_1_58' title="bbox 2252 2866 3739 2940; baseline -0.001 -18"><span class='ocrx_word' id='word_1_409' title='bbox 2252 2871 2314 2922; x_wconf 87' lang='grc' dir='ltr'><strong>Εἰ</strong></span> <span class='ocrx_word' id='word_1_410' title='bbox 2367 2870 2473 2939; x_wconf 83' lang='grc' dir='ltr'><strong>γάρ</strong></span> <span class='ocrx_word' id='word_1_411' title='bbox 2523 2869 2854 2940; x_wconf 84' lang='grc' dir='ltr'>ἀπεχόμενός</span> <span class='ocrx_word' id='word_1_412' title='bbox 2896 2887 2979 2932; x_wconf 87' lang='grc' dir='ltr'><strong>τις</strong></span> <span class='ocrx_word' id='word_1_413' title='bbox 3023 2867 3300 2932; x_wconf 79' lang='grc' dir='ltr'>ἐπαινετὸς</span> <span class='ocrx_word' id='word_1_414' title='bbox 3336 2867 3487 2940; x_wconf 86' lang='grc' dir='ltr'><strong>παρά</strong></span> <span class='ocrx_word' id='word_1_415' title='bbox 3515 2866 3648 2938; x_wconf 83' lang='grc' dir='ltr'>Θεῷ,</span> <span class='ocrx_word' id='word_1_416' title='bbox 3674 2868 3739 2920; x_wconf 86' lang='grc' dir='ltr'><strong>ού</strong></span> 
     </span>
    </p>
   </div>
   <div class='ocr_carea' id='block_1_59' title="bbox 2185 2956 3740 3034">
    <p class='ocr_par' dir='ltr' id='par_1_59' title="bbox 2185 2956 3740 3034">
     <span class='ocr_line' id='line_1_59' title="bbox 2185 2956 3740 3034; baseline -0.002 -18"><span class='ocrx_word' id='word_1_417' title='bbox 2185 2962 2366 3026; x_wconf 88' lang='grc' dir='ltr'>κακῶς</span> <span class='ocrx_word' id='word_1_418' title='bbox 2390 2979 2453 3030; x_wconf 91' lang='grc' dir='ltr'><strong>γε</strong></span> <span class='ocrx_word' id='word_1_419' title='bbox 2474 2964 2647 3015; x_wconf 85' lang='grc' dir='ltr'>ἐκεῖνο</span> <span class='ocrx_word' id='word_1_420' title='bbox 2666 2964 2730 3032; x_wconf 80' lang='grc' dir='ltr'>τῇ</span> <span class='ocrx_word' id='word_1_421' title='bbox 2755 2961 2970 3033; x_wconf 76' lang='grc' dir='ltr'>ἐξουσίᾳ</span> <span class='ocrx_word' id='word_1_422' title='bbox 2995 2963 3339 3034; x_wconf 84' lang='grc' dir='ltr'>παράκειται,</span> <span class='ocrx_word' id='word_1_423' title='bbox 3360 2956 3419 3014; x_wconf 75' lang='grc' dir='ltr'>οὗ</span> <span class='ocrx_word' id='word_1_424' title='bbox 3435 2977 3496 3029; x_wconf 89' lang='grc' dir='ltr'><strong>γε</strong></span> <span class='ocrx_word' id='word_1_425' title='bbox 3515 2963 3547 3032; x_wconf 86' lang='grc' dir='ltr'>ἡ</span> <span class='ocrx_word' id='word_1_426' title='bbox 3567 2961 3740 3032; x_wconf 80' lang='grc' dir='ltr'>ἀποχὴ</span> 
     </span>
    </p>
   </div>
   <div class='ocr_carea' id='block_1_60' title="bbox 2184 3046 3740 3123">
    <p class='ocr_par' dir='ltr' id='par_1_60' title="bbox 2184 3046 3740 3123">
     <span class='ocr_line' id='line_1_60' title="bbox 2184 3046 3740 3123; baseline -0.001 -17"><span class='ocrx_word' id='word_1_427' title='bbox 2184 3053 2389 3115; x_wconf 85' lang='grc' dir='ltr'>τελείας</span> <span class='ocrx_word' id='word_1_428' title='bbox 2413 3054 2607 3123; x_wconf 84' lang='grc' dir='ltr'>ἀρετῆς</span> <span class='ocrx_word' id='word_1_429' title='bbox 2623 3052 2949 3123; x_wconf 85' lang='grc' dir='ltr'>κατόρθωμα</span> <span class='ocrx_word' id='word_1_430' title='bbox 2967 3069 2981 3082; x_wconf 78' lang='grc' dir='ltr'><strong>ο</strong></span> <span class='ocrx_word' id='word_1_431' title='bbox 3009 3052 3178 3122; x_wconf 78' lang='grc' dir='ltr'>ζημία</span> <span class='ocrx_word' id='word_1_432' title='bbox 3200 3051 3306 3123; x_wconf 86' lang='grc' dir='ltr'><strong>γάρ</strong></span> <span class='ocrx_word' id='word_1_433' title='bbox 3320 3046 3406 3122; x_wconf 75' lang='grc' dir='ltr'><strong>ῆν,</strong></span> <span class='ocrx_word' id='word_1_434' title='bbox 3427 3053 3474 3104; x_wconf 83' lang='grc' dir='ltr'><strong>εί</strong></span> <span class='ocrx_word' id='word_1_435' title='bbox 3499 3052 3577 3122; x_wconf 80' lang='grc' dir='ltr'>μὴ</span> <span class='ocrx_word' id='word_1_436' title='bbox 3606 3068 3740 3123; x_wconf 65' lang='grc' dir='ltr'>παρα</span> 
     </span>
    </p>
   </div>
   <div class='ocr_carea' id='block_1_61' title="bbox 2185 3141 3739 3215">
    <p class='ocr_par' dir='ltr' id='par_1_61' title="bbox 2185 3141 3739 3215">
     <span class='ocr_line' id='line_1_61' title="bbox 2185 3141 3739 3215; baseline -0.001 -17"><span class='ocrx_word' id='word_1_437' title='bbox 2185 3144 2358 3198; x_wconf 84' lang='grc' dir='ltr'>ἐκειτο</span> <span class='ocrx_word' id='word_1_438' title='bbox 2385 3145 2418 3214; x_wconf 84' lang='grc' dir='ltr'><strong>ἡ</strong></span> <span class='ocrx_word' id='word_1_439' title='bbox 2450 3143 2727 3208; x_wconf 85' lang='grc' dir='ltr'>ἀνωτάτω,</span> <span class='ocrx_word' id='word_1_440' title='bbox 2751 3144 2827 3207; x_wconf 86' lang='grc' dir='ltr'><strong>ῶς</strong></span> <span class='ocrx_word' id='word_1_441' title='bbox 2860 3143 2920 3195; x_wconf 82' lang='grc' dir='ltr'><strong>ού</strong></span> <span class='ocrx_word' id='word_1_442' title='bbox 2961 3142 3115 3196; x_wconf 79' lang='grc' dir='ltr'>κενὸν</span> <span class='ocrx_word' id='word_1_443' title='bbox 3146 3142 3232 3196; x_wconf 86' lang='grc' dir='ltr'><strong>διὰ</strong></span> <span class='ocrx_word' id='word_1_444' title='bbox 3255 3143 3352 3215; x_wconf 87' lang='grc' dir='ltr'><strong>τῆς</strong></span> <span class='ocrx_word' id='word_1_445' title='bbox 3375 3141 3584 3213; x_wconf 83' lang='grc' dir='ltr'>ἀποχῆς</span> <span class='ocrx_word' id='word_1_446' title='bbox 3607 3143 3739 3212; x_wconf 86' lang='grc' dir='ltr'>ἀγα-</span> 
     </span>
    </p>
   </div>
   <div class='ocr_carea' id='block_1_62' title="bbox 520 3225 2097 3310">
    <p class='ocr_par' dir='ltr' id='par_1_62' title="bbox 520 3225 2072 3310">
     <span class='ocr_line' id='line_1_62' title="bbox 520 3225 2072 3310; baseline -0.01 -17"><span class='ocrx_word' id='word_1_447' title='bbox 520 3253 684 3310; x_wconf 87' lang='lat' dir='ltr'><strong>quam</strong></span> <span class='ocrx_word' id='word_1_448' title='bbox 739 3251 850 3292; x_wconf 89' lang='lat' dir='ltr'><strong>non</strong></span> <span class='ocrx_word' id='word_1_449' title='bbox 901 3241 1085 3306; x_wconf 88' lang='lat' dir='ltr'><strong>posset</strong></span> <span class='ocrx_word' id='word_1_450' title='bbox 1125 3233 1211 3290; x_wconf 91' lang='lat' dir='ltr'><strong>edi</strong></span> <span class='ocrx_word' id='word_1_451' title='bbox 1255 3232 1427 3287; x_wconf 87' lang='lat' dir='ltr'><strong>virtus</strong></span> <span class='ocrx_word' id='word_1_452' title='bbox 1469 3245 1567 3301; x_wconf 91' lang='lat' dir='ltr'><strong>per</strong></span> <span class='ocrx_word' id='word_1_453' title='bbox 1619 3225 2004 3283; x_wconf 88' lang='lat' dir='ltr'><strong>abstinentiam</strong></span> <span class='ocrx_word' id='word_1_454' title='bbox 2059 3242 2072 3278; x_wconf 91' lang='lat'>:</span> 
     </span>
    </p>
   </div>
   <div class='ocr_carea' id='block_1_63' title="bbox 2180 3225 3738 3310">
    <p class='ocr_par' dir='ltr' id='par_1_63' title="bbox 2180 3233 3738 3308">
     <span class='ocr_line' id='line_1_63' title="bbox 2180 3233 3738 3308; baseline -0.001 -18"><span class='ocrx_word' id='word_1_455' title='bbox 2180 3236 2268 3290; x_wconf 90' lang='grc' dir='ltr'>θὸν</span> <span class='ocrx_word' id='word_1_456' title='bbox 2301 3236 2706 3308; x_wconf 84' lang='grc' dir='ltr'>ἀποφανθῆναι·</span> <span class='ocrx_word' id='word_1_457' title='bbox 2743 3237 2868 3291; x_wconf 79' lang='grc' dir='ltr'>ἄνευ</span> <span class='ocrx_word' id='word_1_458' title='bbox 2897 3235 3005 3308; x_wconf 87' lang='grc' dir='ltr'><strong>γὰρ</strong></span> <span class='ocrx_word' id='word_1_459' title='bbox 3031 3235 3123 3288; x_wconf 81' lang='grc' dir='ltr'>τοῦ</span> <span class='ocrx_word' id='word_1_460' title='bbox 3159 3235 3232 3306; x_wconf 83' lang='grc' dir='ltr'>μὴ</span> <span class='ocrx_word' id='word_1_461' title='bbox 3267 3233 3488 3304; x_wconf 88' lang='grc' dir='ltr'>ποιῆσαι</span> <span class='ocrx_word' id='word_1_462' title='bbox 3521 3235 3738 3288; x_wconf 83' lang='grc' dir='ltr'>τούναν-</span> 
     </span>
    </p>
   </div>
   <div class='ocr_carea' id='block_1_64' title="bbox 520 3316 2078 3394">
    <p class='ocr_par' dir='ltr' id='par_1_64' title="bbox 520 3316 2078 3394">
     <span class='ocr_line' id='line_1_64' title="bbox 520 3316 2078 3394; baseline -0.01 -8"><span class='ocrx_word' id='word_1_463' title='bbox 520 3331 630 3389; x_wconf 83' lang='lat' dir='ltr'><strong>nisi</strong></span> <span class='ocrx_word' id='word_1_464' title='bbox 663 3328 806 3385; x_wconf 86' lang='lat' dir='ltr'><strong>enim</strong></span> <span class='ocrx_word' id='word_1_465' title='bbox 842 3325 1178 3383; x_wconf 86' lang='lat' dir='ltr'><strong>contrarium</strong></span> <span class='ocrx_word' id='word_1_466' title='bbox 1211 3323 1326 3379; x_wconf 85' lang='lat' dir='ltr'><strong>ﬁeri</strong></span> <span class='ocrx_word' id='word_1_467' title='bbox 1354 3321 1551 3394; x_wconf 86' lang='lat' dir='ltr'><strong>possit,</strong></span> <span class='ocrx_word' id='word_1_468' title='bbox 1580 3336 1689 3376; x_wconf 89' lang='lat' dir='ltr'><strong>non</strong></span> <span class='ocrx_word' id='word_1_469' title='bbox 1731 3325 1910 3389; x_wconf 85' lang='lat' dir='ltr'><strong>potest</strong></span> <span class='ocrx_word' id='word_1_470' title='bbox 1962 3316 2078 3371; x_wconf 83' lang='lat' dir='ltr'><strong>ﬁeri</strong></span> 
     </span>
    </p>
   </div>
   <div class='ocr_carea' id='block_1_65' title="bbox 521 3411 2080 3491">
    <p class='ocr_par' dir='ltr' id='par_1_65' title="bbox 521 3411 2080 3491">
     <span class='ocr_line' id='line_1_65' title="bbox 521 3411 2080 3491; baseline -0.008 -13"><span class='ocrx_word' id='word_1_471' title='bbox 521 3423 722 3478; x_wconf 86' lang='lat' dir='ltr'><strong>malum</strong></span> <span class='ocrx_word' id='word_1_472' title='bbox 755 3438 772 3489; x_wconf 88' lang='lat'><strong>;</strong></span> <span class='ocrx_word' id='word_1_473' title='bbox 799 3435 976 3491; x_wconf 86' lang='lat' dir='ltr'><strong>neque</strong></span> <span class='ocrx_word' id='word_1_474' title='bbox 998 3433 1190 3474; x_wconf 85' lang='lat' dir='ltr'><strong>rursus</strong></span> <span class='ocrx_word' id='word_1_475' title='bbox 1225 3416 1343 3472; x_wconf 82' lang='lat' dir='ltr'><strong>ﬁeri</strong></span> <span class='ocrx_word' id='word_1_476' title='bbox 1365 3422 1545 3486; x_wconf 87' lang='lat' dir='ltr'><strong>potest</strong></span> <span class='ocrx_word' id='word_1_477' title='bbox 1563 3413 1788 3477; x_wconf 88' lang='lat' dir='ltr'><strong>bonum,</strong></span> <span class='ocrx_word' id='word_1_478' title='bbox 1816 3411 1923 3465; x_wconf 91' lang='lat' dir='ltr'><strong>nisi</strong></span> <span class='ocrx_word' id='word_1_479' title='bbox 1953 3426 2080 3481; x_wconf 90' lang='lat' dir='ltr'><strong>pos-</strong></span> 
     </span>
    </p>
   </div>
   <div class='ocr_carea' id='block_1_66' title="bbox 522 3504 2078 3581">
    <p class='ocr_par' dir='ltr' id='par_1_66' title="bbox 522 3504 2078 3581">
     <span class='ocr_line' id='line_1_66' title="bbox 522 3504 2078 3581; baseline -0.007 -10"><span class='ocrx_word' id='word_1_480' title='bbox 522 3517 594 3572; x_wconf 89' lang='lat' dir='ltr'><strong>sit</strong></span> <span class='ocrx_word' id='word_1_481' title='bbox 630 3514 862 3578; x_wconf 89' lang='lat' dir='ltr'><strong>malum,</strong></span> <span class='ocrx_word' id='word_1_482' title='bbox 894 3521 952 3567; x_wconf 93' lang='lat' dir='ltr'><strong>ut</strong></span> <span class='ocrx_word' id='word_1_483' title='bbox 1000 3525 1144 3581; x_wconf 68' lang='lat' dir='ltr'><strong>saepe</strong></span> <span class='ocrx_word' id='word_1_484' title='bbox 1174 3506 1690 3564; x_wconf 83' lang='lat' dir='ltr'><strong>demonstravimus.</strong></span> <span class='ocrx_word' id='word_1_485' title='bbox 1745 3504 2078 3560; x_wconf 76' lang='lat' dir='ltr'><strong>Manichacus</strong></span> 
     </span>
    </p>
   </div>
   <div class='ocr_carea' id='block_1_67' title="bbox 521 3599 2082 3673">
    <p class='ocr_par' dir='ltr' id='par_1_67' title="bbox 521 3599 2082 3673">
     <span class='ocr_line' id='line_1_67' title="bbox 521 3599 2082 3673; baseline -0.009 -11"><span class='ocrx_word' id='word_1_486' title='bbox 521 3616 703 3664; x_wconf 78' lang='lat' dir='ltr'><strong>autem</strong></span> <span class='ocrx_word' id='word_1_487' title='bbox 739 3607 940 3663; x_wconf 88' lang='lat' dir='ltr'><strong>bonum</strong></span> <span class='ocrx_word' id='word_1_488' title='bbox 975 3610 1030 3659; x_wconf 88' lang='lat' dir='ltr'><strong>et</strong></span> <span class='ocrx_word' id='word_1_489' title='bbox 1060 3601 1312 3658; x_wconf 78' lang='lat' dir='ltr'><strong>virtutem</strong></span> <span class='ocrx_word' id='word_1_490' title='bbox 1343 3599 1653 3662; x_wconf 88' lang='lat' dir='ltr'><strong>inhonorat,</strong></span> <span class='ocrx_word' id='word_1_491' title='bbox 1675 3612 1799 3653; x_wconf 89' lang='lat' dir='ltr'><strong>cum</strong></span> <span class='ocrx_word' id='word_1_492' title='bbox 1839 3605 2082 3673; x_wconf 83' lang='lat' dir='ltr'><strong>potesta-</strong></span> 
     </span>
    </p>
   </div>
   <div class='ocr_carea' id='block_1_68' title="bbox 519 3693 1363 3764">
    <p class='ocr_par' dir='ltr' id='par_1_68' title="bbox 519 3693 1363 3764">
     <span class='ocr_line' id='line_1_68' title="bbox 519 3693 1363 3764; baseline -0.013 -10"><span class='ocrx_word' id='word_1_493' title='bbox 519 3711 629 3755; x_wconf 81' lang='lat' dir='ltr'><strong>tem</strong></span> <span class='ocrx_word' id='word_1_494' title='bbox 655 3707 712 3754; x_wconf 88' lang='lat' dir='ltr'><strong>et</strong></span> <span class='ocrx_word' id='word_1_495' title='bbox 744 3698 1044 3752; x_wconf 88' lang='lat' dir='ltr'><strong>libertatem</strong></span> <span class='ocrx_word' id='word_1_496' title='bbox 1072 3693 1363 3764; x_wconf 79' lang='lat' dir='ltr'><strong>vituperat.</strong></span> 
     </span>
    </p>
   </div>
   <div class='ocr_carea' id='block_1_69' title="bbox 2182 3327 3740 3399">
    <p class='ocr_par' dir='ltr' id='par_1_69' title="bbox 2182 3327 3740 3399">
     <span class='ocr_line' id='line_1_69' title="bbox 2182 3327 3740 3399; baseline -0.001 -18"><span class='ocrx_word' id='word_1_497' title='bbox 2182 3329 2312 3393; x_wconf 91' lang='grc' dir='ltr'>τίον,</span> <span class='ocrx_word' id='word_1_498' title='bbox 2330 3328 2446 3394; x_wconf 78' lang='grc' dir='ltr'>ἐξὸν</span> <span class='ocrx_word' id='word_1_499' title='bbox 2467 3329 2684 3399; x_wconf 89' lang='grc' dir='ltr'>ποιῆσαι</span> <span class='ocrx_word' id='word_1_500' title='bbox 2700 3328 2760 3381; x_wconf 81' lang='grc' dir='ltr'><strong>τὸ</strong></span> <span class='ocrx_word' id='word_1_501' title='bbox 2775 3327 2961 3394; x_wconf 87' lang='grc' dir='ltr'>κακὸν,</span> <span class='ocrx_word' id='word_1_502' title='bbox 2977 3329 3076 3381; x_wconf 79' lang='grc' dir='ltr'><strong>οὐκ</strong></span> <span class='ocrx_word' id='word_1_503' title='bbox 3102 3328 3180 3381; x_wconf 79' lang='grc' dir='ltr'>ἔνι</span> <span class='ocrx_word' id='word_1_504' title='bbox 3201 3327 3503 3382; x_wconf 81' lang='grc' dir='ltr'>τούναντίον</span> <span class='ocrx_word' id='word_1_505' title='bbox 3517 3345 3740 3398; x_wconf 81' lang='grc' dir='ltr'>πεποιη-</span> 
     </span>
    </p>
   </div>
   <div class='ocr_carea' id='block_1_70' title="bbox 2185 3419 3739 3492">
    <p class='ocr_par' dir='ltr' id='par_1_70' title="bbox 2185 3419 3739 3492">
     <span class='ocr_line' id='line_1_70' title="bbox 2185 3419 3739 3492; baseline -0.001 -18"><span class='ocrx_word' id='word_1_506' title='bbox 2185 3422 2335 3475; x_wconf 75' lang='grc' dir='ltr'>κέναι</span> <span class='ocrx_word' id='word_1_507' title='bbox 2381 3422 2556 3475; x_wconf 85' lang='grc' dir='ltr'>δοκεῖν</span> <span class='ocrx_word' id='word_1_508' title='bbox 2588 3422 2648 3475; x_wconf 81' lang='grc' dir='ltr'>τὸ</span> <span class='ocrx_word' id='word_1_509' title='bbox 2689 3421 2912 3489; x_wconf 83' lang='grc' dir='ltr'>ἀγαθὸν,</span> <span class='ocrx_word' id='word_1_510' title='bbox 2941 3421 3015 3484; x_wconf 86' lang='grc' dir='ltr'><strong>ῶς</strong></span> <span class='ocrx_word' id='word_1_511' title='bbox 3045 3421 3303 3484; x_wconf 86' lang='grc' dir='ltr'>πολλάκις</span> <span class='ocrx_word' id='word_1_512' title='bbox 3339 3419 3639 3492; x_wconf 83' lang='grc' dir='ltr'>ἐδείξαμεν.</span> <span class='ocrx_word' id='word_1_513' title='bbox 3684 3421 3739 3472; x_wconf 90' lang='grc' dir='ltr'>Ὁ</span> 
     </span>
    </p>
   </div>
   <div class='ocr_carea' id='block_1_71' title="bbox 2182 3511 3739 3585">
    <p class='ocr_par' dir='ltr' id='par_1_71' title="bbox 2182 3511 3739 3585">
     <span class='ocr_line' id='line_1_71' title="bbox 2182 3511 3739 3585; baseline -0.001 -19"><span class='ocrx_word' id='word_1_514' title='bbox 2182 3514 2237 3566; x_wconf 84' lang='grc' dir='ltr'><strong>δὲ</strong></span> <span class='ocrx_word' id='word_1_515' title='bbox 2269 3513 2459 3585; x_wconf 90' lang='grc' dir='ltr'>Μάνης</span> <span class='ocrx_word' id='word_1_516' title='bbox 2498 3513 2729 3583; x_wconf 85' lang='grc' dir='ltr'>τάγαθόν</span> <span class='ocrx_word' id='word_1_517' title='bbox 2761 3530 2820 3566; x_wconf 88' lang='grc' dir='ltr'><strong>τε</strong></span> <span class='ocrx_word' id='word_1_518' title='bbox 2853 3515 2945 3566; x_wconf 73' lang='grc' dir='ltr'><strong>καὶ</strong></span> <span class='ocrx_word' id='word_1_519' title='bbox 2973 3512 3068 3584; x_wconf 86' lang='grc' dir='ltr'>τὴν</span> <span class='ocrx_word' id='word_1_520' title='bbox 3096 3513 3293 3585; x_wconf 83' lang='grc' dir='ltr'>ἀρετὴν</span> <span class='ocrx_word' id='word_1_521' title='bbox 3334 3511 3616 3585; x_wconf 82' lang='grc' dir='ltr'>ἀτιμάζει,</span> <span class='ocrx_word' id='word_1_522' title='bbox 3645 3513 3739 3583; x_wconf 75' lang='grc' dir='ltr'><strong>τὴν</strong></span> 
     </span>
    </p>
   </div>
   <div class='ocr_carea' id='block_1_72' title="bbox 2183 3604 3233 3676">
    <p class='ocr_par' dir='ltr' id='par_1_72' title="bbox 2183 3604 3233 3676">
     <span class='ocr_line' id='line_1_72' title="bbox 2183 3604 3233 3676; baseline 0.004 -19"><span class='ocrx_word' id='word_1_523' title='bbox 2183 3604 2428 3671; x_wconf 77' lang='grc' dir='ltr'>ἐξουσίαν</span> <span class='ocrx_word' id='word_1_524' title='bbox 2457 3606 2552 3659; x_wconf 70' lang='grc' dir='ltr'>καὶ</span> <span class='ocrx_word' id='word_1_525' title='bbox 2577 3605 2636 3658; x_wconf 81' lang='grc' dir='ltr'>τὸ</span> <span class='ocrx_word' id='word_1_526' title='bbox 2663 3605 2944 3676; x_wconf 89' lang='grc' dir='ltr'>ἐλεύθερον</span> <span class='ocrx_word' id='word_1_527' title='bbox 2974 3604 3233 3670; x_wconf 77' lang='grc' dir='ltr'>κακίζων.</span> 
     </span>
    </p>
   </div>
   <div class='ocr_carea' id='block_1_73' title="bbox 1282 3779 2940 3851">
    <p class='ocr_par' dir='ltr' id='par_1_73' title="bbox 1282 3779 2940 3851">
     <span class='ocr_line' id='line_1_73' title="bbox 1282 3779 2940 3851; baseline 0.001 -13"><span class='ocrx_word' id='word_1_528' title='bbox 1282 3783 1411 3838; x_wconf 73' lang='lat' dir='ltr'><strong>CAP.</strong></span> <span class='ocrx_word' id='word_1_529' title='bbox 1442 3779 1652 3838; x_wconf 76' lang='lat' dir='ltr'><strong>XXXV.</strong></span> <span class='ocrx_word' id='word_1_530' title='bbox 1680 3780 1758 3836; x_wconf 83' lang='lat' dir='ltr'><strong>De</strong></span> <span class='ocrx_word' id='word_1_531' title='bbox 1783 3784 2088 3851; x_wconf 80' lang='lat' dir='ltr'><strong>corporibus</strong></span> <span class='ocrx_word' id='word_1_532' title='bbox 2117 3784 2423 3838; x_wconf 66' lang='lat' dir='ltr'><strong>inanimali:</strong></span> <span class='ocrx_word' id='word_1_533' title='bbox 2450 3784 2678 3839; x_wconf 81' lang='lat' dir='ltr'><strong>Manetis</strong></span> <span class='ocrx_word' id='word_1_534' title='bbox 2707 3785 2940 3839; x_wconf 77' lang='lat' dir='ltr'><strong>insania.</strong></span> 
     </span>
    </p>
   </div>
   <div class='ocr_carea' id='block_1_74' title="bbox 589 3893 2076 3969">
    <p class='ocr_par' dir='ltr' id='par_1_74' title="bbox 589 3893 2076 3969">
     <span class='ocr_line' id='line_1_74' title="bbox 589 3893 2076 3969; baseline -0.011 -7"><span class='ocrx_word' id='word_1_535' title='bbox 589 3907 860 3962; x_wconf 63' lang='lat' dir='ltr'><strong>Praeterea</strong></span> <span class='ocrx_word' id='word_1_536' title='bbox 906 3915 1016 3955; x_wconf 92' lang='lat' dir='ltr'><strong>non</strong></span> <span class='ocrx_word' id='word_1_537' title='bbox 1068 3897 1234 3969; x_wconf 86' lang='lat' dir='ltr'><strong>pudet</strong></span> <span class='ocrx_word' id='word_1_538' title='bbox 1287 3895 1468 3951; x_wconf 87' lang='lat' dir='ltr'><strong>dicere</strong></span> <span class='ocrx_word' id='word_1_539' title='bbox 1524 3894 1792 3948; x_wconf 85' lang='lat' dir='ltr'><strong>animatos</strong></span> <span class='ocrx_word' id='word_1_540' title='bbox 1836 3906 1957 3948; x_wconf 82' lang='lat' dir='ltr'><strong>esse</strong></span> <span class='ocrx_word' id='word_1_541' title='bbox 1998 3893 2076 3946; x_wconf 82' lang='lat' dir='ltr'><strong>la--</strong></span> 
     </span>
    </p>
   </div>
   <div class='ocr_carea' id='block_1_75' title="bbox 521 3984 2077 4072">
    <p class='ocr_par' dir='ltr' id='par_1_75' title="bbox 521 3984 2077 4072">
     <span class='ocr_line' id='line_1_75' title="bbox 521 3984 2077 4072; baseline -0.01 -19"><span class='ocrx_word' id='word_1_542' title='bbox 521 4000 672 4072; x_wconf 84' lang='lat' dir='ltr'><strong>pides</strong></span> <span class='ocrx_word' id='word_1_543' title='bbox 691 4037 705 4062; x_wconf 89' lang='lat'><strong>,</strong></span> <span class='ocrx_word' id='word_1_544' title='bbox 729 4007 782 4053; x_wconf 90' lang='lat' dir='ltr'><strong>et</strong></span> <span class='ocrx_word' id='word_1_545' title='bbox 812 3992 1158 4050; x_wconf 88' lang='lat' dir='ltr'><strong>introducere</strong></span> <span class='ocrx_word' id='word_1_546' title='bbox 1179 3989 1360 4043; x_wconf 89' lang='lat' dir='ltr'><strong>omnia</strong></span> <span class='ocrx_word' id='word_1_547' title='bbox 1394 3986 1652 4051; x_wconf 88' lang='lat' dir='ltr'><strong>animata,</strong></span> <span class='ocrx_word' id='word_1_548' title='bbox 1679 3992 1733 4040; x_wconf 91' lang='lat' dir='ltr'><strong>et</strong></span> <span class='ocrx_word' id='word_1_549' title='bbox 1762 4000 1881 4054; x_wconf 59' lang='lat' dir='ltr'><strong>quae</strong></span> <span class='ocrx_word' id='word_1_550' title='bbox 1903 3984 2077 4038; x_wconf 90' lang='lat' dir='ltr'><strong>mani-</strong></span> 
     </span>
    </p>
   </div>
   <div class='ocr_carea' id='block_1_76' title="bbox 522 4076 2076 4151">
    <p class='ocr_par' dir='ltr' id='par_1_76' title="bbox 522 4076 2076 4151">
     <span class='ocr_line' id='line_1_76' title="bbox 522 4076 2076 4151; baseline -0.01 -6"><span class='ocrx_word' id='word_1_551' title='bbox 522 4095 658 4147; x_wconf 83' lang='lat' dir='ltr'><strong>feste</strong></span> <span class='ocrx_word' id='word_1_552' title='bbox 699 4097 825 4146; x_wconf 86' lang='lat' dir='ltr'><strong>sunt</strong></span> <span class='ocrx_word' id='word_1_553' title='bbox 867 4085 1183 4148; x_wconf 84' lang='lat' dir='ltr'><strong>inanimata,</strong></span> <span class='ocrx_word' id='word_1_554' title='bbox 1218 4090 1476 4151; x_wconf 89' lang='lat' dir='ltr'><strong>tanquam</strong></span> <span class='ocrx_word' id='word_1_555' title='bbox 1516 4079 1608 4132; x_wconf 89' lang='lat' dir='ltr'><strong>illa</strong></span> <span class='ocrx_word' id='word_1_556' title='bbox 1649 4079 1822 4132; x_wconf 86' lang='lat' dir='ltr'><strong>virtus</strong></span> <span class='ocrx_word' id='word_1_557' title='bbox 1853 4076 1988 4145; x_wconf 49' lang='lat' dir='ltr'><strong>iboni</strong></span> <span class='ocrx_word' id='word_1_558' title='bbox 2019 4076 2076 4130; x_wconf 90' lang='lat' dir='ltr'><strong>in</strong></span> 
     </span>
    </p>
   </div>
   <div class='ocr_carea' id='block_1_77' title="bbox 521 4169 2075 4250">
    <p class='ocr_par' dir='ltr' id='par_1_77' title="bbox 521 4169 2075 4250">
     <span class='ocr_line' id='line_1_77' title="bbox 521 4169 2075 4250; baseline -0.008 -16"><span class='ocrx_word' id='word_1_559' title='bbox 521 4179 790 4250; x_wconf 86' lang='lat' dir='ltr'><strong>lapidibus</strong></span> <span class='ocrx_word' id='word_1_560' title='bbox 813 4178 976 4232; x_wconf 88' lang='lat' dir='ltr'><strong>etiam</strong></span> <span class='ocrx_word' id='word_1_561' title='bbox 1011 4174 1353 4229; x_wconf 88' lang='lat' dir='ltr'><strong>contineatur</strong></span> <span class='ocrx_word' id='word_1_562' title='bbox 1381 4189 1395 4237; x_wconf 91' lang='lat'><strong>;</strong></span> <span class='ocrx_word' id='word_1_563' title='bbox 1432 4171 1726 4240; x_wconf 61' lang='lat' dir='ltr'><strong>quiuusque</strong></span> <span class='ocrx_word' id='word_1_564' title='bbox 1761 4169 1901 4224; x_wconf 88' lang='lat' dir='ltr'><strong>adeo</strong></span> <span class='ocrx_word' id='word_1_565' title='bbox 1931 4169 2075 4238; x_wconf 87' lang='lat' dir='ltr'><strong>quod</strong></span> 
     </span>
    </p>
   </div>
   <div class='ocr_carea' id='block_1_78' title="bbox 521 4259 2075 4339">
    <p class='ocr_par' dir='ltr' id='par_1_78' title="bbox 521 4259 2075 4339">
     <span class='ocr_line' id='line_1_78' title="bbox 521 4259 2075 4339; baseline -0.008 -15"><span class='ocrx_word' id='word_1_566' title='bbox 521 4271 590 4325; x_wconf 87' lang='lat' dir='ltr'><strong>ab</strong></span> <span class='ocrx_word' id='word_1_567' title='bbox 647 4269 779 4339; x_wconf 87' lang='lat' dir='ltr'><strong>ipsis</strong></span> <span class='ocrx_word' id='word_1_568' title='bbox 830 4267 1146 4324; x_wconf 90' lang='lat' dir='ltr'><strong>honoratur,</strong></span> <span class='ocrx_word' id='word_1_569' title='bbox 1217 4262 1283 4315; x_wconf 87' lang='lat' dir='ltr'><strong>ad</strong></span> <span class='ocrx_word' id='word_1_570' title='bbox 1343 4260 1633 4316; x_wconf 89' lang='lat' dir='ltr'><strong>ludibrium</strong></span> <span class='ocrx_word' id='word_1_571' title='bbox 1694 4267 1749 4315; x_wconf 88' lang='lat' dir='ltr'><strong>et</strong></span> <span class='ocrx_word' id='word_1_572' title='bbox 1811 4259 2075 4314; x_wconf 82' lang='lat' dir='ltr'><strong>vilitatem</strong></span> 
     </span>
    </p>
   </div>
   <div class='ocr_carea' id='block_1_79' title="bbox 519 4350 2080 4433">
    <p class='ocr_par' dir='ltr' id='par_1_79' title="bbox 519 4350 2080 4433">
     <span class='ocr_line' id='line_1_79' title="bbox 519 4350 2080 4433; baseline -0.008 -17"><span class='ocrx_word' id='word_1_573' title='bbox 519 4362 725 4433; x_wconf 88' lang='lat' dir='ltr'><strong>dejicit,</strong></span> <span class='ocrx_word' id='word_1_574' title='bbox 758 4367 818 4412; x_wconf 92' lang='lat' dir='ltr'><strong>ut</strong></span> <span class='ocrx_word' id='word_1_575' title='bbox 845 4363 1093 4411; x_wconf 89' lang='lat' dir='ltr'><strong>naturam</strong></span> <span class='ocrx_word' id='word_1_576' title='bbox 1133 4354 1256 4407; x_wconf 87' lang='lat' dir='ltr'><strong>boni</strong></span> <span class='ocrx_word' id='word_1_577' title='bbox 1290 4354 1345 4406; x_wconf 90' lang='lat' dir='ltr'><strong>in</strong></span> <span class='ocrx_word' id='word_1_578' title='bbox 1369 4352 1636 4422; x_wconf 89' lang='lat' dir='ltr'><strong>lapidibus</strong></span> <span class='ocrx_word' id='word_1_579' title='bbox 1661 4351 1916 4406; x_wconf 86' lang='lat' dir='ltr'><strong>inanimis</strong></span> <span class='ocrx_word' id='word_1_580' title='bbox 1945 4350 2080 4420; x_wconf 76' lang='lat' dir='ltr'><strong>liga-</strong></span> 
     </span>
    </p>
   </div>
   <div class='ocr_carea' id='block_1_80' title="bbox 2250 3888 3736 3962">
    <p class='ocr_par' dir='ltr' id='par_1_80' title="bbox 2250 3888 3736 3962">
     <span class='ocr_line' id='line_1_80' title="bbox 2250 3888 3736 3962; baseline 0.001 -18"><span class='ocrx_word' id='word_1_581' title='bbox 2250 3892 2362 3944; x_wconf 86' lang='grc' dir='ltr'>Οὐκ</span> <span class='ocrx_word' id='word_1_582' title='bbox 2403 3891 2713 3962; x_wconf 83' lang='grc' dir='ltr'>αἰσχύνεται</span> <span class='ocrx_word' id='word_1_583' title='bbox 2745 3890 2800 3943; x_wconf 89' lang='grc' dir='ltr'><strong>δέ</strong></span> <span class='ocrx_word' id='word_1_584' title='bbox 2833 3889 2926 3943; x_wconf 82' lang='grc' dir='ltr'><strong>καὶ</strong></span> <span class='ocrx_word' id='word_1_585' title='bbox 2952 3891 3077 3952; x_wconf 82' lang='grc' dir='ltr'>τοὺς</span> <span class='ocrx_word' id='word_1_586' title='bbox 3114 3888 3292 3953; x_wconf 90' lang='grc' dir='ltr'>λίθους</span> <span class='ocrx_word' id='word_1_587' title='bbox 3315 3889 3623 3960; x_wconf 75' lang='grc' dir='ltr'>ἐψυχῶσθαι</span> <span class='ocrx_word' id='word_1_588' title='bbox 3653 3890 3736 3946; x_wconf 82' lang='grc' dir='ltr'>λέ-</span> 
     </span>
    </p>
   </div>
   <div class='ocr_carea' id='block_1_81' title="bbox 2181 3979 3738 4053">
    <p class='ocr_par' dir='ltr' id='par_1_81' title="bbox 2181 3979 3738 4053">
     <span class='ocr_line' id='line_1_81' title="bbox 2181 3979 3738 4053; baseline 0.001 -18"><span class='ocrx_word' id='word_1_589' title='bbox 2181 3999 2312 4052; x_wconf 88' lang='grc' dir='ltr'>γων,</span> <span class='ocrx_word' id='word_1_590' title='bbox 2347 3981 2542 4035; x_wconf 76' lang='grc' dir='ltr'>καὶτὰ</span> <span class='ocrx_word' id='word_1_591' title='bbox 2589 3982 2765 4036; x_wconf 87' lang='grc' dir='ltr'>πάντα</span> <span class='ocrx_word' id='word_1_592' title='bbox 2819 3979 3055 4051; x_wconf 75' lang='grc' dir='ltr'>ἔμψυχα,</span> <span class='ocrx_word' id='word_1_593' title='bbox 3095 3981 3188 4034; x_wconf 75' lang='grc' dir='ltr'>καὶ</span> <span class='ocrx_word' id='word_1_594' title='bbox 3219 3979 3286 4032; x_wconf 83' lang='grc' dir='ltr'>τὰ</span> <span class='ocrx_word' id='word_1_595' title='bbox 3335 3981 3518 4050; x_wconf 82' lang='grc' dir='ltr'>σαφῶς</span> <span class='ocrx_word' id='word_1_596' title='bbox 3563 3982 3738 4053; x_wconf 77' lang='grc' dir='ltr'>ἀψυχα</span> 
     </span>
    </p>
   </div>
   <div class='ocr_carea' id='block_1_82' title="bbox 2179 4071 3737 4146">
    <p class='ocr_par' dir='ltr' id='par_1_82' title="bbox 2179 4071 3737 4146">
     <span class='ocr_line' id='line_1_82' title="bbox 2179 4071 3737 4146; baseline 0.001 -18"><span class='ocrx_word' id='word_1_597' title='bbox 2179 4074 2590 4146; x_wconf 69' lang='grc' dir='ltr'><strong>εἰσηγούμενος⁹</strong></span> <span class='ocrx_word' id='word_1_598' title='bbox 2618 4075 2692 4139; x_wconf 85' lang='grc' dir='ltr'><strong>ῶς</strong></span> <span class='ocrx_word' id='word_1_599' title='bbox 2713 4074 2806 4128; x_wconf 80' lang='grc' dir='ltr'>ἀπ’</span> <span class='ocrx_word' id='word_1_600' title='bbox 2833 4072 3044 4142; x_wconf 75' lang='grc' dir='ltr'>ἐκείνης</span> <span class='ocrx_word' id='word_1_601' title='bbox 3079 4072 3142 4143; x_wconf 82' lang='grc' dir='ltr'><strong>δὴ</strong></span> <span class='ocrx_word' id='word_1_602' title='bbox 3167 4076 3264 4144; x_wconf 87' lang='grc' dir='ltr'><strong>τῆς</strong></span> <span class='ocrx_word' id='word_1_603' title='bbox 3295 4071 3386 4126; x_wconf 80' lang='grc' dir='ltr'>τοῦ</span> <span class='ocrx_word' id='word_1_604' title='bbox 3416 4074 3620 4143; x_wconf 83' lang='grc' dir='ltr'>ἀγαθοῦ</span> <span class='ocrx_word' id='word_1_605' title='bbox 3652 4075 3737 4129; x_wconf 77' lang='grc' dir='ltr'><strong>δυο</strong></span> 
     </span>
    </p>
   </div>
   <div class='ocr_carea' id='block_1_83' title="bbox 2180 4165 3738 4238">
    <p class='ocr_par' dir='ltr' id='par_1_83' title="bbox 2180 4165 3738 4238">
     <span class='ocr_line' id='line_1_83' title="bbox 2180 4165 3738 4238; baseline 0.001 -18"><span class='ocrx_word' id='word_1_606' title='bbox 2180 4167 2412 4238; x_wconf 87' lang='grc' dir='ltr'>νάμεως,</span> <span class='ocrx_word' id='word_1_607' title='bbox 2443 4167 2522 4220; x_wconf 80' lang='grc' dir='ltr'>ἔτι</span> <span class='ocrx_word' id='word_1_608' title='bbox 2569 4168 2663 4220; x_wconf 72' lang='grc' dir='ltr'><strong>καὶ</strong></span> <span class='ocrx_word' id='word_1_609' title='bbox 2719 4169 2775 4220; x_wconf 84' lang='grc' dir='ltr'><strong>ἐν</strong></span> <span class='ocrx_word' id='word_1_610' title='bbox 2819 4167 2985 4230; x_wconf 86' lang='grc' dir='ltr'>λίθοις</span> <span class='ocrx_word' id='word_1_611' title='bbox 3028 4165 3427 4238; x_wconf 83' lang='grc' dir='ltr'>κατεχομένης·</span> <span class='ocrx_word' id='word_1_612' title='bbox 3490 4168 3738 4222; x_wconf 78' lang='grc' dir='ltr'>τοσοῦτον</span> 
     </span>
    </p>
   </div>
   <div class='ocr_carea' id='block_1_84' title="bbox 2177 4256 3738 4331">
    <p class='ocr_par' dir='ltr' id='par_1_84' title="bbox 2177 4256 3738 4331">
     <span class='ocr_line' id='line_1_84' title="bbox 2177 4256 3738 4331; baseline 0.002 -19"><span class='ocrx_word' id='word_1_613' title='bbox 2177 4259 2404 4328; x_wconf 88' lang='grc' dir='ltr'>κατάγει</span> <span class='ocrx_word' id='word_1_614' title='bbox 2437 4259 2498 4312; x_wconf 84' lang='grc' dir='ltr'><strong>τὸ</strong></span> <span class='ocrx_word' id='word_1_615' title='bbox 2525 4260 2653 4330; x_wconf 88' lang='grc' dir='ltr'>παρ’</span> <span class='ocrx_word' id='word_1_616' title='bbox 2699 4257 2874 4312; x_wconf 83' lang='grc' dir='ltr'>αὐτῶν</span> <span class='ocrx_word' id='word_1_617' title='bbox 2905 4256 3208 4329; x_wconf 89' lang='grc' dir='ltr'>τιμώμενον</span> <span class='ocrx_word' id='word_1_618' title='bbox 3247 4259 3327 4322; x_wconf 82' lang='grc' dir='ltr'><strong>είς</strong></span> <span class='ocrx_word' id='word_1_619' title='bbox 3372 4258 3526 4331; x_wconf 81' lang='grc' dir='ltr'>ὓϐριν</span> <span class='ocrx_word' id='word_1_620' title='bbox 3563 4278 3620 4314; x_wconf 88' lang='grc' dir='ltr'><strong>τε</strong></span> <span class='ocrx_word' id='word_1_621' title='bbox 3650 4263 3738 4315; x_wconf 80' lang='grc' dir='ltr'><strong>καὶ</strong></span> 
     </span>
    </p>
   </div>
   <div class='ocr_carea' id='block_1_85' title="bbox 2179 4350 3735 4422">
    <p class='ocr_par' dir='ltr' id='par_1_85' title="bbox 2179 4350 3735 4422">
     <span class='ocr_line' id='line_1_85' title="bbox 2179 4350 3735 4422; baseline 0.002 -18"><span class='ocrx_word' id='word_1_622' title='bbox 2179 4353 2470 4416; x_wconf 79' lang='grc' dir='ltr'>εὐτέλειαν,</span> <span class='ocrx_word' id='word_1_623' title='bbox 2502 4352 2642 4408; x_wconf 84' lang='grc' dir='ltr'>ὥστε</span> <span class='ocrx_word' id='word_1_624' title='bbox 2666 4351 2762 4422; x_wconf 83' lang='grc' dir='ltr'>τὴν</span> <span class='ocrx_word' id='word_1_625' title='bbox 2797 4351 2955 4421; x_wconf 85' lang='grc' dir='ltr'>φύσιν</span> <span class='ocrx_word' id='word_1_626' title='bbox 2988 4350 3080 4404; x_wconf 82' lang='grc' dir='ltr'>τοῦ</span> <span class='ocrx_word' id='word_1_627' title='bbox 3115 4350 3321 4419; x_wconf 81' lang='grc' dir='ltr'>ἀγαθοῦ</span> <span class='ocrx_word' id='word_1_628' title='bbox 3351 4354 3442 4406; x_wconf 81' lang='grc' dir='ltr'>καὶ</span> <span class='ocrx_word' id='word_1_629' title='bbox 3477 4355 3534 4407; x_wconf 86' lang='grc' dir='ltr'><strong>ἐν</strong></span> <span class='ocrx_word' id='word_1_630' title='bbox 3575 4353 3735 4417; x_wconf 82' lang='grc' dir='ltr'>λίθοις</span> 
     </span>
    </p>
   </div>
   <div class='ocr_carea' id='block_1_86' title="bbox 522 4430 2097 4516">
    <p class='ocr_par' dir='ltr' id='par_1_86' title="bbox 522 4442 2074 4509">
     <span class='ocr_line' id='line_1_86' title="bbox 522 4442 2074 4509; baseline -0.01 0"><span class='ocrx_word' id='word_1_631' title='bbox 522 4465 629 4509; x_wconf 89' lang='lat' dir='ltr'><strong>tam</strong></span> <span class='ocrx_word' id='word_1_632' title='bbox 658 4467 780 4507; x_wconf 89' lang='lat' dir='ltr'><strong>esse</strong></span> <span class='ocrx_word' id='word_1_633' title='bbox 812 4450 976 4504; x_wconf 89' lang='lat' dir='ltr'><strong>dicat.</strong></span> <span class='ocrx_word' id='word_1_634' title='bbox 1013 4444 1294 4498; x_wconf 83' lang='lat' dir='ltr'><strong>Atlirmare</strong></span> <span class='ocrx_word' id='word_1_635' title='bbox 1331 4450 1511 4496; x_wconf 90' lang='lat' dir='ltr'><strong>autem</strong></span> <span class='ocrx_word' id='word_1_636' title='bbox 1543 4442 1628 4496; x_wconf 90' lang='lat' dir='ltr'><strong>sic</strong></span> <span class='ocrx_word' id='word_1_637' title='bbox 1655 4457 1714 4496; x_wconf 90' lang='lat' dir='ltr'><strong>se</strong></span> <span class='ocrx_word' id='word_1_638' title='bbox 1737 4442 1939 4496; x_wconf 89' lang='lat' dir='ltr'><strong>habere</strong></span> <span class='ocrx_word' id='word_1_639' title='bbox 1970 4442 2074 4496; x_wconf 89' lang='lat' dir='ltr'><strong>ista</strong></span> 
     </span>
    </p>
   </div>
   <div class='ocr_carea' id='block_1_87' title="bbox 2180 4430 3736 4516">
    <p class='ocr_par' dir='ltr' id='par_1_87' title="bbox 2180 4442 3736 4516">
     <span class='ocr_line' id='line_1_87' title="bbox 2180 4442 3736 4516; baseline 0.003 -20"><span class='ocrx_word' id='word_1_640' title='bbox 2180 4442 2403 4512; x_wconf 85' lang='grc' dir='ltr'>ἀψύχοις</span> <span class='ocrx_word' id='word_1_641' title='bbox 2435 4443 2662 4511; x_wconf 78' lang='grc' dir='ltr'>φάσκειν</span> <span class='ocrx_word' id='word_1_642' title='bbox 2695 4443 3060 4513; x_wconf 74' lang='grc' dir='ltr'>πεπεδῆσθαιο</span> <span class='ocrx_word' id='word_1_643' title='bbox 3105 4443 3247 4516; x_wconf 84' lang='grc' dir='ltr'>ἆπερ</span> <span class='ocrx_word' id='word_1_644' title='bbox 3280 4443 3451 4509; x_wconf 79' lang='grc' dir='ltr'>οὕτως</span> <span class='ocrx_word' id='word_1_645' title='bbox 3479 4445 3620 4516; x_wconf 77' lang='grc' dir='ltr'>ἔχειν</span> <span class='ocrx_word' id='word_1_646' title='bbox 3659 4446 3736 4500; x_wconf 89' lang='grc' dir='ltr'><strong>δι-</strong></span> 
     </span>
    </p>
   </div>
   <div class='ocr_carea' id='block_1_88' title="bbox 519 4532 2097 4616">
    <p class='ocr_par' dir='ltr' id='par_1_88' title="bbox 519 4533 2074 4616">
     <span class='ocr_line' id='line_1_88' title="bbox 519 4533 2074 4616; baseline -0.007 -17"><span class='ocrx_word' id='word_1_647' title='bbox 519 4561 638 4616; x_wconf 67' lang='lat' dir='ltr'><strong>quae</strong></span> <span class='ocrx_word' id='word_1_648' title='bbox 666 4543 817 4608; x_wconf 90' lang='lat' dir='ltr'><strong>dicit,</strong></span> <span class='ocrx_word' id='word_1_649' title='bbox 834 4539 1011 4610; x_wconf 86' lang='lat' dir='ltr'><strong>qualis</strong></span> <span class='ocrx_word' id='word_1_650' title='bbox 1045 4535 1272 4592; x_wconf 66' lang='lat' dir='ltr'><strong>insaniae</strong></span> <span class='ocrx_word' id='word_1_651' title='bbox 1308 4533 1568 4588; x_wconf 90' lang='lat' dir='ltr'><strong>indicium</strong></span> <span class='ocrx_word' id='word_1_652' title='bbox 1590 4548 1711 4590; x_wconf 87' lang='lat' dir='ltr'><strong>esse</strong></span> <span class='ocrx_word' id='word_1_653' title='bbox 1737 4534 1980 4589; x_wconf 86' lang='lat' dir='ltr'><strong>dicitur?</strong></span> <span class='ocrx_word' id='word_1_654' title='bbox 2014 4535 2074 4588; x_wconf 91' lang='lat' dir='ltr'><strong>Si</strong></span> 
     </span>
    </p>
   </div>
   <div class='ocr_carea' id='block_1_89' title="bbox 2180 4532 3738 4616">
    <p class='ocr_par' dir='ltr' id='par_1_89' title="bbox 2180 4532 3738 4610">
     <span class='ocr_line' id='line_1_89' title="bbox 2180 4532 3738 4610; baseline 0.002 -22"><span class='ocrx_word' id='word_1_655' title='bbox 2180 4534 2564 4607; x_wconf 80' lang='grc' dir='ltr'>ισχυρίζεσθαι,</span> <span class='ocrx_word' id='word_1_656' title='bbox 2584 4535 2739 4596; x_wconf 89' lang='grc' dir='ltr'>ποίας</span> <span class='ocrx_word' id='word_1_657' title='bbox 2764 4533 2826 4586; x_wconf 79' lang='grc' dir='ltr'>ἄν</span> <span class='ocrx_word' id='word_1_658' title='bbox 2852 4551 2936 4596; x_wconf 89' lang='grc' dir='ltr'><strong>τις</strong></span> <span class='ocrx_word' id='word_1_659' title='bbox 2959 4536 3146 4604; x_wconf 81' lang='grc' dir='ltr'>φήσειε</span> <span class='ocrx_word' id='word_1_660' title='bbox 3167 4538 3361 4606; x_wconf 86' lang='grc' dir='ltr'>μανίας</span> <span class='ocrx_word' id='word_1_661' title='bbox 3379 4532 3514 4590; x_wconf 80' lang='grc' dir='ltr'>εἶναι</span> <span class='ocrx_word' id='word_1_662' title='bbox 3535 4541 3738 4610; x_wconf 83' lang='grc' dir='ltr'>τεκμή-</span> 
     </span>
    </p>
   </div>
   <div class='ocr_carea' id='block_1_90' title="bbox 517 4624 2097 4702">
    <p class='ocr_par' dir='ltr' id='par_1_90' title="bbox 517 4624 2073 4702">
     <span class='ocr_line' id='line_1_90' title="bbox 517 4624 2073 4702; baseline -0.006 -13"><span class='ocrx_word' id='word_1_663' title='bbox 517 4637 663 4690; x_wconf 88' lang='lat' dir='ltr'><strong>enim</strong></span> <span class='ocrx_word' id='word_1_664' title='bbox 692 4634 749 4688; x_wconf 89' lang='lat' dir='ltr'><strong>in</strong></span> <span class='ocrx_word' id='word_1_665' title='bbox 790 4631 1058 4702; x_wconf 86' lang='lat' dir='ltr'><strong>lapidibus</strong></span> <span class='ocrx_word' id='word_1_666' title='bbox 1087 4627 1412 4692; x_wconf 88' lang='lat' dir='ltr'><strong>continetur,</strong></span> <span class='ocrx_word' id='word_1_667' title='bbox 1446 4624 1593 4695; x_wconf 86' lang='lat' dir='ltr'><strong>quod</strong></span> <span class='ocrx_word' id='word_1_668' title='bbox 1619 4640 1650 4680; x_wconf 91' lang='lat' dir='ltr'><strong>a</strong></span> <span class='ocrx_word' id='word_1_669' title='bbox 1689 4626 1798 4680; x_wconf 91' lang='lat' dir='ltr'><strong>Deo</strong></span> <span class='ocrx_word' id='word_1_670' title='bbox 1845 4627 2073 4680; x_wconf 88' lang='lat' dir='ltr'><strong>missum</strong></span> 
     </span>
    </p>
   </div>
   <div class='ocr_carea' id='block_1_91' title="bbox 2180 4624 3734 4702">
    <p class='ocr_par' dir='ltr' id='par_1_91' title="bbox 2180 4624 3734 4700">
     <span class='ocr_line' id='line_1_91' title="bbox 2180 4624 3734 4700; baseline 0.004 -22"><span class='ocrx_word' id='word_1_671' title='bbox 2180 4643 2323 4696; x_wconf 87' lang='grc' dir='ltr'>ριον;</span> <span class='ocrx_word' id='word_1_672' title='bbox 2358 4626 2419 4676; x_wconf 73' lang='lat' dir='ltr'><strong>Et</strong></span> <span class='ocrx_word' id='word_1_673' title='bbox 2443 4624 2552 4695; x_wconf 83' lang='grc' dir='ltr'><strong>γὰρ</strong></span> <span class='ocrx_word' id='word_1_674' title='bbox 2569 4626 2624 4676; x_wconf 82' lang='grc' dir='ltr'><strong>ἐν</strong></span> <span class='ocrx_word' id='word_1_675' title='bbox 2646 4624 2812 4687; x_wconf 87' lang='grc' dir='ltr'>λίθοις</span> <span class='ocrx_word' id='word_1_676' title='bbox 2839 4626 3123 4697; x_wconf 84' lang='grc' dir='ltr'>κατέχεται</span> <span class='ocrx_word' id='word_1_677' title='bbox 3153 4628 3211 4681; x_wconf 80' lang='grc' dir='ltr'><strong>τὸ</strong></span> <span class='ocrx_word' id='word_1_678' title='bbox 3239 4629 3388 4700; x_wconf 84' lang='grc' dir='ltr'>παρὰ</span> <span class='ocrx_word' id='word_1_679' title='bbox 3417 4629 3506 4682; x_wconf 82' lang='grc' dir='ltr'>τοῦ</span> <span class='ocrx_word' id='word_1_680' title='bbox 3533 4631 3734 4700; x_wconf 75' lang='grc' dir='ltr'>ἀγαθοῦ</span> 
     </span>
    </p>
   </div>
   <div class='ocr_carea' id='block_1_92' title="bbox 517 4717 2076 4796">
    <p class='ocr_par' dir='ltr' id='par_1_92' title="bbox 517 4717 2076 4796">
     <span class='ocr_line' id='line_1_92' title="bbox 517 4717 2076 4796; baseline -0.006 -17"><span class='ocrx_word' id='word_1_681' title='bbox 517 4737 622 4791; x_wconf 78' lang='lat' dir='ltr'><strong>est,</strong></span> <span class='ocrx_word' id='word_1_682' title='bbox 656 4725 766 4796; x_wconf 91' lang='lat' dir='ltr'><strong>jam</strong></span> <span class='ocrx_word' id='word_1_683' title='bbox 798 4725 929 4778; x_wconf 83' lang='lat' dir='ltr'><strong>vicit</strong></span> <span class='ocrx_word' id='word_1_684' title='bbox 963 4720 1246 4791; x_wconf 84' lang='lat' dir='ltr'><strong>nequitia;</strong></span> <span class='ocrx_word' id='word_1_685' title='bbox 1286 4725 1474 4773; x_wconf 89' lang='lat' dir='ltr'><strong>contra</strong></span> <span class='ocrx_word' id='word_1_686' title='bbox 1503 4718 1686 4788; x_wconf 79' lang='lat' dir='ltr'><strong>ligato,</strong></span> <span class='ocrx_word' id='word_1_687' title='bbox 1720 4717 1866 4788; x_wconf 91' lang='lat' dir='ltr'><strong>quod</strong></span> <span class='ocrx_word' id='word_1_688' title='bbox 1904 4718 1972 4772; x_wconf 93' lang='lat' dir='ltr'><strong>ad</strong></span> <span class='ocrx_word' id='word_1_689' title='bbox 2009 4719 2076 4770; x_wconf 82' lang='lat' dir='ltr'><strong>li-</strong></span> 
     </span>
    </p>
   </div>
   <div class='ocr_carea' id='block_1_93' title="bbox 518 4809 2068 4887">
    <p class='ocr_par' dir='ltr' id='par_1_93' title="bbox 518 4809 2068 4887">
     <span class='ocr_line' id='line_1_93' title="bbox 518 4809 2068 4887; baseline -0.003 -16"><span class='ocrx_word' id='word_1_690' title='bbox 518 4817 754 4887; x_wconf 76' lang='lat' dir='ltr'><strong>gandum</strong></span> <span class='ocrx_word' id='word_1_691' title='bbox 785 4821 1025 4877; x_wconf 87' lang='lat' dir='ltr'><strong>venerat,</strong></span> <span class='ocrx_word' id='word_1_692' title='bbox 1056 4811 1189 4866; x_wconf 86' lang='lat' dir='ltr'><strong>dicit</strong></span> <span class='ocrx_word' id='word_1_693' title='bbox 1219 4810 1411 4865; x_wconf 74' lang='lat' dir='ltr'><strong>animae</strong></span> <span class='ocrx_word' id='word_1_694' title='bbox 1442 4809 1682 4880; x_wconf 89' lang='lat' dir='ltr'><strong>lapidum</strong></span> <span class='ocrx_word' id='word_1_695' title='bbox 1713 4817 1765 4864; x_wconf 87' lang='lat' dir='ltr'><strong>et</strong></span> <span class='ocrx_word' id='word_1_696' title='bbox 1795 4811 2068 4880; x_wconf 78' lang='lat' dir='ltr'><strong>lignorum</strong></span> 
     </span>
    </p>
   </div>
   <div class='ocr_carea' id='block_1_94' title="bbox 521 4901 2069 4979">
    <p class='ocr_par' dir='ltr' id='par_1_94' title="bbox 521 4901 2069 4979">
     <span class='ocr_line' id='line_1_94' title="bbox 521 4901 2069 4979; baseline -0.004 -17"><span class='ocrx_word' id='word_1_697' title='bbox 521 4908 780 4962; x_wconf 83' lang='lat' dir='ltr'><strong>indicium</strong></span> <span class='ocrx_word' id='word_1_698' title='bbox 799 4921 926 4979; x_wconf 83' lang='lat' dir='ltr'><strong>esse</strong></span> <span class='ocrx_word' id='word_1_699' title='bbox 957 4918 1152 4961; x_wconf 88' lang='lat' dir='ltr'><strong>sonum</strong></span> <span class='ocrx_word' id='word_1_700' title='bbox 1177 4903 1234 4956; x_wconf 88' lang='lat' dir='ltr'><strong>in</strong></span> <span class='ocrx_word' id='word_1_701' title='bbox 1267 4917 1388 4958; x_wconf 90' lang='lat' dir='ltr'><strong>aere</strong></span> <span class='ocrx_word' id='word_1_702' title='bbox 1413 4902 1608 4973; x_wconf 88' lang='lat' dir='ltr'><strong>lapidis</strong></span> <span class='ocrx_word' id='word_1_703' title='bbox 1643 4912 1699 4958; x_wconf 87' lang='lat' dir='ltr'><strong>et</strong></span> <span class='ocrx_word' id='word_1_704' title='bbox 1727 4901 1906 4974; x_wconf 78' lang='lat' dir='ltr'><strong>virgae,</strong></span> <span class='ocrx_word' id='word_1_705' title='bbox 1943 4911 2069 4956; x_wconf 85' lang='lat' dir='ltr'><strong>tan-</strong></span> 
     </span>
    </p>
   </div>
   <div class='ocr_carea' id='block_1_95' title="bbox 517 4995 2073 5070">
    <p class='ocr_par' dir='ltr' id='par_1_95' title="bbox 517 4995 2073 5070">
     <span class='ocr_line' id='line_1_95' title="bbox 517 4995 2073 5070; baseline -0.005 -15"><span class='ocrx_word' id='word_1_706' title='bbox 517 5014 680 5070; x_wconf 90' lang='lat' dir='ltr'><strong>quam</strong></span> <span class='ocrx_word' id='word_1_707' title='bbox 730 4997 960 5052; x_wconf 88' lang='lat' dir='ltr'><strong>audierit</strong></span> <span class='ocrx_word' id='word_1_708' title='bbox 1024 4995 1314 5065; x_wconf 91' lang='lat' dir='ltr'><strong>aliquando</strong></span> <span class='ocrx_word' id='word_1_709' title='bbox 1371 5009 1558 5049; x_wconf 89' lang='lat' dir='ltr'><strong>vocem</strong></span> <span class='ocrx_word' id='word_1_710' title='bbox 1615 4995 1858 5064; x_wconf 91' lang='lat' dir='ltr'><strong>ipsorum</strong></span> <span class='ocrx_word' id='word_1_711' title='bbox 1919 4997 2073 5048; x_wconf 88' lang='lat' dir='ltr'><strong>arti-</strong></span> 
     </span>
    </p>
   </div>
   <div class='ocr_carea' id='block_1_96' title="bbox 519 5092 782 5146">
    <p class='ocr_par' dir='ltr' id='par_1_96' title="bbox 519 5092 782 5146">
     <span class='ocr_line' id='line_1_96' title="bbox 519 5092 782 5146; baseline -0.011 0"><span class='ocrx_word' id='word_1_712' title='bbox 519 5092 782 5146; x_wconf 85' lang='lat' dir='ltr'><strong>culatam.</strong></span> 
     </span>
    </p>
   </div>
   <div class='ocr_carea' id='block_1_97' title="bbox 585 5176 2071 5248">
    <p class='ocr_par' dir='ltr' id='par_1_97' title="bbox 585 5176 2071 5248">
     <span class='ocr_line' id='line_1_97' title="bbox 585 5176 2071 5248; baseline 0 -15"><span class='ocrx_word' id='word_1_713' title='bbox 585 5181 685 5236; x_wconf 80' lang='lat' dir='ltr'><strong>Est</strong></span> <span class='ocrx_word' id='word_1_714' title='bbox 731 5187 910 5234; x_wconf 89' lang='lat' dir='ltr'><strong>autem</strong></span> <span class='ocrx_word' id='word_1_715' title='bbox 959 5176 1099 5246; x_wconf 86' lang='lat' dir='ltr'><strong>apud</strong></span> <span class='ocrx_word' id='word_1_716' title='bbox 1142 5192 1243 5233; x_wconf 83' lang='lat' dir='ltr'><strong>nos</strong></span> <span class='ocrx_word' id='word_1_717' title='bbox 1290 5179 1448 5233; x_wconf 87' lang='lat' dir='ltr'><strong>etiam</strong></span> <span class='ocrx_word' id='word_1_718' title='bbox 1497 5177 1754 5248; x_wconf 84' lang='lat' dir='ltr'><strong>cogitatio</strong></span> <span class='ocrx_word' id='word_1_719' title='bbox 1790 5185 1844 5233; x_wconf 91' lang='lat' dir='ltr'><strong>et</strong></span> <span class='ocrx_word' id='word_1_720' title='bbox 1877 5193 2071 5233; x_wconf 89' lang='lat' dir='ltr'><strong>sermo</strong></span> 
     </span>
    </p>
   </div>
   <div class='ocr_carea' id='block_1_98' title="bbox 518 5269 2070 5341">
    <p class='ocr_par' dir='ltr' id='par_1_98' title="bbox 518 5269 2070 5341">
     <span class='ocr_line' id='line_1_98' title="bbox 518 5269 2070 5341; baseline -0.004 -12"><span class='ocrx_word' id='word_1_721' title='bbox 518 5274 732 5335; x_wconf 61' lang='lat' dir='ltr'><strong>animae,</strong></span> <span class='ocrx_word' id='word_1_722' title='bbox 759 5271 850 5341; x_wconf 86' lang='lat' dir='ltr'><strong>qui</strong></span> <span class='ocrx_word' id='word_1_723' title='bbox 882 5284 1219 5340; x_wconf 89' lang='lat' dir='ltr'><strong>nequaquam</strong></span> <span class='ocrx_word' id='word_1_724' title='bbox 1244 5269 1460 5323; x_wconf 90' lang='lat' dir='ltr'><strong>auditur</strong></span> <span class='ocrx_word' id='word_1_725' title='bbox 1492 5287 1506 5336; x_wconf 91' lang='lat'>;</span> <span class='ocrx_word' id='word_1_726' title='bbox 1554 5269 1698 5340; x_wconf 91' lang='lat' dir='ltr'><strong>quod</strong></span> <span class='ocrx_word' id='word_1_727' title='bbox 1724 5270 1871 5324; x_wconf 91' lang='lat' dir='ltr'><strong>enim</strong></span> <span class='ocrx_word' id='word_1_728' title='bbox 1901 5270 2070 5323; x_wconf 62' lang='lat' dir='ltr'><strong>audio</strong></span> 
     </span>
    </p>
   </div>
   <div class='ocr_carea' id='block_1_99' title="bbox 519 5359 2069 5434">
    <p class='ocr_par' dir='ltr' id='par_1_99' title="bbox 519 5359 2069 5434">
     <span class='ocr_line' id='line_1_99' title="bbox 519 5359 2069 5434; baseline -0.006 -14"><span class='ocrx_word' id='word_1_729' title='bbox 519 5373 630 5427; x_wconf 90' lang='lat' dir='ltr'><strong>tur,</strong></span> <span class='ocrx_word' id='word_1_730' title='bbox 667 5377 920 5434; x_wconf 88' lang='lat' dir='ltr'><strong>percusso</strong></span> <span class='ocrx_word' id='word_1_731' title='bbox 955 5374 1079 5415; x_wconf 91' lang='lat' dir='ltr'><strong>aere</strong></span> <span class='ocrx_word' id='word_1_732' title='bbox 1121 5373 1218 5428; x_wconf 90' lang='lat' dir='ltr'><strong>per</strong></span> <span class='ocrx_word' id='word_1_733' title='bbox 1256 5359 1676 5414; x_wconf 89' lang='lat' dir='ltr'><strong>instrumentum</strong></span> <span class='ocrx_word' id='word_1_734' title='bbox 1719 5373 2069 5429; x_wconf 89' lang='lat' dir='ltr'><strong>corporeum,</strong></span> 
     </span>
    </p>
   </div>
   <div class='ocr_carea' id='block_1_100' title="bbox 518 5447 2061 5523">
    <p class='ocr_par' dir='ltr' id='par_1_100' title="bbox 518 5447 2061 5523">
     <span class='ocr_line' id='line_1_100' title="bbox 518 5447 2061 5523; baseline -0.007 -13"><span class='ocrx_word' id='word_1_735' title='bbox 518 5456 783 5512; x_wconf 91' lang='lat' dir='ltr'><strong>auditur:</strong></span> <span class='ocrx_word' id='word_1_736' title='bbox 822 5451 965 5523; x_wconf 90' lang='lat' dir='ltr'><strong>quod</strong></span> <span class='ocrx_word' id='word_1_737' title='bbox 1015 5448 1232 5520; x_wconf 90' lang='lat' dir='ltr'><strong>quidem</strong></span> <span class='ocrx_word' id='word_1_738' title='bbox 1284 5449 1488 5517; x_wconf 89' lang='lat' dir='ltr'><strong>absque</strong></span> <span class='ocrx_word' id='word_1_739' title='bbox 1540 5455 1685 5502; x_wconf 91' lang='lat' dir='ltr'><strong>motu</strong></span> <span class='ocrx_word' id='word_1_740' title='bbox 1735 5447 1966 5502; x_wconf 87' lang='lat' dir='ltr'><strong>rationis</strong></span> <span class='ocrx_word' id='word_1_741' title='bbox 2006 5447 2061 5500; x_wconf 93' lang='lat' dir='ltr'><strong>in</strong></span> 
     </span>
    </p>
   </div>
   <div class='ocr_carea' id='block_1_101' title="bbox 517 5539 2056 5609">
    <p class='ocr_par' dir='ltr' id='par_1_101' title="bbox 517 5539 2056 5609">
     <span class='ocr_line' id='line_1_101' title="bbox 517 5539 2056 5609; baseline -0.006 -7"><span class='ocrx_word' id='word_1_742' title='bbox 517 5545 884 5602; x_wconf 87' lang='lat' dir='ltr'><strong>animantibus</strong></span> <span class='ocrx_word' id='word_1_743' title='bbox 942 5542 1152 5596; x_wconf 86' lang='lat' dir='ltr'><strong>ratione</strong></span> <span class='ocrx_word' id='word_1_744' title='bbox 1213 5539 1524 5596; x_wconf 88' lang='lat' dir='ltr'><strong>carentibus</strong></span> <span class='ocrx_word' id='word_1_745' title='bbox 1571 5540 1801 5594; x_wconf 86' lang='lat' dir='ltr'><strong>inveniri</strong></span> <span class='ocrx_word' id='word_1_746' title='bbox 1860 5547 2056 5609; x_wconf 88' lang='lat' dir='ltr'><strong>potest,</strong></span> 
     </span>
    </p>
   </div>
   <div class='ocr_carea' id='block_1_102' title="bbox 519 5633 2066 5708">
    <p class='ocr_par' dir='ltr' id='par_1_102' title="bbox 519 5633 2066 5708">
     <span class='ocr_line' id='line_1_102' title="bbox 519 5633 2066 5708; baseline -0.003 -17"><span class='ocrx_word' id='word_1_747' title='bbox 519 5654 638 5708; x_wconf 69' lang='lat' dir='ltr'><strong>quae</strong></span> <span class='ocrx_word' id='word_1_748' title='bbox 664 5641 896 5690; x_wconf 87' lang='lat' dir='ltr'><strong>clamant</strong></span> <span class='ocrx_word' id='word_1_749' title='bbox 921 5635 1157 5706; x_wconf 85' lang='lat' dir='ltr'><strong>quidem,</strong></span> <span class='ocrx_word' id='word_1_750' title='bbox 1192 5634 1288 5692; x_wconf 89' lang='lat' dir='ltr'><strong>sed</strong></span> <span class='ocrx_word' id='word_1_751' title='bbox 1326 5650 1434 5691; x_wconf 89' lang='lat' dir='ltr'><strong>non</strong></span> <span class='ocrx_word' id='word_1_752' title='bbox 1465 5633 1771 5700; x_wconf 84' lang='lat' dir='ltr'><strong>articulate,</strong></span> <span class='ocrx_word' id='word_1_753' title='bbox 1807 5636 1932 5703; x_wconf 88' lang='lat' dir='ltr'><strong>quia</strong></span> <span class='ocrx_word' id='word_1_754' title='bbox 1967 5650 2024 5688; x_wconf 89' lang='lat' dir='ltr'><strong>ra</strong></span> <span class='ocrx_word' id='word_1_755' title='bbox 2046 5663 2066 5675; x_wconf 93' lang='lat'><em>-</em></span> 
     </span>
    </p>
   </div>
   <div class='ocr_carea' id='block_1_103' title="bbox 519 5729 1066 5797">
    <p class='ocr_par' dir='ltr' id='par_1_103' title="bbox 519 5729 1066 5797">
     <span class='ocr_line' id='line_1_103' title="bbox 519 5729 1066 5797; baseline 0 -15"><span class='ocrx_word' id='word_1_756' title='bbox 519 5731 664 5783; x_wconf 84' lang='lat' dir='ltr'><strong>tione</strong></span> <span class='ocrx_word' id='word_1_757' title='bbox 694 5729 896 5797; x_wconf 84' lang='lat' dir='ltr'><strong>privata</strong></span> <span class='ocrx_word' id='word_1_758' title='bbox 921 5735 1066 5782; x_wconf 90' lang='lat' dir='ltr'><strong>sunt.</strong></span> 
     </span>
    </p>
   </div>
   <div class='ocr_carea' id='block_1_104' title="bbox 2174 4713 3735 4788">
    <p class='ocr_par' dir='ltr' id='par_1_104' title="bbox 2174 4713 3735 4788">
     <span class='ocr_line' id='line_1_104' title="bbox 2174 4713 3735 4788; baseline 0.006 -22"><span class='ocrx_word' id='word_1_759' title='bbox 2174 4715 2439 4785; x_wconf 83' lang='grc' dir='ltr'>πεμφθὲν,</span> <span class='ocrx_word' id='word_1_760' title='bbox 2469 4715 2568 4786; x_wconf 79' lang='grc' dir='ltr'>ῆδη</span> <span class='ocrx_word' id='word_1_761' title='bbox 2629 4713 2912 4786; x_wconf 86' lang='grc' dir='ltr'>νενίκηκεν</span> <span class='ocrx_word' id='word_1_762' title='bbox 2953 4718 2985 4788; x_wconf 85' lang='grc' dir='ltr'>ἡ</span> <span class='ocrx_word' id='word_1_763' title='bbox 3020 4718 3216 4772; x_wconf 72' lang='grc' dir='ltr'>κακία*</span> <span class='ocrx_word' id='word_1_764' title='bbox 3248 4720 3551 4776; x_wconf 84' lang='grc' dir='ltr'>τούναντίον</span> <span class='ocrx_word' id='word_1_765' title='bbox 3597 4723 3735 4775; x_wconf 81' lang='grc' dir='ltr'>δεδε-</span> 
     </span>
    </p>
   </div>
   <div class='ocr_carea' id='block_1_105' title="bbox 2173 4805 3737 4884">
    <p class='ocr_par' dir='ltr' id='par_1_105' title="bbox 2173 4805 3737 4884">
     <span class='ocr_line' id='line_1_105' title="bbox 2173 4805 3737 4884; baseline 0.004 -24"><span class='ocrx_word' id='word_1_766' title='bbox 2173 4805 2334 4876; x_wconf 79' lang='grc' dir='ltr'>μένου</span> <span class='ocrx_word' id='word_1_767' title='bbox 2361 4806 2453 4859; x_wconf 78' lang='grc' dir='ltr'>τοῦ</span> <span class='ocrx_word' id='word_1_768' title='bbox 2484 4805 2641 4877; x_wconf 84' lang='grc' dir='ltr'>δῆσαι</span> <span class='ocrx_word' id='word_1_769' title='bbox 2675 4809 3114 4879; x_wconf 82' lang='grc' dir='ltr'>παραγενομένου</span> <span class='ocrx_word' id='word_1_770' title='bbox 3131 4826 3146 4842; x_wconf 78' lang='grc' dir='ltr'><strong>ο</strong></span> <span class='ocrx_word' id='word_1_771' title='bbox 3170 4811 3262 4864; x_wconf 77' lang='grc' dir='ltr'><strong>καὶ</strong></span> <span class='ocrx_word' id='word_1_772' title='bbox 3284 4813 3514 4865; x_wconf 86' lang='grc' dir='ltr'>ποιεῖται</span> <span class='ocrx_word' id='word_1_773' title='bbox 3537 4815 3737 4884; x_wconf 83' lang='grc' dir='ltr'>τεκμή-</span> 
     </span>
    </p>
   </div>
   <div class='ocr_carea' id='block_1_106' title="bbox 2175 4895 3735 4977">
    <p class='ocr_par' dir='ltr' id='par_1_106' title="bbox 2175 4895 3735 4977">
     <span class='ocr_line' id='line_1_106' title="bbox 2175 4895 3735 4977; baseline 0.006 -29"><span class='ocrx_word' id='word_1_774' title='bbox 2175 4913 2286 4965; x_wconf 86' lang='grc' dir='ltr'>ριον</span> <span class='ocrx_word' id='word_1_775' title='bbox 2317 4895 2416 4966; x_wconf 86' lang='grc' dir='ltr'><strong>τῆς</strong></span> <span class='ocrx_word' id='word_1_776' title='bbox 2437 4897 2543 4949; x_wconf 87' lang='grc' dir='ltr'><strong>τῶν</strong></span> <span class='ocrx_word' id='word_1_777' title='bbox 2564 4896 2726 4952; x_wconf 83' lang='grc' dir='ltr'>λίθων</span> <span class='ocrx_word' id='word_1_778' title='bbox 2754 4900 2846 4953; x_wconf 74' lang='grc' dir='ltr'><strong>καὶ</strong></span> <span class='ocrx_word' id='word_1_779' title='bbox 2875 4899 2983 4952; x_wconf 85' lang='grc' dir='ltr'><strong>τῶν</strong></span> <span class='ocrx_word' id='word_1_780' title='bbox 3019 4899 3188 4967; x_wconf 85' lang='grc' dir='ltr'>ξύλων</span> <span class='ocrx_word' id='word_1_781' title='bbox 3218 4902 3394 4973; x_wconf 74' lang='grc' dir='ltr'>ψυχῆς</span> <span class='ocrx_word' id='word_1_782' title='bbox 3415 4904 3506 4958; x_wconf 83' lang='grc' dir='ltr'><strong>τὸν</strong></span> <span class='ocrx_word' id='word_1_783' title='bbox 3529 4905 3586 4959; x_wconf 86' lang='grc' dir='ltr'><strong>ἐν</strong></span> <span class='ocrx_word' id='word_1_784' title='bbox 3615 4906 3735 4977; x_wconf 84' lang='grc' dir='ltr'><strong>ἀέρι</strong></span> 
     </span>
    </p>
   </div>
   <div class='ocr_carea' id='block_1_107' title="bbox 2173 4986 3732 5066">
    <p class='ocr_par' dir='ltr' id='par_1_107' title="bbox 2173 4986 3732 5066">
     <span class='ocr_line' id='line_1_107' title="bbox 2173 4986 3732 5066; baseline 0.007 -29"><span class='ocrx_word' id='word_1_785' title='bbox 2173 4986 2376 5040; x_wconf 86' lang='grc' dir='ltr'>κτύπον</span> <span class='ocrx_word' id='word_1_786' title='bbox 2405 4987 2550 5040; x_wconf 86' lang='grc' dir='ltr'>λίθου</span> <span class='ocrx_word' id='word_1_787' title='bbox 2583 5005 2640 5040; x_wconf 87' lang='grc' dir='ltr'><strong>τε</strong></span> <span class='ocrx_word' id='word_1_788' title='bbox 2673 4989 2768 5041; x_wconf 72' lang='grc' dir='ltr'><strong>καὶ</strong></span> <span class='ocrx_word' id='word_1_789' title='bbox 2801 4989 3016 5060; x_wconf 73' lang='grc' dir='ltr'>ῥάϐδου,</span> <span class='ocrx_word' id='word_1_790' title='bbox 3041 4991 3228 5064; x_wconf 87' lang='grc' dir='ltr'>ῶσπερ</span> <span class='ocrx_word' id='word_1_791' title='bbox 3265 4993 3526 5066; x_wconf 82' lang='grc' dir='ltr'>ἐνάρθρου</span> <span class='ocrx_word' id='word_1_792' title='bbox 3555 4996 3732 5065; x_wconf 85' lang='grc' dir='ltr'>φωνῆς</span> 
     </span>
    </p>
   </div>
   <div class='ocr_carea' id='block_1_108' title="bbox 2173 5078 2923 5145">
    <p class='ocr_par' dir='ltr' id='par_1_108' title="bbox 2173 5078 2923 5145">
     <span class='ocr_line' id='line_1_108' title="bbox 2173 5078 2923 5145; baseline 0.007 -15"><span class='ocrx_word' id='word_1_793' title='bbox 2173 5078 2346 5131; x_wconf 80' lang='grc' dir='ltr'>αὐτῶν</span> <span class='ocrx_word' id='word_1_794' title='bbox 2376 5078 2591 5133; x_wconf 79' lang='grc' dir='ltr'>πώποτε</span> <span class='ocrx_word' id='word_1_795' title='bbox 2616 5081 2923 5145; x_wconf 87' lang='grc' dir='ltr'>διακούσας.</span> 
     </span>
    </p>
   </div>
   <div class='ocr_carea' id='block_1_109' title="bbox 2246 5172 3736 5249">
    <p class='ocr_par' dir='ltr' id='par_1_109' title="bbox 2246 5172 3736 5249">
     <span class='ocr_line' id='line_1_109' title="bbox 2246 5172 3736 5249; baseline 0.005 -25"><span class='ocrx_word' id='word_1_796' title='bbox 2246 5172 2400 5224; x_wconf 87' lang='grc' dir='ltr'>Ἔστι</span> <span class='ocrx_word' id='word_1_797' title='bbox 2453 5173 2509 5225; x_wconf 86' lang='grc' dir='ltr'><strong>δέ</strong></span> <span class='ocrx_word' id='word_1_798' title='bbox 2555 5174 2647 5226; x_wconf 71' lang='grc' dir='ltr'>καὶ</span> <span class='ocrx_word' id='word_1_799' title='bbox 2698 5176 2826 5244; x_wconf 86' lang='grc' dir='ltr'>παρ’</span> <span class='ocrx_word' id='word_1_800' title='bbox 2865 5175 2994 5245; x_wconf 76' lang='grc' dir='ltr'>ἡμῖν</span> <span class='ocrx_word' id='word_1_801' title='bbox 3035 5176 3095 5228; x_wconf 84' lang='grc' dir='ltr'><strong>τὸ</strong></span> <span class='ocrx_word' id='word_1_802' title='bbox 3131 5176 3228 5246; x_wconf 86' lang='grc' dir='ltr'>μὲν</span> <span class='ocrx_word' id='word_1_803' title='bbox 3267 5177 3556 5249; x_wconf 87' lang='grc' dir='ltr'>ἐνθύμημα</span> <span class='ocrx_word' id='word_1_804' title='bbox 3585 5180 3736 5231; x_wconf 83' lang='grc' dir='ltr'><strong>καὶὸ</strong></span> 
     </span>
    </p>
   </div>
   <div class='ocr_carea' id='block_1_110' title="bbox 2171 5270 3734 5343">
    <p class='ocr_par' dir='ltr' id='par_1_110' title="bbox 2171 5270 3734 5343">
     <span class='ocr_line' id='line_1_110' title="bbox 2171 5270 3734 5343; baseline 0.002 -20"><span class='ocrx_word' id='word_1_805' title='bbox 2171 5270 2324 5338; x_wconf 86' lang='grc' dir='ltr'>λόγος</span> <span class='ocrx_word' id='word_1_806' title='bbox 2349 5271 2448 5340; x_wconf 87' lang='grc' dir='ltr'><strong>τῆς</strong></span> <span class='ocrx_word' id='word_1_807' title='bbox 2468 5271 2644 5340; x_wconf 81' lang='grc' dir='ltr'>ψυχῆς</span> <span class='ocrx_word' id='word_1_808' title='bbox 2666 5272 2914 5343; x_wconf 78' lang='grc' dir='ltr'>οὐδαμῶς</span> <span class='ocrx_word' id='word_1_809' title='bbox 2942 5272 3268 5343; x_wconf 84' lang='grc' dir='ltr'>ἀκουόμενον</span> <span class='ocrx_word' id='word_1_810' title='bbox 3288 5291 3300 5303; x_wconf 93' lang='grc'><strong>·</strong></span> <span class='ocrx_word' id='word_1_811' title='bbox 3333 5273 3393 5326; x_wconf 83' lang='grc' dir='ltr'><strong>τὸ</strong></span> <span class='ocrx_word' id='word_1_812' title='bbox 3433 5274 3476 5326; x_wconf 88' lang='grc' dir='ltr'>δ’</span> <span class='ocrx_word' id='word_1_813' title='bbox 3513 5274 3734 5338; x_wconf 78' lang='grc' dir='ltr'>ἐξάκου-</span> 
     </span>
    </p>
   </div>
   <div class='ocr_carea' id='block_1_111' title="bbox 2173 5363 3728 5439">
    <p class='ocr_par' dir='ltr' id='par_1_111' title="bbox 2173 5363 3728 5439">
     <span class='ocr_line' id='line_1_111' title="bbox 2173 5363 3728 5439; baseline 0.004 -25"><span class='ocrx_word' id='word_1_814' title='bbox 2173 5379 2314 5424; x_wconf 87' lang='grc' dir='ltr'>στον,</span> <span class='ocrx_word' id='word_1_815' title='bbox 2335 5363 2496 5433; x_wconf 79' lang='grc' dir='ltr'>ἀέρος</span> <span class='ocrx_word' id='word_1_816' title='bbox 2521 5363 2884 5435; x_wconf 83' lang='grc' dir='ltr'>πληττομένου</span> <span class='ocrx_word' id='word_1_817' title='bbox 2906 5365 2992 5417; x_wconf 79' lang='grc' dir='ltr'>διὰ</span> <span class='ocrx_word' id='word_1_818' title='bbox 3020 5365 3108 5418; x_wconf 80' lang='grc' dir='ltr'>τοῦ</span> <span class='ocrx_word' id='word_1_819' title='bbox 3143 5367 3450 5437; x_wconf 86' lang='grc' dir='ltr'>σωματικοῦ</span> <span class='ocrx_word' id='word_1_820' title='bbox 3470 5368 3698 5439; x_wconf 81' lang='grc' dir='ltr'>ὀργάνου</span> <span class='ocrx_word' id='word_1_821' title='bbox 3712 5385 3728 5398; x_wconf 84' lang='grc'><em>’</em></span> 
     </span>
    </p>
   </div>
   <div class='ocr_carea' id='block_1_112' title="bbox 2169 5454 3732 5529">
    <p class='ocr_par' dir='ltr' id='par_1_112' title="bbox 2169 5454 3732 5529">
     <span class='ocr_line' id='line_1_112' title="bbox 2169 5454 3732 5529; baseline 0.004 -23"><span class='ocrx_word' id='word_1_822' title='bbox 2169 5455 2304 5525; x_wconf 86' lang='grc' dir='ltr'>ὅπερ</span> <span class='ocrx_word' id='word_1_823' title='bbox 2335 5454 2455 5524; x_wconf 89' lang='grc' dir='ltr'>δίχα</span> <span class='ocrx_word' id='word_1_824' title='bbox 2480 5455 2579 5526; x_wconf 88' lang='grc' dir='ltr'><strong>τῆς</strong></span> <span class='ocrx_word' id='word_1_825' title='bbox 2605 5455 2825 5528; x_wconf 86' lang='grc' dir='ltr'>λογικῆς</span> <span class='ocrx_word' id='word_1_826' title='bbox 2848 5458 3132 5528; x_wconf 86' lang='grc' dir='ltr'>κινήσεως,</span> <span class='ocrx_word' id='word_1_827' title='bbox 3159 5460 3254 5511; x_wconf 75' lang='grc' dir='ltr'><strong>καὶ</strong></span> <span class='ocrx_word' id='word_1_828' title='bbox 3278 5461 3369 5512; x_wconf 81' lang='grc' dir='ltr'><strong>ἐπὶ</strong></span> <span class='ocrx_word' id='word_1_829' title='bbox 3387 5459 3497 5512; x_wconf 84' lang='grc' dir='ltr'><strong>τῶν</strong></span> <span class='ocrx_word' id='word_1_830' title='bbox 3521 5459 3732 5529; x_wconf 80' lang='grc' dir='ltr'>ἀλόγων</span> 
     </span>
    </p>
   </div>
   <div class='ocr_carea' id='block_1_113' title="bbox 2169 5542 3736 5624">
    <p class='ocr_par' dir='ltr' id='par_1_113' title="bbox 2169 5542 3736 5624">
     <span class='ocr_line' id='line_1_113' title="bbox 2169 5542 3736 5624; baseline 0.007 -30"><span class='ocrx_word' id='word_1_831' title='bbox 2169 5542 2314 5614; x_wconf 77' lang='grc' dir='ltr'>εὖροι</span> <span class='ocrx_word' id='word_1_832' title='bbox 2358 5561 2443 5607; x_wconf 89' lang='grc' dir='ltr'><strong>τις</strong></span> <span class='ocrx_word' id='word_1_833' title='bbox 2497 5544 2583 5607; x_wconf 81' lang='grc' dir='ltr'>ἂν,</span> <span class='ocrx_word' id='word_1_834' title='bbox 2623 5545 2866 5615; x_wconf 83' lang='grc' dir='ltr'>βοώντων</span> <span class='ocrx_word' id='word_1_835' title='bbox 2900 5549 3016 5618; x_wconf 82' lang='grc' dir='ltr'>μὲν,</span> <span class='ocrx_word' id='word_1_836' title='bbox 3049 5549 3290 5620; x_wconf 77' lang='grc' dir='ltr'>ἄναρθρα</span> <span class='ocrx_word' id='word_1_837' title='bbox 3320 5549 3398 5617; x_wconf 81' lang='grc' dir='ltr'><strong>δὲ,</strong></span> <span class='ocrx_word' id='word_1_838' title='bbox 3431 5551 3616 5624; x_wconf 77' lang='grc' dir='ltr'>ἐπειδὴ</span> <span class='ocrx_word' id='word_1_839' title='bbox 3645 5549 3736 5604; x_wconf 76' lang='lat' dir='ltr'><strong>M-</strong></span> 
     </span>
    </p>
   </div>
   <div class='ocr_carea' id='block_1_114' title="bbox 2169 5636 2610 5706">
    <p class='ocr_par' dir='ltr' id='par_1_114' title="bbox 2169 5636 2610 5706">
     <span class='ocr_line' id='line_1_114' title="bbox 2169 5636 2610 5706; baseline 0.002 -18"><span class='ocrx_word' id='word_1_840' title='bbox 2169 5653 2263 5704; x_wconf 78' lang='grc' dir='ltr'><strong>γου</strong></span> <span class='ocrx_word' id='word_1_841' title='bbox 2303 5636 2610 5706; x_wconf 73' lang='grc' dir='ltr'>ἐπέρηται.</span> 
     </span>
    </p>
   </div>
  </div>
