4038 6288
281 435 414 492 1201

1334 434 1706 490 ADVERSUS
1747 435 2160 492 ΜᾹΧΙΟΗᾸΞΟΞ
2196 437 2324 492 LIB.
2366 437 2427 492 ll.‘

3372 440 3517 496 {202.

361 531 449 594 Ὠς
467 529 664 592 παντὸς
695 530 960 600 σώματος,
1000 532 1098 585 κᾶν
1133 532 1336 600 ἄψυχον
1358 529 1412 605 ᾖ,
1435 533 1630 585 οἰκεῖόν
1658 535 1772 586 ἐστι
1788 533 1850 585 τὸ

2022 531 2118 588 Est
2153 541 2330 587 autem
2368 530 2651 603 proprium
2692 533 2956 601 corporis.
2986 537 3123 586 ucet-
3149 540 3216 586 snt
3239 530 3508 587 inanima-

275 615 412 694 ἥχον
440 620 686 690 ἐμποιεῖν
719 622 783 690 τῇ
820 620 954 690 πρὸς
979 620 1066 672 τὸν
1095 621 1232 690 ἀέρα
1255 620 1456 692 πληγῇ·
1480 621 1542 674 τό
1571 621 1678 692 γὰρ
1703 621 1846 675 ἀσώ-

284 728 452 786 ματον
485 710 585 764 οὐκ
618 709 686 763 ἂν
719 709 1018 775 ἐξάκουστα
1075 711 1396 780 φθέγξαιτο·
1449 712 1586 783 ἀέρα
1631 712 1736 782 γὰρ
1787 713 1846 765 ού

276 805 524 876 πλήττει,
555 801 784 872 ὀργάνου
815 802 908 856 τοῦ
939 803 1258 874 πλήττοντος
1287 802 1720 874 ἀπηλλαγμένον.

363 977 515 1031 Ἐπεί
534 994 613 1030 τοι
649 978 706 1031 αἱ
731 976 1008 1050 ἀσώματοι
1028 979 1285 1050 δυνάμεις
1308 980 1503 1052 ἀψυχοί
1519 999 1582 1050 γε
1607 983 1851 1050 δόξουσιν

279 1072 364 1137 ἂν,
405 1071 594 1142 ἐπειδὴ
642 1071 963 1136 ἐξάκουστον
1009 1075 1138 1144 παρ’
1187 1073 1364 1127 αὐτῶν
1407 1074 1558 1128 οὐδὲν
1594 1076 1674 1139 είς
1703 1076 1850 1146 ἡμᾶς

277 1163 756 1234 ἀφικνεῖταιοὸπερ
792 1164 967 1217 τοίνυν
999 1165 1165 1236 ἐχρῆν
1192 1168 1485 1239 τεκμήριον
1521 1171 1850 1242 ποιήσασθαι

276 1255 386 1312 τῶν
437 1257 716 1320 παντελῶς
743 1256 984 1327 ἀψύχων,
1019 1257 1094 1320 ὡς
1128 1258 1478 1314 κτυπούντων
1506 1261 1565 1326 ἐξ
1606 1262 1851 1336 ἀνάγκης

279 1349 360 1411 εις
388 1348 528 1420 ἀέρα
572 1348 748 1420 (τοῦτο
769 1349 876 1419 γὰρ
910 1347 1069 1418 μόνου
1103 1348 1372 1420 σώματος,
1403 1354 1522 1423 οὐχὶ
1552 1354 1610 1407 δὲ
1629 1354 1846 1429 ψυχῆς),

282 1437 440 1490 τοῦτο
477 1436 768 1508 ψυχώσεως
812 1441 1032 1508 σημεῖον
1074 1438 1281 1494 ἐλαϐεν.
1341 1442 1619 1498 Ἐντεῦθεν
1659 1445 1722 1516 δὴ
1755 1447 1851 1500 καλ⁵

283 1529 352 1583 τὰ
379 1529 680 1600 τετράποδα
720 1529 909 1582 καὶτὰ
950 1532 1190 1596 πετεινὰ,
1229 1534 1330 1587 ὅσα
1371 1539 1594 1606 χρήσεις
1643 1538 1852 1609 ἀνθρώ-

281 1637 406 1686 ποις
437 1619 547 1690 ἔχει
585 1620 810 1691 τροφῆς,
839 1620 1048 1692 βαρέως
1074 1625 1310 1678 αἰτιᾶται
1344 1627 1470 1689 τοὺς
1509 1626 1752 1692 θύοντας,
1777 1629 1853 1692 ὡς

284 1711 501 1784 ἐκείνης
531 1713 631 1782 τῆς
655 1713 938 1785 δυνάμεως
963 1715 1055 1769 τοῦ
1085 1717 1288 1784 ἀγαθοῦ
1329 1720 1423 1773 καὶ
1446 1719 1617 1774 ταῦτα
1651 1721 1853 1792 ψυχού-

283 1818 406 1874 σης,
445 1803 539 1856 καὶ
581 1804 641 1856 ἐν
677 1804 859 1868 αὐτοῖς
901 1807 1302 1878 κατεχομένης⁸
1327 1808 1514 1882 ὥσπερ
1542 1810 1853 1876 σπουδάζων

284 1893 608 1966 καθυϐρῖσαι
663 1897 952 1962 παντοίως,
998 1899 1057 1953 ὃν
1095 1900 1297 1969 ἀγαθὸν
1345 1902 1507 1973 δῆθεν
1555 1905 1852 1959 ἀποκαλεῖο
1885 1901 1927 1955 Β

281 1987 580 2061 ἐρωτητέον
621 1987 687 2060 δὴ
729 1989 874 2054 τίνος
926 1993 1197 2064 ἐπιτροπῇ
1243 1992 1416 2047 ταῦτα
1456 1995 1762 2067 ἀνθρώποις
1797 1997 1858 2063 ἐξ

281 2079 458 2150 ἀρχῆς
494 2081 573 2144 είς
606 2082 811 2152 τροφὴν
843 2083 1196 2154 παραδέδοται
1217 2101 1229 2114 °
1267 2081 1375 2158 ἆρά
1405 2103 1468 2154 γε
1505 2087 1605 2158 τῆς
1637 2090 1854 2154 κακίας,

279 2170 358 2236 ὡς
405 2171 731 2246 ὑϐριζούσης
780 2174 840 2228 τὸ
892 2175 1123 2244 ἀγαθόν;
1164 2176 1301 2231 Ἀλλ’
1334 2180 1434 2233 οὐκ
1474 2181 1539 2235 ἀν
1579 2199 1640 2250 γε
1673 2183 1854 2255 ἐκείνη

281 2263 535 2320 τοσοῦτον
584 2265 788 2319 συνεῖδε
821 2269 1072 2340 πρᾶγμα,
1098 2269 1295 2338 γνῶσιν
1327 2271 1400 2343 μὴ
1435 2275 1738 2346 κεκτημένη
1760 2293 1773 2307 ·
1795 2276 1858 2330 οὑ

283 2356 392 2428 γὰρ
427 2357 586 2423 ἄλλος
616 2359 947 2432 δημιουργὸς
997 2360 1062 2415 ἂν
1118 2363 1230 2433 εἴη,
1284 2363 1404 2417 οὐδὲ
1456 2365 1863 2439 δημιουργήσας

285 2451 455 2516 ἐστὶν,
489 2450 564 2514 ὥς
606 2469 766 2523 φησιν
799 2453 827 2504 ὁ
873 2453 1026 2518 Θεὸς,
1075 2455 1168 2508 καὶ
1217 2455 1315 2528 τήν
1363 2455 1591 2528 δύναμιν
1639 2461 1703 2513 ἐκ
1758 2460 1857 2530 τῆς

288 2541 424 2607 ίδίας
469 2543 682 2614 φύσεως
731 2543 1166 2617 προϐαλλόμενος
1211 2548 1304 2601 ἐπὶ
1354 2551 1712 2622 σωφρονισμῷ
1760 2553 1858 2624 τῆς

287 2632 454 2706 ὕληςί

1950 633 2088 688 tum,
2115 640 2376 696 percusso
2427 639 2553 680 aere
2596 623 2835 678 sonitum
2883 623 3110 678 reddere
3144 642 3155 676 :
3189 625 3334 694 quod
3367 625 3510 683 enim

1950 724 2101 773 caret
2160 733 2420 788 corpore,
2492 733 2600 772 non
2667 717 2854 772 reddet
2911 732 3098 772 vocem
3161 732 3281 787 quae
3337 718 3524 775 audiri.

1949 817 2154 879 queat;
2203 810 2331 880 quia
2363 824 2474 864 non
2524 809 2759 879 percutit
2795 823 2996 874 aerem,
3043 823 3167 864 cum
3215 810 3285 865 sit
3327 809 3394 870 ab
3427 810 3516 866 in-

1950 914 2252 962 strumento
2282 907 2622 977 perculiente
2646 906 2900 962 liberum.

2020 995 2382 1063 Quamobrem
2412 998 2746 1066 incorporeas
2773 1003 3069 1065 potestates
3090 996 3342 1051 inanima:
3367 997 3516 1051 vide-

1948 1087 2178 1154 buntur,
2212 1088 2342 1157 quia
2372 1087 2508 1142 nihil
2539 1086 2682 1156 quod
2718 1101 2882 1142 sensu
2915 1087 3132 1142 auditus
3158 1087 3511 1157 percipiatur.

1949 1177 2018 1232 ab
2049 1175 2128 1232 eis
2170 1176 2239 1232 ad
2286 1192 2388 1232 nos
2432 1176 2627 1230 fertur.
2671 1175 2826 1243 Quod
2875 1175 3042 1248 igitur
3079 1177 3361 1247 oportebat
3401 1175 3516 1232 ﬁeri

1951 1270 2212 1326 iudicium
2260 1285 2551 1341 corporum
2603 1285 2830 1340 prorsus
2881 1270 3062 1324 anima
3103 1272 3425 1336 carentium,
3457 1278 3516 1324 ut

1948 1379 2070 1434 quae
2101 1363 2415 1418 necessario
2446 1349 2627 1417 aerem
2661 1363 2882 1431 pulsant
2913 1363 2932 1430 (
2951 1361 3054 1417 hoc
3089 1361 3231 1416 enim
3269 1365 3516 1431 corporis

1948 1462 2053 1519 est,
2098 1469 2207 1508 non
2240 1452 2476 1524 animae),
2509 1453 2615 1507 hoc
2649 1453 2859 1523 accepit
2886 1452 3214 1509 Manichaeus
3255 1462 3514 1524 tanquam

1950 1549 2168 1618 signum
2192 1545 2574 1600 animationis.
2613 1544 2751 1600 Hinc
2778 1545 2942 1600 etiam
2975 1552 3078 1610 est,
3110 1544 3254 1615 quod
3283 1547 3516 1616 graviter

1951 1647 2170 1696 accusat
2211 1655 2306 1696 eos
2340 1641 2436 1710 qui
2466 1645 2708 1694 mactant
2749 1637 3126 1709 quadrupedes
3153 1645 3207 1692 et
3244 1637 3515 1701 volucres,

1949 1748 2286 1803 quaecunque
2353 1733 2604 1788 homines
2683 1731 2752 1786 ad
2830 1729 3162 1786 vescendum
3235 1728 3515 1795 adhibent,

1954 1833 2216 1894 tanquam
2281 1825 2397 1882 haec
2441 1827 2605 1882 etiam
2657 1825 2748 1880 illa
2790 1827 2966 1880 virtus
3014 1823 3145 1880 boni
3201 1823 3419 1887 animet,
3460 1823 3519 1878 in

1954 1917 2144 1987 eisque
2172 1918 2542 1973 contineatur.
2579 1916 2675 1972 Sic
2721 1915 2923 1980 studet,
2967 1925 3024 1970 ut
3063 1915 3239 1970 modis
3266 1913 3521 1970 omnibus

1955 2007 2354 2062 contumeliose
2402 2007 2696 2076 vituperet,
2740 2021 2901 2076 quem
2941 2005 3143 2060 bonum
3188 2005 3396 2059 scilicet
3425 2019 3523 2073 ap-

1954 2095 2140 2164 pellat.
2194 2094 2619 2167 lnterrogandus
2669 2095 2871 2166 quippe
2915 2104 3018 2160 est,
3059 2093 3218 2164 cujus
3261 2107 3522 2164 procura-

1954 2187 2103 2244 tione
2166 2188 2371 2244 tradita
2439 2196 2572 2245 sunt
2633 2188 2749 2242 haec
2804 2202 2832 2240 a
2883 2186 3152 2257 principio
3209 2185 3522 2240 hominibus

1955 2274 2022 2330 ad
2081 2276 2444 2332 vescendum?
2483 2291 2554 2331 an
2599 2276 2858 2346 nequitiae
2921 2285 3176 2345 tauquam
3242 2281 3523 2330 contume-

1958 2368 2107 2422 liosa:
2135 2367 2190 2422 in
2221 2369 2420 2423 bonum
2445 2369 2469 2422 ?
2497 2367 2567 2422 At
2593 2383 2702 2424 non
2731 2366 2835 2422 fuit
2857 2368 2950 2422 illa
2980 2374 3145 2422 tanta
3175 2365 3252 2421 rei
3275 2365 3520 2431 conscia,

1967 2466 2028 2512 ut
2075 2475 2196 2530 quae
2233 2460 2596 2531 cognitionem
2641 2476 2750 2516 non
2790 2460 2997 2515 habuit.
3046 2457 3163 2513 Non
3199 2459 3342 2513 enim
3383 2457 3522 2513 alius

1955 2561 2172 2606 creator
2204 2552 2391 2606 mundi
2421 2552 2587 2608 fuerit
2615 2570 2631 2619 ;
2667 2567 2844 2624 neque
2878 2550 3042 2618 Deus,
3076 2558 3136 2605 ut
3167 2551 3264 2618 ait,
3294 2549 3520 2612 creavit.

1954 2650 2009 2696 et
2056 2644 2317 2698 virtutem
2355 2660 2422 2700 ex
2479 2645 2702 2716 propria
2752 2651 2946 2699 natura
2994 2641 3249 2714 produxit
3288 2641 3354 2696 ad
3402 2655 3526 2697 cor-

1954 2737 2254 2793 rectionem
2286 2739 2544 2794 materiae.

1041 2835 1452 2901 Cara-XXXVI.
1483 2838 1566 2891 Ad
1603 2840 1829 2897 hominis
1858 2848 2142 2905 utilitatem
2173 2853 2351 2906 omnia
2391 2870 2424 2906 a
2451 2851 2560 2906 Deo
2581 2861 2781 2906 creata.

355 2945 592 3018 Συνέστη
644 2947 823 3002 τοίνυν
872 2949 940 3002 τά
987 2949 1100 3015 ζῶα
1145 2952 1453 3024 σύμπαντα,
1505 2955 1856 3028 βουληθέντος

286 3038 380 3094 τοῦ
429 3040 951 3111 δημιουργήσαντος,
991 3044 1060 3096 τά
1090 3063 1149 3097 τε
1184 3048 1264 3109 είς
1296 3050 1499 3117 τροφὴν
1549 3050 1854 3121 ἀνθρώποις

287 3130 567 3202 ἐπιτήδεια
598 3132 693 3186 καὶ
731 3131 796 3186 τά
829 3134 924 3204 μή.
974 3135 1298 3207 Ἐπέτρεψεν
1325 3138 1432 3208 ἄρα
1461 3141 1631 3206 οὐδεὶς
1667 3144 1853 3216 ἔτερος

2032 2967 2375 3024 Exstiterunt
2433 2967 2597 3039 igitur
2639 2965 2823 3020 omnia
2868 2965 3144 3030 animalia,
3203 2963 3413 3020 volente
3459 2976 3527 3019 eo

1959 3059 2053 3129 qui
2101 3059 2330 3126 creavit,
2383 3067 2437 3114 et
2487 3074 2606 3130 quae
2650 3058 2718 3113 ad
2760 3057 3014 3112 alendum
3053 3055 3302 3112 homines
3331 3053 3524 3108 idonea

1960 3161 2109 3217 sunt,
2135 3161 2190 3208 et
2219 3169 2339 3224 quae
2378 3169 2508 3208 non.
2548 3149 2718 3205 Nemo
2738 3151 2912 3222 igitur
2943 3151 3081 3204 alius
3106 3150 3437 3219 procuravit,
3468 3157 3528 3208 ιτ

286 3224 323 3295 ἢ
353 3225 382 3277 ὁ
421 3224 653 3295 ποιήσας
684 3224 991 3297 ἀνθρώποις
1021 3223 1158 3281 εἶναι
1189 3229 1359 3283 ταῦτα
1381 3236 1583 3304 τροφήν
1603 3252 1616 3265 ·
1655 3237 1714 3287 οὐ
1746 3236 1853 3306 γὰρ

1959 3247 2071 3301 haec
2108 3223 2426 3300 hominibus
2453 3245 2505 3296 in
2545 3243 2728 3298 cibum
2773 3250 2826 3296 et
2858 3241 3172 3294 alimentum
3206 3240 3526 3295 adhiberen-

287 3314 359 3371 ἆν
381 3317 595 3386 ἐπέγνω
639 3317 864 3371 καθόλου
907 3319 939 3390 ἡ
980 3318 1139 3388 φύσις
1166 3322 1224 3374 τὸ
1253 3325 1520 3395 χρήσιμον
1554 3328 1736 3397 ἑαυτῇ,
1783 3327 1856 3396 μὴ

289 3409 430 3464 οὕτω
458 3411 913 3483 νομοθετήσαντος
930 3413 1024 3466 τοῦ
1050 3418 1408 3486 πεποιηκότος
1439 3421 1626 3491 αὐτήν.
1653 3422 1858 3474 Αὐτίκα

289 3501 385 3556 καὶ
423 3501 646 3566 πλοῦτος
695 3505 854 3572 φύσει
905 3503 1076 3558 ταῦτα
1124 3507 1445 3578 γεγένηται,
1473 3511 1546 3572 ὡς
1593 3511 1857 3580 μηδέποτε

290 3592 390 3662 τῆς
419 3593 598 3647 αὐτῶν
621 3597 866 3665 χρήσεως
895 3596 1291 3668 διαλειπούσης⁹
1327 3602 1420 3653 καὶ
1445 3601 1552 3672 ὅσῳ
1574 3619 1635 3669 γε
1662 3602 1859 3671 μᾶλλον

290 3680 407 3736 ἔνια
451 3685 517 3750 τῇ
552 3685 743 3753 χρήσει
789 3684 1111 3752 δαπανᾶται,
1152 3688 1392 3760 τοσούτῳ
1442 3689 1598 3743 πλέον
1629 3692 1859 3760 πολυγο-

289 3770 498 3844 νώτερα
520 3774 794 3842 τυγχάνει·
810 3775 902 3826 καὶ
922 3774 988 3828 τὰ
1009 3779 1105 3846 μὲν
1127 3778 1312 3849 τρέφει
1338 3780 1494 3850 μόνον
1524 3781 1858 3854 ἀνθρώπους,

291 3864 360 3918 τὰ
386 3862 443 3915 δὲ
477 3864 569 3917 καὶ
598 3863 940 3929 ἐνδύει,ἀλλα
960 3866 1015 3919 δὲ
1050 3868 1144 3920 καὶ
1162 3869 1324 3932 ἄλλας
1357 3872 1580 3940 χρήσεις
1609 3873 1859 3942 παρέχει,

293 3955 454 4010 δοῦλα
513 3955 672 4025 φύσει
716 3957 853 4028 πρὸς
903 3957 996 4010 τοῦ
1046 3958 1544 4032 δημιουργήσαντος
1593 3963 1863 4036 ἀνθρώπῳ

298 4047 796 4118 κατεσκευασμένα.
825 4048 987 4103 Ὅθεν
1021 4050 1118 4104 καὶ
1151 4052 1511 4108 ὑποτέτακται
1551 4057 1644 4109 καὶ
1670 4057 1738 4109 τὰ
1769 4075 1864 4128 με-

300 4141 440 4211 γάλα
472 4141 548 4212 τῷ
570 4139 717 4212 δγκῳ
743 4142 932 4213 πράως
961 4145 1196 4208 είκοντα,
1227 4145 1320 4197 καὶ
1347 4145 1415 4198 τά
1443 4148 1500 4199 ἐν
1537 4149 1661 4219 ἀέρι
1702 4150 1860 4222 τέχνῃ

297 4231 390 4286 τοῦ
420 4231 680 4302 λογισμοῦ
715 4230 1108 4302 καθελκόμενα,
1139 4237 1235 4288 καὶ
1272 4236 1339 4288 τὰ
1371 4239 1428 4289 ἐν
1459 4236 1641 4290 ῦδασιν
1665 4239 1863 4308 ἀναγό-

302 4339 458 4394 μενα,
488 4324 582 4375 καὶ
613 4321 810 4392 μᾶλλον
831 4324 1031 4388 ἐκεῖνα,
1063 4326 1163 4379 ὅσα
1187 4343 1250 4394 γε
1276 4328 1332 4380 τὸ
1351 4329 1616 4399 χρήσιμον
1652 4329 1862 4402 ἀνθρώ-

204 4485 210 4494 ⁸
300 4431 420 4476 ποις
450 4411 774 4483 ἀποπληροῖ.
811 4411 966 4466 Οῦτω
1002 4415 1177 4486 δῆλον,
1199 4417 1274 4481 ώς
1304 4419 1404 4471 οὐκ
1431 4418 1703 4489 ἄνθρωποι
1734 4422 1861 4473 ἐαυ-

297 4509 409 4570 τοῖς
440 4505 724 4559 ἐϐιάσαντο
748 4503 894 4576 ποιρά
911 4507 970 4558 τὸ
993 4506 1240 4580 βούλημα
1255 4509 1346 4563 τοῦ
1365 4509 1862 4582 δημιουργήσαντος

1959 3347 2066 3399 tur,
2089 3337 2192 3391 nisi
2215 3335 2308 3406 qui
2337 3350 2401 3389 ea
2432 3335 2638 3389 creavit
2671 3354 2682 3387 :
2716 3348 2822 3387 non
2849 3333 2992 3386 enim
3019 3331 3276 3386 universa
3306 3340 3524 3394 natura,

1958 3430 2087 3499 quid
2143 3430 2246 3484 sibi
2300 3429 2432 3482 utile
2476 3437 2644 3491 esset,
2691 3425 3058 3495 cognovisset,
3112 3423 3220 3480 nisi
3257 3424 3352 3494 qui
3406 3437 3526 3478 eam

1961 3519 2119 3586 fecit,
2153 3519 2233 3574 sic
2271 3519 2563 3574 sanxisset.
2602 3517 2682 3570 Ex
2726 3532 2838 3587 quo
2873 3515 3135 3571 continuo
3179 3513 3383 3569 factum
3418 3521 3524 3580 est,

1961 3619 2019 3664 ut
2050 3612 2163 3665 hzec
2204 3609 2404 3665 fuerint
2445 3609 2647 3664 divitiae
2689 3617 2906 3672 natura,
2955 3608 3155 3679 quippe
3217 3622 3340 3664 cum
3392 3624 3527 3662 nun-

1959 3717 2123 3771 quam
2154 3717 2343 3756 earum
2387 3716 2520 3756 usus
2547 3698 2764 3755 deficiat
2789 3715 2809 3764 ;
2841 3707 2896 3754 et
2934 3714 3042 3769 quo
3075 3698 3249 3769 magis
3278 3698 3528 3771 quaedam

1963 3810 2062 3850 usu
2099 3801 2523 3858 consumuntur,
2554 3808 2619 3848 eo
2653 3798 2784 3847 sunt
2813 3790 3164 3846 diuturniora
3190 3809 3206 3859 ;
3237 3806 3300 3846 ac
3332 3792 3529 3862 partim

1961 3885 2182 3956 quidem
2237 3887 2391 3940 alunt
2439 3885 2710 3950 homines,
2761 3882 2961 3955 partim
3010 3883 3271 3951 vestiunt,
3324 3891 3377 3938 et
3423 3884 3528 3938 alia

1962 3977 2099 4032 alios
2141 3993 2274 4032 usus
2323 3977 2590 4046 praebent,
2631 3975 2774 4030 facta
2819 3982 3017 4030 natura
3049 3975 3264 4031 homini
3304 3990 3460 4032 serva
3495 3991 3528 4029 a

1961 4067 2238 4122 Creatore.
2284 4065 2436 4122 Unde
2481 4066 2726 4136 subjecta
2761 4074 2889 4120 sunt
2935 4065 2983 4120 ei
3020 4065 3205 4134 etiam,
3247 4081 3367 4136 quae
3400 4071 3530 4120 sunt

1962 4166 2116 4212 vasta
2149 4156 2310 4219 mole,
2343 4162 2625 4210 mansuete
2663 4152 2970 4208 obedientia
3001 4171 3016 4220 ;
3051 4161 3106 4207 et
3152 4167 3271 4224 quae
3318 4152 3373 4206 in
3406 4167 3530 4206 aere

1965 4246 2197 4300 artiﬁcio
2223 4245 2451 4299 rationis
2481 4244 2548 4297 ad
2582 4258 2682 4298 nos
2713 4241 3030 4307 trahuntur,
3059 4249 3113 4296 et
3143 4256 3263 4311 quae
3287 4241 3342 4298 in
3374 4243 3535 4310 aquis

1963 4339 2291 4403 educuntur,
2323 4345 2486 4406 atque
2522 4351 2585 4390 ea
2611 4335 2784 4406 magis
2810 4349 2932 4404 quae
2962 4333 3256 4388 utilitatem
3289 4332 3528 4386 homini-

1964 4431 2066 4485 bus
2091 4429 2328 4499 explent.
2378 4427 2469 4482 Sic
2512 4433 2676 4498 patet,
2722 4439 2833 4480 non
2872 4425 3120 4480 homines
3156 4424 3261 4480 sibi
3294 4439 3391 4494 per
3420 4423 3529 4476 vim

1965 4521 2224 4576 animalia
2247 4522 2461 4577 ratione
2489 4519 2730 4574 carentia
2763 4517 3084 4588 subjecisse,
3116 4522 3311 4586 praeter
3338 4515 3530 4570 volun-

300 4599 369 4654 τὰ
395 4599 584 4668 ἄλογα·
620 4597 754 4652 ἀλλά
792 4598 885 4650 καὶ
920 4599 1080 4670 νόμος
1106 4602 1288 4665 αὐτοῖς
1322 4602 1552 4667 ὑπέταξε
1581 4603 1674 4656 τοῦ
1711 4609 1861 4677 ποιή-

1968 4622 2135 4668 tatem
2167 4616 2286 4682 ejus
2313 4613 2405 4683 qui
2435 4627 2498 4668 ea
2522 4611 2762 4680 creavit;
2788 4611 2921 4684 quin
2946 4611 3125 4680 potius
3149 4609 3233 4664 lex
3249 4607 3529 4663 Creatoris

304 4710 490 4757 σαντος
516 4693 708 4749 ταῦτα.

370 4787 504 4858 Φαίη
535 4788 578 4840 δ’
613 4787 678 4841 ἂν
705 4792 733 4843 ὁ
764 4791 976 4860 Μάνης,
1009 4787 1085 4850 ώς
1117 4786 1237 4839 οὐδὲ
1269 4785 1396 4856 βοῦν
1428 4786 1646 4851 εὐσεϐὲς
1679 4789 1864 4860 ἀρόσει

302 4881 746 4952 παραϐεϐλῆσθαι
771 4883 868 4953 τῆς
908 4882 1030 4951 γῆς,
1063 4881 1150 4934 ἴνα
1184 4878 1257 4950 μὴ
1308 4881 1402 4932 καὶ
1432 4881 1571 4934 πάνυ
1610 4882 1868 4934 καταδου-

303 4974 524 5031 λοῦσθαι
556 4975 754 5040 δόξειεν
785 4977 817 5046 ή
844 4974 980 5044 πρὸς
1008 4971 1101 5026 τοῦ
1131 4970 1332 5039 ἀγαθοῦ
1365 4972 1673 5042 πεμφθεῖσα
1698 4973 1864 5044 ψυχή.

303 5068 416 5125 Καὶ
458 5067 576 5131 πῶς
611 5065 680 5120 ἂν
721 5064 960 5136 γεωργία
1001 5063 1228 5132 συσταίη
1255 5079 1270 5127 ;
1304 5062 1421 5126 πῶς
1453 5064 1497 5118 δ’
1529 5063 1594 5118 ἂν
1627 5065 1687 5117 τὸ
1715 5064 1868 5133 γένος

306 5158 661 5233 παραμείνειε
692 5158 752 5210 τὺ
795 5157 901 5210 τῶν
948 5155 1246 5228 ἀνθρώπων
1279 5157 1679 5227 διαγινόμενον;
1715 5157 1872 5210 Οὕτω

305 5253 459 5325 παρά
503 5254 629 5314 τοὺς
666 5252 874 5312 κοινοὺς
915 5250 1205 5319 λογισμοὺς
1250 5251 1425 5304 πάντα
1465 5249 1603 5304 κατὰ
1645 5250 1740 5320 τῆς
1779 5249 1872 5320 δη-

310 5344 595 5416 μιουργίας
628 5345 657 5396 ὁ
699 5341 964 5404 παντοίως
990 5343 1195 5406 Μανεὶς
1227 5342 1518 5396 ἐπλάσατο.
1567 5341 1735 5396 Δοῦλα
1762 5342 1870 5413 γὰρ

307 5433 550 5506 φυσικῶς
574 5432 860 5506 ἀνθρώπου
889 5432 956 5485 τά
984 5434 1166 5504 ἥμερα
1198 5434 1314 5498 ζῶα
1338 5435 1647 5505 γεγένηται,
1687 5437 1778 5487 καὶ
1803 5437 1868 5505 τῇ

303 5523 495 5583 τούτου
537 5526 729 5597 χρήσει
763 5524 1190 5596 παραϐέϐληται.
1234 5525 1404 5579 Δοῦλα
1451 5526 1506 5579 δὲ
1537 5527 1658 5579 καθ’
1687 5527 1872 5597 ἕτερον

305 5616 460 5686 λόγον
504 5616 597 5670 καὶ
625 5615 692 5670 τὰ
723 5615 974 5687 ἀνήμερα
1005 5615 1141 5686 πρὸς
1177 5617 1241 5690 τῇ
1274 5614 1497 5688 ῥηθείσῃ
1525 5616 1691 5687 αἰτίᾳ,
1734 5614 1873 5669 ὥστε

309 5709 550 5781 λογισμῷ
585 5708 677 5760 τὸν
715 5707 996 5777 ἄνθρωπον
1042 5707 1257 5761 πάντων
1299 5705 1406 5760 τῶν
1435 5707 1642 5776 ἀλόγων
1685 5725 1872 5780 κρατι-

318 5801 560 5856 στεύειν·
594 5798 726 5854 Θεοῦ
765 5799 820 5852 δέ
853 5799 1236 5870 ἐπιτρέποντος
1279 5799 1366 5853 διά
1403 5799 1647 5864 ποικίλας
1674 5799 1869 5865 αἰτίας,

321 5894 381 5946 οὐ
405 5893 540 5948 λέων
571 5893 732 5964 μόνον
761 5891 818 5946 τὸ
844 5890 1217 5963 ἀλκιμώτατον
1248 5891 1450 5964 θηρίον,
1479 5893 1514 5963 ή
1545 5910 1593 5945 τι
1636 5893 1742 5947 τῶν
1782 5893 1872 5948 ἄλο

1966 4701 2082 4754 htec
2110 4700 2190 4754 cis
2227 4699 2480 4769 subjecit.

2038 4793 2180 4847 Dicit
2210 4793 2374 4848 etiam
2408 4791 2760 4858 Manichaeus,
2792 4792 3020 4862 impium
3041 4806 3162 4847 esse
3187 4791 3379 4847 bovem
3407 4807 3530 4845 ara-

1967 4884 2099 4938 tioni
2134 4891 2296 4938 terra:
2331 4883 2624 4953 applicare,
2657 4898 2726 4937 ne
2766 4881 2946 4935 anima
2982 4897 3011 4934 a
3043 4879 3152 4936 Deo
3184 4881 3373 4946 missa,
3414 4881 3532 4934 val-

1967 4975 2034 5031 de
2052 4977 2319 5031 servitute
2339 4990 2529 5044 pressa
2548 4974 2813 5029 videatur.
2834 4973 2899 5026 Et
2915 4973 3186 5044 quomodo
3196 4974 3531 5046 agricultura

1969 5068 2267 5123 sustentari
2321 5067 2548 5136 posset?
2590 5066 2863 5137 quomodo
2893 5066 3098 5121 durans
3140 5081 3312 5137 genus
3352 5065 3529 5120 homi-

1968 5174 2097 5213 num
2151 5158 2562 5228 perseveraret?
2610 5156 2700 5211 Sic
2745 5155 3076 5213 Manichaeus
3120 5157 3301 5213 omnia
3335 5163 3538 5226 praeter

1969 5265 2294 5304 communes
2337 5250 2588 5330 notiones
2634 5259 2824 5306 contra
2871 5251 3202 5306 creationem
3245 5250 3398 5304 varie
3447 5247 3532 5300 fu-

1968 5358 2094 5398 rens
2127 5342 2304 5396 ﬁnxit.
2348 5339 2515 5396 Serva
2555 5341 2699 5397 enim
2749 5341 2990 5399 hominis
3030 5341 3344 5397 naturaliter
3376 5355 3531 5394 man-

1972 5439 2129 5488 sueta
2167 5432 2424 5486 animalia
2466 5431 2604 5486 facta
2654 5439 2801 5498 sunt,
2839 5441 2893 5489 et
2934 5433 3058 5489 usui
3085 5433 3205 5503 ejus
3234 5431 3526 5486 destinata.

1970 5523 2089 5579 Non
2136 5532 2418 5579 mansueta
2469 5532 2650 5580 autem
2695 5526 2801 5580 alia
2845 5525 3056 5580 ratione
3102 5538 3281 5590 serva,
3334 5531 3531 5593 praeter.

1971 5631 2191 5672 causam
2216 5615 2436 5682 dictam,
2469 5625 2529 5671 ut
2560 5618 2725 5672 homo
2745 5618 2951 5673 ratione
2977 5618 3030 5672 in
3056 5617 3237 5672 omnia
3274 5615 3530 5674 animalia

1971 5708 2186 5764 ratione
2242 5709 2483 5765 carentia
2558 5709 2950 5774 dominaretur,
3016 5707 3126 5764 Deo
3201 5709 3273 5764 ob
3347 5710 3530 5766 varias

1973 5815 2171 5856 causas
2218 5798 2271 5855 id
2315 5808 2641 5873 procurante
2693 5815 2707 5850 :
2765 5800 2964 5870 alioqui
3013 5815 3121 5854 non
3165 5799 3251 5858 leo
3293 5809 3540 5866 tantum,

1977 5894 2089 5948 fera
2122 5892 2448 5962 fortissima,
2490 5899 2581 5948 aut
2630 5891 2808 5963 aliqua
2847 5892 2950 5948 alia
2995 5892 3303 5963 hujusmodi
3334 5892 3550 5958 bestia,-
