4038 6288
516 456 653 514 ηοξ

1649 461 1782 516 TITI
1821 461 2246 522 BOSTBENSIS
2285 466 2587 523 EPISCOPI

3603 466 3748 524 i201

516 585 612 631 aut
659 591 880 647 serpens
926 575 1200 630 hominem
1241 576 1502 641 vinceret,
1553 578 1646 632 sed
1692 579 1850 634 culex
1889 581 2072 648 etiam,
2107 616 2121 648 λ

2204 605 2289 640 ,ων
2320 586 2525 659 Θηρίων
2558 585 2590 657 ἢ
2641 583 2904 656 ἑρπετῶν,
2957 581 3239 654 ἀνθρώπου
3271 585 3613 655 ,κρατήσειεν
3648 583 3742 652 ἂν,

519 673 613 720 aut
640 665 783 720 aliud
815 681 880 722 ex
908 665 1169 720 minimis.
1201 663 1399 720 Verum
1435 674 1627 720 natura
1659 665 1892 722 ferarum
1924 671 2081 725 aliter

519 763 680 815 etiam
719 774 879 828 quam
914 757 1120 814 dictum
1159 767 1264 825 est,
1305 759 1372 814 ad
1405 767 1683 829 aspectum
1713 768 1766 814 et
1796 763 2080 830 experien-

517 852 647 905 tiam
677 850 986 906 hominibus
1027 850 1256 908 diversis
1301 854 1366 909 de
1406 853 1586 908 causis
1629 854 1934 908 necessaria
1972 863 2076 910 est.

2186 679 2321 733 ἀλλά
2363 680 2456 732 καὶ
2486 677 2682 747 κώνωψ
2710 678 2745 746 ἦ
2775 695 2826 730 τι
2862 676 2968 730 τῶν
2996 676 3166 730 ἄλλων
3201 676 3550 747 βραχυτάτων
3585 693 3740 749 περι-

2185 773 2430 840 γένοιτο·
2473 769 2609 841 πλὴν
2640 769 2842 840 Θηρίων
2881 767 3038 838 φύσις
3076 770 3168 822 καὶ
3195 768 3366 833 ἄλλως
3403 770 3495 823 τὸν
3523 767 3744 840 εἰρημέ-

2187 881 2275 916 νον
2307 863 2506 934 τρόπον
2555 863 2634 924 εἱς
2665 859 2815 930 δψεις
2856 861 3022 922 ἐστὶν,
3066 861 3147 912 ὅτι
3188 859 3282 913 καὶ
3312 861 3391 923 είς
3423 863 3616 931 πεῖραν
3649 857 3747 914 ἀνα

2187 954 2422 1027 θρώποις
2452 951 2590 1006 κατὰ
2623 952 2908 1024 διαφόρους
2935 950 3111 1013 αἰτίας
3136 948 3423 1016 ἀναγκαία.

1354 1079 1480 1132 CAP.
1523 1076 1781 1149 XXXVII.
1824 1076 1888 1129 In
1917 1077 2120 1144 fabrica
2148 1071 2330 1126 mundi
2361 1070 2618 1140 sapientia
2643 1067 2930 1123 Creatoris.

591 1162 698 1218 Sed
719 1164 844 1234 quia
867 1164 934 1218 ad
962 1166 1173 1236 singula
1200 1183 1320 1235 qua:
1337 1167 1428 1222 ille
1455 1177 1688 1239 nugatur
1715 1175 1770 1222 et
1805 1167 1977 1237 lingit,
2004 1183 2091 1221 re-

523 1257 793 1324 spondere
809 1267 864 1312 et
885 1273 1178 1314 occurrere
1196 1259 1426 1314 delirum
1443 1275 1564 1316 esse
1580 1260 1792 1315 videtur
1815 1275 1828 1311 :
1851 1266 2093 1315 contem-

521 1347 777 1414 plandum
795 1357 878 1404 est
901 1349 1304 1420 intelligentiam
1328 1349 1548 1406 habenti
1568 1349 1688 1405 sine
1703 1348 2087 1420 disputatione,

523 1438 795 1507 quomodo
846 1442 1008 1497 unius
1055 1443 1222 1496 verbo
1281 1443 1466 1497 omnia
1517 1449 1700 1514 aptata
1768 1449 1915 1498 sunt.
1972 1440 2091 1496 Una

525 1532 610 1587 lex
641 1533 920 1590 Creatoris
968 1535 1023 1589 in
1061 1535 1322 1590 omnibus
1364 1535 1699 1601 dominatur,
1757 1541 1811 1591 et
1856 1534 1992 1588 nihil
2038 1533 2095 1588 in

524 1625 691 1682 rebus
727 1634 970 1697 pugnat,
1001 1642 1177 1697 neque
1218 1627 1346 1682 belli
1381 1627 1643 1682 indicium
1672 1627 1755 1681 vel
1787 1625 2087 1682 dissensio-

527 1717 616 1772 nis
683 1717 741 1772 in
814 1719 1080 1774 creaturis
1135 1730 1404 1790 apparet;
1466 1720 1600 1791 quin
1675 1719 1855 1789 potius
1907 1718 2086 1772 omnia

529 1809 775 1877 (homine
809 1811 1027 1882 quidem
1061 1815 1340 1883 peccante)
1367 1829 1554 1884 pacem
1592 1815 1736 1870 inter
1776 1829 1836 1870 se
1865 1813 2085 1877 habent,

530 1911 593 1958 ut
635 1919 756 1974 quae
788 1904 856 1959 ab
885 1921 995 1960 uno
1026 1907 1179 1976 pacis
1209 1915 1263 1962 et
1291 1907 1491 1978 quietis
1543 1914 1808 1964 statutum
1871 1921 2092 1976 accepe-

531 2005 699 2063 runt;
745 2013 776 2053 a
821 2013 930 2068 quo
975 1998 1078 2054 hoc
1127 2001 1303 2070 ipsum
1353 2001 1496 2070 quod
1551 2007 1700 2064 sunt,
1745 2015 1774 2052 a
1824 1998 2093 2069 principio

533 2089 753 2145 habent.
809 2089 1100 2161 Conspirat
1141 2092 1285 2147 enim
1324 2107 1448 2146 cum
1493 2091 1656 2146 rebus
1695 2104 1816 2160 qua:
1853 2090 1910 2142 in
1949 2094 2093 2141 terra

535 2189 682 2246 sunt,
741 2182 940 2238 ccelum
998 2183 1213 2254 pluens,
1259 2200 1382 2238 cum
1440 2193 1652 2254 tempus
1700 2183 1974 2254 postulat;
2031 2195 2095 2235 ac

534 2289 731 2330 rursus
768 2274 1008 2345 pluviam
1047 2277 1306 2340 sustinet,
1331 2290 1454 2329 cum
1487 2291 1628 2346 opus
1660 2282 1745 2330 est
1773 2276 1889 2330 solo
1917 2274 2096 2330 calore

535 2365 604 2420 ad
663 2365 1050 2420 maturandum
1105 2385 1118 2419 :
1174 2366 1254 2421 sol
1308 2374 1488 2421 autem
1535 2382 1636 2422 suo
1692 2366 1923 2420 circuitu
1982 2365 2097 2434 lege

537 2456 780 2512 auctoris
833 2457 1133 2512 constituto
1175 2456 1337 2511 elﬁcit
1385 2465 1757 2527 tempestates,
1809 2471 2092 2526 nunquam

535 2563 630 2604 eas
671 2556 1037 2611 commutans,
1079 2530 1323 2617 quinimo
1373 2563 1541 2601 unum
1608 2547 1854 2602 ordinem
1910 2561 2096 2600 earum

535 2640 929 2695 immutabilem
958 2646 1125 2705 tenet,
1164 2649 1582 2709 perseveratque
1618 2640 1674 2693 in
1705 2647 1899 2693 natura
1925 2639 2100 2692 varie-

537 2743 625 2789 tas
683 2749 696 2784 :
754 2739 915 2803 atque
976 2746 1088 2786 una
1153 2738 1207 2787 et
1259 2731 1446 2786 eadem
1499 2746 1710 2787 summa
1770 2730 2100 2800 conspiratio

539 2841 706 2896 supra
751 2833 806 2880 et
848 2824 989 2879 infra
1034 2824 1296 2880 cernitur.
1332 2823 1449 2879 Nox
1485 2833 1664 2880 autem
1715 2825 1864 2880 omni
1905 2825 2101 2881 saeculo

539 2916 844 2993 permansit
896 2917 1013 2972 sine
1067 2915 1429 2970 inconstantia
1483 2914 1745 2971 adversus
1783 2915 1949 2980 diem,
1992 2931 2102 2970 non

540 3017 693 3064 motu
735 3009 963 3064 l‘ortuito
1004 3018 1057 3064 et
1108 3016 1329 3062 carente
1369 3007 1579 3062 ratione
1619 3007 1724 3062 diei
1779 3007 2121 3070 succedens,

543 3103 640 3159 sed
707 3103 971 3172 sapientia
1049 3101 1289 3161 auctoris
1342 3099 1590 3158 addendo
1643 3107 1697 3155 et
1753 3100 2104 3156 subducendo

542 3201 889 3262 temperata;
950 3192 1113 3263 idquc
1170 3207 1278 3246 non
1322 3192 1456 3248 alias
1512 3192 1690 3257 aliter,
1744 3191 1878 3261 quin
1925 3191 2106 3261 potius

2271 1161 2407 1214 Ἀλλ’
2435 1159 2620 1230 ἐπειδὴ
2667 1160 2803 1231 πρὸς
2846 1158 3072 1212 ἕκαστον
3113 1150 3186 1208 ὧν
3227 1155 3433 1216 ἐκεῖνος
3474 1151 3749 1222 ἀδολεσχεῑ

2184 1271 2244 1306 τε
2281 1254 2375 1306 καὶ
2409 1253 2718 1314 πλάττεται,
2766 1251 2927 1322 λῆρος
2957 1249 3021 1303 ἂν
3057 1249 3255 1315 δόξειεν
3287 1244 3424 1300 εἶναι
3460 1244 3520 1297 τὸ
3567 1244 3749 1313 λέγειν

2185 1368 2244 1403 τε
2272 1349 2368 1402 καὶ⁸
2401 1349 2644 1418 ἁπαντᾷν
2668 1364 2682 1378 ·
2727 1345 3025 1416 θεωρητέον
3059 1343 3152 1396 καὶ
3197 1342 3317 1412 δίχα
3352 1339 3509 1407 λόγου
3553 1336 3629 1407 τῷ
3653 1352 3751 1390 κε-

2187 1441 2440 1513 κτημένῳ
2485 1438 2715 1502 σύνεσιν,
2755 1438 2901 1499 ὅπως
2949 1436 3044 1506 μὲν
3092 1434 3207 1496 ἐνὸς
3246 1434 3490 1503 ἥρμοστο
3516 1429 3656 1498 λόγῳ
3680 1427 3752 1481 τά

2191 1535 2504 1605 σύμπανταο
2533 1525 2611 1593 εἷς
2645 1529 2702 1582 δὲ
2733 1529 2892 1600 νόμος
2935 1526 3027 1581 τοῦ
3071 1522 3408 1597 Δημιουργοῦ
3439 1520 3580 1575 κατά
3617 1519 3752 1573 πάν·

2189 1644 2296 1681 των
2321 1627 2530 1697 κρατεῖ,
2571 1624 2665 1677 καὶ
2699 1622 2846 1675 οὐδὲν
2882 1621 2938 1673 ἐν
2973 1621 3082 1682 τοῖς
3116 1615 3231 1671 οὖσι
3259 1615 3599 1685 διαμάχεται,
3633 1609 3753 1662 οὔδέ

2190 1719 2425 1789 πολέμου
2457 1718 2750 1788 τεκμήριον
2777 1715 2809 1786 ἢ
2844 1712 3105 1784 διχονοίας
3133 1714 3187 1765 ἐν
3211 1713 3321 1773 τοῖς
3349 1705 3756 1778 δημιούργημα·

2191 1829 2274 1866 σιν
2299 1811 2669 1880 ὑποφαίνεται,
2701 1807 2812 1861 ἀλλ’
2839 1805 3126 1878 είρηνεύει,
3153 1803 3286 1856 Θεοῦ
3322 1819 3385 1870 γε
3419 1797 3762 1870 συμπλέκον-

2187 1921 2278 1966 τος
2299 1902 2367 1955 τά
2396 1901 2570 1955 πάντα
2599 1900 2734 1971 πρὸς
2775 1896 3000 1968 ἄλληλα,
3028 1895 3101 1957 ὡς
3131 1893 3218 1963 ὑφ’
3250 1891 3367 1954 ἐνὸς
3397 1889 3632 1942 λαϐόντα
3655 1886 3754 1955 τῆς

2191 1996 2412 2067 εἰρήνης
2437 1993 2529 2046 καὶ
2559 1993 2655 2062 τῆς
2680 1989 2907 2062 ἡσυχίας
2931 1988 2990 2040 τὸ
3025 1985 3292 2056 σύνθημα,
3332 1983 3460 2052 παρ’
3491 1972 3552 2032 οὗ
3577 1977 3668 2031 καὶ
3691 1976 3757 2030 ab

2194 2084 2452 2153 εἶναιτὴν
2501 2084 2675 2155 ἀρχὴν
2719 2081 2927 2144 τούτοις
2974 2076 3219 2149 ύπῆρξε’
3265 2074 3502 2144 συμπνεῖ
3540 2087 3600 2123 τε
3644 2067 3754 2139 γὰρ

2192 2184 2303 2244 τοῖς
2333 2181 2425 2232 ἐπὶ
2463 2179 2563 2249 γῆς
2610 2175 2926 2247 πράγμασιν
2965 2169 3192 2242 οὐρανὸς
3229 2167 3356 2229 ὕων,
3399 2166 3524 2218 ὅταν
3568 2160 3766 2232 καιρὸς·

2194 2274 2418 2343 ἀπαιτῇ,
2447 2269 2541 2324 καὶ
2568 2264 2720 2332 αὖθις
2750 2266 2954 2336 ἀνέχων
2981 2263 3071 2316 τὸν
3091 2260 3261 2324 ὑετὸν,
3288 2260 3412 2311 ὅταν
3437 2255 3530 2327 δέῃ
3560 2251 3759 2324 θερμό-

2193 2383 2315 2438 τητι
2360 2365 2496 2437 μόνῃ
2537 2357 2975 2430 τελεσφορεῖσθαι
3015 2354 3082 2407 τὰ
3109 2352 3279 2422 φυτά·
3317 2349 3466 2421 ἥλιος
3499 2347 3556 2400 δὲ
3594 2359 3761 2416 μετα-

2197 2458 2395 2512 ϐαίνων
2426 2456 2574 2526 νόμῳ
2605 2451 2699 2506 τοῦ
2747 2451 3066 2520 ποιήσαντος
3109 2445 3207 2509 τὰς
3256 2443 3404 2512 ὥρας
3450 2438 3760 2511 ἐργάζεται,

2197 2550 2528 2604 ἐναλλάττων
2562 2546 2814 2600 οὐδέποτε
2843 2541 3064 2604 ταύτας,
3101 2538 3226 2609 μίαν
3258 2537 3314 2590 δὲ
3351 2534 3450 2604 τὴν
3490 2531 3644 2596 τάξιν
3675 2529 3767 2582 αὑ-

2196 2645 2306 2698 τῶν
2336 2640 2684 2713 ἀπαράϐατον
2716 2633 2996 2696 δεικνύων,
3027 2630 3120 2684 καὶ
3157 2629 3383 2700 ἐμμένει
3413 2641 3479 2695 γε
3508 2625 3576 2694 τῇ
3605 2621 3764 2691 φύσει

2197 2738 2258 2791 τὸ
2283 2735 2568 2805 διάφορον·
2613 2731 2710 2802 μία
2754 2727 2810 2781 δέ
2849 2725 2941 2779 καὶ
2982 2725 3015 2794 ή
3048 2721 3184 2790 αὐτὴ
3218 2717 3464 2788 φαίνεται
3497 2715 3768 2805 σύμπνοια

2199 2827 2306 2880 τῶν
2339 2802 2461 2881 ἀνω*
2480 2841 2541 2876 τε
2573 2821 2670 2875 καὶ
2713 2817 2820 2872 τῶν
2855 2815 3015 2881 ,κάτω
3056 2811 3190 2883 πρὸς
3223 2808 3528 2882 ἀκρίϐειαν.
3563 2804 3678 2871 Νὺξ
3707 2802 3768 2855 δέ

2203 2919 2339 2991 πρὸς
2371 2916 2581 2988 ἡμέραν
2626 2909 2984 2970 ἀστασίαστος
3022 2905 3256 2975 διέμεινε
3295 2901 3385 2954 τὸν
3431 2898 3600 2953 αἰῶνα
3635 2895 3771 2966 σύμο

2203 2989 2403 3070 παντα,
2437 3007 2536 3059 οὐκ
2559 3003 2740 3072 ἀλόγῳ
2769 3001 2911 3073 φορᾷ
2938 2997 3034 3068 τὴν
3067 2993 3315 3065 διαδοχὴν
3346 2991 3482 3062 πρὸς
3508 2989 3605 3059 τὴν
3635 2989 3773 3058 ἠμε-

2206 3119 2303 3173 ραν
2338 3099 2554 3169 ἔχουσα,
2589 3094 2723 3147 ἀλλὰ
2749 3092 2912 3162 σοφία
2936 3088 3028 3142 τοῦ
3051 3082 3412 3158 Δημιουργοῦ,
3436 3079 3770 3152 προσθήκαις

2205 3171 2264 3250 τε
2309 3194 2402 3247 καὶ
2454 3189 2775 3261 ἀφαιρέσεσι
2829 3181 3162 3256 μετρουμένη
3188 3195 3200 3209 ⁸
3256 3177 3349 3230 καὶ
3390 3174 3510 3229 ούδέ
3550 3171 3771 3234 ταύταις

545 3284 894 3340 manifestum
953 3299 1016 3338 ac
1063 3295 1271 3339 certum
1327 3290 1411 3337 est
1464 3291 1677 3355 tempus
1733 3281 2102 3348 accessionis;

2208 3288 2391 3344 ἄλλοτε
2431 3283 2622 3346 ἄλλως,
2655 3279 2787 3333 ἀλλὰ
2827 3276 2982 3347 δῆλος
3027 3272 3124 3365 μέν
3170 3267 3503 3365 προσθήκης,
3533 3264 3689 3365 δῆλός
3712 3278 3771 3315 τε

545 3377 894 3433 manifestum
944 3377 1071 3431 item
1101 3383 1154 3430 et
1182 3383 1394 3429 certum
1445 3384 1655 3448 tempus
1707 3372 2105 3428 subductionis.

548 3473 760 3528 Rursus
812 3471 893 3526 sol
944 3485 1052 3523 non
1099 3475 1355 3539 gravatur
1389 3465 1533 3520 nocti
1576 3465 1900 3530 succedere,
1937 3479 2111 3535 neque

547 3563 932 3619 contumeliam
992 3561 1142 3617 ducit
1184 3561 1354 3629 lcgcm
1407 3557 1732 3624 Creatoris;
1785 3557 1882 3612 sed
1929 3557 2110 3626 potius

548 3665 701 3706 more
750 3649 904 3720 probi
963 3648 1127 3709 servi,
1183 3644 1432 3701 conlecto
1485 3647 1601 3700 sine
1648 3644 1952 3699 cessatione
1999 3645 2108 3699 ulla

548 3757 712 3798 cursu
761 3740 888 3805 diei,
939 3739 1162 3805 recedit,
1215 3748 1272 3792 ut
1319 3739 1369 3793 ei
1412 3739 1496 3793 lex
1563 3735 1820 3808 imposita
1854 3744 1959 3798 est,
1990 3735 2113 3788 dili-

549 3842 738 3906 genter
779 3849 838 3889 se
873 3832 1102 3896 abdens,
1151 3840 1208 3886 ut
1243 3847 1349 3885 nox
1389 3831 1623 3901 spatium
1669 3829 1774 3885 sibi
1807 3828 2113 3884 dimensum

548 3926 798 3996 recipiat.

622 4016 763 4082 Quid
791 4031 918 4070 vero
943 4014 1011 4070 de
1044 4021 1187 4070 terra
1219 4021 1272 4069 et
1312 4011 1450 4067 mari
1481 4011 1652 4078 dices,
1692 4009 1962 4082 quomodo
1999 4026 2115 4064 am-

555 4110 625 4162 bo
654 4108 901 4162 terminis
935 4105 1347 4176 circumscripta
1380 4105 1542 4159 sunt?
1573 4102 1722 4160 Licet
1744 4101 1929 4158 videre
1966 4117 2115 4157 mare

555 4197 808 4253 ﬂuctibus
856 4197 1089 4261 elatum,
1130 4196 1248 4267 lege
1297 4201 1477 4249 autem
1525 4193 1594 4250 ab
1632 4192 1835 4262 impetu
1875 4190 2117 4260 prohibi-

553 4297 692 4352 tum,
743 4296 797 4343 et
842 4288 894 4341 vi
927 4294 1208 4340 ventorum
1260 4286 1550 4356 impulsum
1610 4285 1666 4338 in
1706 4293 1928 4344 terram,
1971 4291 2114 4335 metu

555 4388 736 4437 autem
761 4380 896 4450 legis
919 4386 1219 4433 retrorsum
1249 4378 1509 4434 reﬂexum
1541 4396 1555 4431 :
1587 4376 1834 4451 quamvis
1857 4390 1964 4429 non
1998 4390 2118 4427 mu-

557 4490 653 4531 rus
691 4471 1073 4529 adamantinus
1107 4470 1308 4524 auxilio
1343 4477 1426 4524 est
1458 4470 1531 4535 ei,
1563 4484 1629 4528 ne
1668 4483 1816 4522 mare
1845 4465 2025 4522 eﬂluat
2065 4473 2118 4518 et

558 4567 784 4622 inundet
827 4573 1050 4631 terram,
1087 4570 1142 4618 et
1168 4577 1278 4617 non
1319 4560 1545 4616 obezliat-
1581 4559 1792 4614 auctori
1824 4572 1943 4613 suo.
1977 4557 2115 4622 Quin

2193 3380 2306 3448 ’τῆς
2334 3372 2672 3445 ἀφαιρέσεως
2696 3372 2723 3423 ὁ
2761 3365 2968 3438 καιρός.
3003 3359 3166 3424 Αὖθις
3193 3360 3248 3412 δὲ
3275 3359 3424 3429 ἥλιος
3453 3357 3512 3410 ού
3548 3354 3773 3448 βαρύνεο

2208 3487 2296 3523 ται
2328 3467 2428 3536 τῆς
2458 3443 2649 3525 νυκτὸς
2687 3461 2784 3531 τὴν
2810 3455 3076 3526 διαδοχὴν,
3101 3451 3219 3505 ούδέ
3249 3449 3404 3520 ὓϐριν
3442 3449 3651 3517 ήγεῖται
3685 3443 3772 3495 τὸν

2209 3561 2369 3630 νόμον
2419 3556 2512 3613 τοῦ
2571 3551 3065 3624 δημιουργήσαντος
3087 3562 3098 3572 ·
3166 3543 3278 3598 ἀλλ’
3332 3538 3534 3610 ἀγαθοῦ
3589 3536 3772 3590 δούλου

2210 3628 2405 3720 τρόπον
2449 3645 2670 3706 τελέσας
2719 3639 2979 3694 ἀπνευστὶ
3021 3637 3118 3705 τῆς
3161 3633 3370 3705 ἡμέρας
3413 3630 3503 3683 τὸν
3554 3628 3769 3699 δρόμον,

2212 3741 2482 3814 ἀναχωρεῖ
2511 3755 2573 3805 γε
2666 3735 2825 3804 νόμος
2862 3729 3010 3800 αὐτῷ
3047 3726 3247 3797 σπουδῇ
3281 3722 3678 3796 κρυπτόμενος,
3701 3720 3772 3780 ὡς

2213 3834 2278 3888 ἂν
2305 3835 2367 3890 τὸ,
2397 3833 2590 3889 οἰκεῖον
2623 3827 2816 3899 μέτρον
2839 3827 2878 3894 ή
2901 3822 2996 3889 νὺξ
3019 3818 3282 3890 ἀπολάϐῃ.

2284 4012 2349 4065 Τί
2374 4011 2417 4064 δ’
2447 4009 2510 4063 ἂν
2541 4006 2714 4069 εἴποις
2743 4002 2871 4074 περὶ
2891 4001 2990 4071 γῆς
3023 4015 3079 4052 τε
3109 3996 3201 4050 καὶ
3224 3994 3509 4064 θαλάττης,
3539 3989 3612 4054 ὠς
3643 3989 3773 4042 ’έκαη

2217 4123 2338 4162 στον
2384 4103 2560 4157 αὐτῶν
2609 4102 2718 4172 ὅρῳ
2763 4097 2870 4149 τινὶ
2921 4092 3388 4164 περιγέγραπταις
3447 4085 3583 4137 Ἀλλ’
3633 4083 3773 4135 ἐστιν

2219 4199 2344 4252 ἰδεῖν
2394 4195 2491 4266 τὴν
2533 4191 2799 4245 θάλατταν
2849 4183 3215 4258 κυρτουμένην
3261 4179 3355 4250 μὲν
3399 4179 3509 4240 τοῖς
3545 4175 3772 4246 κύμασι,

2215 4291 2362 4361 νόμῳ
2385 4289 2440 4341 δὲ
2472 4286 2572 4354 τῆς
2601 4281 2786 4350 ἐφόδου
2814 4275 3157 4346 κωλυομένην
3182 4290 3194 4302 ·
3227 4272 3319 4324 καὶ
3350 4269 3452 4322 ὑπὸ
3495 4268 3592 4338 μὲν
3619 4282 3776 4317 πνευ-

2220 4356 2402 4456 μάτων
2444 4379 2626 4450 βιαίων
2666 4372 2805 4428 κατά
2845 4371 2947 4442 γῆς
2990 4365 3322 4437 ὠθουμένην,
3370 4360 3517 4431 φόϐῳ
3573 4359 3629 4412 δὲ
3684 4356 3774 4410 τοῦ

2216 4451 2378 4547 νόμου
2413 4475 2490 4535 εἰς
2513 4468 2750 4522 τούπίσω
2779 4460 3187 4531 ἀνακλωμένην·
3225 4455 3396 4510 καίτοι
3424 4470 3488 4522 γε
3509 4453 3610 4506 οὐκ
3647 4451 3775 4504 ἀδα..

2221 4542 2468 4638 μάντινον
2505 4562 2682 4629 τεῖχος
2709 4557 2844 4626 αὐτῇ
2877 4553 3057 4625 βοηθεῖ
3082 4551 3216 4622 πρὸς
3241 4547 3301 4602 τὸ
3329 4547 3402 4618 μὴ
3427 4543 3615 4617 ῥεῦσαι
3640 4542 3775 4596 κατά

559 4662 669 4713 imo
704 4658 837 4713 satis
870 4663 954 4712 est
995 4652 1460 4726 prOpItgnaculum
1509 4658 1666 4705 terra:
1708 4649 1966 4703 adversus
2003 4662 2116 4701 ma-

2217 4660 2313 4730 τῆς
2357 4656 2478 4725 γῆς,
2519 4652 2610 4706 καὶ
2650 4647 2936 4718 ἀπειθῆσαι
2982 4642 3129 4713 αὐτῷ
3168 4640 3244 4711 τῷ
3293 4640 3598 4708 ποιήσαντι.
3641 4634 3776 4688 Ἀλλ’

559 4768 618 4807 re
640 4751 864 4806 verbum
912 4749 1031 4819 ejus
1072 4748 1163 4819 qui
1211 4745 1361 4810 fecit,
1414 4753 1734 4813 coercetque
1763 4757 1959 4806 arena;
1987 4741 2118 4811 quin

562 4843 740 4914 potius
789 4844 872 4896 lex
923 4841 1140 4895 cohibet
1179 4849 1231 4896 et
1275 4837 1411 4892 loris
1460 4836 1622 4891 ﬂatus
1667 4841 1955 4889 ventorum
2005 4834 2120 4888 vio-

561 4934 754 4998 lentos,
811 4941 865 4986 et
916 4933 1063 4988 intus
1111 4931 1403 4986 ﬂuxionem
1460 4942 1747 4998 aquarum,
1801 4931 1862 4980 ut
1917 4924 2117 4979 nullam

558 5032 766 5098 partem
796 5031 953 5078 terrae
981 5023 1206 5078 inundet
1232 5037 1372 5092 aqua
1397 5019 1567 5075 maris
1591 5037 1604 5084 ;
1637 5025 1690 5074 et
1713 5025 1978 5073 creaturae
2000 5018 2121 5088 qui.-

559 5119 679 5175 dem
735 5114 922 5170 amicae
975 5122 1028 5169 et
1069 5120 1326 5185 tanquam
1378 5115 1518 5168 inter
1551 5127 1609 5167 se
1643 5126 1912 5183 germanae
1951 5125 2118 5164 unum

559 5224 685 5265 vere
717 5211 996 5261 auctorem
1044 5203 1149 5260 sibi
1198 5203 1479 5259 ascribunt
1513 5217 1576 5255 ac
1611 5200 1951 5270 proﬁtentur.
1987 5197 2119 5267 Quis

559 5303 700 5357 enim
747 5312 985 5370 unquam
1028 5294 1322 5350 historicus
1361 5293 1600 5364 scripsit,
1650 5293 1705 5345 in
1746 5291 1884 5346 caelo
1915 5297 2118 5344 motum

563 5393 729 5448 stellae
755 5392 812 5445 in
841 5389 1054 5445 stellam
1080 5385 1280 5440 factum
1305 5399 1424 5438 csse
1452 5402 1464 5437 :
1502 5392 1594 5436 aut
1618 5383 1670 5436 in
1694 5391 1840 5436 terra
1868 5378 2119 5434 animalia

563 5480 790 5535 alterum
823 5492 993 5548 genus
1028 5487 1394 5545 oppugnasse,
1442 5477 1500 5524 ut
1539 5471 1714 5541 ipsum
1754 5471 1998 5526 delerent
2030 5477 2122 5522 aut

565 5573 678 5641 ipsa
701 5578 890 5625 contra
915 5566 1250 5624 delerentur?
1279 5562 1380 5618 Sed
1407 5563 1588 5631 potius
1611 5578 1950 5632 quaecunque
1977 5560 2120 5614 aliud

566 5659 621 5714 in
649 5659 794 5714 aliud
823 5661 1111 5714 incurrunt
1137 5664 1192 5713 et
1222 5653 1516 5715 invadunt,
1551 5654 1819 5723 sapientia
1842 5652 2120 5707 Creatoris

567 5757 828 5804 statutum
876 5759 960 5807 est
1017 5751 1139 5815 hoc,
1193 5755 1254 5802 ut
1309 5762 1428 5818 quae
1463 5744 1736 5799 abundant
1796 5759 2122 5800 consuman-

567 5851 655 5896 ων
686 5859 699 5904 ;
729 5857 848 5911 Quae
883 5851 934 5898 et
964 5859 1083 5899 esse
1113 5851 1164 5899 et
1194 5838 1462 5904 consumi,
1501 5847 1786 5910 utrumque
1814 5837 2120 5893 hominibus

572 5932 812 6003 prodest.
1647 5940 1655 5947 '

2220 4727 2378 4821 ἀρκεῖ
2414 4744 2694 4818 περίϐολον
2743 4737 2881 4794 εἶναι
2924 4739 2990 4808 τῇ
3021 4737 3090 4806 γῇ
3139 4732 3277 4804 πρὸς
3310 4731 3410 4802 τὴν
3450 4729 3720 4783 θάλατταν
3748 4727 3776 4779 ό

2218 4820 2371 4909 λόγος
2400 4836 2492 4893 τοῦ
2527 4837 2866 4908 ποιήσαντος,
2911 4830 3002 4884 καὶ
3041 4828 3263 4898 ψάμμος
3309 4822 3543 4892 κατέχει,
3583 4820 3776 4892 μᾶλλον

2218 4933 2274 4987 δὲ
2303 4932 2464 5002 νόμος
2509 4929 2714 4999 ἐπέχει,
2751 4925 2843 4979 καὶ
2879 4923 2998 4994 βίαν
3039 4919 3146 4974 τῶν
3193 4915 3388 4981 ἔξωθεν
3434 4914 3774 4984 πνευμάτων,

2221 5024 2314 5078 καὶ
2336 5022 2486 5094 ῥύσιν
2519 5020 2746 5083 ὑδάτων,
2774 5017 2911 5070 ὥστε
2941 5016 3033 5068 καὶ
3071 5014 3233 5084 μηδὲν
3260 5011 3358 5080 τῆς
3386 5009 3486 5080 γῆς
3517 5005 3779 5060 διατακλυτ

2223 5115 2408 5186 σθῆναι
2431 5131 2444 5144 ο
2483 5113 2577 5166 καῖ⁹
2625 5110 2752 5181 φίλα
2792 5125 2855 5177 γε
2892 5107 2965 5170 ὡς
3003 5106 3249 5178 ἀλλήλοις
3285 5099 3420 5156 εἶναι
3462 5098 3668 5168 ἀδελφά
3691 5097 3779 5167 δη-

2225 5207 2626 5277 μιουργήματα,
2676 5201 2771 5254 ἕνα
2822 5197 2956 5270 πρὸς
3008 5195 3260 5267 ἀλήθειαν
3305 5193 3395 5246 τὸν
3453 5187 3779 5262 δημιουργὸν

2222 5296 2652 5368 ἐπιγραφόμενα.
2689 5292 2786 5355 Τίς
2811 5290 2918 5361 γὰρ
2953 5288 3200 5360 ἱστόρησε
3226 5283 3466 5347 πώποτε,
3505 5282 3580 5345 ὡς
3609 5283 3665 5333 ἐν
3691 5280 3777 5332 ού-

2225 5389 2369 5461 ρανῴ
2405 5388 2502 5459 μὲν
2532 5387 2705 5457 ἀστὴρ
2745 5384 2934 5456 ἀστέρι
2979 5379 3266 5448 ἐπανέστη,
3304 5377 3396 5428 ἐπὶ
3435 5375 3537 5444 γῆς
3577 5373 3635 5426 δέ
3670 5371 3779 5436 ζῶα

2224 5483 2392 5553 ἑτέρῳ
2414 5479 2559 5548 γένει
2591 5476 2965 5548 διεμαχέσατο,
2991 5473 3065 5535 ὡς
3089 5469 3360 5539 ἐξαλεῖψαι
3386 5466 3565 5528 τοῦτο,
3597 5464 3631 5535 ἢ
3662 5463 3780 5515 τού-

2223 5552 2430 5624 ναντίον
2485 5568 2896 5637 ἐξαλειφθῆναι;
2944 5562 3104 5617 Ἀλλά
3160 5560 3252 5614 καὶ
3303 5559 3400 5611 ὅσα
3459 5556 3586 5611 ἄλλο
3641 5552 3780 5622 ἄλλῳ

2223 5664 2420 5725 ἔπεισι,
2451 5663 2542 5714 καὶ
2584 5659 2756 5714 ταῦτα
2801 5658 2978 5728 σοφία·
3003 5654 3096 5708 τοῦ
3129 5649 3464 5723 Δημιουργοῦ
3499 5643 3777 5716 νενομοθέ-

2224 5772 2398 5825 τηται,
2431 5752 2490 5806 τὸ
2517 5750 2803 5817 πλεονάζον
2825 5748 3000 5803 αὐτῶν
3033 5744 3472 5817 παραναλίσκειν,
3499 5735 3576 5796 ὧν
3604 5739 3694 5792 καὶ
3720 5731 3778 5791 τὸ

2227 5841 2358 5900 εἶναι
2385 5843 2476 5898 καὶ
2504 5841 2561 5895 τὸ
2589 5839 2918 5895 δαπανᾶσθαι
2961 5837 3096 5907 ὑπὲρ
3131 5832 3425 5904 ἀνθρώπων
3457 5830 3708 5898 ἑκάτερα.
