4038 6288
317 423 457 480 1205

1381 433 1749 490 ADVERSUS
1786 434 2210 492 MANICHAZOS
2245 436 2370 491 LIB.
2413 437 2475 492 ll.

3412 440 3550 498 1206

389 539 451 591 Εἰ
484 537 540 592 δέ
571 557 650 604 τις
685 539 826 595 ἔλθοι
857 542 934 613 τῷ
964 543 1104 616 λόγῳ
1142 546 1232 600 καὶ
1270 547 1404 618 πρὸς
1441 549 1610 614 αὑτὰς
1640 551 1748 604 τῶν
1789 570 1866 605 σω

2062 551 2121 608 Si
2159 553 2283 624 quis
2333 561 2511 607 autem
2548 551 2615 606 ad
2648 552 2762 622 ipsa
2801 553 3068 622 principia
3102 569 3389 625 corporum
3419 572 3554 610 con-

315 627 502 700 μάτων
541 629 640 692 τὰς
681 631 874 702 ἀρχὰς,
913 635 1006 687 καὶ
1047 635 1279 707 τέτταρα
1319 638 1420 708 μέν
1475 644 1710 711 στοιχεῖα
1753 660 1884 696 κατ-

317 719 436 783 ίδοι,
461 723 526 792 τῇ
557 721 601 774 δ’
627 723 957 796 ἐναντιότητι
983 727 1117 799 πρὸς
1142 731 1458 799 συμφωνίαν
1489 733 1884 804 κεραννύμενα,

311 812 474 866 πλέον
509 813 574 867 ἂν
611 815 907 888 ἐκπλαγείη
949 817 1055 872 τῶν
1093 819 1260 874 ὄντων
1295 822 1393 894 τήν
1439 825 1776 895 συμφωνίαν,
1811 826 1886 890 ὡς

309 905 404 974 ἀφ’
432 905 548 968 ἑνός
576 923 638 974 γε
667 907 898 977 ἐχόντων
926 911 1018 963 καί
1044 911 1202 981 μόνου
1232 913 1293 966 τὸ
1327 910 1466 968 εἶναι
1493 932 1507 945 ο
1537 916 1747 982 τούτοις
1778 919 1886 990 γὰρ

309 999 342 1064 ἠ
378 998 690 1068 ἐναντιότης
718 1000 897 1069 φιλίας
933 1004 1188 1076 ἀφορμή·
1226 1005 1320 1058 καὶ
1350 1005 1410 1059 τὸ
1447 1007 1750 1079 μαχόμενον
1785 1010 1886 1080 τῆς

310 1085 526 1154 φύσεως
566 1089 748 1153 αὑτοῖς
791 1093 1010 1164 εἰρήνης
1055 1095 1156 1164 τῆς
1202 1096 1462 1151 ἀνωτάτω
1504 1100 1819 1169 παραίτιον·
1848 1101 1884 1155 ἃ

304 1175 368 1248 δὴ
401 1177 641 1251 τέσσαρα
677 1181 775 1250 μέν
814 1183 959 1234 ἐστιν
1004 1184 1241 1256 ἀριθμῷ,
1273 1185 1330 1241 ἒν
1369 1187 1426 1240 δὲ
1475 1189 1881 1262 συνερχόμενον.

307 1271 523 1326 Μᾶλλον
552 1273 608 1326 δέ
658 1276 749 1328 καὶ
794 1275 1036 1348 ἀλλήλων
1083 1279 1406 1351 ἐπιδεόμενα
1453 1282 1591 1348 πρὸς
1637 1283 1696 1337 τὸ
1744 1279 1882 1338 εἶναι

305 1365 442 1435 αὐτῇ
475 1382 536 1433 γε
578 1369 644 1438 τῇ
678 1369 1010 1440 ἐναντιότητι
1053 1371 1298 1444 ἀλλήλοις
1345 1377 1756 1448 ἐπικουροῦντα,
1791 1379 1883 1432 καὶ

309 1458 365 1509 ἐν
394 1455 640 1527 ἀλλήλοις
669 1459 1038 1529 κρυπτόμενα,
1068 1463 1159 1515 καὶ
1191 1463 1256 1516 δι’
1286 1463 1528 1536 ἀλλήλων
1561 1469 1876 1539 φαινόμενα·

309 1549 502 1620 μικρὸν
538 1550 634 1620 μὲν
659 1546 750 1603 οὖν
792 1553 986 1616 είπεῖν,
1017 1553 1092 1617 ὡς
1130 1555 1192 1607 οὑ
1235 1555 1560 1628 ψυχρίζεται
1595 1559 1654 1612 τὸ
1683 1560 1880 1631 θερμὸν

303 1639 410 1692 ὑπὸ
438 1639 528 1693 τοῦ
571 1641 800 1713 ψυχροῦ,
831 1643 952 1697 οὑδέ
987 1645 1216 1716 ἐσϐέσθη
1250 1648 1354 1700 ὑπὸ
1393 1649 1486 1702 τοῦ
1525 1650 1690 1723 ὑγροῦ
1715 1670 1726 1682 ’
1761 1654 1878 1706 οὑδέ

302 1731 644 1802 κατεφλέχθη
682 1734 778 1804 μὲν
815 1735 875 1787 τὸ
909 1734 1070 1807 ξηρὸν
1112 1739 1215 1790 ὑπὸ
1248 1739 1342 1791 τοῦ
1383 1742 1571 1812 πυρὸς,
1609 1743 1874 1814 κατελύθη

301 1822 356 1876 δὲ
385 1825 486 1877 ὑπὸ
513 1825 605 1879 τοῦ
634 1828 831 1898 ὑγροῦ·
867 1829 1124 1894 σύστασις
1144 1833 1251 1902 γὰρ
1272 1832 1515 1904 ἀλλήλων
1551 1835 1721 1888 ταῦτα
1751 1837 1877 1889 θαυ-

1991 644 2282 702 sideranda
2319 645 2522 709 veniat,
2549 652 2603 700 et
2639 652 2874 716 quatuor
2916 646 3182 701 elementa
3223 649 3553 719 contemple-

1989 745 2099 804 tur,
2122 737 2576 810 quemadmodum
2604 753 2792 796 eorum
2816 739 3148 808 conspiratio
3169 753 3232 794 ac
3254 751 3552 796 concentus

1988 844 2056 884 ex
2085 827 2384 884 contrariis
2418 827 2692 898 pendeat;
2726 825 2898 899 magis
2941 829 3176 897 stupebit
3222 843 3552 884 consensum

1987 937 2195 988 rerum,
2229 930 2286 976 ut
2326 936 2446 992 quae
2501 921 2569 975 ab
2616 937 2724 976 uno
2772 928 2826 976 et
2878 922 2994 977 solo
3035 921 3139 976 hoc
3179 919 3360 992 ipsum
3406 922 3552 992 quod

1988 1023 2140 1077 sunt,
2177 1014 2416 1070 habeant
2463 1033 2476 1069 :
2522 1015 2578 1068 in
2605 1013 2692 1070 his
2721 1014 2863 1068 enim
2896 1021 3129 1084 quatuor
3160 1014 3462 1078 elementis,
3496 1013 3552 1068 id

1985 1106 2133 1179 quod
2163 1107 2495 1163 contrarium
2531 1114 2635 1173 est,
2664 1107 2916 1162 amicitia:
2956 1121 3122 1161 causa
3149 1114 3274 1172 est;
3315 1113 3368 1161 et
3407 1107 3552 1178 quod

1985 1203 2040 1257 in
2093 1201 2173 1256 eis
2205 1207 2400 1254 natura
2435 1205 2658 1269 pugnat,
2691 1214 2959 1254 summam
3004 1213 3191 1268 pacem
3229 1197 3356 1252 facit
3386 1215 3401 1262 ;
3433 1211 3553 1268 qua

1984 1291 2202 1363 quidem
2233 1297 2469 1361 quatuor
2501 1304 2730 1344 numero
2763 1296 2910 1354 sunt,
2947 1304 3116 1343 unum
3141 1303 3270 1343 vero
3313 1288 3551 1346 conﬂatu

1982 1400 2047 1438 ac
2073 1397 2367 1438 concursu.
2395 1380 2536 1448 Quin
2566 1381 2746 1452 potius
2777 1397 2834 1436 se
2863 1381 2997 1451 ipsis
3027 1381 3167 1436 inter
3197 1395 3257 1435 se
3283 1381 3548 1450 indigent,
3577 1439 3580 1444 ,

1982 1482 2042 1529 ιιι
2074 1475 2186 1530 sint
2218 1492 2234 1542 ;
2264 1480 2318 1528 et
2356 1474 2472 1542 ipsa
2512 1481 2708 1527 natura
2731 1473 2993 1527 contrarii
3027 1489 3087 1528 se
3119 1473 3360 1528 vicissim
3394 1473 3550 1542 adju-

1979 1575 2129 1630 vant,
2177 1574 2231 1621 et
2269 1567 2322 1620 in
2377 1581 2436 1620 se
2488 1564 2624 1636 ipsis
2673 1565 2815 1620 inter
2853 1581 2912 1620 se
2956 1565 3137 1620 abdita
3179 1574 3324 1629 sunt,
3362 1573 3417 1620 et
3455 1581 3549 1635 per

1981 1674 2040 1714 se
2088 1659 2206 1728 ipsa
2252 1658 2394 1714 inter
2427 1673 2486 1714 se
2515 1665 2820 1728 apparent;
2863 1666 2948 1725 et,
2986 1665 3045 1714 ut
3085 1658 3305 1728 paulum
3344 1658 3544 1722 dicam,

1977 1764 2158 1818 neque
2186 1749 2421 1803 calidum
2450 1748 2636 1820 frigidi
2667 1747 2868 1818 (rigore
2894 1748 3155 1818 frigescit,
3189 1763 3290 1803 nec
3319 1748 3546 1803 humore

1977 1839 2186 1894 humidi
2236 1840 2603 1911 exstinguitur
2635 1857 2648 1891 :
2687 1855 2861 1910 neque
2887 1841 3093 1896 siccum
3134 1840 3203 1894 ab
3241 1839 3366 1910 igne
3395 1853 3547 1894 com-

303 1917 516 1987 μασίως
557 1919 916 1975 ἐνδιαιτᾶται·
957 1921 1050 1975 καὶ
1096 1922 1241 1990 δόξαι
1278 1923 1343 1977 ἂν
1372 1923 1482 1997 πῦρ
1520 1927 1675 1996 μόνον
1707 1927 1785 1990 ὃν,
1815 1929 1866 1982 οὑ

1976 1929 2195 1984 bustum
2227 1938 2309 1987 est
2339 1969 2354 1995 ,
2385 1945 2488 1990 nec
2525 1931 2593 1985 ab
2630 1929 2851 1984 humido
2883 1929 3114 1984 humore
3135 1927 3436 1999 perfusum.
3466 1926 3546 1982 Ex

301 2006 484 2077 μέντοι
510 2009 632 2080 δίχα
658 2009 823 2082 ὑγροῦ
854 2012 948 2066 καλ⁵
990 2011 1174 2083 ξηροῦ,
1209 2009 1289 2077 οἷς
1310 2031 1373 2082 γε
1401 2016 1729 2087 τρεφόμενον
1763 2018 1872 2071 δια-

295 2099 538 2170 λάμπει·
585 2100 774 2174 ὥσπερ
821 2104 914 2156 καὶ
956 2103 1022 2157 τὰ
1068 2104 1198 2158 ἄλλα
1228 2105 1476 2177 ἀλλήλοις
1517 2107 1718 2162 ἔνεστίν
1763 2111 1868 2180 ἀφῇ

299 2191 458 2262 μόνον
481 2193 815 2264 ἐμφαίνοντα
850 2195 948 2266 τὴν
977 2197 1344 2272 ἐναντιότητα,
1365 2199 1503 2251 οὑτω
1543 2199 1724 2269 μέντοι
1751 2201 1872 2269 φιλ-

297 2284 529 2355 άλληλα,
585 2287 660 2350 ὡς
723 2287 976 2358 οὐδεμίαν
1032 2288 1324 2357 διαφωνίαν
1397 2290 1538 2360 ἔχειν
1591 2292 1866 2346 δοκοῦντα.

294 2376 480 2430 Ταῦτα
499 2377 553 2430 δέ
582 2378 676 2449 τὴν
703 2380 938 2452 ἄρρητον
969 2383 1157 2450 σοφίαν
1180 2382 1436 2454 κηρύττει
1459 2386 1551 2437 καὶ
1580 2386 1865 2439 σιωπῶντα

291 2468 384 2522 τοῦ
429 2470 545 2534 ἐνὸς
578 2471 895 2542 ἁγεννὴτου,
939 2475 1026 2543 ὑφ’
1071 2469 1130 2529 οὗ
1179 2475 1242 2544 δή
1297 2477 1390 2529 καί
1429 2477 1692 2546 γενόμενα
1743 2496 1865 2532 συν-

291 2560 533 2634 εκράθη·
575 2567 636 2618 οὑ
679 2565 784 2637 γὰρ
813 2565 877 2638 δὴ
926 2567 1084 2638 σῶμα
1134 2568 1332 2635 γένοιτ’
1364 2567 1430 2621 ἂν
1473 2569 1530 2635 ἐξ
1564 2570 1679 2632 ἑνός
1724 2587 1865 2634 τινος

291 2657 386 2708 καὶ
411 2657 581 2711 ἁπλοῦ
618 2659 910 2730 στοιχείου·
955 2663 1146 2734 κράσει
1179 2664 1286 2735 γὰρ
1321 2662 1544 2732 συσταίη
1577 2661 1642 2715 ἂν
1683 2663 1860 2734 σῶμα.

290 2747 428 2800 Ποία
459 2749 515 2802 δέ
561 2752 755 2822 κρᾶσις
807 2751 972 2824 ξηροῦ
1024 2754 1115 2806 καὶ
1169 2753 1365 2824 μόνου;
1418 2753 1544 2807 ποία
1583 2752 1771 2823 ὑγροῦ,
1817 2755 1866 2806 εί.

291 2839 412 2891 καθ’
438 2840 599 2893 ἐαυτδ
627 2841 880 2912 τυγχάνει
900 2861 914 2909 ;

1976 2021 2061 2093 his
2088 2022 2231 2076 enim
2274 2023 2417 2077 inter
2442 2037 2502 2076 se
2536 2023 2833 2076 constituta
2864 2028 3012 2085 sunt,
3045 2031 3098 2076 et
3127 2020 3459 2084 consistunt,
3490 2027 3546 2076 et

1974 2113 2032 2167 in
2064 2127 2123 2168 se
2157 2111 2294 2183 ipsis
2323 2113 2646 2168 mirabiliter
2676 2113 2864 2168 insunt
2916 2128 2930 2165 :
2973 2127 3037 2167 ac
3075 2112 3294 2183 putabis
3325 2111 3543 2181 quidem

1974 2206 2149 2260 solum
2198 2207 2378 2277 ignem
2424 2220 2569 2270 esse,
2615 2221 2725 2260 non
2761 2215 2940 2259 tamen
2982 2204 3189 2274 absque
3235 2203 3461 2258 humido
3489 2209 3544 2258 et

1973 2296 2142 2362 sicco,
2174 2295 2374 2367 quibus
2407 2295 2624 2365 quidem
2665 2296 2832 2348 alitur
2855 2305 2906 2350 et
2937 2294 3186 2366 splendet
3223 2314 3235 2350 :
3268 2294 3411 2350 sicut
3439 2294 3543 2348 alia

1970 2389 2028 2442 in
2056 2403 2116 2443 se
2149 2388 2282 2458 ipsis
2331 2387 2542 2452 insunt,
2571 2395 2723 2442 tactu
2766 2395 2978 2442 tantum
3012 2387 3350 2442 contrarium
3399 2385 3542 2440 indi-

1972 2477 2152 2531 cantia
2185 2495 2200 2544 ;
2244 2477 2325 2532 sic
2375 2484 2555 2532 tamen
2605 2478 2710 2533 sibi
2751 2479 2892 2532 inter
2921 2493 2979 2532 se
3022 2478 3215 2540 amica,
3243 2483 3304 2531 ut
3332 2475 3540 2530 nullam

1968 2567 2296 2624 discordiam
2330 2569 2534 2624 habere
2568 2569 2879 2624 videantur.
2925 2567 3051 2623 Haec
3093 2575 3276 2624 autem
3316 2567 3540 2624 silentio

1967 2661 2269 2732 praedicant
2309 2660 2682 2715 admirabilem
2723 2659 2888 2714 unius
2932 2659 3160 2730 ingeniti
3192 2658 3536 2727 sapientiam,

1969 2768 2000 2806 a
2030 2767 2139 2823 quo
2169 2751 2312 2807 facta
2350 2759 2538 2822 postea
2576 2759 2834 2824 concreta
2879 2765 2942 2806 ac
2975 2751 3135 2807 mista
3194 2757 3323 2806 sunt
3373 2767 3387 2804 :
3425 2762 3536 2803 non

1971 2845 2116 2898 enim
2149 2859 2349 2914 corpus
2387 2860 2455 2899 ex
2483 2860 2592 2900 uno
2621 2844 2877 2915 quopiam
2909 2851 2964 2901 et
2991 2842 3228 2914 simplici
3265 2841 3536 2900 elemento

289 2938 408 3019 ﬁeri
435 2944 652 3008 potest:
688 2939 942 2994 mistione
967 2939 1109 2995 enim
1137 2948 1190 2995 et
1217 2940 1566 2996 concretione
1585 2942 1853 2996 conﬂatur
1879 2955 2100 3012 corpus.
2133 2939 2264 3006 Quae
2296 2946 2478 2995 autem
2528 2939 2806 2996 concretio
2839 2954 2904 2996 ac
2950 2939 3134 2997 mistio
3181 2954 3306 2997 esse
3361 2938 3537 3010 possit

289 3033 423 3089 sicci
454 3033 706 3086 tantum?
737 3049 856 3104 quae
889 3036 1094 3092 humidi
1127 3037 1345 3093 solum?

1189 3133 1316 3185 CAP.
1360 3129 1643 3186 XXXVI”.
1679 3132 1921 3186 Varietas
1953 3131 2011 3185 in
2046 3131 2309 3184 creatione
2341 3131 2658 3186 necessaria.

360 3223 569 3278 Οὑκοῦν
610 3227 882 3296 ἀναγκαία
912 3231 944 3298 ή
976 3227 1214 3281 ποικιλία
1247 3229 1380 3300 πρὸς
1403 3229 1502 3300 τὴν
1535 3229 1652 3292 ἐνὸς
1683 3228 1866 3299 σώμα-

1975 3263 1992 3284 ,
2041 3223 2210 3294 igitur
2267 3227 2580 3281 necessaria
2655 3233 2742 3281 est
2804 3225 3041 3281 varietas
3089 3227 3159 3283 ad
3223 3229 3535 3289 mistionem

287 3333 379 3380 τος
402 3319 598 3387 κρᾶσιν
620 3338 632 3350 ·
667 3319 938 3389 ἀναγκαία
970 3320 1026 3373 δέ
1059 3322 1091 3391 ή
1123 3321 1324 3375 τούτων
1364 3321 1672 3393 ἐναντιότης
1711 3323 1862 3374 ἐπει-

288 3409 492 3482 γομένη
536 3411 671 3483 πρὸς
698 3413 926 3484 ἐνότητα
951 3415 1031 3477 είς
1069 3413 1252 3485 θαῦμα
1281 3413 1374 3467 τοῦ
1423 3414 1861 3486 δημιουργήσαν-

287 3517 378 3563 τος
398 3519 410 3531 ·
439 3501 596 3556 ἅτινα
639 3504 700 3557 οὑ
731 3504 944 3574 πρῶτον
977 3504 1098 3560 καθ’
1130 3505 1299 3559 ἑαυτὰ
1343 3507 1593 3578 συνέστη,
1639 3507 1732 3560 καλ⁵
1771 3505 1862 3558 οὑ-

285 3607 395 3653 τως
445 3592 724 3663 συνῆλθεν·
777 3594 914 3647 tua:
958 3595 1054 3666 τὴν
1103 3596 1314 3665 γένεσιν
1355 3597 1450 3649 σὺν
1495 3595 1736 3666 ἀλλήλοις
1771 3596 1864 3650 λα-

287 3682 470 3747 ϐόντα,
506 3684 601 3736 καὶ
641 3685 757 3755 ἅμα
796 3686 1080 3756 γενόμενα,
1102 3691 1219 3750 ταῖς
1252 3687 1534 3759 αἰσθήσεσι
1580 3689 1820 3760 διεκρίθη
1843 3707 1857 3720 ·

287 3772 540 3844 σώματος
565 3777 674 3846 γὰρ
698 3777 1050 3843 ὑποστάντος,
1087 3780 1182 3832 καὶ
1205 3779 1360 3847 λόγος
1392 3779 1486 3833 καί
1513 3779 1636 3842 νοῦς
1661 3779 1862 3851 διέκρι-

285 3883 375 3920 νεν
402 3866 647 3938 αἰσθήσει
679 3867 747 3920 τά
775 3870 1113 3940 συνημμένα.
1143 3870 1305 3922 ’Ὥστε
1338 3869 1541 3924 τούτων
1570 3869 1794 3941 ὕστερον
1827 3871 1860 3940 ή

285 3959 596 4029 ἐναντιότης
634 3960 889 4032 ἐφωράθη
932 3965 999 4032 τῇ
1031 3961 1279 4032 αἰσθήσει
1317 3961 1410 4014 τοῦ
1436 3963 1726 4033 γενομένου
1756 3962 1862 4016 σώ-

289 4067 477 4119 ματος,
520 4052 656 4122 ὅπερ
703 4051 762 4117 ἐξ
809 4052 987 4107 αὐτῶν
1038 4053 1173 4123 πρὸς
1211 4053 1272 4106 τὸ
1311 4049 1446 4107 εἶναι
1505 4053 1768 4124 [συνέστη
1802 4074 1860 4108 τε

285 4143 383 4198 καὶ
413 4145 800 4215 συγκέκραται,
842 4146 902 4198 οὑ
938 4145 1200 4217 πρότερον
1231 4147 1595 4219 γενομένωνῆ
1631 4147 1763 4202 αὐτὸ
1801 4148 1862 4199 τὸ

289 4233 477 4304 σῶμα,
532 4235 668 4288 ἀλλὰ
706 4236 802 4290 σὺν
844 4235 991 4306 αὑτῷ
1053 4235 1262 4308 ἀρχὴν]
1296 4235 1564 4291 λαϐόντων
1600 4236 1735 4307 (48).
1767 4237 1860 4300 Τίς

284 4324 352 4378 ἂν
409 4325 543 4396 πρὸς
587 4325 743 4391 ἀξίαν
802 4327 1142 4398 θαυμάσειε,
1189 4329 1290 4400 τήν
1355 4344 1416 4380 τε
1479 4327 1708 4399 δύναμιν
1767 4328 1859 4380 τοῦ

282 4417 646 4489 Δημιουργοῦ,
683 4419 771 4472 καὶ
804 4419 901 4490 τήν
937 4419 1251 4491 συμφωνίαν
1292 4418 1401 4473 τῶν
1437 4419 1757 4490 γινομένων,
1787 4419 1861 4483 ὡς

282 4507 472 4578 ἄμαχα
515 4509 610 4561 καὶ
653 4511 901 4580 εἰρηναῖα
931 4511 998 4564 τὰ
1041 4512 1238 4576 πάντα,
1287 4509 1426 4583 πλήν
1465 4527 1529 4580 γε
1561 4509 1862 4583 ἀνθρώπων

281 4599 498 4663 ἀδικίας
521 4616 535 4665 ;

363 4692 613 4764 Ἐστήκει
645 4689 736 4748 οῦν
785 4696 816 4763 ή
863 4694 1186 4767 δημιουργία
1230 4697 1512 4768 σύμπασα,
1555 4710 1856 4769 κινουμενη·

284 4783 385 4854 μὲν
413 4783 510 4856 τὴν
541 4787 677 4839 ίδίαν
705 4788 798 4839 καὶ
830 4786 1088 4840 εὔτακτον
1127 4789 1360 4858 κίνησιν,
1385 4790 1638 4860 ἀκίνητον
1665 4791 1721 4844 δὲ
1745 4791 1855 4844 δια-

277 4873 521 4944 τηροῦσα
550 4875 655 4928 τὺν
679 4877 762 4944 ἐφ’
791 4877 957 4946 ἐαυτῇ
991 4876 1084 4929 τοῦ
1125 4879 1484 4949 πεποιηκότος
1512 4879 1696 4949 νόμον.
1743 4879 1854 4932 Καὶ

277 4965 364 5030 τίς
387 4964 451 5019 ἂν
479 4965 704 5030 θέλοιτο,
732 4969 782 5020 εί
813 4968 910 5032 τὰς
948 4969 1226 5039 αἰσθήσεις
1262 4969 1493 5038 ὑγιαίνοι
1521 4970 1619 5040 τῆς
1649 4969 1854 5041 ψυχῆς,

275 5053 480 5109 τούτων
503 5055 675 5120 οὑτως
699 5057 950 5127 ἐχόντων,
989 5059 1082 5112 καί
1111 5058 1191 5112 ἔτι
1231 5059 1613 5131 ἀναριθμήτων
1655 5059 1850 5124 ἄλλων,

275 5147 313 5200 ἂ
345 5148 520 5200 πάντα
550 5148 674 5202 νοῦν
707 5149 1043 5220 ὑπερϐαίνει,
1075 5149 1238 5219 ἄλλην
1278 5151 1388 5220 μὲν·
1406 5150 1578 5222 ἀρχὴν
1605 5149 1681 5219 τῷ
1709 5150 1850 5220 λόγῳ

277 5239 500 5302 πλάσαι,
533 5241 840 5312 ἀντεγεῖραι
871 5241 926 5294 δὲ
954 5240 1157 5312 ταύτην
1197 5243 1524 5306 ἀπεναντίας
1557 5241 1650 5296 τοῦ
1689 5241 1850 5313 μόνου

278 5331 568 5402 ἀγεννήτου
622 5331 789 5396 Θεοῦ;
825 5332 1119 5404 Σύμφωνον
1165 5333 1264 5404 μὲν
1308 5334 1418 5406 γὰρ
1469 5335 1562 5388 καὶ
1605 5334 1860 5405 ἀπαράλ-

274 5420 473 5474 λαειτον
502 5421 676 5492 ἀρχὴν
710 5422 1125 5494 όνειροπολῆσαι
1155 5425 1428 5493 περιττὸν,
1451 5425 1549 5494 τῆς
1587 5427 1713 5495 μιᾶς
1747 5425 1851 5496 ἁρ-

274 5506 510 5581 κούσηςο
571 5511 817 5565 ἐναντίαν
862 5513 918 5566 δὲ
966 5514 1321 5577 ὑποπτεῦσαι,
1372 5514 1546 5586 πάντη
1605 5514 1850 5586 μανικὸν,

278 5605 387 5657 τῶν
417 5604 554 5657 ὅλων
582 5604 1032 5677 συμφωνούντων,
1067 5607 1160 5659 καὶ
1187 5607 1430 5678 ποικιλίᾳ
1462 5609 1558 5678 μὲν
1583 5624 1853 5678 κεκοσμη-

282 5693 478 5764 μένων,
510 5696 672 5768 σοφίᾳ.
702 5696 760 5750 δὲ
791 5696 884 5749 τοῦ
924 5700 1244 5769 ποιήσαντος
1284 5699 1344 5751 τὸ
1387 5697 1618 5770 χρηστὸν
1650 5699 1746 5752 καὶ
1789 5700 1852 5752 τὸ

1964 3315 2213 3386 corporis
2265 3335 2279 3372 :
2331 3317 2642 3372 necessaria
2689 3317 2816 3370 item
2863 3324 3058 3371 natura
3105 3323 3530 3392 contrariorum,

1963 3423 2083 3477 quae
2112 3407 2167 3461 in
2191 3408 2434 3462 auctoris
2469 3407 2888 3464 admirationem
2917 3410 2984 3465 ad
3007 3416 3531 3484 coagmentationem

1961 3499 2124 3554 unius
2171 3505 2357 3569 urget:
2383 3514 2502 3569 quae
2531 3498 2750 3569 quidem
2776 3515 2886 3554 non
2919 3501 3152 3571 primum
3190 3519 3288 3574 per
3316 3521 3374 3560 se
3416 3505 3532 3560 sola

1962 3595 2253 3650 constituta
2271 3601 2418 3657 sunt,
2443 3599 2603 3663 atque
2621 3592 2694 3646 ita
2711 3593 2958 3649 coierunt
2979 3613 2992 3662 ;
3015 3594 3112 3652 sed
3130 3604 3309 3652 ortum
3326 3599 3533 3668 pariter

1963 3687 2105 3740 inter
2128 3701 2187 3740 se
2222 3685 2487 3756 capientia
2507 3725 2523 3749 ,
2553 3691 2607 3740 et
2639 3684 2800 3738 simul
2829 3692 2888 3739 ut
2916 3685 3060 3740 facta
3088 3694 3237 3754 sunt,
3277 3689 3530 3746 sensibus

1963 3784 2091 3832 sunt
2130 3776 2444 3846 dijudicata.
2485 3774 2621 3830 Cum
2667 3775 2812 3830 enim
2857 3791 3056 3847 corpus
3087 3794 3183 3849 per
3212 3795 3272 3836 se
3296 3781 3526 3846 exstitit,

1962 3871 2104 3924 ratio
2135 3877 2190 3924 et
2224 3885 2379 3924 mens
2408 3869 2701 3938 conjuncta
2733 3878 2787 3924 et
2815 3879 3093 3934 concreta,
3126 3887 3291 3927 sensu
3323 3871 3531 3928 discer-

1962 3961 2065 4016 nit.
2114 3959 2479 4026 Quamobrem
2523 3968 2718 4014 natura
2757 3962 3158 4018 contrariorum
3204 3973 3397 4034 postea
3433 3964 3531 4020 de-

1961 4052 2226 4123 prehensa
2251 4061 2334 4108 est
2365 4067 2530 4108 sensu
2555 4054 2826 4123 corporis,
2859 4056 3004 4124 quod
3028 4072 3094 4111 ex
3127 4057 3264 4128 ipsis
3294 4073 3529 4115 concre-

1963 4149 2078 4196 tum
2131 4149 2186 4196 et
2225 4148 2581 4211 temperatum
2625 4149 2731 4197 est.
2777 4143 2908 4208 Qua:
2955 4143 3173 4212 quidem
3222 4160 3330 4200 non
3375 4144 3530 4216 prius

1963 4241 2114 4298 sunt,
2145 4249 2308 4303 quam
2344 4249 2544 4304 corpus
2583 4234 2759 4303 ipsum
2790 4252 2815 4301 ;.
2835 4235 2931 4290 sed
2967 4236 3129 4290 simul
3151 4252 3272 4300 cum
3298 4253 3363 4294 eo
3389 4238 3530 4296 inci-

1963 4326 2118 4396 piunt
2149 4341 2292 4380 esse.
2323 4324 2456 4391 Quis
2493 4325 2654 4395 digne
2685 4341 2749 4380 ac
2775 4335 3032 4393 meretur,
3063 4327 3321 4383 admirari
3348 4339 3530 4400 potest

1962 4425 2283 4490 potestatem
2311 4417 2621 4481 Creatoris,
2643 4426 2698 4471 et
2728 4419 3078 4475 concordiam
3109 4434 3174 4474 ac
3201 4427 3528 4476 concentum

1961 4510 2377 4566 creaturarum?
2397 4525 2558 4580 quam
2589 4511 2646 4564 in
2678 4526 2812 4579 pace
2833 4511 2943 4565 sint
2971 4519 3026 4566 et
3051 4511 3171 4568 sine
3199 4526 3380 4584 pugna
3407 4526 3528 4568 om.-

1884 4586 1929 4639 Ι)
1956 4601 2068 4664 nia,
2093 4610 2313 4671 excepta
2355 4601 2618 4670 injustitia
2646 4599 2923 4656 hominum
2948 4602 2972 4654 ι

2029 4691 2318 4747 Permanet
2362 4692 2526 4762 igitur
2555 4707 2620 4746 ac
2657 4698 2967 4762 perseverat
3005 4691 3184 4747 omnis
3229 4690 3438 4748 fabrica
3467 4693 3526 4749 in

1960 4799 2061 4840 suo
2087 4791 2140 4839 et
2177 4784 2431 4840 ordinato
2461 4792 2633 4849 motu,
2665 4797 3012 4838 conservans
3040 4782 3094 4836 in
3124 4798 3184 4838 se
3213 4782 3522 4840 immutabi-

1959 4877 2064 4932 lem
2093 4877 2266 4948 legem
2298 4876 2568 4932 auctoris-
2594 4875 2797 4946 Ecquis
2823 4875 2972 4939 velit,
3004 4875 3052 4930 si
3095 4890 3292 4932 sensus
3330 4877 3526 4934 animae

1960 4984 2128 5025 sanos
2172 4968 2394 5034 haheat,
2444 4983 2571 5024 cum
2615 4968 2732 5023 haec
2774 4967 2850 5020 ita
2893 4967 3024 5030 sint,
3051 4967 3109 5020 in
3158 4966 3371 5022 inﬁnita
3417 4968 3523 5024 alia

1958 5074 2082 5132 qua:
2121 5073 2338 5114 omnem
2386 5065 2621 5114 mentem
2672 5065 2953 5128 superant,
3000 5056 3147 5112 aliud
3193 5057 3521 5129 principium

1956 5151 2287 5224 cogitatione
2315 5151 2549 5224 lingere,
2573 5159 2628 5207 et
2668 5153 2774 5208 hoc
2806 5151 2909 5208 soli
2933 5149 3044 5207 Deo
3071 5151 3312 5224 ingenito
3348 5165 3523 5220 oppo-

1956 5243 2132 5298 nere?
2187 5240 2427 5298 Concors
2489 5241 2634 5297 enim
2694 5249 2748 5298 et
2793 5241 3138 5297 consentiens
3189 5241 3521 5312 principium

1955 5334 2230 5390 somniare
2283 5349 2682 5404 supervacuum
2724 5342 2828 5400 est,
2864 5349 2990 5390 cum
3029 5349 3195 5389 unum
3238 5331 3516 5401 sufﬁciat;

1953 5426 2289 5481 contrarium
2317 5441 2446 5482 vero
2475 5427 2764 5497 suspicari,
2797 5425 2987 5482 furiosi
3015 5440 3241 5497 prorsus
3268 5433 3370 5488 est,
3393 5438 3519 5479 cum

1954 5519 2211 5574 universa
2260 5519 2402 5574 inter
2456 5533 2516 5574 se
2565 5519 2936 5583 consentiant,
2985 5517 3246 5573 varietate
3296 5514 3518 5587 quidem

1950 5619 2165 5676 ornata,
2201 5611 2258 5666 in
2313 5610 2516 5682 quibus
2556 5610 2820 5682 sapientia
2860 5608 2976 5664 veri
3021 5608 3260 5663 auctoris
3312 5605 3518 5662 factum

1951 5711 2080 5771 est,
2128 5710 2189 5758 ut
2245 5705 2452 5762 sanitas
2505 5713 2560 5760 et
2612 5701 2979 5774 tranquillitas
3021 5715 3143 5754 cum
3202 5698 3522 5757 austeritate

499 5809 937 5898 Λαὸόγτῳν.“Εξ
971 5811 1262 5898 interprete
1287 5813 1452 5898 liquet
1499 5813 1586 5870 hic
1618 5813 1819 5886 aliquid
1852 5815 2062 5877 deesse.
2093 5819 2270 5892 (Quod
2301 5837 2402 5880 nos
2432 5819 2770 5877 restituendo
2809 5834 2886 5898 es
2921 5815 3163 5888 ejusdem
3209 5815 3529 5886 interpretis

270 5880 530 5956 versione
555 5882 710 5941 uncis
741 5882 1080 5941 inclusimus.
1121 5883 1300 5954 Emr.)
