4038 6288
633 417 777 474 1307
1772 411 1907 467 TITI
1944 411 2370 469 BOSTRENSIS
2407 410 2704 468 EPISCOPI
3729 411 3837 466 I208
3867 417 3873 428 ‘

635 541 893 605 appareat
919 548 934 595 ;
966 532 1092 599 quia
1121 526 1300 581 omnis
1328 525 1571 582 suavitas
1599 526 1763 583 nimis
1792 543 1962 592 mera,
1994 544 2200 585 nocens
2227 581 2230 590 ,

2238 534 2274 592 Α
2303 529 2534 600 γαληνὸν
2579 531 2698 598 μετ’
2743 526 3055 598 ἐμϐριθείας
3097 525 3476 597 ἐμφαινόντων
3501 542 3516 557 ·
3566 526 3642 590 ῶς
3687 527 3833 588 ἅπασα

631 635 721 684 est
771 632 826 681 et
873 621 1081 676 ratione
1115 619 1292 674 aliena
1349 638 1363 675 :
1415 620 1678 675 severitas
1735 635 1865 675 vero
1905 631 1959 675 et
2012 629 2196 676 auste-

2307 621 2404 694 μὲν
2433 620 2730 692 χρηστότης
2752 619 2982 689 ἄκρατος
3010 617 3151 684 λίαν,
3176 617 3485 689 ὲπιϐλαϐής
3521 635 3580 670 τε
3623 620 3709 672 καὶ
3741 622 3835 675 ἀλο-

632 717 770 772 ritas
796 714 933 776 sola,
967 711 1254 768 suavitatis
1294 727 1510 780 expers,
1546 711 1614 766 ad
1650 712 1919 767 feritatem
1944 722 1999 767 et
2037 714 2197 766 inhu-

2301 725 2428 780 γος³
2484 710 2768 782 ὲμϐρίθεια
2821 710 2876 762 δὲ
2932 711 3024 763 καὶ
3081 707 3424 780 αὐστηρότης
3482 706 3606 762 καθ’
3654 710 3832 782 ἑαυτὴν,

632 809 950 862 manitatem
1001 811 1228 876 spectat.
1260 803 1559 874 Utrumque
1581 812 1759 859 autem
1783 805 2006 876 corrigit
2026 812 2079 858 et
2103 805 2199 861 de-

2307 803 2669 873 χρηστότητος
2711 800 3029 872 ἀμοιροῦσα,
3068 798 3202 870 πρὺς
3247 799 3554 869 ἀγριότητα
3588 800 3678 852 καὶ
3703 801 3835 854 ἀπαν-

632 900 816 962 lectat,
850 897 1120 953 exhilarat
1146 903 1199 951 et
1228 895 1466 951 deterret
1500 915 1512 950 :
1556 897 1823 966 promittit
1850 897 2195 960 suavitatem,

2306 892 2549 964 θρωπίαν
2591 894 2712 963 ὁρᾷ.
2774 891 3036 963 Ἐκάτερα
3057 890 3112 944 δὲ
3149 889 3395 944 παιδεύει
3429 906 3491 941 τε
3533 890 3626 942 καὶ
3672 890 3831 961 ἡδύνει,

631 996 685 1043 et
731 987 970 1042 minatur
1012 994 1277 1041 terrorem
1321 1004 1336 1041 :
1389 986 1663 1056 protendit
1707 1001 1857 1056 spem
1904 986 2193 1051 donorum,

2304 982 2495 1054 τέρπει
2535 1000 2595 1035 τε
2639 983 2732 1036 καὶ
2779 982 3030 1051 ἐκφοϐεῖο
3073 980 3472 1050 ἐπαγγέλλεται
3516 981 3833 1051 χρηστότητα,

631 1092 686 1136 et
723 1078 1066 1136 subostendit
1121 1079 1418 1149 periculum
1464 1079 1894 1150 suppliciorum;
1944 1095 2014 1134 ne
2051 1081 2193 1134 ratio

2301 1074 2395 1126 καὶ
2424 1073 2638 1127 ἀπειλεί
2681 1073 2917 1145 φοϐερά·
2967 1074 3235 1146 προτείνει
3281 1070 3480 1144 δώρων
3530 1071 3728 1136 ἐλπίδα,
3767 1074 3834 1126 καὶ

629 1187 821 1230 eorum
849 1172 943 1244 qui
987 1172 1044 1226 in
1085 1171 1248 1228 terris
1278 1179 1588 1238 versantur,
1621 1170 1851 1227 mollitia
1889 1179 1945 1226 et
1976 1171 2198 1227 laxitate

2306 1167 2697 1238 παραδείκνυσι
2739 1166 3012 1237 τιμωριῶν
3053 1165 3294 1220 κίνδυνον
3315 1181 3329 1195 ⁸
3374 1161 3451 1230 ὡς
3477 1162 3544 1218 ἂν
3567 1167 3594 1217 ὁ
3620 1164 3835 1235 λογισμὸς

631 1258 978 1329 propriarum
1003 1274 1184 1314 rerum
1214 1258 1270 1314 in
1307 1259 1575 1330 ignaviam
1608 1259 1993 1333 demergatur;
2023 1277 2198 1332 neque

2301 1256 2408 1308 τῶν
2462 1257 2552 1310 ἐπὶ
2597 1257 2702 1327 γῆς
2751 1256 3176 1327 πολιτευομένων
3235 1256 3376 1327 μήτε
3427 1252 3704 1326 χαυνότητι
3750 1255 3834 1310 τῶν

632 1357 896 1421 perpetuo
938 1357 1085 1422 metu
1130 1365 1390 1420 percussa
1429 1366 1572 1406 caeca
1603 1351 1695 1406 ﬁat
1735 1370 1750 1408 :
1783 1351 1878 1408 sed
1912 1353 2094 1423 potius
2125 1365 2193 1408 ex

2302 1345 2472 1415 ἡδέων
2505 1345 2914 1418 καταϐαπτισθῇ
2957 1346 3092 1415 πρὸς
3127 1346 3363 1416 ἄμετρον
3397 1344 3693 1417 ῥαστώνην,
3725 1347 3832 1416 μήτε

635 1446 865 1510 utraque
903 1449 1060 1510 parte
1098 1449 1153 1494 et
1202 1439 1266 1497 ad
1304 1441 1552 1496 timorem
1592 1439 1688 1497 Dei
1733 1451 1786 1498 et
1827 1442 1897 1496 ad
1939 1443 2192 1498 virtutem

2300 1435 2628 1507 ἀδιαλείπτῳ
2665 1436 2772 1490 δέει
2808 1436 2916 1490 τῶν
2956 1438 3133 1507 φόϐων
3178 1436 3535 1504 διεκπλαγεὶς
3575 1436 3828 1508 πληρωθῇο

632 1529 975 1587 instituatur.

2299 1528 2415 1582 ἀλλ’
2452 1529 2791 1600 ἑκατέρωθεν
2840 1530 3072 1602 μετρίως
3107 1529 3504 1600 παιδαγωγηθῇ
3545 1528 3674 1602 πρὸς
3704 1528 3829 1584 εὐλά-

2301 1620 2452 1674 ϐειάν
2475 1638 2533 1674 τε
2557 1623 2646 1676 καὶ
2671 1623 2888 1695 ἀρετήν.

652 1745 3816 1778 “MM

1591 1898 2020 1962 PREFATIO
2060 1902 2145 1964 IN
2188 1904 2489 1966 LIBRUM
2532 1905 2915 1967 TERTIUM.

705 2060 836 2128 Quae
865 2060 1238 2132 superioribus
1265 2060 1416 2116 libris
1445 2069 1559 2116 tum
1593 2076 1660 2116 ex
1690 2063 1854 2121 rebus
1883 2067 2047 2137 ipsis,
2079 2075 2194 2123 tum
2227 2079 2269 2134 Β

2227 2079 2269 2134 Β
2367 2071 2448 2124 Τά
2480 2071 2579 2143 μὲν
2606 2065 2697 2126 οὖν
2720 2071 2991 2144 ἔμπροθεν
3011 2071 3074 2125 ἐκ
3098 2088 3156 2124 τε
3183 2075 3292 2124 τῶν
3315 2073 3652 2144 πραγμάτων
3678 2077 3822 2131 αὐτῶν

634 2169 701 2210 ex
747 2153 1130 2209 communibus
1178 2154 1496 2210 notionibus
1542 2154 1688 2209 dicta
1736 2167 1898 2225 sunt,
1946 2159 2198 2218 fortassis

2299 2161 2393 2214 καὶ
2412 2160 2523 2215 τῶν
2540 2161 2731 2215 κοινῶν
2757 2162 2970 2216 ἐννοιῶν
2981 2160 3264 2234 εἰρημένα,
3291 2162 3515 2217 πάντων
3537 2162 3599 2217 ἂν
3623 2166 3734 2231 ἴσως
3751 2167 3819 2220 καὶ

630 2245 874 2299 omnium
924 2245 1019 2316 qui
1049 2253 1200 2299 extra
1233 2242 1533 2301 Ecclesiam
1579 2254 1742 2312 sunt,
1793 2259 2028 2305 mentem
2080 2267 2199 2305 mu-

2295 2252 2405 2308 τῶν
2429 2253 2584 2316 ἐκτὸς
2596 2253 2692 2324 τῆς
2708 2253 3027 2324 Ἐκκλησίας
3049 2253 3137 2306 τὸν
3153 2252 3272 2307 νοῦν
3285 2253 3654 2323 ἀσφαλίσαιτο,
3681 2257 3818 2327 μηδαο

632 2336 752 2392 nire
779 2343 1042 2408 possunt,
1081 2343 1141 2390 ut
1171 2335 1565 2406 blasphemiam
1601 2335 1882 2394 Manichaei
1918 2341 1973 2395 in
2009 2353 2198 2396 aucto-

2298 2345 2413 2417 μῶς
2452 2345 2768 2416 προσίεσθαι
2791 2344 2882 2397 τοῦ
2905 2345 3176 2407 Μάνεντος
3196 2343 3296 2415 τὴν
3324 2345 3469 2397 κατὰ
3489 2344 3582 2397 τοῦ
3605 2345 3819 2417 Δημιουρ-

631 2443 747 2482 rem
795 2427 1035 2484 universi
1079 2443 1188 2482 non
1236 2427 1544 2484 admittant.
1589 2427 1726 2494 Quia
1757 2446 1886 2486 vero
1915 2433 2075 2486 aliam
2104 2449 2196 2488 ve-

2295 2437 2393 2506 γοῦ
2423 2437 2531 2490 τῶν
2566 2435 2701 2490 ὅλων
2729 2435 3094 2506 βλασφημίαν.
3137 2437 3356 2507 Ἐπειδὴ
3386 2436 3444 2489 δὲ
3477 2434 3639 2508 θήραν
3664 2437 3813 2507 ἑτέραν

628 2519 903 2574 nationem
949 2526 1139 2573 contra
1196 2534 1291 2575 eos
1329 2519 1422 2590 qui
1465 2522 1608 2574 intra
1652 2519 1956 2577 Ecclesiam
2033 2533 2191 2589 sunt,

2294 2530 2434 2584 κατά
2463 2529 2569 2584 τῶν
2604 2530 2711 2584 ἀπὸ
2737 2531 2836 2600 τῆς
2864 2530 3183 2600 Ἐκκλησίας
3220 2532 3560 2602 μεμελέτηκε
3600 2530 3750 2602 δεινήν
3768 2547 3811 2583 τε

629 2623 848 2678 gravem
877 2607 1094 2679 quidem
1123 2607 1269 2662 illam
1295 2615 1348 2662 et
1375 2609 1735 2679 periculosam
1764 2613 2060 2668 meditatus
2088 2625 2192 2679 est,

2296 2624 2390 2676 καὶ
2421 2621 2684 2694 χαλεπὴν,
2705 2623 2888 2694 ῥήσεις
2916 2622 3066 2686 τινάς
3099 2623 3206 2676 τῶν
3226 2623 3402 2691 ἁγίων
3436 2624 3652 2694 Γραφῶν
3671 2623 3811 2675 ἐκϐια-

628 2699 874 2770 qnaedam
902 2699 955 2754 in
979 2698 1276 2770 Scripturis
1305 2701 1509 2755 sanctis
1543 2700 1688 2755 dicta
1719 2703 1785 2757 ad
1815 2719 1970 2758 suam
2003 2704 2192 2760 falsam

2294 2711 2516 2785 ζόμενος
2563 2714 2696 2784 πρὸς
2743 2714 2841 2786 τὴν
2892 2713 3052 2766 αὐτοῦ
3094 2714 3486 2784 ψευδολογίαν·
3528 2714 3632 2786 ῶρα
3653 2714 3705 2784 δὴ
3735 2713 3807 2766 καὶ

629 2791 938 2846 doctrinam
971 2805 1067 2862 per
1097 2791 1206 2845 vim
1235 2792 1564 2862 detorquens
1591 2811 1604 2848 :
1639 2800 1855 2865 tempus
1883 2805 1967 2851 est
1994 2839 2007 2861 ,
2041 2806 2100 2851 ut
2127 2815 2192 2854 ex

2291 2805 2418 2869 τοὺς
2450 2805 2556 2858 ἀπὸ
2587 2804 2692 2858 τῶν
2721 2804 2877 2858 θείων
2902 2805 3131 2876 Γραφῶν
3160 2804 3419 2875 ἐλέγχους
3449 2808 3566 2858 κατ’
3597 2802 3729 2858 αὐτοῦ
3746 2820 3805 2855 κι-

629 2877 829 2938 divinis
865 2879 1164 2951 Scripturis
1197 2881 1598 2940 confutationes
1631 2897 1822 2940 contra
1856 2903 1978 2942 eum
2022 2891 2192 2960 agite-

2293 2895 2476 2965 νῆσαι,
2493 2895 2629 2966 πρὸς
2658 2894 2952 2964 ἀσφάλειαν
2974 2893 3080 2946 τῶν
3107 2896 3474 2950 πιστευόντων
3505 2898 3611 2958 ταῖς
3631 2892 3805 2946 ἀλλοκό-

632 2983 794 3034 mus,
829 2967 1282 3024 aII-muniendum
1313 2985 1409 3026 eos
1438 2973 1531 3043 qui
1562 2974 1696 3044 ipsis
1731 2972 2026 3045 Scripturis
2065 2993 2192 3032 san-

2289 3004 2401 3051 τοις
2421 2987 2514 3041 καὶ
2536 2987 2654 3040 λίαν
2680 2987 2958 3050 ἀπιθάνοις
2983 2986 3294 3057 ἑρμηνείαις
3323 2987 3468 3041 ἔστιν
3488 2988 3569 3040 ὅτε
3589 2985 3704 3056 πρὸς
3721 2981 3802 3035 τῶν

628 3060 733 3113 etis
764 3057 1016 3124 credunt,
1040 3059 1133 3130 qui
1159 3059 1412 3117 absurdis
1441 3071 1495 3117 et
1523 3062 1973 3132 improbabilibus
2001 3083 2188 3122 earum

2290 3079 2496 3132 ἐκείνου
2544 3079 2936 3150 πλανωμένων
2969 3079 3225 3143 ποικίλως
3271 3080 3386 3152 γάρ
3439 3078 3724 3149 μεθοδεύων,
3752 3075 3801 3143 ἣν

575 3179 578 3182 ι
629 3151 1174 3222 interpretationibus
1221 3154 1491 3208 interdum
1545 3155 1614 3211 ah
1655 3157 1749 3211 illo
1801 3156 2146 3228 decipiuntur

2289 3167 2548 3236 ἐπενόησε
2603 3169 2887 3238 συνεργείᾳ
2935 3169 3030 3222 τοῦ
3077 3169 3324 3222 διαϐόλου
3361 3151 3590 3238 πλάνην,
3643 3164 3797 3236 ἰσχύειν

625 3243 782 3298 vario
804 3243 949 3299 enim
980 3239 1197 3298 fallendi
1227 3245 1455 3300 artificio
1484 3262 1722 3303 errorem
1753 3265 1909 3320 quem
1942 3250 2190 3320 adjutore

2289 3261 2579 3330 ἐπιχειρεῖ·
2622 3263 2749 3331 παρ’
2782 3260 3002 3330 Ἕλλησι
3048 3262 3143 3332 μὲν
3185 3261 3245 3314 οὐ
3285 3261 3360 3316 τὰ
3394 3262 3604 3315 ἐκείνων
3621 3254 3796 3324 ἀνατρέ·

625 3335 843 3391 diabolo
864 3337 1186 3407 excogitavit
1209 3377 1223 3402 ,
1263 3337 1479 3395 firmare
1505 3341 1738 3406 nititur;
1779 3342 1922 3411 apud
1959 3343 2186 3413 gentiles

2220 3411 2254 3424 Α
2290 3368 2425 3414 πων,
2441 3350 2507 3404 τά
2530 3351 2585 3404 δὲ
2619 3352 2819 3406 ἐλάττω
2844 3352 2988 3406 κακὰ
3011 3353 3144 3423 πρὸς
3167 3352 3410 3424 μείζονα·
3421 3353 3656 3412 ἀσεϐείας
3674 3349 3794 3417 ὄγκον

624 3426 842 3496 quidem
875 3441 986 3481 non
1037 3427 1290 3484 refellens
1325 3430 1541 3484 illorum
1574 3430 1861 3504 dogmata:
1901 3411 2022 3503 quia:
2061 3426 2219 3488 vero‘

2106 3449 2189 3488 πο
2216 3411 2256 3466 C
2291 3411 2544 3514 ἐξαίρων,
2579 3443 3008 3516 κακοηθέστερον
3048 3411 3404 3520 οἘλληνιςιμὺν
3427 3447 3701 3518 ὲφηγεῖται.

623 3517 837 3571 minora
867 3518 1008 3571 mala
1043 3526 1203 3582 sunt,
1242 3519 1296 3572 in
1347 3519 1606 3588 majorem
1652 3521 1849 3576 molem
1899 3523 2189 3593 impietatis

623 3605 888 3661 extollens
907 3645 922 3671 ,
951 3608 1349 3676 perversiorem
1379 3609 1768 3666 IIellenismum
1800 3613 2115 3670 introducit.

693 3693 903 3762 Quibus
944 3697 1058 3754 fere
1103 3699 1170 3754 ad
1214 3701 1398 3755 omnia
1427 3702 1699 3756 consimili
1733 3705 1986 3773 Opinione
2015 3707 2188 3759 mala-

2357 3700 2453 3768 οἷς
2479 3706 2664 3777 σχεδὸν
2691 3707 2828 3779 πρὸς
2859 3708 3075 3764 ἃπασαν
3117 3727 3178 3764 συ
3187 3712 3628 3785 μπεριαγόμενος,
3649 3705 3787 3778 φασὶνι

621 3800 746 3844 rum
773 3795 828 3844 et
856 3787 1116 3844 falsarum
1147 3790 1516 3845 doctrinarum
1545 3791 1972 3858 circumvectus,
2001 3809 2188 3851 acces-

2282 3796 2535 3868 ὁμοδοξία
2576 3799 2760 3853 κακῶν
2793 3801 3071 3873 σφαλερῶν
3103 3804 3442 3875 μαθημάτων
3470 3803 3564 3875 τὴν
3599 3795 3789 3871 προσθή-

622 3879 830 3936 sionem
862 3878 1143 3936 ﬁctionum
1171 3897 1392 3938 suarum
1421 3883 1664 3936 immittit
1693 3901 1706 3937 :
1741 3884 1884 3954 apud
1921 3883 2185 3942 Cliristia-

2283 3908 2389 3961 κην
2435 3891 2543 3944 τῶν
2587 3891 2779 3944 ἑαυτοῦ
2820 3892 3150 3964 πλασμάτων
3175 3893 3574 3966 παρεμϐάλλειο
3604 3886 3724 3959 παρὰ
3745 3883 3787 3937 δὲ

625 3984 727 4027 nos
757 3985 888 4027 vero
915 3972 1124 4030 scilicet
1154 3988 1275 4044 quae
1303 3973 1738 4031 Christianorum
1772 3987 1934 4043 sunt,
1965 3993 2184 4049 aggres-

2282 3984 2624 4054 Χριστιανοίς
2665 3985 2732 4037 τά
2759 3985 3097 4052 Χριστιανῶν
3128 3985 3288 4056 δῆθεν
3321 3985 3535 4058 μετιὼν,
3561 3984 3643 4038 καὶ
3666 3976 3788 4031 πιθα-

625 4078 722 4117 sus
744 4101 759 4125 ,
789 4071 846 4118 et
871 4063 1250 4133 probabilitate
1275 4065 1515 4121 nominis
1543 4065 1749 4122 Christi
1773 4109 1787 4134 ,
1811 4076 1866 4123 et
1894 4068 2180 4122 verborum

2282 4075 2460 4146 νότητι
2483 4075 2743 4146 ὀνόματός
2763 4093 2821 4128 τε
2847 4076 3078 4148 Χριστοῦ
3106 4078 3200 4130 καὶ
3227 4080 3485 4149 ῥημάτων
3501 4076 3593 4146 τῆς
3611 4065 3785 4142 Γραφῆζ

625 4152 920 4222 Scriptura:
941 4195 957 4221 ,
982 4163 1036 4210 et
1063 4157 1343 4212 modestia:
1369 4159 1549 4228 specie
1568 4197 1584 4223 ,
1617 4158 1803 4229 lupum
1834 4158 2054 4229 quidem
2089 4159 2182 4229 qui

2284 4167 2580 4230 ἐπιεικείας
2603 4167 2856 4238 ὲμιράσει,
2890 4168 2980 4220 τὸν
2999 4169 3096 4238 μὲν
3128 4167 3307 4232 λύκον,
3334 4171 3468 4239 ὅπερ
3487 4166 3634 4227 αὐτός
3650 4165 3780 4218 ἐστιν.

618 4251 705 4301 est
730 4245 848 4315 ipse
867 4286 883 4312 ,
923 4246 1076 4302 intus.
1107 4248 1274 4318 tegit,
1302 4250 1498 4318 pellem
1529 4265 1658 4306 vero
1686 4252 1806 4306 ovis
1839 4252 2182 4310 extrinsecus

2283 4257 2491 4312 ἔνδοθεν
2533 4258 2770 4322 σκέπων,
2796 4260 2858 4313 τὸ
2879 4259 2936 4313 δὲ
2970 4259 3158 4314 κώδιον
3188 4260 3385 4327 ἔξωθεν
3419 4255 3780 4329 περιτιθέμενοςο

618 4336 881 4403 indutus,
913 4336 1144 4393 efficitur
1179 4339 1314 4397 falsa
1350 4342 1502 4396 stella
1530 4342 1715 4413 gregi:
1754 4353 1916 4413 atque
1958 4343 2034 4396 ita
2079 4342 2182 4396 im.

2280 4348 2462 4419 ἀπάτη
2512 4349 2739 4420 ἀστέρος
2786 4348 2864 4420 τῷ
2916 4351 3150 4420 ποιμνίῳ
3187 4351 3461 4419 γίγνεται·
3492 4347 3576 4401 καὶ
3596 4343 3712 4396 οὕτω
3734 4334 3782 4405 δὴ

617 4429 1066 4501 prudentioribus
1089 4438 1144 4486 et
1174 4432 1354 4497 minus
1383 4436 1620 4492 cordatis
1645 4444 1838 4502 nocet,
1865 4436 1953 4491 cui
1987 4453 2182 4508 propo—

2279 4441 2404 4504 τοὺς
2433 4436 2593 4512 ἦττον
2613 4440 2886 4512 ἔμφρονας
2908 4441 3269 4512 καταλάμπει,
3304 4442 3396 4495 καὶ
3423 4438 3482 4509 δὴ
3509 4431 3780 4506 προθέμενος

618 4523 784 4578 situm
809 4529 925 4587 est,
955 4523 1284 4594 impietatem
1311 4525 1545 4580 maxime
1571 4527 1812 4582 omnium
1841 4543 2036 4584 novam
2065 4537 2180 4582 tum

2280 4536 2601 4603 καινοτάτην
2627 4533 2877 4586 ἀσέϐειαν
2902 4533 3250 4604 ὲ-ρανίσασθαι
3286 4534 3412 4605 παρ’
3435 4527 3610 4584 ἑαυτοῦ
3637 4539 3687 4575 τε
3713 4517 3782 4572 καὶ

619 4630 651 4668 a
682 4628 776 4680 se,
805 4621 921 4669 tum
952 4615 1022 4671 ab
1049 4616 1172 4671 aliis
1201 4614 1474 4686 colligere.
1511 4615 1578 4672 Ut
1606 4626 1784 4673 autem
1813 4619 1996 4675 nullus
2021 4618 2181 4674 Chri-

2280 4619 2410 4690 παρ’
2447 4618 2640 4674 ἀλλων.
2681 4620 2767 4683 Ὠς
2793 4619 2857 4673 ἂν
2892 4620 3079 4690 μηδεὶς
3103 4620 3210 4674 τῶν
3241 4617 3566 4694 Χριστιανῶν
3587 4616 3780 4678 brevior

615 4703 826 4760 stianus
850 4706 1144 4762 novitatem
1176 4722 1364 4762 eorum
1399 4709 1664 4763 malorum
1693 4724 1814 4780 quae
1843 4710 2174 4780 collegisset,

2210 4749 2253 4804 ο
2280 4711 2451 4763 κότων
2493 4709 2763 4776 ἐξετάζειν
2799 4709 2930 4780 γοῦν
2960 4711 3261 4783 ἐπιχειροίη
3299 4713 3396 4784 τὴν
3421 4707 3680 4775 καινότητα
3699 4696 3780 4804 τῶν

613 4796 916 4866 expendere
947 4799 1137 4856 saltem
1171 4807 1224 4855 et
1253 4801 1604 4880 considerare
1637 4799 2042 4872 aggrederetur,
2073 4802 2176 4858 Pa-

2215 4788 2252 4804 “’
2283 4801 2660 4872 ὴρανισμένων
2703 4803 2793 4856 ὑπ’
2827 4801 2989 4857 αὐτοῦ
3017 4803 3222 4866 κακῶν,
3249 4801 3583 4875 Παράκλητον
3606 4788 3781 4880 ﬁt”???

614 4889 874 4944 racletum
901 4905 960 4946 se
989 4891 1312 4961 appellavit,
1343 4907 1445 4946 usu
1475 4873 1712 4948 nominis
1730 4931 1747 4956 ,
1773 4891 1916 4962 quod
1946 4908 2054 4948 non
2083 4911 2174 4950 so-

2279 4905 2380 4944 πεν
2409 4891 2619 4955 ἑαυτὸν,
2644 4891 2902 4962 ὀνόματος
2924 4892 3022 4963 οὐχ
3046 4893 3184 4964 ὑπὲρ
3201 4873 3476 4964 ἄνθρωπον
3497 4887 3656 4960 μόνον,
3675 4873 3778 4932 ἀλλά

612 4979 723 5032 lum
757 4994 920 5050 supra
957 4981 1259 5051 hominem,
1297 4985 1393 5039 sed
1427 4998 1592 5054 supra
1619 4984 1867 5055 angelum
1898 4985 2176 5052 est,falla-

2277 4983 2371 5036 καὶ
2413 4983 2552 5055 ὑπὲρ
2583 4983 2830 5053 ἄγγελον,
2853 4985 3041 5057 χρήσει
3073 4985 3134 5038 τὸ
3169 4985 3438 5057 ἀπατηλὸν
3468 4979 3684 5035 σκέπων⁶
3709 4969 3773 5057 (vt!

610 5072 751 5126 ciam
795 5085 949 5127 suam
992 5081 1176 5143 tegens
1217 5090 1281 5129 ac
1325 5075 1719 5143 dissimulans;
1753 5085 1815 5130 ut
1849 5077 2175 5132 auctoritate

2275 5073 2354 5146 τῷ
2406 5073 2702 5147 ἀξιοπίστῳ
2754 5076 2854 5147 τῆς
2892 5055 3269 5148 ’προσηγορίας
3315 5055 3616 5144 ἀδιακρίτως

610 5163 992 5234 appellationis
1012 5165 1302 5235 probabili,
1326 5167 1574 5224 homines
1594 5167 1796 5238 alioqui
1825 5167 1998 5233 stulti,
2021 5169 2175 5224 nullo

2173 5197 2175 5210 ι
2275 5165 2448 5229 ἄλλως
2481 5166 2696 5237 ἀνόητοι
2747 5167 3006 5237 δέχωνται
3047 5168 3116 5221 τά
3153 5168 3432 5236 λεγόμενα.
3472 5163 3611 5216 Ἐστι
3639 5154 3677 5207 δ’
3703 5154 3768 5203 ὅτε

611 5254 858 5311 adhibito
896 5255 1140 5326 judicio,
1169 5273 1292 5328 quae
1331 5258 1496 5324 dicit,
1538 5259 2018 5329 amplecterentur.
2048 5259 2166 5314 Ali-

2275 5256 2370 5309 xui
2394 5255 2469 5320 ὼς
2494 5255 2788 5320 ἀπόστολος
2825 5256 2998 5327 Ἰησοῦ
3026 5258 3260 5328 Χριστοῦ
3286 5254 3562 5329 βαρϐάροις
3583 5247 3635 5300 τὸ
3652 5240 3770 5310 γένος

608 5343 828 5414 quando
849 5347 1013 5401 etiam
1039 5356 1296 5417 tanquam
1324 5349 1600 5419 apostolus
1625 5348 1752 5406 Jesu
1775 5349 2013 5416 Christi,
2042 5351 2170 5406 bar-

2273 5355 2302 5405 ὁ
2335 5349 2607 5423 βάρϐαρος
2637 5350 2729 5403 καὶ
2762 5349 2917 5416 γένος
2951 5349 3044 5402 καὶ
3070 5347 3294 5419 γνώμην
3314 5348 3408 5418 την
3427 5339 3653 5400 ἀσέϐειαν
3679 5331 3767 5380 ἐπι-

607 5433 756 5492 haris
787 5449 1017 5508 genere,
1049 5437 1190 5494 idem
1221 5453 1416 5510 genere
1447 5448 1501 5495 et
1532 5450 1713 5497 mente
1759 5441 2027 5499 barbarus
2069 5442 2170 5498 im-

1831 5443 2027 5499 rbarus
2069 5442 2170 5498 im-
2272 5441 2500 5496 στέλλει.
2532 5439 2641 5494 Καὶ
2675 5441 2799 5512 περὶ
2832 5439 2930 5510 μὲν
2959 5441 3162 5492 τούτων
3185 5438 3421 5510 ὕστερον.

609 5527 863 5595 pietatem
899 5541 997 5601 per
1027 5531 1287 5602 epistolas
1313 5529 1496 5586 tradit.
1531 5530 1638 5586 Sed
1670 5532 1737 5588 de
1767 5533 1855 5590 his
1885 5543 2096 5604 postea.

678 5616 756 5671 Ek
784 5585 1112 5692 Scri'nuris,
1137 5619 1404 5694 quaesunt
1427 5585 1639 5678 veteris
1659 5585 2169 5691 Testa—rne'rit'iTi—l‘las

2160 5643 2169 5681 ι
2336 5617 2458 5672 Τῶν
2487 5617 2545 5672 δὲ
2572 5615 2802 5690 Γραφῶν
2828 5615 2925 5680 τὰς
2951 5614 3047 5687 μὲν
3075 5611 3424 5684 παλαιοτέρας
3446 5585 3755 5704 ἀνατίθτξῖίὶᾕ

609 5707 834 5765 ascribit
851 5691 1124 5783 nequitia,
1148 5691 1313 5787 quam
1335 5723 1493 5772 vocat
1507 5757 1522 5782 ,
1544 5715 1716 5787 legem
1738 5717 1948 5773 scilicet
1967 5727 2021 5772 et
2041 5734 2170 5789 pro-

2136 5739 2170 5769 .-
2271 5709 2408 5782 πρὸς
2444 5709 2608 5763 αὐτοῦ
2639 5709 2762 5777 λεγο
2769 5707 2903 5782 μένῃ
2923 5707 3107 5780 κακίᾳ,
3130 5707 3292 5777 νόμον
3315 5720 3372 5757 τε
3396 5699 3481 5754 καὶ
3499 5691 3731 5789 ﬁt”???

609 5799 836 5868 phetas'
873 5777 1182 5877 Evangelia.
1196 5822 1324 5864 vero
1350 5815 1400 5864 et
1437 5777 1645 5881 reliqua
1691 5805 1823 5865 Novi
1860 5777 2168 5866 Testamen-

2160 5840 2168 5851 -
2271 5777 2337 5862 τά
2363 5808 2418 5863 δὲ
2444 5807 2752 5877 Εὐαγγέλια
2772 5777 2901 5862 καί
2917 5805 2982 5862 τὰ
3026 5777 3187 5860 λοιπὰ
3211 5805 3307 5876 τῆς
3327 5795 3518 5866 Καινῆς
3537 5777 3755 5846 Διαθήκης
