4038 6288
307 401 448 458 1209

1395 419 1759 480 ADVERSUS
1796 423 2217 491 MANICHAEOS
2253 435 2380 493 LIB.
2416 436 2496 496 Ill.

309 513 784 640 μσθρμῗαχῖταρὰ
810 519 908 590 μὲν
937 522 1032 577 τοῦ
1057 524 1280 594 ἀγαθοῦ,
1303 529 1377 594 ῶς
1405 530 1596 598 οἴεται,
1628 537 1861 594 δεδόσθαι

309 622 420 640 Μαι
444 625 471 640 u
565 608 592 640 ι’.
689 609 856 640 ηπ..-
919 614 1022 640 ...ιη
1072 619 1092 640 1
1141 618 1237 640 -31-
1277 619 1326 640 ns
1365 639 1369 640 ,
1543 626 1554 640 ι
1691 631 1704 640 .
1818 631 1829 640 .

1973 545 2014 640 ti
2044 562 2074 601 a
2103 549 2248 604 bono
2279 551 2404 606 data
2431 569 2552 610 esse
2577 553 2730 623 dicit,
2749 562 2804 612 ut
2832 567 3002 630 putat.
3039 561 3142 619 Sed
3168 580 3266 620 nec
3283 566 3396 623 bare
3417 573 3537 640 qui-

306 605 492 704 φησίν.
519 608 650 662 Οὐδὲ
689 609 859 664 ταῦτα
917 614 1022 686 μὴν
1068 619 1096 670 ό
1139 618 1239 688 τῆς
1275 619 1623 696 βλασφημίας
1652 631 1877 704 εὑρετὴς

305 701 690 774 διισχυρίζεται
741 704 807 757 δι’
853 706 974 761 ὅλου
1028 710 1350 782 καθαρεύειν
1399 716 1524 784 τοῦ,
1569 718 1643 783 ῶς
1692 701 1874 792 φησιν,

305 795 546 848 ἐναντίου
569 796 721 850 Θεοῦ’
739 800 1061 875 ἐνυπάρχειν
1086 806 1141 860 δὲ
1169 808 1271 860 καὶ
1286 809 1512 879 τούτοις,
1531 813 1716 890 ὥσπερ
1737 820 1878 873 κατά

303 903 425 983 τινα
465 887 632 983 μίξιν,
666 891 836 946 πολλά
869 894 970 966 τῆς
1008 897 1098 949 ὑπ’
1131 900 1295 953 αὐτοῦ
1342 887 1695 978 καλουμένης
1716 909 1870 983 ῦλης·

303 978 402 1032 καὶ
429 980 645 1050 χρῆναι,
680 983 852 1038 ταῦτα
885 987 1220 1058 περιελόντα,
1260 993 1393 1064 μόνα
1427 997 1548 1050 καθ’
1579 1000 1747 1056 ἑαυτά
1777 978 1878 1056 κα-

302 1069 568 1138 ταλιπεῖν,
602 1072 638 1128 ἂ
660 1077 727 1146 τῇ
751 1075 843 1130 τοῦ
870 1078 1072 1146 ἀγαθοῦ
1105 1083 1280 1154 μερίδι
1307 1084 1598 1155 λογίζεται.

375 1163 530 1218 Οὕτω
552 1166 663 1219 τῶν
697 1167 865 1236 ἁγίων
891 1171 1119 1242 Γραφῶν
1147 1175 1244 1244 τὴν
1264 1176 1564 1250 διόρθωσιν,
1582 1183 1656 1246 ὠς
1682 1182 1872 1251 οἴεται,

302 1253 427 1345 καθ’
446 1255 636 1310 ἑαυτὸν
665 1261 1193 1332 μεταχειριζόμενος,
1228 1267 1318 1320 καὶ
1352 1269 1438 1323 διὰ
1461 1271 1616 1326 τοῦτο
1645 1275 1874 1345 μάλιστα

301 1344 516 1414 τολμῶν
568 1347 925 1419 Παράκλητος
982 1347 1120 1408 εἶναι
1164 1357 1361 1425 δοκεῖν,
1404 1360 1473 1414 τὰ
1521 1364 1616 1434 μὲν
1651 1344 1875 1421 πλείονα

302 1437 652 1528 περιγράφει,
695 1439 900 1511 βραχέα
933 1444 1026 1497 καὶ
1055 1447 1386 1511 καταλιπὼν,
1419 1453 1512 1505 καὶ
1539 1455 1634 1526 τῆς
1667 1457 1874 1528 Καινῆς

301 1525 579 1602 Διαθήκης
621 1531 888 1587 ποθοῦντα
928 1534 1037 1590 τῶν
1080 1540 1355 1607 συγγενῶν
1400 1542 1573 1612 λόγων
1595 1525 1700 1618 τὴν
1735 1525 1874 1620 συμ-

302 1621 530 1692 φωνίαν.

374 1711 554 1765 Οἴεται
586 1713 684 1785 μὲν
709 1716 890 1788 πᾶσαν
912 1719 1206 1788 ἀσφάλειαν
1224 1722 1336 1794 (49)
1356 1727 1773 1796 περιτεθεῖσθαι,
1799 1732 1875 1797 ὼς

303 1802 444 1872 μόνα
466 1803 528 1874 δὴ
550 1805 616 1859 τὰ
639 1806 910 1877 δυνάμενα
941 1811 1351 1882 προσέλκεσθαι,
1381 1817 1514 1889 πρὸς
1539 1818 1574 1872 δι
1594 1823 1877 1892 τερατεύε-

1980 639 2101 695 dem
2140 641 2244 697 iste
2283 643 2536 700 inventor
2563 647 2913 718 blasphemiae
2937 652 3164 709 aliirmat
3187 671 3308 713 esse
3329 675 3395 714 ex
3422 639 3538 718 toto

1977 747 2006 785 a
2059 736 2333 790 contrario
2378 735 2473 792 Dei
2512 753 2682 794 vacua
2728 750 2782 796 et
2823 758 2990 812 pura,
3035 746 3129 801 sed
3178 761 3300 804 esse
3347 749 3404 805 in
3450 752 3538 810 his

1978 823 2148 878 multa
2194 841 2225 880 a
2269 829 2531 893 materia,
2581 844 2743 900 quam
2789 842 2980 899 vocat,
3023 835 3290 906 admista,
3322 853 3538 911 oporte-

1981 928 2149 983 reque
2182 915 2268 972 his
2301 917 2500 976 ablatis
2533 923 2648 977 sola
2682 924 3021 996 relinquere,
3055 944 3176 998 quae
3217 931 3284 986 ad
3329 941 3540 1002 partem

1974 1005 2102 1060 boni
2137 1015 2352 1078 reputat
2379 1013 2668 1080 pertinere.

2047 1178 2141 1236 Sic
2187 1183 2579 1241 correctionem
2627 1196 2938 1244 sanctarum
2988 1189 3424 1263 Scripturarum,
3474 1200 3539 1250 ut

1978 1273 2255 1344 opinatur,
2290 1277 2440 1334 solus
2472 1279 2791 1349 aggrediens
2811 1321 2825 1346 ,
2854 1290 2906 1337 et
2941 1283 3042 1338 hac
3071 1285 3415 1353 potissimum
3445 1301 3538 1340 ra-

1975 1365 2124 1422 tione
2153 1381 2320 1424 ausus
2346 1369 2517 1426 videri
2551 1370 2896 1440 Paracletus,
2929 1376 3157 1445 plurima
3187 1378 3404 1447 quidem
3430 1378 3536 1432 tol-

1977 1459 2074 1524 lit,
2122 1475 2318 1530 pauca:
2342 1477 2471 1518 vero
2516 1462 2650 1518 Novi
2694 1464 3028 1522 Testamenti
3077 1470 3368 1541 relinquit,
3413 1486 3537 1541 quae

1976 1560 2303 1606 concentum
2337 1567 2401 1607 ac
2433 1555 2781 1610 concordiam
2813 1573 2937 1613 cum
2976 1565 3222 1630 cognatis
3265 1563 3536 1618 sermoni-

1973 1641 2077 1698 bus
2113 1643 2442 1700 desiderant.

2041 1733 2204 1790 Putat
2234 1737 2453 1807 quidem
2477 1754 2691 1796 omnem
2723 1741 3112 1812 blasphemiam
3141 1744 3222 1800 eis
3252 1744 3538 1815 imposuis-

1975 1839 2034 1879 se
2058 1865 2073 1888 ,
2112 1833 2172 1880 ut
2203 1827 2296 1897 qui
2333 1827 2423 1882 illa
2452 1830 2627 1884 solum
2662 1832 2968 1902 reliquerit,
3002 1848 3123 1902 qua:
3153 1832 3220 1886 ad
3255 1833 3344 1888 illa
3379 1849 3538 1889 mon—

297 1908 387 1946 ται
418 1893 820 1960 καταλελοιπώς
841 1915 855 1928 ·
893 1899 1044 1953 οὐδὲν
1071 1901 1126 1954 δὲ
1154 1898 1314 1975 ἧττον
1343 1907 1437 1959 καὶ⁵
1479 1907 1650 1962 ταῦτα
1687 1911 1861 1980 σαφῶς

1976 1925 2089 1970 stra
2119 1893 2240 1988 qua;
2271 1918 2460 1990 tingit,
2492 1922 2632 1976 trahi
2672 1893 2928 1991 possint:
2976 1893 3142 1979 nihilo
3179 1939 3311 1980 vero
3354 1925 3536 1982 minus

297 1980 464 2036 αὑτοῦ
509 1984 769 2057 διελέγχει
819 1987 917 2059 τὴν
970 1989 1206 2065 ἄμετρον
1262 1997 1477 2066 μανίαν,
1513 1999 1607 2066 ὡς,
1655 2001 1869 2058 ἐπειδὰν

297 2074 428 2164 περὶ
455 2075 595 2130 αὐτὰ
618 2078 865 2152 γένηται,
896 2081 1029 2136 Θεοῦ
1065 2086 1416 2158 παρέχοντος,
1442 2089 1601 2156 δείξει
1635 2095 1819 2164 σαφῶς
1841 2099 1869 2150 ὁ

295 2163 474 2234 λόγος.

366 2258 612 2312 Δεικτέον
634 2257 691 2313 δὲ
713 2259 950 2332 πρῶτον,
966 2265 1113 2330 ὅπως
1133 2267 1322 2336 ἄλογον
1346 2274 1577 2326 ποιεῖται
1604 2274 1701 2346 τὴν
1729 2277 1870 2332 κατά

275 2343 403 2402 ῦτῶν
443 2346 812 2424 ἀρχαιοτέρων
853 2355 1026 2424 ἁγίων
1074 2357 1115 2410 Γ
1119 2359 1305 2429 ραφῶν
1351 2343 1715 2436 βλασφημίαν,
1767 2386 1869 2421 πα-

293 2438 589 2533 λαιοτέροις
623 2444 724 2516 μὲν
757 2446 922 2501 αὐτοῦ
952 2455 1208 2521 πονηροῖς
1247 2455 1472 2527 ἀνδράσι
1517 2459 1608 2511 καὶ
1635 2459 1742 2512 ἀπὸ
1769 2464 1867 2533 τῆς

306 2529 633 2622 Ἐκκλησίας
670 2537 1102 2611 ἀποκηρυχθεῖσι
1151 2544 1290 2600 κατά
1320 2547 1477 2601 τοῦτο
1511 2529 1864 2622 συνενεχθεὶς,

292 2625 360 2694 τῇ
408 2621 707 2712 δ’νάσεδείᾳ
739 2631 947 2695 πάντας
999 2635 1240 2701 ἐκείνους
1273 2621 1756 2712 ὑπερϐαλλόμενος.
1804 2646 1866 2699 Εἰ

297 2715 396 2786 μὲν
421 2711 536 2783 οὖν,
573 2719 822 2793 καθάπερ
849 2723 1108 2795 ’Έλληνες
1135 2729 1419 2783 ἀπιποῦσι
1449 2733 1724 2798 παντελῶς
1748 2740 1866 2801 ταῖς

293 2805 555 2876 ἱστορίαις
603 2808 711 2863 τῶν
767 2811 1019 2882 Γραφῶν,
1066 2815 1208 2870 οὕτω
1242 2817 1306 2890 δὴ
1341 2822 1588 2886 κάκεῖνος
1627 2825 1864 2881 ἀπιστῶν

290 2894 517 2966 ἔφασκε,
553 2901 870 2974 μηδαμῶςῆ
900 2905 974 2969 ὡς
1007 2905 1162 2977 ἔτυχε
1197 2908 1263 2962 τὰ
1294 2911 1479 2966 αὐτόθι
1513 2915 1865 2988 ἱστορούμενα

290 2992 595 3080 γεγονέναι,
620 2992 730 3047 οὔτ’
763 2995 829 3049 ἂν
878 2999 1038 3068 ἡμεῖς
1065 3016 1118 3054 τι
1148 3001 1282 3071 πρὸς
1314 3005 1473 3059 αὑτὸν
1507 3008 1638 3080 περὶ
1665 3009 1864 3064 τούτων

289 3078 608 3152 ἐκινοῦμεν,
660 3080 769 3136 οὔτ’
810 3084 876 3138 ἂν
929 3086 1090 3151 αὐτὸς
1139 3088 1308 3159 μείζω
1375 3090 1466 3145 τὸν
1520 3078 1736 3166 ἔλεγχον
1778 3096 1865 3151 διὰ

287 3167 494 3224 τούτων
521 3172 833 3244 ὑπέμεινεν.

1973 2009 2136 2064 etiam
2168 2011 2286 2066 haec
2316 2012 2491 2083 ipsius
2519 2016 2842 2081 amentiam,
2883 2024 2936 2070 et
2978 2015 3214 2071 furorem
3261 2033 3535 2073 summum

1973 2111 2310 2172 coarguunt,
2347 2113 2406 2158 ut
2430 2105 2653 2175 juvaute
2687 2106 2796 2162 Deo
2823 2117 3006 2177 aperte
3032 2108 3367 2178 disputatio,
3403 2122 3532 2163 cum

1973 2194 2028 2248 in
2059 2195 2138 2250 eis
2171 2195 2501 2262 versabitur,
2538 2197 2772 2252 docebit.

2044 2286 2448 2344 Ostendendum
2479 2291 2642 2362 igitur
2673 2293 2848 2363 primo
2873 2299 2957 2348 est
2985 2307 3146 2363 quam
3175 2291 3454 2347 dementer
3478 2291 3536 2347 in

1973 2391 2190 2437 sanctas
2218 2380 2529 2452 Scripturas
2556 2391 2765 2440 veteres
2789 2385 3138 2455 blasphemus
3160 2391 3272 2449 est,
3300 2397 3536 2438 consen-

1974 2473 2113 2528 tiens
2155 2473 2419 2529 hactenus
2461 2490 2584 2528 cum
2633 2491 2694 2530 se
2726 2476 3156 2546 antiquioribus,
3186 2475 3320 2531 viris
3351 2475 3538 2546 pravis

1971 2573 2024 2618 et
2051 2565 2119 2618 ab
2148 2563 2392 2619 Ecclesia
2429 2565 2616 2636 ejectis
2641 2608 2656 2632 ,
2701 2569 2980 2638 impietate
3020 2583 3148 2622 vero
3177 2583 3366 2636 omnes
3413 2567 3536 2622 illos

1973 2670 2260 2724 superans.
2299 2654 2358 2710 Si
2393 2657 2559 2728 igitur
2591 2659 2734 2714 sicut
2762 2659 2988 2730 gentiles
3014 2659 3258 2713 historiis
3287 2657 3536 2730 Scriptu-

1970 2762 2156 2801 rarum
2184 2748 2401 2818 penitus
2428 2766 2534 2804 non
2566 2751 2829 2817 credunt,
2862 2751 2942 2806 sic
2969 2751 3131 2807 etiam
3163 2751 3252 2805 ille
3278 2765 3384 2805 non
3411 2765 3535 2805 cre-

1971 2838 2108 2894 dens
2134 2840 2436 2910 Scripturis
2456 2883 2471 2908 ,
2497 2857 2839 2912 nequaquam
2873 2853 2965 2896 aut
2992 2842 3215 2898 fortuito
3242 2841 3385 2897 Facta
3412 2856 3536 2897 esse

1972 2947 2092 3002 qua:
2117 2932 2171 2986 in
2201 2935 2279 2988 eis
2304 2946 2615 2999 narrantur,
2647 2935 2870 2998 diceret,
2904 2950 3079 3005 neque
3109 2949 3211 2990 nos
3239 2933 3534 3005 quidquam

1971 3031 2160 3077 contra
2185 3041 2308 3080 eum
2335 3025 2510 3081 dehis
2531 3025 2934 3096 disputaremus
2957 3066 2973 3091 ,
2999 3041 3101 3082 nec
3128 3026 3246 3096 ipse
3273 3026 3533 3097 majorem

1970 3115 2394 3171 confutationem
2427 3132 2524 3187 per
2558 3116 2672 3172 hmo
2707 3117 2936 3172 subiret.

376 3262 524 3318 Ἐπεὶ
543 3265 599 3318 δὲ
623 3266 721 3338 τὴν
759 3246 856 3338 μὲν
878 3269 1133 3341 ἀλήθειαν
1165 3273 1344 3338 αὐτοῖς
1366 3275 1458 3329 τοῦ
1489 3278 1675 3343 Ὄντος
1703 3297 1861 3348 γεγο-

2042 3293 2148 3352 Sed
2183 3293 2311 3364 quia
2347 3295 2627 3349 veritatem
2668 3291 2760 3347 Dei
2798 3292 2852 3346 in
2884 3293 2964 3348 eis
3007 3291 3176 3346 fuisse
3215 3297 3526 3353 attestatur,

290 3356 443 3411 νέναι
472 3360 885 3431 προσομολογεῖ,
925 3363 1103 3417 αἰτίαν
1143 3363 1199 3417 δὲ
1233 3365 1436 3422 τούτων
1470 3365 1605 3424 εἶναι
1647 3370 1740 3442 τὴν
1788 3373 1861 3444 μὴ

286 3443 450 3504 οὖσαν
482 3451 679 3505 κακίαν
704 3453 853 3523 φησί·
879 3454 1020 3525 ,φέρε
1049 3457 1141 3510 καὶ
1163 3456 1256 3509 νῦν
1290 3459 1682 3533 ἀποδείξωμεν,
1716 3464 1862 3527 ὅπως

286 3541 383 3605 τάς
409 3543 648 3613 μεγάλας
671 3545 948 3615 ἐνεργείας
983 3547 1287 3620 ἀνατίθησι,
1318 3551 1412 3605 καὶ
1433 3552 1501 3606 τά
1525 3555 1694 3624 μείζω
1727 3554 1860 3609 θαύ-

288 3649 434 3703 ματα
475 3637 541 3704 τῇ
597 3634 988 3708 διαϐαλλομένῃ
1035 3639 1171 3709 πρὸς
1205 3641 1368 3694 αὐτοῦ
1402 3644 1569 3716 κακίᾳ
1603 3645 1676 3717 μὴ
1701 3646 1857 3713 νοῶν,

287 3723 384 3776 ἆτε
416 3720 479 3795 δὴ
509 3723 600 3776 τὸν
629 3722 884 3794 λογισμὸν
918 3727 1266 3796 τυφλῶττων,
1293 3731 1391 3795 τὰς
1437 3733 1770 3805 παραδόξους
1803 3738 1860 3790 ὲν

284 3817 404 3877 ταῖς
447 3814 713 3885 ἱστορίαις
762 3816 856 3868 τοῦ
905 3816 1039 3871 Θεοῦ
1083 3819 1178 3874 τοῦ
1209 3821 1542 3896 δημιουργοῦ
1583 3825 1692 3880 τῶν
1724 3827 1858 3881 ὅλων

285 3905 618 3977 οἰκονομίας.

353 3999 489 4069 Φησὶ
519 3997 577 4052 δὲ
602 3999 738 4072 πρὸς
762 3999 906 4066 λέξιν
929 4000 1099 4074 αὐτὴν
1128 4003 1406 4078 ὲκεῖνος,ἢ
1437 4007 1622 4078 ἕτερός
1646 4026 1728 4073 τις
1753 4010 1858 4064 τῶν

283 4087 380 4142 ἀπ’
408 4090 637 4157 ἐκείνου,
663 4092 973 4163 ἐπιγράψας
995 4091 1054 4146 τὸ
1074 4095 1364 4164 κεφάλαιον
1389 4115 1454 4151 πε
1463 4100 1516 4170 pi.
1538 4099 1635 4170 τῆς
1654 4099 1858 4172 ἀνθρω·

286 4183 448 4253 πίνης
476 4183 944 4254 πρωτοπλαστίας·
975 4187 1212 4257 Ἐπειδὴ
1245 4189 1350 4262 γὰρ
1374 4189 1648 4262 ἔγνωσαν
1678 4194 1732 4246 οί
1759 4193 1860 4263 ἅρ-

285 4291 520 4342 χοντες,
557 4277 638 4342 ὡς
683 4277 751 4331 ἐκ
802 4277 908 4332 τοῦ
955 4279 1362 4348 παραιρεῖσθαι
1391 4280 1457 4335 τὸ
1491 4282 1857 4351 ἁπαξαπλῶς

283 4369 578 4437 ἐμπίπτον
602 4373 690 4438 είς
718 4372 938 4439 αὐτοὺς
960 4373 1143 4443 μέρος
1173 4375 1280 4428 τοῦ
1313 4375 1527 4445 φωτὸς,
1550 4377 1736 4446 ταχὺς
1761 4377 1854 4431 ἐπ’

283 4459 502 4528 αὐτοὺς
533 4465 566 4516 ό
597 4461 850 4531 θάνατος
885 4464 1021 4542 ,ἣξει
1042 4483 1056 4496 ·
1101 4465 1215 4535 τὴν
1253 4469 1340 4533 είς
1369 4469 1443 4522 τὰ
1474 4468 1716 4538 σώματα
1746 4468 1855 4538 τῆς

281 4553 491 4623 ψυχῆς
538 4553 794 4610 κάθοδον
840 4557 1285 4626 ἐμηχανήσατο,
1326 4560 1690 4632 ἀναδραμεῖν
1735 4563 1852 4632 μὲν

281 4645 476 4714 αὐτὴν
496 4646 775 4716 μηδόλως
807 4648 1150 4718 ζητοῦντες,
1184 4653 1564 4707 ἁνελθοῦσαν
1593 4652 1662 4707 δὲ
1697 4655 1851 4724 μηδὲ

281 4736 392 4805 τῆς
415 4737 643 4792 ἀνωθεν
665 4737 899 4804 ,λήξεως
917 4739 1096 4804 ἀξίαν
1127 4743 1532 4812 εὑρίσκεσθαι,
1559 4743 1849 4815 μιάσματι

279 4827 392 4899 τῆς
419 4829 646 4900 σαρκὸς
673 4831 1066 4900 ἁνεχομένην.

353 4922 462 4976 Καὶ
497 4925 613 4994 μετ’
640 4922 818 4992 ὀλίγα·
852 4924 946 4978 Διὸ
991 4924 1244 4991 ἕκαστος
1274 4925 1494 4991 αὐτῶν,
1528 4928 1660 4998 φησὶ
1681 4967 1695 4991 ,
1729 4927 1848 4980 τῶν

279 5010 387 5080 τῆς
419 5013 572 5080 ὕλης
605 5013 934 5082 ἀρχόντων,
977 5015 1049 5069 ὃν
1081 5018 1302 5085 τρόπον
1325 5019 1702 5088 προείπομεν,
1737 5018 1847 5087 τῆς

213 5169 216 5174 ι
280 5102 601 5172 γενομένης
657 5105 950 5174 κινήσεως
999 5106 1222 5171 ἕνεκεν,
1265 5108 1362 5161 καὶ
1407 5108 1514 5162 τοῦ
1555 5108 1850 5178 φανέντος

281 5195 513 5264 πρῶτον
543 5195 641 5250 ἐπὶ
667 5196 784 5264 τὴν
812 5199 1116 5266 ,λύτρωσιν
1147 5197 1256 5267 τῆς
1285 5199 1512 5270 ψυχῆς,
1529 5199 1640 5269 τῆς
1668 5202 1849 5268 θύρας

280 5285 513 5356 πρῶτον
550 5287 914 5357 ἀνοιγείσης,
952 5291 1051 5343 ὑπ’
1095 5289 1443 5358 ἐκπλήξεως
1469 5292 1630 5345 ἄκων
1667 5309 1847 5346 κατα-

280 5375 516 5446 πέμψας
542 5377 657 5445 τὴν
680 5380 749 5432 ὲν
777 5377 937 5444 αὐτῷ
965 5380 1240 5448 δύναμιν,
1255 5381 1602 5451 ἐμόρφωσεν
1633 5383 1848 5437 ἑαυτὸν

279 5470 362 5536 εὶς
383 5467 614 5540 θήραμα
647 5468 753 5538 τῆς
779 5469 1004 5540 ψυχῆς,
1036 5471 1134 5526 καὶ
1157 5473 1390 5542 μίμημα
1430 5474 1618 5529 αὑτοῦ
1657 5474 1844 5529 ἔπλα-

279 5577 388 5616 σεν
441 5562 540 5617 ἐπὶ
593 5562 704 5631 τῆς
761 5563 894 5633 τῆς,
935 5565 1042 5619 τοῦ
1088 5564 1615 5632 δυσαποσπάστως
1681 5567 1846 5637 ἔχειν

280 5652 581 5723 ἠνάγκασε
617 5653 724 5721 τὰς
754 5655 959 5725 ψυχὰς
982 5656 1530 5727 κατακηλουμένας.
1558 5657 1669 5711 Καὶ
1695 5657 1845 5713 πλά-

349 5809 456 5882 (49)
507 5809 880 5882 Ἀσφάλειαν.
913 5811 1082 5869 Aliter
1115 5812 1327 5885 legebat
1363 5812 1653 5884 interpres.

1968 3401 2188 3441 causam
2223 3401 2350 3441 vero
2380 3385 2571 3439 horum
2604 3400 2727 3440 esse
2770 3385 2845 3438 ait
2877 3384 3170 3454 nequitiam
3191 3423 3205 3446 ,
3241 3398 3362 3452 quae
3394 3381 3532 3434 nihil

1966 3491 2050 3535 εει
2081 3520 2096 3546 ,
2133 3494 2230 3549 age
2252 3520 2266 3542 ,
2298 3478 2592 3532 doceamus
2623 3491 2766 3530 nunc
2787 3516 2800 3540 ,
2837 3475 3110 3546 quomodo
3142 3486 3532 3546 magnaopera

1967 3587 2031 3626 ac
2065 3572 2238 3642 magis
2270 3569 2588 3625 admiranda
2622 3569 2877 3640 nequitiae
2907 3583 3069 3637 quam
3104 3568 3220 3638 ipse
3267 3570 3530 3630 accusat,

1967 3661 2252 3730 attribuit;
2306 3661 2504 3732 quippe
2556 3660 2648 3730 qui
2697 3673 2839 3712 caeca
2890 3655 3100 3712 ratione
3133 3670 3242 3709 non
3275 3652 3530 3724 intelligit

1965 3755 2312 3810 admirabiles
2371 3753 2461 3808 Dei
2515 3752 2778 3806 creatoris
2830 3749 3206 3804 universorum
3259 3747 3530 3818 guberna-

1965 3850 2142 3904 tioues
2173 3863 2236 3903 ac
2265 3846 2632 3920 providentias
2653 3886 2670 3914 ,
2705 3859 2826 3914 qua:
2859 3843 2912 3897 in
2941 3841 3189 3897 historiis
3219 3840 3493 3897 feruntur.

2031 4008 2122 4060 Ait
2153 4005 2319 4077 igitur
2350 4004 2414 4060 ad
2445 4004 2670 4060 verbum
2714 4001 2828 4058 sive
2875 4001 2965 4055 ille
2989 4039 3004 4064 ,
3035 4000 3151 4055 sive
3194 3998 3334 4054 alius
3371 3997 3528 4068 quis-

1963 4096 2107 4166 piam
2136 4097 2255 4165 ejus
2283 4095 2601 4165 discipul‘us,
2636 4093 2728 4162 qui
2755 4101 2918 4162 caput
2949 4090 3227 4161 inscripsit
3254 4089 3322 4144 de
3345 4089 3522 4160 prima

1962 4185 2288 4242 formatione
2319 4187 2555 4240 humana
2583 4205 2596 4240 :
2635 4185 2774 4252 Quia
2803 4192 3149 4254 cognoverunt
3183 4183 3524 4254 magistratus

1963 4279 2222 4342 materiae,
2267 4277 2424 4347 quod,
2462 4277 2508 4331 si
2537 4278 2748 4330 omnino
2773 4293 2898 4347 pars
2941 4276 3152 4330 luminis
3175 4274 3312 4346 quod
3355 4276 3409 4328 in
3436 4289 3523 4328 eos

1961 4369 2166 4434 incidit,
2203 4371 2413 4424 omnino
2445 4349 2760 4440 auferretur,
2780 4386 2920 4424 mors
2949 4371 3022 4424 eis
3050 4369 3340 4423 adventura
3364 4379 3520 4433 esset,

1960 4463 2249 4518 machinati
2276 4473 2399 4518 sunt
2429 4463 2733 4518 descensum
2772 4463 2964 4517 anima:
3002 4463 3058 4516 in
3100 4477 3320 4530 corpora
3346 4477 3366 4516 :
3405 4476 3523 4532 qua:

1959 4554 2167 4625 quidem
2212 4571 2274 4609 ne
2317 4555 2426 4609 ullo
2487 4555 2640 4608 modo
2679 4555 2904 4618 rediret,
2948 4553 3082 4607 unde
3140 4553 3519 4619 descendisset,

1954 4647 2056 4716 ipsi
2083 4656 2329 4702 curarent
2351 4671 2365 4711 ,
2393 4664 2598 4702 reversa
2623 4664 2740 4701 vero
2760 4689 2775 4714 ,
2803 4657 2862 4701 ut
2885 4663 2988 4700 non
3018 4648 3334 4716 reperiretur
3359 4645 3521 4718 digna

1953 4737 2276 4792 habitatione
2305 4753 2524 4808 supera,
2552 4748 2729 4808 utpote
2775 4739 3012 4810 foeditate
3045 4739 3222 4792 carnis
3247 4739 3521 4809 inquinata

1951 4831 2294 4994 ειὲῗηέόῗιίο
2343 4930 2502 4993 post:
2554 4920 2904 4987 Quamobrem
2941 4921 3294 4991 unusquisque
3336 4937 3518 4975 eorum

1953 5017 2042 5086 qui
2075 5026 2197 5069 sunt
2236 5018 2582 5086 magistratus
2610 5015 2846 5068 materia:
2868 5055 2883 5078 ,
2910 5015 3045 5068 sicut
3075 5014 3306 5068 diximus
3333 5016 3480 5083 prius
3497 5053 3522 5080 ,

1949 5117 2162 5178 propter
2189 5118 2389 5161 motum
2426 5108 2658 5177 factum,
2687 5118 2736 5160 et
2762 5117 2970 5176 propter
3007 5123 3123 5160 eum
3163 5108 3251 5176 qui
3287 5107 3516 5174 primunt

1950 5201 2196 5271 apparuit
2243 5199 2311 5252 ad
2355 5199 2756 5268 redemptionem
2808 5202 3030 5264 animae,
3065 5199 3240 5268 janua
3285 5197 3514 5263 primum

1951 5304 2136 5361 aperta
2162 5333 2176 5356 ,
2199 5308 2311 5361 pra:
2333 5301 2531 5346 terrore
2561 5293 2754 5346 invitus
2781 5293 3002 5347 dimissa
3032 5293 3221 5345 virtute
3243 5305 3354 5342 uuae
3377 5289 3430 5341 in
3453 5305 3514 5342 eo

1945 5394 2095 5449 erat,
2142 5384 2391 5452 formavit
2437 5385 2662 5452 seipsum
2706 5385 2774 5437 ad
2815 5385 3102 5438 venandam
3161 5381 3412 5443 animum,
3460 5391 3510 5434 et

1950 5475 2302 5529 imitationem
2345 5475 2429 5529 sui
2476 5476 2643 5544 ﬁnxit.
2672 5475 2726 5528 in
2776 5483 2971 5540 terra"
2996 5469 3257 5542 coegitque
3302 5471 3512 5524 animas

1953 5565 2239 5624 delinitas,
2271 5575 2329 5618 ut
2365 5564 2570 5635 difﬁcile
2611 5564 2674 5618 ab
2716 5581 2778 5618 ea
2817 5564 3109 5620 imitatione
3141 5562 3508 5615 abstraheren-

1955 5668 2060 5712 tur.
2096 5659 2173 5714 Ac
2206 5659 2432 5726 primum
2465 5659 2671 5728 quidem
2701 5659 2870 5715 Adam
2914 5655 2976 5709 ab
3013 5655 3086 5709 eis
3121 5657 3416 5724 (armatus,
3447 5670 3511 5710 ae
