4038 6288
533 402 677 489 seu

1691 411 1824 468 TITI
1860 410 2285 469 BOSTRENSIS
2320 409 2627 467 EPISCOPI

3651 405 3821 460 m2-

546 520 706 592 fictas
749 530 830 576 est
877 522 1280 578 instrumentum
1324 527 1633 597 cupiditatis
1663 539 1713 585 et
1751 548 1871 586 esca
1911 533 2117 587 anima-

2222 544 2340 599 σμα
2368 526 2567 583 αὐτῶν
2596 526 2728 580 ἐστι
2755 524 2990 596 πρῶτον
3016 526 3051 580 δ
3086 523 3285 595 Ἀδὰμ,
3304 524 3564 597 ὄργανον
3590 523 3801 578 ἐπιθυ-

539 626 668 669 νωιι
695 630 724 667 e
750 613 875 667 calo
907 611 1330 670 descendentium
1355 629 1405 673 et
1435 619 1679 675 machina
1706 622 1775 675 ad
1797 622 2113 679 tradendum

2222 623 2351 689 μίας
2387 621 2488 674 καὶ
2521 618 2735 688 δέλεαρ
2790 618 2911 673 τῶν
2963 618 3191 675 ἄνωθεν
3221 616 3441 688 ψυχῶν
3476 617 3577 673 καί
3602 618 3799 688 μηχά-

544 723 637 761 eas
667 707 720 759 in
750 722 991 776 corpora.

618 816 861 872 Primum
892 829 1071 875 autem
1103 822 1562 879 considerandum
1590 832 1675 881 est
1696 866 1711 890 ,
1738 835 1998 897 quantam
2027 841 2119 883 sa-

547 907 808 978 pientiam
846 911 1103 981 Opinione
1140 928 1241 970 sua
1281 916 1507 970 ascribit
1551 923 1605 971 et
1656 924 1951 973 attestatur
2002 933 2118 972 ma-

548 1001 871 1070 gistratibus
913 1004 1189 1070 materiae,
1235 1021 1399 1078 quam
1432 1008 1658 1062 omnino
1698 1008 1765 1063 de
1806 1009 2117 1080 ignorantia

446 1164 451 1171 ‘
549 1092 879 1150 condemnat
907 1103 962 1151 et
991 1097 1296 1168 vituperat,
1346 1105 1608 1170 tanquam
1649 1102 1973 1157 machinatis
2022 1116 2121 1172 per

549 1198 772 1239 carnem
802 1186 1126 1245 descensum
1159 1193 1354 1245 animae
1391 1191 1459 1246 ad
1510 1207 1628 1255 eos,
1655 1209 1727 1249 ne
1773 1194 2120 1264 privarentur

549 1275 755 1332 lumine
783 1278 864 1334 eis
897 1280 1164 1345 admisto,
1197 1285 1288 1353 qui
1316 1300 1509 1340 rursus
1538 1285 1717 1341 redire
1746 1290 1981 1341 animam
2009 1302 2116 1341 non

549 1367 824 1437 sinerent;
862 1373 945 1426 sin
981 1389 1112 1429 vero
1153 1376 1387 1441 rediret,
1432 1377 1655 1448 indigna
1690 1393 1927 1448 superna
1963 1379 2117 1434 habi-

549 1458 756 1514 tatione
787 1466 1047 1529 tanquam
1102 1464 1356 1520 sordibus
1392 1467 1575 1522 carnis
1618 1467 1823 1536 polluta
1870 1468 2119 1523 declara-

548 1558 723 1614 rctur,
748 1554 906 1622 quasi
930 1570 1038 1608 non
1064 1566 1249 1625 posset
1282 1556 1426 1613 Deus
1449 1559 1685 1612 animam
1715 1575 1744 1613 a
1784 1575 1844 1614 se
1876 1568 2116 1616 creatam

550 1643 761 1714 integre
824 1660 1055 1711 servare.
1104 1648 1282 1703 victus
1355 1650 1623 1706 machinis
1702 1653 2116 1723 magistratuum

548 1737 808 1791 materias.
850 1738 927 1792 Ac
963 1738 1030 1794 de
1072 1740 1157 1796 his
1218 1742 1437 1812 quidem
1497 1742 1675 1799 adhuc
1709 1744 1892 1801 dicere
1936 1762 2119 1801 annon

548 1834 635 1882 est
669 1828 957 1884 ridiculum
988 1832 1012 1885 ?

621 1939 759 2005 Quia
788 1958 918 1999 vero
976 1943 1072 2008 ait,
1124 1944 1357 2015 primum
1400 1947 1544 2017 quod
1598 1948 1949 2019 magistratus
1989 1966 2121 2004 ema-

548 2033 701 2088 teria:
731 2033 1123 2102 formaverunt,
1156 2053 1279 2095 esse
1317 2041 1487 2095 Adam
1518 2042 1938 2097 instrumentum
1967 2043 2119 2113 cupi-

549 2125 756 2188 ditatis,
781 2134 833 2180 et
863 2143 1041 2181 escam
1068 2145 1426 2200 supernarum
1452 2132 1754 2187 animarum
1785 2150 1797 2184 :
1828 2134 2119 2189 didicimus

548 2215 678 2271 hinc
711 2220 859 2273 clare
901 2235 1024 2274 eum
1065 2221 1269 2285 dicere,
1297 2237 1419 2278 esse
1448 2224 1724 2280 hominem
1767 2224 2055 2279 formatum
2088 2242 2118 2280 a

548 2307 800 2370 materia,
829 2324 947 2379 qua:
982 2310 1202 2366 minime
1241 2321 1344 2375 est,
1371 2313 1462 2383 qui
1496 2315 1733 2369 materia:
1765 2325 1819 2369 et
1861 2316 2120 2385 nequitia:

549 2398 753 2469 ubique
779 2401 900 2470 plus
931 2404 1121 2457 tribuit
1157 2404 1504 2462 simulatione
1539 2409 1927 2463 accusationis.
1962 2407 2119 2463 Nunc

550 2497 732 2545 autem
771 2493 942 2561 ipsam
989 2492 1119 2547 dicit
1174 2495 1449 2550 hominem
1502 2496 1720 2564 iecisse,
1769 2499 1968 2553 animal
2007 2517 2123 2554 om-

548 2582 699 2636 nium
751 2585 1066 2639 animalium
1123 2601 1244 2655 quae
1291 2587 1346 2641 in
1401 2588 1602 2642 mundo
1652 2604 1913 2660 corporeo
1969 2600 2114 2656 sunt,

549 2675 1060 2741 prmstantissimum
1102 2691 1164 2730 ac
1214 2677 1448 2733 maxime
1495 2680 1725 2750 regium,
1780 2688 1968 2751 utpote
2023 2698 2119 2737 ra-

549 2758 699 2813 tione
729 2760 1009 2829 praeditum
1055 2770 1109 2817 et
1149 2763 1469 2821 admirabile
1507 2774 1622 2822 tum
1657 2770 1871 2825 ratione
1911 2779 2120 2827 natura:

550 2856 667 2904 tum
708 2851 972 2908 institutis
1004 2863 1165 2924 atque
1192 2859 1704 2922 exercitationibus.
1748 2862 2116 2929 Quatstionem

552 2950 732 2996 autem
763 2943 915 3012 ponit
943 2945 1009 3000 de
1043 2947 1299 3004 universo
1330 2950 1533 3005 mundo
1553 2993 1566 3013 .
1598 2968 1769 3022 quare
1798 2953 1974 3009 factus
1998 2957 2121 3010 est?

623 3035 698 3090 De
729 3036 947 3092 homine
976 3045 1178 3106 autem,
1202 3040 1329 3094 dum
1357 3043 1548 3097 nititur
1584 3044 1978 3111 demonstrare,
2009 3061 2118 3101 non

551 3142 676 3183 esse
707 3143 739 3181 a
768 3127 878 3184 Deo
915 3129 1226 3199 formatum,
1277 3142 1456 3189 movet
1489 3137 1623 3191 alias
1651 3137 1982 3207 quaestiones
2020 3137 2117 3193 de-

2211 727 2370 781 νημα
2397 709 2504 764 τοῦ
2535 710 2721 776 αὑτὰς
2746 712 2834 777 εὶς
2856 708 3098 780 σώματα
3121 710 3432 779 ἐμπίπτειν

2279 821 2590 892 Σκοπητέον
2621 822 2718 893 μὲν
2750 821 2815 894 δὴ
2845 820 3078 894 πρῶτον,
3119 822 3252 891 ὅσην
3285 822 3474 892 σοφίαν
3501 838 3795 894 προσμαρ-

2212 916 2369 986 τυρεῖ
2409 916 2521 977 τοῖς
2574 912 2851 985 ἄρχουσιν,
2884 913 2960 978 ὼς
3007 913 3198 977 οἴεται,
3250 915 3349 984 τῆς
3391 910 3545 983 ὕλης,
3582 911 3652 984 ἣν
3703 914 3793 964 ἐπ’

2213 1006 2406 1077 ἀγνοίᾳ
2434 1005 2611 1077 πάντη
2643 1005 2885 1071 κακίζειο
2915 1005 3011 1070 ὡς,
3044 1005 3129 1059 ἴνα
3189 1004 3262 1077 μὴ
3318 1002 3655 1075 ἀφαιρεθῶσι
3696 1001 3793 1055 τοῦ

2214 1096 2609 1168 προσμιγέντος
2634 1096 2817 1159 αὐτοῖς
2838 1095 3014 1165 φωτὸς
3044 1094 3517 1167 μεμηχανημένοις
3541 1091 3632 1146 διά
3657 1108 3797 1163 σαρ-

2213 1187 2310 1250 κὸς
2334 1187 2434 1260 τὴν
2482 1188 2563 1250 εις
2595 1187 2791 1251 αὐτοὺς
2820 1186 3042 1241 κάθοδον
3074 1190 3173 1258 τῆς
3198 1186 3410 1257 ψυχῆς,
3456 1185 3799 1256 ἀναδραμεῖν

2218 1279 2317 1350 μὲν
2349 1276 2505 1344 αὖθις
2534 1279 2705 1352 αὐτὴν
2734 1280 2833 1333 οὐκ
2861 1278 3055 1343 ἐῶντες
3075 1296 3090 1310 ·
3121 1280 3170 1331 εἰ
3214 1278 3272 1331 δὲ
3319 1279 3413 1331 καὶ
3463 1278 3794 1349 ἀναδράμοι,

2218 1370 2445 1437 ἀναξίαν
2472 1371 2868 1441 ἀποφαίνεσθαι
2892 1371 2998 1425 τῶν
3029 1370 3141 1424 ἀνω
3177 1369 3552 1441 μεμιασμένην
3587 1370 3811 1441 σαρκίο-

2215 1460 2291 1524 ὡς
2320 1460 2578 1515 ἀδύνατον
2611 1455 2752 1515 εἶναι
2788 1461 2963 1531 πάντη
2994 1460 3071 1533 τῷ
3091 1460 3279 1531 ἀγαθῷ
3306 1460 3407 1533 τὴν
3435 1462 3565 1533 παρ’
3595 1461 3815 1515 ἑαυτοῦ⁴

2214 1553 2392 1625 ψυχὴν
2442 1554 2734 1627 ὁλόκληρον
2778 1554 3161 1619 διασώσασθαι,
3196 1556 3316 1618 ταῖς
3364 1557 3633 1627 μηχαναῖς
3682 1555 3803 1608 τῶν

2216 1647 2491 1717 ἀρχόντων
2521 1648 2619 1719 τῆς
2649 1646 2781 1717 ὕλης
2812 1646 3137 1718 ἡττώμενον.
3164 1648 3274 1703 Καὶ
3304 1648 3433 1719 περὶ
3464 1647 3564 1719 μὲν
3586 1647 3796 1702 τούτων

2217 1736 2297 1790 ἔτι
2321 1737 2412 1791 καὶ
2438 1737 2616 1808 λέγειν
2643 1738 2759 1802 uti);
2794 1738 2868 1809 μὴ
2901 1738 3072 1807 γέλως
3101 1735 3165 1810 ᾖῖ

2305 1939 2457 1992 Ἐπεὶ
2481 1938 2538 1992 δέ
2567 1956 2751 2010 φησιν,
2777 1939 2858 1993 ὅτι
2890 1938 3117 2010 πλάσμα
3143 1937 3357 2011 πρῶτόν
3388 1939 3504 1990 ἐστι
3548 1936 3661 1990 τῶν
3695 1936 3798 2009 ἀρ-

2220 2030 2420 2100 χόντων
2462 2030 2563 2099 τῆς
2596 2030 2727 2101 ὕλης
2766 2033 2794 2085 ὁ
2842 2030 3032 2101 Ἀδὰμ,
3073 2029 3304 2101 ὄργανον
3354 2030 3650 2100 ἐπιθυμίας
3699 2030 3799 2082 καὶ

2218 2122 2406 2195 δέλεαρ
2445 2123 2553 2176 τῶν
2596 2122 2802 2177 ἄνωθεν
2833 2123 3045 2194 ψυχῶν·
3080 2123 3218 2185 τέως
3255 2121 3675 2194 μεμαθήκαμεν,
3711 2122 3799 2175 ὅτι

2221 2213 2407 2283 σαφῶς
2437 2212 2741 2267 πεπλάσθαι
2777 2213 2914 2285 πρὸς
2941 2214 3040 2283 τῆς
3089 2214 3164 2285 μὴ
3193 2212 3359 2285 οὔσης
3409 2213 3539 2286 ῦλης
3566 2214 3660 2268 τὸν
3703 2215 3799 2269 ἄν-

2220 2306 2433 2378 θρωπον
2462 2306 2629 2376 λέγει,
2660 2309 2688 2360 ὁ
2728 2306 2999 2377 πανταχοῦ
3039 2310 3105 2379 τῇ
3143 2307 3245 2380 ὖλῃ
3291 2310 3388 2362 καὶ
3415 2310 3481 2379 τῇ
3522 2308 3696 2379 κακίᾳ
3733 2323 3801 2362 το

2220 2397 2380 2451 πλέον
2416 2397 2595 2468 νέμων
2654 2401 3011 2470 προσποιήσει
3078 2398 3355 2470 διαϐολῆς.
3411 2398 3523 2452 Kal
3580 2398 3679 2453 νῦν
3727 2399 3794 2469 δὴ

2220 2489 2503 2561 ἄνθρωπον
2538 2490 2705 2560 αὐτὴν
2740 2490 3094 2561 πεποιηκέναι
3133 2490 3302 2560 λέγει,
3335 2491 3396 2544 τὸ
3426 2489 3797 2560 βασιλικώτα-

2218 2597 2308 2633 τον
2342 2581 2435 2634 καὶ
2484 2580 2857 2653 ἀρχικώτατον
2899 2582 3112 2636 πάντων
3144 2582 3209 2655 δὴ
3252 2580 3361 2636 τῶν
3403 2583 3462 2634 ὲν
3500 2580 3579 2652 τῷ
3607 2599 3797 2653 σωμα-

2218 2673 2356 2745 τικῷ
2384 2675 2572 2746 κόσμῳ
2606 2673 2781 2741 ζώων,
2820 2673 2914 2728 ἅτε
2957 2673 3022 2746 δὴ
3068 2674 3227 2745 μόνον
3279 2673 3495 2744 λογικὸν
3522 2674 3792 2746 ὑπάρχον,

2219 2769 2314 2821 καὶ
2337 2766 2638 2838 θαυμάσιον
2675 2766 2752 2838 τῷ
2781 2786 2840 2821 τε
2884 2765 3129 2837 λογισμῷ
3156 2766 3254 2838 τῆς
3289 2765 3506 2836 φύσεως
3547 2766 3640 2820 καὶ
3677 2770 3797 2830 τοῖς

2220 2856 2664 2927 ἐπιτηδεύμασιν.
2734 2856 3032 2925 Ἐπαπορεϊ
3103 2856 3202 2928 μὲν
3272 2855 3335 2912 δὴ
3384 2857 3479 2911 καὶ
3523 2857 3648 2924 περὶ
3693 2854 3795 2911 τοῦ

2221 2949 2422 3013 παντὸς
2450 2949 2675 3021 κόσμου,
2700 2950 2793 3003 τοῦ
2827 2949 2986 3022 χάριν
3016 2949 3255 3019 ἐγένετο.

2290 3042 2423 3115 Περὶ
2469 3042 2527 3096 δὲ
2586 3042 2872 3114 ἀνθρώπου
2924 3042 3187 3098 δεικνύειν
3230 3043 3544 3115 ἐπιχειρῶν,
3578 3042 3653 3106 ὡς
3693 3043 3798 3098 οὒκ

2220 3131 2335 3186 ἔστι
2371 3132 2592 3201 πλάσμα
2640 3131 2797 3197 Θεοῦ,
2843 3135 2985 3186 κινεῖ
3034 3132 3133 3203 μὲν
3184 3133 3425 3203 ἀνοήτως
3469 3132 3565 3185 καὶ
3607 3132 3790 3201 ἕτερα.

554 3222 1126 3290 ιιιειιιεεεριιοηιοάο,
1172 3225 1372 3298 inquit,
1422 3228 1566 3283 dedit
1611 3230 1750 3285 Deus
1794 3231 1924 3285 Adre
1966 3249 2118 3286 man-

2222 3222 2349 3289 Πῶς
2388 3222 2456 3276 δὲ
2498 3224 2597 3277 καὶ
2646 3223 2910 3292 ἐντολὴν
2940 3223 3166 3290 ἐδίδου,
3198 3224 3394 3296 φησὶν,
3448 3226 3482 3278 ό
3517 3223 3660 3290 Θεὸς
3715 3222 3796 3290 τῷ

553 3309 778 3370 datum?
805 3314 1032 3368 alterum
1062 3317 1201 3371 enim
1238 3333 1303 3372 ea:
1343 3318 1547 3375 duobus
1598 3338 1801 3377 necesse
1843 3331 1922 3377 est
1963 3338 1982 3375 :
2027 3333 2119 3376 aut

553 3408 893 3479 cognoscebat
941 3410 1079 3480 quod
1124 3422 1554 3482 transgressurus
1604 3426 1760 3479 esset,
1805 3425 1855 3471 et
1895 3417 1971 3470 sic
2017 3434 2122 3472 non

554 3498 729 3553 solum
755 3501 962 3570 frustra
995 3512 1044 3556 et
1072 3503 1311 3558 inaniter
1337 3504 1503 3569 dedit,
1529 3506 1618 3561 sed
1646 3508 1754 3576 ipse
1779 3518 1854 3562 est
1880 3509 1936 3562 in
1967 3510 2124 3578 culpa

553 3600 604 3647 et
663 3609 781 3647 reus
828 3595 1029 3662 peccati
1077 3596 1222 3649 illius
1256 3614 1275 3651 :
1329 3608 1420 3651 aut
1469 3599 1515 3651 si
1567 3598 1779 3652 dicatur
1828 3599 2119 3669 ignorasse,

552 3699 759 3740 necesse
792 3694 869 3740 est
899 3685 1090 3748 dicere,
1129 3687 1291 3742 Deum
1321 3690 1622 3759 ignorantia
1648 3691 1928 3758 prrrditum
1955 3710 2067 3747 esse
2102 3711 2121 3748 :

553 3785 615 3831 ut
645 3778 757 3846 jam
787 3779 1101 3834 mandatum
1141 3781 1359 3852 quidem
1393 3797 1423 3835 a
1455 3783 1718 3852 nequitia,
1754 3790 1812 3837 ut
1841 3784 2118 3853 opinatur,

552 3868 739 3924 datum
784 3871 945 3926 fuerit
985 3872 1052 3925 ad
1100 3872 1466 3927 insidiandum
1522 3873 1749 3936 homini,
1801 3884 1850 3929 et
1900 3891 2011 3931 non
2054 3876 2121 3929 ad

554 3961 720 4015 aliain
768 3978 927 4016 usum
965 3981 978 4017 :
1015 3962 1261 4032 adiutum
1305 3979 1436 4019 vero
1480 3978 1805 4035 magnopere
1848 3964 2038 4031 fuisse,
2068 3975 2124 4022 et

551 4054 846 4108 liberatum
882 4054 1178 4118 hominem,
1207 4072 1329 4111 cum
1360 4055 1593 4111 credidit
1627 4057 1858 4111 consilio
1897 4074 2123 4127 serpen-

556 4146 648 4210 tis,
679 4161 839 4215 quem
880 4147 1130 4216 angelum
1166 4146 1260 4203 Dei
1293 4163 1416 4204 esse
1443 4147 1708 4203 decernit.
1738 4147 1923 4204 Caseus
1959 4150 2119 4214 enim,

554 4235 754 4304 inquit,
790 4245 925 4289 erat.
959 4235 1092 4291 Cum
1132 4246 1305 4292 autem
1352 4249 1614 4309 gustasset
1649 4241 1884 4306 vetitum,
1934 4258 2123 4311 cogno-

553 4328 627 4381 uit
660 4344 716 4381 se
747 4343 858 4381 esse
902 4327 1120 4393 nudum,
1162 4338 1209 4383 et
1250 4336 1543 4400 tegumenta
1585 4331 1792 4386 invento
1830 4348 1955 4386 usus
1997 4343 2122 4394 est;

553 4419 891 4491 cognouitque
947 4417 1139 4473 bonum
1178 4429 1228 4474 et
1276 4420 1498 4476 malum.
1547 4420 1638 4477 Sic
1684 4439 1934 4494 magnam
1989 4425 2123 4492 cepit

554 4509 862 4565 utilitatem.

627 4621 922 4687 Quomodo,
962 4621 1172 4690 inquit,
1208 4621 1376 4676 Deum
1405 4621 1547 4677 decet
1569 4664 1584 4689 ,
1616 4633 1674 4677 ut
1697 4624 1839 4678 dicat
1879 4639 1898 4678 :
1936 4644 1955 4676 ι
1991 4625 2124 4681 Ecce

554 4709 729 4766 Adam
779 4711 952 4781 {actus
999 4719 1077 4766 est
1115 4721 1372 4780 tanquam
1425 4728 1564 4766 unus
1609 4728 1675 4768 ea:
1735 4714 1906 4777 nobis,
1954 4716 2122 4772 sciens

557 4801 748 4856 bonum
773 4812 824 4857 et
852 4804 1052 4858 malum
1083 4805 1218 4860 ¹¹·¹⁶.
1264 4802 1421 4858 Nunc
1453 4813 1628 4859 autem
1661 4822 1724 4860 ne
1770 4805 1908 4875 forte
1947 4808 2124 4862 mittat

556 4909 771 4950 manum
805 4913 977 4962 suam,
1007 4905 1058 4950 et
1100 4906 1275 4952 sumat
1303 4897 1465 4952 etiant
1506 4898 1569 4952 de
1608 4897 1749 4969 ligno
1794 4899 1933 4962 vitae,
1961 4907 2011 4954 et
2038 4916 2127 4954 co-

557 4984 754 5047 medat,
778 4994 828 5039 et
884 4987 1021 5039 vivat
1050 4986 1106 5040 in
1140 4988 1442 5041 aeternum?
1476 5006 1495 5038 ι
1524 4987 1586 5042 Si
1620 4988 1759 5042 enim
1799 4996 2004 5057 poterat
2043 5006 2126 5045 reo

555 5093 807 5149 cuperare
854 5077 1330 5143 immortalitatem,
1357 5079 1567 5135 invidus
1596 5081 1719 5147 fuit,
1753 5082 1843 5152 qui
1867 5097 1932 5137 ea:
1958 5099 2124 5152 para~

556 5170 674 5226 diso
731 5170 899 5225 uirum
948 5168 1137 5237 ejecit,
1180 5179 1231 5224 et
1289 5188 1323 5224 a
1367 5172 1772 5241 participatione
1822 5174 1953 5245 ligni
2006 5175 2124 5230 vita:

555 5262 822 5326 exclusit,
876 5277 977 5332 quo
1037 5262 1355 5334 participato
1405 5279 1608 5334 semper
1666 5258 2125 5321 immortalitatem

557 5356 748 5411 habere
776 5363 997 5424 poterat.

632 5512 749 5544 ⁸¹·¹⁸
787 5511 923 5567 Gen.
961 5526 1055 5578 ιιι,
1087 5509 1180 5567 22.

631 5667 743 5736 (30)
783 5670 1005 5737 Παραϐ.
1053 5666 1252 5723 Omisit
1304 5664 1573 5737 Interpres
1621 5668 1735 5721 litec
1779 5668 1960 5729 verba,
2006 5683 2127 5737 qua:

560 5734 667 5789 Titi
706 5734 1083 5807 argumentum
1132 5737 1429 5793 coniiciunt
1454 5734 1479 5793 ξ
1516 5738 1646 5792 Cum
1677 5734 2129 5807 transgrederetur

560 5806 869 5860 mandatum
898 5808 1016 5867 Dei.
1049 5810 1136 5877 qui
1166 5810 1333 5877 ipsum
1369 5819 1516 5864 tanta
1551 5826 1666 5864 cum
1698 5808 1959 5877 sapientia
1983 5824 2129 5862 cred-

2235 3316 2437 3386 Ἆδὰμ;
2461 3316 2632 3371 δυοῖν
2660 3316 2758 3370 καὶ
2787 3315 3058 3385 θάτερον,
3080 3316 3119 3386 ἣ
3147 3317 3476 3387 ἐγίνωσκεν
3502 3317 3585 3384 ὡς
3610 3333 3795 3387 παρα-

2222 3410 2466 3478 ϐήσεται
2487 3451 2501 3474 ,
2531 3409 2630 3463 καὶ
2658 3412 2730 3464 οὐ
2770 3409 2973 3479 μάτην
2998 3411 3192 3480 μόνον
3224 3408 3426 3463 ἐδίδου
3445 3448 3461 3472 ,
3503 3409 3666 3464 ἀλλὰ
3692 3407 3791 3463 καὶ

2220 3503 2407 3567 αἴτιος
2440 3503 2625 3557 αὐτοῦ
2650 3519 2663 3531 ·
2703 3502 2742 3572 ἢ
2777 3502 3113 3573 ἀγνοοῦντα
3149 3501 3369 3572 λέγειν,
3414 3501 3649 3572 ἀνάγκη
3686 3502 3795 3556 τὸν

2224 3596 2371 3649 Θεὸν
2398 3595 2613 3664 ἀγνοίᾳ
2646 3594 3139 3663 περιϐεϐλῆσθαι·
3174 3595 3248 3659 ὡς
3279 3594 3377 3667 τὴν
3402 3594 3623 3666 ἐντολὴν
3647 3594 3792 3648 δεδό-

2223 3685 2345 3738 σθαι
2393 3685 2509 3756 μὲν,
2538 3687 2618 3749 εἰς
2655 3686 2942 3756 ἐπιϐουλὴν
2983 3687 3040 3740 δὲ
3067 3686 3160 3741 τοῦ
3193 3686 3480 3760 ἀνθρώπου
3514 3686 3652 3759 πρὸς
3690 3685 3793 3757 τῆς

2222 3778 2446 3842 κακίας,
2477 3777 2553 3841 ὡς
2584 3777 2754 3831 οἴεται
2775 3818 2789 3841 ,
2824 3778 2918 3831 καὶ
2966 3777 3181 3841 οὐδενὸς
3225 3778 3411 3847 ἐτέρου
3431 3794 3445 3808 ·
3475 3775 3791 3847 ὠφελῆσθαι

2220 3872 2278 3924 δὲ
2306 3871 2376 3924 τὰ
2412 3871 2642 3942 μέγιστα
2675 3870 2770 3924 καὶ
2798 3868 3202 3941 ἠλευθερῶσθαι
3228 3870 3320 3922 τὸν
3349 3868 3635 3941 ἄνθρωπον
3669 3885 3791 3921 πει-

2222 3961 2417 4016 σθέντα
2465 3961 2742 4033 συμϐουλῇ
2772 3960 2866 4014 τοῦ
2911 3960 3108 4030 ὄφεως,
3159 3958 3219 4014 ὃν
3255 3958 3488 4028 ἄγγελον
3529 3953 3666 4013 εἶναι
3696 3956 3790 4010 τοῦ

2221 4053 2426 4121 ἀγαθοῦ
2458 4053 2749 4126 διορίζεται
2768 4070 2783 4086 ·
2815 4053 3050 4123 Τυφλὸς
3075 4052 3192 4124 μὲν
3212 4054 3322 4122 γὰρ
3342 4048 3441 4124 ἦν,
3472 4053 3608 4125 φησι
3625 4070 3638 4082 ·
3662 4068 3791 4122 γει·-

2222 4144 2486 4214 σάμενος
2518 4144 2586 4199 δέ
2630 4145 2737 4200 τοῦ
2778 4145 3269 4217 ἀπηγορευμένου
3290 4184 3306 4209 ,
3351 4141 3510 4198 εἶδεν
3552 4144 3789 4207 ἑαυτὸν,

2223 4237 2313 4290 ὅτι
2344 4236 2568 4307 γυμνὸς
2590 4233 2670 4308 ἦν
2687 4252 2702 4267 °
2730 4236 2831 4293 καὶ
2851 4236 3047 4307 σκέπῃ
3070 4236 3145 4305 τῇ
3167 4237 3475 4306 εὐρεθείσῃ
3504 4235 3789 4307 κατεχρή-

2223 4344 2373 4381 σατο
2391 4344 2406 4359 ο
2442 4329 2541 4382 καὶ
2568 4328 2720 4399 ἔγνω
2750 4330 3012 4400 τάγαθόν
3037 4346 3101 4383 τε
3133 4328 3231 4383 καὶ
3262 4328 3329 4383 τὸ
3361 4330 3569 4383 κακόν.
3598 4328 3792 4393 οὕτως

2218 4416 2486 4487 μάλιστα
2529 4417 2856 4488 ὠφέληται,
2899 4418 3322 4500 παραϐεϐηκὼς
3348 4418 3459 4492 (50)
3502 4418 3572 4473 τὸ
3612 4419 3791 4488 πρόσ-

2224 4525 2416 4578 ταγμα
2446 4508 2552 4563 τοῦ
2584 4509 2916 4579 ἐπιϐούλως
2948 4510 3316 4578 πλάσαντος.

2296 4621 2428 4690 Πῶς
2455 4622 2543 4688 δὲ,
2567 4626 2725 4695 φησὶ,
2747 4624 2960 4695 πρέποι
2989 4626 3110 4693 Θεῷ
3131 4625 3332 4697 λέγειν
3350 4643 3364 4657 ο
3385 4645 3404 4678 ι
3441 4625 3588 4682 Ἰδοὺ
3624 4625 3795 4694 Ἀδὰμ

2226 4714 2471 4785 γέγονεν
2496 4716 2577 4784 ὠς
2601 4713 2690 4783 εἷς
2710 4718 2779 4783 ἐξ
2814 4717 2983 4788 ήμῶν
3008 4719 3115 4773 τοῦ
3144 4717 3462 4789 γινώσκειν
3480 4717 3680 4772 καλὸν
3698 4716 3795 4771 καὶ

2226 4809 2494 4877 πονηρόν
2509 4826 2528 4874 ;
2544 4809 2788 4883 Καινῦν
2797 4810 3034 4881 μήποτε
3049 4811 3319 4878 ἐκτείνας
3336 4810 3451 4880 τὴν
3460 4810 3630 4880 χεῷα
3643 4808 3794 4879 λάϐῃ

2226 4897 2333 4951 τοῦ
2346 4896 2535 4962 ξύλου
2563 4898 2673 4969 τῆς
2685 4899 2854 4969 ζωῆς,
2879 4902 2975 4955 καὶ
2990 4900 3178 4971 φάγῃ,
3201 4902 3305 4955 καὶ
3333 4900 3570 4967 ζήσεται
3584 4903 3679 4967 είς
3692 4900 3796 4953 τὸν

2226 4984 2429 5044 αὶῶνα.
2467 4992 2570 5044 ,σει
2599 4994 2710 5062 γὰρ
2731 4991 2882 5061 ἐνῆν
2915 4993 3259 5049 ἀθανασίαν
3283 4993 3633 5057 ἀπολαϐεῖν,
3658 4996 3796 5062 φθο-

2227 5083 2402 5150 νερύς
2422 5082 2493 5137 δέ
2514 5087 2546 5137 ό
2577 5082 2920 5149 ἐξελαύνων
2944 5086 3050 5140 τοῦ
3073 5066 3441 5154 παραδείσου
3457 5084 3566 5139 τὸν
3585 5084 3792 5152 ἄνδρα·

2229 5174 2329 5228 καὶ
2362 5175 2699 5230 ἀποκλείων
2738 5175 2897 5243 αὐτῷ
2934 5177 3050 5246 τὴν
3081 5178 3412 5248 μετουσίαν
3456 5177 3565 5232 τοῦ
3608 5176 3797 5242 {om

2230 5265 2341 5335 τῆς
2391 5267 2571 5337 ζωῆς,
2606 5265 2679 5326 οὗ
2720 5271 2990 5341 μετέχων
3039 5275 3106 5338 ἐς
3170 5274 3262 5328 ἀεὶ
3316 5273 3433 5343 τὴν
3461 5273 3799 5328 ἀθανασίαν

2234 5358 2398 5428 ἔχειν
2428 5356 2554 5428 οἶός
2587 5380 2651 5417 τε
2686 5360 2786 5434 ἦν.

2233 5677 2398 5723 verat.
2430 5666 2826 5742 Ridct_scilicet
2850 5668 3005 5725 Titus
3029 5668 3377 5742 Manio-lituos.
3394 5672 3488 5742 qui
3511 5671 3801 5727 utilitatem

2235 5756 2298 5794 cx
2332 5748 2555 5809 peccato
2580 5740 2803 5797 ﬂuxisse
2837 5744 3206 5798 autumabant.
3248 5739 3435 5795 Bis-.1."
