4038 6288
296 440 436 501 1215

312 603 767 621 ἡ*

1302 452 1668 509 Αονιῖιιδυε
1705 434 2126 514 Mammeos
2162 457 2291 515 LIB.
2331 459 2422 516 ut.

772 609 3491 648 .__.___.________—_______________________

3384 469 3521 525 1214

1409 775 1761 867 LIBER
1833 778 2385 873 TERTIUS.

730 1055 858 1111 CAP.
896 1055 938 1111 1.
979 1055 1262 1112 Μαηὶοίιωὶ
1301 1056 1455 1118 Vetus
1489 1056 1878 1114 Testamentum
1906 1061 2345 1115 calumniantur:
2377 1057 2660 1131 Evangelia
2684 1063 3084 1120 circumcidunt.

378 1170 831 1244 Ἐξεργασώμεθα
851 1173 907 1226 δὲ
928 1174 1129 1228 καὶτὸν
1152 1176 1279 1247 περὶ
1300 1175 1389 1228 τὸν
1416 1177 1577 1247 νόμον
1601 1176 1852 1251 μετρίως,

2026 1177 2318 1251 Postquam
2360 1186 2540 1234 autem
2580 1180 2647 1236 de
2683 1183 2951 1254 principio
2976 1186 3215 1243 breviter
3250 1189 3519 1247 disserui-

289 1266 373 1330 είς
416 1266 507 1319 τὸν
542 1268 667 1338 περὶ
711 1267 808 1338 τῆς
839 1267 1011 1337 ἀρχῆς
1040 1267 1381 1338 κεκινημένοι
1422 1268 1579 1337 λόγον
1607 1285 1621 1298 °
1663 1268 1854 1322 ἀποδὲ-

292 1356 486 1428 χεσθαι
532 1357 640 1429 γὰρ
683 1357 995 1428 νενομίκασι
1045 1358 1107 1411 τὸ
1155 1357 1511 1427 Εὐαγγέλιον·
1545 1358 1853 1431 μέμφεσθαι

292 1449 351 1503 δὲ
381 1449 745 1504 ἐσπουδάκασι
796 1449 873 1520 τῷ
902 1449 1051 1520 νόμῳ
1082 1450 1176 1503 καὶ
1221 1453 1334 1514 τοῖς
1388 1455 1690 1522 προφήταις
1712 1469 1724 1480 ·
1761 1452 1855 1505 καὶ

292 1542 474 1595 πᾶσαν
502 1540 599 1612 μὲν
629 1540 1013 1611 διαϐεϐλήκασι
1059 1541 1159 1612 τὴν
1200 1540 1443 1595 Παλαιὰν
1466 1584 1479 1607 ,
1516 1543 1765 1614 τιμήσειν
1796 1542 1853 1596 δὲ

294 1633 684 1704 ὑπονενοήκασι
710 1632 778 1685 τὰ
802 1632 1132 1702 Εὐαγγέλια,
1170 1632 1622 1705 σχηματιζόμενοι
1657 1634 1853 1706 μᾶλλον

291 1725 392 1795 τὴν
428 1725 534 1778 τῶν
581 1725 924 1794 Εὑαγγελίων
972 1726 1168 1797 τιμήν·
1221 1726 1308 1780 ἵνα
1338 1726 1428 1780 τὸν
1482 1726 1853 1799 σχηματισμὸν

289 1813 485 1888 δέλεαρ
516 1814 622 1868 τῶν
667 1815 1039 1885 ἀπατωμένων
1079 1815 1336 1871 λάϐωσιν.
1368 1817 1502 1870 Οὐδὲ
1531 1816 1639 1889 γὰρ
1668 1817 1851 1888 ἐπειδὴ

293 1905 655 1959 συντέθεινται
683 1908 796 1969 τοῖς
831 1906 1200 1976 Εὐαγγελίοις,
1240 1909 1405 1979 τιμᾷν
1439 1907 1754 1979 ὁμολογοῦσι
1787 1908 1854 1961 τὰ

289 1995 629 2066 Εὐαγγέλια⁸
678 1997 793 2051 ἀλλ’
855 1997 1043 2069 ἐπειδὴ
1089 1998 1374 2070 τετίμηται
1423 1998 1482 2051 τὸ
1535 1998 1703 2069 ὄνομα
1757 1998 1850 2052 τοῦ

305 2088 502 2160 Ἰησοῦ.
560 2089 1006 2162 προσποιοῦνταυ
1055 2090 1161 2144 ἔδει
1198 2090 1307 2161 γὰρ
1352 2091 1579 2154 αὐτοὺς,
1628 2090 1743 2159 εῐγε
1784 2089 1851 2144 τά

294 2177 604 2248 Εὐαγγέλια
659 2179 880 2249 ἐτίμων,
920 2179 993 2250 μὴ
1041 2178 1383 2250 περιτέμνειν
1419 2178 1486 2232 τὰ
1529 2179 1849 2247 Εὑαγγέλια,

295 2270 369 2341 μὴ
403 2270 539 2346 μέρη
571 2270 677 2324 τῶν
712 2269 1057 2339 Εὐαγγελίων
1077 2269 1370 2339 ὲξυφελείν,
1400 2270 1473 2341 μὴ
1499 2271 1657 2342 ἕτερα
1687 2288 1853 2342 προσ-

291 2362 481 2429 θεῖναι,
528 2364 662 2435 μήτε
708 2363 848 2433 λόγῳ
897 2364 1033 2434 μήτε
1066 2362 1171 2435 ἰδίᾳ
1212 2360 1404 2434 γνώμῃ
1432 2363 1499 2416 τὰ
1547 2361 1851 2431 Εὐαγγέλια

290 2455 680 2525 προσγράφειν.
699 2455 1076 2523 Οὑδὲγλῶσσα
1095 2454 1208 2535 ἔχει
1230 2454 1297 2509 τὰ
1321 2454 1627 2523 Εὑαγγέλια
1655 2454 1844 2520 ταῦτα,

288 2548 385 2600 καὶ
441 2545 740 2615 ἀναγνώσει
800 2525 1226 2619 παραπέμπουσι
1251 2563 1263 2578 ’
1324 2549 1848 2618 προσγεγραφήκασι
1879 2525 1921 2580 Β

289 2636 421 2706 γοῦν
447 2638 546 2691 ὅσα
598 2636 978 2708 βεϐούληνται,
1019 2637 1113 2691 καὶ
1156 2635 1500 2704 ὲξυφείλαντο
1538 2638 1636 2690 ὅσα
1666 2637 1853 2709 κεκρί-

289 2746 418 2786 κασι
441 2746 455 2761 ⁸
488 2731 582 2783 καὶ
620 2730 803 2783 λοιπὸν
846 2729 1089 2800 ὀνόματι,
1116 2731 1209 2784 καὶ
1252 2730 1310 2783 ὲν
1341 2728 1514 2801 τούτῳ
1544 2729 1846 2799 ψεύδονται,

288 2818 512 2873 καλοῦσι
563 2819 622 2872 τὸ
675 2819 1024 2888 Εὑαγγέλιον,
1065 2819 1125 2872 τὸ
1163 2818 1320 2890 σῶμα
1367 2817 1461 2871 τοῦ
1517 2817 1847 2887 Εὑαγγελίου

293 2912 371 2985 μὴ
410 2911 769 2984 τετηρηκότες
803 2912 982 2983 σῶμα,
1030 2912 1143 2965 ἀλλ’
1181 2913 1363 2982 ἕτερον
1394 2911 1552 2982 σῶμα
1586 2910 1847 2983 γραμμά-

285 3022 418 3071 των,
465 3006 623 3077 μέχρι
665 3004 760 3059 τοῦ
809 3007 1069 3078 ὀνόματος
1114 3006 1207 3060 τοῦ
1256 3006 1583 3075 Εὑαγγελίου
1628 3005 1848 3074 φθάνον,

287 3099 647 3167 πεποιηκότες
672 3102 790 3163 ταῖς
831 3100 986 3163 ίδίαις
1017 3099 1319 3170 βουλήσεσι.
1356 3099 1554 3163 Μεῖζον
1602 3099 1710 3168 γὰρ
1741 3096 1849 3151 τῶν

288 3190 463 3261 ἄλλων
488 3189 594 3261 (51)
627 3190 924 3261 ὴτιμάκασι
957 3190 1025 3243 τά
1067 3190 1406 3258 Εὐαγγέλιαο
1436 3191 1487 3242 οἱ
1527 3190 1624 3261 μὲν
1648 3188 1756 3261 γὰρ
1787 3189 1846 3241 οὺ

289 3281 551 3351 δέχονται,
595 3280 689 3334 καὶ
735 3280 810 3352 μὴ
852 3281 1129 3353 δεχόμενοι
1160 3282 1220 3334 οὐ
1256 3281 1673 3351 διαφθείρουσιν,
1717 3281 1851 3334 ἀλλὰ

292 3372 448 3443 μόνον
489 3371 851 3435 ἀποσείονται,
903 3372 963 3425 οὐ
1027 3372 1126 3443 μὲν
1179 3372 1273 3426 καὶ
1330 3371 1689 3443 ἐμϐα-δεύουσι
1739 3374 1851 3435 τοῖς

286 3465 636 3535 γράμμασινο
667 3467 715 3518 οἱ
748 3464 802 3517 δὲ
834 3464 1111 3536 εἰληφέναι
1148 3465 1447 3530 δοκοῦντες,
1477 3465 1848 3527 ἐνεϐάτευσαν,

287 3558 675 3629 ἐνεχόρευσαν,
738 3559 1174 3629 ὲνεκαπήλευσαν
1226 3560 1340 3621 τοῖς
1387 3557 1710 3629 γράμμασι·
1759 3559 1852 3612 καὶ

286 3650 499 3720 γοήτων
524 3648 661 3720 ἔργα
685 3650 780 3702 καλ⁸
814 3650 1067 3721 πονηρῶν
1095 3649 1437 3721 δεδράκασιν.
1476 3649 1702 3702 Ἐκεῖνοι
1732 3650 1854 3720 ἡπί-

288 3758 513 3813 στησαν,
545 3740 672 3811 ψιλῇ
700 3742 764 3811 τῇ
822 3742 1049 3812 ἀπιστίᾳ
1080 3741 1406 3812 κέχρηνται⁶
1442 3740 1477 3794 ἃ
1518 3741 1591 3812 μὴ
1634 3742 1851 3796 πιστεύ-

286 3848 428 3895 ουσι,
479 3831 822 3902 φιλολογῆσαι
873 3832 972 3885 οὐκ
1021 3832 1340 3903 ἠνέσχοντο“
1399 3828 1563 3897 οὗτοι,
1599 3835 1656 3887 ὲν
1704 3834 1850 3905 μέσῳ
1876 3857 1917 3912 ς

285 3922 585 3993 γενόμενοι,
616 3921 762 3975 λύειν
794 3923 892 3994 τὴν
928 3922 1192 3994 ἁρμονίαν
1240 3924 1717 3996 ἐπικεχειρήκασι·
1750 3943 1846 3980 κα-

286 4013 502 4067 ταλύειν
533 4014 624 4066 τὸν
663 4013 864 4086 ῥυθμὸν
909 4014 1271 4086 τετολμήκασι
1316 4017 1699 4087 τεχνασμένοις
1746 4035 1849 4088 μα-

288 4106 545 4178 θήμασιν,
574 4107 827 4161 ὑπόθεσιν
855 4108 1068 4179 ἀπάτης
1102 4108 1164 4161 τὸ
1189 4107 1358 4178 ὄνομα
1389 4108 1483 4162 τοῦ
1510 4109 1843 4178 Εὑαγγελίου

289 4199 779 4270 παρεσκευακότες.
809 4200 874 4252 Εἰ
902 4198 1010 4271 γὰρ
1040 4198 1256 4270 ᾔδεισαν
1287 4199 1348 4252 τὸ
1369 4199 1720 4269 Εὑαγγέλιον,
1747 4199 1847 4253 οὐκ

286 4289 514 4358 ἠγνόουν
538 4289 627 4343 τὸν
655 4289 817 4361 νόμον
837 4307 850 4319 ·
882 4292 928 4343 εί
972 4288 1030 4343 δὲ
1080 4289 1350 4361 ἠγνόησαν
1381 4290 1471 4344 τὸν
1512 4290 1694 4361 νόμον,
1730 4290 1847 4354 πῶς

288 4380 380 4435 τὸν
415 4380 618 4454 Ἰησοῦν
644 4380 1035 4453 παρεδέξαντο;
1064 4380 1184 4452 δίχα
1214 4379 1322 4453 γὰρ
1355 4381 1520 4452 νόμου
1554 4380 1758 4453 Ἰησοῦς
1784 4382 1844 4436 οὐ

291 4471 801 4544 παραλαμϐάνεται·
835 4473 865 4525 ό
908 4473 1015 4545 γὰρ
1044 4473 1104 4525 τὸ
1147 4472 1298 4537 τέλος
1337 4472 1514 4526 ποθῶν
1539 4473 1635 4543 τὴν
1666 4474 1840 4545 ἀρχὴν

289 4564 739 4636 περιεργάζεται·
798 4566 826 4619 ὁ
870 4565 927 4619 δὲ
968 4565 1069 4636 τῆς
1127 4566 1298 4638 ἀρχῆς
1344 4566 1623 4638 γινόμενος
1682 4567 1850 4638 ὑπερ-

287 4656 460 4728 όπτης
490 4656 809 4722 κενοπαθετ,
855 4656 1144 4726 κενολογεὶζ
1176 4657 1313 4729 πρὸς
1365 4657 1514 4721 τέλος
1545 4657 1850 4727 ἄφιξινιούκ

286 4746 420 4819 ἔχει.

1955 1286 2099 1335 mus,
2137 1279 2533 1343 pertractemus
2574 1277 2928 1344 quaestionem
2972 1279 3040 1335 de
3068 1280 3185 1351 lege
3215 1299 3229 1336 :
3264 1281 3516 1341 decreve—

1953 1374 2082 1418 runt
2122 1365 2266 1419 enim
2332 1368 2584 1437 amplecti
2635 1368 3029 1441 Evangelium;
3063 1372 3234 1443 legem
3280 1390 3411 1431 vero
3462 1385 3517 1431 et

1953 1457 2245 1527 prophetas
2274 1458 2670 1526 reprehendere
2708 1462 3055 1517 studuerunt.
3078 1462 3162 1517 Ac-
3191 1472 3365 1519 totum
3393 1467 3520 1536 qui-

1953 1545 2074 1602 dem
2107 1546 2289 1603 °Vetus
2326 1546 2733 1604 Testamentum
2777 1552 3095 1606 calumniati
3141 1562 3296 1621 sunt,
3336 1554 3521 1611 Evan-

1951 1640 2087 1710 gelia
2141 1655 2270 1696 vero
2315 1641 2584 1698 honorare
2633 1658 2692 1698 se
2756 1644 3017 1713 suspicati
3063 1652 3210 1710 sunt,
3254 1645 3517 1704 honorem

1953 1734 2133 1805 potius
2168 1734 2579 1806 Evangeliorum
2613 1736 2934 1793 simulantes
2965 1755 2980 1806 ;
3022 1746 3083 1793 ut
3112 1746 3256 1795 esset
3287 1740 3521 1795 simula-

1953 1827 2031 1883 tio
2107 1827 2526 1882 invitamentum
2585 1842 2772 1883 eorum
2823 1844 2962 1899 quos
3023 1831 3356 1900 deciperent.
3405 1829 3519 1887 Nec

1950 1916 2095 1972 enim
2156 1917 2281 1986 quia
2325 1920 2702 1973 assentiuntur
2754 1919 3079 1991 Evangeliis,
3133 1929 3405 1977 honorare
3456 1936 3517 1977 se

1952 2006 2244 2078 Evangelia
2291 2008 2620 2064 conﬁtentur
2652 2028 2665 2062 :
2699 2011 2828 2080 quin
2859 2012 3039 2081 potius
3076 2012 3203 2081 quia
3245 2012 3517 2068 honorant

1950 2113 2145 2153 nomen
2168 2097 2317 2164 Jesu,
2350 2099 2554 2171 ﬁngunt
2578 2101 2836 2156 honorem
2862 2101 3278 2171 Evangeliorum
3311 2117 3325 2157 :
3354 2118 3513 2173 opor'

1950 2190 2097 2245 tebat
2136 2199 2317 2247 autem
2345 2208 2460 2255 eos,
2495 2194 2539 2249 si
2572 2194 2789 2264 quidem
2830 2192 3120 2264 Evangelia
3149 2194 3517 2260 honorabant,

1948 2297 2055 2337 non
2092 2283 2481 2339 circumcidere
2503 2286 2791 2355 Evangelia
2818 2302 2834 2352 ;
2872 2301 2984 2340 non
3014 2286 3228 2340 demere
3255 2287 3321 2340 de
3343 2284 3513 2340 Evan.

1950 2370 2127 2441 geliis,
2162 2386 2268 2424 non
2305 2372 2409 2425 alia
2444 2388 2738 2444 apponere,
2775 2389 2949 2443 neque
2988 2374 3170 2429 verbis
3201 2383 3255 2429 et
3294 2375 3517 2445 propria

1950 2461 2216 2515 sententia
2270 2461 2557 2533 Evangelia
2607 2464 2903 2519 ascribere.
2965 2463 3077 2518 Nec
3133 2466 3276 2519 enim
3321 2479 3512 2519 eorum

1948 2553 2130 2622 lingua
2178 2553 2290 2608 haec
2334 2553 2620 2622 Evangelia
2666 2554 2859 2617 habet,
2899 2560 2952 2608 et
2990 2569 3177 2608 eorum
3228 2555 3511 2609 lectionem

1949 2646 2388 2715 prmtermittnnt.
2424 2646 2812 2716 Ascripserunt
2838 2646 3022 2716 itaque
3050 2661 3385 2717 quaecunque
3417 2661 3513 2701 vo-

1950 2737 2192 2802 luerunt,
2226 2746 2279 2792 et
2322 2738 2672 2793 detraxerunt
2716 2753 3052 2809 quaecunque
3082 2738 3462 2806 judicaverunt
3493 2754 3508 2793 :

1949 2835 2004 2882 et
2039 2835 2227 2898 postea
2281 2828 2502 2883 nomine
2536 2829 2807 2899 appellant
2853 2822 3138 2898 Evangelia
3181 2828 3272 2896 qui
3314 2839 3512 2896 corpus

1949 2915 2227 2987 Evangelii
2258 2932 2367 2971 non
2406 2925 2780 2980 servaverunt,
2804 2917 2898 2972 sed
2930 2918 3108 2988 potius
3137 2914 3283 2970 aliud
3309 2929 3511 2985 corpus

1948 3010 2274 3069 litterarum.
2304 3008 2450 3080 quod
2484 3024 2654 3079 usque
2678 3009 2745 3063 ad
2769 3025 2964 3066 nomen
2990 3018 3199 3065 tantum
3235 3007 3510 3080 Evangelii

1950 3102 2230 3172 pertingit,
2276 3102 2497 3172 prepria
2545 3104 2816 3158 voluntate
2865 3103 3130 3159 fecerunt.
3175 3101 3305 3157 Plus
3364 3099 3511 3155 enim

1953 3208 2113 3262 quam
2138 3193 2368 3262 gentiles
2403 3191 2688 3262 Evangelia
2718 3192 3188 3246 inhonoraverunt
3224 3209 3238 3246 :
3278 3190 3356 3244 illi
3398 3205 3510 3244 non

1950 3284 2221 3352 recipiunt
2243 3323 2257 3344 ,
2286 3290 2339 3338 et
2366 3298 2475 3337 non
2509 3282 2818 3352 recipiendo
2848 3300 2955 3338 non
2983 3288 3341 3350 corrumpunt
3361 3320 3377 3345 ,
3414 3280 3509 3336 sed

1951 3378 2125 3432 solum
2176 3376 2433 3446 rejiciunt
2461 3414 2475 3439 ,
2529 3390 2638 3429 non
2683 3382 2866 3429 tamen
2909 3376 3118 3429 calcant
3162 3374 3415 3428 litteras:
3452 3371 3509 3426 hi

1952 3484 2080 3523 vero
2109 3482 2231 3521 cum
2271 3468 2544 3536 recepisse
2573 3467 2917 3530 videbantur,
2948 3465 3314 3526 calcaverunt,
3339 3463 3511 3517 insul-

1952 3567 2136 3620 tarunt
2170 3567 2224 3614 et
2264 3559 2705 3615 adulteraverunt
2737 3560 2983 3623 litteras;
3032 3567 3085 3611 et
3115 3556 3257 3626 quod
3293 3556 3509 3626 praesti-

1950 3651 2189 3722 giatores
2240 3658 2294 3706 et
2350 3651 2583 3721 improbi
2645 3649 2873 3713 faciunt,
2950 3649 3214 3703 fecerunt.
3265 3648 3342 3701 Illi
3396 3662 3511 3701 non

1952 3742 2301 3799 crediderunt
2342 3743 2538 3805 solum,
2569 3749 2623 3797 et
2651 3742 2852 3812 quibus
2896 3755 3003 3794 non
3038 3737 3407 3803 crediderunt,
3441 3736 3511 3792 de

1950 3836 2030 3890 eis
2067 3851 2093 3890 a
2122 3851 2180 3890 se
2204 3834 2396 3889 disseri
2430 3849 2537 3888 non
2571 3835 2849 3904 patiuntur
2883 3851 2896 3886 :
2931 3831 2984 3884 hi
3018 3845 3144 3885 vero
3182 3829 3238 3883 in
3268 3828 3508 3883 medium

1950 3926 2279 3996 prodeuntes
2319 3924 2496 3978 conati
2530 3930 2658 3979 sunt
2690 3929 3014 3979 concentum
3040 3921 3249 3976 solvere
3277 3936 3292 3987 ;
3319 3917 3510 3973 modu-

1950 4019 2202 4073 lationem
2251 4017 2515 4073 doctrinis
2567 4016 2800 4071 artiﬁcio
2845 4013 3124 4069 fabricatis
3158 4012 3349 4067 tollere
3387 4008 3509 4066 ausi

1948 4118 2093 4177 sunt,
2125 4118 2427 4181 praeparato
2451 4109 2667 4164 nomine
2696 4107 2990 4178 Evangelii,
3023 4113 3082 4159 ut
3108 4110 3253 4160 esset
3282 4102 3509 4158 fallacia

1947 4217 2131 4257 causa.
2182 4199 2239 4256 Si
2277 4201 2421 4255 enim
2467 4198 2814 4270 Evangelium
2875 4195 3276 4268 cognovissent,
3333 4194 3508 4263 legem

1948 4310 2058 4350 non
2117 4293 2459 4364 ignorassent
2501 4310 2514 4347 :
2574 4291 2719 4363 quod
2770 4291 2815 4346 si
2863 4290 3031 4361 legem
3076 4287 3506 4359 ignoraverunt,

1949 4386 2220 4458 quomodo
2251 4383 2432 4441 Iesum
2476 4384 2837 4455 receperunt?
2877 4383 2995 4439 sine
3036 4382 3151 4451 lege
3179 4380 3324 4435 enim
3349 4376 3509 4433 Chri-

1951 4485 2069 4534 stus
2089 4493 2197 4533 non
2227 4477 2488 4547 recipitur
2520 4496 2533 4532 :
2564 4491 2688 4532 nam
2718 4476 2811 4546 q-ui
2839 4475 2998 4529 ﬁnem
3030 4472 3321 4536 desiderat,
3353 4469 3506 4541 prin-

1951 4570 2150 4641 cipium
2200 4570 2488 4641 investigat
2521 4587 2535 4624 :
2571 4576 2760 4624 contra
2803 4582 2954 4629 vero,
2991 4566 3083 4636 qui
3129 4573 3212 4619 est
3254 4560 3505 4634 principii

1953 4666 2311 4731 contemptor,
2338 4675 2512 4716 vanus
2536 4666 2639 4726 est,
2661 4672 2800 4714 vane
2822 4656 3080 4727 loquitur,
3108 4669 3215 4708 non
3237 4659 3414 4724 potest
3448 4648 3506 4704 in

1956 4749 2115 4806 ﬁnem
2144 4750 2395 4806 evadere.

1366 4858 1500 4917 Csp.
1540 4859 1607 4917 ll.
1648 4860 1752 4917 Lex
1783 4862 2078 4917 necessaria
2106 4860 2444 4917 Christianis.

354 4975 420 5028 El
444 4973 500 5027 δὲ
526 4971 700 5039 τέλος
722 4973 909 5042 νόμου
926 4971 1196 5040 Χριστός,
1224 4973 1668 5045 ματαιοπονοῦσι,
1690 4974 1857 5047 νόμου

289 5066 388 5140 μὲν
419 5065 653 5136 φυγάδες
676 5064 843 5132 ὄντες,
862 5063 1068 5136 Ἰησοῦν
1092 5064 1149 5118 δὲ
1172 5064 1854 5136 είδέναιὲπαγγελλόμενοι.

289 5159 352 5211 Et
385 5158 460 5229 μὴ
488 5158 651 5227 νόμος
685 5155 927 5226 λαλήσει,
950 5157 979 5209 ὁ
1014 5155 1219 5228 Κύριος
1257 5158 1356 5211 οὐκ
1396 5159 1845 5228 ἐπιγινώσκεται·

2025 4974 2082 5029 Si
2114 4982 2291 5030 autem
2326 4974 2448 5043 ﬁnis
2479 4972 2606 5042 legis
2636 4979 2719 5027 est
2754 4970 2994 5026 Christus
3029 4968 3092 5032 ’⁸,
3125 4966 3327 5024 frustra
3355 4966 3517 5022 labovu

1952 5072 2077 5120 rant
2129 5065 2223 5135 qui
2264 5065 2432 5134 legem
2489 5063 2720 5133 fugiunt,
2762 5070 2816 5117 et
2870 5059 3229 5131 cognitionem
3276 5057 3404 5113 Jesu
3446 5072 3506 5114 se

1954 5156 2151 5211 habere
2172 5155 2513 5226 proﬁtentur.
2546 5153 2664 5208 Nisi
2697 5153 2778 5209 les
2807 5153 3078 5224 loquatur,
3107 5150 3368 5206 Dominus
3394 5164 3506 5204 non

288 5251 322 5319 ή
350 5247 458 5317 γὰρ
483 5247 659 5318 σιωπὴ
686 5246 780 5300 τοῦ
807 5247 997 5317 νόμου,
1022 5247 1213 5316 ἄγνοια
1238 5247 1330 5301 τοῦ
1352 5250 1750 5321 κηρυττομένου
1770 5266 1785 5280 ·
1811 5252 1845 5321 ή

1954 5240 2273 5320 agnoscitur
2313 5267 2327 5304 :
2359 5247 2704 5304 taciturnitas
2737 5246 2880 5303 enim
2918 5245 3073 5318 legis,
3114 5241 3380 5314 ignoratio
3421 5248 3506 5296 est

286 5341 341 5393 δὲ
364 5338 460 5392 τοῦ
474 5338 639 5410 νόμου
665 5339 922 5410 μάθησις,
939 5339 1236 5408 ἐπίγνωσις
1260 5340 1356 5396 τοῦ
1378 5342 1848 5414 προκαταγγελλο-

293 5432 473 5503 μένου.
502 5429 567 5483 El.
600 5429 709 5503 γὰρ
744 5431 1026 5496 Μωῦσέως
1059 5432 1276 5503 ἢκουον,
1319 5434 1602 5490 ἐπίστευον
1646 5437 1726 5499 εἰς
1759 5435 1848 5490 τὸν

290 5520 712 5594 παρεληλυθότα.
731 5521 945 5596 Ἀμέλει
976 5524 1037 5577 οὐ
1059 5522 1374 5579 πιστεύεται
1405 5527 1433 5579 ὁ
1464 5526 1846 5600 ἐγηγερμένος,

358 5685 404 5724 ⁸⁸
436 5684 598 5743 Rom.
628 5701 696 5752 x,
726 5685 780 5740 4.

358 5840 469 5913 ('5!)
512 5842 762 5898 Ἀλλων.
793 5839 1063 5915 lnterpres
1094 5840 1303 5913 legebat
1327 5837 1511 5894 ἐθνῶν.

1952 5341 2229 5415 ριάιὰἰοιιιὶ
2266 5361 2279 5396 :
2333 5356 2527 5398 rursus
2567 5356 2696 5397 vero
2736 5340 2972 5410 cognitio
2997 5336 3153 5408 legis,
3194 5333 3384 5389 notitia
3421 5338 3506 5388 est

1952 5436 2314 5508 praenuntiati.
2359 5432 2417 5490 Si
2460 5435 2601 5491 enim
2647 5433 2881 5506 Moysem
2927 5431 3195 5520 audirent,
3223 5422 3505 5481 crederent

1954 5530 2012 5586 in
2058 5545 2180 5587 eum
2235 5528 2330 5602 qui
2369 5528 2537 5586 venit.
2586 5526 2727 5584 Sane
2763 5525 2980 5598 quidem
3021 5515 3196 5591 neque
3242 5515 3506 5574 suscitato
