4038 6288
621 428 762 483 ms

1729 420 1868 476 Tl'l'l
1912 421 2340 478 BOSTRENSIS
2376 421 2684 478 EPISCOPI

3729 416 3885 472 12ιὸ

620 547 883 609 creditur,
940 543 1044 598 nisi
1095 544 1180 598 lex
1223 543 1380 598 ﬁdem
1426 543 1590 598 faciat
1625 543 1993 599 audientibus.
2041 544 2105 598 Et
2146 561 2172 600 ε

2295 544 2343 596 εί
2385 542 2460 615 μὴ
2489 543 2669 596 πίστιν
2694 542 2723 595 6
2754 539 2916 611 νόμος
2943 538 3055 602 τοῖς
3087 536 3373 590 ἀκούουσιν
3401 533 3712 606 ἐμποιήσει.
3747 534 3883 588 Κᾶν

618 637 836 707 quidam
870 635 1052 691 dicat:
1085 634 1238 689 Mitte
1279 634 1567 699 Lazarum,
1609 644 1667 688 ut
1701 641 1903 688 nuntiet
1931 635 2190 704 fratribus

618 730 768 792 meis,
806 745 866 780 ne
891 739 941 782 et
991 729 1093 798 ipsi
1142 729 1350 782 veniant
1395 729 1447 781 in
1491 727 1626 780 hunc
1676 727 1848 781 locum
1894 730 2188 793 tormenti;

616 827 670 873 et
700 819 1065 888 respondente
1080 817 1349 873 Abraham
1377 837 1391 874 :
1420 817 1630 872 Habent
1649 817 1699 870 M
1711 835 1884 888 oysem
1914 831 1959 872 et
1977 820 2190 888 prophe-

614 921 719 976 tas,
753 911 933 968 dicat:
965 912 1092 966 Nisi
1121 915 1238 984 quis
1275 928 1340 966 ea:
1380 913 1606 967 mortuis
1648 923 1908 984 resurgat,
1943 931 2045 966 non
2075 930 2191 968 cre-

611 1002 771 1068 dent;
843 1004 1029 1060 audiet
1057 1015 1234 1059 tamen
1263 1006 1365 1060 iste
1397 1023 1410 1059 :
1451 1003 1510 1058 Si
1545 1003 1780 1075 Hoysem
1819 1015 1866 1059 et
1911 1005 2186 1074 prophetas

612 1111 715 1149 non
759 1096 1072 1163 audierunt,
1128 1113 1288 1166 neque
1332 1097 1376 1152 si
1416 1099 1531 1166 quis
1581 1114 1612 1150 a
1657 1098 1877 1151 mortuis
1925 1107 2184 1168 resurgat,

612 1183 826 1237 audient
861 1186 925 1237 ¹⁷.
959 1183 1006 1238 Ο
1040 1200 1151 1239 rem
1181 1185 1407 1240 miram!
1446 1202 1623 1256 neque
1653 1189 1698 1242 si
1730 1189 1854 1258 quis
1895 1203 1925 1241 a
1956 1187 2186 1244 mortuis

610 1277 878 1332 excitatus
931 1279 1182 1332 nuntium
1239 1277 1448 1345 afferat,
1516 1280 1566 1335 ei
1619 1281 1860 1336 creditur
1911 1281 2029 1336 sine
2071 1280 2187 1350 lege

608 1378 663 1424 et
683 1370 978 1439 prophetis,
1004 1370 1113 1425 imo
1137 1388 1310 1442 neque
1339 1372 1601 1430 Dominus
1616 1373 1774 1430 Jesus
1805 1374 2068 1445 apostolis
2098 1389 2187 1444 ap-

609 1477 799 1531 parere
832 1463 1000 1518 voluit
1031 1467 1472 1536 transﬁguratus,
1517 1468 1620 1522 nisi
1659 1467 1918 1522 adhibitis
1971 1469 2086 1538 lege
2129 1475 2187 1522 et

608 1553 894 1624 prophetis
921 1565 1018 1621 ;.et
1055 1555 1146 1625 qui
1183 1557 1356 1624 potuit
1385 1557 1758 1612 testimonium
1789 1574 1819 1612 a
1843 1557 2000 1613 Patre
2022 1560 2180 1624 ferre,

609 1661 719 1702 non
768 1647 1118 1704 inhonoravi't
1171 1651 1578 1706 consortionem
1631 1661 1944 1707 sanctorum
1997 1653 2183 1722 :quin

608 1739 792 1810 potius
834 1755 961 1794 cum
995 1741 1157 1796 vellet
1201 1743 1562 1798 certissimam
1594 1742 1752 1798 (idem
1793 1743 1847 1798 in
1885 1753 2182 1814 conspectu

608 1831 982 1901 apostolorum
1015 1832 1215 1898 facere,
1249 1834 1393 1904 quod
1437 1834 1493 1890 in
1533 1843 1773 1890 montem
1814 1851 1909 1891 eos
1948 1836 2183 1892 adduce-

2290 637 2397 707 γάρ
2423 653 2507 700 τις
2537 634 2691 708 λέγῃ,
2709 633 2956 701 Πέμψον
2971 629 3251 698 Λάζαρον,
3265 629 3366 682 ἵνα
3386 627 3712 697 ἀναγγείλῃ
3742 626 3880 691 τοῖς

2287 727 2574 797 ἀδελφοῖς
2600 745 2718 797 μου
2743 724 2829 795 μὴ
2860 722 3060 778 ἐλθεῖν
3091 725 3178 788 εὶς
3202 720 3316 790 τὴν
3351 718 3496 774 ὀδόν
3531 717 3644 788 τῆς
3665 719 3879 782 βασὰρ

2287 839 2398 876 νου
2422 822 2643 889 ταύτης
2663 837 2679 852 ο
2719 820 2810 872 καὶ
2847 817 3093 886 λέγοντος
3139 813 3407 885 Ἀϐραὰμ,
3446 814 3699 882 Ἔχουσι
3737 812 3878 865 Μω-

2287 914 2400 968 σέα
2445 913 2546 967 και
2594 912 2733 978 τοὺς
2766 910 3106 981 προφήτας,
3160 907 3322 978 εἴπῃ·
3374 906 3508 960 Ἐὰν
3527 903 3610 975 μή
3669 921 3768 968 τις
3805 904 3876 956 ἐκ

2285 1007 2512 1076 νεκρῶν
2537 1004 2800 1073 ἀναστῇ,
2823 1006 2894 1058 οὐ
2917 1003 3002 1073 μὴ
3033 1001 3493 1054 πιστεύσουσιν·
3539 996 3872 1058 ἀκούσεται,

2287 1105 2355 1156 Εἰ
2387 1099 2643 1167 Μωσέως
2670 1099 2769 1155 καὶ
2800 1096 2918 1151 τῶν
2940 1092 3385 1166 προφητῶνοὺκ
3404 1087 3875 1161 ἤκουσαν,οῠ6ὲ

2283 1194 2392 1249 ἐάν
2440 1213 2528 1260 τις
2558 1194 2626 1247 ἐκ
2660 1191 2886 1261 νεκρῶν
2914 1186 3182 1257 ἀναστῇ,
3213 1187 3593 1242 ἀκούσονται.
3651 1182 3870 1236 Βαὸαίῑ

2283 1286 2405 1340 οὔτε
2463 1285 2572 1358 γάρ
2617 1287 2650 1356 ὴ
2697 1283 2791 1337 τοῦ
2833 1279 3202 1354 ἐγηγερμένου
3263 1275 3605 1348 παραγγελία
3651 1277 3717 1344 τῇ
3770 1271 3872 1325 τοῦ

2283 1379 2446 1450 νόμου
2481 1379 2576 1432 καὶ
2605 1377 2713 1430 τῶν
2740 1373 3034 1447 προφητῶν
3056 1369 3263 1442 (52)....
3294 1373 3324 1424 6
3368 1367 3573 1441 ἰησοῦς
3599 1366 3724 1438 δίχα
3758 1364 3871 1435 τῆς

2285 1473 2569 1536 συνουσίας
2635 1469 2814 1525 αὐτῶν
2867 1467 2988 1521 ούδέ
3033 1468 3146 1529 τοῖς
3204 1462 3524 1525 ἀποστόλοις
3567 1455 3870 1529 φαίνεσθαι

2280 1564 2477 1638 ἠξίωσε
2499 1581 2513 1594 ’
2549 1565 2642 1620 καὶ
2693 1563 2988 1634 δυνάμενος
3037 1559 3142 1612 ὑπὸ
3171 1557 3266 1612 τοῦ
3310 1555 3525 1627 Πατρὺς
3556 1555 3868 1625 μαρτυρεῖ-

2283 1658 2430 1723 σθαι,
2461 1659 2562 1712 οὐκ
2603 1657 2836 1728 ἠτίμασε
2877 1654 2975 1726 τὴν
3011 1651 3292 1706 συνουσίαν
3334 1651 3440 1704 τῶν
3483 1649 3690 1718 ἀγίων·
3721 1646 3868 1701 ἀλλὰ

2279 1753 2399 1813 ταῖς
2455 1749 2608 1819 ὄψεσι
2683 1747 2792 1801 τῶν
2844 1745 3156 1800 ἀποστόλων
3211 1743 3392 1796 πίστιν
3452 1739 3869 1813 ἀκριϐεστάτην

2283 1843 2605 1914 βουλόμενος
2645 1837 3044 1913 παρασχέσθαι,
3076 1838 3151 1901 ὡς
3183 1835 3384 1906 ἀνῆγεν
3418 1836 3475 1888 ἐν
3500 1833 3580 1905 τῷ
3611 1833 3731 1905 δρει
3764 1835 3869 1888 καὶ

606 1926 724 1992 bat,
776 1933 829 1982 et
886 1927 1402 1998 transﬂgurabatur,
1455 1930 1779 1986 ostendebat
1829 1930 2063 2004 Moysem
2123 1943 2174 1989 et

2283 1931 2710 2004 αετεμορφοῦτο,
2752 1931 2989 1984 ἐδείκνυε
3034 1927 3276 1983 Μωῦσέα
3321 1925 3415 1981 καὶ
3452 1925 3661 1990 Ἠλίαν,
3696 1925 3790 1978 ἵνα
3829 1925 3869 1995 ιι

607 2015 781 2072 Eliam
803 2059 818 2083 ,
852 2025 912 2072 ut
948 2021 1266 2075 testimonio
1309 2029 1455 2077 esset
1492 2024 1830 2078 consociatio
1871 2025 2176 2083 sanctitatis

604 2109 824 2164 illorum
863 2131 876 2165 :
914 2121 968 2168 et
997 2123 1057 2166 ut
1089 2113 1136 2168 is
1162 2114 1254 2183 qui
1281 2113 1470 2171 Jesum
1505 2117 1720 2186 recipit,
1753 2117 1934 2172 socios
1963 2120 2082 2188 ejus
2110 2136 2178 2176 ne

601 2203 931 2272 dedecoret;
972 2221 1040 2261 ne
1069 2207 1115 2261 si
1144 2207 1265 2277 ejus
1311 2210 1605 2279 stipatores
1642 2215 1696 2265 et
1729 2210 2010 2266 ministros
2048 2227 2176 2282 par-

601 2297 846 2365 vil‘aciat,
877 2315 1059 2372 regem
1095 2300 1274 2372 ipsum
1307 2303 1616 2359 inhonoret.

2278 2024 2534 2084 συνουσία
2574 2023 2672 2094 τῆς
2704 2021 2989 2091 ἁγιότητος
3025 2019 3252 2089 γένηται
3282 2017 3586 2090 μαρτυρία·
3620 2017 3718 2070 καὶ
3773 2015 3868 2070 ἵνα

2277 2118 2306 2170 6
2333 2117 2621 2188 δεχόμενος
2657 2115 2747 2168 τὸν
2785 2112 2990 2185 Ἰησοῦν
3017 2113 3140 2170 τοὺς
3178 2111 3434 2175 συνόντας
3469 2109 3544 2181 μὴ
3582 2110 3864 2183 ἀτιμάσῃ,

2279 2211 2366 2263 ἵνα
2413 2210 2508 2281 μὴ,
2543 2208 2668 2272 τοὺς
2708 2204 3036 2278 δορυφόρους
3079 2203 3172 2256 καὶ
3222 2202 3499 2274 ὑπηρέτας
3541 2201 3866 2266 εὐτελίζων,

2281 2302 2442 2356 αὑτὸν
2471 2299 2751 2372 ἀτιμάζων
2781 2295 2813 2338 ἶ·
2845 2297 2934 2350 τὸν
2972 2295 3213 2350 Βασιλέα.

1723 2454 1852 2512 Car.
1884 2455 1972 2513 ιιι.
2003 2457 2192 2530 Legem
2219 2458 2434 2526 perfecit
2467 2455 2732 2511 Christus.

669 2594 1147 2666 Deniqueetantam
1170 2610 1357 2650 curam
1385 2596 1521 2666 legis
1551 2602 1605 2651 et
1631 2595 2020 2666 prophetarum
2048 2595 2169 2652 Sal-

2333 2595 2610 2667 Τοσαύτην
2647 2593 2776 2664 γοῦν
2809 2590 3122 2663 ἐπιμέλειαν
3149 2589 3242 2644 τοῦ
3266 2590 3430 2661 νόμου
3459 2589 3553 2644 καὶ
3580 2589 3690 2643 τῶν
3716 2608 3858 2662 πρυ-

597 2695 754 2741 vator
779 2686 994 2749 habuit,
1026 2695 1083 2740 ut
1113 2687 1248 2741 nihil
1273 2702 1339 2741 ex
1369 2689 1485 2759 lege
1509 2702 1619 2742 non
1640 2686 1932 2756 perfecerit
1953 2705 1967 2754 ;
1988 2689 2169 2742 omnia

2276 2688 2448 2760 ρητῶν
2476 2685 2766 2756 πεποίηται
2792 2687 2820 2738 6
2852 2683 3058 2755 Σωτὴρ,
3087 2683 3162 2748 ὡς
3205 2682 3370 2753 μηδὲν
3410 2681 3598 2745 ἀτελὲς
3623 2683 3860 2750 ποιῆσαι

599 2788 780 2832 autem
813 2793 934 2847 qua:
967 2780 1172 2848 scripta
1215 2787 1391 2844 erant,
1420 2781 1736 2848 patraverit,
1767 2779 2165 2850 clamaretque:

600 2868 727 2925 Non
756 2871 868 2924 veni
895 2870 1092 2924 solvere
1117 2870 1300 2938 legem,
1336 2871 1424 2924 sed
1450 2870 1784 2939 adimplere"
1819 2888 1833 2935 ;
1868 2872 2172 2941 ingredere-

599 2967 692 3013 tur
720 2967 899 3013 autem
925 2960 980 3013 in
1023 2959 1306 3028 templum,
1337 2966 1392 3013 et
1435 2965 1624 3029 turpes
1656 2958 1782 3014 'nde
1821 2957 2173 3011 administra-

599 3054 776 3104 tiones
805 3050 1002 3104 domus
1033 3047 1128 3103 Dei
1158 3048 1406 3117 eiecerit,
1437 3057 1497 3103 ut
1530 3049 1765 3105 reddens
1808 3049 2029 3104 domum
2073 3065 2171 3119 pu-

599 3155 741 3204 ram,
772 3155 828 3192 re
862 3140 976 3208 ipsa
1011 3139 1328 3210 plenissime
1358 3140 1709 3209 persuaderet
1737 3156 1796 3195 se
1835 3156 2060 3196 suarum
2110 3157 2174 3196 ac

598 3245 949 3306 paternarum
999 3250 1180 3290 rerum
1217 3236 1660 3304 procurationem
1706 3236 2010 3306 suspicere.
2048 3236 2175 3290 Cla-

599 3337 712 3382 mat
739 3328 882 3383 enim
915 3326 1151 3382 :Domus
1187 3326 1368 3381 Patris
1417 3327 1516 3382 mei
1571 3328 1756 3381 domus
1789 3327 2044 3380 orationis
2086 3343 2176 3380 υο-

2265 2781 2358 2835 τοῦ
2381 2781 2544 2851 νόμου
2566 2797 2578 2808 ·
2605 2778 2780 2831 πάντα
2806 2777 2862 2830 δὲ
2892 2776 3072 2830 ἀνύειν
3099 2775 3168 2829 τὰ
3191 2775 3567 2846 γεγραμμένα.
3598 2773 3729 2843 βοᾷν
3759 2773 3858 2837 δὲ,

2262 2877 2382 2929 Οὺλι
2419 2874 2609 2942 ἦλθον
2651 2870 2985 2924 καταλῦσαι
3024 2868 3130 2922 τὸν
3162 2871 3370 2937 νόμον,
3410 2867 3568 2922 ἀλλὰ
3609 2865 3860 2934 πληρῶ-

2272 2982 2395 3030 σίιι,
2432 2965 2654 3019 εἰσιέναι
2683 2963 2738 3016 δὲ
2771 2965 2828 3015 ἐν
2868 2961 2944 3032 τῷ
2978 2960 3126 3032 ἱερῷ,
3164 2963 3258 3015 καὶ
3303 2960 3402 3022 τὰς
3446 2959 3676 3020 ἀτόπους
3707 2959 3858 3010 οἱκο-

2275 3059 2464 3130 νομίας
2490 3057 2728 3124 ἐξωθεῖν,
2763 3057 2868 3119 ἵνα,
2903 3054 2990 3107 τὸν
3023 3049 3168 3105 οἷκον
3199 3052 3434 3124 καθαρὸν
3477 3050 3730 3112 ἀποδοὺς,
3765 3051 3856 3102 πί-

2276 3169 2390 3204 στιν
2424 3149 2822 3222 ἀκριὸεστάτην
2856 3145 2931 3216 τῷ
2987 3144 3270 3216 πράγματι
3316 3143 3592 3215 παράσχῃ,
3645 3143 3721 3204 ὡς
3768 3143 3851 3193 οξ-

2274 3241 2438 3293 κείων
2481 3239 2575 3292 καὶ
2608 3237 2874 3310 πατρῴων
2905 3235 3294 3306 ἐπιμελόμενος
3333 3234 3696 3306 πραγμάτων.
3745 3235 3850 3304 Bo;

2276 3332 2416 3403 γάρ·
2460 3332 2521 3384 '0
2561 3327 2722 3395 οἶκος
2761 3328 2865 3381 τοῦ
2908 3329 3131 3396 Πατρός
3167 3345 3284 3397 μου
3317 3321 3476 3393 οἶκος
3501 3324 3850 3394 προσευχῆς

597 3419 846 3484 cabitur;
887 3435 975 3472 vos
1024 3430 1196 3472 autem
1251 3419 1452 3488 fecistis
1493 3434 1608 3472 eam
1647 3416 1950 3487 speluncam
2004 3420 2172 3471 tatro-

2277 3420 2674 3489 κληθήσεται·
2720 3417 2887 3486 ὑμεῖς
2943 3416 3010 3469 δὲ
3057 3419 3243 3470 αὑτὸν
3285 3415 3646 3482 πεποιήκατε
3692 3411 3848 3481 σπή-

599 3513 792 3566 num“.
823 3511 886 3564 Et
919 3512 1047 3581 quia
1079 3518 1207 3566 sunt
1242 3510 1468 3565 inﬁnita:
1496 3508 1794 3580 Scriptura:
1828 3509 2026 3579 quibus
2058 3510 2170 3564 illo-

598 3620 720 3660 rum
755 3605 990 3660 absurda
1016 3605 1201 3675 Opinio
1228 3605 1482 3676 redargui
1504 3609 1717 3674 potest;
1749 3618 1850 3660 nos
1875 3618 1942 3658 ne
1960 3603 2170 3673 prolixe

597 3695 904 3750 scribentes
927 3695 1126 3750 librum
1151 3697 1207 3750 in
1231 3697 1448 3768 longum
1476 3695 1863 3766 producamus,
1895 3696 2171 3764 permitte-

597 3803 721 3842 mus
751 3788 872 3842 aliis
905 3787 982 3841 uti
1018 3788 1312 3842 verborum
1347 3788 1611 3858 analogiis
1655 3807 1666 3842 :
1702 3801 1803 3842 nos
1834 3795 2012 3841 autem
2047 3787 2170 3842 bre-

597 3879 764 3933 vitate
809 3879 915 3945 usi,
963 3879 1030 3933 ad
1079 3894 1141 3934 ea
1187 3895 1306 3949 qua:
1359 3889 1551 3932 contra
1599 3877 1911 3948 Scripturas
1957 3879 2166 3939 dicunt,

596 3986 906 4040 pergemus.
943 3968 1294 4040 Recipientes
1340 3970 1694 4042 Evangelium
1743 3987 1850 4024 non
1900 3971 2169 4035 recipiunt

597 4061 792 4130 legem,
836 4062 964 4131 quia
1014 4079 1124 4116 non
1179 4071 1348 4116 totum
1384 4072 1438 4118 et
1491 4063 1759 4132 integrum
1817 4061 2166 4133 Evangelium

597 4151 910 4220 recipiunt;
944 4155 1146 4223 alioqui
1185 4156 1352 4225 legem
1389 4157 1716 4225 reciperent,
1763 4157 1809 4210 si
1847 4157 2166 4218 universum

599 4244 952 4315 Evangelium
986 4256 1231 4300 tenerent
1257 4268 1270 4302 :
1302 4265 1445 4303 nunc
1469 4258 1646 4304 autem
1681 4251 1854 4319 prin'to
1873 4248 2164 4318 cauponati

599 4336 974 4406 Evangelium,
994 4351 1356 4395 consentanec
1374 4343 1542 4410 legem
1569 4359 1674 4395 non
1709 4343 1998 4412 recipiunt.
2023 4342 2167 4396 Con-

597 4433 896 4488 vincuntur
929 4432 1094 4502 igitur
1141 4448 1246 4486 non
1274 4443 1456 4487 tenere
1486 4438 1677 4505 legem,
1729 4443 1951 4505 propter
2002 4437 2168 4489 latro-

600 4527 801 4580 cinium
833 4526 886 4579 in
921 4525 1230 4594 livangelio.
1279 4525 1334 4579 Si
1372 4535 1550 4579 autem
1589 4526 1880 4596 Evangelio
1921 4528 2167 4583 testimo-

599 4617 749 4671 nium
773 4619 1036 4684 tribuunt,
1061 4626 1113 4671 et
1141 4620 1307 4688 legem
1343 4635 1447 4673 non
1478 4620 1764 4685 honorant,
1792 4622 2165 4678 testimonium

601 4709 936 4763 inhonorant
970 4730 983 4764 :
1023 4728 1129 4764 non
1158 4713 1268 4778 jam
1301 4714 1444 4765 enim
1476 4723 1558 4767 est
1596 4715 1697 4766 hoc
1730 4715 1902 4784 legem
1935 4715 2166 4772 inhono-

2269 3520 2443 3570 .lator
2471 3511 2734 3585 λῃστῶν.
2771 3511 2881 3563 Καὶ
2912 3508 3097 3578 ἐπειδὴ
3136 3509 3304 3582 μυρία
3335 3511 3450 3563 ἐστὶ
3494 3509 3652 3577 λόγια
3694 3506 3849 3560 δυνά-

2274 3625 2409 3679 μενα
2433 3607 2699 3660 δυσωπεῖν
2721 3606 2818 3677 τὴν
2845 3605 3045 3660 άτοπον
3077 3603 3298 3659 ἐκείνων
3321 3601 3494 3668 δόξαν,
3523 3603 3706 3672 ἡμεῖς,
3763 3601 3848 3654 ἵνα

2274 3701 2348 3773 μὴ
2381 3701 2560 3769 λόγοις
2597 3699 2806 3753 πλείοσι
2855 3699 3121 3772 χρώμενοι
3163 3701 3241 3761 είς
3287 3697 3459 3768 μῆκος
3493 3695 3846 3765 ἐξαγάγωμεν

2269 3795 2359 3848 τὸν
2388 3795 2564 3864 λόγον,
2589 3797 2701 3856 τοῖς
2733 3794 2830 3865 μὲν
2865 3793 3040 3857 ἀλλοις
3072 3791 3446 3864 ἐπιτρέψωμεν
3492 3792 3611 3853 ταῖς
3655 3789 3844 3843 ἀναλο-

2270 3889 2416 3957 γίαις
2457 3887 2565 3941 τῶν
2607 3887 2866 3960 ῥημάτων
2896 3887 3160 3960 χρῆσθαι·
3197 3887 3359 3956 ἡμεῖς
3409 3883 3485 3948 δὲ,
3522 3883 3849 3954 συμμέτρως

2271 3983 2616 4053 χρησόμενοι,
2645 3982 2781 4054 πρὸς
2815 3980 2981 4045 αὑτὰς
3029 3979 3127 4042 τὰς
3175 3977 3474 4040 ἀντιθέσεις
3519 3976 3623 4029 τῶν
3649 3975 3846 4043 λογίων

2271 4073 2711 4145 χωρήσωμεν.Τὸ
2728 4072 3055 4142 Εὑαγγέλιον
3083 4071 3536 4145 παραδεχόμενοι,
3567 4070 3656 4123 τὸν
3684 4071 3845 4139 νόμον

2271 4158 2330 4210 οὐ
2368 4159 2790 4231 παραδέχονται·
2832 4161 2950 4214 οὐδὲ
2993 4160 3102 4231 γὰρ
3128 4160 3247 4214 οὐδὲ
3284 4159 3574 4231 ὁλόκληρον
3600 4160 3662 4212 τὸ
3695 4160 3845 4228 ἆγιον

2270 4249 2597 4318 Εὑαγγέλιον
2640 4250 3064 4321 παραδέχονται·
3111 4250 3143 4319 ἦ
3177 4249 3286 4319 γὰρ
3319 4247 3385 4302 ἂν
3424 4251 3518 4301 καὶ
3555 4248 3648 4300 τὸν
3684 4248 3843 4317 νόμον

2271 4342 2590 4412 ἐλάμϐανον,
2621 4344 2668 4396 εί
2693 4342 2981 4414 ὁλόκληρον
3008 4342 3069 4395 τὸ
3101 4341 3422 4409 Εὐαγγέλιον
3451 4339 3722 4410 ἐδέχοντο·
3751 4337 3842 4392 νῦν

2269 4432 2324 4485 δὲ
2359 4432 2570 4502 πρῶτον
2601 4435 2661 4489 τὸ
2683 4434 3011 4504 Εὑαγγέλιον
3061 4433 3498 4503 καπηλεύσαντες
3535 4431 3669 4500 (55),
3707 4431 3844 4484 εἰκὸ-

2269 4539 2376 4586 τως
2402 4524 2492 4577 τὸν
2521 4525 2681 4595 νόμον
2709 4527 2770 4579 οὐ
2810 4525 3217 4599 παραδέχονται.
3267 4525 3606 4594 Ἐλέγχονται
3638 4519 3732 4576 οὖν
3759 4523 3842 4576 διὰ

2269 4616 2330 4669 τὸ
2367 4617 2778 4688 λελῃστευκέναι
2829 4619 2889 4672 τὸ
2927 4619 3272 4686 Εὑαγγέλιον.
3308 4617 3370 4671 Ei
3414 4617 3470 4669 δὲ
3508 4617 3568 4670 τὸ
3598 4615 3838 4683 Εὐαγγέ-

2270 4705 2381 4758 λιον
2413 4710 2698 4778 μαρτυρεῖ,
2739 4710 2833 4762 καὶ⁹
2873 4711 2933 4762 οὐ
2970 4709 3172 4780 τιμῶσι
3209 4709 3298 4762 τὸν
3330 4709 3510 4779 νόμον,
3534 4708 3839 4778 ἠτιμάκασι

599 4817 744 4863 rare,
781 4803 874 4856 sed
898 4805 1076 4871 potius
1112 4819 1218 4857 non
1253 4805 1476 4858 credere
1511 4807 1732 4860 testanti
1767 4823 1781 4860 :
1809 4820 1874 4860 ac
1915 4809 1964 4862 si
1993 4823 2161 4863 unum

2276 4799 2362 4870 τὴν
2393 4801 2721 4871 μαρτυρίαν·
2750 4801 2932 4854 οὐκέτι
2963 4801 3070 4872 γὰρ
3098 4803 3130 4872 ἡ
3162 4800 3351 4871 ἀτιμία
3387 4798 3478 4854 τοῦ
3509 4801 3698 4869 νόμου,
3729 4799 3837 4852 ἀλλ’

598 4897 817 4968 quidem
853 4898 1203 4970 Evangelium
1241 4909 1552 4964 testaretur.
1589 4903 1738 4958 aliud
1769 4919 1898 4959 vero
1936 4913 2162 4970 taceret,

599 4996 656 5043 et
702 4990 864 5044 unius
903 4997 1110 5044 tantum
1145 4990 1492 5048 dedecoratio
1534 5003 1711 5063 esset;
1761 5011 1870 5051 non
1923 5005 2165 5052 tacerent

601 5079 708 5134 alia
743 5079 1048 5149 Evangelia,
1074 5097 1192 5152 quae
1222 5084 1692 5141 dedecorationem
1719 5086 1881 5142 unius
1911 5103 2161 5142 commu-

602 5189 724 5230 nem
758 5172 1043 5228 ducerent.

2265 4895 2298 4962 ἡ
2352 4893 2576 4946 ἀπιστία
2629 4893 2722 4946 τοῦ
2775 4895 3200 4966 μαρτυροῦντος·
3249 4894 3340 4948 καὶ
3391 4895 3439 4946 εί
3483 4893 3579 4964 μὲν
3631 4892 3692 4945 ἓν
3735 4893 3837 4945 τῶν

2266 4985 2614 5056 Εὐαγγελίων
2646 4984 2963 5058 ἐμαρτύρει,
2997 4985 3182 5057 ἓτερον
3213 4986 3270 5039 δὲ
3315 4984 3544 5048 ἐσιώπα,
3587 4983 3683 5037 καὶ
3720 4983 3836 5037 καθ’

2266 5080 2385 5142 ἐνὸς
2421 5081 2578 5151 μόνον
2621 5080 2867 5149 ἐγίγνετο
2911 5081 2944 5150 ἡ
2989 5081 3209 5150 ἀτιμία·
3262 5080 3363 5132 οὐκ
3415 5077 3482 5132 ἂν
3523 5076 3733 5130 ἐσιώπα
3770 5075 3838 5130 τὰ

2264 5172 2399 5226 ἄλλα
2426 5173 2750 5242 Εὑαγγέλια,
2783 5173 2965 5242 κοινὴν
3011 5173 3230 5244 ἀτιμίαν
3270 5172 3369 5242 τὴν
3410 5170 3504 5224 τοῦ
3555 5171 3674 5232 ἑνὸς
3721 5172 3832 5222 ἀτι-

2267 5265 2396 5336 μίαν
2425 5265 2726 5337 ἡγούμενα.

676 5438 718 5472 ¹¹¹
757 5437 891 5494 Luc.
930 5453 1047 5502 xvi,
1076 5435 1254 5493 28-5-1.
1333 5439 1376 5470 ³⁸
1412 5440 1601 5497 Matth.
1637 5458 1692 5506 v,
1732 5442 1816 5496 17.
1894 5441 1936 5472 ¹⁹
1977 5439 2165 5496 Matth.

2280 5457 2325 5504 ι,
2361 5441 2470 5509 15;
2505 5441 2672 5496 Marc.
2709 5457 2762 5495 ιι
2786 5480 2800 5505 ,
2837 5440 2898 5493 l7
2931 5457 2945 5506 ;
2983 5438 3114 5494 Luc.
3152 5454 3265 5503 XIX,
3302 5436 3392 5493 46.

731 5615 785 5685 2)
829 5613 949 5670 Τῶν
971 5630 1146 5686 apage.
1173 5615 1348 5688 Verba
1379 5615 1574 5671 desunt
1603 5617 1808 5688 aliquot
1837 5618 1892 5671 in
1919 5617 2158 5683 Graecis;

608 5685 947 5756 sedisensum
976 5685 1215 5756 implevit
1240 5685 1542 5742 Turrianus
1573 5685 1794 5755 optime.
1824 5689 1984 5742 Basn.

681 5755 791 5830 (56)
831 5755 1066 5830 καπητὶ.
1088 5757 1167 5812 llli
1193 5768 1571 5830 cauponantur
1599 5757 1967 5827 Evangelium,
1994 5758 2086 5827 qui
2110 5759 2162 5812 in

607 5824 843 5881 tabulam
885 5825 1017 5880 illud
1051 5824 1375 5894 vertuntfet
1421 5824 1658 5902 cogitata
1698 5824 1794 5884 su'a
1829 5836 1952 5884 cum
1985 5824 2155 5900 gratia

2267 5618 2518 5672 miscent.
2551 5615 2642 5672 Sic
2674 5616 2945 5674 Theodor.
2991 5615 3033 5672 ll
3075 5617 3202 5672 Cor.
3235 5633 3292 5678 ιι,
3325 5617 3412 5680 t7,
3444 5618 3827 5684 interpretatur

2266 5688 2828 5758 eauponariverbum.
2865 5687 3032 5744 Tuan.
3059 5720 3127 5728 —
3159 5687 3215 5741 In
3242 5686 3430 5758 Graeco
3452 5685 3828 5758 καπηλεύσανε-

2269 5755 2380 5822 τες,
2415 5773 2519 5813 vox
2544 5757 2776 5813 deducta
2813 5774 2840 5812 a
2878 5759 3273 5814 mercatoribus
3305 5757 3394 5826 qui
3427 5755 3638 5814 merces
3671 5755 3823 5813 adui-

2264 5835 2442 5884 tcrant
2474 5836 2526 5886 et
2561 5834 2912 5898 prostituunt.
2946 5828 3160 5886 Pollux.
3187 5828 3465 5884 Onomast.
3499 5826 3581 5882 lo.
