4038 6288
612 291 750 348 1219
1725 287 1860 345 TITI
1898 287 2325 345 BOSTRENSIS
2363 285 2664 344 EPISCOPI
3713 285 3890 344 £220

607 411 784 476 novit,
817 419 870 465 et
902 410 1258 464 ministerium
1306 411 1620 481 passionum
1660 426 1883 465 suarum
1926 411 1978 464 in
2019 420 2170 479 parte
2201 419 2242 474 Α
2273 427 2316 462 κε

2273 410 2454 462 κονίαν
2482 407 2671 462 ἑαυτοῦ
2705 405 2812 459 τῶν
2839 407 3174 478 παθημάτων
3216 407 3273 458 ἐν
3315 405 3470 477 μέρει
3507 403 3876 474 Εὑαγγελίου

607 499 884 572 Evangelii
911 502 1130 558 metitur
1148 503 1226 569 ’7;
1281 503 1358 556 ait
1387 504 1530 557 enim
1561 522 1574 557 :
1610 503 1903 558 Secundum
1942 502 2176 574 Evange-
2277 519 2316 571 μ

2277 505 2494 572 μετρεῖ·
2552 501 2682 572 φησὶ
2722 500 2848 571 γάρ·
2895 498 3054 552 Κατὰ
3097 497 3164 551 τὸ
3207 497 3575 568 Euan-6.1th
3602 514 3725 567 μου
3756 496 3877 550 διὰ

608 593 740 648 lium
759 609 926 646 meum
952 608 1042 660 per
1073 591 1252 646 Iesum
1283 592 1624 660 Christum",
1667 612 1768 650 nos
1812 611 1988 666 neque
2026 601 2176 666 prin-
2287 594 2316 645 Ἰ

2287 592 2479 661 Ἰησοῦ
2519 590 2806 660 Χριστοῦ·
2845 591 3002 659 ἡμεῖς
3036 589 3166 660 μηδὲ
3204 588 3300 652 τὰς
3344 589 3518 660 ἀρχὰς
3549 588 3643 642 τοῦ
3685 589 3876 642 Ἀπο-

605 692 749 762 cipia
779 690 1022 759 Apostoli
1071 694 1593 760 praetermittemus:
1629 692 1762 763 quin
1809 694 1897 746 illa
1937 708 2175 749 comme-
2274 702 2316 737 0"

2274 685 2459 738 στόλου
2498 683 2916 756 παραλείψωμεν
2940 723 2954 747 ,
3009 681 3142 735 ἀλλὰ
3191 682 3458 736 κάκείνων
3497 684 3578 746 είς
3625 684 3871 754 μνήμην

604 797 880 836 moremus
912 789 970 835 ut
997 797 1187 838 omnes
1208 781 1534 854 Scripturas,
1556 794 1609 839 et
1630 786 1889 855 principia
1924 786 2172 856 Scriptu-
2273 775 2316 827 ἕ)

2273 775 2544 846 ἔλθωμεν,
2592 776 2698 838 ἵνα,
2742 775 2918 838 πάσας
2960 773 3057 835 τὰς
3100 774 3321 845 Γραφὰς
3364 776 3457 828 καὶ
3503 775 3680 846 ἀρχὰς
3740 777 3872 827 τῶν

602 887 786 925 rarum
840 881 1238 940 percurrentes,
1279 890 1383 928 una
1432 890 1621 928 eorum
1679 891 1810 931 voce
1852 877 2020 947 legem
2057 877 2174 933 dis«
2272 867 2311 919 Γ

2272 867 2502 938 Γραφῶν
2527 867 2901 938 παρελθόντες,
2945 869 3012 938 τῇ
3058 868 3335 938 ὁμοφωνίᾳ
3376 867 3471 921 τοῦ
3505 869 3672 938 νόμον
3707 871 3871 921 οἱκο-

602 977 914 1031 pensemus.
965 962 1223 1020 Scribens
1259 966 1423 1036 igitur
1451 965 1690 1022 Hebraeis
1725 968 1804 1022 sic
1841 968 1916 1021 ait
1953 988 1965 1022 :
1997 969 2176 1022 Multi—
2271 975 2316 1010 ν(

2271 959 2614 1028 νομήσωμεν.
2642 958 2871 1028 Γράφων
2915 957 3012 1028 μὲν
3059 959 3169 1020 τοῖς
3209 957 3503 1028 Ἑϐραίοις,
3541 957 3718 1021 οὕτως
3769 958 3873 1009 λέ-

601 1053 800 1123 [ariam
835 1055 1111 1126 multisque
1147 1057 1316 1110 modis
1345 1057 1470 1111 olim
1520 1058 1654 1113 Deus
1693 1060 1904 1131 loquens
1929 1061 2169 1131 patribus
2271 1065 2316 1115 γι

2271 1065 2385 1115 γει·
2428 1049 2784 1118 Πολυμερῶς
2829 1051 2927 1104 καὶ
2969 1050 3358 1117 πολυτρόπως
3397 1049 3579 1103 πάλαι
3620 1053 3654 1104 o'
3702 1052 3869 1115 Θεὸς

600 1144 657 1198 in
675 1145 958 1213 prophetis,
985 1148 1259 1201 novissime
1289 1147 1474 1203 diebus
1516 1151 1632 1205 istis
1663 1151 1865 1206 locutus
1903 1161 1982 1206 est
2022 1153 2170 1207 nobis
2270 1142 2316 1192 λ⁴

2270 1139 2551 1205 λαλήσας
2588 1140 2710 1206 τοῖς
2744 1140 3037 1210 πατράσιν
3068 1141 3138 1193 ἐν
3177 1139 3301 1206 τοῖς
3347 1140 3701 1210 προφήταις,
3755 1143 3867 1194 ἐπ’

599 1233 654 1286 in
684 1233 846 1297 Filio,
873 1252 1022 1305 quem
1063 1239 1332 1292 constituit
1373 1239 1626 1294 lueredem
1669 1243 2050 1308 universorum,
2082 1261 2173 1312 per
2269 1232 2316 1286 ἐ(

2270 1231 2541 1300 ἐσχάτων
2568 1233 2686 1286 τῶν
2727 1235 2957 1302 ἡμερῶν
2997 1236 3220 1287 τούτων
3256 1233 3560 1302 ἐλάλησεν
3594 1234 3747 1304 ἡμῖν
3787 1237 3872 1287 ἐν

601 1341 750 1394 quem
782 1337 831 1380 et
852 1329 1049 1382 saecula
1081 1329 1270 1397 fecit”.
1309 1331 1420 1386 Hoc
1453 1333 1506 1386 in
1533 1335 1651 1388 loco
1680 1333 1893 1390 Patrem
1922 1335 2044 1390 Filii
2075 1352 2169 1392 co-
2279 1325 2316 1376 Υ

2279 1322 2408 1388 Υἰῷ,
2444 1323 2514 1376 ὃν
2545 1323 2720 1391 ἔθηκε
2753 1328 3124 1393 κληρονόμον
3174 1325 3432 1388 πάντων,
3495 1324 3570 1377 δι’
3619 1321 3696 1380 οὗ
3749 1326 3864 1378 καὶ

601 1419 806 1487 gnovit,
871 1431 925 1476 et
963 1422 1173 1478 Patrem
1213 1423 1333 1478 Filii
1371 1441 1729 1495 cognoscens,
1784 1445 1892 1482 non
1939 1432 2172 1499 partitur
2269 1413 2316 1466 έε

2270 1413 2516 1481 ἐποίησε
2545 1416 2683 1480 τοὺς
2715 1415 2932 1482 αἰῶνας
2951 1433 2963 1446 ·
3001 1416 3231 1470 ἐνταῦθα
3265 1416 3481 1488 Πατέρα
3506 1411 3647 1470 οἶδεν
3676 1417 3820 1469 Υἱοῦ
3845 1434 3858 1446 ·

600 1525 738 1575 rem,
769 1528 877 1567 non
915 1521 1056 1568 tacet
1087 1515 1152 1570 de
1183 1518 1441 1587 antiquis,
1489 1535 1594 1572 non
1624 1521 1848 1575 ascribit
1874 1522 2010 1576 alios
2052 1537 2172 1591 pro-
2271 1527 2316 1562 κε

2271 1512 2361 1563 καὶ
2399 1510 2617 1581 Πατέρα
2665 1511 3018 1582 ἐπιστάμενος
3070 1510 3212 1572 Υἱοῦ,
3241 1511 3300 1562 οὐ
3342 1510 3549 1581 μερίζει
3594 1509 3657 1562 τὸ
3705 1513 3868 1581 ττρὶ-

599 1601 812 1670 phetas,
867 1606 960 1660 sed
1016 1605 1178 1662 Deum
1233 1608 1642 1678 prephetarum,
1679 1619 1729 1664 et
1773 1609 1985 1666 Patrem
2021 1611 2165 1668 Filii.
2269 1620 2316 1672 γι

2270 1619 2403 1672 γμα,
2436 1601 2496 1654 οὑ
2529 1603 2708 1672 σιωπᾷ
2746 1603 2871 1673 περὶ
2907 1601 3012 1655 τῶν
3043 1601 3302 1666 παλαιῶν,
3333 1601 3391 1654 οὐ
3423 1603 3712 1672 προφήτας
3739 1603 3866 1654 ἐτέ-

597 1689 801 1748 Paulus
837 1709 943 1747 non
973 1696 1204 1764 partitus
1236 1705 1340 1762 est,
1377 1714 1552 1768 neque
1593 1700 1811 1768 divisit;
1848 1702 1957 1756 imo
1995 1711 2168 1757 totum
2273 1709 2316 1762 ρ(

2273 1709 2394 1762 ρους
2427 1694 2784 1765 προσγράφει,
2827 1693 2958 1746 ἀλλὰ
2993 1694 3122 1747 Θεὸν
3151 1694 3463 1764 προφητῶν,
3497 1695 3591 1748 καὶ
3620 1695 3861 1764 Πατέρα

600 1784 1044 1854 praedicat,illum
1079 1787 1295 1856 quidem
1319 1804 1349 1842 a
1384 1791 1660 1861 prophetis
1683 1793 1988 1857 adoratum,
2012 1794 2156 1849 hunc
2195 1783 2238 1840 Β
2267 1783 2311 1836 Υ

2270 1783 2395 1837 Υἱοῦ
2417 1801 2431 1816 ο
2467 1787 2560 1838 καὶ
2597 1787 2626 1839 6
2656 1785 2752 1855 μὲν
2785 1784 2993 1849 Παῦλος
3031 1787 3089 1838 οὑ
3125 1786 3437 1857 μεμέρικεν,
3467 1785 3588 1838 οὔτε
3621 1786 3855 1868 διεῖλεν,

597 1893 730 1932 vero
760 1886 914 1947 partu
946 1879 1184 1945 editum;
1231 1888 1394 1950 atque
1455 1882 1617 1952 hujus
1656 1885 1876 1953 quidem
1918 1886 2155 1953 Patrem,
2265 1876 2316 1929 ἀ)

2270 1875 2377 1929 ἀλλ’
2430 1875 2526 1929 ἕνα
2572 1875 2604 1946 ἢ
2650 1875 2739 1927 τὸν
2783 1876 2942 1929 αὐτὸν
3000 1875 3275 1947 κηρύττει,
3329 1877 3419 1928 ἐπ’
3466 1876 3694 1929 ἐκείνων
3749 1878 3856 1946 μὲν

598 1969 692 2038 qui
723 1969 845 2025 illos
878 1971 1064 2024 habuit
1116 1973 1452 2038 adoratores,
1479 1982 1532 2030 et
1577 1976 1681 2030 sibi
1728 1980 2021 2047 supplices.
2061 1981 2163 2037 Cui
2265 1987 2316 2040 πε

2270 1967 2723 2040 προσκυνηθέντα,
2774 1967 2959 2022 τοῦτον
3006 1968 3062 2020 δὲ
3111 1967 3476 2022 τεκνωθέντα’
3510 1969 3603 2021 καὶ
3648 1969 3854 2022 τούτου

597 2062 741 2116 enim
776 2064 1048 2132 supplices
1073 2073 1201 2119 sunt
1232 2067 1306 2120 illi
1335 2068 1629 2138 prophetae,
1670 2070 1831 2140 hujus
1873 2071 2042 2128 Filius
2082 2084 2162 2130 est
2268 2060 2316 2132 μἓ

2270 2060 2365 2132 μὲν
2387 2062 2698 2132 γεννήτορα,
2726 2060 2952 2123 ἐκείνοις
2977 2059 3032 2112 δὲ
3055 2063 3452 2131 προσκυνηταῖς
3477 2061 3570 2113 καὶ
3597 2060 3854 2124 οἰκέταις

591 2153 868 2209 Christus.
903 2153 960 2209 Si
990 2167 1167 2211 autem
1197 2156 1393 2212 Filium
1433 2160 1693 2228 honoras,
1745 2178 1840 2218 eos
1887 2181 2017 2220 vero
2067 2168 2162 2237 qui
2265 2170 2316 2223 Xl

2270 2152 2604 2223 χρησάμενον
2623 2170 2635 2183 ο
2670 2143 2730 2206 οὗ
2762 2152 2869 2222 γὰρ
2899 2153 3032 2204 εἰσιν
3067 2151 3271 2204 οἰκέται
3295 2153 3343 2204 οἱ
3370 2153 3686 2222 προφῆται,
3716 2154 3852 2204 τοῦ·

595 2245 742 2300 Patri
763 2248 1090 2318 supplicant,
1112 2265 1342 2306 accusas
1363 2265 1415 2306 et
1431 2253 1694 2309 conviciis
1725 2255 2038 2322 insectaris,
2065 2275 2158 2316 ore
2265 2261 2316 2296 τε

2270 2261 2356 2296 του
2389 2243 2537 2296 ἐστὶν
2558 2243 2683 2306 Υἱὸς
2705 2243 2733 2295 6
2770 2243 3020 2314 Χριστός.
3051 2244 3112 2295 Εἰ
3140 2243 3194 2295 δὲ
3223 2243 3314 2296 τὸν
3346 2243 3470 2295 Υίὺν
3499 2245 3689 2314 τιμᾷς,
3715 2248 3852 2307 τοὺς

595 2335 754 2392 ell‘ers
791 2354 911 2406 quae
936 2339 1016 2394 vis
1056 2357 1069 2392 :
1099 2351 1387 2396 succenset
1407 2339 1610 2406 Filius;
1655 2358 1761 2396 non
1795 2345 1996 2413 patitur
2021 2362 2159 2400 con-
2261 2333 2316 2387 δὲ

2270 2333 2316 2387 δὲ
2372 2333 2584 2397 οἰκέτας
2624 2333 2925 2398 διαϐάλλεις
2974 2335 3069 2387 καὶ
3127 2333 3419 2401 λοιδορεῖς,
3471 2336 3550 2406 τῷ
3604 2337 3850 2405 στόματι

596 2431 818 2487 tumelia
853 2429 1062 2486 Patrem
1095 2431 1245 2490 allici.
1308 2430 1364 2486 Si
1399 2433 1545 2488 enim
1579 2433 1740 2490 Pater
1771 2435 1894 2490 Filii
1928 2437 2159 2494 inhono—
2263 2427 2316 2495 φ(

2270 2425 2470 2498 φθέγγῃ
2505 2425 2540 2479 ἃ
2577 2425 2786 2496 βούλειο
2825 2428 2978 2496 ὁρᾷς,
3020 2427 3105 2479 ὅτι
3143 2426 3438 2494 ἀγανακτεί
3477 2429 3504 2480 6
3548 2427 3708 2490 Υἱός·
3739 2431 3852 2480 οὐκ

595 2524 862 2576 rationem
893 2537 1046 2576 suam
1076 2522 1248 2585 ducit,
1299 2531 1502 2592 quanto
1539 2525 1709 2595 magis
1758 2525 1928 2582 Filius
1966 2536 2158 2584 contu-
2262 2520 2316 2572 δι’·

2270 2517 2509 2588 ἀνέχεται
2548 2519 2758 2589 Πατρὸς
2798 2517 3170 2589 ὑϐριζομένου.
3208 2521 3272 2574 El
3313 2519 3420 2590 γὰρ
3451 2522 3480 2573 6
3518 2521 3710 2591 Πατὴρ
3741 2521 3846 2591 τὴν

595 2615 807 2670 mellam
839 2614 1018 2668 Patris
1040 2615 1301 2669 vilitatem
1335 2630 1490 2670 suam
1518 2631 1640 2672 esse
1669 2618 1980 2687 reputabit?
2259 2627 2316 2662 το

2270 2608 2353 2662 τοῦ
2397 2610 2525 2663 Υίοῦ
2575 2611 2796 2682 ἀτιμίαν
2845 2610 2978 2663 ἰδίαν
3029 2610 3248 2680 ἀτιμίαν
3293 2610 3631 2678 λελόγισται,
3687 2612 3848 2680 πόσῳ

2270 2702 2467 2774 μᾶλλον
2503 2705 2532 2756 6
2565 2702 2692 2766 Υἱὸς
2717 2701 2810 2774 τὴν
2845 2702 2939 2756 τοῦ
2982 2702 3190 2774 Πατρὸς
3219 2702 3374 2774 ὓϐριν
3402 2703 3537 2758 ἰδίαν
3559 2704 3844 2758 εὐτέλειαν

2266 2793 2521 2863 λογιεῖται
2545 2812 2560 2862 ;

1186 2884 1313 2938 Car.
1356 2882 1418 2938 V.
1463 2883 1636 2939 Varia:
1663 2885 1884 2940 Iuereses
1909 2887 2052 2941 circa
2088 2887 2274 2959 legem.
2299 2891 2427 2946 Tres
2465 2889 2700 2945 hwretiei
2731 2890 2890 2961 legem
2915 2891 3226 2958 vituperant.

658 2999 770 3056 Sed
821 3009 880 3054 ut
927 3000 1130 3056 sensim
1187 3010 1493 3072 pergentes,
1535 3002 1797 3072 paulatim
1849 3003 1916 3057 ad
1964 3003 2158 3058 erube-

2335 3005 2450 3058 Ἵνα
2497 3004 2552 3057 δὲ
2593 3005 2706 3069 καὶ,
2752 3005 2866 3058 κατ’
2904 3004 3080 3073 ὀλίγον
3127 3003 3433 3073 φοιτῶντες.
3478 3005 3618 3058 κατὰ
3656 3005 3839 3077 βραχῦ

595 3094 856 3148 scendum
889 3093 1298 3163 compellamus,
1337 3093 1417 3148 sic
1455 3093 1833 3164 aggrediemur
1867 3108 2160 3164 argumen-
2187 3115 2229 3174 ο
2261 3096 2316 3150 δυ

2270 3096 2691 3166 δυσωπήσωμεν,
2719 3095 2890 3159 οὕτως
2923 3095 3344 3166 ὲπιχειρίσωμεν
3373 3113 3385 3126 ο
3413 3096 3475 3148 Εἰ
3516 3097 3653 3149 Θεοῦ
3687 3099 3715 3150 6
3749 3101 3842 3151 νό-

593 3188 697 3240 tari
726 3207 742 3242 ι
781 3184 835 3240 Si
875 3185 968 3240 Dei
1001 3192 1084 3238 est
1108 3185 1215 3245 lex.
1263 3199 1433 3254 quare
1462 3184 1630 3256 legem
1660 3199 1770 3239 non
1801 3185 2028 3239 tenent?
2062 3183 2158 3239 Sin
2268 3206 2316 3259 με

2270 3205 2385 3259 μος,
2421 3187 2560 3241 διατί
2603 3190 2662 3241 οὺ
2707 3189 3095 3260 παραδέχονται
3137 3189 3228 3242 τὸν
3269 3188 3469 3258 νόμον;
3511 3190 3575 3242 Εἰ
3626 3190 3684 3243 δὲ
3721 3191 3836 3242 δια-

592 3295 722 3334 vero
773 3280 943 3349 legem
986 3277 1317 3344 criminaris,
1371 3277 1528 3345 cujus
1585 3277 1748 3332 verba
1807 3292 1870 3332 ac
1914 3291 2020 3330 vox
2075 3276 2160 3332 lex
2261 3279 2316 3333 6d

2270 3279 2473 3343 ϐάλλεις
2517 3280 2606 3333 τὸν
2651 3281 2830 3350 νόμον,
2881 3281 3023 3343 τίνος
3071 3282 3290 3352 ῥήματα
3329 3282 3420 3334 καὶ
3471 3283 3625 3354 φωνὴ
3684 3285 3712 3336 6
3750 3286 3826 3336 νό-

587 3372 717 3426 est?
746 3370 902 3439 cujus
936 3377 1221 3452 potestate,
1262 3383 1384 3439 qua:
1427 3369 1628 3439 scripta
1669 3376 1816 3433 sunt,
1864 3369 2041 3423 locuta
2075 3376 2159 3422 est
2262 3387 2316 3441 μι

2270 3387 2398 3441 μοςς
2446 3369 2590 3433 τίνος
2637 3371 2861 3440 δυνάμει
2908 3369 2977 3423 τὰ
3023 3372 3381 3441 γεγραμμένα
3418 3372 3572 3441 παρὰ
3621 3373 3714 3427 τοῦ
3748 3376 3831 3425 v6-

591 3463 721 3518 lex?
752 3461 850 3516 Hic
871 3463 1080 3530 partita:
1124 3470 1252 3515 sunt
1275 3461 1511 3515 haereses
1541 3501 1556 3525 ,
1599 3461 1828 3530 necjam
1851 3475 1958 3514 uno
1995 3461 2156 3514 modo
2260 3481 2316 3534 μ(

2270 3481 2360 3532 μου
2387 3462 2708 3533 λελάληται;
2750 3463 3010 3516 Ἐνταῦθα
3057 3462 3165 3534 γὰρ
3208 3464 3264 3515 αἱ
3302 3464 3539 3533 αἱρέσεις
3570 3464 3831 3538 διαιροῦν-

591 3556 1042 3618 sermocinantes,
1069 3555 1162 3610 sed
1207 3554 1313 3608 sibi
1364 3561 1724 3624 repugnantes
1768 3571 1780 3606 :
1816 3567 1878 3606 ac
1929 3551 2158 3608 Valenti-
2255 3574 2316 3608 τα

2270 3574 2363 3620 ται,
2423 3556 2514 3608 καὶ
2566 3556 2746 3609 οὐκέτι
2803 3558 2962 3626 ὃμοια
3022 3554 3388 3624 διαλέγονταιο
3442 3557 3559 3610 ἀλλ’
3607 3560 3829 3622 ἑαυταῖς

589 3649 736 3703 niani
776 3649 992 3717 quidem
1027 3647 1126 3713 sic,
1154 3646 1432 3700 Manichzei
1465 3662 1592 3700 vero
1612 3647 1789 3714 aliter,
1837 3662 1995 3703 secus
2019 3647 2156 3700 Mar-
2259 3666 2316 3718 με

2270 3649 2555 3718 μαχόμεναο
2589 3649 2681 3701 καὶ
2724 3647 3150 3701 Οὐαλεντινιανοὶ
3206 3648 3301 3718 μὲν
3344 3641 3444 3702 ὦδε
3468 3690 3482 3713 ,
3537 3651 3825 3722 Μανιχαῐοι

584 3742 734 3796 cion.
772 3739 961 3810 Sputa,
990 3755 1097 3794 non
1119 3741 1281 3794 verba
1309 3741 1684 3794 testimonium
1715 3750 1840 3795 sunt
1868 3747 2059 3795 contra
2084 3741 2155 3795 Ie-
2254 3735 2316 3795 ὧὲ

2270 3735 2390 3804 Βδε,
2424 3740 2646 3811 ἑτέρωθι
2690 3742 2747 3794 δὲ
2792 3742 3076 3812 Μαρκίων.
3130 3740 3446 3812 Πτύσματα,
3483 3748 3576 3795 καὶ
3629 3746 3692 3797 οὐ
3738 3747 3825 3816 pi;

584 3849 730 3904 gem.
777 3830 1144 3886 Valentiniani
1170 3831 1410 3900 quidem,
1469 3828 1681 3896 Justus,
1735 3831 2008 3902 inquiunt,
2037 3842 2154 3888 erat
2256 3850 2316 3904 με

2270 3850 2400 3885 tam
2452 3832 2592 3885 κατὰ
2639 3832 2732 3884 τοῦ
2776 3833 2939 3904 νόμου
2991 3833 3360 3906 μαρτυροῦσι’
3409 3836 3500 3889 καὶ
3541 3838 3825 3891 Οὐαλεντι-

586 3925 730 3980 Deus
763 3924 916 3993 legis;
952 3931 1004 3977 et
1021 3939 1144 3976 cum
1165 3923 1351 3990 justus
1367 3928 1655 3985 esset,non
1679 3930 1796 3977 erat
1817 3922 1977 3977 Pater
1998 3921 2148 3976 Filii.
2252 3941 2316 3978 νι‹

2270 3924 2422 3976 naval.
2461 3924 2577 3994 μὲν,
2629 3924 2868 3990 Δίκαιος,
2903 3926 3082 3994 φασιν,
3123 3921 3190 3996 ἦν
3234 3929 3262 3981 6
3299 3923 3389 3980 τοῦ
3437 3929 3599 3998 νόμου
3648 3930 3818 3994 Θεὸς·

580 4015 764 4082 Jesus,
814 4015 1084 4086 inquiunt,
1115 4015 1309 4079 bonus,
1351 4014 1525 4068 bonus
1551 4023 1729 4068 autem
1762 4021 1816 4067 et
1850 4012 2050 4080 Pater;
2087 4029 2152 4069 ac
2253 4035 2316 4070 κα

2270 4017 2346 4070 cal.
2391 4017 2592 4082 δίκαιος
2639 4015 2746 4084 ὢν,
2789 4017 2850 4070 οὑ
2909 4017 3095 4089 Πατὴρ
3141 4014 3210 4090 ἦν
3260 4019 3353 4073 τοῦ
3395 4019 3545 4074 Υἱοῦ.
3591 4022 3818 4092 Ἰησοῦς,

585 4107 746 4163 Pater
779 4109 995 4178 quidem
1019 4109 1195 4162 bonus
1223 4123 1238 4172 ;
1267 4114 1320 4162 et
1347 4107 1546 4160 bonum
1579 4105 1722 4176 quod
1751 4107 1992 4176 genitum
2023 4115 2103 4160 est
2132 4123 2147 4172 ;
2252 4128 2316 4179 φα

2270 4111 2454 4179 ρασὶν,
2511 4109 2744 4179 ἀγαθός·
2813 4109 3015 4178 ἀγαθὸς
3057 4109 3113 4163 δὲ
3170 4110 3263 4164 καὶ
3312 4111 3340 4163 ὁ
3383 4111 3607 4184 Πατήρ·
3650 4113 3742 4166 καὶ
3793 4115 3821 4166 6

587 4202 729 4257 Deus
757 4211 885 4255 vero
931 4201 1066 4271 legis
1127 4200 1328 4269 justus.
1396 4198 1596 4253 Taliter
1647 4197 1975 4252 disserentes
2037 4212 2143 4250 non
2254 4204 2316 4274 μὲ

2270 4204 2351 4256 ιὲν
2389 4203 2481 4256 τοῦ
2521 4202 2651 4257 Υίοῦ
2699 4203 2886 4275 Πατὴρ
2933 4203 3167 4271 ἀγαθὸς,
3206 4203 3300 4257 καὶ
3349 4205 3549 4274 ἀγαθὸν
3589 4215 3650 4258 το
3695 4223 3818 4275 γεν-

585 4294 1213 4363 intellexerunt,qualem
1234 4291 1604 4346 habitudinem
1624 4291 1816 4344 habeat
1843 4290 2049 4358 justum
2081 4289 2148 4342 ad
2249 4296 2316 4349 νά

2270 4296 2508 4368 ιὼμενον,
2543 4299 2572 4351 6
2602 4298 2658 4350 δὲ
2683 4296 2775 4350 τοῦ
2806 4297 2969 4367 νόμου
2999 4297 3221 4360 δίκαιος
3259 4298 3354 4350 καὶ
3383 4297 3608 4351 τοιαῦτα
3641 4299 3816 4352 διαλε-

582 4389 816 4453 bonum;
849 4402 1025 4455 neque
1074 4385 1140 4440 de
1190 4400 1254 4439 eo
1285 4386 1688 4454 cogitaverunt,
1737 4383 1881 4451 quod
1935 4383 1980 4436 si
2018 4382 2146 4451 quid
2181 4457 2210 4461 _
2250 4388 2314 4456 γό

2270 4388 2487 4459 τόμενοι,
2522 4389 2638 4442 οἷαν
2669 4391 2850 4460 σχέσιν
2883 4389 2942 4441 τὸ
2974 4388 3175 4442 δίκαιον
3210 4389 3344 4460 πρὸς
3379 4389 3440 4442 τὸ
3475 4390 3675 4458 ἀγαθὸν
3705 4390 3816 4461 ἔχει

577 4481 814 4552 justum,
843 4487 926 4533 cst
953 4489 1006 4533 et
1037 4477 1274 4542 bonum;
1304 4483 1357 4530 et
1410 4477 1455 4530 si
1507 4475 1636 4546 quid
1690 4475 1893 4530 bonum
1915 4514 1930 4538 ,
1978 4482 2063 4529 cst
2097 4486 2150 4528 et
2181 4457 2225 4514 ί)
2251 4481 2310 4533 οὐ

2270 4481 2310 4532 r5
2336 4484 2619 4552 νενοήκασι
2640 4499 2651 4510 ’
2681 4481 2775 4534 καὶ
2803 4483 2904 4546 ὅτι,
2937 4481 2989 4533 εἴ
3013 4498 3064 4533 τι
3092 4481 3317 4546 δίκαιον,
3349 4481 3442 4534 καὶ
3470 4482 3695 4550 ἀγαθὸν,
3723 4485 3815 4536 καὶ

577 4575 811 4644 justum.
837 4573 973 4628 Cum
1001 4579 1179 4626 autem
1211 4569 1520 4638 hujusmodi
1551 4569 1910 4640 cogitationes
1957 4567 2142 4622 conci-
2250 4570 2305 4623 εἴ

2270 4570 2305 4622 ;ί
2328 4588 2380 4622 τι
2413 4571 2634 4639 ἀγαθὸν,
2653 4571 2878 4633 δίκαιον,
2909 4571 3012 4624 οὐδ’
3041 4572 3096 4623 ὲν
3127 4571 3394 4643 φαντασίᾳ
3419 4571 3695 4643 εἰλήφασι.
3724 4575 3813 4646 Μὴ

581 4672 710 4735 pere
735 4680 844 4718 non
876 4665 1167 4734 potuerint,
1197 4662 1299 4715 hoc
1345 4660 1519 4715 solum
1559 4677 1654 4717 eos
1686 4661 2090 4730 interrogemus
2128 4678 2141 4714 :
2249 4661 2316 4713 δυ·

2270 4660 2530 4731 ἱυνάμενοι
2568 4661 2624 4714 δὲ
2664 4661 2917 4724 τοιαύτας
2949 4664 3245 4732 φαντασίας
3269 4663 3431 4733 ἔχειν,
3470 4665 3630 4718 τοῦτο
3659 4667 3814 4736 μόνον

584 4752 642 4811 Si
666 4757 847 4827 justus
873 4765 955 4810 est
983 4753 1124 4808 Deus
1156 4753 1307 4823 legis,
1342 4759 1525 4806 etnon
1557 4759 1641 4806 est
1675 4750 1836 4805 Pater
1859 4750 2004 4815 Filii,
2032 4766 2144 4805 non
2250 4752 2316 4822 ἐρ

2270 4751 2663 4822 ιρωτάσθωσανο
2689 4753 2751 4804 Εἰ
2785 4752 2988 4817 δίκαιος
3026 4757 3054 4808 6
3087 4753 3180 4806 τοῦ
3212 4754 3374 4825 νόμου
3406 4755 3560 4819 Θεὸς,
3597 4760 3695 4811 καὶ
3718 4760 3811 4811 οὐκ

579 4851 667 4902 es:
698 4844 880 4912 justus
907 4843 1066 4899 .lesus
1093 4861 1106 4896 :
1142 4849 1195 4897 et
1232 4840 1504 4912 quomodo
1530 4839 1800 4910 justitiam
1837 4855 1865 4892 a
1891 4838 2028 4893 Filio
2057 4855 2145 4894 re-
2249 4839 2316 4892 ἒσ

2270 4840 2362 4894 ἱστι
2395 4843 2582 4914 Πατὴρ
2616 4842 2706 4896 τοῦ
2730 4843 2880 4908 Υἱοῦ,
2909 4845 3008 4896 οὐκ
3040 4843 3153 4896 ἐστι
3175 4845 3378 4909 δίκαιος
3404 4848 3432 4899 6
3471 4847 3702 4918 Ἰησοῦς·
3724 4851 3808 4902 καὶ

579 4938 884 5010 quirimus?
912 4939 957 4992 si
991 4953 1097 4991 non
1121 4945 1203 4992 est
1227 4935 1440 5006 genitus
1475 4949 1503 4986 a
1528 4934 1699 5003 justo,
1737 4933 2013 5003 quomodo
2049 4933 2143 5001 ju-
2247 4932 2316 4985 πᾶ

2270 4932 2363 4997 τῶς
2403 4935 2499 5006 τὴν
2542 4935 2879 5006 δικαιοσύνην
2911 4935 3018 4988 ἀπὸ
3047 4935 3140 4988 τοῦ
3173 4935 3301 4989 Υἱοῦ
3335 4937 3708 5009 ἀπαιτοῦμεν;
3754 4941 3806 4992 ΕΞ

576 5028 756 5086 dicat?
788 5028 1058 5098 quomodo
1084 5029 1288 5094 judicio
1329 5026 1610 5081 decernit?
1662 5025 1933 5094 quomodo
1993 5038 2143 5077 com-
2244 5025 2304 5076 οὺ

2270 5025 2304 5076 ὑ
2333 5024 2650 5094 γεγέννηται
2683 5026 2790 5078 ἀπὸ
2820 5025 2912 5078 τοῦ
2941 5025 3170 5089 δικαίου,
3201 5025 3318 5084 πῶς
3345 5027 3556 5098 κρίνει;
3590 5029 3706 5092 πῶς
3736 5029 3808 5081 δι-

575 5119 805 5174 ιηὶεευῐη
831 5125 913 5172 εει
938 5117 987 5170 ei
1023 5131 1053 5169 a
1096 5116 1255 5172 Patre
1284 5115 1554 5172 tribunal?
1604 5113 1880 5185 quomodo
1920 5112 2140 5168 unicui-
2244 5116 2315 5168 κά

2270 5114 2398 5180 εάζει
2421 5132 2434 5179 ;
2471 5116 2585 5179 πῶς
2611 5117 2670 5168 τὸ
2703 5115 2852 5187 βῆμα
2880 5118 3277 5188 ἐγκεχείρισται
3304 5118 3412 5171 ἀπὸ
3437 5118 3532 5171 τοῦ
3570 5121 3805 5188 Πατρός

573 5227 682 5282 que
710 5209 886 5265 reddit
917 5209 1215 5262 secundum
1244 5224 1406 5279 opera
1435 5208 1570 5262 sua?
1625 5207 1896 5276 quomodo
1947 5220 2136 5259 verum
2244 5207 2316 5259 πᾶ

2270 5207 2361 5270 πῶς
2380 5208 2592 5277 ἑκάστῳ
2617 5207 2902 5260 ἀποδίδωσι
2930 5208 3064 5279 πρὸς
3092 5208 3128 5262 ἃ
3148 5207 3382 5281 inpage;
3413 5209 3528 5272 πῶς
3557 5209 3804 5280 ἀληθεύει

571 5311 658 5357 cst
686 5301 829 5373 quod
854 5300 928 5354 ait
961 5297 1196 5353 Paulus:
1247 5297 1324 5352 Iis
1371 5301 1460 5368 qui
1491 5300 1772 5353 secundum
1820 5298 2130 5366 patientiam
2242 5299 2316 5350 Ila

2270 5296 2474 5362 ἰαῦλος,
2518 5297 2709 5366 λέγων,
2766 5299 2891 5364 Τοῖς
2928 5299 3044 5368 μὲν
3091 5301 3218 5354 καθ’
3273 5301 3589 5370 ὑπομονὴν
3635 5304 3801 5370 ἔργον

572 5393 695 5449 boni
735 5393 902 5462 operis
943 5390 1168 5461 gloriam
1211 5399 1260 5443 et
1302 5389 1545 5442 honorem
1595 5398 1644 5442 et
1693 5388 2134 5456 incorruptionem
2241 5389 2316 5457 ἀγ

2270 5387 2464 5457 ὶγιῑθοῦ
2491 5385 2730 5456 ζητοῦσι
2755 5389 2904 5458 ζωὴν
2933 5389 3186 5445 αἰώνιον·
3219 5392 3328 5464 (55)
3357 5395 3384 5445 ὁ
3426 5392 3558 5456 Θεὸς
3617 5410 3797 5463 συνερ-

642 5549 686 5581 ¹⁷
723 5551 934 5606 Coloss.
972 5567 1019 5612 ι,
1052 5547 1141 5601 2i.
1220 5547 1264 5578 ’⁸
1303 5545 1458 5601 Rom.
1495 5561 1570 5611 ιι,
1608 5545 1692 5600 16.
1731 5548 1816 5578 ’³⁸
1857 5544 2018 5602 llebr.
2083 5562 2138 5610 ι,
2174 5545 2224 5609 l,
2260 5544 2316 5597 2.

641 5663 749 5733 (55)
793 5665 857 5717 '0
872 5665 1013 5731 Θεὸς
1039 5663 1322 5733 συνεργεῖ
1342 5665 1427 5728 εἰς
1455 5662 1698 5732 ἀγαθόν.
1732 5660 1788 5714 1η
1814 5669 1960 5714 textu
1984 5659 2122 5712 Pau-
2228 5675 2292 5733 ea

2270 5675 2292 5712 ι
2322 5674 2451 5733 sane
2473 5659 2692 5733 legebat
2728 5659 3012 5733 interpres.
3045 5658 3198 5726 Quin
3232 5660 3641 5733 etimportuna
3674 5663 3792 5733 huic

569 5744 681 5787 uno
715 5728 869 5790 Boni.
913 5728 1123 5791 ιιᾙἹ-θ.
1172 5728 1280 5790 non
1313 5728 1528 5790 exstant
1571 5735 1678 5786 haec
1717 5733 1878 5787 verba
1909 5750 1920 5786 :
1950 5747 2122 5800 neque
2233 5731 2351 5786 loco
2399 5728 2671 5784 videntur.
2727 5731 2969 5802 Apostoli
3013 5733 3160 5788 enim
3196 5731 3376 5788 verbis
3399 5728 3789 5803 'prtemittcuda
