4038 6288
231 259 366 315 ιεξι

1276 257 1639 314 ADVERSUS
1677 257 2098 314 MANICHIEOS
2122 258 2249 314 LIB.
2279 259 2369 314 Ill.

3319 264 3458 320 1222

224 379 320 447 γεῖ
347 376 426 438 εἰς
449 374 508 428 τὸ
540 373 774 442 ἀγαθόν·
807 375 1034 442 mrces
1058 374 1129 440 ἐξ
1157 375 1406 443 ἐριθείας
1434 374 1786 445 πειθομένοις

1900 386 2139 446 quaerunt
2164 415 2180 433 .
2236 378 2397 430 vitam
2429 383 2678 431 (eternam
2706 394 2724 431 :
2758 380 2822 434 iis
2869 387 3042 432 autem
3089 379 3180 448 qui
3228 390 3351 433 sunt
3392 398 3457 435 ea:

227 469 301 538 τῇ
329 467 552 534 ἀδικίᾳ,
575 467 717 537 ὀργὴ
743 466 838 520 καὶ
861 469 1062 537 θυμός·
1087 469 1293 536 θλίψις
1312 467 1410 521 καὶ
1433 467 1795 537 στενοχωρία

225 563 327 616 ἐπὶ
354 559 561 616 πᾶσαν
579 560 789 629 ψυχὴν
815 559 1147 628 ἀνθρώπου.
1170 560 1274 614 τοῦ
1297 557 1793 629 κατεργαζομένου

227 655 295 708 τὸ
322 655 547 714 narrar;
575 653 805 706 Λέλυται
833 651 940 724 γὰρ
972 653 1038 706 τὰ
1065 654 1300 724 ῥήματα,
1333 654 1380 704 εἰ
1405 653 1432 704 6
1460 650 1554 703 τοῦ
1584 649 1792 704 δικαίου

227 746 352 815 ὅρος
378 747 456 816 τῷ
481 743 592 814 Υἱῷ
616 745 716 796 οὐκ
742 743 1064 798 ἀποδίδοται.
1095 745 1157 796 Εἰ
1177 743 1235 796 δὲ
1258 743 1494 813 τιμωρία
1531 744 1627 814 μὲν
1655 742 1795 795 κατὰ

227 839 338 890 τῶν
362 837 705 890 ἐπταικότων
737 838 933 898 κεῖται,
967 837 1060 888 καὶ
1089 836 1288 908 μέτρον
1320 836 1586 906 τιμωρίας
1627 837 1659 906 ή
1698 834 1792 888 τοῦ

222 926 438 979 δικαίου
471 925 763 978 ἐπιστασία
788 925 1048 994 γίγνεται·
1075 926 1236 995 ¹τιμαὶ
1262 925 1317 977 δέ
1341 925 1432 978 καὶ
1465 925 1662 995 δωρεαὶ
1684 927 1797 988 τοῖς

231 1017 605 1090 εὐδοκιμοῦσιν
625 1017 1099 1088 ἀποταμιεύονται·
1125 1020 1218 1072 καὶ
1243 1018 1587 1088 σταθμίζεται
1607 1019 1640 1089 η
1661 1017 1793 1088 τιμὴ

223 1113 295 1180 τῇ
329 1109 422 1162 τοῦ
449 1109 657 1164 δικαίου
687 1109 980 1180 ἐπικρίσει·
1015 1109 1129 1172 πῶς
1157 1109 1571 1172 διαστέλλονται,
1603 1109 1697 1162 καὶ
1729 1109 1790 1161 οὑ

225 1200 606 1254 συστέλλονται
629 1200 726 1272 τὴν
760 1199 1080 1272 προπέτειαν
1101 1216 1115 1265 ;
1136 1200 1208 1253 El
1234 1199 1291 1252 δὲ
1314 1199 1342 1250 ό
1363 1197 1668 1270 Μυνογενὴς
1694 1197 1793 1268 μὲν

229 1293 487 1357 τοιοῦτος,
503 1292 562 1345 οὐ
573 1291 808 1355 τοιοῦτος
822 1292 876 1343 δέ
891 1293 918 1344 6
929 1292 1138 1363 Πατήρ·
1152 1291 1327 1345 οὐκέτι
1340 1291 1520 1361 ὅμοιος
1538 1290 1596 1354 ἐξ
1609 1290 1792 1360 ὁμοίου

230 1383 573 1451 γεγέννηται·
626 1381 805 1434 οὐκέτι
841 1381 1001 1435 εἰκὼν
1032 1381 1126 1435 τοῦ
1177 1383 1581 1453 γεγεννηκότος·
1611 1381 1791 1435 οὑκέτι

229 1474 553 1544 χαρακτήρ·
583 1473 762 1526 οὐκέτι
794 1475 1174 1545 ἀπαύγασμα·
1200 1475 1380 1529 οὐκέτι
1411 1477 1439 1528 6
1473 1475 1680 1546 βλέπων
1702 1473 1792 1527 τὸν

233 1567 360 1620 Υίὺν
391 1567 573 1637 βλέπει
600 1567 688 1619 τὸν
720 1567 958 1638 Πατέρα,
993 1567 1109 1636 εἴγε
1147 1568 1220 1638 μὴ
1249 1569 1365 1621 ὅσα
1404 1568 1526 1635 ἔχει
1569 1570 1601 1620 ό
1639 1563 1788 1630 Υἱὸς,

232 1657 357 1727 ἕχει
388 1661 419 1712 ὁ
457 1656 667 1727 Πατήρ·
701 1659 795 1710 καὶ
827 1656 923 1728 βοᾷ
961 1661 989 1712 6
1027 1658 1214 1730 Σωτὴρ
1251 1659 1309 1711 ἐν
1343 1657 1422 1728 τῷ
1459 1655 1787 1725 Εὑαγγελίῳ·

1901 466 2246 530 contentione,
2277 474 2325 519 et
2351 467 2440 535 qui
2471 482 2574 520 non
2607 469 2942 536 acquiescant
2982 468 3211 534 veritati,
3240 467 3459 522 credunt

1900 567 2074 612 autem
2099 558 2387 628 iniquitati,
2419 559 2501 610 ira
2526 568 2574 612 et
2608 559 2902 630 indignatio
2925 575 2944 612 :
2973 560 3247 615 tribulatio
3276 573 3326 615 et
3357 580 3460 615 an-

1897 650 2074 719 gustia
2121 649 2177 702 in
2239 666 2437 702 omnem
2485 650 2715 703 animam
2772 650 2998 704 hominis
3047 655 3310 720 operantis
3340 671 3459 708 ma—

1900 741 2007 793 lum
2033 740 2116 792 '°?
2150 740 2335 794 Soluta
2355 740 2500 796 enim
2529 748 2657 796 sunt
2690 749 2742 796 et
2761 753 3098 798 evanuerunt
3128 744 3244 798 haae
3269 745 3457 809 verba,

1898 834 1944 888 si
1979 833 2221 888 deﬁnitio
2247 834 2381 902 justi
2412 847 2520 887 non
2554 836 2999 890 accommodatur
3022 843 3076 890 et
3102 837 3348 890 redditur
3371 836 3461 890 Fi-

1897 925 1991 980 lio.
2031 923 2087 979 Si
2135 931 2315 979 autem
2365 925 2433 979 iis
2461 925 2555 993 qui
2584 923 2948 994 deliquerunt,
2984 928 3339 981 constitutum
3375 936 3462 982 est

1897 1017 2247 1086 supplicium,
2276 1024 2329 1072 et
2375 1016 2558 1084 justus
2603 1017 2698 1086 qui
2732 1026 2946 1086 praeest,
2985 1019 3312 1088 supplicium
3347 1037 3461 1074 me-

1899 1110 2062 1171 llllﬂ';
2112 1117 2304 1162 contra
2353 1122 2483 1162 νει-ο
2519 1107 2756 1164 honores
2788 1115 2842 1163 et
2898 1123 3123 1163 munera
3170 1117 3460 1166 servantur

1896 1201 2034 1254 bene
2061 1199 2306 1262 meritis,
2359 1207 2411 1253 et
2455 1198 2632 1254 honor
2670 1198 2882 1253 delectu
2944 1213 3008 1252 ac
3067 1199 3458 1269 dijudicatione

1891 1292 2025 1361 justi
2051 1289 2380 1358 ponderatur
2408 1307 2422 1344 :
2454 1290 2727 1360 quomodo
2751 1305 2860 1344 non
2885 1290 3198 1345 discindunt
3228 1301 3280 1347 et
3306 1307 3458 1348 com-

1896 1380 2137 1448 primunt
2168 1378 2561 1449 petulantiam?
2597 1378 2654 1432 Si
2707 1388 2887 1435 autem
2939 1381 3062 1436 talis
3109 1383 3326 1452 quidem
3371 1393 3457 1438 est

1897 1470 2247 1541 Unigenitus,
2283 1469 2444 1525 Pater
2465 1485 2594 1524 vero
2623 1486 2733 1525 non
2784 1480 2868 1526 est
2914 1471 3070 1539 talis;
3109 1491 3216 1527 non
3247 1475 3356 1544 jam
3389 1493 3458 1532 ex

1896 1564 2058 1620 simili
2082 1563 2275 1618 similis
2305 1564 2518 1633 genitus
2553 1572 2637 1618 est
2664 1581 2679 1617 :
2709 1578 2818 1617 non
2841 1563 2954 1632 jam
2979 1572 3062 1619 est
3091 1566 3264 1637 imago
3311 1569 3452 1637 ejus,

1898 1659 1988 1725 qui
2014 1655 2236 1726 genuit;
2266 1671 2370 1709 non
2404 1656 2576 1725 ﬁgura
2598 1695 2614 1720 ,
2656 1671 2765 1709 non
2799 1655 3044 1724 splendor
3077 1657 3114 1687 ³¹
3154 1676 3166 1710 :
3200 1673 3307 1711 non
3341 1659 3452 1728 jam

232 1748 422 1818 Πάτερ
451 1750 657 1815 δίκαιε,
692 1748 791 1802 καὶ
815 1752 848 1802 ὀ
880 1750 1106 1818 κόσμος
1139 1764 1211 1802 σε
1243 1752 1352 1802 οὐκ
1388 1751 1559 1818 ἔγνω,
1582 1746 1696 1816 ἐγὼ
1725 1747 1786 1801 δέ

1891 1747 1984 1817 qui
2015 1746 2161 1800 videt
2189 1745 2385 1799 Filium
2414 1786 2429 1811 ,
2467 1745 2611 1801 videt
2642 1744 2881 1809 Patrem,
2920 1745 2966 1801 si
2998 1761 3106 1800 non
3139 1763 3456 1818 quaecunque

231 1855 307 1894 σε
341 1841 550 1910 ἔγνων.
588 1840 650 1892 Τί
683 1841 1008 1912 πράξωμεν;
1060 1841 1203 1895 νῶτα
1239 1841 1422 1911 δῶμεν
1467 1839 1544 1910 τῷ
1591 1840 1786 1912 ῥήματι

1893 1837 2045 1892 liabet
2068 1835 2263 1902 Filius,
2298 1836 2448 1890 habet
2477 1841 2638 1892 Pater
2690 1837 2732 1868 ³³
2760 1856 2772 1892 :
2804 1845 2859 1892 et
2889 1838 3087 1891 clamat
3122 1838 3372 1892 Salvator
3398 1839 3452 1892 in

229 1933 325 1987 τοῦ
357 1934 634 2004 Σωτῆρος;
679 1935 1077 2005 araer-ﬁscus»);
1113 1933 1189 2004 τῷ
1215 1931 1614 2004 γεγραμμένῳ;
1658 1931 1692 2001 ἢ
1734 1930 1786 1983 τὲ

1894 1929 2187 2000 Evangelio
2217 1947 2231 1985 :
2268 1928 2312 1984 0
2336 1928 2498 1983 Pater
2517 1930 2682 1999 juste,
2713 1929 2940 1984 mundus
2969 1940 3017 1984 te
3046 1947 3150 1984 non
3175 1933 3334 1995 novit,
3361 1948 3453 2002 ego

235 2028 333 2100 μὲν
355 2028 503 2098 ῥῆμα
535 2026 903 2098 θαυμάσομεν·
949 2027 1045 2096 τῆς
1072 2026 1179 2095 γὰρ
1207 2025 1460 2095 ἀληθείας
1487 2023 1602 2076 ἐστὶ
1625 2024 1786 2093 ῥῆμα.

1895 2039 2012 2077 vero
2043 2030 2089 2076 te
2114 2022 2230 2076 novi
2253 2020 2320 2076 ".
2356 2020 2498 2088 Quid
2541 2021 2798 2091 agemus?
2831 2031 2981 2092 terga
3043 2022 3235 2078 demus
3286 2026 3453 2079 verbo

233 2119 618 2182 Οὑαλεντίνους
645 2120 700 2172 δὲ
727 2119 802 2182 ὡς
837 2120 1144 2190 μεμηνότας
1168 2119 1260 2170 καὶ
1288 2115 1675 2187 δαιμονῶντας
1696 2113 1786 2181 ἐξα.

1899 2112 2216 2178 Salvatoris,
2249 2129 2318 2168 ne
2347 2113 2635 2170 credamus
2666 2116 2910 2185 scripto:
2943 2126 3036 2169 aut
3068 2116 3362 2173 habeamus
3398 2117 3453 2172 in

230 2213 339 2267 τῶν
371 2213 687 2285 θεοπρεπῶν
715 2215 808 2267 καὶ
838 2212 994 2282 ἱερῶν
1026 2211 1308 2282 συνεδρίων
1343 2213 1645 2282 στήσωμεν.

1897 2206 2258 2261 admiratione
2285 2205 2548 2260 verbum?
2610 2213 2694 2262 est
2747 2207 2890 2262 enim
2930 2208 3155 2262 verbum
3188 2209 3450 2265 veritatis.

233 2305 550 2362 Valentinus
604 2322 732 2362 vero
767 2313 1025 2377 tanquam
1055 2305 1402 2363 insanientes
1427 2314 1494 2360 et
1528 2319 1559 2358 a
1615 2304 1859 2359 daemone
1894 2310 2047 2358 actos
2100 2309 2256 2358 extra
2305 2310 2606 2358 conventus
2654 2315 2719 2356 ae
2774 2301 3058 2359 confessus
3124 2313 3342 2359 sanctos
3397 2313 3454 2360 et

214 2401 401 2459 {Deum
434 2403 688 2458 decentes
724 2401 1133 2457 collocabimus.

313 2497 451 2550 Ἀλλ’
481 2497 666 2568 ἐπειδὴ
690 2497 888 2551 ἄτοπόν
915 2515 967 2550 τι
991 2497 1271 2568 πάσχομεν
1296 2497 1386 2551 τὸν
1404 2497 1549 2553 κατὰ
1573 2499 1683 2552 τῶν
1705 2498 1786 2552 αἱ·

1966 2490 2071 2546 Sed
2095 2489 2224 2561 quia
2254 2489 2458 2560 aliquid
2488 2489 2802 2545 indecorum
2848 2491 3005 2546 nobis
3037 2492 3266 2558 accidit,
3321 2493 3450 2549 dum

231 2587 503 2660 ρεσιωτῶν
542 2586 870 2658 μηκὺνοντες
912 2585 1088 2654 λόγον,
1137 2585 1210 2657 μὴ
1240 2585 1442 2656 ταύτης
1470 2586 1569 2657 τῆς
1597 2584 1786 2639 ὑποθέ-

1894 2597 2202 2640 sermonem
2253 2591 2444 2638 contra
2501 2582 2782 2638 hazreticos
2837 2584 2994 2654 longe
3045 2587 3448 2654 protrahimus,

232 2698 369 2743 σεως
396 2681 543 2751 ἡμᾶς
570 2678 852 2750 ἑλκούσης,
888 2677 1347 2749 ἀνακαλεσώμεθα
1377 2679 1470 2734 τὸν
1496 2679 1671 2748 λόγον,
1697 2679 1786 2733 καὶ

1894 2691 2018 2730 cum
2049 2691 2152 2731 nos
2190 2677 2466 2745 negotium
2515 2684 2826 2745 susceptum
2869 2692 2980 2731 non
3017 2693 3083 2732 eo
3117 2679 3328 2744 trahat;
3362 2694 3450 2734 re-

225 2775 324 2826 ἐπι
347 2772 442 2843 τὴν
471 2771 834 2843 ὑποκειμένην
857 2770 1108 2826 ὑπόθεσιν
1131 2775 1484 2843 χωρήσωμεν·
1505 2771 1786 2825 καὶταῦτα

1891 2784 2147 2825 vocemus
2175 2783 2503 2832 sermonem,
2532 2775 2586 2822 et
2614 2768 2680 2822 ad
2732 2769 3071 2838 propositum
3117 2777 3171 2824 et.
3228 2772 3452 2825 institu-

226 2863 322 2916 τοῦ
353 2863 657 2926 λυσιτελοῦς
685 2863 868 2917 ἕνεκεν
908 2863 1253 2934 ἐσκεμμένοι,
1290 2863 1375 2916 ἵνα
1413 2865 1550 2935 μήτε
1579 2855 1732 2926 οὗτος
1762 2865 1786 2916 ό

1895 2869 2008 2917 ιιιιιι
2036 2876 2324 2931 pergamus
2355 2879 2366 2913 :
2409 2859 2494 2914 his
2528 2859 2791 2916 hactenus
2835 2861 3038 2915 utiliter
3069 2863 3448 2928 consideratis,

224 2953 383 3023 λόγος
415 2955 588 3025 πάντη
624 2954 1027 3025 σεσιωπημένος
1058 2957 1186 3025 ἡμῖν
1221 2955 1456 3028 ὑπάρχῃ·
1490 2954 1650 3026 τριχῆ
1680 2953 1786 3026 γὰρ

1892 2961 1952 3007 ιιι
1982 2968 2159 3008 sermo
2187 2951 2253 3008 de
2285 2953 2405 3008 istis
2441 2968 2550 3007 non
2578 2954 2798 3008 omnino
2829 2954 2986 3010 nobis
3014 2956 3318 3024 pragteritus
3353 2957 3445 3010 sit.

225 3047 260 3117 ἡ
290 3046 520 3116 πονηρία
545 3046 845 3117 διῃρημένη
873 3046 1014 3100 κατὰ
1041 3047 1135 3099 τοῦ
1162 3046 1325 3116 νόμου
1356 3045 1671 3114 ἐφθέγξατο·
1696 3045 1786 3099 καὶ

1892 3042 2189 3114 Tripartita
2215 3045 2356 3098 enim
2393 3045 2634 3114 nequitia
2668 3053 2858 3100 contra
2886 3047 3056 3115 legem
3100 3047 3280 3100 locuta
3325 3054 3444 3110 est,

224 3137 512 3202 τοσαύταις
536 3138 854 3210 χρησαμένη
876 3138 1204 3209 διαιρέσεσι,
1227 3137 1500 3200 τοσούτοις
1525 3137 1786 3209 κέχρηται

1891 3137 2114 3191 totidem
2149 3137 2413 3191 ministris
2434 3144 2488 3189 et
2515 3136 2784 3206 praefectis
2816 3137 3167 3206 blasphemiae
3199 3154 3316 3202 usa,
3344 3137 3450 3192 Va-

227 3230 316 3282 καδ
353 3231 463 3292 τοῖς
491 3230 784 3300 ὑπηρέταις
813 3229 906 3283 καὶ
933 3229 1258 3300 προστάταις
1293 3231 1391 3299 τῆς
1426 3227 1786 3299 βλασφημίας,

1892 3229 2097 3282 lentino
2159 3226 2376 3296 quidem
2435 3226 2501 3280 ad
2549 3227 2894 3282 minuendam
2947 3237 3000 3283 et
3049 3229 3446 3284 extenuandam

227 3320 476 3392 ᾑρημένη
508 3321 633 3384 τοὺς
658 3321 993 3392 ὑπηρετῆσαι
1023 3321 1368 3391 δυναμένους·
1403 3321 1496 3374 καὶ
1532 3319 1618 3372 διὰ
1648 3320 1786 3372 Οὐα-

1892 3318 2083 3388 legem,
2111 3326 2164 3372 et
2189 3316 2547 3386 separandum
2578 3316 2963 3389 Evangelium;
3007 3318 3283 3374 Marcione
3317 3335 3448 3375 vero

224 3410 460 3464 λεντίνου
493 3411 590 3481 μὲν
624 3411 940 3483 σμικρύνειν
974 3410 1064 3463 τὸν
1100 3409 1281 3480 νόμον,
1314 3409 1408 3463 καὶ
1436 3409 1688 3480 χωρίζειν
1727 3406 1786 3461 τὸ

1891 3409 1958 3463 ad
1989 3409 2330 3477 tradendum,
2361 3425 2484 3465 esse
2531 3408 2873 3481 Scripturam
2929 3411 3066 3482 legis
3105 3413 3445 3466 abortionem

225 3505 572 3573 Εὑαγγέλιον·
606 3505 693 3558 διὰ
726 3505 783 3557 δὲ
818 3503 1138 3575 Μαρκίωνος
1164 3501 1512 3574 ἐκτρώματός
1538 3519 1680 3565 τινος
1713 3499 1786 3555 εί-

1891 3501 2210 3574 quamdam;
2262 3502 2558 3558 Manichaee
2584 3512 2762 3559 autem
2803 3502 2870 3558 ad
2901 3503 3294 3568 mentiendum,
3326 3517 3448 3558 esse

207 3613 313 3649 ιναι
330 3597 428 3666 τὴν
450 3595 544 3649 τοῦ
567 3597 730 3666 νόμου
753 3597 992 3667 Γραφήν·
1021 3596 1107 3649 διὰ
1126 3596 1182 3648 δέ
1209 3595 1527 3666 Μανιχαίου,
1551 3593 1785 3667 πονηροῦ

1891 3594 2054 3665 legem
2085 3593 2370 3664 cujusdam
2408 3595 2556 3660 mali,
2579 3593 2866 3664 splendore
2891 3596 3129 3650 carentis
3155 3603 3208 3648 et
3233 3609 3298 3648 ex
3326 3602 3441 3649 toto

221 3702 389 3748 τινος,
424 3684 716 3766 ἁφεγγοῦς,
733 3683 851 3737 ὅλον
881 3687 1121 3748 σκότους·
1162 3682 1384 3736 τοιαῦτα
1407 3683 1515 3752 γὰρ
1540 3684 1784 3754 πράττει·

221 3772 445 3826 τοιαῦτα
469 3774 711 3846 ῥημάτια
733 3775 1031 3846 συντίθησι·
1058 3774 1360 3828 κενολεκτεί
1379 3773 1464 3826 διὰ
1489 3774 1786 3838 συνθέσεως

222 3867 462 3938 ῥήματα,
495 3867 881 3938 καταπλήττων
915 3865 1083 3928 ἀκοὰς
1101 3865 1496 3935 ἀγυμνάστους.

1885 3685 2230 3740 tenebricosi.
2264 3685 2416 3739 Talia
2434 3686 2580 3740 enim
2609 3685 2739 3756 agit,
2762 3686 2890 3740 talia
2924 3686 3090 3740 verba
3128 3685 3440 3754 componit;

1885 3791 2024 3832 vana
2057 3778 2334 3847 loquitur;
2387 3792 2544 3833 aures
2574 3778 2738 3831 rudes
2771 3788 2825 3831 et
2877 3777 3259 3832 inexercitatas
3287 3793 3440 3831 com-

1889 3869 2160 3937 positione
2185 3870 2472 3924 verborum
2497 3869 2554 3924 in
2588 3868 2998 3924 admirationem
3024 3867 3333 3924 traducens.

640 3986 767 4042 Cn.
796 3986 884 4042 Vl.
915 3989 995 4042 An
1025 3987 1275 4041 adventus
1301 3984 1435 4039 Filii
1461 3985 1558 4040 Dei
1581 3985 1811 4040 dwmoni
1831 3991 2087 4057 cognitus.
2114 3992 2326 4062 Angelis
2355 3992 2619 4062 incognita
2649 3991 2747 4045 Dei
2780 3991 3022 4045 consilia.

292 4103 383 4156 Διὸ
406 4099 626 4154 τοιαῦτα
666 4099 936 4171 ἐρωτῆσαι
971 4099 1068 4153 δεῖ·
1104 4100 1166 4152 El
1193 4099 1220 4150 6
1255 4098 1485 4170 πονηρὸς
1511 4097 1600 4150 τὸν
1625 4098 1786 4168 νόμον

218 4195 479 4266 ἔγραψεν,
508 4197 538 4247 .6
563 4193 808 4265 ἀφεγγὴς
824 4195 1044 4255 ἐκεῖνος,
1077 4191 1300 4244 καθόλου
1335 4191 1428 4244 καὶ
1457 4191 1628 4243 διόλου
1662 4190 1786 4243 σκό-

218 4305 312 4351 τος
354 4285 448 4352 ὣν,
498 4287 616 4351 πῶς
656 4287 769 4357 ᾔδει
799 4285 1010 4338 ἓλευσιν
1051 4285 1256 4356 ’1ησοῦ;
1305 4284 1420 4347 πῶς
1450 4284 1562 4355 ᾔδει
1601 4282 1782 4351 ἄφιξιν

1962 4103 2322 4169 Quamobrem
2343 4104 2650 4175 percontari
2668 4113 2879 4175 oportet
2902 4125 2912 4159 :
2937 4103 2991 4159 Si
3017 4106 3191 4161 malus
3208 4106 3296 4160 ille
3325 4106 3443 4161 sine

1891 4193 2197 4261 Splendore,
2223 4204 2276 4250 et
2295 4205 2439 4252 totus
2457 4204 2587 4250 etex
2603 4205 2716 4250 toto
2737 4198 2991 4261 tenebrze,
3015 4198 3182 4268 legem
3202 4199 3442 4268 scripsit,

1890 4285 2163 4353 quomodo
2202 4289 2454 4358 cognovit
2480 4288 2768 4343 adventum
2811 4288 2971 4343 Filii?
3014 4289 3286 4360 quomodo
3318 4306 3443 4345 eum

218 4379 420 4447 αὐτοῦς
448 4379 583 4443 πῶς,
617 4381 779 4449 μήπω
829 4378 936 4431 τῶν
977 4377 1312 4450 πραγμάτων
1359 4374 1778 4448 πεπραγμένων,

1891 4373 2118 4429 adesse?
2156 4376 2427 4445 quomodo
2474 4387 2597 4432 ante
2648 4387 2898 4432 eventum
2953 4394 3136 4433 rerum
3180 4379 3446 4433 intellexit

220 4473 453 4543 συνῆκεν
491 4471 526 4524 ἃ
568 4471 920 4524 ἐϐουλεύσατο
951 4473 978 4524 6
1013 4471 1162 4533 Θεὸς,
1200 4471 1293 4522 καὶ
1330 4466 1779 4540 προκατήγγειλε,

216 4565 313 4618 καὶ
347 4564 720 4635 προεδήλωσε;
748 4565 980 4636 Φανεραὶ
1007 4563 1114 4632 γὰρ
1145 4565 1199 4616 αἱ
1230 4562 1323 4615 τοῦ
1350 4561 1512 4632 νόμου
1545 4561 1777 4632 Γραφαὶ,

215 4655 422 4709 ἄνωθεν
470 4654 840 4726 μαρτυροῦσαι
883 4656 979 4726 τὴν
1022 4656 1201 4725 ἄφιξιν
1237 4653 1331 4707 τοῦ
1379 4653 1527 4705 Υἱοῦ.
1580 4654 1640 4706 El
1685 4653 1781 4724 μέν

213 4745 326 4816 γὰρ
357 4745 590 4816 ἐροῦσιν,
631 4748 689 4799 '0
717 4747 878 4816 νόμος
901 4748 999 4800 οὐκ
1036 4729 1318 4818 ἐδήλωσεν,
1353 4746 1474 4800 οὔτε
1511 4745 1781 4816 προφῆται

213 4840 625 4907 προεσήμαναν,
652 4837 792 4890 κατὰ
818 4837 922 4890 τῶν
946 4839 1231 4909 προφανῶν
1259 4837 1610 4907 φθεγγόμενοι
1639 4835 1783 4903 ἐλεγ-

213 4923 540 4996 χθήσονται·
579 4927 675 4996 οὑχ
705 4925 861 4996 ήμῶν
910 4926 1212 4980 πλεκόντων
1240 4928 1329 4979 τὸν
1379 4927 1618 4996 ἔλεγχον,
1667 4925 1778 4978 ἀλλ’

213 5015 395 5068 αὐτῶν
427 5017 533 5070 τῶν
577 5017 922 5085 Εὑαγγελίων
964 5019 1206 5090 φανερῶς
1248 5018 1652 5089 φθεγγομένων,
1686 5019 1779 5072 καὶ

213 5108 328 5160 ἄνω
361 5108 452 5160 καὶ
485 5107 634 5160 κάτω
664 5107 925 5178 βοώντων·
957 5109 1034 5180 πῆ
1067 5110 1161 5179 μὲν
1192 5111 1277 5162 ἵνα
1311 5110 1566 5182 πληρωθῇ
1598 5110 1658 5162 τὸ
1684 5114 1780 5181 ρη-

212 5200 308 5252 θὲν
341 5199 426 5252 διὰ
461 5198 681 5252 Ἡσαΐου
729 5199 822 5252 τοῦ
874 5203 1170 5271 προφήτου,
1208 5201 1284 5266 πῆ
1333 5201 1409 5254 δέ·
1437 5205 1558 5256 Οὐκ
1589 5199 1777 5273 ἦλθον

209 5289 548 5346 καταλῦσαι
592 5293 697 5344 τὸν·
735 5292 940 5361 νόμον,
981 5293 1140 5346 ἀλλὰ
1168 5291 1497 5362 πληρῶσαι.
1531 5295 1593 5348 Εἰ
1625 5295 1681 5347 δὲ
1708 5296 1771 5346 ἐκ

1887 4482 2006 4536 quae
2037 4466 2175 4521 Deus
2209 4468 2435 4523 consilia
2458 4480 2707 4540 ceperat,
2762 4481 2816 4526 et
2844 4471 3224 4541 praenuntiavit
3271 4487 3355 4533 ea.
3387 4479 3442 4527 et

1886 4562 2171 4632 prmdixit?
2221 4562 2518 4618 Manifesta:
2560 4564 2703 4618 enim
2758 4571 2886 4618 sunt
2933 4562 3228 4633 Scriptura:
3260 4564 3392 4633 legis
3420 4604 3440 4629 ,

1886 4669 2006 4725 quae
2028 4669 2057 4707 a
2088 4653 2356 4725 principio
2389 4655 2678 4710 adventum
2707 4652 2826 4708 Filii
2856 4661 3146 4709 testantur.
3209 4653 3264 4708 Si
3295 4655 3440 4709 enim

1887 4749 2066 4802 dicent
2092 4756 2280 4802 contra
2304 4763 2366 4802 ea
2395 4764 2516 4818 quae
2545 4749 2598 4802 in
2628 4745 2916 4802 manifesto
2953 4755 3099 4807 sunt,
3135 4747 3441 4816 loquentes,

1885 4854 1994 4892 non
2012 4839 2408 4910 praenuntiasse
2437 4841 2630 4910 legem,
2646 4855 2821 4910 neque
2851 4839 3142 4909 prophetas
3165 4841 3443 4911 praesigni-

1888 4930 2112 4999 ticasse;
2144 4924 2538 5002 redarguentur
2570 4948 2678 4988 non
2709 4947 2740 4986 a
2774 4932 2931 4988 nobis
2959 4932 3161 4987 nostris
3195 4932 3443 4991 confuta-

1887 5023 2257 5086 tionibus,sed
2290 5025 2357 5078 ab
2380 5022 2831 5094 ipsisEvangeliis
2849 5025 3051 5094 apertis
3066 5025 3281 5091 verbis;
3314 5040 3441 5079 cum

1887 5114 2082 5182 ubique
2099 5113 2355 5177 clamant,
2373 5127 2521 5166 nunc
2545 5112 2783 5182 quidem,
2809 5120 2865 5166 ut
2894 5113 3179 5182 impleatur
3200 5111 3341 5182 quod
3365 5113 3447 5163 di-

1882 5211 2026 5256 ctum
2067 5211 2150 5257 est
2182 5218 2276 5272 per
2323 5201 2515 5258 Isaiam
2553 5203 2893 5272 prophetam,
2929 5219 3073 5258 nunc
3117 5217 3242 5257 vero
3279 5199 3444 5255 :Non

1881 5296 1994 5349 r-eni
2013 5295 2206 5348 solvere
2232 5295 2412 5364 legem,
2433 5293 2522 5348 sed
2541 5295 2749 5363 implere
2766 5295 2827 5351 ³⁸.
2851 5293 2906 5348 Si
2928 5305 3055 5351 vero
3077 5310 3141 5350 ex
3158 5294 3242 5349 his
3258 5308 3361 5348 con
3371 5293 3447 5346 vi-

285 5447 331 5478 ³ο
367 5443 525 5501 Rom.
563 5460 636 5510 ιι,
677 5444 786 5501 7-9.
863 5445 904 5477 “
944 5445 1106 5504 Hebr.
1142 5463 1194 5512 ι,
1227 5448 1280 5502 5.
1356 5449 1400 5480 ³³
1435 5447 1591 5503 Joan.
1626 5464 1770 5513 xvu,

1891 5491 1894 5503 .
1972 5449 2018 5480 ³³
2055 5449 2244 5504 Matth.
2279 5466 2333 5516 v,
2375 5451 2460 5506 i7.

209 5621 330 5676 qua:
364 5603 524 5674 paulo
563 5609 684 5657 ante
725 5615 912 5657 auctor
935 5603 1066 5657 dixit
1101 5623 1111 5658 :
1157 5603 1424 5669 Quomodo
1459 5605 1731 5673 unicuique
1767 5587 1935 5658 reddit
1957 5603 2238 5660 secundum
2263 5622 2419 5677 opera
2442 5610 2578 5664 sua?
2601 5607 2763 5664 -Ιίε
2791 5610 2878 5681 qui
2902 5605 3207 5673 secundum,
3237 5615 3346 5663 etc.
