4038 6288
543 307 684 367 1225

1697 283 1838 340 Τιτι
1874 277 2302 339 BOSTRENSIS
2330 273 2637 333 EPISGOPI

3648 269 3790 326 12⁵⁸4

541 421 619 478 eti
651 415 1016 476 consentiunt,
1038 409 1164 482 quid
1195 407 1260 462 ad
1287 407 1387 460 hoc
1415 401 1859 474 respondebunt?
1886 398 1944 455 Si
1977 400 2114 454 enim
2143 459 2146 470 η

2242 395 2403 448 τούτου
2440 393 2625 462 σαφῶς
2669 390 3011 460 ἐλεγχόμενοι
3061 386 3412 451 συντίθενται,
3459 386 3511 439 τί
3557 385 3795 456 ἀποκρι-

539 528 697 570 nemo
712 506 1000 576 novit,qute
1015 509 1134 557 sunt
1155 499 1398 564 hominis,
1424 497 1526 550 nisi
1547 493 1776 564 Spiritus
1796 491 1891 545 Dei
1919 491 1965 522 3‘
1984 508 1998 556 ;
2016 490 2109 559 qui

537 611 729 660 autem
753 602 918 669 legem
944 593 1186 664 scripsit,
1204 590 1355 644 novit
1371 603 1491 658 quas
1503 594 1657 641 erant
1686 585 1741 638 in
1760 582 1887 648 Deo,
1903 590 1957 636 et
1973 582 2113 637 scie-

545 695 641 752 bat
663 701 998 764 quaecunque
1017 684 1155 741 Deus
1174 683 1404 747 volebat,
1418 689 1471 736 et
1487 679 1691 734 idcirco
1713 675 1931 746 scripsit
1954 691 2114 730 accu-

541 795 664 842 rate
690 792 740 837 et
755 781 1010 839 scienter,
1041 785 1157 832 erat
1177 776 1412 845 igiturex
1439 770 1566 833 Dea,
1583 779 1635 824 et
1663 768 1801 823 Deus
1828 777 1877 821 et
1906 767 1959 820 in
1982 766 2112 830 Deo;

547 888 601 930 et
629 873 750 928 ideo
771 883 1110 942 quaecunque
1138 865 1353 920 volebat
1372 863 1533 927 Deus,
1567 862 1783 915 locutus
1811 867 1913 926 est,
1934 859 2114 914 sciens

549 982 671 1039 qua:
697 965 753 1019 in
779 963 888 1018 Deo
907 969 1086 1022 erant,
1119 965 1172 1014 et
1199 973 1305 1012 non
1346 956 1624 1026 ignorans.
1651 951 1708 1006 Si
1743 959 1924 1007 autem
1955 965 2116 1006 nemo

551 1071 646 1113 cor
677 1061 928 1110 nostrum
985 1051 1157 1113 novit,
1201 1048 1295 1104 sed
1329 1047 1477 1102 solus
1533 1044 1683 1100 novit
1723 1044 1816 1114 qui
1872 1042 1926 1096 id
1967 1041 2112 1104 fecit,

551 1155 608 1204 et
635 1149 766 1202 latet
803 1160 899 1199 cor
925 1147 1172 1197 nostrum
1203 1140 1362 1201 alios,
1386 1153 1499 1192 non
1534 1141 1713 1206 potest
1735 1142 1916 1188 tamen
1949 1134 2118 1188 latere

552 1238 746 1296 Deum.
779 1237 909 1302 Quae
934 1241 1112 1287 autem
1139 1231 1354 1286 volebat
1386 1229 1550 1291 Deus,
1581 1242 1691 1281 non
1718 1226 2000 1296 ignorabat
2024 1240 2120 1280 ne-

550 1330 749 1402 quitia,
786 1328 880 1383 sed
914 1325 1153 1390 sciebat;
1211 1330 1266 1377 et
1325 1321 1414 1374 hic
1463 1319 1683 1390 quidem
1715 1318 1971 1381 volebat,
2026 1317 2119 1370 illa

555 1437 684 1478 vero
712 1420 1075 1491 cognoscebat
1101 1460 1113 1470 .
1145 1415 1416 1487 quomodo
1447 1430 1556 1469 non
1580 1412 1831 1468 tribuunt
1865 1411 2121 1480 nequitiae

557 1527 813 1582 magnam
873 1507 1320 1578 amplitudinem,
1355 1519 1516 1575 quam
1565 1517 1674 1557 non
1722 1501 1899 1572 potuit
1945 1501 2123 1556 celare

556 1604 704 1660 Deus
737 1606 802 1659 de
837 1601 1084 1657 consiliis
1129 1607 1181 1654 et
1225 1599 1500 1652 voluntate
1537 1595 1669 1650 sua?
1713 1592 1981 1664 quomodo
2013 1608 2122 1646 non

559 1695 855 1752 detrahunt
889 1691 998 1746 Deo
1021 1733 1036 1756 ,
1068 1690 1161 1760 qui
1208 1703 1315 1761 non
1353 1687 1528 1758 potuit
1561 1685 1737 1740 celare
1783 1682 2123 1754 nequitiam?

2209 491 2458 551 νοῦνταις
2489 487 2559 538 Ei
2584 485 2692 554 γὰρ
2722 481 2922 545 οὐδεὶς
2952 479 3076 534 οῑδε
3104 477 3176 533 τὰ
3204 477 3311 532 τοῦ
3337 478 3502 542 Θεοῦ,
3538 479 3590 530 εὶ
3609 477 3699 546 μὴ
3725 476 3797 529 τὸ

2209 576 2451 645 Πνεῦμα
2478 573 2582 628 τοῦ
2613 573 2781 638 Θεοῦ,
2811 575 2839 625 6
2865 571 2923 624 δὲ
2957 571 3117 640 νόμον
3143 571 3367 640 γράφων
3398 568 3514 639 ᾔδει
3537 567 3610 622 τὰ
3635 568 3694 620 ἐν
3713 566 3796 636 τῷ

2211 669 2348 739 Θεῷ,
2389 669 2483 721 καὶ
2523 667 2791 736 ἠπίστατο
2840 665 2941 717 ὅσα
2991 663 3239 716 ἐϐούλετο
3285 663 3314 714 6
3360 660 3514 724 Θεὸς,
3564 660 3660 714 καὶ
3694 653 3799 712 ’διὰ

2211 760 2367 813 τοῦτο
2411 757 2758 828 γεγράφηκεν
2809 754 2868 819 ἐξ
2913 753 3234 817 ἐπιστασίας
3275 753 3368 806 καί¹
3411 748 3730 822 ἐπιστήμης
3767 750 3798 801 6

2213 851 2454 924 γράφων·
2486 849 2600 916 ἄρα
2633 844 2779 900 Θεοῦ
2806 842 2893 916 ἦν,
2943 844 3042 897 καί
3067 843 3211 908 Θεὸς
3229 837 3316 914 ἦν,
3347 842 3443 896 καὶ
3469 842 3540 895 ἐν
3559 838 3641 906 τῷ
3670 838 3796 904 Θεῷ

2212 941 2299 1017 ἦν·
2329 944 2419 996 καὶ
2449 942 2536 995 διὰ
2557 940 2713 993 τοῦτο
2733 940 2832 992 ὅσα
2853 936 3103 990 ἐϐούλετο
3123 939 3151 989 ό
3179 936 3310 999 Θεὸς
3337 933 3623 1005 λελάληκε,
3651 924 3794 985 νοῶν

2214 1037 2284 1092 τὰ
2313 1039 2370 1089 ἐν
2397 1034 2476 1105 τῷ
2506 1031 2644 1102 Θεῷ,
2688 1030 2780 1084 καὶ
2811 1031 2912 1083 οὐκ
2940 1028 3167 1098 ἀγνοῶν.
3203 1029 3267 1082 Ei
3303 1027 3360 1080 δὲ
3385 1027 3481 1097 τὴν
3508 1023 3798 1097 ἡμετέραν

2217 1127 2442 1199 καρδίαν
2478 1121 2616 1179 οἶδεν
2652 1123 2844 1186 οὐδεὶς,
2888 1121 3046 1192 μόνος
3077 1121 3133 1174 δὲ
3167 1115 3306 1174 οἶδεν
3339 1121 3368 1172 6
3400 1118 3662 1188 Ποιητής·
3699 1116 3800 1169 καὶ

2218 1222 2466 1276 λανθάνει
2496 1220 2592 1290 μὲν
2621 1217 2862 1289 ἡμετέρα
2896 1216 3091 1287 καρδία
3121 1216 3248 1278 τοὺς
3282 1215 3494 1276 ἄλλους,
3529 1215 3590 1266 οὐ
3625 1212 3799 1266 δύνα-

2218 1331 2306 1366 ται
2335 1313 2390 1365 δὲ
2421 1311 2699 1365 λανθάνειν
2731 1309 2821 1362 τὸν
2854 1309 3003 1362 Θεόν·
3033 1307 3068 1360 ἃ.
3096 1307 3152 1360 δὲ
3180 1306 3427 1359 ἐϐούλετο
3456 1307 3483 1358 6
3508 1305 3662 1368 Θεὸς,
3693 1304 3802 1356 οὐκ

2220 1406 2404 1476 ἠγνόει
2430 1407 2462 1475 ἡ
2491 1403 2740 1474 πονηρία,
2774 1401 2887 1454 ἀλλ’
2916 1400 3049 1470 ᾔδει·
3077 1400 3169 1452 καὶ
3189 1391 3343 1460 οὗτος
3368 1397 3464 1467 μὲν
3494 1396 3603 1466 (56)
3637 1395 3800 1448 ἐϐου-

2220 1496 2423 1560 λεύετο,
2456 1495 2638 1564 ἐκείνη
2664 1494 2720 1546 δέ
2751 1492 2889 1563 ᾔδει·
2921 1490 3037 1553 πῶς
3064 1491 3123 1542 οὐ
3160 1490 3301 1560 μέγα
3335 1487 3563 1560 μέγεθος
3591 1487 3803 1539 διδόασι

2221 1589 2286 1660 τῇ
2315 1588 2569 1658 πονηρίᾳ,
2588 1584 2860 1655 δυναμένῃ
2889 1581 3020 1654 μηδέ
3041 1582 3136 1654 τὴν
3166 1580 3359 1651 βουλὴν
3381 1579 3475 1633 τοῦ
3498 1577 3638 1632 Θεοῦ
3663 1579 3806 1630 ἀπό-

2223 1697 2427 1752 κρυφον
2466 1678 2644 1748 ἕχεινς
2691 1676 2809 1740 πῶς
2851 1676 2908 1730 δὲ
2948 1676 3007 1728 οὐ
3053 1673 3393 1727 διαϐάλλουσι
3424 1672 3515 1724 τὸν
3543 1671 3696 1733 Θεὸν,
3728 1669 3806 1739 μὴ

561 1785 641 1839 Ae
677 1783 919 1838 ridemus
951 1779 1171 1851 quidem
1212 1779 1383 1843 viros,
1412 1777 1506 1848 qui
1537 1792 1660 1832 cum
1695 1774 1899 1843 aliquid
1933 1781 2126 1828 contra

2242 1774 2516 1842 ςυνάμενον
2572 1771 2704 1842 μήτε
2743 1761 3015 1838 πονηρίαν
3063 1764 3354 1837 κρύπτειν;
3394 1763 3503 1816 Καὶ
3553 1761 3808 1830 γελῶμεν

563 1875 752 1932 hostes
773 1873 1072 1928 moliuntur
1095 1879 1150 1925 et
1171 1870 1552 1924 machinantur
1573 1908 1589 1934 ,
1639 1867 1927 1923 consilium
1959 1879 2126 1918 exco-

564 1969 793 2039 gitatum
818 1967 873 2019 in
897 1971 1142 2034 apertum
1172 1961 1428 2016 e-ﬂ'erunt.

638 2059 742 2125 Qui
761 2056 888 2114 talia
921 2057 1239 2125 loquuntur,
1271 2062 1325 2108 et
1356 2049 1670 2123 hujusmodi
1699 2064 2003 2107 sermonem
2047 2065 2132 2107 se-

567 2157 716 2214 runt,
748 2164 857 2204 non
884 2147 1070 2203 vident
1100 2146 1279 2202 facere
1317 2161 1409 2212 se,
1466 2152 1524 2199 ut
1560 2144 1797 2199 ludibrio
1851 2145 1922 2199 sit
1954 2143 2130 2210 Deus;

569 2242 815 2314 quicum
849 2240 1045 2296 militet
1073 2247 1332 2308 tanquam
1390 2237 1501 2292 dux
1555 2235 1830 2292 exercitus
1874 2235 2134 2290 adversus

571 2334 889 2406 nequitiam,
925 2331 1153 2386 consilia
1184 2345 1283 2385 sua
1322 2344 1428 2383 non
1473 2327 1685 2383 occulte
1718 2327 2036 2393 servaverit,
2065 2342 2136 2380 ne

573 2427 829 2497 nequitiae
885 2423 1222 2495 pateﬁerent.
1268 2419 1423 2487 Quod
1451 2420 1500 2475 si
1543 2419 1742 2474 divinae
1783 2425 1839 2474 et
1881 2418 2138 2489 angelicae

573 2526 872 2592 potestates
919 2531 1029 2569 non
1087 2521 1317 2584 possunt
1366 2512 1702 2582 intelligere,
1749 2511 1881 2581 quid
1923 2510 2136 2567 consilii

572 2611 754 2680 capiat
783 2607 961 2673 Pater,
995 2607 1253 2674 solusque
1292 2603 1463 2660 Filius
1501 2600 1776 2674 intelligit,
1807 2610 1860 2656 et
1881 2609 2134 2657 enarrat:

575 2702 745 2758 Deum
768 2717 914 2754 nemo
937 2697 1067 2752 vidit
1097 2713 1324 2767 unquam
1352 2711 1370 2750 :
1405 2696 1698 2767 unigenitus
1729 2693 1903 2748 Filius
1928 2694 2019 2765 qui
2061 2702 2141 2748 est

574 2795 634 2849 in
661 2795 781 2848 sinu
814 2791 1028 2857 Patris,
1082 2792 1190 2860 ipse
1227 2790 1490 2844 enarravit
1540 2788 1583 2820 ³⁸
1615 2807 1628 2843 :
1665 2786 1934 2859 quomodo
1988 2785 2142 2840 malae

575 2891 877 2958 potestates
913 2897 977 2938 ea
1009 2897 1130 2953 quae
1158 2886 1213 2936 in
1245 2880 1354 2936 Deo
1389 2885 1564 2944 erant,
1598 2881 1988 2950 cognoverunt,
2015 2890 2144 2930 cum

574 2992 761 3047 neque
785 2976 981 3032 divinae
1010 2981 1308 3044 potestates
1333 2974 1445 3027 haec
1476 2972 1618 3028 scire
1651 2971 1882 3041 possint,
1924 2969 2030 3024 nisi
2078 2983 2140 3023 ea

581 3069 830 3124 tradente
857 3076 911 3123 et
937 3074 1226 3121 enarrante
1255 3063 1548 3134 Unigenito
1578 3061 1830 3116 discant?
1857 3058 2011 3126 Quod
2043 3073 2142 3114 au-
2171 3099 2212 3156 Ο

575 3171 693 3218 ιῑοηι
734 3161 851 3230 ipsa
891 3160 977 3216 lex
1025 3158 1206 3213 omnia
1234 3172 1355 3227 quae
1386 3155 1454 3210 ad
1483 3154 1772 3209 adventum
1805 3152 1925 3222 ejus
1979 3153 2146 3222 perti-

578 3258 738 3317 nent,
768 3250 923 3320 prius
975 3257 1199 3302 narret:
1237 3244 1406 3308 Ecce,
1453 3241 1666 3312 inquit,
1700 3239 1855 3308 Virgo
1907 3238 1965 3291 in
2000 3246 2147 3291 utero

577 3342 834 3404 habebit,
861 3348 911 3396 et
955 3341 1126 3408 pariet
1173 3336 1373 3392 Filium
1421 3335 1489 3390 “.
1524 3333 1678 3388 Alius
1737 3331 2000 3403 propheta
2037 3345 2148 3384 non

587 3435 804 3506 ignorat
836 3438 1011 3486 ‘ocum
1043 3447 1056 3483 :
1099 3427 1167 3481 Et
1215 3437 1274 3480 tu
1340 3424 1625 3488 Bethleem,
1664 3433 1807 3476 terra
1854 3419 2034 3487 Iuda,
2067 3435 2151 3473 ne-

576 3537 852 3594 quaquam
894 3519 1118 3574 minima
1165 3533 1217 3572 es
1252 3517 1308 3569 in
1367 3513 1689 3584 principibus
1722 3511 1868 3567 Juda
1893 3511 1958 3565 ³⁷.
1999 3511 2151 3566 Alius

590 3615 771 3668 locum
803 3610 1012 3672 deﬁnit.
1053 3609 1145 3665 ubi
1186 3607 1439 3680 positus:
1467 3604 1720 3674 Cognovit
1765 3601 1854 3657 bos
1887 3617 2153 3671 possesso-

588 3723 700 3762 rem
727 3721 902 3768 suum,
926 3713 974 3759 et
1004 3704 1184 3758 asinus
1234 3715 1462 3772 praesepe
1509 3697 1710 3752 domini
1761 3696 1846 3750 sui
1886 3694 1953 3748 ⁸⁸.
2001 3692 2154 3748 Alius

591 3800 774 3871 fugam
811 3799 867 3852 in
907 3796 1222 3868 Egyptum,
1255 3802 1309 3850 et
1357 3793 1588 3848 reditum
1627 3804 1695 3845 ex
1743 3787 1978 3858 Egypto
2013 3805 2028 3842 :
2073 3785 2155 3840 Ea:

592 3889 828 3961 {Egypto
856 3890 1032 3944 vocavi
1065 3887 1267 3942 Filium
1293 3901 1462 3940 meum
1493 3884 1558 3938 ³³.
1584 3881 1740 3936 Alius
1764 3879 2154 3934 habitationem

594 3984 650 4037 in
683 3988 841 4037 aetate
875 3979 1066 4051 puerili
1099 3998 1111 4033 :
1165 3977 1328 4032 Terra
1360 3974 1600 4028 Zabuton
1624 3981 1676 4028 et
1710 3980 1850 4026 terra
1883 3968 2154 4039 Neptuna-

586 4077 712 4142 iiim,
743 4078 881 4130 uiam
907 4075 1068 4127 maris
1089 4072 1242 4126 ultra
1269 4067 1559 4123 Iordanem
1579 4082 1597 4120 :
1614 4065 1856 4134 populus,
1891 4064 1980 4134 qui
2006 4063 2153 4117 sede-

587 4168 685 4222 .bat
727 4169 783 4222 in
812 4167 1056 4230 tenebris,
1080 4164 1206 4218 vidit
1241 4162 1406 4215 lucem
1432 4173 1677 4228 magnam
1706 4159 1773 4212 “.
1807 4157 1958 4210 Alius
1994 4155 2156 4209 etiam

589 4259 997 4315 lPraecursorem
1041 4272 1158 4310 non
1207 4257 1458 4325 ignorat:
1511 4252 1624 4307 Vox
1668 4250 1946 4304 clamantis
1989 4248 2041 4301 in
2068 4246 2159 4300 de-

597 4364 769 4409 serto:
807 4351 1005 4407 Parata
1049 4350 1187 4403 viam
1234 4345 1488 4410 Domini,
1530 4354 1698 4399 rectas
1743 4343 1902 4412 facite
1944 4341 2157 4396 semitas

2230 1864 2328 1937 μὲν
2355 1866 2480 1927 τοὺς
2504 1863 2721 1934 ἄνδρας,
2775 1861 2868 1914 ὅτε
2900 1877 2955 1912 τι
2983 1859 3310 1931 πράττοντες
3341 1856 3479 1909 κατὰ
3505 1854 3616 1908 τῶν
3643 1853 3810 1906 πολε-

2231 1960 2387 2029 μίων,
2417 1956 2726 2028 εὐφώρατον
2761 1950 2975 2005 ποιοῦσι
3002 1951 3063 2004 τὸ
3095 1951 3337 2020 σκέμμα.

2299 2047 2549 2100 Τοιοῦτον
2569 2045 2623 2097 δέ
2645 2043 2932 2105 πλέκοντες
2950 2041 3126 2109 λόγον,
3149 2040 3247 2108 οὐχ
3263 2037 3484 2108 ὁρῶσιν,
3498 2037 3579 2089 ὅτι
3604 2035 3814 2106 χλεύην

2231 2141 2368 2195 κατὰ
2392 2137 2485 2193 τοῦ
2512 2137 2645 2191 Θεοῦ
2676 2134 3050 2198 σκευάζουσιν·
3074 2132 3157 2184 ὄτι
3185 2127 3506 2201 στρατηγῶν
3540 2127 3688 2180 κατὰ
3707 2126 3813 2196 τῆς

2233 2233 2496 2304 πονηρίας
2541 2233 2569 2284 6
2607 2228 2758 2293 Θεὸς,
2795 2225 2865 2278 τὰ
2911 2223 3200 2294 σκέμματα
3247 2220 3316 2272 τὰ
3363 2219 3470 2273 ἴδια
3518 2217 3706 2288 ἀφανῆ
3753 2218 3818 2269 οὐ

2232 2326 2548 2396 τετήρηκεν·
2601 2321 2714 2374 ἀλλ’
2759 2313 2904 2390 εἶχεν
2950 2315 3088 2372 αὐτὰ
3133 2313 3421 2385 εὐφώρατα
3463 2314 3532 2382 τῇ
3573 2309 3819 2380 πονηρίᾳ.

2235 2418 2512 2488 γινόμενα.
2555 2414 2616 2467 Εἰ
2649 2414 2705 2466 δὲ
2739 2411 2833 2465 καὶ
2859 2412 2913 2464 αἱ
2955 2410 3093 2462 θεῖαι
3121 2407 3377 2477 δυνάμεις
3403 2405 3495 2457 καὶ
3521 2403 3824 2471 ἅγγελικαὶ

2235 2509 2294 2562 οὐ
2332 2507 2585 2561 δύνανται
2629 2504 2819 2573 νοῆσαι
2853 2501 2920 2554 τί
2969 2498 3276 2570 βουλεύεται
3318 2500 3346 2551 ὁ
3389 2495 3600 2566 Πατὴρ,
3649 2493 3818 2564 μόνον

2236 2595 2478 2662 νοοῦντος
2520 2598 2613 2650 καὶ
2655 2594 3018 2667 ἐξηγουμένου
3070 2590 3164 2644 τοῦ
3217 2589 3368 2642 Υἱοῦ·
3420 2588 3570 2648 Θεὸν
3611 2584 3822 2650 οὐδεὶς

2238 2693 2457 2760 ἑώρακε
2479 2689 2741 2744 πώποτε·
2781 2691 2812 2741 o'
2841 2682 3176 2755 μονογενὴς
3206 2680 3357 2746 Υἱὸς,
3393 2683 3426 2734 ὁ
3466 2676 3550 2732 ὢν
3581 2679 3672 2743 εὶς
3709 2675 3825 2729 τὸν

2240 2786 2470 2840 κόλπον
2504 2782 2611 2837 τοῦ
2651 2778 2901 2847 Πατρός,
2943 2775 3172 2840 ἐκεῖνος
3208 2771 3567 2842 ἐξηγήσατο·
3603 2767 3726 2829 πῶς
3761 2768 3822 2819 αξ

2242 2876 2474 2947 πονηραὶ
2505 2874 2761 2944 δυνάμεις
2791 2869 3013 2942 ᾔδεισαν
3048 2865 3118 2919 τὰ
3158 2867 3216 2917 ἐν
3252 2863 3330 2934 τῷ
3361 2860 3510 2932 Θεῷ;
3549 2857 3669 2912 ούδέ
3703 2856 3826 2908 τῶν

2243 2969 2398 3024 θείων
2427 2967 2706 3037 δυνάμεων
2742 2962 2912 3016 ταῦτα
2937 2959 3251 3031 δυναμένων
3282 2954 3498 3016 εἰδέναι,
3527 2952 3580 3004 εἱ
3607 2949 3684 3020 μὴ
3711 2965 3826 3000 πα-

2249 3062 2458 3135 ράδοσις
2492 3057 2828 3131 μαθημάτων
2860 3056 2926 3108 ἐκ
2968 3053 3070 3123 τῆς
3111 3050 3205 3105 τοῦ
3246 3044 3583 3115 Μονογενοῦς
3623 3043 3825 3113 ἐξηγή-

2248 3171 2385 3217 σεως
2408 3151 2712 3226 παραδοθῇ;
2746 3149 2868 3202 Ὅτι
2893 3147 2952 3201 δὲ
2983 3144 3144 3208 αὐτὸς
3172 3145 3203 3196 6
3227 3141 3391 3211 νόμος
3421 3138 3601 3192 πάντα
3628 3135 3700 3187 τὰ
3723 3135 3824 3202 τῆς

2247 3225 2673 3316 ἀφίξεωςαύτοῦ
2705 3237 2989 3312 προλαϐὼν
3019 3237 3309 3307 διηγεῖται·
3351 3228 3495 3285 Ἰδοὺ
3522 3228 3562 3294 ἡ
3595 3225 3820 3295 Παρθέ-

2247 3355 2354 3405 νος
2375 3338 2445 3391 ἐν
2473 3334 2682 3406 γαστρὶ
2717 3332 2861 3397 ἕξει,
2909 3329 3009 3383 καὶ
3045 3327 3274 3392 τέξεται
3323 3322 3490 3376 ride"
3541 3320 3730 3391 ἕτερος
3763 3317 3819 3369 δέ

2250 3431 2528 3503 προφήτης
2567 3427 2661 3480 τὸν
2696 3425 2858 3479 τόπον
2897 3424 2996 3476 οὐκ
3034 3421 3236 3490 ἀγνοεῖ·
3279 3416 3387 3472 Καὶ
3406 3413 3516 3478 σὺ,
3555 3410 3822 3479 Βηθλεὲμ

2262 3521 2466 3586 Ἰούδα,
2508 3517 2781 3588 οὐδαμῶς
2825 3515 3117 3585 ἐλαχίστη
3160 3507 3215 3564 ει
3254 3510 3323 3563 ἐν
3365 3505 3489 3572 τοῖς
3537 3504 3824 3574 ἡγεμόσιν

2263 3613 2466 3670 Ἰούδα·
2491 3611 2674 3682 ἕτερος
2703 3610 2798 3664 καὶ
2820 3609 2912 3663 τὸν
2932 3609 3055 3680 ὅρον
3081 3604 3180 3675 τῆς
3204 3603 3422 3664 θέσεως·
3461 3599 3655 3668 Ἔγνω
3667 3597 3744 3662 ,ϐο
3755 3595 3826 3659 ὗς

2251 3707 2358 3762 τὸν
2387 3704 2788 3774 κτησάμενον,
2824 3701 2924 3755 καὶ
2962 3700 3101 3764 ὄνος
3137 3696 3252 3766 τὴν
3295 3692 3529 3765 φάτνην
3571 3689 3684 3744 τοῦ
3726 3707 3827 3741 κυ-

2246 3799 2382 3868 ρίου
2421 3796 2623 3853 αὐτοῦ·
2665 3795 2849 3866 ἕτερος
2889 3793 2946 3846 δὲ
2982 3792 3077 3844 καὶ
3106 3790 3207 3862 τὴν
3235 3789 3314 3850 εἰς
3343 3785 3612 3853 ΑΙγυπ-τον
3649 3779 3825 3850 φυγὴν

2255 3890 2347 3943 καὶ
2373 3889 2470 3959 τὴν
2494 3888 2585 3941 ἀπ’
2616 3885 2891 3954 Αἰγύπτου
2924 3881 3198 3936 ἐπάνοδον·
3244 3877 3339 3941 Ἐξ
3369 3874 3671 3943 Αἰγύπτου
3690 3868 3828 3922 ἐκά-

2254 3986 2408 4038 λεσα
2431 3981 2538 4036 τὸν
2567 3980 2700 4038 Υίόν
2722 3994 2858 4048 μου·
2883 3975 3042 4038 ἄλλος
3069 3973 3166 4045 τὴν
3190 3972 3400 4041 οἴκησιν
3423 3967 3523 4038 τὴν
3548 3965 3604 4017 ἐν
3630 3964 3699 4032 τῇ
3728 3960 3826 4030 νέα

2255 4074 2439 4147 ἡλικίᾳ
2465 4071 2611 4142 αὐτῷ
2633 4070 2970 4140 γενηθεῖσαν·
3003 4065 3093 4135 Γῆ
3129 4061 3468 4120 Ζαϐουλὼν,
3495 4055 3571 4126 γῆ
3597 4056 3827 4122 Νεφθα-

2256 4145 2412 4236 λείμ,
2440 4164 2582 4218 ὁδὸν
2603 4161 2918 4227 θαλάσσης
2937 4158 3125 4227 πέραν
3143 4155 3248 4209 τοῦ
3280 4149 3594 4221 Ἰορδάνου·
3623 4149 3658 4200 ό

2259 4260 2292 4311 ὁ
2321 4233 2654 4324 σιαθήμενος
2677 4254 2746 4307 ἐν
2775 4252 2974 4305 σκότει
3006 4247 3130 4317 φῶς
3159 4243 3278 4299 εἶδε
3307 4243 3460 4312 μέγα
3483 4255 3496 4270 ·
3556 4237 3741 4307 ἕτερος
3772 4233 3828 4324 δέ

2260 4350 2353 4403 καὶ
2381 4321 2807 4418 τόν-Πρόδρομον
2833 4343 2934 4395 οὐκ
2957 4341 3154 4410 ἀγνοεῖ·
3179 4333 3347 4401 Φωνὴ
3366 4329 3638 4396 ,ϐοῶντος
3666 4321 3828 4391 ἐν·τῇ

586 4446 710 4516 ejus
735 4445 802 4501 εί.
843 4442 1086 4511 Denique
1139 4440 1184 4494 si
1219 4438 1344 4512 quis
1373 4439 1532 4494 vellet
1581 4435 1894 4508 prophetias
1935 4450 1999 4489 ex
2037 4433 2146 4502 lege

2256 4441 2466 4511 ἐρήμῳ·
2502 4417 2878 4508 Ἑτοιμάσατε
2896 4433 3010 4502 τὴν
3029 4431 3171 4486 ὁδὸν
3197 4426 3303 4481 τοῦ
3324 4423 3566 4492 Κυρίου·
3593 4417 3831 4516 adesim;

587 4538 875 4608 colligere,
919 4541 1092 4588 totum
1125 4529 1482 4601 Evangelium
1526 4543 1852 4598 componere
1883 4525 2159 4580 videretur

588 4625 1011 4682 conscribendis
1065 4622 1231 4678 rebus
1277 4622 1334 4677 in
1380 4636 1444 4676 eo
1475 4619 1640 4690 gestis
1673 4616 2002 4690 propheticis
2041 4632 2162 4669 vcr-

595 4718 708 4784 bis,
748 4732 977 4771 narrans
1010 4714 1284 4776 studiose.
1330 4721 1382 4768 et
1425 4710 1701 4780 φιλολόγος
1744 4723 1851 4762 non
1883 4707 2001 4762 sine
2052 4708 2162 4776 spi-

594 4808 709 4863 ritu
739 4808 856 4877 ejus
885 4807 1223 4878 disciplinas,
1258 4804 1376 4874 ejus
1404 4801 1702 4864 doctrinas,
1727 4799 1846 4868 ejus
1868 4797 2158 4867 baptisma,

593 4899 723 4969 ejus
751 4899 1046 4964 miracula,
1098 4897 1363 4968 judicium
1401 4893 1638 4958 factum,
1673 4890 2036 4962 proditionem
2067 4889 2163 4944 Ju-

603 4993 706 5055 daa,
742 5007 861 5061 quae
891 4990 945 5043 in
981 4991 1223 5060 patibulo
1257 4988 1420 5053 facta,
1453 4986 1544 5051 fel,
1573 4995 1784 5041 acetum
1819 4987 1874 5040 in
1907 4986 1997 5040 siti
2033 5001 2163 5056 por-

602 5089 834 5145 rectum,
854 5080 1026 5148 ipsam
1050 5080 1382 5150 sepulturam
1410 5084 1464 5133 et
1484 5084 1916 5143 monumentum,
1935 5073 2165 5130 descen-

603 5189 729 5228 sum
767 5173 834 5227 ad
876 5171 1080 5227 inferos
1102 5211 1119 5238 ,
1165 5173 1337 5242 ipsam
1371 5172 1848 5238 resurrectionem,
1882 5178 1937 5226 et
1974 5171 2042 5225 ad
2071 5187 2167 5226 ex-

599 5275 840 5325 tremum
881 5265 1328 5335 assumptionem.
1362 5264 1516 5320 Tunc
1554 5265 1703 5319 enim
1731 5305 1746 5332 ,
1798 5264 1946 5336 quod
1975 5280 2166 5335 super-

600 5366 715 5427 est,
747 5359 1039 5415 clamabit:
1069 5357 1111 5412 Τ
1115 5357 1259 5412 οιιὶεε
1287 5365 1488 5428 portas,
1533 5357 1814 5425 principes,
1841 5365 2042 5412 uestras
2069 5397 2084 5423 ,
2118 5364 2168 5409 et

680 5515 730 5552 ³⁵
765 5515 924 5572 Rom.
960 5532 1033 5581 n,
1069 5515 1157 5570 il.

606 5586 926 5654 “15mm,
961 5587 1016 5652 1,
1049 5586 1103 5642 2.

1270 5513 1314 5545 ³⁵
1352 5511 1506 5566 Joan.
1543 5526 1594 5572 ι,
1629 5510 1716 5566 l8.

1207 5584 1250 5616 ιι
1290 5583 1396 5638 lsa.
1432 5598 1534 5642 XL,
1573 5582 1624 5635 5.

1828 5511 1872 5544 ³⁸
1909 5512 2011 5568 lsa.
2049 5527 2156 5573 vn.
2194 5510 2282 5566 Η.

2261 4508 2477 4586 ποιεῖτε
2509 4529 2649 4594 τοὺς
2677 4528 2913 4596 τρίϐους
2953 4520 3158 4578 αὑτοῦ.
3207 4518 3317 4572 Καὶ
3357 4515 3492 4576 ὅλως
3533 4513 3583 4564 εί
3628 4508 3828 4578 βουλη-

2262 4624 2376 4695 θείη
2399 4640 2501 4686 τις,
2527 4621 2918 4690 ἀναλεγόμενος
2945 4616 3043 4679 τὰς
3071 4616 3134 4668 ἐκ
3157 4611 3251 4666 τοῦ
3279 4611 3440 4678 νόμου
3471 4601 3830 4675 προφητείας,

2260 4716 2379 4768 ὅλον
2419 4714 2480 4767 τὸ
2523 4711 2850 4780 Εύαγγέλιον
2887 4707 3186 4764 συνθεῖναι,
3223 4702 3290 4756 τὰ
3327 4695 3428 4752 ὧδε
3463 4692 3833 4764 πεπραγμένα

2267 4807 2472 4877 ῥήμασι
2505 4803 2856 4876 προφητικοίς
2892 4797 3240 4868 συγγράφων,
3277 4792 3570 4862 φανήσεται
3603 4784 3834 4854 φιλομαο

2269 4896 2368 4966 θής
2396 4912 2479 4958 τις
2509 4894 2602 4947 καὶ
2632 4891 2924 4962 φιλολόγος,
2959 4889 3031 4961 μὴ
3055 4888 3173 4957 δίχα
3196 4882 3498 4952 πνεύματος
3531 4875 3832 4946 ἐξηγούμε-

2269 5005 2357 5051 νος
2402 4985 2739 5055 παιδεύματα
2760 4982 2944 5037 αύτοῦ.
2971 4976 3313 5036 διδασκαλίας
3337 4969 3520 5032 αὐτοῦ,
3550 4968 3835 5038 βάπτισμα

2267 5079 2450 5142 αὑτοῦ,
2492 5078 2730 5149 σημείων
2775 5073 3126 5136 ἐπιτελέα-εις,
3166 5069 3226 5121 τὸ
3263 5062 3482 5134 γεγονὸς
3513 5062 3713 5129 κρῖμα,
3743 5056 3836 5124 τὴν

2268 5172 2551 5248 προδοσίαν
2577 5169 2669 5223 τοῦ
2710 5168 2898 5228 Ἰούδα,
2925 5167 3022 5236 τὴν
3050 5165 3141 5216 ἐπὶ
3170 5160 3261 5214 τοῦ
3296 5157 3470 5228 ἰκρίου
3501 5147 3835 5218 οἰκονομίαν,

2265 5239 2363 5336 τήν
2389 5262 2549 5334 χολὴν
2571 5261 2743 5315 καὶτὸ
2765 5259 2883 5327 ὅξος
2909 5258 2969 5310 τὸ
2988 5259 3044 5309 ἐν
3073 5253 3198 5324 δίψῃ
3229 5245 3508 5315 δεδομένον
3539 5240 3715 5336 αὐτῷ,
3739 5239 3837 5336 τίςν

2268 5330 2441 5426 τάφῆἒι
2477 5330 2644 5425 αὐτὴν
2674 5353 2768 5406 καὶ
2793 5352 2854 5404 τὸ
2889 5349 3167 5422 μνημεῖον,
3201 5343 3296 5414 τὴν
3320 5336 3630 5408 οἰκονομίαν
3649 5332 3752 5402 τὴν
3780 5330 3836 5382 ἐν

3407 5496 3450 5527 ³⁹
3490 5490 3616 5548 Ose.
3649 5501 3745 5552 ιι,
3779 5481 3836 5538 1.

2395 5511 2438 5543 ³⁷
2479 5509 2640 5566 Μὶοιι.
2677 5527 2730 5578 v,
2764 5508 2822 5564 2.
2936 5505 2979 5540 ³⁸
3018 5505 3122 5560 lsa.
3159 5517 3212 5570 1,
3249 5499 3302 5554 5.

687 5722 804 5796 (56)
855 5722 1245 5779 Ἐϐουλεύετο.
1276 5717 1550 5788 lnterpres
1585 5714 1781 5786 legisse
1807 5711 2021 5768 videtur
2061 5706 2326 5763 ἐϐούλετο.
