4038 6288
278 326 410 385 I223

1326 327 1696 383 ADV’ERSUS
1739 324 2162 385 MANICHEOS
2204 326 2334 386 LIB.
2363 326 2452 382 Ill.

3376 319 3516 379 1228

274 449 348 516 τῷ
391 444 513 517 ᾄδῃ,
544 444 642 515 τὴν
675 443 889 514 ἔγερσιν
923 441 1110 514 αὐτὴν,
1157 443 1215 495 τὸ
1256 443 1563 496 τελευταῖον
1608 444 1722 507 καὶ,
1746 443 1842 516 τὴν

1949 445 2241 508 elevamini,
2289 452 2455 511 porta:
2505 441 2813 507 a'tcrnalcs,
2856 448 2905 494 et
2969 438 3207 494 introibit
3268 455 3361 495 rex
3408 442 3521 511 glo-

274 536 554 609 ἁνάληψιν·
585 536 706 589 τότε
733 535 840 606 γὰρ
869 533 1051 587 λοιπὸν
1082 535 1173 587 καὶ
1207 533 1476 606 βοήσεται·
1506 537 1707 603 Ἄρατε
1735 536 1844 590 πύ-

268 633 404 694 λας,
452 629 504 680 οἱ
551 625 859 694 ἄρχοντες,
913 623 1098 693 ὑμῶν,
1149 626 1246 678 καὶ
1298 625 1612 694 ἐπάρθητε,
1660 628 1845 680 πύλαι

270 716 514 775 αἱώνιοι,
545 716 643 768 καὶ
667 717 1075 768 εἰσελεύσεται
1111 718 1143 768 ό
1175 716 1475 789 ,ϐασιλεὺς
1502 715 1607 785 τῆς
1641 716 1841 785 δόξης·

271 808 391 860 τότε
430 805 587 860 τοῦτο
625 807 920 879 προσθήσει
950 810 1042 861 καὶ
1071 808 1131 861 τὸ
1162 809 1543 881 γεγραμμένον
1575 809 1726 880 παρὰ
1751 808 1843 862 τοῦ

269 898 455 949 Δαϐίδ·
484 890 672 951 Εἶπεν
707 902 741 951 ὁ
776 900 991 967 Κύριος
1026 900 1106 966 τῷ
1145 904 1339 969 Κυρίῳ
1370 919 1509 968 μου·
1542 900 1740 954 Κάοου
1777 901 1846 953 ἐκ

269 988 485 1053 δεξιῶν
509 1007 651 1058 μου,
682 990 794 1057 ἕως
821 990 897 1046 ἂν
922 992 1003 1047 θῶ
1026 993 1166 1058 τοὺς
1196 994 1449 1062 ἐχθρούς
1478 1009 1593 1045 σου
1622 992 1848 1046 ὑποπό-

270 1080 404 1133 διον
438 1081 556 1134 τῶν
597 1081 800 1135 ποδῶν
828 1098 964 1138 σου.
1004 1085 1065 1136 Εἰ
1105 1078 1199 1138 οὖν
1228 1086 1256 1137 6
1287 1084 1447 1154 νόμος
1481 1082 1651 1146 οὕτως
1688 1083 1846 1155 ἠκρί-

271 1174 415 1227 ϐωσε
436 1173 532 1245 τὴν
555 1174 736 1243 ἄφιξιν
760 1175 853 1229 τοῦ
883 1175 1014 1229 Tini}
1041 1177 1135 1230 καὶ
1166 1176 1438 1250 μακρόθεν
1461 1175 1843 1248 προήγγειλεν,

269 1260 455 1315 οὐκέτι
503 1262 864 1328 διαϐάλλεται,
909 1266 1090 1319 οὐκέτι
1133 1266 1276 1337 ἄλλῳ
1317 1266 1745 1338 προσγρὰερεται.
1790 1266 1847 1319 '0

271 1355 537 1425 γεννήσας
580 1356 969 1428 προελὰλησεν·
1009 1360 1037 1411 6
1075 1356 1503 1429 βουλευσάμενος
1539 1358 1681 1429 λόγῳ
1722 1376 1848 1430 προ-

271 1442 432 1498 έλαϐε
454 1445 522 1499 τὰ
547 1446 866 1517 πράγματα·
893 1446 1026 1510 Θεὸς
1050 1449 1325 1519 ἐγέννησε·
1359 1448 1490 1512 Θεὸς
1514 1447 1679 1516 λέγει·
1718 1450 1848 1513 Υἱός

263 1550 386 1602 μου
415 1535 472 1588 εἷ
494 1535 596 1600 σὺ,
632 1536 746 1605 ἐγὼ
773 1537 1045 1607 σήμερον
1089 1538 1421 1608 γεγέννηκά
1450 1555 1545 1594 σε.
1579 1539 1710 1602 Θεὸς
1744 1539 1849 1592 ἀπ-

271 1627 479 1682 έστειλε
500 1645 512 1657 ·
549 1630 680 1694 Θεὸς
715 1631 802 1685 διὰ
826 1634 1070 1696 Μωσέως
1097 1633 1349 1703 ἐλάλησε’
1370 1631 1689 1701 Προφήτην
1708 1630 1849 1700 ὑμῖν

268 1718 602 1788 ἀναστήσει
626 1723 840 1793 Κύριος
861 1727 893 1778 ὁ
921 1725 1063 1790 Θεὸς
1101 1725 1167 1778 ἐκ
1204 1725 1319 1778 τῶν
1345 1724 1623 1793 ἀδελφῶν
1659 1720 1844 1791 ὑμῶν’

1948 538 2042 591 ria:
2063 538 2143 599 ";
2190 544 2319 590 tunc
2352 535 2610 606 adjunget
2645 534 2768 597 hoc,
2793 533 2937 603 quod
2972 548 3002 587 a
3053 531 3220 587 David
3252 533 3518 603 scriptum

1946 637 2067 685 est:
2102 628 2252 683 Dixit
2314 628 2572 682 Dominus
2630 626 2852 680 Domino
2896 641 3007 680 meo
3032 665 3047 690 ,
3091 624 3277 680 Sedea
3318 625 3521 680 dextris

1948 723 2098 786 meis,
2127 720 2290 775 donec
2335 736 2529 789 ponam
2563 720 2803 773 inimicos
2847 728 2965 773 tuos
3003 717 3287 772 scabellum
3332 718 3522 787 pedum

1950 822 2159 864 tuorqu
2181 810 2246 867 ⁸³.
2301 810 2356 864 Si
2387 810 2551 882 igitur
2590 810 2677 865 lex
2721 809 2857 865 adeo
2909 810 3195 880 diligenter
3223 808 3519 864 adventum

1949 901 2071 956 Filii
2093 901 2406 973 descripsit,
2431 910 2485 957 et
2510 902 2808 972 longinquo
2838 911 3078 970 tempore
3108 909 3400 971 antequam
3429 916 3519 958 res

1947 994 2248 1058 evenirent,
2280 1008 2376 1049 eas
2412 994 2836 1063 praenuntiavit,
2896 1009 3005 1048 non
3033 992 3145 1061 jam
3182 1001 3477 1048 accusatur
3500 1033 3517 1058 ,

1948 1102 2058 1141 non
2083 1087 2196 1157 jam
2253 1086 2408 1141 alteri
2462 1086 2779 1142 ascribitur.
2816 1085 2919 1152 Qui
2966 1086 3155 1157 genuit
3187 1126 3201 1148 ,
3250 1085 3520 1157 praedixit.

1948 1181 2051 1248 Qui
2084 1180 2428 1245 deliberavit,
2455 1196 2545 1236 res
2577 1180 2726 1235 dicto
2754 1180 3093 1250 anticipavit.
3133 1178 3277 1235 Deus
3307 1179 3523 1250 genuit.

1953 1276 2093 1330 Deus
2122 1273 2252 1328 dicit
2286 1292 2299 1328 :
2332 1270 2509 1327 Filius
2543 1289 2687 1326 meus
2718 1288 2771 1325 es
2798 1281 2875 1334 tu,
2907 1287 2997 1341 ego
3022 1271 3173 1325 hodie
3194 1271 3347 1342 genui
3372 1279 3419 1326 te
3453 1270 3521 1322 ⁸³.

1948 1364 2097 1420 Deus
2125 1364 2272 1418 misit
2303 1379 2408 1418 me.
2441 1362 2583 1423 Deus
2615 1378 2708 1433 per
2732 1361 2968 1434 MoysenI
2994 1363 3208 1419 locutus
3234 1370 3317 1418 est
3342 1382 3355 1418 :
3388 1361 3527 1417 Pro-

1949 1458 2153 1526 pltetam
2176 1455 2316 1510 vobis
2335 1455 2614 1510 suscitabit
2634 1455 2890 1509 Dominus
2912 1455 3049 1509 Deus
3075 1472 3140 1509 ex
3162 1455 3422 1525 fratribus
3451 1472 3528 1511 ve-

1948 1548 2114 1609 stris;
2147 1547 2318 1615 ipsum
2353 1544 2582 1598 audietis
2603 1585 2617 1609 ,
2650 1560 2969 1614 quaecunque
3010 1545 3249 1615 loquetur
3271 1544 3414 1599 vobis
3455 1546 3524 1600 ".

1952 1636 2027 1692 De
2052 1638 2119 1691 iis
2152 1636 2288 1706 ipsis
2323 1635 2580 1690 omnibus
2622 1635 2762 1691 Deus
2795 1635 3148 1704 deliberavit;
3193 1645 3247 1691 et
3274 1652 3399 1691 cum
3430 1637 3527 1692 de-

1954 1729 2261 1792 liberasset,
2283 1744 2393 1782 non
2425 1727 2595 1781 tacuit
2618 1745 2632 1793 ;
2660 1727 2951 1782 consilium
2981 1744 3045 1781 ac
3073 1728 3524 1784 deliberationem

268 1812 456 1865 αὑτοῦ
488 1814 826 1868 ἀκούσεσθε
861 1814 1078 1880 πάντα,
1115 1816 1232 1870 ὅσα
1263 1816 1372 1871 ἐὰν
1397 1815 1646 1884 λαλήσῃ
1684 1813 1845 1883 ὑμῖν.

1950 1817 2357 1888 praenuntiavit,
2389 1831 2485 1888 per
2522 1817 2884 1887 praenuntiata
2928 1816 3086 1873 (idem
3138 1818 3387 1874 faciens:
3429 1816 3530 1872 Vo-

280 1899 342 1954 ⁹0
373 1904 504 1968 Θεὸς
532 1904 908 1972 ἐϐουλεύσατο,
933 1909 1025 1961 καὶ
1050 1910 1078 1961 ὁ
1105 1908 1534 1980 βουλευσάμενος
1556 1910 1656 1962 οὐκ
1682 1906 1844 1961 ἐσιώ-

269 2009 430 2065 πησε·
480 1996 577 2066 τὴν
611 1997 802 2069 βουλὴν
836 2004 1202 2072 προεμήνυσε,
1253 2002 1434 2057 πίστιν
1480 2002 1722 2073 ἐμποιῶν
1759 2002 1846 2056 διὰ

209 2124 213 2129 -
267 2085 378 2141 τῶν
411 2091 883 2160 προμηνυθέντων·
912 2094 1213 2159 Ιίαλεῖται,
1246 2095 1380 2165 φησὶ
1406 2093 1534 2165 γὰρ,
1562 2093 1628 2147 τὸ
1658 2094 1847 2163 ὄνομα

1955 1919 2130 1971 catur,
2166 1905 2375 1975 inquit,
2421 1921 2608 1959 nomen
2641 1905 2776 1975 ejus,
2807 1903 2992 1976 Magni
3021 1906 3234 1961 consilii
3266 1907 3484 1979 angelus
3508 1949 3524 1976 ,

1955 1998 2309 2064 admirabilis,
2338 1999 2700 2063 consiliarius,
2716 1999 2955 2068 princeps
2982 1991 3153 2069 pacis,
3184 2012 3334 2067 pater
3359 1999 3530 2070 futuri

1954 2091 2133 2147 swculi
2168 2090 2230 2144 “.
2271 2090 2448 2161 Atque
2469 2092 2583 2147 haec
2604 2091 2824 2162 quidem
2850 2091 3153 2146 eonfutatio
3183 2093 3262 2149 sic
3288 2094 3471 2149 habet.

266 2178 455 2234 αὑτοῦ
477 2182 754 2251 Μεγάλης
789 2185 1030 2254 ,ϐουλῆς
1087 2185 1362 2255 ἄγγελος,
1401 2185 1764 2254 θαυμαστὸς,
1821 2187 2188 2255 σύμϐουλος,
2233 2184 2435 2253 ἅρχων
2485 2183 2748 2253 εἰρήνης,
2802 2183 3000 2252 πατὴρ
3046 2185 3153 2239 τοῦ
3194 2185 3530 2255 μέλλοντος

268 2267 501 2339 αἰῶνος.
536 2276 647 2328 Καὶ
673 2273 913 2342 τοιοῦτος
939 2280 1036 2350 μὲν
1059 2281 1088 2332 6
1115 2278 1355 2341 τοιοῦτος
1382 2278 1621 2350 ἐλεγχος.

1523 2414 1653 2468 Csr.
1688 2411 1803 2466 VII.
1834 2409 1943 2465 Lex
1968 2409 2104 2463 bona
2124 2407 2273 2477 jubet

355 2529 571 2602 Ἐπειδὴ
596 2530 653 2583 δὲ
677 2528 754 2599 τῷ
783 2528 1004 2602 πονηρῷ
1031 2529 1444 2603 προσγράφουσι
1466 2530 1557 2582 τὸν
1589 2528 1772 2600 νόμον,
1798 2527 1851 2581 τί

267 2625 530 2695 φήσουσιν
558 2620 653 2674 ἐάν
695 2637 780 2683 τις
812 2618 988 2672 αὐτῶν
1024 2617 1315 2690 πεύσηται,
1349 2619 1398 2671 εί
1428 2619 1459 2670 6
1492 2619 1726 2692 πονηρὸς
1749 2635 1849 2672 πο·-

271 2715 411 2788 νηρὰ
436 2713 710 2786 παραινεῖ,
742 2711 838 2765 καὶ
863 2710 923 2764 οὐ
953 2710 1173 2764 δύναται
1198 2710 1273 2782 μὴ
1301 2712 1586 2782 παραινεῖν
1612 2708 1845 2782 πονηρὰ,

269 2806 452 2860 εἴποτε
488 2805 581 2858 καὶ
614 2802 755 2856 καλὰ
782 2801 1123 2874 παραινέσει,
1153 2802 1247 2855 καὶ
1283 2801 1469 2871 ἀγαθὰ
1507 2800 1845 2872 συμϐουλεύ-

273 2915 390 2965 σει;
430 2898 495 2950 Εἰ
534 2896 631 2966 μὲν
660 2896 770 2966 γὰρ
817 2893 1053 2967 ἐροῦσιν,
1089 2894 1171 2947 ὅτι
1207 2893 1425 2972 ,πέφυκε
1465 2893 1608 2947 καλὰ
1643 2910 1844 2966 παραι-

270 2993 401 3054 νεῖν,
431 2989 527 3041 καὶ
561 2985 742 3054 ἀγαθὰ
768 2985 1176 3057 συμϐουλεύειν,
1197 2985 1383 3040 λύουσι
1412 2985 1573 3041 πάλιν
1608 2986 1699 3041 τὸν
1724 2987 1849 3041 ἑαυ-

269 3078 378 3131 τῶν
403 3079 527 3149 ὅρον
546 3092 560 3106 ·
596 3075 778 3129 οὐκέτι
807 3074 916 3147 γὰρ
958 3060 1195 3146 πονηρὸς
1225 3077 1254 3128 6
1292 3076 1366 3147 μὴ
1397 3078 1608 3148 πονηρά
1648 3093 1851 3148 παραι-

270 3169 406 3224 νῶν·
457 3168 641 3222 ούκέτι
688 3168 922 3240 πονηρὸς
970 3170 999 3221 6
1040 3166 1220 3237 ἀγαθὰ
1262 3167 1666 3239 συμϐουλεύων.
1696 3169 1760 3222 Ei
1792 3169 1851 3223 δὲ
1877 3199 1920 3258 C

268 3260 494 3331 οὐδεμία
518 3260 832 3333 προαίρεσις
859 3259 1038 3331 ἀγαθὴ
1064 3260 1174 3314 ἀπὸ
1194 3263 1431 3333 πονηροῦ
1461 3261 1847 3333 προσέρχεται,

272 3352 432 3417 ποίας
456 3351 662 3419 τάξεως
710 3352 925 3423 ἐροῦσιν
967 3351 1179 3416 ὲκείνας
1220 3351 1319 3417 τὰς
1354 3353 1734 3425 παραινέσεις·
1768 3355 1850 3407 Οὐ

271 3445 625 3513 πορνεύσεις
644 3461 658 3474 ·
688 3447 760 3499 οὐ
772 3445 1119 3514 μοιχεύσεις
1138 3463 1151 3476 ·
1191 3447 1264 3499 οὐ
1298 3445 1547 3515 κλέψεις
1564 3461 1577 3475 ·
1614 3447 1685 3500 οὐ
1711 3448 1853 3515 ψευ-

270 3532 773 3604 δομαρτυρήσεις;
822 3536 989 3598 Ποίας
1043 3533 1252 3601 τάξεως
1306 3535 1522 3607 ἐροῦσιν
1574 3538 1753 3591 ἐκεῖνο
1790 3536 1851 3590 τὸ

269 3627 683 3697 γεγραμμένον·
739 3629 821 3681 Οὐ
870 3627 1147 3695 ποιήσεις
1194 3629 1431 3695 σεαυτῷ
1475 3628 1722 3695 εἴδωλα,
1777 3632 1850 3685 οὐ

269 3715 496 3780 παντὸς
517 3717 795 3785 ὁμοίωμα,
818 3716 955 3770 οὔτε
971 3716 1088 3770 ὅσα
1103 3717 1267 3783 ἐντῷ
1290 3714 1544 3785 οὐρανῷ,
1573 3717 1712 3771 οὔτε
1733 3717 1853 3771 ὅσα

268 3805 340 3860 ἐν
371 3801 448 3873 τῇ
471 3804 569 3875 γῇ,
612 3806 751 3859 οὕτε
781 3805 897 3859 ὅσα
926 3806 996 3860 ἐν
1019 3807 1146 3872 τοῖς
1175 3806 1358 3861 ὕδασι
1375 3822 1394 3870 ;
1427 3806 1594 3870 Ποίας
1636 3806 1851 3879 μερίδος

270 3898 501 3970 φήσουσι
540 3897 609 3952 τὰ
653 3899 1081 3970 προστάγματα·
1136 3901 1257 3953 Οὐκ
1307 3898 1700 3968 ἐπιθυμήσεις
1743 3898 1849 3952 τοῦ

261 3990 416 4057 ,βοὸς
442 3988 548 4045 τοῦ
582 3990 849 4061 ἀδελφοῦ
893 4005 1029 4057 σου,
1061 3992 1101 4061 ἢ
1135 3991 1243 4045 τοῦ
1287 3989 1628 4060 ὑποζυγίου,
1657 3991 1697 4059 ἢ
1737 3988 1850 4057 τῆς

268 4081 573 4150 γυναικὸς,
609 4082 647 4151 ἢ
693 4082 918 4149 παντὸς
950 4080 1244 4149 κτήνους;
1272 4083 1335 4136 Ei
1382 4082 1479 4153 μὲν
1519 4080 1628 4153 γὰρ
1677 4081 1850 4150 σεμνὰ

268 4175 364 4227 καὶ
392 4173 511 4228 θεῖα
551 4175 645 4229 καὶ
689 4174 928 4247 ὲράσμια
965 4174 1034 4229 τὰ
1076 4172 1302 4229 τοιαῦτα
1332 4177 1616 4245 φήσουσιν,
1658 4175 1850 4247 ὲντρα-

268 4268 528 4339 πήσονται
557 4267 663 4321 ὑπὸ
688 4267 798 4321 τῶν
829 4268 1204 4340 παραινέσεων
1235 4267 1298 4321 τὸ
1333 4266 1561 4338 μέγεθος
1580 4266 1672 4321 τοῦ
1708 4284 1848 4338 συμ-

269 4357 686 4423 ϐεϐουλευκότος
718 4361 1077 4432 ἠγνοηκότες·
1108 4361 1156 4414 εἰ
1188 4360 1247 4414 δὲ
1280 4358 1459 4430 φαῦλα
1492 4359 1631 4414 αὐτὰ
1662 4360 1845 4433 ἐροῦσι

268 4451 364 4505 καὶ
383 4451 800 4525 διαϐεϐλημένα,
828 4454 922 4507 καὶ
952 4452 1154 4525 φαῦλόν
1184 4454 1301 4506 ἐστι
1335 4453 1396 4506 τὸ
1437 4453 1511 4525 μὴ
1542 4454 1842 4528 πορνεύειν,

266 4543 361 4597 καὶ
386 4542 588 4613 φαῦλόν
613 4546 727 4597 ἐστι
754 4544 815 4597 τὸ
847 4546 920 4617 μὴ
957 4547 1243 4618 ἐπιθυμεῖν
1272 4546 1584 4618 ἀλλοτρίων,
1611 4546 1704 4602 καὶ
1733 4564 1844 4601 τοι-

265 4636 407 4690 αῦτά
439 4638 554 4690 ἐστι
594 4637 663 4691 τὰ
697 4637 904 4707 φαῦλα·
948 4640 1139 4694 σκόπει
1179 4635 1267 4695 οἷα
1304 4641 1589 4712 νοήσουσιν
1629 4640 1838 4709 ἀγαθά·

267 4731 493 4797 σκόπει,
533 4732 613 4785 ὅτι
641 4732 954 4803 προαγωγοί
986 4735 1090 4787 εἰσι
1127 4734 1237 4790 τῶν
1266 4734 1490 4806 ἡδονῶν,
1522 4735 1616 4788 καὶ
1646 4734 1842 4808 πρόξε-

261 4838 344 4878 νοι
364 4823 473 4878 τῶν
499 4824 751 4886 εἰδώλων,
784 4826 877 4880 καὶ
915 4827 1148 4898 αἰσχρᾶς
1174 4826 1471 4898 ἐπιθυμίας
1504 4828 1723 4899 εὑρεταί
1742 4843 1758 4859 ·
1794 4830 1842 4883 οἱ

262 4915 370 4988 γὰρ
392 4917 483 4972 τὸν
517 4919 681 4991 νόμον
713 4918 1086 4983 διαϐάλλοντες
1119 4920 1259 4992 ὑπὲρ
1300 4920 1528 4992 ἀνομίας
1573 4920 1842 4992 πρεσϐεύ-

260 5025 430 5064 ουσιν.

329 5190 392 5242 Ui
419 5190 510 5244 τὸν
543 5191 706 5262 νόμον
749 5193 841 5247 τὸν
867 5194 967 5258 τὰς
1001 5193 1196 5264 ἡδονὰς
1233 5195 1584 5268 ἀναιροῦντα,
1617 5196 1708 5249 τὸν
1741 5196 1838 5269 τὴν

256 5281 473 5353 ἀπάτην
507 5283 862 5350 καταλύοντα,
895 5286 985 5340 τὸν
1010 5287 1428 5360 δεισιδαιμονίαν
1458 5289 1838 5363 καταργοῦντα

255 5372 746 5446 ὲξοστρακίζοντες,
789 5378 842 5433 τί
882 5377 1148 5451 ἔτερον,ἢ
1191 5380 1539 5446 είσοικίζουσι
1585 5381 1683 5447 τὰς
1715 5381 1838 5454 ἡδοο

254 5465 353 5532 νὰς
373 5468 467 5521 καὶ
493 5469 808 5542 εἰσφέρουσι
838 5471 937 5537 τὰς
960 5473 1286 5545 ὲπιθυμίας;
1326 5477 1442 5529 ’Ὶνα
1468 5479 1500 5547 ἠ
1535 5476 1692 5548 ἡδονὴ
1717 5476 1840 5530 ἀνέ-

2029 2522 2167 2590 Quia
2205 2538 2331 2578 vero
2385 2524 2555 2595 legem
2607 2526 2915 2581 attribuunt
2954 2530 3120 2593 malo,
3155 2532 3288 2602 quid
3326 2534 3530 2593 dicturi

1957 2623 2107 2680 sunt,
2137 2614 2183 2670 si
2220 2615 2347 2687 quis
2376 2630 2470 2671 eos
2500 2626 2874 2687 percontetur,
2907 2619 2954 2674 si
2995 2622 3172 2679 malus
3214 2625 3355 2681 mala
3399 2643 3533 2683 sui-

1956 2708 2087 2775 det;
2116 2715 2170 2761 et
2218 2723 2327 2762 non
2352 2715 2534 2778 potest
2573 2724 2683 2764 non
2722 2711 2956 2767 suadere
2997 2714 3183 2783 mala;
3217 2716 3261 2771 si
3291 2720 3533 2789 quando-

1955 2816 2063 2872 que
2107 2801 2250 2857 bona
2299 2802 2571 2870 suadebit,
2607 2801 2771 2859 etiam
2815 2803 2958 2862 bona
2998 2808 3227 2864 consilia
3255 2808 3443 2867 dabit?
3472 2810 3533 2870 Si

1954 2895 2099 2949 enim
2155 2894 2361 2959 dicant,
2421 2902 2607 2966 aptum
2668 2911 2793 2952 esse
2835 2905 3031 2953 natura
3075 2900 3143 2955 ad
3186 2902 3531 2961 suadendum

1954 2985 2121 3050 bona,
2159 2985 2227 3041 ad
2264 2985 2505 3041 dandum
2546 2987 2690 3043 bona
2735 2990 2989 3056 consilia,
3022 3006 3216 3049 rursus
3259 2984 3533 3053 deﬁnitio-

1957 3093 2081 3134 nem
2117 3094 2272 3133 suam
2315 3079 2554 3135 solvunt.
2599 3077 2719 3135 Non
2752 3081 2896 3136 enim
2931 3082 3046 3153 jam
3092 3085 3270 3143 malus
3301 3098 3408 3153 est,
3435 3088 3532 3160 qui

1956 3169 2100 3225 bona
2130 3170 2222 3225 dat
2247 3171 2500 3227 consilia.
2544 3167 2641 3226 Sin
2678 3180 2861 3229 autem
2905 3174 3056 3230 nulla
3099 3176 3243 3232 bona
3276 3180 3533 3238 voluntas

1950 3279 2018 3320 ac
2060 3265 2383 3321 deliberatio
2424 3281 2454 3320 a
2498 3267 2642 3322 malo
2691 3268 3083 3337 proﬁciscitur,
3120 3270 3280 3341 cujus
3318 3274 3532 3332 ordinis

1950 3356 2137 3412 dicent
2188 3372 2311 3413 esse
2363 3357 2488 3413 illas
2537 3358 2826 3416 suasiones
2869 3375 2932 3415 ac
2975 3361 3305 3420 monitiones
3350 3384 3361 3420 :
3405 3363 3531 3422 Non

1951 3449 2339 3520 fornicaberis;
2379 3467 2485 3505 non
2528 3450 2895 3516 adulterabis;
2933 3469 3037 3507 non
3075 3453 3280 3523 furtum
3321 3455 3529 3525 facies;

1960 3560 2065 3598 non
2113 3543 2313 3615 falsum
2373 3544 2729 3599 testimonium
2791 3543 2932 3600 dices
2978 3546 3043 3601 ⁸⁷.
3098 3546 3269 3616 Cujus
3318 3550 3531 3607 ordinis

1950 3637 2136 3693 dicent
2178 3652 2301 3693 esse
2331 3636 2487 3700 illud,
2527 3638 2673 3708 quod
2722 3638 2986 3708 scriptum
3021 3649 3106 3695 est
3148 3659 3163 3695 :
3201 3639 3324 3695 Non
3364 3641 3530 3711 facies

1952 3727 2046 3781 tibi
2066 3726 2232 3795 idola,
2264 3744 2356 3783 nec
2385 3728 2547 3783 ullius
2574 3728 2996 3796 similitudinem,
3026 3724 3188 3801 neque
3210 3748 3530 3805 quiscunque

1950 3821 2005 3873 in
2050 3820 2199 3884 coelo,
2241 3836 2403 3889 neque
2445 3836 2766 3891 quwcunque
2795 3822 2849 3874 in
2880 3831 3041 3889 terra,
3085 3839 3248 3893 neque
3281 3840 3530 3895 quincun-

1949 3925 2047 3980 que
2075 3910 2131 3963 in
2162 3911 2314 3979 aquis
2338 3909 2421 3962 “‘3
2442 3909 2613 3979 Cujus
2646 3910 2818 3980 partis
2853 3926 2976 3966 esse
3008 3912 3097 3965 illa
3126 3913 3325 3968 dicturi
3352 3920 3482 3969 sunt
3508 3930 3523 3968 :

1953 4000 2076 4055 Non
2114 4003 2448 4071 concupisces
2500 4001 2675 4056 bovem
2714 4002 2904 4071 fratris
2946 4003 3045 4067 tui,
3083 4012 3178 4057 aut
3220 4005 3525 4077 subjugale:

1950 4103 2041 4147 aut
2076 4110 2315 4159 uxorem,
2354 4104 2449 4148 aut
2489 4111 2640 4149 omne
2676 4094 2974 4165 iumentum
3007 4096 3097 4150 ‘9?
3133 4094 3193 4151 Si
3225 4097 3371 4153 enim
3407 4097 3526 4154 haec

1951 4183 2181 4239 honesta
2219 4192 2273 4240 et
2318 4184 2504 4240 divina
2556 4194 2722 4257 atque
2775 4185 3031 4241 amabilia
3084 4199 3209 4242 esse
3250 4185 3525 4251 .dixerint,

1949 4276 2082 4347 ipsae
2107 4277 2440 4334 monitiones
2467 4277 2723 4346 elllcient,
2747 4286 2808 4333 ut
2837 4293 2897 4335 se
2923 4278 3028 4349 ipsi
3054 4280 3402 4346 erubescant,
3431 4280 3528 4351 qui

1948 4370 2360 4440 amplitudinem
2398 4370 2521 4441 ejus
2565 4372 2661 4442 qui
2697 4371 2945 4436 monuit,
2981 4371 3392 4444 ignoraverunt.
3426 4370 3525 4429 Sin

1947 4479 2077 4520 vero
2098 4463 2338 4518 dixerint
2360 4478 2529 4534 prava
2556 4480 2680 4520 esse
2706 4463 2821 4520 haec
2848 4472 2903 4521 et
2946 4464 3003 4520 in
3031 4465 3283 4533 crimine,
3312 4472 3369 4521 et
3399 4480 3527 4537 pra-

1875 4584 1922 4639 D
1949 4571 2076 4611 vum
2108 4562 2193 4611 est
2230 4571 2340 4611 non
2381 4557 2644 4625 scortari,
2675 4563 2731 4613 et
2763 4572 2990 4629 pravum
3034 4572 3100 4613 ac
3140 4557 3397 4614 vitiosum
3438 4563 3527 4614 est

1950 4664 2061 4703 non
2105 4649 2497 4720 concupiscere
2539 4650 2734 4711 aliena.
2773 4659 2828 4707 et
2870 4648 3186 4721 lIujusmodi
3216 4658 3366 4716 sunt,
3401 4664 3526 4722 qua

1951 4742 2093 4796 mala
2134 4749 2283 4808 sunt,
2315 4742 2558 4808 adverte,
2588 4743 2776 4814 qualia
2806 4743 2953 4798 bona
2997 4758 3123 4799 esse
3168 4742 3521 4814 intelligunt;

1951 4842 2004 4890 et
2028 4835 2302 4906 quomodo
2335 4837 2723 4907 prostitutores
2751 4843 2882 4893 sunt
2911 4835 3273 4907 voluptatum,
3309 4843 3364 4892 et
3386 4850 3523 4892 con-

1954 4928 2237 4985 ciliatores
2259 4928 2552 4996 idolorum,
2578 4944 2643 4985 ac
2671 4929 2911 4999 turpium
2941 4929 3300 5000 cupiditatum
3327 4928 3521 4985 inven-

1949 5025 2117 5074 tores.
2154 5016 2260 5084 Qui
2298 5018 2444 5075 enim
2483 5019 2657 5090 legem
2695 5026 2991 5087 accusant,
3022 5035 3124 5091 pro
3160 5019 3292 5076 vitio
3335 5033 3368 5075 ι
3405 5019 3524 5090 lege

1949 5110 2128 5166 alieno
2161 5110 2366 5166 obeunt
2398 5111 2747 5181 legationem.

2017 5198 2121 5266 Qui
2162 5198 2334 5270 legem
2359 5238 2373 5264 ,
2406 5214 2529 5270 qua:
2561 5200 2867 5270 voluptates
2889 5198 3063 5264 tollit,
3094 5214 3217 5271 quae
3248 5195 3517 5253 fallaciam

1944 5292 2158 5354 evertit,
2188 5306 2311 5363 quae
2350 5293 2797 5362 superstitionem
2846 5292 3189 5365 exstinguit,
3238 5290 3517 5361 relegant,

1945 5384 2077 5455 quid
2113 5384 2259 5440 aliud
2294 5383 2504 5441 faciunt
2533 5400 2698 5456 quam
2738 5385 3048 5456 voluptates
3085 5384 3309 5441 domum
3348 5383 3523 5436 intra.

1945 5478 2172 5546 ducunt,
2211 5488 2266 5534 et
2304 5478 2632 5551 cupiditates
2674 5478 3001 5536 accersunt?
3032 5475 3103 5533 Ut
3144 5483 3325 5532 autem
3367 5474 3522 5528 volu-

326 5644 370 5678 “
397 5643 559 5727 ﬁsa-1;
592 5648 851 5727 xx_I_II_,_
922 5649 974 5727 ξ’
1013 5649 1159 5727 P_sal_.
1184 5652 1416 5727 _c_Ix_,_I.
1482 5653 1543 5685 “
1584 5651 1727 5709 Psal.
1765 5669 1823 5721 ιι,

1992 5657 2036 5690 δ’
2077 5655 2234 5713 Deut.
2273 5675 2438 5725 xvnI,
2478 5659 2565 5727 l5,
2605 5658 2690 5716 I8.
2770 5659 2814 5690 “
2852 5657 2958 5715 Isa.
2998 5672 3086 5724 Ix,
3124 5655 3178 5711 ϐ’.
3257 5655 3302 5694 ⁸⁷
3346 5652 3516 5710 Exod.

254 5714 579 5783 χιιι-ιδ.
654 5716 873 5776 “ibid.
908 5719 961 5774 ι.
1040 5722 1082 5753 ιο
1126 5722 1256 5777 ibid.
1298 5714 1383 5779 ιι.

575 5810 849 5874 Ρηιιοι..
897 5814 1014 5877 Gn.
1068 5815 1297 5877 XVIII.

3121 5814 3202 5877 39
