4038 6288
613 313 750 373 1'23?

1742 312 1879 369 TlTl
1919 312 2345 370 BOSTRENSIS
2376 312 2681 371 EPISCO'PI

3687 316 3792 377 ίίὶὲῖ

610 439 736 502 ptas
784 428 1010 484 licenter
1043 443 1099 483 ιιι
1133 436 1341 485 mentes
1373 427 1672 501 irrumpat,
1704 431 1875 503 legem
1919 446 1984 487 ex
2017 431 2175 487 habi-

2278 433 2372 505 δην
2398 432 2653 505 είσϐάλλτ,
2680 432 2738 486 ὲν
2762 429 2883 493 ταῖς
2914 428 3194 494 διανοίαις,
3220 427 3311 483 τὸν
3340 428 3502 500 νόμον
3532 429 3592 483 ὲκ
3621 431 3712 488 τῶν
3735 438 3792 489 ot.

611 523 914 578 tationibus
959 520 1259 591 eiecerunt,
1308 537 1378 578 ne
1429 526 1546 593 lege
1590 524 1694 588 usi,
1745 538 1776 577 a
1817 523 1932 594 lege
1977 524 2183 594 pudore

613 610 974 669 afﬁcerentur.
1011 609 1118 667 Sed
1171 613 1449 682 quomodo
1485 615 1601 684 lege
1639 613 1809 684 ejecta
1854 628 2015 669 aures
2053 629 2182 669 suas

612 706 827 761 venales
858 704 1096 775 prtebent
1130 705 1545 775 cupiditatibus,
1579 714 1803 777 apparet
1837 707 1920 762 lex
1951 722 2073 763 esse
2101 706 2183 759 in-

614 798 895 852 terfectrix
924 799 1183 868 nequitiae
1217 817 1230 854 :
1265 799 1317 853 hi
1352 808 1533 855 autem
1566 800 1786 855 indocte
1826 810 1879 857 et
1900 800 2184 856 inerudite

614 889 855 958 aggressi
906 896 1034 942 sunt
1075 902 1338 943 accusare
1361 890 1531 960 legem
1569 907 1582 943 :
1622 905 1685 944 ac
1731 891 1814 945 lex
1839 889 2054 959 quidem
2086 908 2181 945 ne-

611 982 837 1053 quitiam
870 982 1007 1047 odit,
1038 983 1095 1036 hi
1130 998 1259 1038 vero
1290 984 1460 1054 legem
1506 984 1761 1039 oderunt.
1805 983 2013 1038 Evertit
2059 985 2182 1054 qui-

609 1076 732 1131 dem
796 1076 1239 1145 superstitionem
1295 1077 1402 1140 lex,
1458 1076 1514 1130 hi
1568 1092 1696 1131 vero
1754 1077 1956 1131 audent
2009 1078 2178 1147 legem

608 1176 873 1225 evertere.
924 1167 1276 1239 Opponamus
1326 1170 1490 1241 igitur
1535 1185 1644 1225 res.
1692 1168 1748 1223 Si
1796 1171 1881 1225 lex
1925 1171 2182 1240 nequitia:

607 1259 883 1313 contraria
915 1268 1019 1324 est,
1052 1259 1105 1312 hi
1138 1267 1319 1315 autem
1370 1261 1543 1331 legem
1583 1270 1918 1331 oppugnant,
1947 1276 2180 1315 succen-

608 1359 730 1405 sent
761 1360 982 1421 propter
1011 1352 1337 1423 nequitiam,
1366 1354 1495 1424 quia
1542 1354 1627 1409 lex
1666 1354 1964 1424 nequitiam
1993 1354 2183 1408 crimi-

605 1450 768 1497 natur
819 1460 833 1497 :
878 1443 1078 1499 etenim
1125 1444 1252 1513 quia
1299 1460 1408 1499 non
1457 1446 1740 1515 patiuntur
1786 1454 1846 1500 ut
1894 1456 2182 1501 accusetur

2280 529 2491 598 κήσεων
2531 527 2758 599 ῆλασαν,
2787 525 2874 579 ἶνα
2901 525 2976 597 μὴ
3005 524 3155 596 νόμῳ
3183 523 3513 595 χρησάμενοι
3543 524 3639 579 ὑπὸ
3665 527 3792 599 νόμον

2277 619 2634 693 ὲντραπῶσιν.
2701 618 2862 672 Ἀλλά
2901 616 3019 681 πῶς
3076 616 3165 670 τὸν
3222 615 3385 686 νόμον
3430 616 3792 689 ἀποσεισάμενοι

2279 701 2736 780 ἀναπεπταμένας
2757 706 2965 761 ἑαυτῶν
2992 705 3093 769 τάς
3123 704 3292 767 ἀκοὰς
3320 705 3690 776 παράσχωνται
3707 714 3794 775 ταῖς

2278 800 2621 871 ἐπιθυμίαις·
2654 798 2900 869 φαίνεται
2930 797 2987 851 δὲ
3031 798 3059 850 6
3088 796 3250 867 νόμος
3280 795 3479 858 κακίας
3520 798 3793 868 ἀναιρετης·

2277 887 2423 947 οὗτοι
2446 893 2503 945 δὲ
2523 890 2745 962 ἀμαθῶς
2774 890 2866 943 καὶ
2888 889 3224 951 ἀπαιδεύτως
3249 886 3549 941 διαϐάλλειν
3571 889 3653 942 τὸν
3670 889 3795 959 νόμον

2279 984 2759 1056 ἐπικεχειρήκασιν
2779 1001 2794 1015 ν
2825 981 2919 1035 καὶ
2935 982 2966 1033 6
2989 981 3086 1052 μὲν
3105 980 3268 1050 νόμος
3292 978 3488 1032 κακίαν
3512 982 3663 1049 μισεῖ,
3688 976 3798 1034 οὗτοι

2278 1077 2334 1130 δὲ
2366 1078 2528 1147 νόμον
2574 1074 2816 1146 μισοῦσι’
2854 1073 2950 1126 καὶ
2974 1072 3237 1127 καταλύει
3272 1071 3370 1141 μὲν
3408 1069 3505 1140 τὴν
3533 1070 3798 1142 δεισιδαιμο.

2278 1170 2397 1224 νίαν
2423 1171 2452 1221 6
2483 1167 2675 1239 νόμος·
2697 1159 2841 1220 οῦτοι
2864 1166 2919 1227 δὲ
2939 1164 3084 1218 λύειν
3104 1163 3194 1217 τὸν
3219 1164 3381 1233 νόμον
3406 1162 3675 1232 τολμῶσιν.
3711 1164 3799 1216 ’Δνυ

2277 1261 2515 1333 τιθῶμεν
2557 1255 2648 1314 οὖν
2678 1260 2746 1313 τὰ
2786 1258 3104 1331 πράγματα.
3159 1257 3222 1310 El
3255 1259 3282 1310 6
3308 1255 3471 1326 νόμος
3510 1254 3662 1326 κακίᾳ
3681 1256 3798 1309 ἀντί-

2278 1372 2489 1419 κειται,
2532 1346 2676 1407 οὗτοι
2720 1350 2777 1404 δὲ
2816 1351 2964 1421 νόμῳ
3017 1348 3310 1419 μάχονται,
3357 1346 3699 1416 ἀγανακτοῦσι
3735 1347 3798 1401 διὰ

2279 1443 2497 1507 κακίαν,
2522 1443 2604 1496 ὅτι
2653 1441 2680 1493 6
2715 1440 2878 1510 νόμος
2906 1438 3100 1492 κακίαν
3144 1435 3452 1490 διαϐάλλει·
3484 1435 3555 1507 μὴ
3595 1436 3798 1507 φέροντες

604 1535 888 1605 nequitia,
946 1535 1153 1590 idcirco
1211 1537 1386 1606 legem
1457 1536 1563 1607 ipsi
1629 1548 2062 1604 accusaverunt,
2120 1544 2180 1591 ut

2281 1535 2388 1606 γὰρ
2417 1533 2517 1604 τὴν
2548 1533 2650 1601 τῆς
2683 1530 2881 1592 κακίας
2929 1527 3200 1597 διαϐολὴν,
3234 1526 3330 1580 τὸν
3379 1525 3541 1597 νόμον
3564 1526 3797 1598 διαϐεϐλή-

605 1629 887 1683 accusatio
939 1629 1198 1697 nequitiae
1247 1629 1426 1684 nullas
1471 1629 1615 1684 vires
1660 1628 1901 1694 haberet,
1956 1629 2072 1699 lege
2122 1628 2177 1683 in

2281 1643 2461 1691 κασιν,
2505 1625 2593 1678 ἵνα
2640 1622 2845 1695 ἠκατά
2874 1621 2973 1692 τῆς
3015 1620 3213 1683 κακίας
3245 1617 3465 1689 διαϐολὴ
3513 1617 3582 1689 μὴ
3628 1617 3793 1691 ἰσχύῃ,

604 1722 816 1776 crimen
847 1728 1057 1775 vocata.
1096 1719 1153 1774 Si
1188 1720 1272 1775 lex
1303 1720 1446 1775 idola
1492 1722 1649 1786 tollit,
1681 1730 1736 1777 et
1773 1720 2176 1777 multitudinem

603 1810 833 1867 deorum
877 1812 1058 1877 solvit,
1095 1811 1149 1866 hi
1183 1818 1365 1866 autem
1395 1813 1501 1867 tela
1540 1812 1595 1865 in
1636 1814 1807 1883 legem
1849 1821 2127 1870 torserunt
2162 1830 2176 1865 :

603 1912 1037 1959 consentaneum
1080 1912 1220 1969 erat,
1266 1913 1324 1957 ut
1370 1905 1776 1960 multitudinem
1827 1905 2051 1959 deorum
2088 1905 2182 1960 de-

604 1995 943 2053 nuntiarent.
976 1994 1046 2050 Ut
1085 1997 1251 2067 igitur
1289 1997 1582 2052 multitudo
1618 1996 1842 2052 deorum
1887 1997 2183 2051 conﬁrma-

603 2096 780 2151 retur,
841 2087 977 2159 legis
1031 2098 1360 2160 praaceptum
1437 2090 1582 2161 apud
1641 2105 1735 2145 eos
1794 2089 2020 2143 vetitum
2077 2096 2179 2155 est,

601 2179 746 2250 quod
777 2180 886 2234 ait:
907 2181 1066 2244 Audi,
1095 2180 1288 2247 Israel,
1319 2180 1579 2235 Dominus
1604 2180 1745 2235 Deus
1774 2189 1893 2233 tuus
1927 2179 2183 2234 Dominus

598 2290 736 2327 unus
770 2283 889 2337 est;
922 2284 996 2337 et,
1034 2273 1233 2345 Diliges
1281 2272 1569 2328 Dominum
1613 2273 1780 2328 Deum
1817 2282 1965 2327 tuum
1997 2273 2077 2340 ⁵⁰;
2108 2283 2181 2339 et,

602 2365 687 2420 Ne
727 2367 866 2435 [orte
910 2368 1167 2435 aspiciens
1217 2367 1270 2420 in
1310 2367 1496 2421 coelum
1521 2406 1535 2430 ,
1580 2377 1630 2421 et
1674 2365 1852 2421 videns
1892 2364 2056 2420 solem
2084 2404 2099 2429 ,
2133 2374 2184 2419 et

602 2461 809 2523 lunam,
849 2467 898 2513 et
940 2458 1155 2524 stellas,
1206 2458 1394 2513 adores
1435 2475 1499 2513 ea
1523 2460 1590 2513 δι.
1622 2459 1826 2515 Contra
1864 2459 1979 2513 haec
2020 2458 2184 2514 verba

600 2553 710 2608 tela
744 2553 1004 2622 iecerunt
1028 2568 1042 2619 ;
1077 2558 1269 2607 contra
1300 2551 1417 2606 haec
1443 2559 1713 2622 praecepta
1741 2551 2051 2621 exasperati
2080 2550 2185 2605 Iin-

599 2660 760 2715 guam
804 2655 1062 2714 tanquam
1112 2642 1351 2716 gladium
1397 2653 1663 2699 acuerunt
1713 2662 1725 2696 :
1772 2642 1977 2697 idcirco
2011 2657 2040 2696 a
2077 2642 2187 2696 daa-

599 2736 859 2793 monibus
888 2743 1146 2811 aguntur,
1187 2742 1243 2792 et
1282 2738 1463 2791 omnia
1512 2742 1865 2803 venerantur,
1896 2749 1999 2790 nec
2036 2733 2183 2788 aliud

602 2827 789 2884 sciunt
817 2842 979 2898 quam
1017 2828 1199 2882 omnia
1242 2827 1469 2882 adorare
1514 2841 1529 2878 :
1575 2842 1637 2881 ac
1681 2840 1894 2897 semper
1933 2840 1993 2881 se
2030 2824 2184 2878 humi

2278 1718 2372 1771 τοῦ
2393 1717 2557 1789 νόμου
2585 1714 2838 1785 διαϐεϐλη
2848 1714 3027 1784 μένου.
3060 1713 3123 1764 El
3152 1713 3181 1763 6
3203 1710 3367 1782 νόμος
3395 1710 3465 1763 τὰ
3491 1709 3668 1763 εἴδωλα
3685 1712 3797 1763 avai-

2283 1814 2386 1883 ρεῖ,
2419 1810 2512 1864 καὶ
2538 1808 2636 1881 τὴν
2668 1806 2956 1861 πολυθεΐαν
2976 1803 3253 1870 καταλύει,
3290 1798 3436 1858 οὗτοι
3464 1803 3519 1856 δὲ
3546 1802 3670 1857 ὅπλα
3694 1802 3797 1856 κατὰ

2279 1903 2374 1957 τοῦ
2403 1902 2569 1974 νόμου
2594 1900 2974 1971 κεκινήκασιν·
3004 1896 3227 1960 εἰκότως
3248 1894 3536 1948 πολυθεῖαν
3561 1896 3795 1963 κατήγγει-

2280 1995 2377 2047 λαν
2396 2008 2410 2022 ·
2447 1994 2535 2046 ἵνα
2567 1991 2673 2060 γὰρ
2700 1992 2727 2043 6
2771 1987 2872 2059 τῆς
2906 1986 3194 2050 πολυθεῖας
3237 1984 3430 2056 ἰσχύσῃ
3462 1983 3628 2053 λόγος,
3656 1983 3795 2036 τὸτοῦ

2281 2083 2445 2154 νόμου
2479 2081 2605 2152 παρ’
2635 2080 2819 2141 αὐτοῖς
2851 2075 3155 2131 κεκώλυται
3177 2073 3540 2146 παράγγελμα
3565 2073 3621 2126 τὸ
3645 2072 3794 2140 λέγον·

2285 2176 2525 2234 Ἄκουε,
2567 2168 2834 2237 Ἰσραὴλ,
2857 2167 3072 2234 Κύριος
3109 2167 3141 2218 ό
3172 2165 3317 2229 Θεός
3347 2180 3482 2227 σου,
3507 2161 3696 2230 Κύριος
3733 2155 3796 2225 εἷς

2282 2265 2413 2319 ἐστι
2434 2281 2447 2294 ·
2479 2262 2594 2326 καὶ,
2636 2258 2994 2330 Ἀγαπήσεις
3017 2257 3236 2325 Κύριον
3253 2254 3363 2309 τὸν
3392 2254 3535 2308 Θεόν
3561 2268 3686 2308 σου·
3709 2254 3793 2314 καὶ,

2283 2358 2380 2427 Μὴ
2430 2353 2778 2422 ἀναϐλέψας
2825 2353 2913 2416 εἰς
2949 2349 3055 2402 τὸν
3101 2346 3384 2415 οὐρανὸν,
3434 2344 3529 2399 καὶ
3569 2343 3689 2398 ἰδὼν
3718 2342 3795 2395 τὸν

2284 2448 2463 2515 ἥλιον
2500 2445 2597 2499 καὶ
2643 2444 2760 2511 τὴν
2805 2438 3103 2505 σελήνην,
3157 2434 3588 2505 προσκυνήσῃς
3621 2430 3790 2497 αὐτοῖς.

2284 2540 2428 2612 Πρὸς
2448 2537 2620 2592 ταῦτα
2642 2534 2711 2589 τά
2732 2535 2949 2607 ῥήματα
2979 2529 3117 2585 ὅπλα
3146 2529 3469 2600 κεκινήκασι
3488 2544 3501 2557 ·
3527 2525 3649 2596 πρὸς
3668 2521 3794 2577 ταῦτα

2282 2633 2352 2688 τὰ
2381 2628 2818 2703 παραγγέλματα
2859 2623 3269 2697 τραχυνθέντες,
3322 2622 3400 2685 ὡς
3447 2620 3693 2691 μάχαιραν
3723 2615 3795 2684 τὴν

2283 2724 2532 2794 γλῶσσαν
2562 2720 2835 2792 ἠκόνησαν
2855 2734 2867 2748 ο
2908 2715 2995 2769 διὰ
3027 2713 3185 2767 τοῦτο
3215 2711 3532 2783 δαιμονῶσι,
3560 2709 3641 2762 καὶ
3661 2706 3793 2760 πάντα

2283 2813 2502 2887 τιμῶσι,
2533 2811 2628 2866 καὶ
2659 2809 2809 2863 οὐδὲν
2838 2808 3038 2867 ἴσασιν,
3081 2808 3129 2859 οἱ
3174 2805 3247 2877 μὴ
3290 2805 3467 2859 πάντα
3494 2799 3793 2874 προσκυνεῐνο

603 2887 875 2985 sternunt,
934 2927 988 2974 et
1040 2929 1273 2974 mentem
1330 2919 1531 2974 habent
1593 2887 1818 2983 elatam:
1885 2925 2181 2989 errantque

2286 2907 2381 2961 καὶ
2410 2905 2495 2959 ἀεὶ
2526 2902 2786 2956 πίπτουσι
2808 2898 2981 2969 χαμαὶ
3006 2896 3100 2950 καὶ
3125 2893 3355 2967 γνώμην
3385 2893 3586 2991 ἔχουσιν
3606 2887 3793 2991 ὲπηρμέε

603 3024 669 3064 ac
705 3017 969 3080 vagantur
1012 3024 1181 3064 sensu
1224 3007 1393 3062 animi
1430 3028 1443 3062 :
1477 3008 1659 3062 omnia
1690 3022 1788 3078 pro
1824 3021 1923 3061 sua
1955 3005 2178 3060 licentia

2284 3013 2401 3068 νην·
2436 2993 2532 3049 καὶ
2566 2989 2871 3045 πλανῶνται
2889 2987 2983 3042 καὶ
3006 2985 3298 3057 ρέμῦονται
3317 2986 3385 3054 τῇ
3415 2981 3635 3051 διανοίᾳο
3660 2981 3791 3080 πάντα

600 3108 886 3156 verterunt
934 3101 988 3154 in
1024 3101 1157 3156 deos
1202 3119 1217 3156 :
1255 3099 1503 3155 vicerunt
1550 3098 1787 3169 gentiles
1832 3106 1887 3153 et
1927 3096 2178 3151 multitu-

600 3193 750 3259 dine,
794 3200 847 3248 et
888 3193 1156 3258 vanitate,
1200 3192 1438 3268 gentiles
1487 3206 1553 3246 ex
1598 3190 1895 3261 gentilibus
1934 3188 2175 3253 oriundi,

599 3293 654 3340 et
675 3285 1045 3356 magnitudine
1074 3282 1262 3356 ﬂagitii
1290 3283 1567 3355 gentilium
1599 3280 1938 3352 ignorantias
1960 3279 2177 3335 illorum

601 3385 945 3448 superantes.

2283 3067 2725 3156 τεθεοποιήκασιν
2784 3081 2869 3134 ἐπ’
2904 3076 3147 3144 ἐξουσίας
3166 3095 3180 3108 ·
3211 3075 3307 3129 καὶ
3355 3073 3451 3145 τὴν
3480 3072 3661 3141 πλάνην
3684 3067 3793 3137 ἐσχή-

2284 3199 2413 3236 κασι
2439 3180 2550 3247 (57)
2569 3195 2584 3208 ο
2620 3175 2934 3246 νενικήκασι
2962 3171 3087 3234 τοὺς
3118 3168 3386 3240 ’Έλληνας
3415 3166 3492 3237 τῷ
3518 3165 3699 3236 πλήθει,
3725 3158 3790 3212 καὶ

2283 3276 2349 3345 τῇ
2397 3271 2643 3341 κενότητι
2695 3249 3263 3337 ”Ελληνες’Έλλήνων
3302 3258 3593 3329 γεγονότες,
3630 3252 3707 3309 καί
3736 3251 3789 3321 τῷ

2288 3362 2505 3434 μεγέθει
2536 3359 2634 3430 τῆς
2658 3355 2836 3412 αὐτῶν
2866 3352 3094 3416 ἀτοπίας
3128 3350 3227 3415 τὰς
3252 3351 3475 3405 ἐκείνων
3499 3346 3789 3420 ἀμϐλύνοντες

2286 3452 2526 3524 ἀγνοίας.

1688 3571 1814 3629 CAP.
1861 3570 1997 3626 Vill.
2026 3571 2078 3624 Ν
2083 3571 2179 3627 iltil
2200 3570 2526 3643 ﬂagitiosum
2553 3566 2608 3621 in
2634 3567 2761 3637 lege.

672 3694 751 3751 Ne
774 3693 897 3765 quis
934 3699 1116 3747 autem
1150 3701 1267 3745 arte
1301 3687 1658 3744 fallacissima
1690 3685 1941 3740 studiose
1982 3694 2036 3740 et
2081 3700 2177 3740 ac-

2355 3684 2475 3737 ’Ίνα
2497 3682 2553 3736 δὲ
2584 3682 2657 3752 μή
2680 3694 2765 3741 τις
2791 3674 3174 3746 ἀπατηλοτάτῃ
3203 3671 3377 3744 τέχνῃ
3392 3667 3696 3765 χρησάμενος
3710 3664 3791 3765 ίπι-

601 3753 807 3848 curate.
857 3800 991 3841 usus
1052 3784 1229 3848 dicat,
1291 3781 1582 3836 Simulavit
1632 3779 1758 3843 lex,
1819 3784 1873 3832 et
1929 3777 2177 3847 quaedam

2281 3773 2688 3847 τετηδευμένως
2711 3771 2868 3841 λέγῃ,
2906 3764 3345 3838 Ἑσχηματίσατο
3369 3764 3397 3816 ὁ
3419 3761 3589 3833 νόμος,
3608 3757 3686 3810 καὶ
3709 3753 3789 3806 ἔνια

602 3880 833 3953 pulchra
870 3876 1053 3930 furata
1081 3914 1094 3939 ,
1136 3883 1393 3943 tanquam
1434 3886 1534 3926 sua
1568 3869 1831 3941 protulit,
1867 3882 1993 3922 cum
2021 3867 2181 3922 vellet

2285 3868 2392 3921 τῶν
2433 3866 2612 3920 καλῶν
2653 3860 2966 3933 σεσυληκὼς
3001 3857 3134 3928 (58),
3169 3856 3245 3920 ὡς
3280 3855 3390 3953 ἴδια
3430 3849 3789 3953 προσηνέγκατο,

604 3936 707 4030 sua
734 3969 934 4040 ﬂagitia
966 3968 1279 4029 honestare,
1315 3972 1370 4020 et
1401 3971 1584 4034 partes
1620 3960 1926 4016 honestatis
1954 3959 2181 4015 inseruit

2289 3959 2549 4029 σεμνῦναι
2577 3955 2676 4019 τὰς
2710 3952 2903 4008 ἑαυτοῦ
2945 3950 3175 4012 ἀτοπίας
3203 3945 3539 4018 βουλόμενος,
3565 3940 3644 4044 καὶ
3671 3936 3792 4044 ptipr

605 4026 787 4119 studio
804 4026 1119 4132 vobtegendi
1168 4026 1567 4127 turpitudinem
1613 4054 1846 4108 aliarum
1896 4051 2181 4122 partium;

2290 4026 2397 4103 τῶν
2436 4046 2615 4102 καλῶν
2664 4044 2968 4116 ὲνέσπειρε,
3003 4040 3090 4095 διά
3141 4039 3249 4092 τῶν
3301 4036 3501 4109 μορίων
3540 4032 3633 4085 τῶν
3658 4026 3791 4127 καλῶν

606 4172 734 4226 age,
776 4153 1118 4208 excutiamus
1152 4152 1351 4222 primo,
1401 4158 1581 4204 utrum
1631 4145 1836 4218 aliquid
1886 4144 2181 4201 absurdum

2287 4141 2397 4195 τῶν
2455 4139 2589 4194 ἄλλα
2634 4132 2979 4206 κατακρύψαι
3033 4129 3415 4192 ἐσπουδακώς·
3469 4124 3591 4226 φέρε
3631 4124 3791 4226 πρώϊον

605 4205 670 4302 εἴ
720 4205 1047 4315 ﬂagitiosum
1108 4205 1250 4312 apud
1312 4243 1484 4309 legem
1546 4205 1826 4311 appareat,
1888 4245 2052 4308 atque
2109 4236 2181 4292 ita

2288 4232 2677 4303 ,γυμνάσωμεν,
2717 4228 2789 4299 μή
2821 4205 2885 4279 τι
2926 4224 3122 4278 ἄτοπον
3154 4218 3307 4292 παρά
3345 4218 3423 4290 τῷ
3468 4205 3789 4319 νόμῳλφανξίξιι
3828 4282 3839 4293 Ι

606 4338 871 4410 ﬂagitium
913 4338 1142 4391 istorum
1189 4335 1565 4404 redarguetur.
1621 4332 1899 4395 Secundo,
1927 4331 1975 4386 si
2018 4343 2183 4399 quas-

607 4433 730 4486 dam
761 4438 945 4502 partes
976 4428 1090 4482 vitii
1130 4426 1445 4481 ulciscendo
1477 4425 1795 4494 dissipavit,
1822 4423 2056 4478 reddens
2085 4436 2182 4476 eos

608 4527 702 4595 qui
724 4522 1041 4586 credebant,
1072 4519 1273 4574 liberos
1302 4519 1370 4572 ab
1403 4518 1550 4573 omni
1579 4524 1731 4587 parte
1755 4515 1870 4570 vitii
1899 4533 1912 4580 ;
1941 4529 2050 4569 non
2069 4513 2181 4581 jam

610 4618 695 4671 lex
753 4614 1009 4669 simulata
1056 4609 1374 4681 apparebit,
1425 4608 1558 4677 quin
1614 4607 1797 4677 potius
1857 4604 2077 4659 inimica
2129 4611 2183 4658 et

609 4706 787 4763 hostis
812 4706 929 4761 vitii
955 4714 1009 4760 et
1035 4704 1312 4774 nequitiae.
1347 4700 1554 4764 Tertio,
1590 4701 1636 4755 si
1673 4699 1920 4769 quaedam
1952 4698 2183 4753 honesta

609 4797 1130 4858 circumseminavit,
1174 4802 1228 4850 et
1271 4809 1379 4849 non
1419 4807 1638 4848 omnem
1682 4791 1916 4859 speciem
1963 4788 2183 4843 virtutis

610 4905 736 4946 cum
778 4890 955 4944 littera
998 4889 1133 4959 legis
1174 4884 1478 4957 conjunxit,
1526 4891 1586 4939 ut
1633 4881 1879 4953 quaedam
1931 4879 2185 4936 videatur

610 4981 936 5050 scripsisse,
1000 4981 1153 5049 plura
1206 4994 1336 5034 vero
1408 4976 1746 5047 reliquisse;
1807 4972 2004 5031 haheat
2074 4969 2179 5024 vim

612 5077 850 5145 aliquam
902 5070 1158 5126 refutatio
1208 5071 1362 5141 legis.
1415 5068 1513 5122 Sin
1570 5082 1699 5122 vero
1750 5065 2007 5120 universa
2063 5075 2185 5131 qua:

612 5171 842 5226 honesta
890 5174 944 5222 et
990 5166 1188 5220 decora
1243 5173 1392 5228 sunt,
1436 5164 1661 5218 omnino
1703 5161 1759 5215 in
1804 5157 2004 5212 litteris
2050 5154 2185 5224 legis

610 5263 789 5334 posita
821 5267 950 5317 sunt
979 5276 993 5312 :
1029 5256 1362 5310 admiremur
1398 5257 1591 5324 legem,
1622 5262 1672 5309 et
1715 5251 1809 5306 Dei
1844 5251 2015 5320 legem
2047 5263 2183 5301 con-

612 5353 884 5419 ﬂteamur,
932 5351 1290 5416 dicamusque
1321 5361 1625 5401 sermonem
1656 5344 1748 5399 Dei
1782 5358 1940 5407 esse;
1982 5342 2036 5396 in
2082 5339 2184 5397 hos

658 5464 679 5495 β

685 5510 731 5541 ⁸ο
770 5510 928 5564 Deut.
965 5524 1051 5570 vt,
1084 5505 1149 5570 4,
1185 5503 1237 5557 5.
1314 5502 1355 5531 ⁵¹
1404 5500 1559 5555 Deut.
1597 5516 1670 5560 tv,
1711 5498 1795 5553 19.

690 5662 801 5732 (57)
838 5663 947 5719 Kal
1004 5661 1117 5729 τὴν
1167 5659 1408 5726 πλάνην
1456 5654 1775 5732 ἐσχήκασι.
1825 5651 1959 5732 Hine
2022 5648 2186 5705 verba

613 5722 801 5791 omisit
830 5722 1097 5805 interpres
1128 5749 1140 5786 :
1180 5734 1230 5785 in
1261 5722 1488 5784 errorem
1524 5722 1837 5779 inciderunt.
1869 5722 2029 5775 Basn.

2289 4295 2384 4380 καί
2407 4295 2575 4386 οὕτως
2600 4295 2820 4390 ἐλεγχος
2839 4317 2937 4388 τῆς
2967 4313 3195 4377 ἀτοπίας
3221 4313 3398 4386 αὐτῶν
3420 4304 3688 4379 γιγνέσθω·
3708 4295 3793 4390 lati-

2289 4433 2467 4489 τερον,
2516 4384 2568 4468 εί
2598 4384 2836 4482 ἔνια-τῆς
2875 4384 3070 4471 κακίας
3113 4405 3252 4476 μέρη
3284 4384 3579 4489 ἐπεξελθὼν
3606 4384 3791 4489 amciti-

2290 4478 2470 4573 δασεν,
2518 4478 2835 4577 ὲλευθέροῦς
2876 4501 3002 4562 τοὺς
3038 4496 3394 4559 πιστεύοντας
3437 4487 3621 4549 παντὸς
3649 4478 3791 4577 μορίω

2292 4572 2490 4663 κακίας
2540 4572 2847 4662 ἀποδείξας,
2895 4592 3079 4648 οὐκέτι
3116 4588 3573 4679 ἐσχηματισμένος
3611 4581 3636 4632 6
3671 4572 3791 4679 vdit-Ili

2293 4692 2511 4764 φανείη,
2534 4689 2647 4745 ἀλλ’
2674 4687 2864 4760 ἐχθρὸς
2884 4686 2979 4741 καὶ
3014 4685 3111 4755 τῆς
3143 4682 3340 4746 κακίας
3368 4675 3607 4745 πολέμιος
3658 4675 3790 4773 τριτον

2290 4789 2370 4851 δὲ,
2404 4788 2452 4841 εί
2475 4785 2592 4838 ἔνια
2623 4783 2729 4837 τῶν
2761 4780 2937 4836 καλῶν
2967 4779 3339 4850 περιέσπειρε,
3371 4774 3462 4827 καὶ
3491 4770 3547 4824 οὐ
3579 4766 3668 4820 πᾶν

2291 4849 2391 4951 ’τῆ-ς
2415 4876 2614 4950 ἀρετῆς
2641 4877 2750 4938 τοῖς
2784 4873 3074 4945 γράμμασι
3100 4868 3354 4939 συνῆψεν,
3388 4866 3491 4927 ῖναν
3527 4861 3571 4913 εί
3604 4855 3685 4951 ξλὲν
3708 4849 3789 4951 ei“

2293 4938 2486 5042 φανείη
2530 4938 2914 5041 γεγραφηκῶς,
2944 4938 3178 5016 ’πλείονα
3222 4938 3279 5012 δὲ
3323 4947 3687 5042 ἀπολελοιπῲςν

2292 5026 2414 5116 τινὰ
2457 5026 2683 5132 δύναμίν
2717 5026 3044 5125 ’δ’ἐλεγχοςο
3076 5055 3124 5106 εί
3160 5052 3217 5105 δὲ
3263 5051 3358 5105 ὅλα
3386 5046 3552 5119 διόλου
3595 5037 3654 5092 τὰ

2294 5159 2406 5218 τοῖς
2432 5120 2753 5224 γράμμασιν
2782 5120 3008 5217 ἐπετέθη
3039 5145 3133 5198 τοῦ
3164 5143 3348 5215 νόμουθ
3383 5134 3710 5224 θαυμάσωμεν
3725 5120 3788 5224 τάν

2295 5210 2482 5319 νόμον,
2511 5210 2606 5300 καί
2650 5243 2783 5297 Θεοῦ
2820 5210 3444 5324 νόμον-ὁμολογησωμεν
3458 5248 3488 5324 Ἀ
3509 5225 3594 5324 καί
3629 5210 3788 5324 Πίξῖξξς

2294 5304 2506 5410 ὁμίιλίαν
2533 5339 2791 5408 φήσωμεν
2807 5350 2818 5363 ·
2842 5304 3131 5394 τούτους-δὲ
3163 5304 3643 5400 παραγραψώμεθα,
3659 5304 3787 5370 κίὸδη·

2368 5643 2479 5712 (58)
2523 5644 2690 5695 Ἕνια
2736 5642 2853 5694 τῶν
2882 5639 3083 5693 καλῶν
3115 5633 3487 5712 οῇεσυληκῴς.
3532 5626 3693 5694 Aliqua
3716 5610 3784 5665 δυ’

2290 5705 2436 5770 uesta
2465 5705 2778 5782 subripiam.
2818 5723 2868 5764 ut
2900 5712 3072 5778 turpia
3107 5709 3378 5778 obtegeret.
3408 5705 3476 5757 lo.
