  <div class='ocr_page' id='page_1' title='image "/cluster/home/n/w/nwhite01/storage/ocr_20150623/18/mdp.39015008168943/641.png"; bbox 0 0 4038 6288; ppageno 0'>
   <div class='ocr_carea' id='block_1_1' title="bbox 446 194 582 251">
    <p class='ocr_par' dir='ltr' id='par_1_1' title="bbox 446 194 582 251">
     <span class='ocr_line' id='line_1_1' title="bbox 446 194 582 251; baseline 0.007 -4"><span class='ocrx_word' id='word_1_1' title='bbox 446 194 582 251; x_wconf 71' lang='grc'><strong>1231</strong></span> 
     </span>
    </p>
   </div>
   <div class='ocr_carea' id='block_1_2' title="bbox 1587 189 2527 248">
    <p class='ocr_par' dir='ltr' id='par_1_2' title="bbox 1587 189 2527 248">
     <span class='ocr_line' id='line_1_2' title="bbox 1587 189 2527 248; baseline 0.004 -5"><span class='ocrx_word' id='word_1_2' title='bbox 1587 191 1718 244; x_wconf 86' lang='lat' dir='ltr'><strong>TITI</strong></span> <span class='ocrx_word' id='word_1_3' title='bbox 1761 189 2183 248; x_wconf 71' lang='lat' dir='ltr'><strong>BOSTRENSIS</strong></span> <span class='ocrx_word' id='word_1_4' title='bbox 2221 191 2527 247; x_wconf 83' lang='lat' dir='ltr'><strong>EPISCOPI</strong></span> 
     </span>
    </p>
   </div>
   <div class='ocr_carea' id='block_1_3' title="bbox 3541 191 3681 246">
    <p class='ocr_par' dir='ltr' id='par_1_3' title="bbox 3541 191 3681 246">
     <span class='ocr_line' id='line_1_3' title="bbox 3541 191 3681 246; baseline -0.007 0"><span class='ocrx_word' id='word_1_5' title='bbox 3541 191 3681 246; x_wconf 68' lang='lat'><strong>{252</strong></span> 
     </span>
    </p>
   </div>
   <div class='ocr_carea' id='block_1_4' title="bbox 441 305 1987 380">
    <p class='ocr_par' dir='ltr' id='par_1_4' title="bbox 441 305 1987 380">
     <span class='ocr_line' id='line_1_4' title="bbox 441 305 1987 380; baseline -0.001 -17"><span class='ocrx_word' id='word_1_6' title='bbox 441 323 559 380; x_wconf 74' lang='lat' dir='ltr'><strong>qua:</strong></span> <span class='ocrx_word' id='word_1_7' title='bbox 591 306 770 362; x_wconf 90' lang='lat' dir='ltr'><strong>dicit:</strong></span> <span class='ocrx_word' id='word_1_8' title='bbox 807 317 888 361; x_wconf 66' lang='lat' dir='ltr'><strong>ire</strong></span> <span class='ocrx_word' id='word_1_9' title='bbox 936 306 1205 369; x_wconf 81' lang='lat' dir='ltr'><strong>timueris,</strong></span> <span class='ocrx_word' id='word_1_10' title='bbox 1267 321 1384 358; x_wconf 83' lang='lat' dir='ltr'><strong>cum</strong></span> <span class='ocrx_word' id='word_1_11' title='bbox 1431 305 1571 359; x_wconf 79' lang='lat' dir='ltr'><strong>dives</strong></span> <span class='ocrx_word' id='word_1_12' title='bbox 1612 305 1783 375; x_wconf 78' lang='lat' dir='ltr'><strong>factus</strong></span> <span class='ocrx_word' id='word_1_13' title='bbox 1842 308 1987 376; x_wconf 42' lang='lat' dir='ltr'><strong>fuerit</strong></span> 
     </span>
    </p>
   </div>
   <div class='ocr_carea' id='block_1_5' title="bbox 2090 305 3678 380">
    <p class='ocr_par' dir='ltr' id='par_1_5' title="bbox 2103 306 3678 377">
     <span class='ocr_line' id='line_1_5' title="bbox 2103 306 3678 377; baseline 0.001 -17"><span class='ocrx_word' id='word_1_14' title='bbox 2103 308 2209 371; x_wconf 75' lang='grc' dir='ltr'>ζων</span> <span class='ocrx_word' id='word_1_15' title='bbox 2255 308 2310 360; x_wconf 84' lang='grc' dir='ltr'>δὲ</span> <span class='ocrx_word' id='word_1_16' title='bbox 2363 308 2463 377; x_wconf 76' lang='grc' dir='ltr'><strong>τὴν</strong></span> <span class='ocrx_word' id='word_1_17' title='bbox 2508 307 2707 361; x_wconf 80' lang='grc' dir='ltr'>δειλίαν</span> <span class='ocrx_word' id='word_1_18' title='bbox 2755 307 2844 360; x_wconf 80' lang='grc' dir='ltr'>διὰ</span> <span class='ocrx_word' id='word_1_19' title='bbox 2896 306 2992 361; x_wconf 81' lang='grc' dir='ltr'>τοῦ</span> <span class='ocrx_word' id='word_1_20' title='bbox 3040 307 3288 377; x_wconf 87' lang='grc' dir='ltr'>λέγοντος</span> <span class='ocrx_word' id='word_1_21' title='bbox 3332 306 3551 375; x_wconf 83' lang='grc' dir='ltr'>λογίου’</span> <span class='ocrx_word' id='word_1_22' title='bbox 3579 309 3678 375; x_wconf 78' lang='grc' dir='ltr'><strong>Μὴ</strong></span> 
     </span>
    </p>
   </div>
   <div class='ocr_carea' id='block_1_6' title="bbox 438 394 1998 464">
    <p class='ocr_par' dir='ltr' id='par_1_6' title="bbox 438 394 1998 464">
     <span class='ocr_line' id='line_1_6' title="bbox 438 394 1998 464; baseline -0.001 -10"><span class='ocrx_word' id='word_1_23' title='bbox 438 402 589 457; x_wconf 81' lang='lat' dir='ltr'><strong>homo</strong></span> <span class='ocrx_word' id='word_1_24' title='bbox 622 398 667 430; x_wconf 80' lang='lat'><strong>&quot;</strong></span> <span class='ocrx_word' id='word_1_25' title='bbox 712 416 725 452; x_wconf 89' lang='lat'>:</span> <span class='ocrx_word' id='word_1_26' title='bbox 779 414 840 451; x_wconf 84' lang='lat' dir='ltr'><strong>ne</strong></span> <span class='ocrx_word' id='word_1_27' title='bbox 897 398 1078 450; x_wconf 87' lang='lat' dir='ltr'><strong>timeas</strong></span> <span class='ocrx_word' id='word_1_28' title='bbox 1124 394 1370 464; x_wconf 81' lang='lat' dir='ltr'><strong>probrum</strong></span> <span class='ocrx_word' id='word_1_29' title='bbox 1420 396 1718 462; x_wconf 76' lang='lat' dir='ltr'><strong>hominum,</strong></span> <span class='ocrx_word' id='word_1_30' title='bbox 1770 410 1816 452; x_wconf 92' lang='lat' dir='ltr'><strong>et</strong></span> <span class='ocrx_word' id='word_1_31' title='bbox 1865 400 1998 453; x_wconf 82' lang='lat' dir='ltr'><strong>vitu-</strong></span> 
     </span>
    </p>
   </div>
   <div class='ocr_carea' id='block_1_7' title="bbox 437 489 1998 563">
    <p class='ocr_par' dir='ltr' id='par_1_7' title="bbox 437 489 1998 563">
     <span class='ocr_line' id='line_1_7' title="bbox 437 489 1998 563; baseline -0.001 -16"><span class='ocrx_word' id='word_1_32' title='bbox 437 492 702 563; x_wconf 73' lang='lat' dir='ltr'><strong>peratione</strong></span> <span class='ocrx_word' id='word_1_33' title='bbox 748 505 926 544; x_wconf 87' lang='lat' dir='ltr'><strong>eorum</strong></span> <span class='ocrx_word' id='word_1_34' title='bbox 982 504 1044 541; x_wconf 91' lang='lat' dir='ltr'><strong>ne</strong></span> <span class='ocrx_word' id='word_1_35' title='bbox 1097 490 1323 542; x_wconf 73' lang='lat' dir='ltr'><strong>uincaris</strong></span> <span class='ocrx_word' id='word_1_36' title='bbox 1366 503 1384 540; x_wconf 91' lang='lat'><em>:</em></span> <span class='ocrx_word' id='word_1_37' title='bbox 1437 499 1484 543; x_wconf 94' lang='lat' dir='ltr'><strong>et</strong></span> <span class='ocrx_word' id='word_1_38' title='bbox 1531 490 1652 544; x_wconf 87' lang='lat' dir='ltr'><strong>time</strong></span> <span class='ocrx_word' id='word_1_39' title='bbox 1689 489 1854 544; x_wconf 89' lang='lat' dir='ltr'><strong>Deum</strong></span> <span class='ocrx_word' id='word_1_40' title='bbox 1882 531 1898 556; x_wconf 92' lang='lat'><strong>,</strong></span> <span class='ocrx_word' id='word_1_41' title='bbox 1950 503 1998 545; x_wconf 87' lang='lat' dir='ltr'><strong>et</strong></span> 
     </span>
    </p>
   </div>
   <div class='ocr_carea' id='block_1_8' title="bbox 438 581 1998 650">
    <p class='ocr_par' dir='ltr' id='par_1_8' title="bbox 438 581 1998 650">
     <span class='ocr_line' id='line_1_8' title="bbox 438 581 1998 650; baseline -0.002 -12"><span class='ocrx_word' id='word_1_42' title='bbox 438 583 631 640; x_wconf 63' lang='lat' dir='ltr'><strong>valebit</strong></span> <span class='ocrx_word' id='word_1_43' title='bbox 657 593 677 645; x_wconf 85' lang='lat'><strong>,‘</strong></span> <span class='ocrx_word' id='word_1_44' title='bbox 704 590 910 650; x_wconf 77' lang='lat' dir='ltr'><strong>propter</strong></span> <span class='ocrx_word' id='word_1_45' title='bbox 936 581 1106 649; x_wconf 86' lang='lat' dir='ltr'><strong>ipsum</strong></span> <span class='ocrx_word' id='word_1_46' title='bbox 1135 590 1308 635; x_wconf 89' lang='lat' dir='ltr'><strong>autem</strong></span> <span class='ocrx_word' id='word_1_47' title='bbox 1332 599 1394 637; x_wconf 88' lang='lat' dir='ltr'><strong>ne</strong></span> <span class='ocrx_word' id='word_1_48' title='bbox 1420 584 1585 636; x_wconf 88' lang='lat' dir='ltr'><strong>alium</strong></span> <span class='ocrx_word' id='word_1_49' title='bbox 1603 583 1805 637; x_wconf 86' lang='lat' dir='ltr'><strong>timeas.</strong></span> <span class='ocrx_word' id='word_1_50' title='bbox 1839 583 1998 637; x_wconf 88' lang='lat' dir='ltr'><strong>Timi-</strong></span> 
     </span>
    </p>
   </div>
   <div class='ocr_carea' id='block_1_9' title="bbox 438 674 1996 744">
    <p class='ocr_par' dir='ltr' id='par_1_9' title="bbox 438 674 1996 744">
     <span class='ocr_line' id='line_1_9' title="bbox 438 674 1996 744; baseline -0.002 -12"><span class='ocrx_word' id='word_1_51' title='bbox 438 678 607 732; x_wconf 70' lang='lat' dir='ltr'><strong>ditate</strong></span> <span class='ocrx_word' id='word_1_52' title='bbox 642 676 728 729; x_wconf 89' lang='lat' dir='ltr'><strong>hic</strong></span> <span class='ocrx_word' id='word_1_53' title='bbox 765 674 936 744; x_wconf 85' lang='lat' dir='ltr'><strong>ejecta</strong></span> <span class='ocrx_word' id='word_1_54' title='bbox 975 683 1027 728; x_wconf 89' lang='lat' dir='ltr'><strong>et</strong></span> <span class='ocrx_word' id='word_1_55' title='bbox 1063 680 1311 737; x_wconf 85' lang='lat' dir='ltr'><strong>extrusa,</strong></span> <span class='ocrx_word' id='word_1_56' title='bbox 1343 682 1399 729; x_wconf 93' lang='lat' dir='ltr'><strong>et</strong></span> <span class='ocrx_word' id='word_1_57' title='bbox 1427 674 1625 730; x_wconf 85' lang='lat' dir='ltr'><strong>robore</strong></span> <span class='ocrx_word' id='word_1_58' title='bbox 1655 674 1912 743; x_wconf 87' lang='lat' dir='ltr'><strong>imposito</strong></span> <span class='ocrx_word' id='word_1_59' title='bbox 1933 690 1996 729; x_wconf 89' lang='lat' dir='ltr'><strong>ac</strong></span> 
     </span>
    </p>
   </div>
   <div class='ocr_carea' id='block_1_10' title="bbox 438 764 1995 837">
    <p class='ocr_par' dir='ltr' id='par_1_10' title="bbox 438 764 1995 837">
     <span class='ocr_line' id='line_1_10' title="bbox 438 764 1995 837; baseline -0.003 -14"><span class='ocrx_word' id='word_1_60' title='bbox 438 767 752 823; x_wconf 75' lang='lat' dir='ltr'><strong>fortitudine</strong></span> <span class='ocrx_word' id='word_1_61' title='bbox 799 764 1181 829; x_wconf 73' lang='lat' dir='ltr'><strong>iInnIissa,lex</strong></span> <span class='ocrx_word' id='word_1_62' title='bbox 1217 766 1454 820; x_wconf 87' lang='lat' dir='ltr'><strong>clamat:</strong></span> <span class='ocrx_word' id='word_1_63' title='bbox 1503 764 1691 820; x_wconf 78' lang='lat' dir='ltr'><strong>Justus</strong></span> <span class='ocrx_word' id='word_1_64' title='bbox 1746 776 1995 837; x_wconf 87' lang='lat' dir='ltr'><strong>tanquam</strong></span> 
     </span>
    </p>
   </div>
   <div class='ocr_carea' id='block_1_11' title="bbox 436 854 1996 926">
    <p class='ocr_par' dir='ltr' id='par_1_11' title="bbox 436 854 1996 926">
     <span class='ocr_line' id='line_1_11' title="bbox 436 854 1996 926; baseline -0.002 -13"><span class='ocrx_word' id='word_1_65' title='bbox 436 861 515 915; x_wconf 89' lang='lat' dir='ltr'><strong>leo</strong></span> <span class='ocrx_word' id='word_1_66' title='bbox 541 856 760 926; x_wconf 82' lang='lat' dir='ltr'><strong>conﬁdit</strong></span> <span class='ocrx_word' id='word_1_67' title='bbox 783 854 963 923; x_wconf 81' lang='lat' dir='ltr'><strong>&quot;,qui</strong></span> <span class='ocrx_word' id='word_1_68' title='bbox 997 868 1103 907; x_wconf 86' lang='lat' dir='ltr'><strong>non</strong></span> <span class='ocrx_word' id='word_1_69' title='bbox 1151 854 1301 908; x_wconf 88' lang='lat' dir='ltr'><strong>timet</strong></span> <span class='ocrx_word' id='word_1_70' title='bbox 1348 869 1521 923; x_wconf 89' lang='lat' dir='ltr'><strong>neque</strong></span> <span class='ocrx_word' id='word_1_71' title='bbox 1561 855 1744 909; x_wconf 89' lang='lat' dir='ltr'><strong>horret</strong></span> <span class='ocrx_word' id='word_1_72' title='bbox 1789 855 1996 924; x_wconf 88' lang='lat' dir='ltr'><strong>jumen-</strong></span> 
     </span>
    </p>
   </div>
   <div class='ocr_carea' id='block_1_12' title="bbox 435 946 1993 1017">
    <p class='ocr_par' dir='ltr' id='par_1_12' title="bbox 435 946 1993 1017">
     <span class='ocr_line' id='line_1_12' title="bbox 435 946 1993 1017; baseline -0.003 -11"><span class='ocrx_word' id='word_1_73' title='bbox 435 961 571 1007; x_wconf 81' lang='lat' dir='ltr'><strong>tum.</strong></span> <span class='ocrx_word' id='word_1_74' title='bbox 612 949 832 1004; x_wconf 89' lang='lat' dir='ltr'><strong>Duabus</strong></span> <span class='ocrx_word' id='word_1_75' title='bbox 882 947 1127 1017; x_wconf 91' lang='lat' dir='ltr'><strong>partibus</strong></span> <span class='ocrx_word' id='word_1_76' title='bbox 1179 946 1296 1000; x_wconf 85' lang='lat' dir='ltr'><strong>vitii</strong></span> <span class='ocrx_word' id='word_1_77' title='bbox 1344 947 1595 1011; x_wconf 75' lang='lat' dir='ltr'><strong>sublatis,</strong></span> <span class='ocrx_word' id='word_1_78' title='bbox 1630 947 1993 1016; x_wconf 81' lang='lat' dir='ltr'><strong>imprudentia</strong></span> 
     </span>
    </p>
   </div>
   <div class='ocr_carea' id='block_1_13' title="bbox 433 1038 1991 1111">
    <p class='ocr_par' dir='ltr' id='par_1_13' title="bbox 433 1038 1991 1111">
     <span class='ocr_line' id='line_1_13' title="bbox 433 1038 1991 1111; baseline -0.001 -14"><span class='ocrx_word' id='word_1_79' title='bbox 433 1052 488 1097; x_wconf 82' lang='lat' dir='ltr'><strong>et</strong></span> <span class='ocrx_word' id='word_1_80' title='bbox 516 1039 826 1101; x_wconf 90' lang='lat' dir='ltr'><strong>timiditate,</strong></span> <span class='ocrx_word' id='word_1_81' title='bbox 850 1039 1011 1093; x_wconf 90' lang='lat' dir='ltr'><strong>simul</strong></span> <span class='ocrx_word' id='word_1_82' title='bbox 1030 1038 1170 1092; x_wconf 92' lang='lat' dir='ltr'><strong>tollit</strong></span> <span class='ocrx_word' id='word_1_83' title='bbox 1197 1038 1991 1111; x_wconf 80' lang='lat' dir='ltr'><strong>iutempcrantiam,iuquiens:</strong></span> 
     </span>
    </p>
   </div>
   <div class='ocr_carea' id='block_1_14' title="bbox 435 1125 1994 1201">
    <p class='ocr_par' dir='ltr' id='par_1_14' title="bbox 435 1125 1994 1201">
     <span class='ocr_line' id='line_1_14' title="bbox 435 1125 1994 1201; baseline -0.001 -16"><span class='ocrx_word' id='word_1_84' title='bbox 435 1130 558 1185; x_wconf 86' lang='lat' dir='ltr'><strong>Non</strong></span> <span class='ocrx_word' id='word_1_85' title='bbox 582 1128 946 1201; x_wconf 77' lang='lat' dir='ltr'><strong>fornicaberis,</strong></span> <span class='ocrx_word' id='word_1_86' title='bbox 971 1144 1070 1181; x_wconf 86' lang='lat' dir='ltr'><strong>non</strong></span> <span class='ocrx_word' id='word_1_87' title='bbox 1095 1125 1427 1181; x_wconf 76' lang='lat' dir='ltr'><strong>maechaberis</strong></span> <span class='ocrx_word' id='word_1_88' title='bbox 1448 1128 1512 1182; x_wconf 81' lang='lat'><strong>&quot;.</strong></span> <span class='ocrx_word' id='word_1_89' title='bbox 1537 1128 1644 1183; x_wconf 87' lang='lat' dir='ltr'><strong>Ubi</strong></span> <span class='ocrx_word' id='word_1_90' title='bbox 1669 1129 1994 1183; x_wconf 84' lang='lat' dir='ltr'><strong>cohibentur</strong></span> 
     </span>
    </p>
   </div>
   <div class='ocr_carea' id='block_1_15' title="bbox 430 1220 1994 1294">
    <p class='ocr_par' dir='ltr' id='par_1_15' title="bbox 430 1220 1994 1294">
     <span class='ocr_line' id='line_1_15' title="bbox 430 1220 1994 1294; baseline 0.001 -17"><span class='ocrx_word' id='word_1_91' title='bbox 430 1223 884 1294; x_wconf 84' lang='lat' dir='ltr'><strong>perturbationes,</strong></span> <span class='ocrx_word' id='word_1_92' title='bbox 916 1220 1127 1274; x_wconf 85' lang='lat' dir='ltr'><strong>frenum</strong></span> <span class='ocrx_word' id='word_1_93' title='bbox 1185 1220 1557 1289; x_wconf 63' lang='lat' dir='ltr'><strong>temperantiae</strong></span> <span class='ocrx_word' id='word_1_94' title='bbox 1596 1220 1651 1275; x_wconf 94' lang='lat' dir='ltr'><strong>in</strong></span> <span class='ocrx_word' id='word_1_95' title='bbox 1704 1230 1885 1278; x_wconf 88' lang='lat' dir='ltr'><strong>mente</strong></span> <span class='ocrx_word' id='word_1_96' title='bbox 1909 1238 1994 1279; x_wconf 85' lang='lat' dir='ltr'><strong>re-</strong></span> 
     </span>
    </p>
   </div>
   <div class='ocr_carea' id='block_1_16' title="bbox 431 1312 1994 1386">
    <p class='ocr_par' dir='ltr' id='par_1_16' title="bbox 431 1312 1994 1386">
     <span class='ocr_line' id='line_1_16' title="bbox 431 1312 1994 1386; baseline 0 -16"><span class='ocrx_word' id='word_1_97' title='bbox 431 1316 671 1386; x_wconf 85' lang='lat' dir='ltr'><strong>pcritur;</strong></span> <span class='ocrx_word' id='word_1_98' title='bbox 711 1329 773 1369; x_wconf 93' lang='lat' dir='ltr'><strong>ac</strong></span> <span class='ocrx_word' id='word_1_99' title='bbox 805 1314 980 1368; x_wconf 86' lang='lat' dir='ltr'><strong>tribus</strong></span> <span class='ocrx_word' id='word_1_100' title='bbox 1005 1312 1321 1375; x_wconf 79' lang='lat' dir='ltr'><strong>exstinctis,</strong></span> <span class='ocrx_word' id='word_1_101' title='bbox 1380 1313 1677 1385; x_wconf 79' lang='lat' dir='ltr'><strong>exstinguit</strong></span> <span class='ocrx_word' id='word_1_102' title='bbox 1707 1315 1869 1369; x_wconf 88' lang='lat' dir='ltr'><strong>etiam</strong></span> <span class='ocrx_word' id='word_1_103' title='bbox 1909 1316 1994 1370; x_wconf 89' lang='lat' dir='ltr'><strong>in-</strong></span> 
     </span>
    </p>
   </div>
   <div class='ocr_carea' id='block_1_17' title="bbox 425 1404 1989 1479">
    <p class='ocr_par' dir='ltr' id='par_1_17' title="bbox 425 1404 1989 1479">
     <span class='ocr_line' id='line_1_17' title="bbox 425 1404 1989 1479; baseline -0.001 -16"><span class='ocrx_word' id='word_1_104' title='bbox 425 1409 697 1477; x_wconf 86' lang='lat' dir='ltr'><strong>justitiam</strong></span> <span class='ocrx_word' id='word_1_105' title='bbox 731 1423 744 1459; x_wconf 90' lang='lat'><strong>:</strong></span> <span class='ocrx_word' id='word_1_106' title='bbox 780 1406 901 1460; x_wconf 91' lang='lat' dir='ltr'><strong>Non</strong></span> <span class='ocrx_word' id='word_1_107' title='bbox 928 1405 1087 1475; x_wconf 71' lang='lat' dir='ltr'><strong>facies</strong></span> <span class='ocrx_word' id='word_1_108' title='bbox 1128 1404 1223 1457; x_wconf 82' lang='lat' dir='ltr'><strong>tibi</strong></span> <span class='ocrx_word' id='word_1_109' title='bbox 1245 1404 1478 1473; x_wconf 80' lang='lat' dir='ltr'><strong>pondera</strong></span> <span class='ocrx_word' id='word_1_110' title='bbox 1511 1421 1672 1474; x_wconf 80' lang='lat' dir='ltr'><strong>parva</strong></span> <span class='ocrx_word' id='word_1_111' title='bbox 1692 1417 1742 1461; x_wconf 81' lang='lat' dir='ltr'><strong>et</strong></span> <span class='ocrx_word' id='word_1_112' title='bbox 1765 1425 1989 1479; x_wconf 89' lang='lat' dir='ltr'><strong>magna;</strong></span> 
     </span>
    </p>
   </div>
   <div class='ocr_carea' id='block_1_18' title="bbox 427 1498 1496 1573">
    <p class='ocr_par' dir='ltr' id='par_1_18' title="bbox 427 1498 1496 1573">
     <span class='ocr_line' id='line_1_18' title="bbox 427 1498 1496 1573; baseline 0.005 -20"><span class='ocrx_word' id='word_1_113' title='bbox 427 1498 655 1568; x_wconf 83' lang='lat' dir='ltr'><strong>pondera</strong></span> <span class='ocrx_word' id='word_1_114' title='bbox 676 1499 827 1569; x_wconf 84' lang='lat' dir='ltr'><strong>justa</strong></span> <span class='ocrx_word' id='word_1_115' title='bbox 853 1512 901 1555; x_wconf 89' lang='lat' dir='ltr'><strong>et</strong></span> <span class='ocrx_word' id='word_1_116' title='bbox 928 1503 1155 1573; x_wconf 64' lang='lat' dir='ltr'><strong>aquatio</strong></span> <span class='ocrx_word' id='word_1_117' title='bbox 1178 1504 1285 1557; x_wconf 80' lang='lat' dir='ltr'><strong>sint</strong></span> <span class='ocrx_word' id='word_1_118' title='bbox 1314 1502 1408 1556; x_wconf 88' lang='lat' dir='ltr'><strong>tibi</strong></span> <span class='ocrx_word' id='word_1_119' title='bbox 1433 1503 1496 1558; x_wconf 81' lang='grc'><strong>⁸³.</strong></span> 
     </span>
    </p>
   </div>
   <div class='ocr_carea' id='block_1_19' title="bbox 2102 397 3679 468">
    <p class='ocr_par' dir='ltr' id='par_1_19' title="bbox 2102 397 3679 468">
     <span class='ocr_line' id='line_1_19' title="bbox 2102 397 3679 468; baseline -0.001 -17"><span class='ocrx_word' id='word_1_120' title='bbox 2102 398 2310 466; x_wconf 71' lang='grc' dir='ltr'><em>φοϐοῦ,</em></span> <span class='ocrx_word' id='word_1_121' title='bbox 2341 397 2485 451; x_wconf 81' lang='grc' dir='ltr'>ὅταν</span> <span class='ocrx_word' id='word_1_122' title='bbox 2515 398 2831 467; x_wconf 79' lang='grc' dir='ltr'><strong>πλουτήσῃ</strong></span> <span class='ocrx_word' id='word_1_123' title='bbox 2852 398 3181 466; x_wconf 79' lang='grc' dir='ltr'>ἄνθρωπος,</span> <span class='ocrx_word' id='word_1_124' title='bbox 3204 398 3290 468; x_wconf 82' lang='grc' dir='ltr'>μὴ</span> <span class='ocrx_word' id='word_1_125' title='bbox 3311 398 3499 467; x_wconf 70' lang='grc' dir='ltr'><em>φοϐοῦ</em></span> <span class='ocrx_word' id='word_1_126' title='bbox 3531 400 3679 452; x_wconf 77' lang='grc' dir='ltr'>ὀνει-</span> 
     </span>
    </p>
   </div>
   <div class='ocr_carea' id='block_1_20' title="bbox 2102 489 3673 560">
    <p class='ocr_par' dir='ltr' id='par_1_20' title="bbox 2102 489 3673 560">
     <span class='ocr_line' id='line_1_20' title="bbox 2102 489 3673 560; baseline 0.001 -19"><span class='ocrx_word' id='word_1_127' title='bbox 2102 489 2321 558; x_wconf 78' lang='grc' dir='ltr'>δισμὸν</span> <span class='ocrx_word' id='word_1_128' title='bbox 2362 489 2703 557; x_wconf 77' lang='grc' dir='ltr'>ἀνθρώπων,</span> <span class='ocrx_word' id='word_1_129' title='bbox 2739 490 2836 544; x_wconf 78' lang='grc' dir='ltr'><strong>καί</strong></span> <span class='ocrx_word' id='word_1_130' title='bbox 2878 490 2957 556; x_wconf 85' lang='grc' dir='ltr'>τῷ</span> <span class='ocrx_word' id='word_1_131' title='bbox 3000 490 3318 560; x_wconf 67' lang='grc' dir='ltr'>φαυλισμῷ</span> <span class='ocrx_word' id='word_1_132' title='bbox 3351 490 3554 544; x_wconf 80' lang='grc' dir='ltr'>αὐτῶν</span> <span class='ocrx_word' id='word_1_133' title='bbox 3586 490 3673 559; x_wconf 86' lang='grc' dir='ltr'>μὴ</span> 
     </span>
    </p>
   </div>
   <div class='ocr_carea' id='block_1_21' title="bbox 2098 579 3675 651">
    <p class='ocr_par' dir='ltr' id='par_1_21' title="bbox 2098 579 3675 651">
     <span class='ocr_line' id='line_1_21' title="bbox 2098 579 3675 651; baseline 0.002 -18"><span class='ocrx_word' id='word_1_134' title='bbox 2098 579 2285 648; x_wconf 78' lang='grc' dir='ltr'>ἠττῶ·</span> <span class='ocrx_word' id='word_1_135' title='bbox 2320 582 2416 634; x_wconf 81' lang='grc' dir='ltr'>καὶ</span> <span class='ocrx_word' id='word_1_136' title='bbox 2449 582 2637 649; x_wconf 70' lang='grc' dir='ltr'>φοϐοῦ</span> <span class='ocrx_word' id='word_1_137' title='bbox 2677 582 2786 636; x_wconf 80' lang='grc' dir='ltr'><strong>τὸν</strong></span> <span class='ocrx_word' id='word_1_138' title='bbox 2822 584 2989 645; x_wconf 76' lang='grc' dir='ltr'>Θεὸν,</span> <span class='ocrx_word' id='word_1_139' title='bbox 3027 583 3122 636; x_wconf 82' lang='grc' dir='ltr'>καὶ</span> <span class='ocrx_word' id='word_1_140' title='bbox 3164 584 3469 651; x_wconf 80' lang='grc' dir='ltr'>ίσχύσεις·</span> <span class='ocrx_word' id='word_1_141' title='bbox 3505 583 3675 649; x_wconf 73' lang='grc' dir='ltr'><strong>πλὴν</strong></span> 
     </span>
    </p>
   </div>
   <div class='ocr_carea' id='block_1_22' title="bbox 2096 671 3674 746">
    <p class='ocr_par' dir='ltr' id='par_1_22' title="bbox 2096 671 3674 746">
     <span class='ocr_line' id='line_1_22' title="bbox 2096 671 3674 746; baseline 0 -21"><span class='ocrx_word' id='word_1_142' title='bbox 2096 671 2282 726; x_wconf 83' lang='grc' dir='ltr'>αὐτοῦ</span> <span class='ocrx_word' id='word_1_143' title='bbox 2307 674 2395 741; x_wconf 80' lang='grc' dir='ltr'>μὴ</span> <span class='ocrx_word' id='word_1_144' title='bbox 2424 673 2611 742; x_wconf 71' lang='grc' dir='ltr'><em>φοϐοῦ</em></span> <span class='ocrx_word' id='word_1_145' title='bbox 2643 673 2851 729; x_wconf 72' lang='grc' dir='ltr'><em>ἄλλον.</em></span> <span class='ocrx_word' id='word_1_146' title='bbox 2898 675 3158 728; x_wconf 77' lang='grc' dir='ltr'>Ἐνταῦθα</span> <span class='ocrx_word' id='word_1_147' title='bbox 3197 675 3305 746; x_wconf 83' lang='grc' dir='ltr'><strong>γὰρ</strong></span> <span class='ocrx_word' id='word_1_148' title='bbox 3332 676 3431 746; x_wconf 80' lang='grc' dir='ltr'><strong>τὴν</strong></span> <span class='ocrx_word' id='word_1_149' title='bbox 3472 674 3674 727; x_wconf 89' lang='grc' dir='ltr'>δειλίαν</span> 
     </span>
    </p>
   </div>
   <div class='ocr_carea' id='block_1_23' title="bbox 2094 764 3670 837">
    <p class='ocr_par' dir='ltr' id='par_1_23' title="bbox 2094 764 3670 837">
     <span class='ocr_line' id='line_1_23' title="bbox 2094 764 3670 837; baseline 0.002 -21"><span class='ocrx_word' id='word_1_150' title='bbox 2094 765 2542 832; x_wconf 78' lang='grc' dir='ltr'><strong>ἀποσεισάμενος,</strong></span> <span class='ocrx_word' id='word_1_151' title='bbox 2584 765 2679 818; x_wconf 76' lang='grc' dir='ltr'><strong>καὶ</strong></span> <span class='ocrx_word' id='word_1_152' title='bbox 2721 767 2817 835; x_wconf 75' lang='grc' dir='ltr'>τὴν</span> <span class='ocrx_word' id='word_1_153' title='bbox 2854 764 3046 836; x_wconf 75' lang='grc' dir='ltr'>ῥώμην</span> <span class='ocrx_word' id='word_1_154' title='bbox 3090 764 3294 829; x_wconf 74' lang='grc' dir='ltr'>ἐνθεὶς,</span> <span class='ocrx_word' id='word_1_155' title='bbox 3320 765 3414 818; x_wconf 76' lang='grc' dir='ltr'>καὶ</span> <span class='ocrx_word' id='word_1_156' title='bbox 3442 766 3541 837; x_wconf 78' lang='grc' dir='ltr'>τὴν</span> <span class='ocrx_word' id='word_1_157' title='bbox 3575 768 3670 819; x_wconf 88' lang='grc' dir='ltr'>ἀν-</span> 
     </span>
    </p>
   </div>
   <div class='ocr_carea' id='block_1_24' title="bbox 2095 856 3668 929">
    <p class='ocr_par' dir='ltr' id='par_1_24' title="bbox 2095 856 3668 929">
     <span class='ocr_line' id='line_1_24' title="bbox 2095 856 3668 929; baseline 0.001 -18"><span class='ocrx_word' id='word_1_158' title='bbox 2095 858 2277 928; x_wconf 86' lang='grc' dir='ltr'>δρείαν</span> <span class='ocrx_word' id='word_1_159' title='bbox 2305 857 2575 929; x_wconf 82' lang='grc' dir='ltr'>ἐμϐαλὼν,</span> <span class='ocrx_word' id='word_1_160' title='bbox 2615 857 2714 929; x_wconf 81' lang='grc' dir='ltr'><strong>βοᾷ</strong></span> <span class='ocrx_word' id='word_1_161' title='bbox 2735 874 2749 887; x_wconf 74' lang='grc' dir='ltr'><strong><em>ο</em></strong></span> <span class='ocrx_word' id='word_1_162' title='bbox 2785 857 3017 923; x_wconf 77' lang='grc' dir='ltr'><strong>Δίκαιος</strong></span> <span class='ocrx_word' id='word_1_163' title='bbox 3059 858 3134 923; x_wconf 82' lang='grc' dir='ltr'>ὡς</span> <span class='ocrx_word' id='word_1_164' title='bbox 3168 857 3324 911; x_wconf 74' lang='grc' dir='ltr'>λέων</span> <span class='ocrx_word' id='word_1_165' title='bbox 3365 856 3668 919; x_wconf 78' lang='grc' dir='ltr'><strong>πέποιθεν,</strong></span> 
     </span>
    </p>
   </div>
   <div class='ocr_carea' id='block_1_25' title="bbox 2095 948 3672 1020">
    <p class='ocr_par' dir='ltr' id='par_1_25' title="bbox 2095 948 3672 1020">
     <span class='ocr_line' id='line_1_25' title="bbox 2095 948 3672 1020; baseline -0.001 -16"><span class='ocrx_word' id='word_1_166' title='bbox 2095 952 2171 1015; x_wconf 85' lang='grc' dir='ltr'>ὡς</span> <span class='ocrx_word' id='word_1_167' title='bbox 2211 953 2272 1004; x_wconf 75' lang='grc' dir='ltr'><strong>οὐ</strong></span> <span class='ocrx_word' id='word_1_168' title='bbox 2322 951 2602 1020; x_wconf 86' lang='grc' dir='ltr'>φοϐεῖται,</span> <span class='ocrx_word' id='word_1_169' title='bbox 2637 950 2756 1003; x_wconf 82' lang='grc' dir='ltr'>οὐδὲ</span> <span class='ocrx_word' id='word_1_170' title='bbox 2803 949 3140 1020; x_wconf 78' lang='grc' dir='ltr'>καταπτήσει</span> <span class='ocrx_word' id='word_1_171' title='bbox 3185 949 3398 1019; x_wconf 85' lang='grc' dir='ltr'>κτῆνος.</span> <span class='ocrx_word' id='word_1_172' title='bbox 3447 950 3559 1002; x_wconf 76' lang='grc' dir='ltr'><strong>Καὶ</strong></span> <span class='ocrx_word' id='word_1_173' title='bbox 3602 948 3672 1003; x_wconf 82' lang='grc' dir='ltr'>τὰ</span> 
     </span>
    </p>
   </div>
   <div class='ocr_carea' id='block_1_26' title="bbox 2090 1039 3673 1113">
    <p class='ocr_par' dir='ltr' id='par_1_26' title="bbox 2090 1039 3673 1113">
     <span class='ocr_line' id='line_1_26' title="bbox 2090 1039 3673 1113; baseline -0.003 -16"><span class='ocrx_word' id='word_1_174' title='bbox 2090 1044 2186 1097; x_wconf 80' lang='grc' dir='ltr'><strong>δύο</strong></span> <span class='ocrx_word' id='word_1_175' title='bbox 2231 1043 2345 1111; x_wconf 81' lang='grc' dir='ltr'>εἴδη</span> <span class='ocrx_word' id='word_1_176' title='bbox 2393 1043 2491 1113; x_wconf 86' lang='grc' dir='ltr'><strong>τῆς</strong></span> <span class='ocrx_word' id='word_1_177' title='bbox 2535 1042 2732 1105; x_wconf 86' lang='grc' dir='ltr'>κακίας</span> <span class='ocrx_word' id='word_1_178' title='bbox 2770 1039 3097 1112; x_wconf 76' lang='grc' dir='ltr'>ἀνῃρηκὼς,</span> <span class='ocrx_word' id='word_1_179' title='bbox 3129 1039 3438 1111; x_wconf 71' lang='grc' dir='ltr'><strong>ἀφροσύνην</strong></span> <span class='ocrx_word' id='word_1_180' title='bbox 3480 1056 3538 1092; x_wconf 86' lang='grc' dir='ltr'><strong>τε</strong></span> <span class='ocrx_word' id='word_1_181' title='bbox 3575 1041 3673 1093; x_wconf 73' lang='grc' dir='ltr'>καὶ</span> 
     </span>
    </p>
   </div>
   <div class='ocr_carea' id='block_1_27' title="bbox 2093 1130 3668 1204">
    <p class='ocr_par' dir='ltr' id='par_1_27' title="bbox 2093 1130 3668 1204">
     <span class='ocr_line' id='line_1_27' title="bbox 2093 1130 3668 1204; baseline -0.003 -15"><span class='ocrx_word' id='word_1_182' title='bbox 2093 1136 2316 1199; x_wconf 75' lang='grc' dir='ltr'><strong>δειλίαν,</strong></span> <span class='ocrx_word' id='word_1_183' title='bbox 2369 1137 2681 1203; x_wconf 79' lang='grc' dir='ltr'>συναναιρεῖ</span> <span class='ocrx_word' id='word_1_184' title='bbox 2722 1134 2815 1187; x_wconf 77' lang='grc' dir='ltr'><strong>καὶ</strong></span> <span class='ocrx_word' id='word_1_185' title='bbox 2850 1133 2947 1204; x_wconf 79' lang='grc' dir='ltr'>τὴν</span> <span class='ocrx_word' id='word_1_186' title='bbox 2981 1133 3309 1196; x_wconf 84' lang='grc' dir='ltr'>ἀκολασίαν,</span> <span class='ocrx_word' id='word_1_187' title='bbox 3342 1130 3542 1199; x_wconf 72' lang='grc' dir='ltr'>λέγων·</span> <span class='ocrx_word' id='word_1_188' title='bbox 3583 1132 3668 1184; x_wconf 86' lang='grc' dir='ltr'><strong>Οὐ</strong></span> 
     </span>
    </p>
   </div>
   <div class='ocr_carea' id='block_1_28' title="bbox 2094 1222 3665 1298">
    <p class='ocr_par' dir='ltr' id='par_1_28' title="bbox 2094 1222 3665 1298">
     <span class='ocr_line' id='line_1_28' title="bbox 2094 1222 3665 1298; baseline -0.005 -16"><span class='ocrx_word' id='word_1_189' title='bbox 2094 1229 2482 1298; x_wconf 76' lang='grc' dir='ltr'>πορνεύσεις,</span> <span class='ocrx_word' id='word_1_190' title='bbox 2525 1227 2596 1279; x_wconf 82' lang='grc' dir='ltr'><strong>οὐ</strong></span> <span class='ocrx_word' id='word_1_191' title='bbox 2636 1226 3003 1294; x_wconf 82' lang='grc' dir='ltr'>μοιχεύσεις.</span> <span class='ocrx_word' id='word_1_192' title='bbox 3052 1225 3221 1277; x_wconf 88' lang='grc' dir='ltr'><strong>Ὅπου</strong></span> <span class='ocrx_word' id='word_1_193' title='bbox 3269 1223 3338 1276; x_wconf 81' lang='grc' dir='ltr'>τὰ</span> <span class='ocrx_word' id='word_1_194' title='bbox 3385 1222 3527 1292; x_wconf 77' lang='grc' dir='ltr'>πάθη</span> <span class='ocrx_word' id='word_1_195' title='bbox 3570 1238 3665 1274; x_wconf 87' lang='grc' dir='ltr'>συ·-</span> 
     </span>
    </p>
   </div>
   <div class='ocr_carea' id='block_1_29' title="bbox 2095 1313 3667 1390">
    <p class='ocr_par' dir='ltr' id='par_1_29' title="bbox 2095 1313 3667 1390">
     <span class='ocr_line' id='line_1_29' title="bbox 2095 1313 3667 1390; baseline -0.006 -15"><span class='ocrx_word' id='word_1_196' title='bbox 2095 1322 2403 1383; x_wconf 87' lang='grc' dir='ltr'>στέλλεται,</span> <span class='ocrx_word' id='word_1_197' title='bbox 2437 1318 2650 1390; x_wconf 84' lang='grc' dir='ltr'>χαλινὸς</span> <span class='ocrx_word' id='word_1_198' title='bbox 2685 1317 3036 1389; x_wconf 71' lang='grc' dir='ltr'>σωφροσύνης</span> <span class='ocrx_word' id='word_1_199' title='bbox 3076 1318 3133 1369; x_wconf 87' lang='grc' dir='ltr'>ὲν</span> <span class='ocrx_word' id='word_1_200' title='bbox 3171 1318 3238 1386; x_wconf 82' lang='grc' dir='ltr'>τῇ</span> <span class='ocrx_word' id='word_1_201' title='bbox 3282 1313 3491 1383; x_wconf 68' lang='grc' dir='ltr'>διανοίᾳ.</span> <span class='ocrx_word' id='word_1_202' title='bbox 3519 1313 3667 1384; x_wconf 83' lang='grc' dir='ltr'>εὑρί-</span> 
     </span>
    </p>
   </div>
   <div class='ocr_carea' id='block_1_30' title="bbox 2094 1404 3664 1480">
    <p class='ocr_par' dir='ltr' id='par_1_30' title="bbox 2094 1404 3664 1480">
     <span class='ocr_line' id='line_1_30' title="bbox 2094 1404 3664 1480; baseline -0.006 -14"><span class='ocrx_word' id='word_1_203' title='bbox 2094 1429 2283 1466; x_wconf 85' lang='grc' dir='ltr'>σκεται</span> <span class='ocrx_word' id='word_1_204' title='bbox 2308 1429 2320 1441; x_wconf 90' lang='grc'><strong>·</strong></span> <span class='ocrx_word' id='word_1_205' title='bbox 2354 1410 2447 1463; x_wconf 77' lang='grc' dir='ltr'><strong>καὶ</strong></span> <span class='ocrx_word' id='word_1_206' title='bbox 2479 1407 2587 1462; x_wconf 87' lang='grc' dir='ltr'><strong>τῶν</strong></span> <span class='ocrx_word' id='word_1_207' title='bbox 2611 1407 2776 1479; x_wconf 81' lang='grc' dir='ltr'>τριῶν</span> <span class='ocrx_word' id='word_1_208' title='bbox 2808 1423 3079 1480; x_wconf 81' lang='grc' dir='ltr'>συνανῃρη</span> <span class='ocrx_word' id='word_1_209' title='bbox 3090 1406 3285 1476; x_wconf 89' lang='grc' dir='ltr'>μένων,</span> <span class='ocrx_word' id='word_1_210' title='bbox 3322 1406 3535 1476; x_wconf 87' lang='grc' dir='ltr'>ἀναιρεῖ</span> <span class='ocrx_word' id='word_1_211' title='bbox 3570 1404 3664 1457; x_wconf 75' lang='grc' dir='ltr'>καὶ</span> 
     </span>
    </p>
   </div>
   <div class='ocr_carea' id='block_1_31' title="bbox 2089 1494 3665 1570">
    <p class='ocr_par' dir='ltr' id='par_1_31' title="bbox 2089 1494 3665 1570">
     <span class='ocr_line' id='line_1_31' title="bbox 2089 1494 3665 1570; baseline -0.004 -17"><span class='ocrx_word' id='word_1_212' title='bbox 2089 1502 2187 1570; x_wconf 85' lang='grc' dir='ltr'><strong>τὴν</strong></span> <span class='ocrx_word' id='word_1_213' title='bbox 2221 1499 2433 1553; x_wconf 85' lang='grc' dir='ltr'>ἀδικίαν</span> <span class='ocrx_word' id='word_1_214' title='bbox 2454 1513 2468 1526; x_wconf 86' lang='grc'><strong>·</strong></span> <span class='ocrx_word' id='word_1_215' title='bbox 2501 1500 2583 1551; x_wconf 84' lang='grc' dir='ltr'><strong>Οὐ</strong></span> <span class='ocrx_word' id='word_1_216' title='bbox 2617 1496 2891 1562; x_wconf 74' lang='grc' dir='ltr'><strong>ποιήσεις</strong></span> <span class='ocrx_word' id='word_1_217' title='bbox 2924 1495 3156 1561; x_wconf 82' lang='grc' dir='ltr'><strong>σεαυτῷ</strong></span> <span class='ocrx_word' id='word_1_218' title='bbox 3190 1495 3449 1564; x_wconf 78' lang='grc' dir='ltr'>σταθμία</span> <span class='ocrx_word' id='word_1_219' title='bbox 3484 1494 3665 1564; x_wconf 76' lang='grc' dir='ltr'>μικρά</span> 
     </span>
    </p>
   </div>
   <div class='ocr_carea' id='block_1_32' title="bbox 2089 1587 3656 1661">
    <p class='ocr_par' dir='ltr' id='par_1_32' title="bbox 2089 1587 3656 1661">
     <span class='ocr_line' id='line_1_32' title="bbox 2089 1587 3656 1661; baseline -0.003 -15"><span class='ocrx_word' id='word_1_220' title='bbox 2089 1592 2187 1646; x_wconf 76' lang='grc' dir='ltr'><strong>καί</strong></span> <span class='ocrx_word' id='word_1_221' title='bbox 2203 1588 2437 1661; x_wconf 75' lang='grc' dir='ltr'>μεγάλα</span> <span class='ocrx_word' id='word_1_222' title='bbox 2461 1607 2474 1620; x_wconf 76' lang='grc'><em>’</em></span> <span class='ocrx_word' id='word_1_223' title='bbox 2498 1589 2756 1657; x_wconf 72' lang='grc' dir='ltr'>σταθμία</span> <span class='ocrx_word' id='word_1_224' title='bbox 2781 1588 2981 1642; x_wconf 85' lang='grc' dir='ltr'>δίκαια</span> <span class='ocrx_word' id='word_1_225' title='bbox 2996 1588 3091 1643; x_wconf 81' lang='grc' dir='ltr'><strong>καί</strong></span> <span class='ocrx_word' id='word_1_226' title='bbox 3120 1589 3225 1642; x_wconf 75' lang='grc' dir='ltr'>ἴσα</span> <span class='ocrx_word' id='word_1_227' title='bbox 3248 1587 3527 1642; x_wconf 74' lang='grc' dir='ltr'>ἔστωσαν</span> <span class='ocrx_word' id='word_1_228' title='bbox 3543 1603 3656 1643; x_wconf 86' lang='grc' dir='ltr'>σοι.</span> 
     </span>
    </p>
   </div>
   <div class='ocr_carea' id='block_1_33' title="bbox 496 1740 1987 1832">
    <p class='ocr_par' dir='ltr' id='par_1_33' title="bbox 496 1756 1986 1832">
     <span class='ocr_line' id='line_1_33' title="bbox 496 1756 1986 1832; baseline -0.002 -17"><span class='ocrx_word' id='word_1_229' title='bbox 496 1763 671 1832; x_wconf 85' lang='lat' dir='ltr'><strong>Atque</strong></span> <span class='ocrx_word' id='word_1_230' title='bbox 694 1760 766 1813; x_wconf 84' lang='lat' dir='ltr'><strong>ita</strong></span> <span class='ocrx_word' id='word_1_231' title='bbox 788 1759 1016 1830; x_wconf 77' lang='lat' dir='ltr'><strong>singulis</strong></span> <span class='ocrx_word' id='word_1_232' title='bbox 1040 1760 1287 1831; x_wconf 90' lang='lat' dir='ltr'><strong>partibus</strong></span> <span class='ocrx_word' id='word_1_233' title='bbox 1310 1759 1563 1831; x_wconf 84' lang='lat' dir='ltr'><strong>nequitiae</strong></span> <span class='ocrx_word' id='word_1_234' title='bbox 1590 1757 1802 1824; x_wconf 85' lang='lat' dir='ltr'><strong>deletis,</strong></span> <span class='ocrx_word' id='word_1_235' title='bbox 1833 1756 1986 1813; x_wconf 81' lang='lat' dir='ltr'><strong>solu-</strong></span> 
     </span>
    </p>
   </div>
   <div class='ocr_carea' id='block_1_34' title="bbox 2090 1740 3658 1832">
    <p class='ocr_par' dir='ltr' id='par_1_34' title="bbox 2158 1740 3658 1823">
     <span class='ocr_line' id='line_1_34' title="bbox 2158 1740 3658 1823; baseline -0.004 -25"><span class='ocrx_word' id='word_1_236' title='bbox 2158 1744 2267 1798; x_wconf 76' lang='grc' dir='ltr'><strong>Καὶ</strong></span> <span class='ocrx_word' id='word_1_237' title='bbox 2299 1742 2463 1823; x_wconf 73' lang='grc' dir='ltr'>οὕτω,</span> <span class='ocrx_word' id='word_1_238' title='bbox 2494 1740 2601 1794; x_wconf 86' lang='grc' dir='ltr'><strong>τῶν</strong></span> <span class='ocrx_word' id='word_1_239' title='bbox 2639 1744 2737 1812; x_wconf 81' lang='grc' dir='ltr'><strong>τῆς</strong></span> <span class='ocrx_word' id='word_1_240' title='bbox 2768 1740 2966 1803; x_wconf 79' lang='grc' dir='ltr'>κακίας</span> <span class='ocrx_word' id='word_1_241' title='bbox 3009 1740 3390 1813; x_wconf 77' lang='grc' dir='ltr'>ἀνῃρημένων,</span> <span class='ocrx_word' id='word_1_242' title='bbox 3426 1741 3458 1811; x_wconf 85' lang='grc' dir='ltr'>ἡ</span> <span class='ocrx_word' id='word_1_243' title='bbox 3494 1757 3658 1811; x_wconf 82' lang='grc' dir='ltr'>πονη-</span> 
     </span>
    </p>
   </div>
   <div class='ocr_carea' id='block_1_35' title="bbox 424 1850 1983 1922">
    <p class='ocr_par' dir='ltr' id='par_1_35' title="bbox 424 1850 1983 1922">
     <span class='ocr_line' id='line_1_35' title="bbox 424 1850 1983 1922; baseline -0.004 -13"><span class='ocrx_word' id='word_1_244' title='bbox 424 1862 478 1909; x_wconf 85' lang='lat' dir='ltr'><strong>ta</strong></span> <span class='ocrx_word' id='word_1_245' title='bbox 501 1861 585 1908; x_wconf 90' lang='lat' dir='ltr'><strong>est</strong></span> <span class='ocrx_word' id='word_1_246' title='bbox 606 1852 868 1922; x_wconf 83' lang='lat' dir='ltr'><strong>nequitia,</strong></span> <span class='ocrx_word' id='word_1_247' title='bbox 896 1860 1016 1922; x_wconf 74' lang='lat' dir='ltr'><strong>qua:</strong></span> <span class='ocrx_word' id='word_1_248' title='bbox 1049 1867 1153 1906; x_wconf 89' lang='lat' dir='ltr'><strong>non</strong></span> <span class='ocrx_word' id='word_1_249' title='bbox 1195 1859 1375 1922; x_wconf 88' lang='lat' dir='ltr'><strong>potest</strong></span> <span class='ocrx_word' id='word_1_250' title='bbox 1405 1851 1638 1922; x_wconf 85' lang='lat' dir='ltr'><strong>amplius</strong></span> <span class='ocrx_word' id='word_1_251' title='bbox 1665 1850 1983 1906; x_wconf 90' lang='lat' dir='ltr'><strong>obambula-</strong></span> 
     </span>
    </p>
   </div>
   <div class='ocr_carea' id='block_1_36' title="bbox 426 1942 1984 2014">
    <p class='ocr_par' dir='ltr' id='par_1_36' title="bbox 426 1942 1984 2014">
     <span class='ocr_line' id='line_1_36' title="bbox 426 1942 1984 2014; baseline -0.003 -14"><span class='ocrx_word' id='word_1_252' title='bbox 426 1946 568 2000; x_wconf 81' lang='lat' dir='ltr'><strong>rein</strong></span> <span class='ocrx_word' id='word_1_253' title='bbox 604 1953 799 1999; x_wconf 88' lang='lat' dir='ltr'><strong>mente.</strong></span> <span class='ocrx_word' id='word_1_254' title='bbox 830 1943 977 2010; x_wconf 85' lang='lat' dir='ltr'><strong>Quas</strong></span> <span class='ocrx_word' id='word_1_255' title='bbox 1015 1944 1179 2014; x_wconf 84' lang='lat' dir='ltr'><strong>igitur</strong></span> <span class='ocrx_word' id='word_1_256' title='bbox 1217 1942 1334 1997; x_wconf 89' lang='lat' dir='ltr'><strong>vitii</strong></span> <span class='ocrx_word' id='word_1_257' title='bbox 1364 1943 1572 2013; x_wconf 87' lang='lat' dir='ltr'><strong>species</strong></span> <span class='ocrx_word' id='word_1_258' title='bbox 1603 1958 1712 1997; x_wconf 90' lang='lat' dir='ltr'><strong>non</strong></span> <span class='ocrx_word' id='word_1_259' title='bbox 1763 1942 1984 1997; x_wconf 86' lang='lat' dir='ltr'><strong>sustulit</strong></span> 
     </span>
    </p>
   </div>
   <div class='ocr_carea' id='block_1_37' title="bbox 426 2034 1984 2106">
    <p class='ocr_par' dir='ltr' id='par_1_37' title="bbox 426 2034 1984 2106">
     <span class='ocr_line' id='line_1_37' title="bbox 426 2034 1984 2106; baseline -0.001 -16"><span class='ocrx_word' id='word_1_260' title='bbox 426 2037 545 2091; x_wconf 74' lang='lat' dir='ltr'><strong>lex?</strong></span> <span class='ocrx_word' id='word_1_261' title='bbox 576 2051 713 2106; x_wconf 90' lang='lat' dir='ltr'><strong>quas</strong></span> <span class='ocrx_word' id='word_1_262' title='bbox 742 2043 923 2105; x_wconf 82' lang='lat' dir='ltr'><strong>partes</strong></span> <span class='ocrx_word' id='word_1_263' title='bbox 951 2036 1247 2105; x_wconf 81' lang='lat' dir='ltr'><strong>voluptatis</strong></span> <span class='ocrx_word' id='word_1_264' title='bbox 1283 2051 1391 2093; x_wconf 88' lang='lat' dir='ltr'><strong>non</strong></span> <span class='ocrx_word' id='word_1_265' title='bbox 1414 2034 1719 2091; x_wconf 81' lang='lat' dir='ltr'><strong>destruxit?</strong></span> <span class='ocrx_word' id='word_1_266' title='bbox 1751 2048 1888 2104; x_wconf 88' lang='lat' dir='ltr'><strong>quas</strong></span> <span class='ocrx_word' id='word_1_267' title='bbox 1913 2034 1984 2088; x_wconf 84' lang='lat' dir='ltr'><strong>ti-</strong></span> 
     </span>
    </p>
   </div>
   <div class='ocr_carea' id='block_1_38' title="bbox 426 2123 1986 2195">
    <p class='ocr_par' dir='ltr' id='par_1_38' title="bbox 426 2123 1986 2195">
     <span class='ocr_line' id='line_1_38' title="bbox 426 2123 1986 2195; baseline -0.001 -15"><span class='ocrx_word' id='word_1_268' title='bbox 426 2125 719 2191; x_wconf 84' lang='lat' dir='ltr'><strong>miditates,</strong></span> <span class='ocrx_word' id='word_1_269' title='bbox 742 2140 877 2195; x_wconf 93' lang='lat' dir='ltr'><strong>quas</strong></span> <span class='ocrx_word' id='word_1_270' title='bbox 927 2124 1319 2195; x_wconf 88' lang='lat' dir='ltr'><strong>imprudentias</strong></span> <span class='ocrx_word' id='word_1_271' title='bbox 1365 2140 1474 2179; x_wconf 89' lang='lat' dir='ltr'><strong>non</strong></span> <span class='ocrx_word' id='word_1_272' title='bbox 1509 2140 1684 2195; x_wconf 91' lang='lat' dir='ltr'><strong>usque</strong></span> <span class='ocrx_word' id='word_1_273' title='bbox 1711 2125 1846 2180; x_wconf 90' lang='lat' dir='ltr'><strong>adeo</strong></span> <span class='ocrx_word' id='word_1_274' title='bbox 1872 2123 1986 2178; x_wconf 90' lang='lat' dir='ltr'><strong>vin-</strong></span> 
     </span>
    </p>
   </div>
   <div class='ocr_carea' id='block_1_39' title="bbox 426 2216 1986 2286">
    <p class='ocr_par' dir='ltr' id='par_1_39' title="bbox 426 2216 1986 2286">
     <span class='ocr_line' id='line_1_39' title="bbox 426 2216 1986 2286; baseline -0.001 -14"><span class='ocrx_word' id='word_1_275' title='bbox 426 2218 627 2273; x_wconf 79' lang='lat' dir='ltr'><strong>dicavit</strong></span> <span class='ocrx_word' id='word_1_276' title='bbox 662 2217 857 2271; x_wconf 88' lang='lat' dir='ltr'><strong>tollens</strong></span> <span class='ocrx_word' id='word_1_277' title='bbox 898 2216 1250 2286; x_wconf 85' lang='lat' dir='ltr'><strong>voluptatem,</strong></span> <span class='ocrx_word' id='word_1_278' title='bbox 1278 2223 1337 2271; x_wconf 92' lang='lat' dir='ltr'><strong>ut</strong></span> <span class='ocrx_word' id='word_1_279' title='bbox 1379 2218 1542 2271; x_wconf 88' lang='lat' dir='ltr'><strong>etiam</strong></span> <span class='ocrx_word' id='word_1_280' title='bbox 1580 2231 1768 2271; x_wconf 89' lang='lat' dir='ltr'><strong>curam</strong></span> <span class='ocrx_word' id='word_1_281' title='bbox 1799 2217 1986 2271; x_wconf 91' lang='lat' dir='ltr'><strong>oculo-</strong></span> 
     </span>
    </p>
   </div>
   <div class='ocr_carea' id='block_1_40' title="bbox 424 2309 1985 2380">
    <p class='ocr_par' dir='ltr' id='par_1_40' title="bbox 424 2309 1985 2380">
     <span class='ocr_line' id='line_1_40' title="bbox 424 2309 1985 2380; baseline -0.001 -16"><span class='ocrx_word' id='word_1_282' title='bbox 424 2326 547 2365; x_wconf 89' lang='lat' dir='ltr'><strong>rum</strong></span> <span class='ocrx_word' id='word_1_283' title='bbox 582 2310 852 2373; x_wconf 86' lang='lat' dir='ltr'><strong>babuerit,</strong></span> <span class='ocrx_word' id='word_1_284' title='bbox 883 2309 1147 2364; x_wconf 88' lang='lat' dir='ltr'><strong>auditioui</strong></span> <span class='ocrx_word' id='word_1_285' title='bbox 1179 2325 1285 2364; x_wconf 91' lang='lat' dir='ltr'><strong>non</strong></span> <span class='ocrx_word' id='word_1_286' title='bbox 1318 2310 1641 2379; x_wconf 78' lang='lat' dir='ltr'><strong>pepercerit,</strong></span> <span class='ocrx_word' id='word_1_287' title='bbox 1665 2319 1719 2365; x_wconf 89' lang='lat' dir='ltr'><strong>et</strong></span> <span class='ocrx_word' id='word_1_288' title='bbox 1744 2310 1985 2380; x_wconf 84' lang='lat' dir='ltr'><strong>linguam</strong></span> 
     </span>
    </p>
   </div>
   <div class='ocr_carea' id='block_1_41' title="bbox 424 2399 1981 2473">
    <p class='ocr_par' dir='ltr' id='par_1_41' title="bbox 424 2399 1981 2473">
     <span class='ocr_line' id='line_1_41' title="bbox 424 2399 1981 2473; baseline -0.003 -16"><span class='ocrx_word' id='word_1_289' title='bbox 424 2417 532 2457; x_wconf 88' lang='lat' dir='ltr'><strong>non</strong></span> <span class='ocrx_word' id='word_1_290' title='bbox 569 2401 903 2473; x_wconf 81' lang='lat' dir='ltr'><strong>neglexerit?</strong></span> <span class='ocrx_word' id='word_1_291' title='bbox 929 2399 1094 2455; x_wconf 91' lang='lat' dir='ltr'><strong>Posui</strong></span> <span class='ocrx_word' id='word_1_292' title='bbox 1118 2402 1256 2456; x_wconf 89' lang='lat' dir='ltr'><strong>enim</strong></span> <span class='ocrx_word' id='word_1_293' title='bbox 1297 2402 1463 2455; x_wconf 86' lang='lat' dir='ltr'><strong>oculis</strong></span> <span class='ocrx_word' id='word_1_294' title='bbox 1505 2402 1634 2455; x_wconf 86' lang='lat' dir='ltr'><strong>meis</strong></span> <span class='ocrx_word' id='word_1_295' title='bbox 1664 2403 1981 2468; x_wconf 80' lang='lat' dir='ltr'><strong>custodiam,</strong></span> 
     </span>
    </p>
   </div>
   <div class='ocr_carea' id='block_1_42' title="bbox 422 2490 1983 2563">
    <p class='ocr_par' dir='ltr' id='par_1_42' title="bbox 422 2490 1983 2563">
     <span class='ocr_line' id='line_1_42' title="bbox 422 2490 1983 2563; baseline -0.001 -14"><span class='ocrx_word' id='word_1_296' title='bbox 422 2504 473 2549; x_wconf 88' lang='lat' dir='ltr'><strong>et</strong></span> <span class='ocrx_word' id='word_1_297' title='bbox 498 2510 599 2549; x_wconf 91' lang='lat' dir='ltr'><strong>non</strong></span> <span class='ocrx_word' id='word_1_298' title='bbox 630 2493 919 2563; x_wconf 82' lang='lat' dir='ltr'><strong>intelligant</strong></span> <span class='ocrx_word' id='word_1_299' title='bbox 962 2508 1115 2561; x_wconf 84' lang='lat' dir='ltr'><strong>super</strong></span> <span class='ocrx_word' id='word_1_300' title='bbox 1138 2494 1383 2561; x_wconf 81' lang='lat' dir='ltr'><strong>virginem</strong></span> <span class='ocrx_word' id='word_1_301' title='bbox 1427 2494 1502 2546; x_wconf 50' lang='lat'><strong>“‘2&#39;</strong></span> <span class='ocrx_word' id='word_1_302' title='bbox 1548 2490 1780 2547; x_wconf 84' lang='lat' dir='ltr'><strong>Sanctus</strong></span> <span class='ocrx_word' id='word_1_303' title='bbox 1811 2508 1983 2563; x_wconf 89' lang='lat' dir='ltr'><strong>usque</strong></span> 
     </span>
    </p>
   </div>
   <div class='ocr_carea' id='block_1_43' title="bbox 425 2583 1984 2653">
    <p class='ocr_par' dir='ltr' id='par_1_43' title="bbox 425 2583 1984 2653">
     <span class='ocr_line' id='line_1_43' title="bbox 425 2583 1984 2653; baseline -0.002 -13"><span class='ocrx_word' id='word_1_304' title='bbox 425 2586 493 2642; x_wconf 92' lang='lat' dir='ltr'><strong>ad</strong></span> <span class='ocrx_word' id='word_1_305' title='bbox 540 2600 724 2641; x_wconf 87' lang='lat' dir='ltr'><strong>curam</strong></span> <span class='ocrx_word' id='word_1_306' title='bbox 777 2584 1060 2637; x_wconf 90' lang='lat' dir='ltr'><strong>oculorum</strong></span> <span class='ocrx_word' id='word_1_307' title='bbox 1113 2583 1392 2653; x_wconf 88' lang='lat' dir='ltr'><strong>procedit,</strong></span> <span class='ocrx_word' id='word_1_308' title='bbox 1452 2598 1519 2637; x_wconf 88' lang='lat' dir='ltr'><strong>ne</strong></span> <span class='ocrx_word' id='word_1_309' title='bbox 1566 2584 1814 2653; x_wconf 89' lang='lat' dir='ltr'><strong>voluptas</strong></span> <span class='ocrx_word' id='word_1_310' title='bbox 1866 2585 1984 2638; x_wconf 80' lang='lat' dir='ltr'><strong>ani-</strong></span> 
     </span>
    </p>
   </div>
   <div class='ocr_carea' id='block_1_44' title="bbox 424 2675 1979 2745">
    <p class='ocr_par' dir='ltr' id='par_1_44' title="bbox 424 2675 1979 2745">
     <span class='ocr_line' id='line_1_44' title="bbox 424 2675 1979 2745; baseline -0.001 -13"><span class='ocrx_word' id='word_1_311' title='bbox 424 2691 566 2732; x_wconf 91' lang='lat' dir='ltr'><strong>mam</strong></span> <span class='ocrx_word' id='word_1_312' title='bbox 599 2676 865 2739; x_wconf 87' lang='lat' dir='ltr'><strong>titillaus,</strong></span> <span class='ocrx_word' id='word_1_313' title='bbox 913 2690 1032 2730; x_wconf 89' lang='lat' dir='ltr'><strong>eam</strong></span> <span class='ocrx_word' id='word_1_314' title='bbox 1069 2675 1133 2728; x_wconf 92' lang='lat' dir='ltr'><strong>ad</strong></span> <span class='ocrx_word' id='word_1_315' title='bbox 1178 2676 1676 2745; x_wconf 88' lang='lat' dir='ltr'><strong>concupiscendum</strong></span> <span class='ocrx_word' id='word_1_316' title='bbox 1727 2675 1979 2732; x_wconf 87' lang='lat' dir='ltr'><strong>adducat.</strong></span> 
     </span>
    </p>
   </div>
   <div class='ocr_carea' id='block_1_45' title="bbox 422 2764 1984 2838">
    <p class='ocr_par' dir='ltr' id='par_1_45' title="bbox 422 2764 1984 2838">
     <span class='ocr_line' id='line_1_45' title="bbox 422 2764 1984 2838; baseline 0.001 -15"><span class='ocrx_word' id='word_1_317' title='bbox 422 2766 578 2823; x_wconf 79' lang='lat' dir='ltr'><strong>Alius</strong></span> <span class='ocrx_word' id='word_1_318' title='bbox 604 2774 828 2821; x_wconf 89' lang='lat' dir='ltr'><strong>sanctus</strong></span> <span class='ocrx_word' id='word_1_319' title='bbox 857 2765 1127 2821; x_wconf 85' lang='lat' dir='ltr'><strong>clamabat</strong></span> <span class='ocrx_word' id='word_1_320' title='bbox 1158 2784 1172 2820; x_wconf 88' lang='lat'><strong>:</strong></span> <span class='ocrx_word' id='word_1_321' title='bbox 1217 2764 1299 2820; x_wconf 87' lang='lat' dir='ltr'><strong>Ne</strong></span> <span class='ocrx_word' id='word_1_322' title='bbox 1328 2767 1720 2838; x_wconf 77' lang='lat' dir='ltr'><strong>circumspicias</strong></span> <span class='ocrx_word' id='word_1_323' title='bbox 1753 2770 1984 2838; x_wconf 83' lang='lat' dir='ltr'><strong>pulchri-</strong></span> 
     </span>
    </p>
   </div>
   <div class='ocr_carea' id='block_1_46' title="bbox 425 2857 1984 2926">
    <p class='ocr_par' dir='ltr' id='par_1_46' title="bbox 425 2857 1984 2926">
     <span class='ocr_line' id='line_1_46' title="bbox 425 2857 1984 2926; baseline 0.003 -15"><span class='ocrx_word' id='word_1_324' title='bbox 425 2858 656 2912; x_wconf 79' lang='lat' dir='ltr'><strong>tudinem</strong></span> <span class='ocrx_word' id='word_1_325' title='bbox 686 2857 931 2923; x_wconf 86' lang='lat' dir='ltr'><strong>alienam,</strong></span> <span class='ocrx_word' id='word_1_326' title='bbox 965 2874 1027 2912; x_wconf 91' lang='lat' dir='ltr'><strong>ne</strong></span> <span class='ocrx_word' id='word_1_327' title='bbox 1049 2857 1284 2926; x_wconf 78' lang='lat' dir='ltr'><strong>voluptas</strong></span> <span class='ocrx_word' id='word_1_328' title='bbox 1307 2875 1425 2912; x_wconf 82' lang='lat' dir='ltr'><strong>cum</strong></span> <span class='ocrx_word' id='word_1_329' title='bbox 1454 2859 1759 2915; x_wconf 74' lang='lat' dir='ltr'><strong>vestibulum</strong></span> <span class='ocrx_word' id='word_1_330' title='bbox 1792 2863 1984 2916; x_wconf 66' lang='lat' dir='ltr'><strong>anima:</strong></span> 
     </span>
    </p>
   </div>
   <div class='ocr_carea' id='block_1_47' title="bbox 424 2946 1982 3019">
    <p class='ocr_par' dir='ltr' id='par_1_47' title="bbox 424 2946 1982 3019">
     <span class='ocr_line' id='line_1_47' title="bbox 424 2946 1982 3019; baseline 0.003 -18"><span class='ocrx_word' id='word_1_331' title='bbox 424 2946 636 3017; x_wconf 74' lang='lat' dir='ltr'><strong>ceperit,</strong></span> <span class='ocrx_word' id='word_1_332' title='bbox 667 2960 806 3014; x_wconf 87' lang='lat' dir='ltr'><strong>spem</strong></span> <span class='ocrx_word' id='word_1_333' title='bbox 834 2946 1095 3017; x_wconf 87' lang='lat' dir='ltr'><strong>ingressus</strong></span> <span class='ocrx_word' id='word_1_334' title='bbox 1139 2947 1419 3017; x_wconf 87' lang='lat' dir='ltr'><strong>concipiat,</strong></span> <span class='ocrx_word' id='word_1_335' title='bbox 1450 2949 1683 3018; x_wconf 83' lang='lat' dir='ltr'><strong>quinimo</strong></span> <span class='ocrx_word' id='word_1_336' title='bbox 1739 2966 1770 3003; x_wconf 91' lang='lat' dir='ltr'><strong>a</strong></span> <span class='ocrx_word' id='word_1_337' title='bbox 1798 2951 1982 3019; x_wconf 86' lang='lat' dir='ltr'><strong>januis</strong></span> 
     </span>
    </p>
   </div>
   <div class='ocr_carea' id='block_1_48' title="bbox 2093 1820 3658 1910">
    <p class='ocr_par' dir='ltr' id='par_1_48' title="bbox 2093 1820 3658 1910">
     <span class='ocr_line' id='line_1_48' title="bbox 2093 1820 3658 1910; baseline -0.005 -19"><span class='ocrx_word' id='word_1_338' title='bbox 2093 1839 2180 1910; x_wconf 89' lang='grc' dir='ltr'><strong>ρία</strong></span> <span class='ocrx_word' id='word_1_339' title='bbox 2224 1820 2471 1897; x_wconf 77' lang='grc' dir='ltr'>λέλυται,</span> <span class='ocrx_word' id='word_1_340' title='bbox 2511 1833 2707 1904; x_wconf 78' lang='grc' dir='ltr'>μηκέτι</span> <span class='ocrx_word' id='word_1_341' title='bbox 2765 1830 3098 1903; x_wconf 81' lang='grc' dir='ltr'>ἐμϐατεῦσαι</span> <span class='ocrx_word' id='word_1_342' title='bbox 3143 1833 3210 1902; x_wconf 83' lang='grc' dir='ltr'>τῇ</span> <span class='ocrx_word' id='word_1_343' title='bbox 3247 1830 3454 1902; x_wconf 79' lang='grc' dir='ltr'>διανοίᾳ</span> <span class='ocrx_word' id='word_1_344' title='bbox 3499 1830 3658 1884; x_wconf 77' lang='grc' dir='ltr'>δυνα-</span> 
     </span>
    </p>
   </div>
   <div class='ocr_carea' id='block_1_49' title="bbox 2092 1922 3658 2000">
    <p class='ocr_par' dir='ltr' id='par_1_49' title="bbox 2092 1922 3658 2000">
     <span class='ocr_line' id='line_1_49' title="bbox 2092 1922 3658 2000; baseline -0.004 -18"><span class='ocrx_word' id='word_1_345' title='bbox 2092 1929 2248 2000; x_wconf 86' lang='grc' dir='ltr'>μένη.</span> <span class='ocrx_word' id='word_1_346' title='bbox 2283 1929 2418 1981; x_wconf 89' lang='grc' dir='ltr'>Ποῖα</span> <span class='ocrx_word' id='word_1_347' title='bbox 2444 1923 2536 1981; x_wconf 81' lang='grc' dir='ltr'><strong>οὖν</strong></span> <span class='ocrx_word' id='word_1_348' title='bbox 2566 1927 2669 1997; x_wconf 67' lang='grc' dir='ltr'>ἤδη</span> <span class='ocrx_word' id='word_1_349' title='bbox 2697 1925 2925 1987; x_wconf 80' lang='grc' dir='ltr'>ἀτοπίας</span> <span class='ocrx_word' id='word_1_350' title='bbox 2958 1924 3058 1977; x_wconf 86' lang='grc' dir='ltr'><strong>οὑκ</strong></span> <span class='ocrx_word' id='word_1_351' title='bbox 3108 1922 3377 1994; x_wconf 78' lang='grc' dir='ltr'>ἀνῄρησεν</span> <span class='ocrx_word' id='word_1_352' title='bbox 3404 1926 3432 1976; x_wconf 98' lang='lat'><strong>6</strong></span> <span class='ocrx_word' id='word_1_353' title='bbox 3465 1922 3658 1993; x_wconf 86' lang='grc' dir='ltr'>νόμος;</span> 
     </span>
    </p>
   </div>
   <div class='ocr_carea' id='block_1_50' title="bbox 2089 2013 3659 2090">
    <p class='ocr_par' dir='ltr' id='par_1_50' title="bbox 2089 2013 3659 2090">
     <span class='ocr_line' id='line_1_50' title="bbox 2089 2013 3659 2090; baseline -0.005 -17"><span class='ocrx_word' id='word_1_354' title='bbox 2089 2023 2218 2074; x_wconf 83' lang='grc' dir='ltr'>ποία</span> <span class='ocrx_word' id='word_1_355' title='bbox 2257 2018 2398 2090; x_wconf 89' lang='grc' dir='ltr'>μέρη</span> <span class='ocrx_word' id='word_1_356' title='bbox 2435 2018 2631 2088; x_wconf 80' lang='grc' dir='ltr'>ἡδονῆς</span> <span class='ocrx_word' id='word_1_357' title='bbox 2676 2018 2737 2070; x_wconf 73' lang='grc' dir='ltr'><strong>ού</strong></span> <span class='ocrx_word' id='word_1_358' title='bbox 2770 2015 2991 2080; x_wconf 87' lang='grc' dir='ltr'>λέλυκε;</span> <span class='ocrx_word' id='word_1_359' title='bbox 3031 2014 3190 2077; x_wconf 82' lang='grc' dir='ltr'>ποίας</span> <span class='ocrx_word' id='word_1_360' title='bbox 3226 2013 3460 2079; x_wconf 81' lang='grc' dir='ltr'>δειλίας,</span> <span class='ocrx_word' id='word_1_361' title='bbox 3504 2013 3659 2077; x_wconf 85' lang='grc' dir='ltr'>ποίας</span> 
     </span>
    </p>
   </div>
   <div class='ocr_carea' id='block_1_51' title="bbox 2088 2102 3659 2181">
    <p class='ocr_par' dir='ltr' id='par_1_51' title="bbox 2088 2102 3659 2181">
     <span class='ocr_line' id='line_1_51' title="bbox 2088 2102 3659 2181; baseline -0.006 -17"><span class='ocrx_word' id='word_1_362' title='bbox 2088 2107 2397 2181; x_wconf 81' lang='grc' dir='ltr'>ἀφροσύνας</span> <span class='ocrx_word' id='word_1_363' title='bbox 2442 2108 2542 2161; x_wconf 85' lang='grc' dir='ltr'><strong>οὐκ</strong></span> <span class='ocrx_word' id='word_1_364' title='bbox 2589 2107 2682 2159; x_wconf 69' lang='grc' dir='ltr'><strong>ἐπὶ</strong></span> <span class='ocrx_word' id='word_1_365' title='bbox 2726 2104 2977 2158; x_wconf 78' lang='grc' dir='ltr'>τοσοῦτον</span> <span class='ocrx_word' id='word_1_366' title='bbox 3017 2102 3277 2173; x_wconf 78' lang='grc' dir='ltr'>ἐπεξῆλθε</span> <span class='ocrx_word' id='word_1_367' title='bbox 3326 2103 3423 2173; x_wconf 86' lang='grc' dir='ltr'>τὴν</span> <span class='ocrx_word' id='word_1_368' title='bbox 3470 2102 3659 2175; x_wconf 81' lang='grc' dir='ltr'>ἡδονὴν</span> 
     </span>
    </p>
   </div>
   <div class='ocr_carea' id='block_1_52' title="bbox 2088 2194 3660 2272">
    <p class='ocr_par' dir='ltr' id='par_1_52' title="bbox 2088 2194 3660 2272">
     <span class='ocr_line' id='line_1_52' title="bbox 2088 2194 3660 2272; baseline -0.006 -16"><span class='ocrx_word' id='word_1_369' title='bbox 2088 2201 2325 2272; x_wconf 87' lang='grc' dir='ltr'>ἀναιρῶν</span> <span class='ocrx_word' id='word_1_370' title='bbox 2347 2241 2360 2265; x_wconf 90' lang='grc'>,</span> <span class='ocrx_word' id='word_1_371' title='bbox 2389 2201 2464 2264; x_wconf 83' lang='grc' dir='ltr'>ὡς</span> <span class='ocrx_word' id='word_1_372' title='bbox 2502 2200 2597 2252; x_wconf 72' lang='grc' dir='ltr'><strong>καὶ</strong></span> <span class='ocrx_word' id='word_1_373' title='bbox 2624 2198 2730 2252; x_wconf 88' lang='grc' dir='ltr'><strong>τῶν</strong></span> <span class='ocrx_word' id='word_1_374' title='bbox 2760 2197 3027 2268; x_wconf 84' lang='grc' dir='ltr'>ὀμμάτων</span> <span class='ocrx_word' id='word_1_375' title='bbox 3075 2194 3505 2267; x_wconf 84' lang='grc' dir='ltr'>ὲπιμελήσασθαι</span> <span class='ocrx_word' id='word_1_376' title='bbox 3523 2236 3537 2259; x_wconf 90' lang='grc'><em>,</em></span> <span class='ocrx_word' id='word_1_377' title='bbox 3567 2195 3660 2249; x_wconf 70' lang='grc' dir='ltr'>καὶ</span> 
     </span>
    </p>
   </div>
   <div class='ocr_carea' id='block_1_53' title="bbox 2086 2286 3661 2365">
    <p class='ocr_par' dir='ltr' id='par_1_53' title="bbox 2086 2286 3661 2365">
     <span class='ocr_line' id='line_1_53' title="bbox 2086 2286 3661 2365; baseline -0.006 -17"><span class='ocrx_word' id='word_1_378' title='bbox 2086 2295 2185 2365; x_wconf 88' lang='grc' dir='ltr'><strong>τῆς</strong></span> <span class='ocrx_word' id='word_1_379' title='bbox 2214 2296 2384 2364; x_wconf 80' lang='grc' dir='ltr'>ἀκοῆς</span> <span class='ocrx_word' id='word_1_380' title='bbox 2427 2291 2500 2363; x_wconf 80' lang='grc' dir='ltr'>μὴ</span> <span class='ocrx_word' id='word_1_381' title='bbox 2535 2290 2843 2361; x_wconf 83' lang='grc' dir='ltr'>φείσασθαι,</span> <span class='ocrx_word' id='word_1_382' title='bbox 2875 2289 2968 2342; x_wconf 82' lang='grc' dir='ltr'>καὶ</span> <span class='ocrx_word' id='word_1_383' title='bbox 3006 2288 3107 2359; x_wconf 87' lang='grc' dir='ltr'><strong>τῆς</strong></span> <span class='ocrx_word' id='word_1_384' title='bbox 3149 2286 3403 2357; x_wconf 85' lang='grc' dir='ltr'>γλώσσης</span> <span class='ocrx_word' id='word_1_385' title='bbox 3429 2288 3503 2358; x_wconf 79' lang='grc' dir='ltr'>μὴ</span> <span class='ocrx_word' id='word_1_386' title='bbox 3526 2288 3661 2357; x_wconf 78' lang='grc' dir='ltr'>ἠμε-</span> 
     </span>
    </p>
   </div>
   <div class='ocr_carea' id='block_1_54' title="bbox 2087 2380 3663 2457">
    <p class='ocr_par' dir='ltr' id='par_1_54' title="bbox 2087 2380 3663 2457">
     <span class='ocr_line' id='line_1_54' title="bbox 2087 2380 3663 2457; baseline -0.004 -18"><span class='ocrx_word' id='word_1_387' title='bbox 2087 2385 2308 2457; x_wconf 89' lang='grc' dir='ltr'>ληκέναι</span> <span class='ocrx_word' id='word_1_388' title='bbox 2333 2401 2347 2449; x_wconf 88' lang='grc'><strong>;</strong></span> <span class='ocrx_word' id='word_1_389' title='bbox 2395 2382 2647 2453; x_wconf 77' lang='grc' dir='ltr'>Ἐθέμην</span> <span class='ocrx_word' id='word_1_390' title='bbox 2685 2383 2793 2452; x_wconf 75' lang='grc' dir='ltr'>γὰρ</span> <span class='ocrx_word' id='word_1_391' title='bbox 2822 2381 2947 2447; x_wconf 83' lang='grc' dir='ltr'>τοῖς</span> <span class='ocrx_word' id='word_1_392' title='bbox 2979 2380 3305 2450; x_wconf 73' lang='grc' dir='ltr'>ὀφθαλμοῖς</span> <span class='ocrx_word' id='word_1_393' title='bbox 3322 2397 3443 2449; x_wconf 86' lang='grc' dir='ltr'><strong>μου</strong></span> <span class='ocrx_word' id='word_1_394' title='bbox 3470 2382 3663 2449; x_wconf 67' lang='grc' dir='ltr'>φυλα-</span> 
     </span>
    </p>
   </div>
   <div class='ocr_carea' id='block_1_55' title="bbox 2090 2472 3660 2547">
    <p class='ocr_par' dir='ltr' id='par_1_55' title="bbox 2090 2472 3660 2547">
     <span class='ocr_line' id='line_1_55' title="bbox 2090 2472 3660 2547; baseline -0.005 -15"><span class='ocrx_word' id='word_1_395' title='bbox 2090 2478 2226 2547; x_wconf 81' lang='grc' dir='ltr'>κὴν,</span> <span class='ocrx_word' id='word_1_396' title='bbox 2266 2477 2362 2531; x_wconf 79' lang='grc' dir='ltr'><strong>καί</strong></span> <span class='ocrx_word' id='word_1_397' title='bbox 2404 2478 2474 2530; x_wconf 84' lang='grc' dir='ltr'><strong>οὐ</strong></span> <span class='ocrx_word' id='word_1_398' title='bbox 2515 2475 2601 2545; x_wconf 79' lang='grc' dir='ltr'><strong>μὴ</strong></span> <span class='ocrx_word' id='word_1_399' title='bbox 2631 2474 2884 2541; x_wconf 80' lang='grc' dir='ltr'><strong>συνήσω</strong></span> <span class='ocrx_word' id='word_1_400' title='bbox 2916 2474 3016 2527; x_wconf 79' lang='grc' dir='ltr'><strong>ἐπὶ</strong></span> <span class='ocrx_word' id='word_1_401' title='bbox 3059 2473 3374 2542; x_wconf 77' lang='grc' dir='ltr'><strong>παρθένον.</strong></span> <span class='ocrx_word' id='word_1_402' title='bbox 3420 2474 3477 2526; x_wconf 84' lang='grc' dir='ltr'>Ὀ</span> <span class='ocrx_word' id='word_1_403' title='bbox 3509 2472 3660 2540; x_wconf 71' lang='grc' dir='ltr'>ἅγιος</span> 
     </span>
    </p>
   </div>
   <div class='ocr_carea' id='block_1_56' title="bbox 2094 2562 3660 2639">
    <p class='ocr_par' dir='ltr' id='par_1_56' title="bbox 2094 2562 3660 2639">
     <span class='ocr_line' id='line_1_56' title="bbox 2094 2562 3660 2639; baseline -0.004 -20"><span class='ocrx_word' id='word_1_404' title='bbox 2094 2567 2254 2639; x_wconf 81' lang='grc' dir='ltr'>μέχρι</span> <span class='ocrx_word' id='word_1_405' title='bbox 2291 2565 2400 2619; x_wconf 89' lang='grc' dir='ltr'><strong>τῶν</strong></span> <span class='ocrx_word' id='word_1_406' title='bbox 2441 2565 2704 2636; x_wconf 79' lang='grc' dir='ltr'>ὀμμάτων</span> <span class='ocrx_word' id='word_1_407' title='bbox 2752 2564 2978 2633; x_wconf 88' lang='grc' dir='ltr'>φθάνει·</span> <span class='ocrx_word' id='word_1_408' title='bbox 3025 2564 3111 2618; x_wconf 78' lang='grc' dir='ltr'><strong>ἵνα</strong></span> <span class='ocrx_word' id='word_1_409' title='bbox 3148 2562 3223 2633; x_wconf 86' lang='grc' dir='ltr'>μὴ</span> <span class='ocrx_word' id='word_1_410' title='bbox 3263 2562 3660 2632; x_wconf 78' lang='grc' dir='ltr'>γαργαλίζουσα</span> 
     </span>
    </p>
   </div>
   <div class='ocr_carea' id='block_1_57' title="bbox 2089 2652 3662 2731">
    <p class='ocr_par' dir='ltr' id='par_1_57' title="bbox 2089 2652 3662 2731">
     <span class='ocr_line' id='line_1_57' title="bbox 2089 2652 3662 2731; baseline -0.006 -19"><span class='ocrx_word' id='word_1_411' title='bbox 2089 2660 2185 2731; x_wconf 83' lang='grc' dir='ltr'><strong>τὴν</strong></span> <span class='ocrx_word' id='word_1_412' title='bbox 2221 2658 2400 2729; x_wconf 78' lang='grc' dir='ltr'>ψυχὴν</span> <span class='ocrx_word' id='word_1_413' title='bbox 2448 2658 2611 2728; x_wconf 74' lang='grc' dir='ltr'>ἡδονὴ</span> <span class='ocrx_word' id='word_1_414' title='bbox 2653 2657 2734 2719; x_wconf 86' lang='grc' dir='ltr'><strong>είς</strong></span> <span class='ocrx_word' id='word_1_415' title='bbox 2781 2655 3069 2726; x_wconf 69' lang='grc' dir='ltr'>σκελισμὲν</span> <span class='ocrx_word' id='word_1_416' title='bbox 3107 2656 3207 2725; x_wconf 79' lang='grc' dir='ltr'><strong>τῆς</strong></span> <span class='ocrx_word' id='word_1_417' title='bbox 3247 2653 3540 2724; x_wconf 71' lang='grc' dir='ltr'>ὶπιθυμίας</span> <span class='ocrx_word' id='word_1_418' title='bbox 3570 2652 3662 2705; x_wconf 86' lang='grc' dir='ltr'>ἀν-</span> 
     </span>
    </p>
   </div>
   <div class='ocr_carea' id='block_1_58' title="bbox 2088 2744 3657 2824">
    <p class='ocr_par' dir='ltr' id='par_1_58' title="bbox 2088 2744 3657 2824">
     <span class='ocr_line' id='line_1_58' title="bbox 2088 2744 3657 2824; baseline -0.003 -21"><span class='ocrx_word' id='word_1_419' title='bbox 2088 2751 2289 2821; x_wconf 85' lang='grc' dir='ltr'>αγάγῃ.</span> <span class='ocrx_word' id='word_1_420' title='bbox 2336 2751 2561 2824; x_wconf 83' lang='grc' dir='ltr'>Ἕτερος</span> <span class='ocrx_word' id='word_1_421' title='bbox 2594 2748 2700 2802; x_wconf 86' lang='grc' dir='ltr'><strong>τῶν</strong></span> <span class='ocrx_word' id='word_1_422' title='bbox 2750 2749 2917 2816; x_wconf 84' lang='grc' dir='ltr'>ἁγίων</span> <span class='ocrx_word' id='word_1_423' title='bbox 2954 2747 3119 2801; x_wconf 82' lang='grc' dir='ltr'>ἐϐόα·</span> <span class='ocrx_word' id='word_1_424' title='bbox 3161 2746 3258 2815; x_wconf 77' lang='grc' dir='ltr'><strong>Μὴ</strong></span> <span class='ocrx_word' id='word_1_425' title='bbox 3301 2744 3657 2813; x_wconf 72' lang='grc' dir='ltr'>περιϐλέπῃς</span> 
     </span>
    </p>
   </div>
   <div class='ocr_carea' id='block_1_59' title="bbox 2089 2837 3658 2911">
    <p class='ocr_par' dir='ltr' id='par_1_59' title="bbox 2089 2837 3658 2911">
     <span class='ocr_line' id='line_1_59' title="bbox 2089 2837 3658 2911; baseline -0.006 -13"><span class='ocrx_word' id='word_1_426' title='bbox 2089 2845 2317 2910; x_wconf 75' lang='grc' dir='ltr'>κάλλος</span> <span class='ocrx_word' id='word_1_427' title='bbox 2354 2846 2695 2911; x_wconf 77' lang='grc' dir='ltr'>ἀλλότριον,</span> <span class='ocrx_word' id='word_1_428' title='bbox 2725 2842 2824 2895; x_wconf 74' lang='grc' dir='ltr'><strong>ἵνα</strong></span> <span class='ocrx_word' id='word_1_429' title='bbox 2860 2840 2944 2910; x_wconf 80' lang='grc' dir='ltr'><strong>μὴ</strong></span> <span class='ocrx_word' id='word_1_430' title='bbox 2984 2840 3197 2908; x_wconf 70' lang='grc' dir='ltr'>ἡδονὴ,</span> <span class='ocrx_word' id='word_1_431' title='bbox 3227 2838 3385 2908; x_wconf 80' lang='grc' dir='ltr'>μηδὲ</span> <span class='ocrx_word' id='word_1_432' title='bbox 3417 2840 3490 2891; x_wconf 86' lang='grc' dir='ltr'>τὰ</span> <span class='ocrx_word' id='word_1_433' title='bbox 3521 2837 3658 2905; x_wconf 80' lang='grc' dir='ltr'>πρό-</span> 
     </span>
    </p>
   </div>
   <div class='ocr_carea' id='block_1_60' title="bbox 2088 2926 3659 3004">
    <p class='ocr_par' dir='ltr' id='par_1_60' title="bbox 2088 2926 3659 3004">
     <span class='ocr_line' id='line_1_60' title="bbox 2088 2926 3659 3004; baseline -0.007 -14"><span class='ocrx_word' id='word_1_434' title='bbox 2088 2940 2243 3004; x_wconf 87' lang='grc' dir='ltr'>θυμα</span> <span class='ocrx_word' id='word_1_435' title='bbox 2284 2934 2394 3003; x_wconf 82' lang='grc' dir='ltr'><strong>τῆς</strong></span> <span class='ocrx_word' id='word_1_436' title='bbox 2419 2932 2625 3004; x_wconf 69' lang='grc' dir='ltr'>ψυχῆς</span> <span class='ocrx_word' id='word_1_437' title='bbox 2669 2933 2964 2998; x_wconf 80' lang='grc' dir='ltr'>λαϐοῦσα,</span> <span class='ocrx_word' id='word_1_438' title='bbox 3006 2932 3224 2987; x_wconf 75' lang='grc' dir='ltr'>ἐλπίδα</span> <span class='ocrx_word' id='word_1_439' title='bbox 3263 2928 3373 2997; x_wconf 83' lang='grc' dir='ltr'><strong>τῆς</strong></span> <span class='ocrx_word' id='word_1_440' title='bbox 3421 2926 3659 2981; x_wconf 71' lang='grc' dir='ltr'>εἰσόδου</span> 
     </span>
    </p>
   </div>
   <div class='ocr_carea' id='block_1_61' title="bbox 425 3012 1987 3111">
    <p class='ocr_par' dir='ltr' id='par_1_61' title="bbox 425 3012 1985 3111">
     <span class='ocr_line' id='line_1_61' title="bbox 425 3012 1985 3111; baseline 0.004 -21"><span class='ocrx_word' id='word_1_441' title='bbox 425 3012 635 3106; x_wconf 76' lang='lat' dir='ltr'><strong>repulsa</strong></span> <span class='ocrx_word' id='word_1_442' title='bbox 666 3012 909 3092; x_wconf 33' lang='lat' dir='ltr'><strong>insidias-</strong></span> <span class='ocrx_word' id='word_1_443' title='bbox 944 3054 1070 3091; x_wconf 84' lang='lat' dir='ltr'><strong>suas</strong></span> <span class='ocrx_word' id='word_1_444' title='bbox 1117 3012 1348 3108; x_wconf 83' lang='lat' dir='ltr'><strong>desperet</strong></span> <span class='ocrx_word' id='word_1_445' title='bbox 1381 3012 1852 3111; x_wconf 42' lang='lat' dir='ltr'><strong>&quot;.&#39;Progrediens</strong></span> <span class='ocrx_word' id='word_1_446' title='bbox 1883 3058 1985 3097; x_wconf 87' lang='lat' dir='ltr'><strong>au-</strong></span> 
     </span>
    </p>
   </div>
   <div class='ocr_carea' id='block_1_62' title="bbox 2090 3012 3660 3111">
    <p class='ocr_par' dir='ltr' id='par_1_62' title="bbox 2090 3012 3660 3095">
     <span class='ocr_line' id='line_1_62' title="bbox 2090 3012 3660 3095; baseline -0.01 -13"><span class='ocrx_word' id='word_1_447' title='bbox 2090 3025 2357 3095; x_wconf 77' lang='grc' dir='ltr'>λαμϐάνῃ</span> <span class='ocrx_word' id='word_1_448' title='bbox 2380 3044 2392 3056; x_wconf 91' lang='grc'><strong>·</strong></span> <span class='ocrx_word' id='word_1_449' title='bbox 2420 3024 2580 3078; x_wconf 79' lang='grc' dir='ltr'><em>ἀλλὰ</em></span> <span class='ocrx_word' id='word_1_450' title='bbox 2601 3023 2697 3077; x_wconf 80' lang='grc' dir='ltr'><strong>καί</strong></span> <span class='ocrx_word' id='word_1_451' title='bbox 2726 3021 2844 3076; x_wconf 82' lang='grc' dir='ltr'>τῶν</span> <span class='ocrx_word' id='word_1_452' title='bbox 2870 3020 3065 3089; x_wconf 76' lang='grc' dir='ltr'>θυρῶν</span> <span class='ocrx_word' id='word_1_453' title='bbox 3095 3016 3463 3074; x_wconf 70' lang='grc' dir='ltr'>ὰπελαθεῖσα</span> <span class='ocrx_word' id='word_1_454' title='bbox 3487 3012 3660 3070; x_wconf 56' lang='grc' dir='ltr'><strong>ἀνέλκ-</strong></span> 
     </span>
    </p>
   </div>
   <div class='ocr_carea' id='block_1_63' title="bbox 424 3127 1986 3201">
    <p class='ocr_par' dir='ltr' id='par_1_63' title="bbox 424 3127 1986 3201">
     <span class='ocr_line' id='line_1_63' title="bbox 424 3127 1986 3201; baseline 0.004 -19"><span class='ocrx_word' id='word_1_455' title='bbox 424 3139 533 3185; x_wconf 90' lang='lat' dir='ltr'><strong>tem</strong></span> <span class='ocrx_word' id='word_1_456' title='bbox 564 3127 632 3183; x_wconf 92' lang='lat' dir='ltr'><strong>ad</strong></span> <span class='ocrx_word' id='word_1_457' title='bbox 663 3143 824 3183; x_wconf 90' lang='lat' dir='ltr'><strong>aures</strong></span> <span class='ocrx_word' id='word_1_458' title='bbox 872 3135 927 3182; x_wconf 92' lang='lat' dir='ltr'><strong>et</strong></span> <span class='ocrx_word' id='word_1_459' title='bbox 980 3129 1046 3183; x_wconf 92' lang='lat' dir='ltr'><strong>ad</strong></span> <span class='ocrx_word' id='word_1_460' title='bbox 1083 3128 1334 3200; x_wconf 86' lang='lat' dir='ltr'><strong>linguas,</strong></span> <span class='ocrx_word' id='word_1_461' title='bbox 1384 3130 1573 3201; x_wconf 87' lang='lat' dir='ltr'><strong>vigiles</strong></span> <span class='ocrx_word' id='word_1_462' title='bbox 1622 3139 1676 3186; x_wconf 88' lang='lat' dir='ltr'><strong>et</strong></span> <span class='ocrx_word' id='word_1_463' title='bbox 1735 3132 1986 3189; x_wconf 83' lang='lat' dir='ltr'><strong>custodes</strong></span> 
     </span>
    </p>
   </div>
   <div class='ocr_carea' id='block_1_64' title="bbox 425 3217 1987 3292">
    <p class='ocr_par' dir='ltr' id='par_1_64' title="bbox 425 3217 1987 3292">
     <span class='ocr_line' id='line_1_64' title="bbox 425 3217 1987 3292; baseline 0.001 -18"><span class='ocrx_word' id='word_1_464' title='bbox 425 3219 682 3275; x_wconf 83' lang='lat' dir='ltr'><strong>membris</strong></span> <span class='ocrx_word' id='word_1_465' title='bbox 708 3217 969 3289; x_wconf 69' lang='lat' dir='ltr'><strong>praefecit,</strong></span> <span class='ocrx_word' id='word_1_466' title='bbox 1000 3235 1107 3273; x_wconf 92' lang='lat' dir='ltr'><strong>non</strong></span> <span class='ocrx_word' id='word_1_467' title='bbox 1139 3219 1338 3275; x_wconf 89' lang='lat' dir='ltr'><strong>cedens</strong></span> <span class='ocrx_word' id='word_1_468' title='bbox 1382 3221 1502 3275; x_wconf 92' lang='lat' dir='ltr'><strong>loco</strong></span> <span class='ocrx_word' id='word_1_469' title='bbox 1551 3236 1682 3286; x_wconf 90' lang='lat' dir='ltr'><strong>suo,</strong></span> <span class='ocrx_word' id='word_1_470' title='bbox 1730 3222 1859 3292; x_wconf 88' lang='lat' dir='ltr'><strong>quin</strong></span> <span class='ocrx_word' id='word_1_471' title='bbox 1889 3237 1987 3291; x_wconf 91' lang='lat' dir='ltr'><strong>po-</strong></span> 
     </span>
    </p>
   </div>
   <div class='ocr_carea' id='block_1_65' title="bbox 424 3310 1983 3381">
    <p class='ocr_par' dir='ltr' id='par_1_65' title="bbox 424 3310 1983 3381">
     <span class='ocr_line' id='line_1_65' title="bbox 424 3310 1983 3381; baseline 0.001 -14"><span class='ocrx_word' id='word_1_472' title='bbox 424 3314 535 3369; x_wconf 90' lang='lat' dir='ltr'><strong>tius</strong></span> <span class='ocrx_word' id='word_1_473' title='bbox 561 3313 758 3368; x_wconf 87' lang='lat' dir='ltr'><strong>clamat</strong></span> <span class='ocrx_word' id='word_1_474' title='bbox 784 3331 796 3367; x_wconf 90' lang='lat'><strong>:</strong></span> <span class='ocrx_word' id='word_1_475' title='bbox 833 3310 1004 3377; x_wconf 88' lang='lat' dir='ltr'><strong>Pone,</strong></span> <span class='ocrx_word' id='word_1_476' title='bbox 1046 3310 1265 3366; x_wconf 90' lang='lat' dir='ltr'><strong>Domine</strong></span> <span class='ocrx_word' id='word_1_477' title='bbox 1284 3353 1300 3378; x_wconf 95' lang='lat'><strong>,</strong></span> <span class='ocrx_word' id='word_1_478' title='bbox 1328 3311 1624 3367; x_wconf 90' lang='lat' dir='ltr'><strong>custodiam</strong></span> <span class='ocrx_word' id='word_1_479' title='bbox 1652 3314 1733 3367; x_wconf 90' lang='lat' dir='ltr'><strong>ori</strong></span> <span class='ocrx_word' id='word_1_480' title='bbox 1765 3331 1876 3368; x_wconf 90' lang='lat' dir='ltr'><strong>meo</strong></span> <span class='ocrx_word' id='word_1_481' title='bbox 1907 3315 1983 3381; x_wconf 80' lang='lat'><strong>“;</strong></span> 
     </span>
    </p>
   </div>
   <div class='ocr_carea' id='block_1_66' title="bbox 425 3404 1987 3474">
    <p class='ocr_par' dir='ltr' id='par_1_66' title="bbox 425 3404 1987 3474">
     <span class='ocr_line' id='line_1_66' title="bbox 425 3404 1987 3474; baseline 0 -14"><span class='ocrx_word' id='word_1_482' title='bbox 425 3422 493 3461; x_wconf 86' lang='lat' dir='ltr'><strong>ne</strong></span> <span class='ocrx_word' id='word_1_483' title='bbox 523 3420 703 3461; x_wconf 89' lang='lat' dir='ltr'><strong>sermo</strong></span> <span class='ocrx_word' id='word_1_484' title='bbox 726 3404 898 3474; x_wconf 82' lang='lat' dir='ltr'><strong>turpis</strong></span> <span class='ocrx_word' id='word_1_485' title='bbox 921 3404 1040 3459; x_wconf 86' lang='lat' dir='ltr'><strong>sine</strong></span> <span class='ocrx_word' id='word_1_486' title='bbox 1068 3406 1298 3460; x_wconf 84' lang='lat' dir='ltr'><strong>utilitate</strong></span> <span class='ocrx_word' id='word_1_487' title='bbox 1331 3407 1567 3461; x_wconf 69' lang='lat' dir='ltr'><strong>emissus</strong></span> <span class='ocrx_word' id='word_1_488' title='bbox 1591 3447 1607 3471; x_wconf 92' lang='lat'><strong>,</strong></span> <span class='ocrx_word' id='word_1_489' title='bbox 1665 3407 1987 3462; x_wconf 86' lang='lat' dir='ltr'><strong>invitamen-</strong></span> 
     </span>
    </p>
   </div>
   <div class='ocr_carea' id='block_1_67' title="bbox 426 3496 1984 3569">
    <p class='ocr_par' dir='ltr' id='par_1_67' title="bbox 426 3496 1984 3569">
     <span class='ocr_line' id='line_1_67' title="bbox 426 3496 1984 3569; baseline 0.001 -17"><span class='ocrx_word' id='word_1_490' title='bbox 426 3506 538 3553; x_wconf 88' lang='lat' dir='ltr'><strong>tum</strong></span> <span class='ocrx_word' id='word_1_491' title='bbox 573 3499 869 3569; x_wconf 89' lang='lat' dir='ltr'><strong>voluptatis</strong></span> <span class='ocrx_word' id='word_1_492' title='bbox 909 3496 1087 3567; x_wconf 90' lang='lat' dir='ltr'><strong>turpia</strong></span> <span class='ocrx_word' id='word_1_493' title='bbox 1138 3497 1380 3567; x_wconf 89' lang='lat' dir='ltr'><strong>loquenti</strong></span> <span class='ocrx_word' id='word_1_494' title='bbox 1437 3498 1714 3568; x_wconf 89' lang='lat' dir='ltr'><strong>adjungat.</strong></span> <span class='ocrx_word' id='word_1_495' title='bbox 1767 3498 1984 3554; x_wconf 89' lang='lat' dir='ltr'><strong>llahens</strong></span> 
     </span>
    </p>
   </div>
   <div class='ocr_carea' id='block_1_68' title="bbox 427 3590 1985 3662">
    <p class='ocr_par' dir='ltr' id='par_1_68' title="bbox 427 3590 1985 3662">
     <span class='ocr_line' id='line_1_68' title="bbox 427 3590 1985 3662; baseline 0.001 -16"><span class='ocrx_word' id='word_1_496' title='bbox 427 3601 684 3662; x_wconf 70' lang='lat' dir='ltr'><strong>praeterea</strong></span> <span class='ocrx_word' id='word_1_497' title='bbox 724 3606 911 3645; x_wconf 86' lang='lat' dir='ltr'><strong>curam</strong></span> <span class='ocrx_word' id='word_1_498' title='bbox 947 3590 1256 3646; x_wconf 88' lang='lat' dir='ltr'><strong>lumborum</strong></span> <span class='ocrx_word' id='word_1_499' title='bbox 1284 3629 1298 3653; x_wconf 91' lang='lat'><strong>,</strong></span> <span class='ocrx_word' id='word_1_500' title='bbox 1342 3590 1699 3660; x_wconf 65' lang='lat' dir='ltr'><strong>praedicavit,</strong></span> <span class='ocrx_word' id='word_1_501' title='bbox 1731 3606 1799 3646; x_wconf 87' lang='lat' dir='ltr'><strong>ne</strong></span> <span class='ocrx_word' id='word_1_502' title='bbox 1833 3606 1985 3648; x_wconf 92' lang='lat' dir='ltr'><strong>mens</strong></span> 
     </span>
    </p>
   </div>
   <div class='ocr_carea' id='block_1_69' title="bbox 426 3680 1981 3755">
    <p class='ocr_par' dir='ltr' id='par_1_69' title="bbox 426 3680 1981 3755">
     <span class='ocr_line' id='line_1_69' title="bbox 426 3680 1981 3755; baseline 0 -18"><span class='ocrx_word' id='word_1_503' title='bbox 426 3684 534 3739; x_wconf 90' lang='lat' dir='ltr'><strong>huc</strong></span> <span class='ocrx_word' id='word_1_504' title='bbox 565 3692 619 3739; x_wconf 87' lang='lat' dir='ltr'><strong>et</strong></span> <span class='ocrx_word' id='word_1_505' title='bbox 656 3684 786 3738; x_wconf 87' lang='lat' dir='ltr'><strong>illuc</strong></span> <span class='ocrx_word' id='word_1_506' title='bbox 818 3684 1015 3755; x_wconf 81' lang='lat' dir='ltr'><strong>agitata</strong></span> <span class='ocrx_word' id='word_1_507' title='bbox 1046 3684 1222 3738; x_wconf 85' lang='lat' dir='ltr'><strong>vincta</strong></span> <span class='ocrx_word' id='word_1_508' title='bbox 1265 3692 1428 3740; x_wconf 87' lang='lat' dir='ltr'><strong>esset.</strong></span> <span class='ocrx_word' id='word_1_509' title='bbox 1482 3680 1743 3753; x_wconf 75' lang='lat' dir='ltr'><strong>Praecepit</strong></span> <span class='ocrx_word' id='word_1_510' title='bbox 1796 3683 1981 3738; x_wconf 87' lang='lat' dir='ltr'><strong>enim:</strong></span> 
     </span>
    </p>
   </div>
   <div class='ocr_carea' id='block_1_70' title="bbox 427 3772 1980 3843">
    <p class='ocr_par' dir='ltr' id='par_1_70' title="bbox 427 3772 1980 3843">
     <span class='ocr_line' id='line_1_70' title="bbox 427 3772 1980 3843; baseline -0.003 -15"><span class='ocrx_word' id='word_1_511' title='bbox 427 3773 516 3829; x_wconf 78' lang='lat' dir='ltr'><strong>Sic</strong></span> <span class='ocrx_word' id='word_1_512' title='bbox 535 3772 813 3828; x_wconf 84' lang='lat' dir='ltr'><strong>comedetis</strong></span> <span class='ocrx_word' id='word_1_513' title='bbox 834 3772 1048 3843; x_wconf 81' lang='lat' dir='ltr'><strong>pascha,</strong></span> <span class='ocrx_word' id='word_1_514' title='bbox 1076 3772 1239 3826; x_wconf 84' lang='lat' dir='ltr'><strong>lumbi</strong></span> <span class='ocrx_word' id='word_1_515' title='bbox 1260 3774 1419 3828; x_wconf 80' lang='lat' dir='ltr'><strong>vestri</strong></span> <span class='ocrx_word' id='word_1_516' title='bbox 1441 3783 1593 3829; x_wconf 90' lang='lat' dir='ltr'><strong>erunt</strong></span> <span class='ocrx_word' id='word_1_517' title='bbox 1613 3773 1880 3843; x_wconf 66' lang='lat' dir='ltr'><strong>pra’cincti</strong></span> <span class='ocrx_word' id='word_1_518' title='bbox 1908 3772 1980 3823; x_wconf 76' lang='lat'><strong>‘7:</strong></span> 
     </span>
    </p>
   </div>
   <div class='ocr_carea' id='block_1_71' title="bbox 427 3864 1987 3935">
    <p class='ocr_par' dir='ltr' id='par_1_71' title="bbox 427 3864 1987 3935">
     <span class='ocr_line' id='line_1_71' title="bbox 427 3864 1987 3935; baseline -0.001 -15"><span class='ocrx_word' id='word_1_519' title='bbox 427 3880 496 3922; x_wconf 89' lang='lat' dir='ltr'><strong>ne</strong></span> <span class='ocrx_word' id='word_1_520' title='bbox 522 3865 570 3922; x_wconf 90' lang='lat' dir='ltr'><strong>si</strong></span> <span class='ocrx_word' id='word_1_521' title='bbox 601 3865 841 3920; x_wconf 87' lang='lat' dir='ltr'><strong>membra</strong></span> <span class='ocrx_word' id='word_1_522' title='bbox 870 3864 1105 3920; x_wconf 88' lang='lat' dir='ltr'><strong>habeant</strong></span> <span class='ocrx_word' id='word_1_523' title='bbox 1155 3865 1444 3929; x_wconf 89' lang='lat' dir='ltr'><strong>discincta,</strong></span> <span class='ocrx_word' id='word_1_524' title='bbox 1473 3864 1619 3920; x_wconf 82' lang='lat' dir='ltr'><strong>facili</strong></span> <span class='ocrx_word' id='word_1_525' title='bbox 1676 3873 1827 3920; x_wconf 91' lang='lat' dir='ltr'><strong>Inotu</strong></span> <span class='ocrx_word' id='word_1_526' title='bbox 1861 3880 1987 3935; x_wconf 83' lang='lat' dir='ltr'><strong>pre-</strong></span> 
     </span>
    </p>
   </div>
   <div class='ocr_carea' id='block_1_72' title="bbox 424 3954 1986 4027">
    <p class='ocr_par' dir='ltr' id='par_1_72' title="bbox 424 3954 1986 4027">
     <span class='ocr_line' id='line_1_72' title="bbox 424 3954 1986 4027; baseline 0 -16"><span class='ocrx_word' id='word_1_527' title='bbox 424 3955 661 4013; x_wconf 87' lang='lat' dir='ltr'><strong>bendere</strong></span> <span class='ocrx_word' id='word_1_528' title='bbox 690 3954 996 4025; x_wconf 89' lang='lat' dir='ltr'><strong>possimus;</strong></span> <span class='ocrx_word' id='word_1_529' title='bbox 1053 3970 1245 4011; x_wconf 92' lang='lat' dir='ltr'><strong>rursus</strong></span> <span class='ocrx_word' id='word_1_530' title='bbox 1286 3972 1415 4011; x_wconf 90' lang='lat' dir='ltr'><strong>vero</strong></span> <span class='ocrx_word' id='word_1_531' title='bbox 1462 3957 1517 4012; x_wconf 85' lang='lat' dir='ltr'><strong>in</strong></span> <span class='ocrx_word' id='word_1_532' title='bbox 1546 3956 1628 4012; x_wconf 91' lang='lat' dir='ltr'><strong>sic</strong></span> <span class='ocrx_word' id='word_1_533' title='bbox 1674 3955 1986 4027; x_wconf 65' lang='lat' dir='ltr'><strong>praecinctis</strong></span> 
     </span>
    </p>
   </div>
   <div class='ocr_carea' id='block_1_73' title="bbox 426 4044 1985 4115">
    <p class='ocr_par' dir='ltr' id='par_1_73' title="bbox 426 4044 1985 4115">
     <span class='ocr_line' id='line_1_73' title="bbox 426 4044 1985 4115; baseline 0 -16"><span class='ocrx_word' id='word_1_534' title='bbox 426 4045 686 4115; x_wconf 86' lang='lat' dir='ltr'><strong>optimum</strong></span> <span class='ocrx_word' id='word_1_535' title='bbox 723 4045 971 4100; x_wconf 81' lang='lat' dir='ltr'><strong>ordinem</strong></span> <span class='ocrx_word' id='word_1_536' title='bbox 1014 4044 1082 4100; x_wconf 92' lang='lat' dir='ltr'><strong>ad</strong></span> <span class='ocrx_word' id='word_1_537' title='bbox 1131 4060 1219 4101; x_wconf 88' lang='lat' dir='ltr'><strong>res</strong></span> <span class='ocrx_word' id='word_1_538' title='bbox 1252 4046 1514 4107; x_wconf 68' lang='lat' dir='ltr'><strong>gerendas</strong></span> <span class='ocrx_word' id='word_1_539' title='bbox 1557 4055 1613 4102; x_wconf 91' lang='lat' dir='ltr'><strong>et</strong></span> <span class='ocrx_word' id='word_1_540' title='bbox 1659 4047 1727 4102; x_wconf 89' lang='lat' dir='ltr'><strong>ad</strong></span> <span class='ocrx_word' id='word_1_541' title='bbox 1769 4047 1985 4114; x_wconf 83' lang='lat' dir='ltr'><strong>negotia</strong></span> 
     </span>
    </p>
   </div>
   <div class='ocr_carea' id='block_1_74' title="bbox 424 4135 781 4206">
    <p class='ocr_par' dir='ltr' id='par_1_74' title="bbox 424 4135 781 4206">
     <span class='ocr_line' id='line_1_74' title="bbox 424 4135 781 4206; baseline -0.011 -15"><span class='ocrx_word' id='word_1_542' title='bbox 424 4135 781 4206; x_wconf 81' lang='lat' dir='ltr'><strong>reperiamus.</strong></span> 
     </span>
    </p>
   </div>
   <div class='ocr_carea' id='block_1_75' title="bbox 2086 3104 3658 3184">
    <p class='ocr_par' dir='ltr' id='par_1_75' title="bbox 2086 3104 3658 3184">
     <span class='ocr_line' id='line_1_75' title="bbox 2086 3104 3658 3184; baseline -0.009 -13"><span class='ocrx_word' id='word_1_543' title='bbox 2086 3134 2303 3172; x_wconf 83' lang='grc' dir='ltr'>πιστον</span> <span class='ocrx_word' id='word_1_544' title='bbox 2345 3116 2459 3184; x_wconf 81' lang='grc' dir='ltr'><strong>τὴν</strong></span> <span class='ocrx_word' id='word_1_545' title='bbox 2495 3113 2827 3182; x_wconf 74' lang='grc' dir='ltr'><strong>ἐπιϐουλὴν</strong></span> <span class='ocrx_word' id='word_1_546' title='bbox 2876 3113 3008 3181; x_wconf 76' lang='grc' dir='ltr'><strong>ἔχῃ.</strong></span> <span class='ocrx_word' id='word_1_547' title='bbox 3054 3110 3272 3164; x_wconf 83' lang='grc' dir='ltr'>Φθάνων</span> <span class='ocrx_word' id='word_1_548' title='bbox 3318 3109 3376 3162; x_wconf 83' lang='grc' dir='ltr'><strong>δὲ</strong></span> <span class='ocrx_word' id='word_1_549' title='bbox 3424 3108 3518 3160; x_wconf 76' lang='grc' dir='ltr'><strong>ἐπὶ</strong></span> <span class='ocrx_word' id='word_1_550' title='bbox 3563 3104 3658 3167; x_wconf 83' lang='grc' dir='ltr'><strong>τὰς</strong></span> 
     </span>
    </p>
   </div>
   <div class='ocr_carea' id='block_1_76' title="bbox 2087 3198 3658 3276">
    <p class='ocr_par' dir='ltr' id='par_1_76' title="bbox 2087 3198 3658 3276">
     <span class='ocr_line' id='line_1_76' title="bbox 2087 3198 3658 3276; baseline -0.008 -13"><span class='ocrx_word' id='word_1_551' title='bbox 2087 3208 2258 3272; x_wconf 70' lang='grc' dir='ltr'>ἀκοάς</span> <span class='ocrx_word' id='word_1_552' title='bbox 2285 3208 2379 3262; x_wconf 64' lang='grc' dir='ltr'><strong>καὶ⁵</strong></span> <span class='ocrx_word' id='word_1_553' title='bbox 2408 3209 2487 3272; x_wconf 87' lang='grc' dir='ltr'><strong>είς</strong></span> <span class='ocrx_word' id='word_1_554' title='bbox 2521 3207 2619 3271; x_wconf 88' lang='grc' dir='ltr'>τὰς</span> <span class='ocrx_word' id='word_1_555' title='bbox 2650 3205 2893 3275; x_wconf 82' lang='grc' dir='ltr'>γλώττας</span> <span class='ocrx_word' id='word_1_556' title='bbox 2912 3245 2927 3270; x_wconf 95' lang='grc'><em>,</em></span> <span class='ocrx_word' id='word_1_557' title='bbox 2967 3202 3236 3276; x_wconf 83' lang='grc' dir='ltr'>φρουροὺς</span> <span class='ocrx_word' id='word_1_558' title='bbox 3280 3200 3376 3255; x_wconf 71' lang='grc' dir='ltr'><strong>καὶ¹</strong></span> <span class='ocrx_word' id='word_1_559' title='bbox 3414 3198 3658 3268; x_wconf 84' lang='grc' dir='ltr'>φύλακας</span> 
     </span>
    </p>
   </div>
   <div class='ocr_carea' id='block_1_77' title="bbox 2087 3289 3657 3371">
    <p class='ocr_par' dir='ltr' id='par_1_77' title="bbox 2087 3289 3657 3371">
     <span class='ocr_line' id='line_1_77' title="bbox 2087 3289 3657 3371; baseline -0.01 -15"><span class='ocrx_word' id='word_1_560' title='bbox 2087 3304 2178 3357; x_wconf 79' lang='grc' dir='ltr'><strong>καὶ</strong></span> <span class='ocrx_word' id='word_1_561' title='bbox 2220 3304 2332 3363; x_wconf 89' lang='grc' dir='ltr'>τοῖς</span> <span class='ocrx_word' id='word_1_562' title='bbox 2382 3300 2596 3371; x_wconf 87' lang='grc' dir='ltr'>μέλεσιν</span> <span class='ocrx_word' id='word_1_563' title='bbox 2650 3297 2919 3369; x_wconf 76' lang='grc' dir='ltr'>ἐπέθηκε,</span> <span class='ocrx_word' id='word_1_564' title='bbox 2952 3295 3116 3349; x_wconf 85' lang='grc' dir='ltr'>τόπον</span> <span class='ocrx_word' id='word_1_565' title='bbox 3166 3292 3294 3346; x_wconf 81' lang='grc' dir='ltr'>ἴδιον</span> <span class='ocrx_word' id='word_1_566' title='bbox 3342 3292 3417 3362; x_wconf 85' lang='grc' dir='ltr'>μὴ</span> <span class='ocrx_word' id='word_1_567' title='bbox 3462 3289 3657 3353; x_wconf 82' lang='grc' dir='ltr'>διδοὺς,</span> 
     </span>
    </p>
   </div>
   <div class='ocr_carea' id='block_1_78' title="bbox 2085 3383 3651 3459">
    <p class='ocr_par' dir='ltr' id='par_1_78' title="bbox 2085 3383 3651 3459">
     <span class='ocr_line' id='line_1_78' title="bbox 2085 3383 3651 3459; baseline -0.01 -10"><span class='ocrx_word' id='word_1_568' title='bbox 2085 3394 2199 3449; x_wconf 84' lang='grc' dir='ltr'>ἀλλ’</span> <span class='ocrx_word' id='word_1_569' title='bbox 2222 3393 2351 3446; x_wconf 85' lang='grc' dir='ltr'>ἐϐόα</span> <span class='ocrx_word' id='word_1_570' title='bbox 2371 3409 2383 3422; x_wconf 89' lang='grc'><strong>·</strong></span> <span class='ocrx_word' id='word_1_571' title='bbox 2423 3391 2561 3455; x_wconf 87' lang='grc' dir='ltr'><em>Θοῦ,</em></span> <span class='ocrx_word' id='word_1_572' title='bbox 2590 3391 2788 3459; x_wconf 83' lang='grc' dir='ltr'>Κύριε,</span> <span class='ocrx_word' id='word_1_573' title='bbox 2821 3386 3104 3459; x_wconf 70' lang='grc' dir='ltr'>φυλακὴν</span> <span class='ocrx_word' id='word_1_574' title='bbox 3132 3384 3215 3450; x_wconf 83' lang='grc' dir='ltr'>τῷ</span> <span class='ocrx_word' id='word_1_575' title='bbox 3240 3383 3490 3453; x_wconf 87' lang='grc' dir='ltr'>στόματί</span> <span class='ocrx_word' id='word_1_576' title='bbox 3507 3397 3651 3451; x_wconf 87' lang='grc' dir='ltr'>μου·</span> 
     </span>
    </p>
   </div>
   <div class='ocr_carea' id='block_1_79' title="bbox 2087 3471 3660 3556">
    <p class='ocr_par' dir='ltr' id='par_1_79' title="bbox 2087 3471 3660 3556">
     <span class='ocr_line' id='line_1_79' title="bbox 2087 3471 3660 3556; baseline -0.01 -17"><span class='ocrx_word' id='word_1_577' title='bbox 2087 3488 2173 3540; x_wconf 80' lang='grc' dir='ltr'><strong>ἵνα</strong></span> <span class='ocrx_word' id='word_1_578' title='bbox 2205 3484 2335 3556; x_wconf 81' lang='grc' dir='ltr'>μηδὲ</span> <span class='ocrx_word' id='word_1_579' title='bbox 2372 3482 2569 3546; x_wconf 82' lang='grc' dir='ltr'>ἄτοπος</span> <span class='ocrx_word' id='word_1_580' title='bbox 2605 3481 2762 3549; x_wconf 81' lang='grc' dir='ltr'>λόγος</span> <span class='ocrx_word' id='word_1_581' title='bbox 2801 3480 2923 3549; x_wconf 91' lang='grc' dir='ltr'>δίχα</span> <span class='ocrx_word' id='word_1_582' title='bbox 2962 3477 3057 3531; x_wconf 81' lang='grc' dir='ltr'>τοῦ</span> <span class='ocrx_word' id='word_1_583' title='bbox 3090 3475 3365 3547; x_wconf 82' lang='grc' dir='ltr'>ὠφελίμου</span> <span class='ocrx_word' id='word_1_584' title='bbox 3407 3471 3660 3545; x_wconf 82' lang='grc' dir='ltr'>προεξελ-</span> 
     </span>
    </p>
   </div>
   <div class='ocr_carea' id='block_1_80' title="bbox 2086 3565 3659 3647">
    <p class='ocr_par' dir='ltr' id='par_1_80' title="bbox 2086 3565 3659 3647">
     <span class='ocr_line' id='line_1_80' title="bbox 2086 3565 3659 3647; baseline -0.011 -15"><span class='ocrx_word' id='word_1_585' title='bbox 2086 3577 2193 3632; x_wconf 86' lang='grc' dir='ltr'>θὼν</span> <span class='ocrx_word' id='word_1_586' title='bbox 2225 3577 2415 3647; x_wconf 77' lang='grc' dir='ltr'>ἡδονῆς</span> <span class='ocrx_word' id='word_1_587' title='bbox 2449 3574 2637 3645; x_wconf 84' lang='grc' dir='ltr'>δέλεαρ</span> <span class='ocrx_word' id='word_1_588' title='bbox 2669 3573 2748 3643; x_wconf 83' lang='grc' dir='ltr'>τῷ</span> <span class='ocrx_word' id='word_1_589' title='bbox 2777 3572 2847 3625; x_wconf 84' lang='grc' dir='ltr'>τὰ</span> <span class='ocrx_word' id='word_1_590' title='bbox 2892 3569 3094 3641; x_wconf 85' lang='grc' dir='ltr'>αἰσχρά</span> <span class='ocrx_word' id='word_1_591' title='bbox 3136 3565 3491 3638; x_wconf 80' lang='grc' dir='ltr'>φθεγγομένῳ</span> <span class='ocrx_word' id='word_1_592' title='bbox 3528 3580 3659 3634; x_wconf 85' lang='grc' dir='ltr'>προ-</span> 
     </span>
    </p>
   </div>
   <div class='ocr_carea' id='block_1_81' title="bbox 2086 3652 3659 3741">
    <p class='ocr_par' dir='ltr' id='par_1_81' title="bbox 2086 3652 3659 3741">
     <span class='ocr_line' id='line_1_81' title="bbox 2086 3652 3659 3741; baseline -0.01 -19"><span class='ocrx_word' id='word_1_593' title='bbox 2086 3670 2305 3741; x_wconf 81' lang='grc' dir='ltr'>ξενήσῃ.</span> <span class='ocrx_word' id='word_1_594' title='bbox 2343 3664 2760 3737; x_wconf 86' lang='grc' dir='ltr'>Ἐπιμελόμενος</span> <span class='ocrx_word' id='word_1_595' title='bbox 2814 3662 2871 3715; x_wconf 82' lang='grc' dir='ltr'>δὲ</span> <span class='ocrx_word' id='word_1_596' title='bbox 2909 3660 3004 3715; x_wconf 75' lang='grc' dir='ltr'>καὶ</span> <span class='ocrx_word' id='word_1_597' title='bbox 3043 3660 3144 3729; x_wconf 88' lang='grc' dir='ltr'><strong>τῆς</strong></span> <span class='ocrx_word' id='word_1_598' title='bbox 3178 3656 3412 3727; x_wconf 84' lang='grc' dir='ltr'>ὀσφύος,</span> <span class='ocrx_word' id='word_1_599' title='bbox 3451 3654 3546 3707; x_wconf 81' lang='grc' dir='ltr'>τοῦ</span> <span class='ocrx_word' id='word_1_600' title='bbox 3585 3652 3659 3725; x_wconf 80' lang='grc' dir='ltr'>μὴ</span> 
     </span>
    </p>
   </div>
   <div class='ocr_carea' id='block_1_82' title="bbox 2084 3741 3655 3824">
    <p class='ocr_par' dir='ltr' id='par_1_82' title="bbox 2084 3741 3655 3824">
     <span class='ocr_line' id='line_1_82' title="bbox 2084 3741 3655 3824; baseline -0.011 -9"><span class='ocrx_word' id='word_1_601' title='bbox 2084 3754 2186 3815; x_wconf 83' lang='grc' dir='ltr'>ὧδε</span> <span class='ocrx_word' id='word_1_602' title='bbox 2234 3760 2393 3813; x_wconf 89' lang='grc' dir='ltr'>κάκεῖ</span> <span class='ocrx_word' id='word_1_603' title='bbox 2446 3755 2749 3809; x_wconf 75' lang='grc' dir='ltr'>σεισθεῖσαν</span> <span class='ocrx_word' id='word_1_604' title='bbox 2790 3752 2888 3824; x_wconf 84' lang='grc' dir='ltr'>τὴν</span> <span class='ocrx_word' id='word_1_605' title='bbox 2935 3752 3171 3806; x_wconf 86' lang='grc' dir='ltr'>διάνοιαν</span> <span class='ocrx_word' id='word_1_606' title='bbox 3224 3747 3451 3818; x_wconf 87' lang='grc' dir='ltr'>δεσμίαν</span> <span class='ocrx_word' id='word_1_607' title='bbox 3497 3741 3655 3809; x_wconf 80' lang='grc' dir='ltr'>εἶναι,</span> 
     </span>
    </p>
   </div>
   <div class='ocr_carea' id='block_1_83' title="bbox 2087 3830 3657 3923">
    <p class='ocr_par' dir='ltr' id='par_1_83' title="bbox 2087 3830 3657 3923">
     <span class='ocr_line' id='line_1_83' title="bbox 2087 3830 3657 3923; baseline -0.013 -19"><span class='ocrx_word' id='word_1_608' title='bbox 2087 3850 2452 3923; x_wconf 85' lang='grc' dir='ltr'>προενοήσατο</span> <span class='ocrx_word' id='word_1_609' title='bbox 2484 3843 2911 3917; x_wconf 74' lang='grc' dir='ltr'>παραγγέλλωνσ</span> <span class='ocrx_word' id='word_1_610' title='bbox 2952 3841 3113 3894; x_wconf 83' lang='grc' dir='ltr'>Οὕτω</span> <span class='ocrx_word' id='word_1_611' title='bbox 3150 3835 3414 3906; x_wconf 68' lang='grc' dir='ltr'>φάγεσθε</span> <span class='ocrx_word' id='word_1_612' title='bbox 3451 3832 3517 3886; x_wconf 83' lang='grc' dir='ltr'>τὸ</span> <span class='ocrx_word' id='word_1_613' title='bbox 3544 3830 3657 3923; x_wconf 49' lang='grc' dir='ltr'><strong>πάξ</strong></span> 
     </span>
    </p>
   </div>
   <div class='ocr_carea' id='block_1_84' title="bbox 2085 3922 3657 4012">
    <p class='ocr_par' dir='ltr' id='par_1_84' title="bbox 2085 3922 3657 4012">
     <span class='ocr_line' id='line_1_84' title="bbox 2085 3922 3657 4012; baseline -0.015 -15"><span class='ocrx_word' id='word_1_614' title='bbox 2085 3922 2242 4012; x_wconf 62' lang='grc' dir='ltr'>σχα,</span> <span class='ocrx_word' id='word_1_615' title='bbox 2278 3943 2336 3994; x_wconf 82' lang='lat' dir='ltr'><strong>al</strong></span> <span class='ocrx_word' id='word_1_616' title='bbox 2371 3938 2596 4007; x_wconf 70' lang='grc' dir='ltr'>ὀσφύες</span> <span class='ocrx_word' id='word_1_617' title='bbox 2632 3934 2800 4004; x_wconf 81' lang='grc' dir='ltr'>ὑμῶν</span> <span class='ocrx_word' id='word_1_618' title='bbox 2846 3928 3297 4001; x_wconf 77' lang='grc' dir='ltr'>περιεζωσμέναι</span> <span class='ocrx_word' id='word_1_619' title='bbox 3323 3942 3336 3956; x_wconf 92' lang='grc'><strong>·</strong></span> <span class='ocrx_word' id='word_1_620' title='bbox 3390 3925 3477 3977; x_wconf 84' lang='grc' dir='ltr'><strong>ἴνα</strong></span> <span class='ocrx_word' id='word_1_621' title='bbox 3526 3922 3657 3994; x_wconf 79' lang='grc' dir='ltr'>μηδὲ</span> 
     </span>
    </p>
   </div>
   <div class='ocr_carea' id='block_1_85' title="bbox 2085 4020 3655 4104">
    <p class='ocr_par' dir='ltr' id='par_1_85' title="bbox 2085 4020 3655 4104">
     <span class='ocr_line' id='line_1_85' title="bbox 2085 4020 3655 4104; baseline -0.014 -16"><span class='ocrx_word' id='word_1_622' title='bbox 2085 4034 2154 4088; x_wconf 75' lang='grc' dir='ltr'>τὰ</span> <span class='ocrx_word' id='word_1_623' title='bbox 2187 4032 2320 4104; x_wconf 84' lang='grc' dir='ltr'>μέλη</span> <span class='ocrx_word' id='word_1_624' title='bbox 2363 4030 2579 4095; x_wconf 77' lang='grc' dir='ltr'>ἀζωστα</span> <span class='ocrx_word' id='word_1_625' title='bbox 2620 4028 2830 4099; x_wconf 75' lang='grc' dir='ltr'>ἔχοντες</span> <span class='ocrx_word' id='word_1_626' title='bbox 2866 4027 2933 4096; x_wconf 82' lang='grc' dir='ltr'>τῇ</span> <span class='ocrx_word' id='word_1_627' title='bbox 2979 4022 3137 4094; x_wconf 75' lang='grc' dir='ltr'>ῥᾳδία</span> <span class='ocrx_word' id='word_1_628' title='bbox 3181 4020 3393 4090; x_wconf 86' lang='grc' dir='ltr'>κινήσει</span> <span class='ocrx_word' id='word_1_629' title='bbox 3435 4032 3655 4071; x_wconf 82' lang='grc' dir='ltr'>κατεπι·</span> 
     </span>
    </p>
   </div>
   <div class='ocr_carea' id='block_1_86' title="bbox 2088 4106 3658 4197">
    <p class='ocr_par' dir='ltr' id='par_1_86' title="bbox 2088 4106 3658 4197">
     <span class='ocr_line' id='line_1_86' title="bbox 2088 4106 3658 4197; baseline -0.014 -18"><span class='ocrx_word' id='word_1_630' title='bbox 2088 4126 2456 4197; x_wconf 83' lang='grc' dir='ltr'>χειρήσωμεν,</span> <span class='ocrx_word' id='word_1_631' title='bbox 2481 4121 2594 4175; x_wconf 79' lang='grc' dir='ltr'>ἀλλ’</span> <span class='ocrx_word' id='word_1_632' title='bbox 2624 4118 2766 4172; x_wconf 73' lang='grc' dir='ltr'>οὕτω</span> <span class='ocrx_word' id='word_1_633' title='bbox 2806 4114 3154 4186; x_wconf 80' lang='grc' dir='ltr'>διεζωσμένοι</span> <span class='ocrx_word' id='word_1_634' title='bbox 3195 4110 3348 4175; x_wconf 82' lang='grc' dir='ltr'>τάξιν</span> <span class='ocrx_word' id='word_1_635' title='bbox 3387 4109 3485 4179; x_wconf 81' lang='grc' dir='ltr'>τὴν</span> <span class='ocrx_word' id='word_1_636' title='bbox 3524 4106 3658 4179; x_wconf 82' lang='grc' dir='ltr'>πρὸς</span> 
     </span>
    </p>
   </div>
   <div class='ocr_carea' id='block_1_87' title="bbox 2088 4208 3070 4287">
    <p class='ocr_par' dir='ltr' id='par_1_87' title="bbox 2088 4208 3070 4287">
     <span class='ocr_line' id='line_1_87' title="bbox 2088 4208 3070 4287; baseline -0.01 -17"><span class='ocrx_word' id='word_1_637' title='bbox 2088 4218 2161 4272; x_wconf 80' lang='grc' dir='ltr'><strong>τὰ</strong></span> <span class='ocrx_word' id='word_1_638' title='bbox 2177 4216 2477 4287; x_wconf 82' lang='grc' dir='ltr'>πράγματα</span> <span class='ocrx_word' id='word_1_639' title='bbox 2509 4212 2738 4283; x_wconf 86' lang='grc' dir='ltr'>ἀρίστην</span> <span class='ocrx_word' id='word_1_640' title='bbox 2763 4208 3070 4282; x_wconf 85' lang='grc' dir='ltr'>εὑρώμεθα.</span> 
     </span>
    </p>
   </div>
   <div class='ocr_carea' id='block_1_88' title="bbox 496 4338 1987 4424">
    <p class='ocr_par' dir='ltr' id='par_1_88' title="bbox 496 4340 1982 4413">
     <span class='ocr_line' id='line_1_88' title="bbox 496 4340 1982 4413; baseline 0.002 -18"><span class='ocrx_word' id='word_1_641' title='bbox 496 4340 577 4397; x_wconf 84' lang='lat' dir='ltr'><strong>Ad</strong></span> <span class='ocrx_word' id='word_1_642' title='bbox 608 4340 756 4396; x_wconf 89' lang='lat' dir='ltr'><strong>hunc</strong></span> <span class='ocrx_word' id='word_1_643' title='bbox 786 4341 1004 4397; x_wconf 90' lang='lat' dir='ltr'><strong>modum</strong></span> <span class='ocrx_word' id='word_1_644' title='bbox 1033 4342 1279 4412; x_wconf 91' lang='lat' dir='ltr'><strong>partibus</strong></span> <span class='ocrx_word' id='word_1_645' title='bbox 1310 4343 1607 4413; x_wconf 84' lang='lat' dir='ltr'><strong>voluptatis</strong></span> <span class='ocrx_word' id='word_1_646' title='bbox 1634 4344 1884 4408; x_wconf 88' lang='lat' dir='ltr'><strong>sublatis,</strong></span> <span class='ocrx_word' id='word_1_647' title='bbox 1929 4343 1982 4398; x_wconf 92' lang='lat' dir='ltr'><strong>in</strong></span> 
     </span>
    </p>
   </div>
   <div class='ocr_carea' id='block_1_89' title="bbox 2090 4338 3657 4424">
    <p class='ocr_par' dir='ltr' id='par_1_89' title="bbox 2157 4338 3657 4415">
     <span class='ocr_line' id='line_1_89' title="bbox 2157 4338 3657 4415; baseline -0.009 -11"><span class='ocrx_word' id='word_1_648' title='bbox 2157 4351 2267 4405; x_wconf 77' lang='grc' dir='ltr'><strong>Καὶ</strong></span> <span class='ocrx_word' id='word_1_649' title='bbox 2292 4349 2433 4403; x_wconf 75' lang='grc' dir='ltr'>οὕτω</span> <span class='ocrx_word' id='word_1_650' title='bbox 2457 4347 2563 4401; x_wconf 88' lang='grc' dir='ltr'><strong>τῶν</strong></span> <span class='ocrx_word' id='word_1_651' title='bbox 2604 4346 2758 4398; x_wconf 84' lang='grc' dir='ltr'>είδῶν</span> <span class='ocrx_word' id='word_1_652' title='bbox 2797 4344 2897 4413; x_wconf 90' lang='grc' dir='ltr'><strong>τῆς</strong></span> <span class='ocrx_word' id='word_1_653' title='bbox 2938 4343 3129 4415; x_wconf 81' lang='grc' dir='ltr'>ἡδονῆς</span> <span class='ocrx_word' id='word_1_654' title='bbox 3172 4338 3657 4413; x_wconf 81' lang='grc' dir='ltr'>προανῃρημένων,</span> 
     </span>
    </p>
   </div>
   <div class='ocr_carea' id='block_1_90' title="bbox 429 4435 1986 4507">
    <p class='ocr_par' dir='ltr' id='par_1_90' title="bbox 429 4435 1986 4507">
     <span class='ocr_line' id='line_1_90' title="bbox 429 4435 1986 4507; baseline 0.003 -18"><span class='ocrx_word' id='word_1_655' title='bbox 429 4435 636 4505; x_wconf 86' lang='lat' dir='ltr'><strong>species</strong></span> <span class='ocrx_word' id='word_1_656' title='bbox 663 4435 915 4490; x_wconf 86' lang='lat' dir='ltr'><strong>vitiorum</strong></span> <span class='ocrx_word' id='word_1_657' title='bbox 947 4436 1117 4506; x_wconf 88' lang='lat' dir='ltr'><strong>partis</strong></span> <span class='ocrx_word' id='word_1_658' title='bbox 1146 4436 1354 4491; x_wconf 89' lang='lat' dir='ltr'><strong>ratione</strong></span> <span class='ocrx_word' id='word_1_659' title='bbox 1391 4436 1649 4507; x_wconf 65' lang='lat' dir='ltr'><strong>pl&#39;wdilaz,</strong></span> <span class='ocrx_word' id='word_1_660' title='bbox 1680 4444 1734 4491; x_wconf 91' lang='lat' dir='ltr'><strong>ct</strong></span> <span class='ocrx_word' id='word_1_661' title='bbox 1774 4438 1826 4492; x_wconf 90' lang='lat' dir='ltr'><strong>in</strong></span> <span class='ocrx_word' id='word_1_662' title='bbox 1862 4452 1986 4507; x_wconf 89' lang='lat' dir='ltr'><strong>spc-</strong></span> 
     </span>
    </p>
   </div>
   <div class='ocr_carea' id='block_1_91' title="bbox 427 4524 1986 4598">
    <p class='ocr_par' dir='ltr' id='par_1_91' title="bbox 427 4524 1986 4598">
     <span class='ocr_line' id='line_1_91' title="bbox 427 4524 1986 4598; baseline 0.002 -19"><span class='ocrx_word' id='word_1_663' title='bbox 427 4526 538 4580; x_wconf 86' lang='lat' dir='ltr'><strong>cies</strong></span> <span class='ocrx_word' id='word_1_664' title='bbox 577 4524 854 4594; x_wconf 63' lang='lat' dir='ltr'><strong>iniustitiae</strong></span> <span class='ocrx_word' id='word_1_665' title='bbox 900 4525 1117 4581; x_wconf 88' lang='lat' dir='ltr'><strong>invasit.</strong></span> <span class='ocrx_word' id='word_1_666' title='bbox 1160 4524 1218 4581; x_wconf 92' lang='lat' dir='ltr'><strong>Si</strong></span> <span class='ocrx_word' id='word_1_667' title='bbox 1266 4525 1411 4581; x_wconf 85' lang='lat' dir='ltr'><strong>enim</strong></span> <span class='ocrx_word' id='word_1_668' title='bbox 1464 4528 1651 4583; x_wconf 90' lang='lat' dir='ltr'><strong>tollere</strong></span> <span class='ocrx_word' id='word_1_669' title='bbox 1694 4543 1814 4598; x_wconf 72' lang='lat' dir='ltr'><strong>quae</strong></span> <span class='ocrx_word' id='word_1_670' title='bbox 1857 4536 1986 4583; x_wconf 90' lang='lat' dir='ltr'><strong>sunt</strong></span> 
     </span>
    </p>
   </div>
   <div class='ocr_carea' id='block_1_92' title="bbox 427 4615 1984 4687">
    <p class='ocr_par' dir='ltr' id='par_1_92' title="bbox 427 4615 1984 4687">
     <span class='ocr_line' id='line_1_92' title="bbox 427 4615 1984 4687; baseline 0.004 -19"><span class='ocrx_word' id='word_1_671' title='bbox 427 4615 673 4679; x_wconf 90' lang='lat' dir='ltr'><strong>alterius,</strong></span> <span class='ocrx_word' id='word_1_672' title='bbox 708 4625 760 4670; x_wconf 90' lang='lat' dir='ltr'><strong>et</strong></span> <span class='ocrx_word' id='word_1_673' title='bbox 785 4633 879 4687; x_wconf 92' lang='lat' dir='ltr'><strong>per</strong></span> <span class='ocrx_word' id='word_1_674' title='bbox 905 4618 1012 4672; x_wconf 88' lang='lat' dir='ltr'><strong>vim</strong></span> <span class='ocrx_word' id='word_1_675' title='bbox 1044 4618 1233 4672; x_wconf 87' lang='lat' dir='ltr'><strong>tollere</strong></span> <span class='ocrx_word' id='word_1_676' title='bbox 1278 4624 1332 4672; x_wconf 92' lang='lat' dir='ltr'><strong>et</strong></span> <span class='ocrx_word' id='word_1_677' title='bbox 1377 4618 1548 4673; x_wconf 90' lang='lat' dir='ltr'><strong>invito</strong></span> <span class='ocrx_word' id='word_1_678' title='bbox 1584 4619 1806 4675; x_wconf 90' lang='lat' dir='ltr'><strong>domino</strong></span> <span class='ocrx_word' id='word_1_679' title='bbox 1830 4662 1845 4685; x_wconf 94' lang='lat'><strong>,</strong></span> <span class='ocrx_word' id='word_1_680' title='bbox 1897 4620 1984 4674; x_wconf 54' lang='lat' dir='ltr'><strong>in.</strong></span> 
     </span>
    </p>
   </div>
   <div class='ocr_carea' id='block_1_93' title="bbox 422 4706 1985 4778">
    <p class='ocr_par' dir='ltr' id='par_1_93' title="bbox 422 4706 1985 4778">
     <span class='ocr_line' id='line_1_93' title="bbox 422 4706 1985 4778; baseline 0.002 -17"><span class='ocrx_word' id='word_1_681' title='bbox 422 4706 632 4775; x_wconf 87' lang='lat' dir='ltr'><strong>justitia</strong></span> <span class='ocrx_word' id='word_1_682' title='bbox 663 4713 781 4774; x_wconf 86' lang='lat' dir='ltr'><strong>est;</strong></span> <span class='ocrx_word' id='word_1_683' title='bbox 806 4715 861 4763; x_wconf 91' lang='lat' dir='ltr'><strong>et</strong></span> <span class='ocrx_word' id='word_1_684' title='bbox 888 4708 1163 4764; x_wconf 89' lang='lat' dir='ltr'><strong>tollentem</strong></span> <span class='ocrx_word' id='word_1_685' title='bbox 1198 4722 1317 4778; x_wconf 69' lang='lat' dir='ltr'><strong>quae</strong></span> <span class='ocrx_word' id='word_1_686' title='bbox 1345 4708 1518 4764; x_wconf 87' lang='lat' dir='ltr'><strong>aliena</strong></span> <span class='ocrx_word' id='word_1_687' title='bbox 1550 4716 1716 4774; x_wconf 90' lang='lat' dir='ltr'><strong>sunt,</strong></span> <span class='ocrx_word' id='word_1_688' title='bbox 1764 4709 1895 4764; x_wconf 91' lang='lat' dir='ltr'><strong>dare</strong></span> <span class='ocrx_word' id='word_1_689' title='bbox 1923 4725 1985 4764; x_wconf 90' lang='lat' dir='ltr'><strong>ea</strong></span> 
     </span>
    </p>
   </div>
   <div class='ocr_carea' id='block_1_94' title="bbox 426 4798 1985 4873">
    <p class='ocr_par' dir='ltr' id='par_1_94' title="bbox 426 4798 1985 4873">
     <span class='ocr_line' id='line_1_94' title="bbox 426 4798 1985 4873; baseline 0.002 -21"><span class='ocrx_word' id='word_1_690' title='bbox 426 4798 820 4863; x_wconf 83' lang='lat' dir='ltr'><strong>meretricibus,</strong></span> <span class='ocrx_word' id='word_1_691' title='bbox 858 4800 943 4856; x_wconf 88' lang='lat' dir='ltr'><strong>vel</strong></span> <span class='ocrx_word' id='word_1_692' title='bbox 980 4801 1257 4858; x_wconf 80' lang='lat' dir='ltr'><strong>luxuriose</strong></span> <span class='ocrx_word' id='word_1_693' title='bbox 1285 4816 1629 4866; x_wconf 86' lang='lat' dir='ltr'><strong>consumere,</strong></span> <span class='ocrx_word' id='word_1_694' title='bbox 1665 4801 1876 4873; x_wconf 89' lang='lat' dir='ltr'><strong>species</strong></span> <span class='ocrx_word' id='word_1_695' title='bbox 1900 4801 1985 4855; x_wconf 83' lang='lat' dir='ltr'><strong>in-</strong></span> 
     </span>
    </p>
   </div>
   <div class='ocr_carea' id='block_1_95' title="bbox 424 4891 1990 4964">
    <p class='ocr_par' dir='ltr' id='par_1_95' title="bbox 424 4891 1990 4964">
     <span class='ocr_line' id='line_1_95' title="bbox 424 4891 1990 4964; baseline -0.001 -17"><span class='ocrx_word' id='word_1_696' title='bbox 424 4891 651 4961; x_wconf 64' lang='lat' dir='ltr'><strong>iustitia:</strong></span> <span class='ocrx_word' id='word_1_697' title='bbox 689 4901 809 4947; x_wconf 90' lang='lat' dir='ltr'><strong>est:</strong></span> <span class='ocrx_word' id='word_1_698' title='bbox 845 4892 1084 4964; x_wconf 75' lang='lat' dir='ltr'><strong>iniustus</strong></span> <span class='ocrx_word' id='word_1_699' title='bbox 1115 4900 1200 4949; x_wconf 89' lang='lat' dir='ltr'><strong>est</strong></span> <span class='ocrx_word' id='word_1_700' title='bbox 1223 4934 1237 4959; x_wconf 93' lang='lat'><strong>,</strong></span> <span class='ocrx_word' id='word_1_701' title='bbox 1285 4894 1381 4964; x_wconf 87' lang='lat' dir='ltr'><strong>qui</strong></span> <span class='ocrx_word' id='word_1_702' title='bbox 1415 4894 1672 4948; x_wconf 87' lang='lat' dir='ltr'><strong>honorem</strong></span> <span class='ocrx_word' id='word_1_703' title='bbox 1731 4891 1841 4947; x_wconf 88' lang='lat' dir='ltr'><strong>Deo</strong></span> <span class='ocrx_word' id='word_1_704' title='bbox 1882 4892 1990 4948; x_wconf 85' lang='lat' dir='ltr'><strong>eri-</strong></span> 
     </span>
    </p>
   </div>
   <div class='ocr_carea' id='block_1_96' title="bbox 431 4984 1988 5055">
    <p class='ocr_par' dir='ltr' id='par_1_96' title="bbox 431 4984 1988 5055">
     <span class='ocr_line' id='line_1_96' title="bbox 431 4984 1988 5055; baseline -0.001 -17"><span class='ocrx_word' id='word_1_705' title='bbox 431 4985 606 5053; x_wconf 89' lang='lat' dir='ltr'><strong>piens,</strong></span> <span class='ocrx_word' id='word_1_706' title='bbox 635 4984 796 5055; x_wconf 89' lang='lat' dir='ltr'><strong>lignis</strong></span> <span class='ocrx_word' id='word_1_707' title='bbox 836 4993 890 5039; x_wconf 90' lang='lat' dir='ltr'><strong>et</strong></span> <span class='ocrx_word' id='word_1_708' title='bbox 920 4984 1257 5042; x_wconf 58' lang='lat' dir='ltr'><strong>daemonibus</strong></span> <span class='ocrx_word' id='word_1_709' title='bbox 1286 5001 1406 5042; x_wconf 90' lang='lat' dir='ltr'><strong>eum</strong></span> <span class='ocrx_word' id='word_1_710' title='bbox 1444 4986 1698 5050; x_wconf 86' lang='lat' dir='ltr'><strong>adhibet,</strong></span> <span class='ocrx_word' id='word_1_711' title='bbox 1730 4992 1784 5039; x_wconf 93' lang='lat' dir='ltr'><strong>et</strong></span> <span class='ocrx_word' id='word_1_712' title='bbox 1816 4984 1988 5039; x_wconf 81' lang='lat' dir='ltr'><strong>hono-</strong></span> 
     </span>
    </p>
   </div>
   <div class='ocr_carea' id='block_1_97' title="bbox 431 5074 1988 5141">
    <p class='ocr_par' dir='ltr' id='par_1_97' title="bbox 431 5074 1988 5141">
     <span class='ocr_line' id='line_1_97' title="bbox 431 5074 1988 5141; baseline 0.001 -12"><span class='ocrx_word' id='word_1_713' title='bbox 431 5091 543 5131; x_wconf 89' lang='lat' dir='ltr'><strong>rem</strong></span> <span class='ocrx_word' id='word_1_714' title='bbox 575 5074 670 5131; x_wconf 88' lang='lat' dir='ltr'><strong>Dei</strong></span> <span class='ocrx_word' id='word_1_715' title='bbox 700 5076 993 5141; x_wconf 92' lang='lat' dir='ltr'><strong>consumit,</strong></span> <span class='ocrx_word' id='word_1_716' title='bbox 1024 5084 1078 5131; x_wconf 92' lang='lat' dir='ltr'><strong>et</strong></span> <span class='ocrx_word' id='word_1_717' title='bbox 1105 5076 1161 5131; x_wconf 91' lang='lat' dir='ltr'><strong>in</strong></span> <span class='ocrx_word' id='word_1_718' title='bbox 1194 5084 1376 5133; x_wconf 87' lang='lat' dir='ltr'><strong>mente</strong></span> <span class='ocrx_word' id='word_1_719' title='bbox 1403 5078 1714 5131; x_wconf 82' lang='lat' dir='ltr'><strong>luxuriosus</strong></span> <span class='ocrx_word' id='word_1_720' title='bbox 1741 5084 1844 5132; x_wconf 90' lang='lat' dir='ltr'><strong>est.</strong></span> <span class='ocrx_word' id='word_1_721' title='bbox 1878 5076 1988 5131; x_wconf 86' lang='lat' dir='ltr'><strong>Nec</strong></span> 
     </span>
    </p>
   </div>
   <div class='ocr_carea' id='block_1_98' title="bbox 429 5168 1988 5239">
    <p class='ocr_par' dir='ltr' id='par_1_98' title="bbox 429 5168 1988 5239">
     <span class='ocr_line' id='line_1_98' title="bbox 429 5168 1988 5239; baseline -0.002 -16"><span class='ocrx_word' id='word_1_722' title='bbox 429 5168 575 5223; x_wconf 87' lang='lat' dir='ltr'><strong>enim</strong></span> <span class='ocrx_word' id='word_1_723' title='bbox 607 5168 680 5222; x_wconf 90' lang='lat' dir='ltr'><strong>ita</strong></span> <span class='ocrx_word' id='word_1_724' title='bbox 706 5168 983 5223; x_wconf 77' lang='lat' dir='ltr'><strong>luxuriose</strong></span> <span class='ocrx_word' id='word_1_725' title='bbox 1012 5168 1164 5233; x_wconf 84' lang='lat' dir='ltr'><strong>vivit,</strong></span> <span class='ocrx_word' id='word_1_726' title='bbox 1208 5168 1297 5238; x_wconf 91' lang='lat' dir='ltr'><strong>qui</strong></span> <span class='ocrx_word' id='word_1_727' title='bbox 1330 5184 1461 5239; x_wconf 89' lang='lat' dir='ltr'><strong>opes</strong></span> <span class='ocrx_word' id='word_1_728' title='bbox 1495 5169 1791 5231; x_wconf 92' lang='lat' dir='ltr'><strong>consumit,</strong></span> <span class='ocrx_word' id='word_1_729' title='bbox 1825 5176 1883 5220; x_wconf 91' lang='lat' dir='ltr'><strong>ut</strong></span> <span class='ocrx_word' id='word_1_730' title='bbox 1904 5175 1988 5221; x_wconf 85' lang='lat' dir='ltr'><strong>est</strong></span> 
     </span>
    </p>
   </div>
   <div class='ocr_carea' id='block_1_99' title="bbox 431 5258 1988 5331">
    <p class='ocr_par' dir='ltr' id='par_1_99' title="bbox 431 5258 1988 5331">
     <span class='ocr_line' id='line_1_99' title="bbox 431 5258 1988 5331; baseline -0.002 -16"><span class='ocrx_word' id='word_1_731' title='bbox 431 5260 687 5330; x_wconf 85' lang='lat' dir='ltr'><strong>injustus,</strong></span> <span class='ocrx_word' id='word_1_732' title='bbox 722 5260 815 5330; x_wconf 90' lang='lat' dir='ltr'><strong>qui</strong></span> <span class='ocrx_word' id='word_1_733' title='bbox 848 5274 1073 5331; x_wconf 90' lang='lat' dir='ltr'><strong>magnas</strong></span> <span class='ocrx_word' id='word_1_734' title='bbox 1102 5266 1156 5315; x_wconf 91' lang='lat' dir='ltr'><strong>et</strong></span> <span class='ocrx_word' id='word_1_735' title='bbox 1186 5259 1463 5314; x_wconf 81' lang='lat' dir='ltr'><strong>amueutes</strong></span> <span class='ocrx_word' id='word_1_736' title='bbox 1512 5259 1732 5314; x_wconf 82' lang='lat' dir='ltr'><strong>divitias</strong></span> <span class='ocrx_word' id='word_1_737' title='bbox 1767 5258 1988 5313; x_wconf 89' lang='lat' dir='ltr'><strong>honoris</strong></span> 
     </span>
    </p>
   </div>
   <div class='ocr_carea' id='block_1_100' title="bbox 432 5348 1988 5421">
    <p class='ocr_par' dir='ltr' id='par_1_100' title="bbox 432 5348 1988 5421">
     <span class='ocr_line' id='line_1_100' title="bbox 432 5348 1988 5421; baseline -0.001 -16"><span class='ocrx_word' id='word_1_738' title='bbox 432 5348 527 5405; x_wconf 89' lang='lat' dir='ltr'><strong>Dei</strong></span> <span class='ocrx_word' id='word_1_739' title='bbox 551 5364 617 5406; x_wconf 89' lang='lat' dir='ltr'><strong>ex</strong></span> <span class='ocrx_word' id='word_1_740' title='bbox 651 5353 834 5406; x_wconf 88' lang='lat' dir='ltr'><strong>animo</strong></span> <span class='ocrx_word' id='word_1_741' title='bbox 858 5350 1000 5407; x_wconf 90' lang='lat' dir='ltr'><strong>delet</strong></span> <span class='ocrx_word' id='word_1_742' title='bbox 1024 5369 1038 5407; x_wconf 91' lang='lat'><strong>:</strong></span> <span class='ocrx_word' id='word_1_743' title='bbox 1067 5350 1306 5421; x_wconf 91' lang='lat' dir='ltr'><strong>quandiu</strong></span> <span class='ocrx_word' id='word_1_744' title='bbox 1333 5351 1474 5405; x_wconf 91' lang='lat' dir='ltr'><strong>enim</strong></span> <span class='ocrx_word' id='word_1_745' title='bbox 1510 5351 1709 5406; x_wconf 69' lang='lat' dir='ltr'><strong>divitia:</strong></span> <span class='ocrx_word' id='word_1_746' title='bbox 1731 5351 1988 5421; x_wconf 79' lang='lat' dir='ltr'><strong>cognitio-</strong></span> 
     </span>
    </p>
   </div>
   <div class='ocr_carea' id='block_1_101' title="bbox 501 5526 1713 5590">
    <p class='ocr_par' dir='ltr' id='par_1_101' title="bbox 501 5526 1713 5590">
     <span class='ocr_line' id='line_1_101' title="bbox 501 5526 1713 5590; baseline 0.002 -9"><span class='ocrx_word' id='word_1_747' title='bbox 501 5528 547 5560; x_wconf 78' lang='lat'>”</span> <span class='ocrx_word' id='word_1_748' title='bbox 584 5527 730 5584; x_wconf 85' lang='lat' dir='ltr'><strong>Psal.</strong></span> <span class='ocrx_word' id='word_1_749' title='bbox 770 5544 955 5590; x_wconf 75' lang='lat' dir='ltr'>xLVIII,</span> <span class='ocrx_word' id='word_1_750' title='bbox 994 5529 1080 5582; x_wconf 83' lang='lat' dir='ltr'><strong>l7.</strong></span> <span class='ocrx_word' id='word_1_751' title='bbox 1156 5530 1196 5561; x_wconf 83' lang='lat'>“</span> <span class='ocrx_word' id='word_1_752' title='bbox 1240 5527 1397 5581; x_wconf 87' lang='lat' dir='ltr'><strong>Prov.</strong></span> <span class='ocrx_word' id='word_1_753' title='bbox 1431 5541 1625 5589; x_wconf 85' lang='lat' dir='ltr'><strong>xxvlu,</strong></span> <span class='ocrx_word' id='word_1_754' title='bbox 1660 5526 1713 5583; x_wconf 80' lang='lat' dir='ltr'><strong>l.</strong></span> 
     </span>
    </p>
   </div>
   <div class='ocr_carea' id='block_1_102' title="bbox 2087 4428 3661 4513">
    <p class='ocr_par' dir='ltr' id='par_1_102' title="bbox 2087 4428 3661 4513">
     <span class='ocr_line' id='line_1_102' title="bbox 2087 4428 3661 4513; baseline -0.01 -16"><span class='ocrx_word' id='word_1_755' title='bbox 2087 4441 2347 4513; x_wconf 78' lang='grc' dir='ltr'>ἐπεξῆλθε</span> <span class='ocrx_word' id='word_1_756' title='bbox 2384 4440 2476 4513; x_wconf 62' lang='grc' dir='ltr'>κα).</span> <span class='ocrx_word' id='word_1_757' title='bbox 2509 4438 2649 4492; x_wconf 85' lang='grc' dir='ltr'><strong>κατά</strong></span> <span class='ocrx_word' id='word_1_758' title='bbox 2680 4436 2787 4489; x_wconf 86' lang='grc' dir='ltr'><strong>τῶν</strong></span> <span class='ocrx_word' id='word_1_759' title='bbox 2817 4436 2971 4488; x_wconf 80' lang='grc' dir='ltr'>εἰδῶν</span> <span class='ocrx_word' id='word_1_760' title='bbox 2991 4435 3090 4505; x_wconf 83' lang='grc' dir='ltr'><strong>τῆς</strong></span> <span class='ocrx_word' id='word_1_761' title='bbox 3119 4431 3372 4495; x_wconf 85' lang='grc' dir='ltr'>διανοίας,</span> <span class='ocrx_word' id='word_1_762' title='bbox 3400 4430 3493 4483; x_wconf 80' lang='grc' dir='ltr'><strong>καὶ</strong></span> <span class='ocrx_word' id='word_1_763' title='bbox 3520 4428 3661 4482; x_wconf 78' lang='grc' dir='ltr'>κατὰ</span> 
     </span>
    </p>
   </div>
   <div class='ocr_carea' id='block_1_103' title="bbox 2087 4519 3659 4603">
    <p class='ocr_par' dir='ltr' id='par_1_103' title="bbox 2087 4519 3659 4603">
     <span class='ocr_line' id='line_1_103' title="bbox 2087 4519 3659 4603; baseline -0.011 -15"><span class='ocrx_word' id='word_1_764' title='bbox 2087 4534 2195 4588; x_wconf 88' lang='grc' dir='ltr'><strong>τῶν</strong></span> <span class='ocrx_word' id='word_1_765' title='bbox 2227 4532 2382 4588; x_wconf 81' lang='grc' dir='ltr'>εἰδῶν</span> <span class='ocrx_word' id='word_1_766' title='bbox 2415 4533 2512 4603; x_wconf 90' lang='grc' dir='ltr'><strong>τῆς</strong></span> <span class='ocrx_word' id='word_1_767' title='bbox 2550 4528 2784 4591; x_wconf 82' lang='grc' dir='ltr'>ἀδικίας.</span> <span class='ocrx_word' id='word_1_768' title='bbox 2820 4529 2884 4580; x_wconf 86' lang='lat' dir='ltr'><strong>Ei</strong></span> <span class='ocrx_word' id='word_1_769' title='bbox 2913 4526 3023 4599; x_wconf 81' lang='grc' dir='ltr'><strong>γὰρ</strong></span> <span class='ocrx_word' id='word_1_770' title='bbox 3046 4526 3107 4578; x_wconf 80' lang='grc' dir='ltr'><strong>τὸ</strong></span> <span class='ocrx_word' id='word_1_771' title='bbox 3139 4524 3209 4577; x_wconf 89' lang='grc' dir='ltr'><strong>τά</strong></span> <span class='ocrx_word' id='word_1_772' title='bbox 3234 4524 3422 4593; x_wconf 83' lang='grc' dir='ltr'>ἑτέρου</span> <span class='ocrx_word' id='word_1_773' title='bbox 3452 4519 3659 4579; x_wconf 89' lang='grc' dir='ltr'>λαϐεῖν,</span> 
     </span>
    </p>
   </div>
   <div class='ocr_carea' id='block_1_104' title="bbox 2088 4612 3663 4697">
    <p class='ocr_par' dir='ltr' id='par_1_104' title="bbox 2088 4612 3663 4697">
     <span class='ocr_line' id='line_1_104' title="bbox 2088 4612 3663 4697; baseline -0.013 -16"><span class='ocrx_word' id='word_1_774' title='bbox 2088 4627 2182 4681; x_wconf 72' lang='grc' dir='ltr'><strong>καὶ</strong></span> <span class='ocrx_word' id='word_1_775' title='bbox 2216 4625 2307 4697; x_wconf 70' lang='grc' dir='ltr'><strong>βίᾳ</strong></span> <span class='ocrx_word' id='word_1_776' title='bbox 2328 4622 2531 4688; x_wconf 85' lang='grc' dir='ltr'>λαϐεῖν,</span> <span class='ocrx_word' id='word_1_777' title='bbox 2558 4621 2653 4675; x_wconf 69' lang='grc' dir='ltr'><strong>καὶ</strong></span> <span class='ocrx_word' id='word_1_778' title='bbox 2686 4620 2907 4682; x_wconf 80' lang='grc' dir='ltr'>ἄκοντος</span> <span class='ocrx_word' id='word_1_779' title='bbox 2936 4616 3140 4680; x_wconf 84' lang='grc' dir='ltr'>λαϐεῖν,</span> <span class='ocrx_word' id='word_1_780' title='bbox 3177 4614 3358 4668; x_wconf 86' lang='grc' dir='ltr'>ἀδικία</span> <span class='ocrx_word' id='word_1_781' title='bbox 3378 4612 3494 4666; x_wconf 79' lang='grc' dir='ltr'>ἐστί</span> <span class='ocrx_word' id='word_1_782' title='bbox 3512 4623 3530 4641; x_wconf 86' lang='grc'>⁶</span> <span class='ocrx_word' id='word_1_783' title='bbox 3568 4612 3663 4663; x_wconf 79' lang='grc' dir='ltr'><strong>καὶ</strong></span> 
     </span>
    </p>
   </div>
   <div class='ocr_carea' id='block_1_105' title="bbox 2089 4700 3662 4782">
    <p class='ocr_par' dir='ltr' id='par_1_105' title="bbox 2089 4700 3662 4782">
     <span class='ocr_line' id='line_1_105' title="bbox 2089 4700 3662 4782; baseline -0.011 -12"><span class='ocrx_word' id='word_1_784' title='bbox 2089 4716 2177 4770; x_wconf 81' lang='grc' dir='ltr'><strong>τὸν</strong></span> <span class='ocrx_word' id='word_1_785' title='bbox 2205 4715 2435 4770; x_wconf 87' lang='grc' dir='ltr'>λαϐόντα</span> <span class='ocrx_word' id='word_1_786' title='bbox 2473 4713 2541 4766; x_wconf 83' lang='grc' dir='ltr'>τὰ</span> <span class='ocrx_word' id='word_1_787' title='bbox 2581 4711 2767 4782; x_wconf 80' lang='grc' dir='ltr'>ἐτέρου</span> <span class='ocrx_word' id='word_1_788' title='bbox 2833 4708 2865 4781; x_wconf 85' lang='grc' dir='ltr'>ἦ</span> <span class='ocrx_word' id='word_1_789' title='bbox 2924 4707 3170 4780; x_wconf 77' lang='grc' dir='ltr'>ἑταίραις</span> <span class='ocrx_word' id='word_1_790' title='bbox 3202 4704 3396 4758; x_wconf 91' lang='grc' dir='ltr'>διδόναι</span> <span class='ocrx_word' id='word_1_791' title='bbox 3416 4741 3432 4767; x_wconf 92' lang='grc'>,</span> <span class='ocrx_word' id='word_1_792' title='bbox 3460 4702 3496 4775; x_wconf 77' lang='grc' dir='ltr'>ἢ</span> <span class='ocrx_word' id='word_1_793' title='bbox 3526 4700 3662 4755; x_wconf 85' lang='grc' dir='ltr'>ἀσώ-</span> 
     </span>
    </p>
   </div>
   <div class='ocr_carea' id='block_1_106' title="bbox 2094 4793 3664 4874">
    <p class='ocr_par' dir='ltr' id='par_1_106' title="bbox 2094 4793 3664 4874">
     <span class='ocr_line' id='line_1_106' title="bbox 2094 4793 3664 4874; baseline -0.01 -15"><span class='ocrx_word' id='word_1_794' title='bbox 2094 4823 2200 4870; x_wconf 90' lang='grc' dir='ltr'><strong>τως</strong></span> <span class='ocrx_word' id='word_1_795' title='bbox 2238 4804 2714 4874; x_wconf 86' lang='grc' dir='ltr'>καταδαπανῆσαι,</span> <span class='ocrx_word' id='word_1_796' title='bbox 2742 4797 2880 4865; x_wconf 80' lang='grc' dir='ltr'>εἶδός</span> <span class='ocrx_word' id='word_1_797' title='bbox 2931 4801 3077 4853; x_wconf 74' lang='grc' dir='ltr'>ἐστιν</span> <span class='ocrx_word' id='word_1_798' title='bbox 3119 4796 3359 4859; x_wconf 87' lang='grc' dir='ltr'>ἀδικίας·</span> <span class='ocrx_word' id='word_1_799' title='bbox 3406 4794 3587 4855; x_wconf 78' lang='grc' dir='ltr'>ἄδικος</span> <span class='ocrx_word' id='word_1_800' title='bbox 3634 4793 3664 4843; x_wconf 90' lang='lat'><strong>6</strong></span> 
     </span>
    </p>
   </div>
   <div class='ocr_carea' id='block_1_107' title="bbox 2093 4882 3663 4967">
    <p class='ocr_par' dir='ltr' id='par_1_107' title="bbox 2093 4882 3663 4967">
     <span class='ocr_line' id='line_1_107' title="bbox 2093 4882 3663 4967; baseline -0.009 -18"><span class='ocrx_word' id='word_1_801' title='bbox 2093 4895 2191 4967; x_wconf 77' lang='grc' dir='ltr'><strong>τὴν</strong></span> <span class='ocrx_word' id='word_1_802' title='bbox 2216 4894 2379 4965; x_wconf 78' lang='grc' dir='ltr'>τιμὴν</span> <span class='ocrx_word' id='word_1_803' title='bbox 2407 4893 2499 4947; x_wconf 75' lang='grc' dir='ltr'>τοῦ</span> <span class='ocrx_word' id='word_1_804' title='bbox 2528 4891 2661 4945; x_wconf 71' lang='grc' dir='ltr'>Θεοῦ</span> <span class='ocrx_word' id='word_1_805' title='bbox 2687 4889 2957 4961; x_wconf 83' lang='grc' dir='ltr'>ἀφαιρῶν,</span> <span class='ocrx_word' id='word_1_806' title='bbox 2995 4887 3171 4955; x_wconf 84' lang='grc' dir='ltr'>ξύλοις</span> <span class='ocrx_word' id='word_1_807' title='bbox 3200 4886 3256 4939; x_wconf 82' lang='grc' dir='ltr'>δὲ</span> <span class='ocrx_word' id='word_1_808' title='bbox 3288 4885 3380 4939; x_wconf 77' lang='grc' dir='ltr'><strong>καὶ</strong></span> <span class='ocrx_word' id='word_1_809' title='bbox 3413 4882 3663 4953; x_wconf 86' lang='grc' dir='ltr'>δαίμοσιν</span> 
     </span>
    </p>
   </div>
   <div class='ocr_carea' id='block_1_108' title="bbox 2093 4973 3664 5058">
    <p class='ocr_par' dir='ltr' id='par_1_108' title="bbox 2093 4973 3664 5058">
     <span class='ocr_line' id='line_1_108' title="bbox 2093 4973 3664 5058; baseline -0.009 -18"><span class='ocrx_word' id='word_1_810' title='bbox 2093 4988 2262 5058; x_wconf 82' lang='grc' dir='ltr'>αὐτὴν</span> <span class='ocrx_word' id='word_1_811' title='bbox 2291 4985 2570 5050; x_wconf 82' lang='grc' dir='ltr'>ἀποδιδοὺς</span> <span class='ocrx_word' id='word_1_812' title='bbox 2596 5024 2611 5049; x_wconf 96' lang='grc'><em>,</em></span> <span class='ocrx_word' id='word_1_813' title='bbox 2641 4985 2735 5037; x_wconf 76' lang='grc' dir='ltr'>καὶ</span> <span class='ocrx_word' id='word_1_814' title='bbox 2773 4980 3169 5037; x_wconf 83' lang='grc' dir='ltr'>καταδαπανῶν</span> <span class='ocrx_word' id='word_1_815' title='bbox 3199 4978 3298 5049; x_wconf 83' lang='grc' dir='ltr'><strong>τὴν</strong></span> <span class='ocrx_word' id='word_1_816' title='bbox 3339 4975 3502 5046; x_wconf 79' lang='grc' dir='ltr'>τιμὴν</span> <span class='ocrx_word' id='word_1_817' title='bbox 3522 5014 3536 5038; x_wconf 89' lang='grc'><strong>,</strong></span> <span class='ocrx_word' id='word_1_818' title='bbox 3568 4973 3664 5028; x_wconf 76' lang='grc' dir='ltr'><strong>καὶ</strong></span> 
     </span>
    </p>
   </div>
   <div class='ocr_carea' id='block_1_109' title="bbox 2092 5066 3662 5147">
    <p class='ocr_par' dir='ltr' id='par_1_109' title="bbox 2092 5066 3662 5147">
     <span class='ocr_line' id='line_1_109' title="bbox 2092 5066 3662 5147; baseline -0.008 -17"><span class='ocrx_word' id='word_1_819' title='bbox 2092 5076 2495 5147; x_wconf 87' lang='grc' dir='ltr'>ἀσωτευόμενος</span> <span class='ocrx_word' id='word_1_820' title='bbox 2524 5078 2581 5129; x_wconf 88' lang='grc' dir='ltr'>ὲν</span> <span class='ocrx_word' id='word_1_821' title='bbox 2606 5078 2671 5146; x_wconf 81' lang='grc' dir='ltr'>τῇ</span> <span class='ocrx_word' id='word_1_822' title='bbox 2703 5074 2931 5144; x_wconf 75' lang='grc' dir='ltr'>διανοίᾳ.</span> <span class='ocrx_word' id='word_1_823' title='bbox 2963 5072 3098 5126; x_wconf 78' lang='grc' dir='ltr'>Οὐδὲ</span> <span class='ocrx_word' id='word_1_824' title='bbox 3121 5069 3229 5140; x_wconf 85' lang='grc' dir='ltr'>γὰρ</span> <span class='ocrx_word' id='word_1_825' title='bbox 3262 5066 3432 5131; x_wconf 78' lang='grc' dir='ltr'>οὕτως</span> <span class='ocrx_word' id='word_1_826' title='bbox 3458 5066 3662 5131; x_wconf 82' lang='grc' dir='ltr'>ἄσωτος</span> 
     </span>
    </p>
   </div>
   <div class='ocr_carea' id='block_1_110' title="bbox 2092 5153 3663 5236">
    <p class='ocr_par' dir='ltr' id='par_1_110' title="bbox 2092 5153 3663 5236">
     <span class='ocr_line' id='line_1_110' title="bbox 2092 5153 3663 5236; baseline -0.009 -17"><span class='ocrx_word' id='word_1_827' title='bbox 2092 5168 2120 5219; x_wconf 90' lang='lat'><strong>6</strong></span> <span class='ocrx_word' id='word_1_828' title='bbox 2144 5165 2535 5220; x_wconf 85' lang='grc' dir='ltr'>καταδαπανῶν</span> <span class='ocrx_word' id='word_1_829' title='bbox 2566 5166 2663 5236; x_wconf 83' lang='grc' dir='ltr'>τὴν</span> <span class='ocrx_word' id='word_1_830' title='bbox 2691 5163 2895 5229; x_wconf 79' lang='grc' dir='ltr'>οὐσίαν,</span> <span class='ocrx_word' id='word_1_831' title='bbox 2928 5164 3002 5226; x_wconf 84' lang='grc' dir='ltr'>ὼς</span> <span class='ocrx_word' id='word_1_832' title='bbox 3028 5160 3210 5223; x_wconf 75' lang='grc' dir='ltr'>ἄδικος</span> <span class='ocrx_word' id='word_1_833' title='bbox 3236 5161 3265 5213; x_wconf 89' lang='lat'><strong>6</strong></span> <span class='ocrx_word' id='word_1_834' title='bbox 3297 5158 3395 5230; x_wconf 86' lang='grc' dir='ltr'><strong>τὴν</strong></span> <span class='ocrx_word' id='word_1_835' title='bbox 3422 5153 3663 5227; x_wconf 85' lang='grc' dir='ltr'>μεγάλην</span> 
     </span>
    </p>
   </div>
   <div class='ocr_carea' id='block_1_111' title="bbox 2096 5245 3665 5329">
    <p class='ocr_par' dir='ltr' id='par_1_111' title="bbox 2096 5245 3665 5329">
     <span class='ocr_line' id='line_1_111' title="bbox 2096 5245 3665 5329; baseline -0.008 -18"><span class='ocrx_word' id='word_1_836' title='bbox 2096 5258 2430 5329; x_wconf 86' lang='grc' dir='ltr'>περιουσίαν,</span> <span class='ocrx_word' id='word_1_837' title='bbox 2470 5258 2568 5327; x_wconf 82' lang='grc' dir='ltr'>τὴν</span> <span class='ocrx_word' id='word_1_838' title='bbox 2617 5256 2781 5328; x_wconf 84' lang='grc' dir='ltr'>τιμὴν</span> <span class='ocrx_word' id='word_1_839' title='bbox 2832 5254 2925 5307; x_wconf 81' lang='grc' dir='ltr'>τοῦ</span> <span class='ocrx_word' id='word_1_840' title='bbox 2970 5253 3104 5307; x_wconf 74' lang='grc' dir='ltr'>Θεοῦ</span> <span class='ocrx_word' id='word_1_841' title='bbox 3141 5251 3250 5306; x_wconf 82' lang='grc' dir='ltr'><strong>ἀπὸ</strong></span> <span class='ocrx_word' id='word_1_842' title='bbox 3294 5251 3392 5322; x_wconf 82' lang='grc' dir='ltr'><strong>τῆς</strong></span> <span class='ocrx_word' id='word_1_843' title='bbox 3425 5245 3665 5308; x_wconf 87' lang='grc' dir='ltr'>διανοίας</span> 
     </span>
    </p>
   </div>
   <div class='ocr_carea' id='block_1_112' title="bbox 2094 5337 3663 5420">
    <p class='ocr_par' dir='ltr' id='par_1_112' title="bbox 2094 5337 3663 5420">
     <span class='ocr_line' id='line_1_112' title="bbox 2094 5337 3663 5420; baseline -0.012 -15"><span class='ocrx_word' id='word_1_844' title='bbox 2094 5348 2461 5420; x_wconf 75' lang='grc' dir='ltr'>ἐξαφανίζων·</span> <span class='ocrx_word' id='word_1_845' title='bbox 2498 5350 2581 5418; x_wconf 78' lang='grc' dir='ltr'><strong>ἐφ’</strong></span> <span class='ocrx_word' id='word_1_846' title='bbox 2613 5350 2736 5402; x_wconf 83' lang='grc' dir='ltr'>ὅσον</span> <span class='ocrx_word' id='word_1_847' title='bbox 2780 5346 2889 5419; x_wconf 87' lang='grc' dir='ltr'><strong>γάρ</strong></span> <span class='ocrx_word' id='word_1_848' title='bbox 2931 5345 3255 5416; x_wconf 79' lang='grc' dir='ltr'>συνέστηκεν</span> <span class='ocrx_word' id='word_1_849' title='bbox 3294 5345 3330 5414; x_wconf 84' lang='grc' dir='ltr'>ἡ</span> <span class='ocrx_word' id='word_1_850' title='bbox 3378 5337 3663 5411; x_wconf 86' lang='grc' dir='ltr'>περιουσία</span> 
     </span>
    </p>
   </div>
   <div class='ocr_carea' id='block_1_113' title="bbox 1789 5516 3655 5591">
    <p class='ocr_par' dir='ltr' id='par_1_113' title="bbox 1789 5516 3655 5591">
     <span class='ocr_line' id='line_1_113' title="bbox 1789 5516 3655 5591; baseline -0.004 -13"><span class='ocrx_word' id='word_1_851' title='bbox 1789 5526 1831 5557; x_wconf 70' lang='grc' dir='ltr'><strong>υ</strong></span> <span class='ocrx_word' id='word_1_852' title='bbox 1874 5524 2045 5579; x_wconf 88' lang='lat' dir='ltr'><strong>Exod.</strong></span> <span class='ocrx_word' id='word_1_853' title='bbox 2085 5539 2191 5590; x_wconf 90' lang='lat' dir='ltr'><strong>xx,</strong></span> <span class='ocrx_word' id='word_1_854' title='bbox 2230 5525 2331 5591; x_wconf 76' lang='lat' dir='ltr'><strong>M,</strong></span> <span class='ocrx_word' id='word_1_855' title='bbox 2373 5527 2458 5582; x_wconf 86' lang='lat' dir='ltr'><strong>l5.</strong></span> <span class='ocrx_word' id='word_1_856' title='bbox 2536 5526 2582 5559; x_wconf 85' lang='grc'><strong><em>⁶³</em></strong></span> <span class='ocrx_word' id='word_1_857' title='bbox 2620 5524 2797 5583; x_wconf 88' lang='lat' dir='ltr'><strong>Levit.</strong></span> <span class='ocrx_word' id='word_1_858' title='bbox 2832 5538 2949 5590; x_wconf 76' lang='lat' dir='ltr'><strong>xIx,</strong></span> <span class='ocrx_word' id='word_1_859' title='bbox 2984 5523 3087 5588; x_wconf 76' lang='lat'><strong>55,</strong></span> <span class='ocrx_word' id='word_1_860' title='bbox 3123 5522 3190 5578; x_wconf 79' lang='lat'><em>56</em></span> <span class='ocrx_word' id='word_1_861' title='bbox 3291 5522 3333 5553; x_wconf 82' lang='lat'><strong>“</strong></span> <span class='ocrx_word' id='word_1_862' title='bbox 3368 5516 3471 5574; x_wconf 80' lang='lat' dir='ltr'><strong>Job</strong></span> <span class='ocrx_word' id='word_1_863' title='bbox 3503 5531 3655 5578; x_wconf 77' lang='lat' dir='ltr'><strong>xxxi,</strong></span> 
     </span>
    </p>
   </div>
   <div class='ocr_carea' id='block_1_114' title="bbox 433 5594 2297 5665">
    <p class='ocr_par' dir='ltr' id='par_1_114' title="bbox 433 5594 2297 5665">
     <span class='ocr_line' id='line_1_114' title="bbox 433 5594 2297 5665; baseline -0.003 -11"><span class='ocrx_word' id='word_1_864' title='bbox 433 5598 488 5654; x_wconf 71' lang='grc'><strong>1.</strong></span> <span class='ocrx_word' id='word_1_865' title='bbox 560 5598 606 5632; x_wconf 80' lang='grc'><strong><em>⁸⁵</em></strong></span> <span class='ocrx_word' id='word_1_866' title='bbox 645 5598 809 5653; x_wconf 82' lang='lat' dir='ltr'><strong>Eccli.</strong></span> <span class='ocrx_word' id='word_1_867' title='bbox 855 5615 941 5664; x_wconf 81' lang='lat' dir='ltr'><strong>Ix,</strong></span> <span class='ocrx_word' id='word_1_868' title='bbox 975 5599 1040 5665; x_wconf 88' lang='lat'><strong>8,</strong></span> <span class='ocrx_word' id='word_1_869' title='bbox 1078 5599 1129 5652; x_wconf 90' lang='lat'><strong>9.</strong></span> <span class='ocrx_word' id='word_1_870' title='bbox 1208 5600 1252 5632; x_wconf 82' lang='lat'><strong>“</strong></span> <span class='ocrx_word' id='word_1_871' title='bbox 1289 5596 1433 5653; x_wconf 81' lang='lat' dir='ltr'><strong>Psal.</strong></span> <span class='ocrx_word' id='word_1_872' title='bbox 1469 5612 1603 5662; x_wconf 72' lang='lat' dir='ltr'><strong>cu,</strong></span> <span class='ocrx_word' id='word_1_873' title='bbox 1638 5596 1691 5650; x_wconf 72' lang='grc' dir='ltr'><strong>ὅ.</strong></span> <span class='ocrx_word' id='word_1_874' title='bbox 1769 5596 1812 5626; x_wconf 83' lang='grc'><strong>⁸⁷</strong></span> <span class='ocrx_word' id='word_1_875' title='bbox 1854 5594 2020 5651; x_wconf 83' lang='lat' dir='ltr'><strong>Exod.</strong></span> <span class='ocrx_word' id='word_1_876' title='bbox 2057 5609 2172 5660; x_wconf 83' lang='lat' dir='ltr'><strong>xu,</strong></span> <span class='ocrx_word' id='word_1_877' title='bbox 2211 5594 2297 5649; x_wconf 83' lang='lat' dir='ltr'><strong>ll.</strong></span> 
     </span>
    </p>
   </div>
  </div>
