4038 6288
531 420 668 478 1255

1639 422 1774 478 TITI
1813 419 2236 478 BOSTRENSIS
2267 419 2570 478 EPISCOPI

3601 424 3720 483 I236

527 555 744 599 omnem
775 541 1007 612 speciem
1040 538 1320 610 injustitia:
1367 542 1590 598 sustulit
1617 543 1727 598 lex.
1755 541 1966 600 Idcirco
1993 543 2088 616 qui

2195 546 2373 617 ἀδικίᾳ
2417 543 2491 614 μὴ
2533 539 2783 614 παρέχῃ·
2821 539 2914 602 καὶ
2953 535 3094 592 οὕτω
3137 538 3242 592 πᾶν
3273 533 3410 602 εἶδος
3449 537 3726 606 ἐπεξελθὼν

528 631 826 692 secundum
856 631 1026 702 legem
1072 630 1356 702 loquitur,
1403 647 1502 702 pro
1548 632 1774 688 veritate
1819 633 2081 704 loquitur.

525 725 734 784 Idcirco
787 723 880 794 qui
939 733 1066 778 sunt
1111 723 1345 794 operarii
1387 724 1672 790 veritatis,
1722 741 1830 780 non
1886 740 2087 781 excan-

525 818 772 878 descunt,
805 827 928 869 cum
953 812 1039 868 lex
1071 813 1337 870 adversus
1368 813 1562 868 vitium
1587 814 1847 885 loquitur.
1881 814 2086 887 Loque-

527 907 688 962 batur
715 903 1007 974 aliquando
1043 903 1304 962 Dominus
1351 906 1614 965 adversus
1642 909 1957 973 avaritiam;
1987 925 2084 964 ex.-

526 996 923 1068 asperabantur
951 993 1156 1061 Judaei,
1205 1007 1260 1050 et
1309 998 1538 1054 moleste
1590 998 1884 1056 ferebant:
1935 1015 2088 1054 amor

524 1087 668 1142 enim
694 1087 1006 1143 divitiarum
1031 1101 1254 1158 asperos
1283 1094 1334 1144 et
1377 1090 1544 1145 duros
1568 1105 1667 1146 eos
1696 1091 1956 1146 adversus
1990 1093 2090 1166 .lo-

525 1187 776 1250 quentem
807 1177 1092 1234 elIiciebat.
1136 1176 1216 1233 Ita
1264 1179 1509 1250 profecto
1548 1189 1652 1246 est,
1685 1196 1808 1235 cum
1840 1182 2090 1254 paedago-

523 1287 626 1342 gus
657 1286 779 1326 cum
809 1285 974 1342 puero
1005 1269 1202 1342 ignavo
1233 1282 1288 1327 et
1315 1271 1468 1343 pigro
1497 1272 1740 1341 disserit,
1762 1273 1889 1328 odio
1921 1275 2087 1330 babe-

524 1373 616 1416 tur
641 1364 710 1418 ab
741 1378 806 1419 eo
837 1379 998 1434 quem
1045 1365 1286 1418 instruit.
1326 1363 1515 1420 Omnis
1554 1365 1699 1420 enim
1756 1367 1850 1437 qui
1907 1379 2088 1422 motus

526 1453 903 1510 adolescentiae
945 1469 976 1508 a
1018 1453 1228 1510 ratione
1274 1469 1496 1511 aversos
1537 1455 1828 1523 exscindit,
1861 1457 1915 1510 in
1965 1457 2090 1514 odio

523 1552 607 1601 est
639 1556 858 1618 propter
890 1561 1130 1602 amorem
1161 1546 1495 1616 voluptatum
1525 1567 1538 1602 :
1585 1547 1656 1603 ob
1697 1549 1840 1604 hanc
1866 1563 2088 1604 causam

522 1639 614 1693 lex
643 1638 700 1692 in
723 1639 904 1695 odium
933 1639 1082 1694 venit
1131 1625 1422 1695 haereticis.
1457 1639 1594 1707 Quia
1631 1649 1822 1696 contra
1875 1652 2092 1712 pertur-

525 1728 772 1785 bationes
796 1730 1068 1794 tendebat,
1098 1739 1288 1786 contra
1338 1739 1562 1802 peccata
1603 1731 1935 1798 ambulabat,
1967 1749 2092 1789 eon-

525 1827 613 1876 tra
643 1821 892 1876 adamata
917 1821 1250 1889 disserebat,
1303 1839 1416 1879 rem
1448 1840 1604 1896 aequo
1640 1825 1824 1880 animo
1863 1843 1971 1881 non
2005 1841 2089 1882 tu-

524 1909 728 1966 ierunt.

2186 638 2396 694 ἀνεῖλεν
2420 637 2450 689 6
2475 634 2654 705 νόμος.
2697 631 2800 686 Διά
2821 629 2980 685 τοῦτο
3009 631 3038 683 6
3066 629 3208 684 κατά
3253 629 3415 701 νόμον
3452 631 3730 704 φθεγγόμε.

2185 749 2274 796 νος
2297 728 2438 800 ὑπὲρ
2467 724 2724 796 ἀληθείας
2762 723 3056 794 φθέγγεται
3073 740 3086 754 ο
3119 721 3206 776 διὰ
3231 720 3390 776 τοῦτο
3417 724 3467 776 oi
3499 723 3592 794 τῆς
3616 725 3731 798 ἀλη-

2188 823 2339 885 θείας
2367 817 2593 888 ὲργάται
2615 813 2716 868 οὐκ
2740 812 3102 882 ἀγανακτοῦσι
3131 811 3207 884 τῷ
3228 812 3374 884 νόμῳ
3396 812 3536 867 κατὰ
3557 815 3730 880 κακίας

2188 909 2560 984 φθεγγομένῳ.
2619 905 2826 960 Ἐλάλει
2881 903 3011 957 ποτὲ
3055 901 3197 957 κατά
3251 901 3666 974 φιλοχρηματίας
3706 908 3731 960 ό

2187 1005 2408 1076 Σωτήρο
2442 999 2800 1072 ὲτραχύνοντο
2844 998 2894 1052 οἱ
2931 995 3171 1050 Ἰουδαῖοι
3197 1011 3212 1026 °
3249 996 3283 1068 ή
3324 994 3434 1067 γὰρ
3473 997 3614 1066 φιλία
3638 997 3732 1052 τῶν

2187 1094 2486 1166 χρημάτων
2513 1088 2825 1162 τραχύτητα
2863 1087 3004 1142 κατά
3037 1087 3132 1140 τοῦ
3173 1085 3419 1155 λέγοντος
3452 1086 3729 1158 εἰργάζετο.

2189 1186 2408 1258 Ἀμέλει
2446 1185 2575 1238 ὅταν
2609 1180 2953 1251 παιδαγωγὸς
2991 1179 3218 1252 ῥαθύμῳ
3247 1177 3396 1234 παιδὶ
3426 1179 3551 1249 περὶ
3592 1179 3725 1251 ρᾳθυ-

2167 1277 2320 1350 ’μίας
2352 1275 2692 1348 διαλέγηται,
2732 1275 2968 1344 μισεῖται
3006 1269 3156 1339 παρά
3188 1269 3283 1324 τοῦ
3317 1269 3730 1341 παιδαγωγουμέη

2188 1388 2278 1423 νου
2299 1387 2312 1400 ·
2343 1371 2452 1432 πᾶς
2473 1369 2580 1438 γὰρ
2607 1368 2636 1420 6
2675 1367 2773 1436 τῆς
2805 1365 2932 1428 νέας
2957 1362 3170 1435 ἡλικίας
3198 1362 3259 1416 τὸ
3287 1361 3456 1426 πάθος
3481 1361 3734 1416 ἐκκόπτων

2193 1465 2434 1534 μισεῖται
2462 1461 2552 1516 διὰ
2589 1445 2690 1532 τὴν
2717 1457 2899 1528 φιλίαν
2935 1457 3044 1511 τῶν
3069 1455 3270 1530 ἡδονῶν
3295 1472 3309 1486 ⁸
3339 1453 3432 1508 διά
3475 1451 3622 1508 τοῦτο
3653 1471 3732 1524 με-

2193 1555 2420 1626 μίσηται
2457 1553 2610 1626 παρά
2643 1553 2752 1608 τῶν
2785 1539 3116 1624 αἱρεσιωτῶν
3152 1551 3180 1604 ὁ
3213 1549 3394 1620 νόμος.
3425 1548 3574 1600 Ἐπεὶ
3611 1547 3732 1600 κατὰ

2187 1647 2296 1702 τῶν
2329 1646 2516 1702 παθῶν
2541 1645 2760 1718 ἐχώρει,
2788 1643 2929 1698 κατὰ.
2949 1641 3058 1696 τῶν
3088 1641 3498 1714 ἁμαρτημάτων
3524 1637 3730 1705 ἐϐάδιζε,

2189 1741 2330 1794 κατά
2372 1739 2478 1794 τῶν
2526 1738 2866 1812 φιλουμένων
2905 1733 3170 1804 διελέγετο
3195 1751 3208 1763 θ
3253 1734 3355 1787 οὐκ
3418 1733 3642 1804 ¹ἠνεγκαν
3683 1731 3736 1785 τὸ

2191 1831 2343 1902 πρᾶγ
2350 1847 2446 1902 μα.

735 2026 862 2082 CAP.
902 2026 968 2083 X.
1004 2027 1222 2084 Omnem
1247 2032 1466 2100 speciem
1497 2033 1702 2087 virtutis
1730 2032 1816 2086 (ex
1839 2034 2049 2105 exponit
2081 2050 2100 2088 .'
2130 2034 2485 2104 prudentiam,
2507 2031 2836 2101 pudicitiam.
2869 2027 3250 2098 fortitudinem,
3274 2023 3563 2094 justitiam.

596 2143 667 2199 Ut
691 2152 870 2200 autem
900 2161 1080 2201 sermo
1103 2155 1157 2203 et
1189 2148 1486 2219 disputatio
1517 2163 1704 2206 nostra
1749 2153 2086 2223 amplissima

524 2235 616 2300 sit,
657 2242 712 2291 et
741 2237 921 2292 scelus
950 2237 1174 2295 haeresis
1202 2255 1323 2310 qua:
1349 2240 1553 2308 injuste
1577 2242 1644 2296 ad
1674 2235 1847 2313 [egeni
1878 2243 2089 2313 vitupe-

522 2325 748 2382 randam
803 2344 862 2384 se
919 2330 1170 2392 contulit,
1221 2340 1480 2402 appareat
1517 2353 1530 2388 ε
1563 2349 1670 2388 non
1717 2334 1892 2390 solum
1939 2335 2088 2405 quod

523 2433 714 2476 omnes
753 2421 962 2491 species
1013 2429 1068 2478 et
1098 2420 1300 2478 Iormas
1338 2425 1455 2479 vitii
1515 2426 1761 2492 sustulit,
1805 2427 2084 2492 dicamus,

521 2509 620 2564 sed
642 2510 936 2568 reddamus
966 2513 1190 2584 insuper
1206 2517 1694 2587 sermonem,quod
1725 2531 1941 2570 omnem
1965 2531 2088 2586 spe-

523 2600 662 2656 ciem
691 2602 909 2658 virtutis
933 2604 1013 2658 lex
1044 2611 1265 2659 enarrat
1287 2613 1343 2661 et
1374 2605 1615 2677 exponit.
1655 2605 1712 2661 Si
1737 2605 1880 2661 enim
1907 2607 2090 2660 omnia

521 2689 654 2744 vitia
691 2691 774 2746 lex
810 2693 1138 2758 sustulisset,
1173 2709 1281 2749 non
1315 2701 1494 2750 autem
1530 2710 1722 2751 omnes
1755 2695 1985 2752 virtutes
2016 2696 2095 2750 in-

524 2783 806 2846 seruisset,
840 2799 1032 2840 manca
1063 2797 1210 2843 esset
1238 2787 1346 2852 lex,
1378 2788 1570 2844 relicta
1599 2789 1859 2844 virtutum
1887 2797 2096 2844 exstru-

523 2875 882 2945 ctione;qnte
913 2876 1131 2947 quidem
1175 2877 1358 2932 omnia
1408 2877 1544 2933 vitia
1589 2893 1716 2934 cum
1767 2880 2084 2952 relegasset,

521 2983 635 3022 non
661 2967 774 3038 jam
806 2983 996 3024 omnes
1043 2969 1272 3026 virtutes
1310 2971 1504 3027 animae
1543 2971 1942 3042 despondisset.
1989 2971 2086 3027 Sin

524 3075 658 3116 vero
685 3061 740 3115 in
777 3060 1144 3132 disputatione
1167 3071 1357 3118 nostra
1379 3071 1640 3136 apparent
1668 3066 1811 3136 apud
1841 3067 2010 3137 legem
2033 3074 2088 3122 et

2266 2153 2383 2205 Ἵνα
2423 2151 2480 2204 δὲ
2519 2149 2598 2204 ἔτι
2635 2145 3201 2220 μεγαλοπρεπέστατα
3232 2141 3500 2213 γένωνται
3537 2139 3656 2210 ⁴ἡμῖν
3689 2139 3732 2190 oi

2192 2244 2371 2314 λόγοι,
2419 2243 2514 2298 καὶ
2551 2242 2691 2312 φανῇ
2721 2241 2754 2312 ἡ
2793 2239 2900 2293 τῶν
2929 2236 3192 2312 αἱρέσεων
3221 2234 3423 2288 ἀτοπία
3443 2273 3472 2300 ,.
3491 2230 3625 2287 κατά
3653 2230 3731 2284 τοῦ

2192 2336 2356 2408 νόμου
2396 2333 2593 2397 ἀδίκως
2625 2329 2955 2404 βεὸαδικυῖα,
3005 2328 3078 2402 μὴ
3123 2329 3280 2400 μόνον
3333 2327 3419 2381 ὅτι
3474 2327 3576 2380 πᾶν
3617 2320 3732 2384 εἶδος

2193 2427 2391 2490 κακίας
2435 2424 2640 2480 ἀνεῖλεν
2691 2425 2720 2478 6
2764 2422 2953 2494 νόμος,
2987 2418 3430 2492 προσγράφωμεν
3478 2415 3554 2488 τῷ
3592 2415 3728 2485 λόγῳο

2193 2519 2306 2574 ἀλλ’
2341 2519 2421 2572 ὅτι
2449 2517 2544 2570 καὶ
2568 2517 2675 2569 πᾶν
2696 2509 2832 2578 εἶδος
2861 2512 3062 2586 ἀρετῆς
3089 2510 3384 2581 ὑφηγεῖται
3416 2507 3510 2564 καῖ
3548 2506 3732 2578 ἐξηγεῖ-

2196 2629 2306 2671 ται,
2345 2607 2772 2680 προσαποδῶμεν
2809 2607 2876 2677 τῇ
2909 2604 3113 2676 ὁμιλίᾳ.
3157 2604 3222 2657 Εἰ
3266 2602 3369 2675 μὲν
3406 2603 3513 2674 γὰρ
3540 2599 3630 2664 τὰς
3651 2617 3731 2653 κα-

2198 2701 2322 2764 κίας
2349 2698 2529 2764 πάσας
2551 2697 2756 2752 ἀνεῖλεν
2777 2697 2805 2749 6
2833 2697 3014 2767 νόμος,
3047 2696 3108 2748 οὐ
3141 2694 3317 2759 πάσας
3363 2693 3420 2749 δὲ
3441 2695 3537 2758 τὰς
3564 2690 3730 2764 ἀρετὰς

2200 2791 2474 2864 ἐνέθηκεν,
2500 2790 2742 2845 ἐνέλιπεν
2761 2791 2790 2842 6
2819 2787 2999 2860 νόμος,
3027 2786 3347 2858 λειπόμενος
3383 2784 3598 2858 τὴντῶν
3623 2782 3727 2855 ἀρετ

2193 2884 2302 2938 τῶν
2333 2881 2701 2954 κατασκευήν’
2749 2879 2843 2933 καὶ
2877 2878 2978 2942 τὰς
3008 2877 3106 2948 μὲν
3131 2877 3328 2940 κακίας
3377 2877 3552 2939 πάσας
3587 2871 3730 2943 ἐξορί»

2195 2991 2314 3038 σας,
2344 2973 2539 3044 μηκέτι
2566 2971 2624 3025 δὲ
2649 2969 2750 3034 τὰς
2773 2967 2973 3042 ἀρετάς
3001 2967 3180 3031 πάσας
3203 2969 3267 3038 τῇ
3292 2965 3443 3038 ψυχῇ
3475 2960 3728 3036 μνηστευό-

2196 3080 2372 3136 μενος.
2406 3061 2532 3116 Ἐἀν
2570 3061 2624 3115 δὲ
2659 3061 2811 3134 παρά
2839 3059 2933 3114 τοῦ
2977 3059 3137 3129 λόγου
3177 3061 3345 3130 φανῇ,
3392 3059 3472 3112 ὅτι
3509 3055 3642 3126 παρὰ
3661 3050 3723 3121 τῷ

523 3149 821 3220 prophetas
861 3165 1050 3207 omnes
1111 3153 1342 3209 virtutes
1391 3155 1602 3224 positae,
1649 3170 1829 3211 annon
1876 3163 2089 3226 oportet

2195 3157 2340 3227 νόμῳ
2380 3154 2474 3208 καὶ
2510 3156 2622 3217 τοῖς
2669 3153 2972 3226 προφήταις
2999 3152 3168 3205 πᾶσαι
3207 3151 3421 3203 κεῖνται
3459 3149 3512 3201 αἱ
3544 3143 3729 3242 ἀρεταὶζ

523 3241 697 3313 legem
751 3239 846 3296 Dei
893 3242 1154 3298 admirari
1184 3252 1238 3299 et
1282 3245 1575 3316 amplecti?
1615 3245 1752 3302 Cum
1784 3247 1929 3302 enim
1962 3245 2096 3304 'sint

524 3341 757 3403 quatuor
785 3335 1036 3399 virtutes,
1065 3336 1373 3406 prudentia,
1403 3341 1787 3410 temperantia,
1835 3339 2096 3398 fortitudo

529 3434 584 3481 et
611 3426 854 3496 justitia:
887 3442 1076 3484 omnes
1097 3429 1327 3487 virtutes
1375 3431 1518 3502 apud
1551 3432 1723 3502 legem
1775 3442 2092 3488 cernuntur.

525 3515 682 3572 Unde
714 3519 808 3590 qui
841 3519 952 3574 vult
987 3535 1110 3576 esse
1157 3529 1510 3590 temperatus,
1565 3520 1730 3578 habet
1771 3524 1824 3576 in
1857 3523 1973 3593 lege
2015 3522 2099 3576 di-

525 3609 785 3680 sciplinas
818 3629 831 3667 :
865 3613 956 3682 qui
987 3612 1168 3667 studet
1197 3621 1254 3668 ut
1285 3613 1356 3668 sit
1386 3613 1646 3682 prudens,
1689 3613 1944 3668 adhibitis
1965 3613 2097 3669 sub-

529 3702 686 3758 sidiis
727 3703 884 3772 legis,
929 3705 1188 3774 praeclare
1235 3721 1295 3762 se
1338 3704 1394 3760 in
1433 3705 1598 3762 rebus
1645 3712 1839 3776 geret:
1871 3704 2099 3774 quivult

527 3811 652 3853 esse
676 3795 852 3859 fortis,
887 3797 1126 3854 instruat
1181 3814 1240 3854 se
1296 3799 1584 3870 praeceptis
1631 3797 1766 3868 legis
1800 3797 1936 3868 :qui
1983 3797 2099 3850 vult

523 3890 795 3960 justitiam
823 3891 1066 3960 assequi,
1103 3890 1317 3962 pondus
1367 3889 1595 3961 iustitiae
1617 3897 1822 3954 teneat,
1867 3897 1921 3944 et
1963 3889 2098 3944 nihil

529 3982 795 4052 inatquale
843 3981 1027 4048 faciet,
1088 3981 1296 4039 faciens
1335 3982 1516 4036 omnia
1549 3981 1617 4037 ad
1650 3981 2098 4053 perpendiculum

526 4073 755 4144 justitiae
791 4094 804 4128 :
845 4082 898 4129 et
926 4075 1018 4144 qui
1040 4073 1218 4132 factus
1245 4083 1329 4132 est
1350 4075 1624 4147 particeps
1653 4075 1975 4146 prudentiae,
2011 4075 2098 4130 di-

530 4173 620 4221 cat
647 4185 660 4221 :
684 4165 946 4222 Dominus
983 4167 1170 4222 docuit
1212 4182 1299 4223 me
1347 4168 1692 4238 sapientiam,
1725 4175 1779 4224 et
1815 4167 2100 4240 prudentia

533 4259 772 4314 hominis
801 4274 910 4314 non
941 4269 1026 4314 est
1058 4260 1113 4314 in
1138 4275 1266 4327 me;
1300 4267 1360 4315 ut
1387 4261 1488 4316 hac
1518 4260 1639 4316 ﬁcta
1665 4269 1719 4317 et
1745 4268 1962 4317 errante
1990 4261 2100 4330 eje-

532 4353 621 4402 cta
675 4355 730 4402 et
791 4347 1094 4417 repudiata,
1158 4350 1416 4416 optimam
1487 4361 1540 4404 et
1594 4349 1831 4404 divinam
1897 4349 2102 4420 ample-

529 4447 727 4495 ctatur.

601 4611 883 4670 Pudicitia:
911 4631 1042 4672 vero
1071 4618 1318 4688 exempla
1349 4617 1558 4672 inﬁnita
1600 4621 1855 4690 reperiet,
1903 4620 1994 4690 qui
2030 4621 2100 4675 le-

528 4706 705 4776 gendo
745 4715 971 4776 qumret,
1009 4717 1067 4762 ut
1095 4711 1340 4780 exempla
1389 4710 1665 4780 pudicitia:
1719 4712 2009 4780 exprimat,
2046 4719 2100 4765 et

528 4799 752 4870 antiqua
775 4803 1020 4874 exempla
1049 4804 1116 4859 ad
1169 4805 1568 4860 ﬁrmamentum
1619 4811 1672 4860 et
1725 4805 1894 4860 robur
1933 4806 2102 4860 casti-

527 4893 659 4949 tatis
717 4897 1150 4966 complectatur:
1183 4907 1243 4952 ut
1275 4899 1418 4953 illius
1466 4897 1824 4954 adolescentis
1871 4898 1928 4952 in
1980 4898 2100 4970 ipso

526 4981 661 5039 ﬂore
688 4985 886 5048 aetatis,
927 4988 1020 5056 qui
1062 4986 1163 5041 fuit
1213 5005 1243 5042 a
1307 4987 1567 5044 fratribus
1627 4987 1880 5044 venditus
1931 4997 1985 5044 et
2032 4989 2100 5042 ab

530 5075 788 5149 Egyptio
815 5085 1068 5148 emptus;
1101 5079 1195 5148 qui
1223 5081 1525 5136 libertatem
1565 5081 1812 5152 corporis
1847 5081 2096 5145 mutavit,

529 5169 829 5226 libertatem
861 5186 992 5226 vero
1041 5173 1234 5228 animae
1283 5174 1671 5230 immutabilem
1727 5175 2096 5240 conservavit;

530 5260 624 5326 qui
653 5261 802 5316 exuit
827 5263 1072 5331 pallium,
1097 5279 1166 5317 ne
1212 5266 1474 5334 pudicitia
1505 5277 1838 5336 exueretur;
1893 5270 1982 5322 cui
2013 5268 2097 5322 vis

529 5350 744 5418 quidem
773 5353 994 5421 pallium
1019 5353 1262 5418 abstulit,
1313 5357 1615 5413 necessitas
1655 5373 1782 5413 vero
1837 5374 1942 5412 non
1987 5357 2098 5414 eri-

531 5441 647 5508 puit
677 5443 1015 5509 castitatem;
1062 5444 1154 5514 qui
1187 5444 1378 5499 maluit
1407 5447 1589 5518 aﬂligi,
1640 5465 1802 5518 quam
1855 5451 1909 5503 in
1951 5465 2099 5504 mor-

532 5533 658 5586 bum
699 5537 994 5606 voluptatis
1018 5539 1298 5605 incidere;
1332 5540 1522 5592 maluit
1567 5557 1688 5594 esse
1733 5543 1787 5595 in
1839 5542 2098 5608 vinculis,

529 5639 692 5692 quam
736 5630 854 5697 capi
908 5631 1360 5710 voluptatc;.qui
1396 5632 1656 5687 invidiam
1709 5635 1850 5704 turpi
1897 5635 2099 5690 actioni

526 5719 852 5784 praeposuit;
877 5723 968 5790 qui
1003 5725 1326 5790 existimari,
1362 5733 1417 5782 et
1451 5740 1559 5780 non
1589 5741 1712 5781 esse
1739 5726 1906 5779 voluit
1946 5743 2100 5780 :me-

525 5804 632 5882 lius
693 5809 836 5862 enim
888 5811 1192 5881 judicavit,
1225 5817 1416 5874 haberi
1463 5815 1661 5888 turpis,
1703 5831 1864 5887 quam
1911 5834 2029 5872 esse
2050 5824 2101 5872 LI.

2197 3247 2316 3312 πῶς
2343 3248 2404 3301 οὐ
2427 3245 2726 3318 θαυμάζειν
2751 3245 2830 3298 δεῖ
2859 3245 2953 3298 καὶ
2989 3241 3352 3314 ἀποδέχεσθαι
3394 3241 3481 3294 τὸν
3511 3237 3609 3292 τοῦ
3620 3231 3732 3290 Θεοῦ

2197 3339 2359 3412 νόμον
2374 3356 2389 3406 ;
2406 3337 2692 3410 Τεττάρων
2715 3336 2824 3408 γὰρ
2847 3333 3020 3390 οὐσῶν
3043 3330 3276 3422 ἀρετῶν,
3305 3330 3630 3422 φρονήσεως,
3648 3342 3730 3422 om:

2197 3429 2488 3504 φροσύνης,
2531 3425 2781 3496 ἀνδρείας
2820 3423 2912 3478 καὶ
2943 3421 3302 3492 δικαιοσύνης.
3354 3419 3470 3474 ὅλαι
3501 3413 3636 3488 παρά
3667 3413 3738 3482 τῷ*

2195 3523 2346 3594 νόμῳ
2395 3519 2674 3590 φαίνονται
2712 3519 2767 3570 αἱ
2799 3516 3008 3589 ἀρεταί.
3059 3513 3159 3568 Διά
3185 3512 3348 3566 τοῦτο
3383 3513 3412 3566 6
3450 3508 3730 3594 βουλόμενος

2197 3590 2335 3665 εἶναι
2377 3608 2606 3680 σώφρων
2645 3606 2757 3678 ἔχει
2799 3604 2868 3658 τά
2907 3602 3232 3676 μαθήματα·
3271 3603 3299 3654 6
3355 3599 3588 3654 σπεύδων
3619 3590 3736 3648 εἶναι

2199 3703 2482 3776 φρόνιμος,
2505 3701 2603 3764 τὰς
2627 3695 2879 3770 ἀφορμὰς
2895 3693 2989 3748 τοῦ
3021 3694 3186 3766 νόμον
3215 3690 3424 3757 λαϐὼν,
3461 3683 3740 3776 ἀριστεύσει.

2198 3775 2256 3850 ἐν
2287 3793 2366 3866 τῷ
2387 3792 2672 3867 πράγματι
2691 3805 2704 3820 ·
2735 3791 2764 3842 6
2803 3785 3122 3858 βουλόμενος
3153 3778 3292 3837 εἶναι
3349 3781 3583 3852 ἀνδρεῖος
3607 3775 3729 3830 ἀλειο

2199 3887 2380 3958 φέσθω
2408 3889 2528 3950 ταῖς
2571 3880 2978 3956 παραγγελίαις·
3019 3881 3048 3932 6
3081 3875 3395 3941 σπουδάζων
3431 3867 3744 3958 δικαιοσύνης.

2199 3955 2437 4050 ἀψασθαι
2458 3979 2519 4032 τὸ
2555 3955 2815 4046 σταθμίον
2835 3973 2934 4045 τῆς
2959 3968 3303 4041 δικαιοσύνης
3347 3965 3630 4040 κρατείτω,
3654 3955 3743 4012 καὶ.

2199 4071 2349 4125 οὐδὲν
2374 4071 2554 4125 ἄνισον
2575 4065 2794 4140 πράξει,
2838 4062 3063 4134 σταθμῷ
3107 4059 3456 4132 δικαιοσύνης
3489 4055 3554 4110 τά
3585 4053 3731 4107 πάντα

2201 4164 2450 4235 πράττων
2469 4179 2482 4193 ·
2512 4161 2604 4214 καὶ
2630 4158 2942 4231 φρονήσεως
2972 4153 3070 4226 μὲν
3104 4154 3162 4207 έν
3187 4149 3402 4224 μεθέξει
3433 4146 3741 4218 γιγνόμενοςν.

2199 4255 2404 4323 λεγέτω
2426 4271 2439 4284 ο
2481 4255 2536 4307 '0
2568 4252 2700 4316 Θεὸς
2742 4247 2950 4313 ὲδίδαξέ
2986 4263 3054 4318 με
3093 4246 3284 4314 σοφίαν
3308 4285 3324 4310 ,
3375 4242 3468 4297 καὶ
3509 4238 3744 4313 φρόνησις

2200 4344 2498 4418 ἀνθρώπιον
2543 4343 2644 4397 οὐκ
2682 4342 2826 4396 ἔστιν
2847 4342 2904 4394 ὲν
2940 4337 3082 4410 ἐμοί’
3125 4337 3232 4402 ῖνα,
3259 4335 3359 4409 τὴν
3387 4327 3730 4400 πεπλασμένην

2199 4433 2402 4504 ταύτην
2452 4433 2547 4486 καὶ
2598 4429 3018 4502 πεπλανημένην
3055 4425 3356 4498 ὲξωθήσας,
3399 4423 3496 4496 τὴν
3537 4418 3730 4492 ἀρίστην

2130 4533 2172 4588 D
2203 4527 2296 4580 xui.
2326 4525 2474 4578 θείαν
2503 4525 2835 4595 ἀσπάσηται.

2270 4619 2628 4692 Σωφροσύνης
2653 4619 2712 4674 δὲ
2751 4617 3120 4688 ὑποδείγματα
3148 4614 3316 4687 μυρία
3347 4612 3558 4685 εὑρήσει
3583 4599 3732 4676 ζητῶν

2201 4716 2230 4770 6
2268 4712 2676 4783 ἀναγινώσκων,
2703 4710 2770 4766 τὰ
2785 4709 3156 4780 ὑποδείγματα
3170 4704 3440 4767 ἐκτυπῶν,
3461 4701 3549 4756 καὶ
3574 4696 3730 4762 ἄλειμ-

2203 4827 2280 4881 μα
2323 4805 2674 4879 σωφροσύνης
2715 4805 2782 4858 τά
2831 4803 3038 4857 παλαιά
3077 4799 3446 4869 ὑποδείγματα
3483 4791 3730 4881 δεχόμενξις

2199 4877 2292 4955 τὸν
2330 4877 2543 4954 νεανίαν
2575 4900 2778 4952 ἐκεῖνον
2821 4897 2912 4950 τὸν
2931 4896 3182 4966 ἀκμαῖον,
3212 4891 3304 4946 τὸν
3341 4890 3448 4944 ἀπὸ
3465 4886 3568 4940 τῶν
3602 4877 3728 4935 ἀδελ-

2203 4991 2318 5062 φῶν
2363 4990 2664 5060 δεδομένον,
2711 4989 2804 5043 καὶ
2833 4987 2940 5042 ἀπὸ
2965 4985 3058 5040 τοῦ
3103 4983 3398 5054 Αἰγυπτίου
3441 4973 3725 5046 ἐωνημένον.

2199 5083 2290 5137 τὸν
2317 5083 2416 5154 τὴν
2456 5081 2764 5153 ἐλευθερίαν
2799 5079 2896 5150 τῆς
2931 5077 3108 5149 ψυχῆς
3134 5077 3417 5146 διετήρησε
3448 5069 3727 5133 διατετηρηο

2201 5175 2362 5228 κόταο
2393 5174 2482 5228 τδν
2512 5171 2914 5242 ἀποδυσάμενον
2941 5167 3009 5222 τὰ
3047 5167 3267 5238 ἱμάτια,
3297 5163 3382 5217 ἴνα
3418 5160 3490 5232 μὴ
3512 5156 3603 5226 τὴν
3640 5165 3726 5204 σω-

2203 5264 2472 5341 φροσύνην
2498 5263 2830 5334 ἁποδύσηται
2849 5277 2862 5291 ⁸
2891 5261 2980 5313 τὸν
3011 5259 3100 5334 βία
3138 5257 3236 5328 μὲν
3279 5257 3346 5308 τὰ
3387 5251 3568 5325 ἱμάτια
3595 5245 3728 5341 ﬁt???

2204 5330 2449 5429 ρέθέντα,
2475 5359 2549 5430 ἐξ,
2562 5330 2804 5425 ἀνάγκης
2825 5351 2881 5406 δὲ
2917 5330 3266 5425 σωφροσύνης
3294 5347 3366 5419 μὴ
3393 5330 3727 5430 ἀποσπασθέν-

2201 5468 2268 5504 τα
2287 5467 2301 5482 °
2335 5451 2426 5503 τὸν
2461 5450 2650 5502 παθεῖν
2677 5447 2952 5517 ἑλόμενον,
2981 5444 3068 5497 ἵνα
3104 5442 3178 5513 μὴ
3207 5439 3283 5510 τῷ
3318 5435 3476 5490 πάθει
3505 5431 3596 5500 τῆς
3623 5423 3722 5521 ἡδί)-

2201 5541 2300 5611 νῆς
2335 5541 2473 5612 πέσῃ
2494 5557 2506 5570 ο
2539 5539 2631 5592 τὸν
2659 5537 2779 5591 ἀντὶ
2800 5533 3004 5598 πάθους
3035 5533 3132 5604 τῆς
3165 5530 3355 5603 ἡδονῆς
3395 5529 3451 5579 ἐν
3479 5521 3614 5620 τάξει
3637 5524 3722 5620 ita?!

2202 5633 2435 5703 δεσμίων
2456 5611 2724 5702 γεγονότα
2741 5647 2756 5660 ο
2787 5628 2878 5681 τὸν
2901 5626 3150 5698 ἑλόμενον
3173 5621 3450 5693 δεσμώτην
3479 5611 3618 5672 εἶναι,
3653 5611 3722 5712 illa

2207 5725 2282 5797 μὴ
2301 5725 2519 5797 δέσμιος
2557 5725 2654 5794 τῆς
2693 5721 2887 5793 ἡδονῆς
2927 5719 3154 5792 εύρεθῇ’
3191 5717 3280 5770 τὸν
3318 5711 3506 5782 φθόνον
3653 5705 3723 5802 af:

2207 5779 2374 5890 .czpig
2399 5779 2653 5888 ,πράξεως
2679 5811 3067 5885 προκρίνανταο
3085 5808 3172 5862 τὸν
3196 5803 3502 5876 νομισθῆναι
3534 5795 3560 5848 ὃ
3583 5788 3646 5862 μὴ
3666 5779 3722 5854 ἦν
