  <div class='ocr_page' id='page_1' title='image "/cluster/home/n/w/nwhite01/storage/ocr_20150623/18/mdp.39015008168943/644.png"; bbox 0 0 4038 6288; ppageno 0'>
   <div class='ocr_carea' id='block_1_1' title="bbox 322 344 455 402">
    <p class='ocr_par' dir='ltr' id='par_1_1' title="bbox 322 344 455 402">
     <span class='ocr_line' id='line_1_1' title="bbox 322 344 455 402; baseline -0.015 -2"><span class='ocrx_word' id='word_1_1' title='bbox 322 344 455 402; x_wconf 71' lang='grc'><strong>1257</strong></span> 
     </span>
    </p>
   </div>
   <div class='ocr_carea' id='block_1_2' title="bbox 1335 343 2465 404">
    <p class='ocr_par' dir='ltr' id='par_1_2' title="bbox 1335 343 2465 404">
     <span class='ocr_line' id='line_1_2' title="bbox 1335 343 2465 404; baseline 0.006 -7"><span class='ocrx_word' id='word_1_2' title='bbox 1335 343 1710 400; x_wconf 81' lang='lat' dir='ltr'><strong>ADVERSUS</strong></span> <span class='ocrx_word' id='word_1_3' title='bbox 1750 344 2182 404; x_wconf 68' lang='lat' dir='ltr'><strong>MANICHA&#39;IOS</strong></span> <span class='ocrx_word' id='word_1_4' title='bbox 2219 346 2347 402; x_wconf 88' lang='lat' dir='ltr'><strong>LIB.</strong></span> <span class='ocrx_word' id='word_1_5' title='bbox 2377 346 2465 404; x_wconf 73' lang='lat' dir='ltr'><strong>llf.</strong></span> 
     </span>
    </p>
   </div>
   <div class='ocr_carea' id='block_1_3' title="bbox 3422 349 3561 405">
    <p class='ocr_par' dir='ltr' id='par_1_3' title="bbox 3422 349 3561 405">
     <span class='ocr_line' id='line_1_3' title="bbox 3422 349 3561 405; baseline 0.022 -3"><span class='ocrx_word' id='word_1_6' title='bbox 3422 349 3561 405; x_wconf 69' lang='grc'><strong>12⁸58</strong></span> 
     </span>
    </p>
   </div>
   <div class='ocr_carea' id='block_1_4' title="bbox 315 456 1895 533">
    <p class='ocr_par' dir='ltr' id='par_1_4' title="bbox 315 456 1890 533">
     <span class='ocr_line' id='line_1_4' title="bbox 315 456 1890 533; baseline -0.004 -15"><span class='ocrx_word' id='word_1_7' title='bbox 315 460 671 533; x_wconf 76' lang='grc' dir='ltr'>βουληθέντα·</span> <span class='ocrx_word' id='word_1_8' title='bbox 727 458 942 514; x_wconf 82' lang='grc' dir='ltr'>κάλλιον</span> <span class='ocrx_word' id='word_1_9' title='bbox 980 459 1088 531; x_wconf 76' lang='grc' dir='ltr'>γὰρ</span> <span class='ocrx_word' id='word_1_10' title='bbox 1136 456 1417 526; x_wconf 76' lang='grc' dir='ltr'><strong>ἐλογίσατο</strong></span> <span class='ocrx_word' id='word_1_11' title='bbox 1467 459 1529 511; x_wconf 80' lang='grc' dir='ltr'>τὸ</span> <span class='ocrx_word' id='word_1_12' title='bbox 1570 458 1890 531; x_wconf 81' lang='grc' dir='ltr'>νομισθῆναι</span> 
     </span>
    </p>
   </div>
   <div class='ocr_carea' id='block_1_5' title="bbox 1999 456 3564 533">
    <p class='ocr_par' dir='ltr' id='par_1_5' title="bbox 1999 462 3564 533">
     <span class='ocr_line' id='line_1_5' title="bbox 1999 462 3564 533; baseline 0.007 -19"><span class='ocrx_word' id='word_1_13' title='bbox 1999 462 2204 517; x_wconf 89' lang='lat' dir='ltr'><strong>latere:</strong></span> <span class='ocrx_word' id='word_1_14' title='bbox 2260 463 2307 517; x_wconf 87' lang='lat' dir='ltr'><strong>si</strong></span> <span class='ocrx_word' id='word_1_15' title='bbox 2335 462 2482 517; x_wconf 89' lang='lat' dir='ltr'><strong>enim</strong></span> <span class='ocrx_word' id='word_1_16' title='bbox 2516 471 2659 519; x_wconf 86' lang='lat' dir='ltr'><strong>esset</strong></span> <span class='ocrx_word' id='word_1_17' title='bbox 2690 471 2743 519; x_wconf 90' lang='lat' dir='ltr'><strong>et</strong></span> <span class='ocrx_word' id='word_1_18' title='bbox 2799 467 3009 533; x_wconf 93' lang='lat' dir='ltr'><strong>lateret,</strong></span> <span class='ocrx_word' id='word_1_19' title='bbox 3054 468 3327 523; x_wconf 90' lang='lat' dir='ltr'><strong>metuebat</strong></span> <span class='ocrx_word' id='word_1_20' title='bbox 3371 476 3564 526; x_wconf 81' lang='lat' dir='ltr'><strong>testem</strong></span> 
     </span>
    </p>
   </div>
   <div class='ocr_carea' id='block_1_6' title="bbox 311 548 1892 625">
    <p class='ocr_par' dir='ltr' id='par_1_6' title="bbox 311 548 1892 625">
     <span class='ocr_line' id='line_1_6' title="bbox 311 548 1892 625; baseline -0.002 -18"><span class='ocrx_word' id='word_1_21' title='bbox 311 553 561 625; x_wconf 74' lang='grc' dir='ltr'>αίσχρὺν,</span> <span class='ocrx_word' id='word_1_22' title='bbox 588 553 624 623; x_wconf 76' lang='grc' dir='ltr'><strong>ἢ</strong></span> <span class='ocrx_word' id='word_1_23' title='bbox 659 548 799 605; x_wconf 79' lang='grc' dir='ltr'>εἶναι</span> <span class='ocrx_word' id='word_1_24' title='bbox 831 551 926 605; x_wconf 78' lang='grc' dir='ltr'>καὶ</span> <span class='ocrx_word' id='word_1_25' title='bbox 970 549 1262 604; x_wconf 84' lang='grc' dir='ltr'>,λανθάνειν</span> <span class='ocrx_word' id='word_1_26' title='bbox 1282 565 1296 579; x_wconf 90' lang='grc'><strong>·</strong></span> <span class='ocrx_word' id='word_1_27' title='bbox 1341 549 1625 619; x_wconf 81' lang='grc' dir='ltr'><strong>γινόμενος</strong></span> <span class='ocrx_word' id='word_1_28' title='bbox 1658 548 1767 621; x_wconf 84' lang='grc' dir='ltr'>γὰρ</span> <span class='ocrx_word' id='word_1_29' title='bbox 1796 551 1892 604; x_wconf 75' lang='grc' dir='ltr'><strong>καὶ</strong></span> 
     </span>
    </p>
   </div>
   <div class='ocr_carea' id='block_1_7' title="bbox 310 638 1892 711">
    <p class='ocr_par' dir='ltr' id='par_1_7' title="bbox 310 638 1892 711">
     <span class='ocr_line' id='line_1_7' title="bbox 310 638 1892 711; baseline -0.003 -15"><span class='ocrx_word' id='word_1_30' title='bbox 310 641 607 706; x_wconf 82' lang='grc' dir='ltr'>λανθάνων,</span> <span class='ocrx_word' id='word_1_31' title='bbox 645 641 827 695; x_wconf 84' lang='grc' dir='ltr'>ἐδεδίει</span> <span class='ocrx_word' id='word_1_32' title='bbox 877 641 1130 711; x_wconf 85' lang='grc' dir='ltr'>μάρτυρα</span> <span class='ocrx_word' id='word_1_33' title='bbox 1179 639 1269 692; x_wconf 81' lang='grc' dir='ltr'><strong>τὸν</strong></span> <span class='ocrx_word' id='word_1_34' title='bbox 1309 638 1473 692; x_wconf 86' lang='grc' dir='ltr'>Θεόν·</span> <span class='ocrx_word' id='word_1_35' title='bbox 1510 638 1786 709; x_wconf 80' lang='grc' dir='ltr'>νομισθεὶς</span> <span class='ocrx_word' id='word_1_36' title='bbox 1813 638 1892 703; x_wconf 84' lang='grc' dir='ltr'><strong>δὲ,</strong></span> 
     </span>
    </p>
   </div>
   <div class='ocr_carea' id='block_1_8' title="bbox 312 732 1890 805">
    <p class='ocr_par' dir='ltr' id='par_1_8' title="bbox 312 732 1890 805">
     <span class='ocr_line' id='line_1_8' title="bbox 312 732 1890 805; baseline -0.002 -18"><span class='ocrx_word' id='word_1_37' title='bbox 312 736 534 805; x_wconf 76' lang='grc' dir='ltr'>ἠρκεῖτο</span> <span class='ocrx_word' id='word_1_38' title='bbox 579 732 659 804; x_wconf 83' lang='grc' dir='ltr'><strong>τῷ</strong></span> <span class='ocrx_word' id='word_1_39' title='bbox 714 734 926 805; x_wconf 82' lang='grc' dir='ltr'>ἐπόπτῃ</span> <span class='ocrx_word' id='word_1_40' title='bbox 970 732 1334 804; x_wconf 75' lang='grc' dir='ltr'><strong>μαρτυροῦντι</strong></span> <span class='ocrx_word' id='word_1_41' title='bbox 1377 734 1490 795; x_wconf 87' lang='grc' dir='ltr'>τοῖς</span> <span class='ocrx_word' id='word_1_42' title='bbox 1528 732 1890 803; x_wconf 87' lang='grc' dir='ltr'>γιγνομένοις.</span> 
     </span>
    </p>
   </div>
   <div class='ocr_carea' id='block_1_9' title="bbox 310 822 1631 895">
    <p class='ocr_par' dir='ltr' id='par_1_9' title="bbox 310 822 1631 895">
     <span class='ocr_line' id='line_1_9' title="bbox 310 822 1631 895; baseline 0 -18"><span class='ocrx_word' id='word_1_43' title='bbox 310 824 424 879; x_wconf 71' lang='grc' dir='ltr'>Καὶ</span> <span class='ocrx_word' id='word_1_44' title='bbox 456 826 555 894; x_wconf 81' lang='grc' dir='ltr'><strong>τῆς</strong></span> <span class='ocrx_word' id='word_1_45' title='bbox 594 823 695 892; x_wconf 88' lang='grc' dir='ltr'>μὲν</span> <span class='ocrx_word' id='word_1_46' title='bbox 733 822 1088 895; x_wconf 87' lang='grc' dir='ltr'>σωφροσύνης</span> <span class='ocrx_word' id='word_1_47' title='bbox 1119 822 1424 893; x_wconf 74' lang='grc' dir='ltr'><strong>ὑπόδειγμα</strong></span> <span class='ocrx_word' id='word_1_48' title='bbox 1453 822 1631 877; x_wconf 73' lang='grc' dir='ltr'>τοῦτο.</span> 
     </span>
    </p>
   </div>
   <div class='ocr_carea' id='block_1_10' title="bbox 382 913 1894 986">
    <p class='ocr_par' dir='ltr' id='par_1_10' title="bbox 382 913 1894 986">
     <span class='ocr_line' id='line_1_10' title="bbox 382 913 1894 986; baseline 0 -18"><span class='ocrx_word' id='word_1_49' title='bbox 382 913 497 983; x_wconf 83' lang='grc' dir='ltr'><strong>Τῆς</strong></span> <span class='ocrx_word' id='word_1_50' title='bbox 535 913 594 966; x_wconf 80' lang='grc' dir='ltr'>δὲ</span> <span class='ocrx_word' id='word_1_51' title='bbox 622 913 873 985; x_wconf 82' lang='grc' dir='ltr'><strong>ἀνδρείας</strong></span> <span class='ocrx_word' id='word_1_52' title='bbox 907 915 1078 969; x_wconf 80' lang='grc' dir='ltr'>πολλὰ</span> <span class='ocrx_word' id='word_1_53' title='bbox 1109 916 1206 986; x_wconf 85' lang='grc' dir='ltr'>μὲν</span> <span class='ocrx_word' id='word_1_54' title='bbox 1234 915 1328 969; x_wconf 70' lang='grc' dir='ltr'><strong>καὶ</strong></span> <span class='ocrx_word' id='word_1_55' title='bbox 1360 914 1515 979; x_wconf 83' lang='grc' dir='ltr'>ἄλλα,</span> <span class='ocrx_word' id='word_1_56' title='bbox 1540 915 1721 968; x_wconf 81' lang='grc' dir='ltr'>ἱκανὸν</span> <span class='ocrx_word' id='word_1_57' title='bbox 1747 914 1803 967; x_wconf 88' lang='grc' dir='ltr'><strong>δέ</strong></span> <span class='ocrx_word' id='word_1_58' title='bbox 1832 916 1894 968; x_wconf 87' lang='grc' dir='ltr'><strong>τὸ</strong></span> 
     </span>
    </p>
   </div>
   <div class='ocr_carea' id='block_1_11' title="bbox 311 998 1893 1076">
    <p class='ocr_par' dir='ltr' id='par_1_11' title="bbox 311 998 1893 1076">
     <span class='ocr_line' id='line_1_11' title="bbox 311 998 1893 1076; baseline -0.001 -20"><span class='ocrx_word' id='word_1_59' title='bbox 311 1003 409 1075; x_wconf 83' lang='grc' dir='ltr'>τῆς</span> <span class='ocrx_word' id='word_1_60' title='bbox 441 1002 654 1067; x_wconf 82' lang='grc' dir='ltr'>Ἰουδὶθ,</span> <span class='ocrx_word' id='word_1_61' title='bbox 687 1005 770 1057; x_wconf 84' lang='grc' dir='ltr'>ὅτι</span> <span class='ocrx_word' id='word_1_62' title='bbox 808 1004 1030 1073; x_wconf 88' lang='grc' dir='ltr'>γύναιον</span> <span class='ocrx_word' id='word_1_63' title='bbox 1075 1000 1175 1076; x_wconf 80' lang='grc' dir='ltr'><strong>ἦν,</strong></span> <span class='ocrx_word' id='word_1_64' title='bbox 1230 1005 1323 1057; x_wconf 75' lang='grc' dir='ltr'><strong>καὶ</strong></span> <span class='ocrx_word' id='word_1_65' title='bbox 1372 1002 1596 1066; x_wconf 83' lang='grc' dir='ltr'>ἀσθενὲς</span> <span class='ocrx_word' id='word_1_66' title='bbox 1647 998 1749 1073; x_wconf 79' lang='grc' dir='ltr'><strong>ἦν,</strong></span> <span class='ocrx_word' id='word_1_67' title='bbox 1798 1002 1893 1054; x_wconf 76' lang='grc' dir='ltr'><strong>καὶ</strong></span> 
     </span>
    </p>
   </div>
   <div class='ocr_carea' id='block_1_12' title="bbox 312 1088 1893 1165">
    <p class='ocr_par' dir='ltr' id='par_1_12' title="bbox 312 1088 1893 1165">
     <span class='ocr_line' id='line_1_12' title="bbox 312 1088 1893 1165; baseline -0.001 -19"><span class='ocrx_word' id='word_1_68' title='bbox 312 1091 542 1163; x_wconf 77' lang='grc' dir='ltr'><strong>ἄτολμον</strong></span> <span class='ocrx_word' id='word_1_69' title='bbox 572 1088 662 1164; x_wconf 79' lang='grc' dir='ltr'><strong>ἣν,</strong></span> <span class='ocrx_word' id='word_1_70' title='bbox 714 1094 835 1146; x_wconf 76' lang='grc' dir='ltr'>ἐπεὶ</span> <span class='ocrx_word' id='word_1_71' title='bbox 879 1093 1099 1162; x_wconf 92' lang='grc' dir='ltr'>γύναιον</span> <span class='ocrx_word' id='word_1_72' title='bbox 1134 1089 1221 1165; x_wconf 79' lang='grc' dir='ltr'><strong>ἧν.</strong></span> <span class='ocrx_word' id='word_1_73' title='bbox 1259 1092 1530 1162; x_wconf 80' lang='grc' dir='ltr'>Εὐτολμον</span> <span class='ocrx_word' id='word_1_74' title='bbox 1565 1092 1622 1145; x_wconf 81' lang='grc' dir='ltr'><strong>δὲ</strong></span> <span class='ocrx_word' id='word_1_75' title='bbox 1675 1091 1768 1144; x_wconf 77' lang='grc' dir='ltr'>καὶ</span> <span class='ocrx_word' id='word_1_76' title='bbox 1800 1092 1893 1145; x_wconf 86' lang='grc' dir='ltr'><strong>ἀν-</strong></span> 
     </span>
    </p>
   </div>
   <div class='ocr_carea' id='block_1_13' title="bbox 312 1182 1891 1257">
    <p class='ocr_par' dir='ltr' id='par_1_13' title="bbox 312 1182 1891 1257">
     <span class='ocr_line' id='line_1_13' title="bbox 312 1182 1891 1257; baseline -0.001 -19"><span class='ocrx_word' id='word_1_77' title='bbox 312 1185 511 1257; x_wconf 85' lang='grc' dir='ltr'>δρεῖον,</span> <span class='ocrx_word' id='word_1_78' title='bbox 542 1186 665 1239; x_wconf 81' lang='grc' dir='ltr'>ἐπεὶ</span> <span class='ocrx_word' id='word_1_79' title='bbox 689 1187 877 1248; x_wconf 81' lang='grc' dir='ltr'>πιστὸν</span> <span class='ocrx_word' id='word_1_80' title='bbox 907 1182 974 1257; x_wconf 84' lang='grc' dir='ltr'><strong>ἦν</strong></span> <span class='ocrx_word' id='word_1_81' title='bbox 993 1204 1006 1217; x_wconf 88' lang='grc'><strong>·</strong></span> <span class='ocrx_word' id='word_1_82' title='bbox 1036 1187 1118 1240; x_wconf 82' lang='grc' dir='ltr'><strong>ὅτι</strong></span> <span class='ocrx_word' id='word_1_83' title='bbox 1153 1186 1221 1239; x_wconf 86' lang='grc' dir='ltr'>τὰ</span> <span class='ocrx_word' id='word_1_84' title='bbox 1247 1186 1485 1240; x_wconf 81' lang='grc' dir='ltr'>ἀδύνατα</span> <span class='ocrx_word' id='word_1_85' title='bbox 1510 1187 1627 1249; x_wconf 90' lang='grc' dir='ltr'>ταῖς</span> <span class='ocrx_word' id='word_1_86' title='bbox 1665 1183 1891 1254; x_wconf 85' lang='grc' dir='ltr'>προσδο-</span> 
     </span>
    </p>
   </div>
   <div class='ocr_carea' id='block_1_14' title="bbox 314 1275 1886 1351">
    <p class='ocr_par' dir='ltr' id='par_1_14' title="bbox 314 1275 1886 1351">
     <span class='ocr_line' id='line_1_14' title="bbox 314 1275 1886 1351; baseline -0.003 -18"><span class='ocrx_word' id='word_1_87' title='bbox 314 1279 464 1342; x_wconf 83' lang='grc' dir='ltr'>κίαις</span> <span class='ocrx_word' id='word_1_88' title='bbox 496 1278 604 1332; x_wconf 82' lang='grc' dir='ltr'><strong>τῶν</strong></span> <span class='ocrx_word' id='word_1_89' title='bbox 629 1278 928 1351; x_wconf 85' lang='grc' dir='ltr'>ἀνθρώπων</span> <span class='ocrx_word' id='word_1_90' title='bbox 958 1279 1158 1334; x_wconf 89' lang='grc' dir='ltr'>δυνατά</span> <span class='ocrx_word' id='word_1_91' title='bbox 1187 1282 1252 1351; x_wconf 79' lang='grc' dir='ltr'>τῇ</span> <span class='ocrx_word' id='word_1_92' title='bbox 1279 1277 1499 1349; x_wconf 74' lang='grc' dir='ltr'>ἀνδρεία</span> <span class='ocrx_word' id='word_1_93' title='bbox 1532 1275 1886 1330; x_wconf 83' lang='grc' dir='ltr'><strong>ἀποδέδωκεν·</strong></span> 
     </span>
    </p>
   </div>
   <div class='ocr_carea' id='block_1_15' title="bbox 314 1367 1892 1441">
    <p class='ocr_par' dir='ltr' id='par_1_15' title="bbox 314 1367 1892 1441">
     <span class='ocr_line' id='line_1_15' title="bbox 314 1367 1892 1441; baseline -0.003 -19"><span class='ocrx_word' id='word_1_94' title='bbox 314 1370 396 1423; x_wconf 85' lang='grc' dir='ltr'>ὃτι</span> <span class='ocrx_word' id='word_1_95' title='bbox 437 1369 507 1424; x_wconf 88' lang='grc' dir='ltr'><strong>τά</strong></span> <span class='ocrx_word' id='word_1_96' title='bbox 540 1370 918 1441; x_wconf 85' lang='grc' dir='ltr'><strong>ἀπροσδόκητα</strong></span> <span class='ocrx_word' id='word_1_97' title='bbox 960 1372 1039 1434; x_wconf 87' lang='grc' dir='ltr'><strong>είς</strong></span> <span class='ocrx_word' id='word_1_98' title='bbox 1089 1370 1271 1424; x_wconf 89' lang='grc' dir='ltr'>πίστιν</span> <span class='ocrx_word' id='word_1_99' title='bbox 1313 1370 1405 1422; x_wconf 77' lang='grc' dir='ltr'>καὶ</span> <span class='ocrx_word' id='word_1_100' title='bbox 1455 1367 1647 1421; x_wconf 78' lang='grc' dir='ltr'>ἐλπίδα</span> <span class='ocrx_word' id='word_1_101' title='bbox 1683 1368 1892 1437; x_wconf 73' lang='grc' dir='ltr'>ἤγαγεν</span> 
     </span>
    </p>
   </div>
   <div class='ocr_carea' id='block_1_16' title="bbox 315 1456 1892 1533">
    <p class='ocr_par' dir='ltr' id='par_1_16' title="bbox 315 1456 1892 1533">
     <span class='ocr_line' id='line_1_16' title="bbox 315 1456 1892 1533; baseline -0.003 -19"><span class='ocrx_word' id='word_1_102' title='bbox 315 1460 535 1533; x_wconf 84' lang='grc' dir='ltr'>ἀνδρεία</span> <span class='ocrx_word' id='word_1_103' title='bbox 567 1460 745 1514; x_wconf 88' lang='grc' dir='ltr'>πίστει</span> <span class='ocrx_word' id='word_1_104' title='bbox 791 1464 1124 1533; x_wconf 87' lang='grc' dir='ltr'>κεκερακυῖα</span> <span class='ocrx_word' id='word_1_105' title='bbox 1143 1478 1157 1491; x_wconf 88' lang='grc'><strong>·</strong></span> <span class='ocrx_word' id='word_1_106' title='bbox 1186 1461 1255 1514; x_wconf 76' lang='grc' dir='ltr'>τὰ</span> <span class='ocrx_word' id='word_1_107' title='bbox 1284 1461 1392 1532; x_wconf 78' lang='grc' dir='ltr'>γὰρ</span> <span class='ocrx_word' id='word_1_108' title='bbox 1412 1460 1589 1530; x_wconf 83' lang='grc' dir='ltr'>τειχία</span> <span class='ocrx_word' id='word_1_109' title='bbox 1626 1456 1892 1528; x_wconf 77' lang='grc' dir='ltr'>ἀνεῴγον-</span> 
     </span>
    </p>
   </div>
   <div class='ocr_carea' id='block_1_17' title="bbox 314 1550 1891 1623">
    <p class='ocr_par' dir='ltr' id='par_1_17' title="bbox 314 1550 1891 1623">
     <span class='ocr_line' id='line_1_17' title="bbox 314 1550 1891 1623; baseline -0.002 -17"><span class='ocrx_word' id='word_1_110' title='bbox 314 1570 403 1617; x_wconf 82' lang='grc' dir='ltr'><strong>το,</strong></span> <span class='ocrx_word' id='word_1_111' title='bbox 441 1553 535 1605; x_wconf 73' lang='lat' dir='ltr'><strong>ml.</strong></span> <span class='ocrx_word' id='word_1_112' title='bbox 566 1551 711 1623; x_wconf 77' lang='grc' dir='ltr'>ἐξῄει</span> <span class='ocrx_word' id='word_1_113' title='bbox 742 1555 776 1623; x_wconf 82' lang='grc' dir='ltr'><strong>ἡ</strong></span> <span class='ocrx_word' id='word_1_114' title='bbox 812 1554 991 1616; x_wconf 77' lang='grc' dir='ltr'>νεᾶνις</span> <span class='ocrx_word' id='word_1_115' title='bbox 1013 1571 1027 1584; x_wconf 93' lang='grc'><strong>·</strong></span> <span class='ocrx_word' id='word_1_116' title='bbox 1072 1554 1167 1606; x_wconf 79' lang='grc' dir='ltr'><strong>καὶ</strong></span> <span class='ocrx_word' id='word_1_117' title='bbox 1202 1552 1341 1623; x_wconf 84' lang='grc' dir='ltr'><strong>μετά</strong></span> <span class='ocrx_word' id='word_1_118' title='bbox 1384 1550 1677 1621; x_wconf 82' lang='grc' dir='ltr'>παιδίσκης</span> <span class='ocrx_word' id='word_1_119' title='bbox 1725 1551 1891 1620; x_wconf 82' lang='grc' dir='ltr'>μόνης</span> 
     </span>
    </p>
   </div>
   <div class='ocr_carea' id='block_1_18' title="bbox 315 1640 1890 1716">
    <p class='ocr_par' dir='ltr' id='par_1_18' title="bbox 315 1640 1890 1716">
     <span class='ocr_line' id='line_1_18' title="bbox 315 1640 1890 1716; baseline -0.004 -17"><span class='ocrx_word' id='word_1_120' title='bbox 315 1643 482 1716; x_wconf 71' lang='grc' dir='ltr'>ἐξῄει,</span> <span class='ocrx_word' id='word_1_121' title='bbox 524 1645 584 1699; x_wconf 89' lang='grc' dir='ltr'><strong>οὐ</strong></span> <span class='ocrx_word' id='word_1_122' title='bbox 627 1644 688 1698; x_wconf 77' lang='grc' dir='ltr'>τὺ</span> <span class='ocrx_word' id='word_1_123' title='bbox 716 1644 954 1698; x_wconf 77' lang='grc' dir='ltr'>ὕποπτον</span> <span class='ocrx_word' id='word_1_124' title='bbox 993 1644 1087 1698; x_wconf 79' lang='grc' dir='ltr'><strong>τοῦ</strong></span> <span class='ocrx_word' id='word_1_125' title='bbox 1126 1644 1355 1708; x_wconf 79' lang='grc' dir='ltr'>κάλολους</span> <span class='ocrx_word' id='word_1_126' title='bbox 1403 1642 1676 1705; x_wconf 82' lang='grc' dir='ltr'>δειλιῶσα,</span> <span class='ocrx_word' id='word_1_127' title='bbox 1721 1641 1781 1694; x_wconf 89' lang='grc' dir='ltr'><strong>οὐ</strong></span> <span class='ocrx_word' id='word_1_128' title='bbox 1822 1640 1890 1693; x_wconf 86' lang='grc' dir='ltr'><strong>τά</strong></span> 
     </span>
    </p>
   </div>
   <div class='ocr_carea' id='block_1_19' title="bbox 315 1732 1889 1809">
    <p class='ocr_par' dir='ltr' id='par_1_19' title="bbox 315 1732 1889 1809">
     <span class='ocr_line' id='line_1_19' title="bbox 315 1732 1889 1809; baseline -0.003 -22"><span class='ocrx_word' id='word_1_129' title='bbox 315 1735 444 1808; x_wconf 82' lang='grc' dir='ltr'>ξίφη</span> <span class='ocrx_word' id='word_1_130' title='bbox 476 1735 845 1809; x_wconf 89' lang='grc' dir='ltr'>εὐλαϐουμένη</span> <span class='ocrx_word' id='word_1_131' title='bbox 866 1776 880 1802; x_wconf 93' lang='grc'><strong>,</strong></span> <span class='ocrx_word' id='word_1_132' title='bbox 916 1737 976 1789; x_wconf 92' lang='grc' dir='ltr'><strong>οὐ</strong></span> <span class='ocrx_word' id='word_1_133' title='bbox 1008 1736 1303 1807; x_wconf 90' lang='grc' dir='ltr'>φοϐηθεῖσα</span> <span class='ocrx_word' id='word_1_134' title='bbox 1353 1735 1427 1805; x_wconf 83' lang='grc' dir='ltr'>μὴ</span> <span class='ocrx_word' id='word_1_135' title='bbox 1470 1733 1766 1804; x_wconf 81' lang='grc' dir='ltr'>λαγνεύσῃ,</span> <span class='ocrx_word' id='word_1_136' title='bbox 1815 1732 1889 1802; x_wconf 82' lang='grc' dir='ltr'>μὴ</span> 
     </span>
    </p>
   </div>
   <div class='ocr_carea' id='block_1_20' title="bbox 1995 551 3563 621">
    <p class='ocr_par' dir='ltr' id='par_1_20' title="bbox 1995 551 3563 621">
     <span class='ocr_line' id='line_1_20' title="bbox 1995 551 3563 621; baseline 0.006 -16"><span class='ocrx_word' id='word_1_137' title='bbox 1995 551 2195 621; x_wconf 89' lang='lat' dir='ltr'><strong>Deum;</strong></span> <span class='ocrx_word' id='word_1_138' title='bbox 2221 553 2305 609; x_wconf 93' lang='lat' dir='ltr'><strong>sin</strong></span> <span class='ocrx_word' id='word_1_139' title='bbox 2327 568 2455 609; x_wconf 88' lang='lat' dir='ltr'><strong>vero</strong></span> <span class='ocrx_word' id='word_1_140' title='bbox 2478 553 2791 620; x_wconf 81' lang='lat' dir='ltr'><strong>haberetur,</strong></span> <span class='ocrx_word' id='word_1_141' title='bbox 2808 564 3100 612; x_wconf 91' lang='lat' dir='ltr'><strong>contentus</strong></span> <span class='ocrx_word' id='word_1_142' title='bbox 3116 564 3233 612; x_wconf 90' lang='lat' dir='ltr'><strong>erat</strong></span> <span class='ocrx_word' id='word_1_143' title='bbox 3259 565 3396 614; x_wconf 81' lang='lat' dir='ltr'><strong>teste</strong></span> <span class='ocrx_word' id='word_1_144' title='bbox 3420 558 3563 615; x_wconf 69' lang='lat' dir='ltr'><strong>facta</strong></span> 
     </span>
    </p>
   </div>
   <div class='ocr_carea' id='block_1_21' title="bbox 1994 644 3565 719">
    <p class='ocr_par' dir='ltr' id='par_1_21' title="bbox 1994 644 3565 719">
     <span class='ocr_line' id='line_1_21' title="bbox 1994 644 3565 719; baseline 0.005 -22"><span class='ocrx_word' id='word_1_145' title='bbox 1994 645 2354 715; x_wconf 87' lang='lat' dir='ltr'><strong>inspectante.</strong></span> <span class='ocrx_word' id='word_1_146' title='bbox 2436 644 2614 716; x_wconf 86' lang='lat' dir='ltr'><strong>Atque</strong></span> <span class='ocrx_word' id='word_1_147' title='bbox 2687 647 2965 718; x_wconf 78' lang='lat' dir='ltr'><strong>pudicitia:</strong></span> <span class='ocrx_word' id='word_1_148' title='bbox 3031 648 3247 719; x_wconf 82' lang='lat' dir='ltr'><strong>quidem</strong></span> <span class='ocrx_word' id='word_1_149' title='bbox 3317 650 3433 705; x_wconf 84' lang='lat' dir='ltr'><strong>hoe</strong></span> <span class='ocrx_word' id='word_1_150' title='bbox 3491 650 3565 705; x_wconf 85' lang='lat' dir='ltr'><strong>sit</strong></span> 
     </span>
    </p>
   </div>
   <div class='ocr_carea' id='block_1_22' title="bbox 1993 738 2323 808">
    <p class='ocr_par' dir='ltr' id='par_1_22' title="bbox 1993 738 2323 808">
     <span class='ocr_line' id='line_1_22' title="bbox 1993 738 2323 808; baseline 0.006 -16"><span class='ocrx_word' id='word_1_151' title='bbox 1993 738 2323 808; x_wconf 83' lang='lat' dir='ltr'><strong>exemplum.</strong></span> 
     </span>
    </p>
   </div>
   <div class='ocr_carea' id='block_1_23' title="bbox 2066 913 3561 986">
    <p class='ocr_par' dir='ltr' id='par_1_23' title="bbox 2066 913 3561 986">
     <span class='ocr_line' id='line_1_23' title="bbox 2066 913 3561 986; baseline 0.001 -19"><span class='ocrx_word' id='word_1_152' title='bbox 2066 913 2425 970; x_wconf 87' lang='lat' dir='ltr'><strong>Fortitudinis</strong></span> <span class='ocrx_word' id='word_1_153' title='bbox 2456 929 2585 969; x_wconf 89' lang='lat' dir='ltr'><strong>vero</strong></span> <span class='ocrx_word' id='word_1_154' title='bbox 2622 914 2791 970; x_wconf 89' lang='lat' dir='ltr'><strong>multa</strong></span> <span class='ocrx_word' id='word_1_155' title='bbox 2843 915 3059 986; x_wconf 84' lang='lat' dir='ltr'><strong>quidem</strong></span> <span class='ocrx_word' id='word_1_156' title='bbox 3100 922 3227 971; x_wconf 89' lang='lat' dir='ltr'><strong>sunt</strong></span> <span class='ocrx_word' id='word_1_157' title='bbox 3260 914 3387 979; x_wconf 88' lang='lat' dir='ltr'><strong>alia,</strong></span> <span class='ocrx_word' id='word_1_158' title='bbox 3430 914 3561 969; x_wconf 81' lang='lat' dir='ltr'><strong>satis</strong></span> 
     </span>
    </p>
   </div>
   <div class='ocr_carea' id='block_1_24' title="bbox 1992 1004 3565 1079">
    <p class='ocr_par' dir='ltr' id='par_1_24' title="bbox 1992 1004 3565 1079">
     <span class='ocr_line' id='line_1_24' title="bbox 1992 1004 3565 1079; baseline 0.001 -19"><span class='ocrx_word' id='word_1_159' title='bbox 1992 1021 2122 1061; x_wconf 88' lang='lat' dir='ltr'><strong>vero</strong></span> <span class='ocrx_word' id='word_1_160' title='bbox 2150 1022 2297 1061; x_wconf 92' lang='lat' dir='ltr'><strong>nunc</strong></span> <span class='ocrx_word' id='word_1_161' title='bbox 2324 1008 2396 1061; x_wconf 89' lang='lat' dir='ltr'><strong>sit</strong></span> <span class='ocrx_word' id='word_1_162' title='bbox 2425 1007 2557 1062; x_wconf 90' lang='lat' dir='ltr'><strong>illud</strong></span> <span class='ocrx_word' id='word_1_163' title='bbox 2594 1004 2800 1075; x_wconf 89' lang='lat' dir='ltr'><strong>Judith,</strong></span> <span class='ocrx_word' id='word_1_164' title='bbox 2832 1023 2953 1079; x_wconf 65' lang='lat' dir='ltr'><strong>quae</strong></span> <span class='ocrx_word' id='word_1_165' title='bbox 2984 1008 3300 1063; x_wconf 88' lang='lat' dir='ltr'><strong>muliercula</strong></span> <span class='ocrx_word' id='word_1_166' title='bbox 3346 1016 3485 1069; x_wconf 89' lang='lat' dir='ltr'><strong>erat,</strong></span> <span class='ocrx_word' id='word_1_167' title='bbox 3509 1015 3565 1062; x_wconf 90' lang='lat' dir='ltr'><strong>et</strong></span> 
     </span>
    </p>
   </div>
   <div class='ocr_carea' id='block_1_25' title="bbox 1994 1098 3563 1172">
    <p class='ocr_par' dir='ltr' id='par_1_25' title="bbox 1994 1098 3563 1172">
     <span class='ocr_line' id='line_1_25' title="bbox 1994 1098 3563 1172; baseline 0 -20"><span class='ocrx_word' id='word_1_168' title='bbox 1994 1098 2210 1153; x_wconf 85' lang='lat' dir='ltr'><strong>infirma</strong></span> <span class='ocrx_word' id='word_1_169' title='bbox 2242 1110 2379 1166; x_wconf 88' lang='lat' dir='ltr'><strong>erat,</strong></span> <span class='ocrx_word' id='word_1_170' title='bbox 2427 1111 2480 1154; x_wconf 89' lang='lat' dir='ltr'><strong>et</strong></span> <span class='ocrx_word' id='word_1_171' title='bbox 2513 1115 2622 1155; x_wconf 92' lang='lat' dir='ltr'><strong>non</strong></span> <span class='ocrx_word' id='word_1_172' title='bbox 2670 1100 2847 1154; x_wconf 76' lang='lat' dir='ltr'><strong>audax</strong></span> <span class='ocrx_word' id='word_1_173' title='bbox 2889 1108 3028 1167; x_wconf 87' lang='lat' dir='ltr'><strong>erat,</strong></span> <span class='ocrx_word' id='word_1_174' title='bbox 3070 1100 3199 1172; x_wconf 85' lang='lat' dir='ltr'><strong>quia</strong></span> <span class='ocrx_word' id='word_1_175' title='bbox 3243 1099 3563 1154; x_wconf 86' lang='lat' dir='ltr'><strong>muliercula</strong></span> 
     </span>
    </p>
   </div>
   <div class='ocr_carea' id='block_1_26' title="bbox 1992 1189 3564 1261">
    <p class='ocr_par' dir='ltr' id='par_1_26' title="bbox 1992 1189 3564 1261">
     <span class='ocr_line' id='line_1_26' title="bbox 1992 1189 3564 1261; baseline -0.001 -16"><span class='ocrx_word' id='word_1_176' title='bbox 1992 1197 2132 1246; x_wconf 88' lang='lat' dir='ltr'><strong>erat.</strong></span> <span class='ocrx_word' id='word_1_177' title='bbox 2158 1190 2348 1245; x_wconf 82' lang='lat' dir='ltr'><strong>Audax</strong></span> <span class='ocrx_word' id='word_1_178' title='bbox 2382 1199 2562 1246; x_wconf 88' lang='lat' dir='ltr'><strong>tamen</strong></span> <span class='ocrx_word' id='word_1_179' title='bbox 2596 1191 2697 1245; x_wconf 88' lang='lat' dir='ltr'><strong>fuit</strong></span> <span class='ocrx_word' id='word_1_180' title='bbox 2725 1199 2780 1247; x_wconf 90' lang='lat' dir='ltr'><strong>et</strong></span> <span class='ocrx_word' id='word_1_181' title='bbox 2817 1189 2994 1257; x_wconf 88' lang='lat' dir='ltr'><strong>fortis,</strong></span> <span class='ocrx_word' id='word_1_182' title='bbox 3033 1192 3161 1261; x_wconf 86' lang='lat' dir='ltr'><strong>quia</strong></span> <span class='ocrx_word' id='word_1_183' title='bbox 3211 1190 3470 1246; x_wconf 88' lang='lat' dir='ltr'><strong>credibile</strong></span> <span class='ocrx_word' id='word_1_184' title='bbox 3511 1190 3564 1244; x_wconf 87' lang='lat' dir='ltr'><strong>ei</strong></span> 
     </span>
    </p>
   </div>
   <div class='ocr_carea' id='block_1_27' title="bbox 1992 1280 3565 1352">
    <p class='ocr_par' dir='ltr' id='par_1_27' title="bbox 1992 1280 3565 1352">
     <span class='ocr_line' id='line_1_27' title="bbox 1992 1280 3565 1352; baseline 0.002 -19"><span class='ocrx_word' id='word_1_185' title='bbox 1992 1280 2113 1342; x_wconf 87' lang='lat' dir='ltr'><strong>fuit,</strong></span> <span class='ocrx_word' id='word_1_186' title='bbox 2144 1295 2266 1351; x_wconf 73' lang='lat' dir='ltr'><strong>qua:</strong></span> <span class='ocrx_word' id='word_1_187' title='bbox 2319 1283 2726 1352; x_wconf 81' lang='lat' dir='ltr'><strong>exspectatione</strong></span> <span class='ocrx_word' id='word_1_188' title='bbox 2785 1282 3066 1338; x_wconf 85' lang='lat' dir='ltr'><strong>hominum</strong></span> <span class='ocrx_word' id='word_1_189' title='bbox 3123 1281 3237 1338; x_wconf 81' lang='lat' dir='ltr'><strong>fieri</strong></span> <span class='ocrx_word' id='word_1_190' title='bbox 3288 1296 3397 1336; x_wconf 91' lang='lat' dir='ltr'><strong>non</strong></span> <span class='ocrx_word' id='word_1_191' title='bbox 3445 1296 3565 1350; x_wconf 87' lang='lat' dir='ltr'><strong>pos-</strong></span> 
     </span>
    </p>
   </div>
   <div class='ocr_carea' id='block_1_28' title="bbox 1991 1372 3567 1444">
    <p class='ocr_par' dir='ltr' id='par_1_28' title="bbox 1991 1372 3567 1444">
     <span class='ocr_line' id='line_1_28' title="bbox 1991 1372 3567 1444; baseline -0.001 -18"><span class='ocrx_word' id='word_1_192' title='bbox 1991 1380 2139 1436; x_wconf 85' lang='lat' dir='ltr'><strong>sunt,</strong></span> <span class='ocrx_word' id='word_1_193' title='bbox 2161 1388 2319 1442; x_wconf 90' lang='lat' dir='ltr'><strong>posse</strong></span> <span class='ocrx_word' id='word_1_194' title='bbox 2353 1373 2702 1440; x_wconf 85' lang='lat' dir='ltr'><strong>fortitudine;</strong></span> <span class='ocrx_word' id='word_1_195' title='bbox 2734 1390 2854 1444; x_wconf 65' lang='lat' dir='ltr'><strong>quae</strong></span> <span class='ocrx_word' id='word_1_196' title='bbox 2878 1389 3002 1427; x_wconf 91' lang='lat' dir='ltr'><strong>cum</strong></span> <span class='ocrx_word' id='word_1_197' title='bbox 3034 1372 3134 1428; x_wconf 85' lang='lat' dir='ltr'><strong>fide</strong></span> <span class='ocrx_word' id='word_1_198' title='bbox 3159 1374 3319 1428; x_wconf 90' lang='lat' dir='ltr'><strong>mista</strong></span> <span class='ocrx_word' id='word_1_199' title='bbox 3346 1387 3411 1427; x_wconf 90' lang='lat' dir='ltr'><strong>ac</strong></span> <span class='ocrx_word' id='word_1_200' title='bbox 3432 1379 3567 1427; x_wconf 82' lang='lat' dir='ltr'><strong>tem-</strong></span> 
     </span>
    </p>
   </div>
   <div class='ocr_carea' id='block_1_29' title="bbox 1992 1462 3565 1534">
    <p class='ocr_par' dir='ltr' id='par_1_29' title="bbox 1992 1462 3565 1534">
     <span class='ocr_line' id='line_1_29' title="bbox 1992 1462 3565 1534; baseline -0.002 -16"><span class='ocrx_word' id='word_1_201' title='bbox 1992 1472 2200 1532; x_wconf 91' lang='lat' dir='ltr'><strong>perata,</strong></span> <span class='ocrx_word' id='word_1_202' title='bbox 2233 1465 2299 1517; x_wconf 91' lang='lat' dir='ltr'><strong>ad</strong></span> <span class='ocrx_word' id='word_1_203' title='bbox 2334 1463 2490 1518; x_wconf 84' lang='lat' dir='ltr'><strong>ﬁdem</strong></span> <span class='ocrx_word' id='word_1_204' title='bbox 2539 1472 2593 1516; x_wconf 83' lang='lat' dir='ltr'><strong>el.</strong></span> <span class='ocrx_word' id='word_1_205' title='bbox 2627 1480 2775 1534; x_wconf 90' lang='lat' dir='ltr'><strong>spem</strong></span> <span class='ocrx_word' id='word_1_206' title='bbox 2812 1464 3040 1518; x_wconf 80' lang='lat' dir='ltr'><strong>adduxit</strong></span> <span class='ocrx_word' id='word_1_207' title='bbox 3078 1465 3351 1533; x_wconf 88' lang='lat' dir='ltr'><strong>insperata</strong></span> <span class='ocrx_word' id='word_1_208' title='bbox 3383 1462 3565 1518; x_wconf 88' lang='lat' dir='ltr'><strong>:muri</strong></span> 
     </span>
    </p>
   </div>
   <div class='ocr_carea' id='block_1_30' title="bbox 1993 1552 3563 1621">
    <p class='ocr_par' dir='ltr' id='par_1_30' title="bbox 1993 1552 3563 1621">
     <span class='ocr_line' id='line_1_30' title="bbox 1993 1552 3563 1621; baseline 0 -15"><span class='ocrx_word' id='word_1_209' title='bbox 1993 1552 2139 1607; x_wconf 88' lang='lat' dir='ltr'><strong>enim</strong></span> <span class='ocrx_word' id='word_1_210' title='bbox 2173 1552 2346 1621; x_wconf 84' lang='lat' dir='ltr'><strong>aperti</strong></span> <span class='ocrx_word' id='word_1_211' title='bbox 2380 1561 2531 1615; x_wconf 88' lang='lat' dir='ltr'><strong>sunt,</strong></span> <span class='ocrx_word' id='word_1_212' title='bbox 2562 1560 2617 1607; x_wconf 92' lang='lat' dir='ltr'><strong>et</strong></span> <span class='ocrx_word' id='word_1_213' title='bbox 2647 1553 2815 1606; x_wconf 75' lang='lat' dir='ltr'><strong>exivit</strong></span> <span class='ocrx_word' id='word_1_214' title='bbox 2859 1552 3289 1616; x_wconf 89' lang='lat' dir='ltr'><strong>adolescentula,</strong></span> <span class='ocrx_word' id='word_1_215' title='bbox 3331 1559 3385 1607; x_wconf 93' lang='lat' dir='ltr'><strong>et</strong></span> <span class='ocrx_word' id='word_1_216' title='bbox 3437 1566 3563 1606; x_wconf 84' lang='lat' dir='ltr'><strong>cum</strong></span> 
     </span>
    </p>
   </div>
   <div class='ocr_carea' id='block_1_31' title="bbox 1995 1640 3563 1711">
    <p class='ocr_par' dir='ltr' id='par_1_31' title="bbox 1995 1640 3563 1711">
     <span class='ocr_line' id='line_1_31' title="bbox 1995 1640 3563 1711; baseline 0.001 -16"><span class='ocrx_word' id='word_1_217' title='bbox 1995 1641 2111 1695; x_wconf 93' lang='lat' dir='ltr'><strong>sola</strong></span> <span class='ocrx_word' id='word_1_218' title='bbox 2154 1641 2351 1694; x_wconf 91' lang='lat' dir='ltr'><strong>ancilla</strong></span> <span class='ocrx_word' id='word_1_219' title='bbox 2399 1642 2588 1705; x_wconf 83' lang='lat' dir='ltr'><strong>exivit,</strong></span> <span class='ocrx_word' id='word_1_220' title='bbox 2639 1656 2749 1695; x_wconf 90' lang='lat' dir='ltr'><strong>non</strong></span> <span class='ocrx_word' id='word_1_221' title='bbox 2814 1640 3114 1697; x_wconf 85' lang='lat' dir='ltr'><strong>formidans</strong></span> <span class='ocrx_word' id='word_1_222' title='bbox 3145 1641 3291 1711; x_wconf 90' lang='lat' dir='ltr'><strong>quod</strong></span> <span class='ocrx_word' id='word_1_223' title='bbox 3340 1651 3457 1696; x_wconf 90' lang='lat' dir='ltr'><strong>erat</strong></span> <span class='ocrx_word' id='word_1_224' title='bbox 3503 1643 3563 1697; x_wconf 90' lang='lat' dir='ltr'><strong>in</strong></span> 
     </span>
    </p>
   </div>
   <div class='ocr_carea' id='block_1_32' title="bbox 1997 1731 3565 1802">
    <p class='ocr_par' dir='ltr' id='par_1_32' title="bbox 1997 1731 3565 1802">
     <span class='ocr_line' id='line_1_32' title="bbox 1997 1731 3565 1802; baseline 0.002 -18"><span class='ocrx_word' id='word_1_225' title='bbox 1997 1731 2403 1802; x_wconf 84' lang='lat' dir='ltr'><strong>pulchritudine</strong></span> <span class='ocrx_word' id='word_1_226' title='bbox 2433 1742 2747 1801; x_wconf 81' lang='lat' dir='ltr'><strong>suspectum</strong></span> <span class='ocrx_word' id='word_1_227' title='bbox 2769 1748 2783 1797; x_wconf 91' lang='lat'><strong>;</strong></span> <span class='ocrx_word' id='word_1_228' title='bbox 2808 1746 2916 1787; x_wconf 91' lang='lat' dir='ltr'><strong>non</strong></span> <span class='ocrx_word' id='word_1_229' title='bbox 2934 1742 3178 1787; x_wconf 84' lang='lat' dir='ltr'><strong>metuens</strong></span> <span class='ocrx_word' id='word_1_230' title='bbox 3195 1731 3424 1802; x_wconf 84' lang='lat' dir='ltr'><strong>gladios,</strong></span> <span class='ocrx_word' id='word_1_231' title='bbox 3452 1747 3565 1787; x_wconf 86' lang='lat' dir='ltr'><strong>non</strong></span> 
     </span>
    </p>
   </div>
   <div class='ocr_carea' id='block_1_33' title="bbox 316 1819 1895 1899">
    <p class='ocr_par' dir='ltr' id='par_1_33' title="bbox 316 1822 1894 1899">
     <span class='ocr_line' id='line_1_33' title="bbox 316 1822 1894 1899; baseline -0.003 -20"><span class='ocrx_word' id='word_1_232' title='bbox 316 1828 407 1899; x_wconf 80' lang='grc' dir='ltr'><strong>βίᾳ</strong></span> <span class='ocrx_word' id='word_1_233' title='bbox 434 1827 726 1882; x_wconf 84' lang='grc' dir='ltr'>ἀκολασίαν</span> <span class='ocrx_word' id='word_1_234' title='bbox 752 1828 1020 1899; x_wconf 79' lang='grc' dir='ltr'>ὑπομείνῃ</span> <span class='ocrx_word' id='word_1_235' title='bbox 1041 1843 1052 1856; x_wconf 94' lang='grc'><strong>·</strong></span> <span class='ocrx_word' id='word_1_236' title='bbox 1090 1828 1165 1899; x_wconf 79' lang='grc' dir='ltr'>μὴ</span> <span class='ocrx_word' id='word_1_237' title='bbox 1198 1826 1450 1881; x_wconf 85' lang='grc' dir='ltr'>δειλιῶσα</span> <span class='ocrx_word' id='word_1_238' title='bbox 1488 1826 1561 1896; x_wconf 76' lang='grc' dir='ltr'>μή</span> <span class='ocrx_word' id='word_1_239' title='bbox 1596 1843 1648 1878; x_wconf 91' lang='grc' dir='ltr'>τι</span> <span class='ocrx_word' id='word_1_240' title='bbox 1685 1822 1793 1877; x_wconf 82' lang='grc' dir='ltr'><strong>ἀπὸ</strong></span> <span class='ocrx_word' id='word_1_241' title='bbox 1817 1822 1894 1887; x_wconf 78' lang='grc' dir='ltr'><strong>ξί-</strong></span> 
     </span>
    </p>
   </div>
   <div class='ocr_carea' id='block_1_34' title="bbox 1999 1819 3562 1899">
    <p class='ocr_par' dir='ltr' id='par_1_34' title="bbox 1999 1819 3562 1893">
     <span class='ocr_line' id='line_1_34' title="bbox 1999 1819 3562 1893; baseline 0.004 -20"><span class='ocrx_word' id='word_1_242' title='bbox 1999 1821 2193 1875; x_wconf 90' lang='lat' dir='ltr'><strong>timens</strong></span> <span class='ocrx_word' id='word_1_243' title='bbox 2222 1836 2291 1876; x_wconf 90' lang='lat' dir='ltr'><strong>ne</strong></span> <span class='ocrx_word' id='word_1_244' title='bbox 2330 1821 2385 1875; x_wconf 92' lang='lat' dir='ltr'><strong>in</strong></span> <span class='ocrx_word' id='word_1_245' title='bbox 2412 1821 2639 1875; x_wconf 89' lang='lat' dir='ltr'><strong>libidine</strong></span> <span class='ocrx_word' id='word_1_246' title='bbox 2662 1829 2829 1889; x_wconf 89' lang='lat' dir='ltr'><strong>esset,</strong></span> <span class='ocrx_word' id='word_1_247' title='bbox 2869 1837 2938 1877; x_wconf 91' lang='lat' dir='ltr'><strong>ne</strong></span> <span class='ocrx_word' id='word_1_248' title='bbox 2965 1822 3047 1877; x_wconf 93' lang='lat' dir='ltr'><strong>vis</strong></span> <span class='ocrx_word' id='word_1_249' title='bbox 3070 1821 3365 1876; x_wconf 82' lang='lat' dir='ltr'><strong>inferretur</strong></span> <span class='ocrx_word' id='word_1_250' title='bbox 3401 1819 3562 1893; x_wconf 82' lang='lat' dir='ltr'><strong>pudi-</strong></span> 
     </span>
    </p>
   </div>
   <div class='ocr_carea' id='block_1_35' title="bbox 314 1913 1894 1989">
    <p class='ocr_par' dir='ltr' id='par_1_35' title="bbox 314 1913 1894 1989">
     <span class='ocr_line' id='line_1_35' title="bbox 314 1913 1894 1989; baseline -0.005 -16"><span class='ocrx_word' id='word_1_251' title='bbox 314 1936 446 1989; x_wconf 86' lang='grc' dir='ltr'>φους</span> <span class='ocrx_word' id='word_1_252' title='bbox 467 1918 774 1983; x_wconf 81' lang='grc' dir='ltr'>ἐξαπίναιον</span> <span class='ocrx_word' id='word_1_253' title='bbox 804 1916 982 1989; x_wconf 84' lang='grc' dir='ltr'>πάθῃ·</span> <span class='ocrx_word' id='word_1_254' title='bbox 1024 1916 1162 1971; x_wconf 76' lang='grc' dir='ltr'>ἀλλὰ</span> <span class='ocrx_word' id='word_1_255' title='bbox 1193 1917 1254 1970; x_wconf 86' lang='grc' dir='ltr'>τὸ</span> <span class='ocrx_word' id='word_1_256' title='bbox 1288 1917 1388 1987; x_wconf 78' lang='grc' dir='ltr'>μὲν</span> <span class='ocrx_word' id='word_1_257' title='bbox 1427 1914 1654 1987; x_wconf 73' lang='grc' dir='ltr'>φοϐερὶν</span> <span class='ocrx_word' id='word_1_258' title='bbox 1683 1913 1776 1966; x_wconf 83' lang='grc' dir='ltr'><strong>τοῦ</strong></span> <span class='ocrx_word' id='word_1_259' title='bbox 1819 1913 1894 1978; x_wconf 80' lang='grc' dir='ltr'>ξί-</span> 
     </span>
    </p>
   </div>
   <div class='ocr_carea' id='block_1_36' title="bbox 314 2006 1895 2083">
    <p class='ocr_par' dir='ltr' id='par_1_36' title="bbox 314 2006 1895 2083">
     <span class='ocr_line' id='line_1_36' title="bbox 314 2006 1895 2083; baseline -0.003 -19"><span class='ocrx_word' id='word_1_260' title='bbox 314 2028 446 2080; x_wconf 86' lang='grc' dir='ltr'>φους</span> <span class='ocrx_word' id='word_1_261' title='bbox 469 2013 535 2083; x_wconf 80' lang='grc' dir='ltr'><strong>τῇ</strong></span> <span class='ocrx_word' id='word_1_262' title='bbox 558 2010 782 2083; x_wconf 75' lang='grc' dir='ltr'>ἀνδρείᾳ</span> <span class='ocrx_word' id='word_1_263' title='bbox 803 2009 1031 2074; x_wconf 86' lang='grc' dir='ltr'>νικῶσα,</span> <span class='ocrx_word' id='word_1_264' title='bbox 1067 2010 1129 2064; x_wconf 84' lang='grc' dir='ltr'>τὸ</span> <span class='ocrx_word' id='word_1_265' title='bbox 1154 2009 1212 2063; x_wconf 79' lang='grc' dir='ltr'>δὲ</span> <span class='ocrx_word' id='word_1_266' title='bbox 1242 2008 1439 2073; x_wconf 85' lang='grc' dir='ltr'>κάλλος</span> <span class='ocrx_word' id='word_1_267' title='bbox 1464 2007 1542 2079; x_wconf 78' lang='grc' dir='ltr'>τῷ</span> <span class='ocrx_word' id='word_1_268' title='bbox 1568 2006 1685 2078; x_wconf 85' lang='grc' dir='ltr'><strong>Θεῷ</strong></span> <span class='ocrx_word' id='word_1_269' title='bbox 1716 2024 1895 2078; x_wconf 84' lang='grc' dir='ltr'>παρα-</span> 
     </span>
    </p>
   </div>
   <div class='ocr_carea' id='block_1_37' title="bbox 312 2096 1893 2172">
    <p class='ocr_par' dir='ltr' id='par_1_37' title="bbox 312 2096 1893 2172">
     <span class='ocr_line' id='line_1_37' title="bbox 312 2096 1893 2172; baseline -0.004 -18"><span class='ocrx_word' id='word_1_270' title='bbox 312 2099 601 2172; x_wconf 82' lang='grc' dir='ltr'>τιθεμένη·</span> <span class='ocrx_word' id='word_1_271' title='bbox 649 2097 959 2165; x_wconf 78' lang='grc' dir='ltr'>ἀξιόπιστον</span> <span class='ocrx_word' id='word_1_272' title='bbox 995 2098 1105 2169; x_wconf 86' lang='grc' dir='ltr'>γὰρ</span> <span class='ocrx_word' id='word_1_273' title='bbox 1150 2098 1240 2151; x_wconf 77' lang='grc' dir='ltr'>τὸν</span> <span class='ocrx_word' id='word_1_274' title='bbox 1278 2097 1411 2152; x_wconf 81' lang='grc' dir='ltr'>Θεὸν</span> <span class='ocrx_word' id='word_1_275' title='bbox 1452 2096 1668 2165; x_wconf 87' lang='grc' dir='ltr'>φύλακα</span> <span class='ocrx_word' id='word_1_276' title='bbox 1705 2098 1893 2166; x_wconf 77' lang='grc' dir='ltr'>ἠγεῖτο</span> 
     </span>
    </p>
   </div>
   <div class='ocr_carea' id='block_1_38' title="bbox 311 2183 1891 2257">
    <p class='ocr_par' dir='ltr' id='par_1_38' title="bbox 311 2183 1891 2257">
     <span class='ocr_line' id='line_1_38' title="bbox 311 2183 1891 2257; baseline 0 -19"><span class='ocrx_word' id='word_1_277' title='bbox 311 2184 405 2239; x_wconf 82' lang='grc' dir='ltr'><strong>τοῦ</strong></span> <span class='ocrx_word' id='word_1_278' title='bbox 432 2184 691 2249; x_wconf 87' lang='grc' dir='ltr'>κάλλους·</span> <span class='ocrx_word' id='word_1_279' title='bbox 730 2186 983 2256; x_wconf 77' lang='grc' dir='ltr'>φρύγανα</span> <span class='ocrx_word' id='word_1_280' title='bbox 1019 2185 1076 2239; x_wconf 87' lang='grc' dir='ltr'>δὲ</span> <span class='ocrx_word' id='word_1_281' title='bbox 1103 2184 1198 2238; x_wconf 77' lang='grc' dir='ltr'>καὶ</span> <span class='ocrx_word' id='word_1_282' title='bbox 1223 2185 1475 2257; x_wconf 86' lang='grc' dir='ltr'>πάπυρον</span> <span class='ocrx_word' id='word_1_283' title='bbox 1502 2184 1571 2237; x_wconf 79' lang='grc' dir='ltr'>τὰ</span> <span class='ocrx_word' id='word_1_284' title='bbox 1615 2183 1742 2255; x_wconf 83' lang='grc' dir='ltr'>ξίφη</span> <span class='ocrx_word' id='word_1_285' title='bbox 1774 2184 1891 2238; x_wconf 86' lang='grc' dir='ltr'>ἐλο-</span> 
     </span>
    </p>
   </div>
   <div class='ocr_carea' id='block_1_39' title="bbox 313 2272 1891 2346">
    <p class='ocr_par' dir='ltr' id='par_1_39' title="bbox 313 2272 1891 2346">
     <span class='ocr_line' id='line_1_39' title="bbox 313 2272 1891 2346; baseline -0.003 -17"><span class='ocrx_word' id='word_1_286' title='bbox 313 2276 516 2346; x_wconf 79' lang='grc' dir='ltr'>γίζετο,</span> <span class='ocrx_word' id='word_1_287' title='bbox 552 2277 903 2346; x_wconf 87' lang='grc' dir='ltr'>πεπατηκυῖα</span> <span class='ocrx_word' id='word_1_288' title='bbox 933 2273 1011 2345; x_wconf 85' lang='grc' dir='ltr'><strong>τῷ</strong></span> <span class='ocrx_word' id='word_1_289' title='bbox 1038 2275 1346 2346; x_wconf 82' lang='grc' dir='ltr'>φρονήματι</span> <span class='ocrx_word' id='word_1_290' title='bbox 1389 2275 1488 2344; x_wconf 82' lang='grc' dir='ltr'>τῆς</span> <span class='ocrx_word' id='word_1_291' title='bbox 1515 2272 1762 2344; x_wconf 79' lang='grc' dir='ltr'>ἀνδρείας</span> <span class='ocrx_word' id='word_1_292' title='bbox 1793 2273 1891 2342; x_wconf 83' lang='grc' dir='ltr'><strong>τὴν</strong></span> 
     </span>
    </p>
   </div>
   <div class='ocr_carea' id='block_1_40' title="bbox 312 2363 1891 2437">
    <p class='ocr_par' dir='ltr' id='par_1_40' title="bbox 312 2363 1891 2437">
     <span class='ocr_line' id='line_1_40' title="bbox 312 2363 1891 2437; baseline -0.003 -18"><span class='ocrx_word' id='word_1_293' title='bbox 312 2364 547 2419; x_wconf 61' lang='grc' dir='ltr'>δειλίαν·</span> <span class='ocrx_word' id='word_1_294' title='bbox 598 2364 691 2419; x_wconf 77' lang='grc' dir='ltr'><strong>καὶ</strong></span> <span class='ocrx_word' id='word_1_295' title='bbox 746 2364 1021 2437; x_wconf 77' lang='grc' dir='ltr'>παρῆλθεν</span> <span class='ocrx_word' id='word_1_296' title='bbox 1065 2366 1098 2435; x_wconf 79' lang='grc' dir='ltr'>ἡ</span> <span class='ocrx_word' id='word_1_297' title='bbox 1142 2364 1300 2435; x_wconf 77' lang='grc' dir='ltr'>γυνὴ,</span> <span class='ocrx_word' id='word_1_298' title='bbox 1348 2364 1441 2417; x_wconf 77' lang='grc' dir='ltr'>καὶ</span> <span class='ocrx_word' id='word_1_299' title='bbox 1484 2364 1753 2434; x_wconf 81' lang='grc' dir='ltr'>τολμηρὸν</span> <span class='ocrx_word' id='word_1_300' title='bbox 1792 2363 1891 2416; x_wconf 86' lang='grc' dir='ltr'><strong>οὐκ</strong></span> 
     </span>
    </p>
   </div>
   <div class='ocr_carea' id='block_1_41' title="bbox 314 2454 1887 2529">
    <p class='ocr_par' dir='ltr' id='par_1_41' title="bbox 314 2454 1887 2529">
     <span class='ocr_line' id='line_1_41' title="bbox 314 2454 1887 2529; baseline -0.002 -19"><span class='ocrx_word' id='word_1_301' title='bbox 314 2456 528 2529; x_wconf 77' lang='grc' dir='ltr'>ἐκρίθη,</span> <span class='ocrx_word' id='word_1_302' title='bbox 564 2457 698 2510; x_wconf 84' lang='grc' dir='ltr'>Οὐδὲ</span> <span class='ocrx_word' id='word_1_303' title='bbox 726 2456 1063 2528; x_wconf 78' lang='grc' dir='ltr'>τραχύτητος</span> <span class='ocrx_word' id='word_1_304' title='bbox 1117 2454 1371 2526; x_wconf 77' lang='grc' dir='ltr'>ἔγκλημα</span> <span class='ocrx_word' id='word_1_305' title='bbox 1405 2454 1511 2526; x_wconf 82' lang='grc'><strong>(59)</strong></span> <span class='ocrx_word' id='word_1_306' title='bbox 1563 2454 1851 2526; x_wconf 80' lang='grc' dir='ltr'>ὑπέμεινεν</span> <span class='ocrx_word' id='word_1_307' title='bbox 1872 2470 1887 2486; x_wconf 89' lang='grc'><strong>·</strong></span> 
     </span>
    </p>
   </div>
   <div class='ocr_carea' id='block_1_42' title="bbox 314 2544 1893 2618">
    <p class='ocr_par' dir='ltr' id='par_1_42' title="bbox 314 2544 1893 2618">
     <span class='ocr_line' id='line_1_42' title="bbox 314 2544 1893 2618; baseline 0.001 -19"><span class='ocrx_word' id='word_1_308' title='bbox 314 2544 435 2599; x_wconf 82' lang='grc' dir='ltr'>οὐτε</span> <span class='ocrx_word' id='word_1_309' title='bbox 458 2545 566 2618; x_wconf 88' lang='grc' dir='ltr'><strong>γάρ</strong></span> <span class='ocrx_word' id='word_1_310' title='bbox 597 2545 773 2617; x_wconf 71' lang='grc' dir='ltr'>ἀτελῆ,</span> <span class='ocrx_word' id='word_1_311' title='bbox 796 2545 863 2599; x_wconf 77' lang='grc' dir='ltr'>τὰ</span> <span class='ocrx_word' id='word_1_312' title='bbox 898 2545 1173 2617; x_wconf 83' lang='grc' dir='ltr'>κριθέντα,</span> <span class='ocrx_word' id='word_1_313' title='bbox 1220 2546 1306 2599; x_wconf 84' lang='grc' dir='ltr'>ἵνα</span> <span class='ocrx_word' id='word_1_314' title='bbox 1341 2544 1677 2618; x_wconf 85' lang='grc' dir='ltr'>τραχύτητος</span> <span class='ocrx_word' id='word_1_315' title='bbox 1702 2545 1893 2618; x_wconf 87' lang='grc' dir='ltr'>ἐγκλη-</span> 
     </span>
    </p>
   </div>
   <div class='ocr_carea' id='block_1_43' title="bbox 316 2636 1889 2710">
    <p class='ocr_par' dir='ltr' id='par_1_43' title="bbox 316 2636 1889 2710">
     <span class='ocr_line' id='line_1_43' title="bbox 316 2636 1889 2710; baseline 0 -19"><span class='ocrx_word' id='word_1_316' title='bbox 316 2637 417 2710; x_wconf 83' lang='grc' dir='ltr'>θῇ·</span> <span class='ocrx_word' id='word_1_317' title='bbox 452 2638 800 2710; x_wconf 85' lang='grc' dir='ltr'>πεπεραίωκε</span> <span class='ocrx_word' id='word_1_318' title='bbox 840 2636 908 2691; x_wconf 84' lang='grc' dir='ltr'>τὰ</span> <span class='ocrx_word' id='word_1_319' title='bbox 952 2637 1378 2708; x_wconf 87' lang='grc' dir='ltr'>βεϐουλευμένα·</span> <span class='ocrx_word' id='word_1_320' title='bbox 1428 2638 1510 2701; x_wconf 85' lang='grc' dir='ltr'><strong>είς</strong></span> <span class='ocrx_word' id='word_1_321' title='bbox 1549 2638 1720 2710; x_wconf 88' lang='grc' dir='ltr'>πέρας</span> <span class='ocrx_word' id='word_1_322' title='bbox 1750 2637 1889 2709; x_wconf 65' lang='grc' dir='ltr'>ἤχθη</span> 
     </span>
    </p>
   </div>
   <div class='ocr_carea' id='block_1_44' title="bbox 313 2727 1892 2801">
    <p class='ocr_par' dir='ltr' id='par_1_44' title="bbox 313 2727 1892 2801">
     <span class='ocr_line' id='line_1_44' title="bbox 313 2727 1892 2801; baseline 0.001 -19"><span class='ocrx_word' id='word_1_323' title='bbox 313 2728 384 2783; x_wconf 84' lang='grc' dir='ltr'><strong>τὰ</strong></span> <span class='ocrx_word' id='word_1_324' title='bbox 413 2730 744 2801; x_wconf 83' lang='grc' dir='ltr'>ἐσκεμμένα.</span> <span class='ocrx_word' id='word_1_325' title='bbox 776 2729 875 2783; x_wconf 87' lang='grc' dir='ltr'>Διά</span> <span class='ocrx_word' id='word_1_326' title='bbox 903 2728 1062 2782; x_wconf 76' lang='grc' dir='ltr'>τοῦτο</span> <span class='ocrx_word' id='word_1_327' title='bbox 1094 2727 1467 2800; x_wconf 77' lang='grc' dir='ltr'>θαυμάζεται,</span> <span class='ocrx_word' id='word_1_328' title='bbox 1519 2729 1601 2783; x_wconf 84' lang='grc' dir='ltr'>ὅτι</span> <span class='ocrx_word' id='word_1_329' title='bbox 1634 2729 1892 2801; x_wconf 84' lang='grc' dir='ltr'>φρόνησιν</span> 
     </span>
    </p>
   </div>
   <div class='ocr_carea' id='block_1_45' title="bbox 315 2820 1894 2893">
    <p class='ocr_par' dir='ltr' id='par_1_45' title="bbox 315 2820 1894 2893">
     <span class='ocr_line' id='line_1_45' title="bbox 315 2820 1894 2893; baseline 0.001 -19"><span class='ocrx_word' id='word_1_330' title='bbox 315 2821 537 2893; x_wconf 82' lang='grc' dir='ltr'>ἀνδρείᾳ</span> <span class='ocrx_word' id='word_1_331' title='bbox 563 2821 745 2892; x_wconf 79' lang='grc' dir='ltr'>ἔμιξεν</span> <span class='ocrx_word' id='word_1_332' title='bbox 765 2838 778 2851; x_wconf 90' lang='grc'><strong>·</strong></span> <span class='ocrx_word' id='word_1_333' title='bbox 814 2823 896 2877; x_wconf 88' lang='grc' dir='ltr'><strong>ὅτι</strong></span> <span class='ocrx_word' id='word_1_334' title='bbox 922 2822 1022 2876; x_wconf 80' lang='grc' dir='ltr'><strong>ὅσα</strong></span> <span class='ocrx_word' id='word_1_335' title='bbox 1048 2820 1423 2885; x_wconf 87' lang='grc' dir='ltr'>ἐϐουλεύσατο,</span> <span class='ocrx_word' id='word_1_336' title='bbox 1451 2822 1531 2884; x_wconf 83' lang='grc' dir='ltr'><strong>είς</strong></span> <span class='ocrx_word' id='word_1_337' title='bbox 1565 2820 1739 2892; x_wconf 82' lang='grc' dir='ltr'>πέρας</span> <span class='ocrx_word' id='word_1_338' title='bbox 1760 2822 1894 2890; x_wconf 69' lang='grc' dir='ltr'>ἠγά-</span> 
     </span>
    </p>
   </div>
   <div class='ocr_carea' id='block_1_46' title="bbox 315 2926 463 2981">
    <p class='ocr_par' dir='ltr' id='par_1_46' title="bbox 315 2926 463 2981">
     <span class='ocr_line' id='line_1_46' title="bbox 315 2926 463 2981; baseline 0.007 -16"><span class='ocrx_word' id='word_1_339' title='bbox 315 2926 463 2981; x_wconf 87' lang='grc' dir='ltr'>γετο.</span> 
     </span>
    </p>
   </div>
   <div class='ocr_carea' id='block_1_47' title="bbox 1992 1910 3565 1984">
    <p class='ocr_par' dir='ltr' id='par_1_47' title="bbox 1992 1910 3565 1984">
     <span class='ocr_line' id='line_1_47' title="bbox 1992 1910 3565 1984; baseline 0.003 -20"><span class='ocrx_word' id='word_1_340' title='bbox 1992 1911 2134 1966; x_wconf 76' lang='lat' dir='ltr'><strong>citia:</strong></span> <span class='ocrx_word' id='word_1_341' title='bbox 2167 1928 2180 1979; x_wconf 94' lang='lat'><strong>;</strong></span> <span class='ocrx_word' id='word_1_342' title='bbox 2213 1927 2323 1966; x_wconf 91' lang='lat' dir='ltr'><strong>non</strong></span> <span class='ocrx_word' id='word_1_343' title='bbox 2353 1910 2655 1967; x_wconf 83' lang='lat' dir='ltr'><strong>formidans</strong></span> <span class='ocrx_word' id='word_1_344' title='bbox 2696 1928 2765 1967; x_wconf 91' lang='lat' dir='ltr'><strong>ne</strong></span> <span class='ocrx_word' id='word_1_345' title='bbox 2815 1912 2948 1983; x_wconf 87' lang='lat' dir='ltr'><strong>quid</strong></span> <span class='ocrx_word' id='word_1_346' title='bbox 2986 1912 3331 1981; x_wconf 88' lang='lat' dir='ltr'><strong>repentinum</strong></span> <span class='ocrx_word' id='word_1_347' title='bbox 3359 1929 3426 1969; x_wconf 78' lang='lat' dir='ltr'><strong>ex</strong></span> <span class='ocrx_word' id='word_1_348' title='bbox 3451 1913 3565 1984; x_wconf 77' lang='lat' dir='ltr'><strong>gla-</strong></span> 
     </span>
    </p>
   </div>
   <div class='ocr_carea' id='block_1_48' title="bbox 1993 1994 3567 2075">
    <p class='ocr_par' dir='ltr' id='par_1_48' title="bbox 1993 1994 3567 2075">
     <span class='ocr_line' id='line_1_48' title="bbox 1993 1994 3567 2075; baseline 0.002 -22"><span class='ocrx_word' id='word_1_349' title='bbox 1993 1994 2086 2053; x_wconf 89' lang='lat' dir='ltr'><strong>dio</strong></span> <span class='ocrx_word' id='word_1_350' title='bbox 2131 1999 2404 2056; x_wconf 88' lang='lat' dir='ltr'><strong>accideret</strong></span> <span class='ocrx_word' id='word_1_351' title='bbox 2441 2020 2453 2055; x_wconf 92' lang='lat'><strong>:</strong></span> <span class='ocrx_word' id='word_1_352' title='bbox 2490 2002 2623 2071; x_wconf 88' lang='lat' dir='ltr'><strong>quin</strong></span> <span class='ocrx_word' id='word_1_353' title='bbox 2672 2003 2853 2071; x_wconf 87' lang='lat' dir='ltr'><strong>potius</strong></span> <span class='ocrx_word' id='word_1_354' title='bbox 2894 2010 3156 2058; x_wconf 88' lang='lat' dir='ltr'><strong>terrorem</strong></span> <span class='ocrx_word' id='word_1_355' title='bbox 3201 2003 3368 2075; x_wconf 81' lang='lat' dir='ltr'><strong>gladii</strong></span> <span class='ocrx_word' id='word_1_356' title='bbox 3406 2002 3567 2057; x_wconf 90' lang='lat' dir='ltr'><strong>forti-</strong></span> 
     </span>
    </p>
   </div>
   <div class='ocr_carea' id='block_1_49' title="bbox 1993 2093 3568 2161">
    <p class='ocr_par' dir='ltr' id='par_1_49' title="bbox 1993 2093 3568 2161">
     <span class='ocr_line' id='line_1_49' title="bbox 1993 2093 3568 2161; baseline 0.003 -15"><span class='ocrx_word' id='word_1_357' title='bbox 1993 2093 2181 2148; x_wconf 90' lang='lat' dir='ltr'><strong>tudine</strong></span> <span class='ocrx_word' id='word_1_358' title='bbox 2216 2094 2460 2161; x_wconf 89' lang='lat' dir='ltr'><strong>vincens,</strong></span> <span class='ocrx_word' id='word_1_359' title='bbox 2517 2094 2913 2153; x_wconf 82' lang='lat' dir='ltr'><strong>formositatem</strong></span> <span class='ocrx_word' id='word_1_360' title='bbox 2951 2113 3080 2152; x_wconf 89' lang='lat' dir='ltr'><strong>vero</strong></span> <span class='ocrx_word' id='word_1_361' title='bbox 3137 2096 3249 2153; x_wconf 89' lang='lat' dir='ltr'><strong>Deo</strong></span> <span class='ocrx_word' id='word_1_362' title='bbox 3289 2111 3568 2151; x_wconf 91' lang='lat' dir='ltr'><strong>commen-</strong></span> 
     </span>
    </p>
   </div>
   <div class='ocr_carea' id='block_1_50' title="bbox 1991 2183 3568 2260">
    <p class='ocr_par' dir='ltr' id='par_1_50' title="bbox 1991 2183 3568 2260">
     <span class='ocr_line' id='line_1_50' title="bbox 1991 2183 3568 2260; baseline 0.003 -22"><span class='ocrx_word' id='word_1_363' title='bbox 1991 2184 2150 2239; x_wconf 82' lang='lat' dir='ltr'><strong>dans.</strong></span> <span class='ocrx_word' id='word_1_364' title='bbox 2186 2183 2355 2241; x_wconf 90' lang='lat' dir='ltr'><strong>Deum</strong></span> <span class='ocrx_word' id='word_1_365' title='bbox 2386 2187 2531 2241; x_wconf 90' lang='lat' dir='ltr'><strong>enim</strong></span> <span class='ocrx_word' id='word_1_366' title='bbox 2565 2189 2851 2243; x_wconf 89' lang='lat' dir='ltr'><strong>custodem</strong></span> <span class='ocrx_word' id='word_1_367' title='bbox 2882 2189 3306 2258; x_wconf 88' lang='lat' dir='ltr'><strong>pulchritudinis</strong></span> <span class='ocrx_word' id='word_1_368' title='bbox 3342 2188 3568 2260; x_wconf 88' lang='lat' dir='ltr'><strong>dignum</strong></span> 
     </span>
    </p>
   </div>
   <div class='ocr_carea' id='block_1_51' title="bbox 1993 2274 3567 2350">
    <p class='ocr_par' dir='ltr' id='par_1_51' title="bbox 1993 2274 3567 2350">
     <span class='ocr_line' id='line_1_51' title="bbox 1993 2274 3567 2350; baseline 0.001 -20"><span class='ocrx_word' id='word_1_369' title='bbox 1993 2276 2084 2330; x_wconf 85' lang='lat' dir='ltr'><strong>cui</strong></span> <span class='ocrx_word' id='word_1_370' title='bbox 2116 2274 2337 2341; x_wconf 86' lang='lat' dir='ltr'><strong>fideret,</strong></span> <span class='ocrx_word' id='word_1_371' title='bbox 2393 2277 2741 2332; x_wconf 82' lang='lat' dir='ltr'><strong>existimabat</strong></span> <span class='ocrx_word' id='word_1_372' title='bbox 2790 2294 2939 2347; x_wconf 89' lang='lat' dir='ltr'><strong>esse;</strong></span> <span class='ocrx_word' id='word_1_373' title='bbox 2996 2280 3206 2350; x_wconf 79' lang='lat' dir='ltr'><strong>gladios</strong></span> <span class='ocrx_word' id='word_1_374' title='bbox 3261 2294 3391 2335; x_wconf 90' lang='lat' dir='ltr'><strong>vero</strong></span> <span class='ocrx_word' id='word_1_375' title='bbox 3442 2295 3567 2334; x_wconf 85' lang='lat' dir='ltr'><strong>sar-</strong></span> 
     </span>
    </p>
   </div>
   <div class='ocr_carea' id='block_1_52' title="bbox 1996 2370 3567 2439">
    <p class='ocr_par' dir='ltr' id='par_1_52' title="bbox 1996 2370 3567 2439">
     <span class='ocr_line' id='line_1_52' title="bbox 1996 2370 3567 2439; baseline 0.003 -20"><span class='ocrx_word' id='word_1_376' title='bbox 1996 2374 2181 2421; x_wconf 81' lang='lat' dir='ltr'><strong>menta</strong></span> <span class='ocrx_word' id='word_1_377' title='bbox 2218 2374 2270 2421; x_wconf 92' lang='lat' dir='ltr'><strong>et</strong></span> <span class='ocrx_word' id='word_1_378' title='bbox 2291 2383 2556 2439; x_wconf 85' lang='lat' dir='ltr'><strong>papyrum</strong></span> <span class='ocrx_word' id='word_1_379' title='bbox 2594 2370 2851 2434; x_wconf 90' lang='lat' dir='ltr'><strong>ducebat,</strong></span> <span class='ocrx_word' id='word_1_380' title='bbox 2889 2372 3056 2426; x_wconf 89' lang='lat' dir='ltr'><strong>animi</strong></span> <span class='ocrx_word' id='word_1_381' title='bbox 3091 2371 3413 2427; x_wconf 85' lang='lat' dir='ltr'><strong>fortitudine</strong></span> <span class='ocrx_word' id='word_1_382' title='bbox 3454 2371 3567 2424; x_wconf 84' lang='lat' dir='ltr'><strong>for-</strong></span> 
     </span>
    </p>
   </div>
   <div class='ocr_carea' id='block_1_53' title="bbox 1998 2459 3567 2530">
    <p class='ocr_par' dir='ltr' id='par_1_53' title="bbox 1998 2459 3567 2530">
     <span class='ocr_line' id='line_1_53' title="bbox 1998 2459 3567 2530; baseline 0.005 -19"><span class='ocrx_word' id='word_1_383' title='bbox 1998 2459 2259 2515; x_wconf 86' lang='lat' dir='ltr'><strong>midinem</strong></span> <span class='ocrx_word' id='word_1_384' title='bbox 2308 2476 2622 2530; x_wconf 90' lang='lat' dir='ltr'><strong>superans:</strong></span> <span class='ocrx_word' id='word_1_385' title='bbox 2657 2464 2914 2520; x_wconf 83' lang='lat' dir='ltr'><strong>transivit</strong></span> <span class='ocrx_word' id='word_1_386' title='bbox 2966 2466 3182 2530; x_wconf 88' lang='lat' dir='ltr'><strong>mulier,</strong></span> <span class='ocrx_word' id='word_1_387' title='bbox 3228 2473 3282 2522; x_wconf 93' lang='lat' dir='ltr'><strong>et</strong></span> <span class='ocrx_word' id='word_1_388' title='bbox 3314 2482 3424 2521; x_wconf 89' lang='lat' dir='ltr'><strong>non</strong></span> <span class='ocrx_word' id='word_1_389' title='bbox 3473 2473 3567 2521; x_wconf 85' lang='lat' dir='ltr'><strong>est</strong></span> 
     </span>
    </p>
   </div>
   <div class='ocr_carea' id='block_1_54' title="bbox 1995 2547 3569 2624">
    <p class='ocr_par' dir='ltr' id='par_1_54' title="bbox 1995 2547 3569 2624">
     <span class='ocr_line' id='line_1_54' title="bbox 1995 2547 3569 2624; baseline 0.004 -22"><span class='ocrx_word' id='word_1_390' title='bbox 1995 2547 2300 2618; x_wconf 78' lang='lat' dir='ltr'><strong>iudicatum</strong></span> <span class='ocrx_word' id='word_1_391' title='bbox 2353 2552 2722 2617; x_wconf 85' lang='lat' dir='ltr'><strong>temerarium,</strong></span> <span class='ocrx_word' id='word_1_392' title='bbox 2774 2555 2919 2624; x_wconf 88' lang='lat' dir='ltr'><strong>quod</strong></span> <span class='ocrx_word' id='word_1_393' title='bbox 2970 2571 3105 2613; x_wconf 88' lang='lat' dir='ltr'><strong>ausa</strong></span> <span class='ocrx_word' id='word_1_394' title='bbox 3153 2564 3256 2613; x_wconf 92' lang='lat' dir='ltr'><strong>est.</strong></span> <span class='ocrx_word' id='word_1_395' title='bbox 3296 2556 3415 2611; x_wconf 83' lang='lat' dir='ltr'><strong>Non</strong></span> <span class='ocrx_word' id='word_1_396' title='bbox 3464 2556 3569 2610; x_wconf 85' lang='lat' dir='ltr'><strong>fuit</strong></span> 
     </span>
    </p>
   </div>
   <div class='ocr_carea' id='block_1_55' title="bbox 1998 2639 3569 2718">
    <p class='ocr_par' dir='ltr' id='par_1_55' title="bbox 1998 2639 3569 2718">
     <span class='ocr_line' id='line_1_55' title="bbox 1998 2639 3569 2718; baseline 0.007 -26"><span class='ocrx_word' id='word_1_397' title='bbox 1998 2639 2057 2693; x_wconf 92' lang='lat' dir='ltr'><strong>in</strong></span> <span class='ocrx_word' id='word_1_398' title='bbox 2094 2655 2160 2694; x_wconf 89' lang='lat' dir='ltr'><strong>ea</strong></span> <span class='ocrx_word' id='word_1_399' title='bbox 2207 2640 2520 2696; x_wconf 88' lang='lat' dir='ltr'><strong>criminatio</strong></span> <span class='ocrx_word' id='word_1_400' title='bbox 2582 2643 2835 2712; x_wconf 63' lang='lat' dir='ltr'><strong>duritiae;</strong></span> <span class='ocrx_word' id='word_1_401' title='bbox 2902 2661 3003 2701; x_wconf 89' lang='lat' dir='ltr'><strong>nec</strong></span> <span class='ocrx_word' id='word_1_402' title='bbox 3054 2647 3199 2702; x_wconf 91' lang='lat' dir='ltr'><strong>enim</strong></span> <span class='ocrx_word' id='word_1_403' title='bbox 3252 2648 3569 2718; x_wconf 84' lang='lat' dir='ltr'><strong>imperfecta</strong></span> 
     </span>
    </p>
   </div>
   <div class='ocr_carea' id='block_1_56' title="bbox 1998 2729 3567 2805">
    <p class='ocr_par' dir='ltr' id='par_1_56' title="bbox 1998 2729 3567 2805">
     <span class='ocr_line' id='line_1_56' title="bbox 1998 2729 3567 2805; baseline 0.005 -20"><span class='ocrx_word' id='word_1_404' title='bbox 1998 2729 2241 2796; x_wconf 90' lang='lat' dir='ltr'><strong>fuerunt,</strong></span> <span class='ocrx_word' id='word_1_405' title='bbox 2264 2748 2385 2803; x_wconf 65' lang='lat' dir='ltr'><strong>quae</strong></span> <span class='ocrx_word' id='word_1_406' title='bbox 2416 2732 2631 2789; x_wconf 87' lang='lat' dir='ltr'><strong>fuerant</strong></span> <span class='ocrx_word' id='word_1_407' title='bbox 2646 2734 2891 2805; x_wconf 89' lang='lat' dir='ltr'><strong>judicata</strong></span> <span class='ocrx_word' id='word_1_408' title='bbox 2917 2744 2971 2792; x_wconf 90' lang='lat' dir='ltr'><strong>et</strong></span> <span class='ocrx_word' id='word_1_409' title='bbox 3008 2737 3247 2802; x_wconf 85' lang='lat' dir='ltr'><strong>decreta,</strong></span> <span class='ocrx_word' id='word_1_410' title='bbox 3279 2750 3338 2794; x_wconf 92' lang='lat' dir='ltr'><strong>ut</strong></span> <span class='ocrx_word' id='word_1_411' title='bbox 3365 2740 3567 2795; x_wconf 85' lang='lat' dir='ltr'><strong>duritia</strong></span> 
     </span>
    </p>
   </div>
   <div class='ocr_carea' id='block_1_57' title="bbox 1999 2825 3571 2899">
    <p class='ocr_par' dir='ltr' id='par_1_57' title="bbox 1999 2825 3571 2899">
     <span class='ocr_line' id='line_1_57' title="bbox 1999 2825 3571 2899; baseline 0.007 -23"><span class='ocrx_word' id='word_1_412' title='bbox 1999 2831 2290 2879; x_wconf 81' lang='lat' dir='ltr'><strong>accusetur</strong></span> <span class='ocrx_word' id='word_1_413' title='bbox 2324 2842 2337 2879; x_wconf 92' lang='lat'><strong>:</strong></span> <span class='ocrx_word' id='word_1_414' title='bbox 2368 2825 2596 2895; x_wconf 86' lang='lat' dir='ltr'><strong>perfecit</strong></span> <span class='ocrx_word' id='word_1_415' title='bbox 2623 2842 2708 2895; x_wconf 91' lang='lat' dir='ltr'><strong>ea,</strong></span> <span class='ocrx_word' id='word_1_416' title='bbox 2739 2826 2807 2883; x_wconf 90' lang='lat' dir='ltr'><strong>de</strong></span> <span class='ocrx_word' id='word_1_417' title='bbox 2837 2828 3036 2899; x_wconf 88' lang='lat' dir='ltr'><strong>quibus</strong></span> <span class='ocrx_word' id='word_1_418' title='bbox 3060 2830 3419 2886; x_wconf 90' lang='lat' dir='ltr'><strong>deliberatum</strong></span> <span class='ocrx_word' id='word_1_419' title='bbox 3449 2830 3571 2887; x_wconf 84' lang='lat' dir='ltr'><strong>fue-</strong></span> 
     </span>
    </p>
   </div>
   <div class='ocr_carea' id='block_1_58' title="bbox 2002 2913 3568 2986">
    <p class='ocr_par' dir='ltr' id='par_1_58' title="bbox 2002 2913 3568 2986">
     <span class='ocr_line' id='line_1_58' title="bbox 2002 2913 3568 2986; baseline 0.004 -19"><span class='ocrx_word' id='word_1_420' title='bbox 2002 2920 2089 2967; x_wconf 87' lang='lat' dir='ltr'><strong>rat</strong></span> <span class='ocrx_word' id='word_1_421' title='bbox 2122 2932 2135 2969; x_wconf 93' lang='lat'><strong>:</strong></span> <span class='ocrx_word' id='word_1_422' title='bbox 2171 2913 2239 2968; x_wconf 85' lang='lat' dir='ltr'><strong>ad</strong></span> <span class='ocrx_word' id='word_1_423' title='bbox 2272 2913 2435 2970; x_wconf 81' lang='lat' dir='ltr'><strong>linem</strong></span> <span class='ocrx_word' id='word_1_424' title='bbox 2461 2917 2726 2986; x_wconf 86' lang='lat' dir='ltr'><strong>perducta</strong></span> <span class='ocrx_word' id='word_1_425' title='bbox 2759 2926 2888 2972; x_wconf 91' lang='lat' dir='ltr'><strong>sunt</strong></span> <span class='ocrx_word' id='word_1_426' title='bbox 2941 2918 3310 2973; x_wconf 88' lang='lat' dir='ltr'><strong>considerata.</strong></span> <span class='ocrx_word' id='word_1_427' title='bbox 3359 2917 3568 2975; x_wconf 86' lang='lat' dir='ltr'><strong>Idcirco</strong></span> 
     </span>
    </p>
   </div>
   <div class='ocr_carea' id='block_1_59' title="bbox 317 3004 3569 3085">
    <p class='ocr_par' dir='ltr' id='par_1_59' title="bbox 317 3004 3569 3085">
     <span class='ocr_line' id='line_1_59' title="bbox 317 3004 3569 3085; baseline 0.001 -22"><span class='ocrx_word' id='word_1_428' title='bbox 317 3008 376 3064; x_wconf 89' lang='lat' dir='ltr'><strong>in</strong></span> <span class='ocrx_word' id='word_1_429' title='bbox 428 3008 790 3068; x_wconf 89' lang='lat' dir='ltr'><strong>admiratione</strong></span> <span class='ocrx_word' id='word_1_430' title='bbox 836 3019 943 3080; x_wconf 83' lang='lat' dir='ltr'><strong>est,</strong></span> <span class='ocrx_word' id='word_1_431' title='bbox 998 3014 1128 3084; x_wconf 89' lang='lat' dir='ltr'><strong>quia</strong></span> <span class='ocrx_word' id='word_1_432' title='bbox 1178 3011 1526 3084; x_wconf 88' lang='lat' dir='ltr'><strong>prudentiam</strong></span> <span class='ocrx_word' id='word_1_433' title='bbox 1579 3009 1889 3068; x_wconf 86' lang='lat' dir='ltr'><strong>fortitudini</strong></span> <span class='ocrx_word' id='word_1_434' title='bbox 1928 3009 2244 3077; x_wconf 88' lang='lat' dir='ltr'><strong>admiscuit,</strong></span> <span class='ocrx_word' id='word_1_435' title='bbox 2280 3004 2410 3084; x_wconf 82' lang='lat' dir='ltr'><strong>quia</strong></span> <span class='ocrx_word' id='word_1_436' title='bbox 2433 3028 2595 3071; x_wconf 89' lang='lat' dir='ltr'><strong>omne</strong></span> <span class='ocrx_word' id='word_1_437' title='bbox 2641 3015 2931 3069; x_wconf 83' lang='lat' dir='ltr'><strong>consilium</strong></span> <span class='ocrx_word' id='word_1_438' title='bbox 2986 3023 3226 3085; x_wconf 63' lang='lat' dir='ltr'><strong>coeptum</strong></span> <span class='ocrx_word' id='word_1_439' title='bbox 3265 3015 3333 3070; x_wconf 88' lang='lat' dir='ltr'><strong>ad</strong></span> <span class='ocrx_word' id='word_1_440' title='bbox 3364 3014 3569 3069; x_wconf 81' lang='lat' dir='ltr'><strong>exitum</strong></span> 
     </span>
    </p>
   </div>
   <div class='ocr_carea' id='block_1_60' title="bbox 318 3101 590 3170">
    <p class='ocr_par' dir='ltr' id='par_1_60' title="bbox 318 3101 590 3170">
     <span class='ocr_line' id='line_1_60' title="bbox 318 3101 590 3170; baseline 0.011 -16"><span class='ocrx_word' id='word_1_441' title='bbox 318 3101 590 3170; x_wconf 83' lang='lat' dir='ltr'><strong>perduxit.</strong></span> 
     </span>
    </p>
   </div>
   <div class='ocr_carea' id='block_1_61' title="bbox 388 3194 1895 3273">
    <p class='ocr_par' dir='ltr' id='par_1_61' title="bbox 388 3194 1895 3273">
     <span class='ocr_line' id='line_1_61' title="bbox 388 3194 1895 3273; baseline 0.003 -26"><span class='ocrx_word' id='word_1_442' title='bbox 388 3195 498 3248; x_wconf 83' lang='lat' dir='ltr'><strong>Kal.</strong></span> <span class='ocrx_word' id='word_1_443' title='bbox 526 3195 625 3265; x_wconf 78' lang='grc' dir='ltr'><strong>τῆς</strong></span> <span class='ocrx_word' id='word_1_444' title='bbox 652 3194 902 3273; x_wconf 76' lang='grc' dir='ltr'>ἀνδρείας</span> <span class='ocrx_word' id='word_1_445' title='bbox 934 3197 1138 3270; x_wconf 85' lang='grc' dir='ltr'>ταύτης</span> <span class='ocrx_word' id='word_1_446' title='bbox 1179 3198 1478 3271; x_wconf 89' lang='grc' dir='ltr'>ὑπόδειγμα</span> <span class='ocrx_word' id='word_1_447' title='bbox 1504 3197 1779 3264; x_wconf 91' lang='grc' dir='ltr'>λαϐόντες,</span> <span class='ocrx_word' id='word_1_448' title='bbox 1807 3198 1895 3252; x_wconf 69' lang='grc' dir='ltr'>καὶ</span> 
     </span>
    </p>
   </div>
   <div class='ocr_carea' id='block_1_62' title="bbox 1999 3194 3572 3273">
    <p class='ocr_par' dir='ltr' id='par_1_62' title="bbox 2076 3194 3572 3265">
     <span class='ocr_line' id='line_1_62' title="bbox 2076 3194 3572 3265; baseline 0.003 -15"><span class='ocrx_word' id='word_1_449' title='bbox 2076 3195 2192 3252; x_wconf 83' lang='lat' dir='ltr'><strong>Hoc</strong></span> <span class='ocrx_word' id='word_1_450' title='bbox 2221 3194 2561 3251; x_wconf 88' lang='lat' dir='ltr'><strong>fortitudinis</strong></span> <span class='ocrx_word' id='word_1_451' title='bbox 2593 3196 2842 3265; x_wconf 81' lang='lat' dir='ltr'><strong>exemplo</strong></span> <span class='ocrx_word' id='word_1_452' title='bbox 2872 3201 3109 3264; x_wconf 90' lang='lat' dir='ltr'><strong>sumpto,</strong></span> <span class='ocrx_word' id='word_1_453' title='bbox 3140 3194 3369 3265; x_wconf 74' lang='lat' dir='ltr'><strong>iustitiae</strong></span> <span class='ocrx_word' id='word_1_454' title='bbox 3403 3198 3572 3255; x_wconf 86' lang='lat' dir='ltr'><strong>etiam</strong></span> 
     </span>
    </p>
   </div>
   <div class='ocr_carea' id='block_1_63' title="bbox 316 3287 1895 3363">
    <p class='ocr_par' dir='ltr' id='par_1_63' title="bbox 316 3287 1895 3363">
     <span class='ocr_line' id='line_1_63' title="bbox 316 3287 1895 3363; baseline 0.003 -24"><span class='ocrx_word' id='word_1_455' title='bbox 316 3287 416 3358; x_wconf 85' lang='grc' dir='ltr'>τῆς</span> <span class='ocrx_word' id='word_1_456' title='bbox 469 3287 815 3362; x_wconf 76' lang='grc' dir='ltr'>δικαιοσύνης</span> <span class='ocrx_word' id='word_1_457' title='bbox 872 3290 1176 3362; x_wconf 75' lang='grc' dir='ltr'>ληψόμεθα.</span> <span class='ocrx_word' id='word_1_458' title='bbox 1239 3293 1404 3346; x_wconf 84' lang='grc' dir='ltr'>Ὅταν</span> <span class='ocrx_word' id='word_1_459' title='bbox 1462 3291 1736 3363; x_wconf 82' lang='grc' dir='ltr'>ἀμύνηται</span> <span class='ocrx_word' id='word_1_460' title='bbox 1798 3292 1895 3362; x_wconf 83' lang='grc' dir='ltr'><strong>μὲν</strong></span> 
     </span>
    </p>
   </div>
   <div class='ocr_carea' id='block_1_64' title="bbox 318 3377 1897 3457">
    <p class='ocr_par' dir='ltr' id='par_1_64' title="bbox 318 3377 1897 3457">
     <span class='ocr_line' id='line_1_64' title="bbox 318 3377 1897 3457; baseline 0.003 -26"><span class='ocrx_word' id='word_1_461' title='bbox 318 3377 590 3452; x_wconf 78' lang='grc' dir='ltr'>Ἀϐραὰμ,</span> <span class='ocrx_word' id='word_1_462' title='bbox 621 3382 713 3434; x_wconf 76' lang='grc' dir='ltr'><strong>καὶ</strong></span> <span class='ocrx_word' id='word_1_463' title='bbox 752 3384 1210 3457; x_wconf 82' lang='grc' dir='ltr'>ὑπερμαχήσηται</span> <span class='ocrx_word' id='word_1_464' title='bbox 1240 3384 1348 3440; x_wconf 84' lang='grc' dir='ltr'>τῶν</span> <span class='ocrx_word' id='word_1_465' title='bbox 1370 3386 1759 3457; x_wconf 85' lang='grc' dir='ltr'>ἀδικουμένων,</span> <span class='ocrx_word' id='word_1_466' title='bbox 1802 3384 1897 3439; x_wconf 80' lang='grc' dir='ltr'><strong>καὶ</strong></span> 
     </span>
    </p>
   </div>
   <div class='ocr_carea' id='block_1_65' title="bbox 323 3471 1897 3550">
    <p class='ocr_par' dir='ltr' id='par_1_65' title="bbox 323 3471 1897 3550">
     <span class='ocr_line' id='line_1_65' title="bbox 323 3471 1897 3550; baseline -0.001 -21"><span class='ocrx_word' id='word_1_467' title='bbox 323 3471 593 3544; x_wconf 85' lang='grc' dir='ltr'>βοηθήσας</span> <span class='ocrx_word' id='word_1_468' title='bbox 631 3475 839 3547; x_wconf 83' lang='grc' dir='ltr'>ἀκούσῃ</span> <span class='ocrx_word' id='word_1_469' title='bbox 877 3478 1027 3550; x_wconf 83' lang='grc' dir='ltr'>παρὰ</span> <span class='ocrx_word' id='word_1_470' title='bbox 1059 3479 1168 3533; x_wconf 86' lang='grc' dir='ltr'>τῶν</span> <span class='ocrx_word' id='word_1_471' title='bbox 1201 3476 1703 3549; x_wconf 85' lang='grc' dir='ltr'>ἐλευθερωθέντων·</span> <span class='ocrx_word' id='word_1_472' title='bbox 1751 3475 1897 3530; x_wconf 88' lang='grc' dir='ltr'>Λάϐε</span> 
     </span>
    </p>
   </div>
   <div class='ocr_carea' id='block_1_66' title="bbox 319 3564 1895 3643">
    <p class='ocr_par' dir='ltr' id='par_1_66' title="bbox 319 3564 1895 3643">
     <span class='ocr_line' id='line_1_66' title="bbox 319 3564 1895 3643; baseline 0.004 -27"><span class='ocrx_word' id='word_1_473' title='bbox 319 3564 419 3636; x_wconf 85' lang='grc' dir='ltr'>τὴν</span> <span class='ocrx_word' id='word_1_474' title='bbox 446 3565 610 3619; x_wconf 78' lang='grc' dir='ltr'>ἵππον</span> <span class='ocrx_word' id='word_1_475' title='bbox 644 3570 738 3622; x_wconf 73' lang='grc' dir='ltr'><strong>καὶ</strong></span> <span class='ocrx_word' id='word_1_476' title='bbox 763 3570 938 3623; x_wconf 79' lang='grc' dir='ltr'>πάντα</span> <span class='ocrx_word' id='word_1_477' title='bbox 968 3571 1177 3643; x_wconf 82' lang='grc' dir='ltr'>σεαυτῷ</span> <span class='ocrx_word' id='word_1_478' title='bbox 1196 3587 1212 3603; x_wconf 86' lang='lat'><strong>&#39;</strong></span> <span class='ocrx_word' id='word_1_479' title='bbox 1245 3572 1340 3624; x_wconf 76' lang='grc' dir='ltr'><strong>καὶ</strong></span> <span class='ocrx_word' id='word_1_480' title='bbox 1364 3569 1535 3625; x_wconf 85' lang='grc' dir='ltr'>ταῦτα</span> <span class='ocrx_word' id='word_1_481' title='bbox 1550 3569 1782 3634; x_wconf 89' lang='grc' dir='ltr'>ἀκούων,</span> <span class='ocrx_word' id='word_1_482' title='bbox 1822 3567 1895 3641; x_wconf 79' lang='grc' dir='ltr'>μὴ</span> 
     </span>
    </p>
   </div>
   <div class='ocr_carea' id='block_1_67' title="bbox 322 3655 1897 3733">
    <p class='ocr_par' dir='ltr' id='par_1_67' title="bbox 322 3655 1897 3733">
     <span class='ocr_line' id='line_1_67' title="bbox 322 3655 1897 3733; baseline 0.003 -26"><span class='ocrx_word' id='word_1_483' title='bbox 322 3655 459 3726; x_wconf 84' lang='grc' dir='ltr'>πρὸς</span> <span class='ocrx_word' id='word_1_484' title='bbox 486 3656 576 3709; x_wconf 83' lang='grc' dir='ltr'><strong>τὸν</strong></span> <span class='ocrx_word' id='word_1_485' title='bbox 608 3660 987 3730; x_wconf 74' lang='grc' dir='ltr'>χρηματισμὸν</span> <span class='ocrx_word' id='word_1_486' title='bbox 1022 3661 1257 3731; x_wconf 72' lang='grc' dir='ltr'>βλέπων,</span> <span class='ocrx_word' id='word_1_487' title='bbox 1282 3660 1418 3714; x_wconf 89' lang='grc' dir='ltr'><strong>ἀλλά</strong></span> <span class='ocrx_word' id='word_1_488' title='bbox 1437 3661 1573 3733; x_wconf 86' lang='grc' dir='ltr'>πρὸς</span> <span class='ocrx_word' id='word_1_489' title='bbox 1600 3662 1659 3713; x_wconf 84' lang='grc' dir='ltr'>τὸ</span> <span class='ocrx_word' id='word_1_490' title='bbox 1692 3660 1897 3713; x_wconf 85' lang='grc' dir='ltr'>δίκαιον</span> 
     </span>
    </p>
   </div>
   <div class='ocr_carea' id='block_1_68' title="bbox 323 3744 1899 3823">
    <p class='ocr_par' dir='ltr' id='par_1_68' title="bbox 323 3744 1899 3823">
     <span class='ocr_line' id='line_1_68' title="bbox 323 3744 1899 3823; baseline 0.004 -27"><span class='ocrx_word' id='word_1_491' title='bbox 323 3744 583 3809; x_wconf 78' lang='grc' dir='ltr'>ἀτενίζων</span> <span class='ocrx_word' id='word_1_492' title='bbox 604 3786 619 3811; x_wconf 91' lang='grc'><strong>,</strong></span> <span class='ocrx_word' id='word_1_493' title='bbox 654 3750 748 3801; x_wconf 78' lang='grc' dir='ltr'><strong>καὶ</strong></span> <span class='ocrx_word' id='word_1_494' title='bbox 782 3751 1197 3819; x_wconf 87' lang='grc' dir='ltr'>συγγινώσκων,</span> <span class='ocrx_word' id='word_1_495' title='bbox 1241 3754 1322 3806; x_wconf 81' lang='grc' dir='ltr'>ὅτι</span> <span class='ocrx_word' id='word_1_496' title='bbox 1349 3752 1556 3823; x_wconf 86' lang='grc' dir='ltr'>δωρεὰν</span> <span class='ocrx_word' id='word_1_497' title='bbox 1589 3752 1770 3815; x_wconf 81' lang='grc' dir='ltr'>ἔλαϐε,</span> <span class='ocrx_word' id='word_1_498' title='bbox 1806 3751 1899 3804; x_wconf 65' lang='grc' dir='ltr'><strong>καὶ¹</strong></span> 
     </span>
    </p>
   </div>
   <div class='ocr_carea' id='block_1_69' title="bbox 324 3832 1898 3911">
    <p class='ocr_par' dir='ltr' id='par_1_69' title="bbox 324 3832 1898 3911">
     <span class='ocr_line' id='line_1_69' title="bbox 324 3832 1898 3911; baseline 0.005 -26"><span class='ocrx_word' id='word_1_499' title='bbox 324 3832 443 3898; x_wconf 85' lang='grc' dir='ltr'><strong>πῶς</strong></span> <span class='ocrx_word' id='word_1_500' title='bbox 479 3835 725 3906; x_wconf 79' lang='grc' dir='ltr'>πωλῆσαι</span> <span class='ocrx_word' id='word_1_501' title='bbox 749 3838 848 3909; x_wconf 78' lang='grc' dir='ltr'><strong>τὴν</strong></span> <span class='ocrx_word' id='word_1_502' title='bbox 869 3838 1077 3910; x_wconf 80' lang='grc' dir='ltr'>δωρεὰν</span> <span class='ocrx_word' id='word_1_503' title='bbox 1118 3842 1219 3893; x_wconf 86' lang='grc' dir='ltr'><strong>οὐκ</strong></span> <span class='ocrx_word' id='word_1_504' title='bbox 1252 3841 1488 3909; x_wconf 79' lang='grc' dir='ltr'>ὀφείλει,</span> <span class='ocrx_word' id='word_1_505' title='bbox 1528 3842 1609 3893; x_wconf 83' lang='grc' dir='ltr'>ὅτι</span> <span class='ocrx_word' id='word_1_506' title='bbox 1654 3840 1898 3911; x_wconf 86' lang='grc' dir='ltr'>χάρισμα</span> 
     </span>
    </p>
   </div>
   <div class='ocr_carea' id='block_1_70' title="bbox 325 3929 1899 4006">
    <p class='ocr_par' dir='ltr' id='par_1_70' title="bbox 325 3929 1899 4006">
     <span class='ocr_line' id='line_1_70' title="bbox 325 3929 1899 4006; baseline 0.005 -26"><span class='ocrx_word' id='word_1_507' title='bbox 325 3929 734 4000; x_wconf 82' lang='grc' dir='ltr'>πιπράσκεσθαι</span> <span class='ocrx_word' id='word_1_508' title='bbox 757 3932 857 3986; x_wconf 87' lang='grc' dir='ltr'><strong>οὐκ</strong></span> <span class='ocrx_word' id='word_1_509' title='bbox 879 3934 1131 4003; x_wconf 82' lang='grc' dir='ltr'>ἀνέχεται</span> <span class='ocrx_word' id='word_1_510' title='bbox 1154 3952 1166 3967; x_wconf 80' lang='grc' dir='ltr'><strong>ο</strong></span> <span class='ocrx_word' id='word_1_511' title='bbox 1188 3935 1271 3987; x_wconf 81' lang='grc' dir='ltr'><strong>ὅτι</strong></span> <span class='ocrx_word' id='word_1_512' title='bbox 1294 3934 1466 3988; x_wconf 77' lang='grc' dir='ltr'>ἄδικοι</span> <span class='ocrx_word' id='word_1_513' title='bbox 1494 3937 1540 3988; x_wconf 85' lang='grc' dir='ltr'><strong>οἱ</strong></span> <span class='ocrx_word' id='word_1_514' title='bbox 1568 3934 1664 3997; x_wconf 77' lang='grc' dir='ltr'>τὰς</span> <span class='ocrx_word' id='word_1_515' title='bbox 1693 3934 1899 4006; x_wconf 79' lang='grc' dir='ltr'>δωρεὰς</span> 
     </span>
    </p>
   </div>
   <div class='ocr_carea' id='block_1_71' title="bbox 326 4021 1901 4093">
    <p class='ocr_par' dir='ltr' id='par_1_71' title="bbox 326 4021 1901 4093">
     <span class='ocr_line' id='line_1_71' title="bbox 326 4021 1901 4093; baseline 0.003 -20"><span class='ocrx_word' id='word_1_516' title='bbox 326 4021 702 4093; x_wconf 87' lang='grc' dir='ltr'>ἁποδεδομένοι</span> <span class='ocrx_word' id='word_1_517' title='bbox 734 4023 903 4077; x_wconf 89' lang='grc' dir='ltr'>εἰσίν·</span> <span class='ocrx_word' id='word_1_518' title='bbox 939 4026 1019 4078; x_wconf 82' lang='grc' dir='ltr'>ὅτι</span> <span class='ocrx_word' id='word_1_519' title='bbox 1060 4026 1119 4078; x_wconf 88' lang='grc' dir='ltr'><strong>οὐ</strong></span> <span class='ocrx_word' id='word_1_520' title='bbox 1166 4025 1389 4090; x_wconf 81' lang='grc' dir='ltr'>δικαίως</span> <span class='ocrx_word' id='word_1_521' title='bbox 1419 4026 1487 4079; x_wconf 90' lang='grc' dir='ltr'><strong>τά</strong></span> <span class='ocrx_word' id='word_1_522' title='bbox 1513 4025 1645 4078; x_wconf 78' lang='grc' dir='ltr'>ὥνια</span> <span class='ocrx_word' id='word_1_523' title='bbox 1673 4025 1766 4078; x_wconf 79' lang='grc' dir='ltr'>καὶ</span> <span class='ocrx_word' id='word_1_524' title='bbox 1804 4025 1901 4088; x_wconf 80' lang='grc' dir='ltr'><strong>τὰς</strong></span> 
     </span>
    </p>
   </div>
   <div class='ocr_carea' id='block_1_72' title="bbox 325 4111 1899 4188">
    <p class='ocr_par' dir='ltr' id='par_1_72' title="bbox 325 4111 1899 4188">
     <span class='ocr_line' id='line_1_72' title="bbox 325 4111 1899 4188; baseline 0.004 -26"><span class='ocrx_word' id='word_1_525' title='bbox 325 4111 642 4183; x_wconf 77' lang='grc' dir='ltr'>εὐεργεσίας</span> <span class='ocrx_word' id='word_1_526' title='bbox 662 4114 831 4168; x_wconf 88' lang='grc' dir='ltr'>πωλεῖ</span> <span class='ocrx_word' id='word_1_527' title='bbox 849 4133 949 4179; x_wconf 89' lang='grc' dir='ltr'>τις.</span> <span class='ocrx_word' id='word_1_528' title='bbox 987 4116 1220 4188; x_wconf 89' lang='grc' dir='ltr'>Ἱμάτιον</span> <span class='ocrx_word' id='word_1_529' title='bbox 1251 4117 1344 4171; x_wconf 76' lang='grc' dir='ltr'><strong>καὶ</strong></span> <span class='ocrx_word' id='word_1_530' title='bbox 1361 4115 1643 4187; x_wconf 81' lang='grc' dir='ltr'>κειμήλιον</span> <span class='ocrx_word' id='word_1_531' title='bbox 1668 4115 1753 4168; x_wconf 83' lang='grc' dir='ltr'>ἐπ’</span> <span class='ocrx_word' id='word_1_532' title='bbox 1769 4116 1899 4184; x_wconf 85' lang='grc' dir='ltr'>ἀγο-</span> 
     </span>
    </p>
   </div>
   <div class='ocr_carea' id='block_1_73' title="bbox 330 4205 1901 4282">
    <p class='ocr_par' dir='ltr' id='par_1_73' title="bbox 330 4205 1901 4282">
     <span class='ocr_line' id='line_1_73' title="bbox 330 4205 1901 4282; baseline 0.001 -23"><span class='ocrx_word' id='word_1_533' title='bbox 330 4205 427 4273; x_wconf 81' lang='grc' dir='ltr'><strong>ρᾶς</strong></span> <span class='ocrx_word' id='word_1_534' title='bbox 467 4208 861 4279; x_wconf 87' lang='grc' dir='ltr'>πιπρασκέσθω</span> <span class='ocrx_word' id='word_1_535' title='bbox 883 4226 896 4239; x_wconf 92' lang='grc'><strong>·</strong></span> <span class='ocrx_word' id='word_1_536' title='bbox 933 4210 1174 4281; x_wconf 81' lang='grc' dir='ltr'>ἀπρατος</span> <span class='ocrx_word' id='word_1_537' title='bbox 1205 4210 1323 4282; x_wconf 80' lang='grc' dir='ltr'><strong>δὲή</strong></span> <span class='ocrx_word' id='word_1_538' title='bbox 1366 4207 1649 4281; x_wconf 82' lang='grc' dir='ltr'>εὐεργεσία</span> <span class='ocrx_word' id='word_1_539' title='bbox 1696 4207 1901 4277; x_wconf 83' lang='grc' dir='ltr'>μενέτω</span> 
     </span>
    </p>
   </div>
   <div class='ocr_carea' id='block_1_74' title="bbox 324 4295 1901 4372">
    <p class='ocr_par' dir='ltr' id='par_1_74' title="bbox 324 4295 1901 4372">
     <span class='ocr_line' id='line_1_74' title="bbox 324 4295 1901 4372; baseline 0.002 -24"><span class='ocrx_word' id='word_1_540' title='bbox 324 4295 404 4368; x_wconf 82' lang='grc' dir='ltr'>τῷ</span> <span class='ocrx_word' id='word_1_541' title='bbox 442 4299 803 4372; x_wconf 65' lang='grc' dir='ltr'>μεγαλοψύχῳ</span> <span class='ocrx_word' id='word_1_542' title='bbox 844 4300 944 4371; x_wconf 87' lang='grc' dir='ltr'><strong>τῆς</strong></span> <span class='ocrx_word' id='word_1_543' title='bbox 980 4301 1238 4366; x_wconf 87' lang='grc' dir='ltr'>διανοίας,</span> <span class='ocrx_word' id='word_1_544' title='bbox 1287 4303 1519 4372; x_wconf 89' lang='grc' dir='ltr'>προῖκας</span> <span class='ocrx_word' id='word_1_545' title='bbox 1548 4298 1627 4369; x_wconf 83' lang='grc' dir='ltr'>τῷ</span> <span class='ocrx_word' id='word_1_546' title='bbox 1664 4298 1901 4370; x_wconf 88' lang='grc' dir='ltr'>δεομένῳ</span> 
     </span>
    </p>
   </div>
   <div class='ocr_carea' id='block_1_75' title="bbox 325 4387 1903 4465">
    <p class='ocr_par' dir='ltr' id='par_1_75' title="bbox 325 4387 1903 4465">
     <span class='ocr_line' id='line_1_75' title="bbox 325 4387 1903 4465; baseline 0 -23"><span class='ocrx_word' id='word_1_547' title='bbox 325 4387 593 4462; x_wconf 87' lang='grc' dir='ltr'>διδομένη.</span> <span class='ocrx_word' id='word_1_548' title='bbox 639 4393 748 4446; x_wconf 78' lang='grc' dir='ltr'>Καὶ</span> <span class='ocrx_word' id='word_1_549' title='bbox 796 4392 1033 4447; x_wconf 81' lang='grc' dir='ltr'>τοιοῦτον</span> <span class='ocrx_word' id='word_1_550' title='bbox 1068 4392 1189 4464; x_wconf 80' lang='grc' dir='ltr'><strong>ἔχον</strong></span> <span class='ocrx_word' id='word_1_551' title='bbox 1231 4393 1329 4465; x_wconf 80' lang='grc' dir='ltr'><strong>μὲν</strong></span> <span class='ocrx_word' id='word_1_552' title='bbox 1358 4393 1459 4465; x_wconf 86' lang='grc' dir='ltr'>τῆς</span> <span class='ocrx_word' id='word_1_553' title='bbox 1502 4392 1736 4455; x_wconf 88' lang='grc' dir='ltr'>διανοίας</span> <span class='ocrx_word' id='word_1_554' title='bbox 1779 4390 1903 4443; x_wconf 83' lang='grc' dir='ltr'>ὑπό-</span> 
     </span>
    </p>
   </div>
   <div class='ocr_carea' id='block_1_76' title="bbox 326 4477 1896 4554">
    <p class='ocr_par' dir='ltr' id='par_1_76' title="bbox 326 4477 1896 4554">
     <span class='ocr_line' id='line_1_76' title="bbox 326 4477 1896 4554; baseline 0.001 -23"><span class='ocrx_word' id='word_1_555' title='bbox 326 4477 546 4551; x_wconf 89' lang='grc' dir='ltr'>δειγμα,</span> <span class='ocrx_word' id='word_1_556' title='bbox 586 4483 667 4535; x_wconf 86' lang='grc' dir='ltr'>ὅτι</span> <span class='ocrx_word' id='word_1_557' title='bbox 695 4482 794 4546; x_wconf 82' lang='grc' dir='ltr'>τὰς</span> <span class='ocrx_word' id='word_1_558' title='bbox 821 4483 1027 4554; x_wconf 88' lang='grc' dir='ltr'>δωρεὰς</span> <span class='ocrx_word' id='word_1_559' title='bbox 1053 4483 1149 4537; x_wconf 71' lang='grc' dir='ltr'>καὶ</span> <span class='ocrx_word' id='word_1_560' title='bbox 1184 4484 1283 4547; x_wconf 79' lang='grc' dir='ltr'>τὰς</span> <span class='ocrx_word' id='word_1_561' title='bbox 1302 4482 1619 4553; x_wconf 80' lang='grc' dir='ltr'>εὐεργεσίας</span> <span class='ocrx_word' id='word_1_562' title='bbox 1662 4480 1896 4553; x_wconf 90' lang='grc' dir='ltr'>μεγάλου</span> 
     </span>
    </p>
   </div>
   <div class='ocr_carea' id='block_1_77' title="bbox 327 4575 1897 4648">
    <p class='ocr_par' dir='ltr' id='par_1_77' title="bbox 327 4575 1897 4648">
     <span class='ocr_line' id='line_1_77' title="bbox 327 4575 1897 4648; baseline -0.002 -18"><span class='ocrx_word' id='word_1_563' title='bbox 327 4575 606 4646; x_wconf 86' lang='grc' dir='ltr'>χρήματος</span> <span class='ocrx_word' id='word_1_564' title='bbox 635 4577 1040 4647; x_wconf 88' lang='grc' dir='ltr'>πιπράσκεσθαι</span> <span class='ocrx_word' id='word_1_565' title='bbox 1062 4578 1121 4630; x_wconf 90' lang='grc' dir='ltr'><strong>οὐ</strong></span> <span class='ocrx_word' id='word_1_566' title='bbox 1154 4576 1254 4641; x_wconf 85' lang='grc' dir='ltr'>δεῖ,</span> <span class='ocrx_word' id='word_1_567' title='bbox 1290 4575 1426 4631; x_wconf 84' lang='grc' dir='ltr'><strong>ἀλλά</strong></span> <span class='ocrx_word' id='word_1_568' title='bbox 1446 4578 1632 4648; x_wconf 88' lang='grc' dir='ltr'>τηρεῖν</span> <span class='ocrx_word' id='word_1_569' title='bbox 1650 4575 1746 4647; x_wconf 82' lang='grc' dir='ltr'>τὴν</span> <span class='ocrx_word' id='word_1_570' title='bbox 1768 4575 1897 4628; x_wconf 82' lang='grc' dir='ltr'>ἐκά-</span> 
     </span>
    </p>
   </div>
   <div class='ocr_carea' id='block_1_78' title="bbox 330 4667 1898 4742">
    <p class='ocr_par' dir='ltr' id='par_1_78' title="bbox 330 4667 1898 4742">
     <span class='ocr_line' id='line_1_78' title="bbox 330 4667 1898 4742; baseline 0.003 -25"><span class='ocrx_word' id='word_1_571' title='bbox 330 4682 452 4718; x_wconf 87' lang='grc' dir='ltr'>στου</span> <span class='ocrx_word' id='word_1_572' title='bbox 482 4667 666 4739; x_wconf 84' lang='grc' dir='ltr'>τιμὴν,</span> <span class='ocrx_word' id='word_1_573' title='bbox 706 4668 780 4739; x_wconf 80' lang='grc' dir='ltr'><strong>μὴ</strong></span> <span class='ocrx_word' id='word_1_574' title='bbox 800 4668 1346 4742; x_wconf 83' lang='grc' dir='ltr'>προδιαφθειρόμενον</span> <span class='ocrx_word' id='word_1_575' title='bbox 1375 4671 1441 4740; x_wconf 80' lang='grc' dir='ltr'><strong>τῇ</strong></span> <span class='ocrx_word' id='word_1_576' title='bbox 1476 4668 1616 4722; x_wconf 89' lang='grc' dir='ltr'>δόσει</span> <span class='ocrx_word' id='word_1_577' title='bbox 1640 4667 1746 4721; x_wconf 81' lang='grc' dir='ltr'>τῶν</span> <span class='ocrx_word' id='word_1_578' title='bbox 1761 4683 1898 4739; x_wconf 87' lang='grc' dir='ltr'>χρη-</span> 
     </span>
    </p>
   </div>
   <div class='ocr_carea' id='block_1_79' title="bbox 330 4759 535 4830">
    <p class='ocr_par' dir='ltr' id='par_1_79' title="bbox 330 4759 535 4830">
     <span class='ocr_line' id='line_1_79' title="bbox 330 4759 535 4830; baseline -0.005 -17"><span class='ocrx_word' id='word_1_579' title='bbox 330 4759 535 4830; x_wconf 86' lang='grc' dir='ltr'>μάτων.</span> 
     </span>
    </p>
   </div>
   <div class='ocr_carea' id='block_1_80' title="bbox 1996 3284 3569 3358">
    <p class='ocr_par' dir='ltr' id='par_1_80' title="bbox 1996 3284 3569 3358">
     <span class='ocr_line' id='line_1_80' title="bbox 1996 3284 3569 3358; baseline 0.001 -15"><span class='ocrx_word' id='word_1_580' title='bbox 1996 3288 2304 3358; x_wconf 79' lang='lat' dir='ltr'><strong>exemplum</strong></span> <span class='ocrx_word' id='word_1_581' title='bbox 2331 3301 2634 3342; x_wconf 89' lang='lat' dir='ltr'><strong>sumamus.</strong></span> <span class='ocrx_word' id='word_1_582' title='bbox 2665 3284 2801 3340; x_wconf 89' lang='lat' dir='ltr'><strong>Cum</strong></span> <span class='ocrx_word' id='word_1_583' title='bbox 2827 3285 3098 3340; x_wconf 87' lang='lat' dir='ltr'><strong>Abraham</strong></span> <span class='ocrx_word' id='word_1_584' title='bbox 3130 3285 3330 3355; x_wconf 83' lang='lat' dir='ltr'><strong>injuria</strong></span> <span class='ocrx_word' id='word_1_585' title='bbox 3346 3287 3569 3345; x_wconf 66' lang='lat' dir='ltr'><strong>allectos</strong></span> 
     </span>
    </p>
   </div>
   <div class='ocr_carea' id='block_1_81' title="bbox 1998 3378 3570 3449">
    <p class='ocr_par' dir='ltr' id='par_1_81' title="bbox 1998 3378 3570 3449">
     <span class='ocr_line' id='line_1_81' title="bbox 1998 3378 3570 3449; baseline -0.001 -13"><span class='ocrx_word' id='word_1_586' title='bbox 1998 3380 2273 3436; x_wconf 84' lang='lat' dir='ltr'><strong>ulciscens</strong></span> <span class='ocrx_word' id='word_1_587' title='bbox 2302 3394 2402 3449; x_wconf 90' lang='lat' dir='ltr'><strong>pro</strong></span> <span class='ocrx_word' id='word_1_588' title='bbox 2438 3378 2519 3433; x_wconf 93' lang='lat' dir='ltr'><strong>eis</strong></span> <span class='ocrx_word' id='word_1_589' title='bbox 2548 3378 2824 3447; x_wconf 86' lang='lat' dir='ltr'><strong>pugnavit,</strong></span> <span class='ocrx_word' id='word_1_590' title='bbox 2870 3384 2924 3431; x_wconf 94' lang='lat' dir='ltr'><strong>et</strong></span> <span class='ocrx_word' id='word_1_591' title='bbox 2961 3391 3086 3431; x_wconf 88' lang='lat' dir='ltr'><strong>cum</strong></span> <span class='ocrx_word' id='word_1_592' title='bbox 3136 3384 3261 3447; x_wconf 91' lang='lat' dir='ltr'><strong>post</strong></span> <span class='ocrx_word' id='word_1_593' title='bbox 3302 3380 3570 3436; x_wconf 77' lang='lat' dir='ltr'><strong>auxilium</strong></span> 
     </span>
    </p>
   </div>
   <div class='ocr_carea' id='block_1_82' title="bbox 1998 3469 3571 3542">
    <p class='ocr_par' dir='ltr' id='par_1_82' title="bbox 1998 3469 3571 3542">
     <span class='ocr_line' id='line_1_82' title="bbox 1998 3469 3571 3542; baseline 0.001 -15"><span class='ocrx_word' id='word_1_594' title='bbox 1998 3473 2221 3527; x_wconf 90' lang='lat' dir='ltr'><strong>allatum</strong></span> <span class='ocrx_word' id='word_1_595' title='bbox 2253 3471 2468 3526; x_wconf 86' lang='lat' dir='ltr'><strong>audiret</strong></span> <span class='ocrx_word' id='word_1_596' title='bbox 2507 3485 2536 3523; x_wconf 91' lang='lat' dir='ltr'><strong>a</strong></span> <span class='ocrx_word' id='word_1_597' title='bbox 2566 3469 2815 3525; x_wconf 88' lang='lat' dir='ltr'><strong>liberatis</strong></span> <span class='ocrx_word' id='word_1_598' title='bbox 2849 3469 3083 3540; x_wconf 87' lang='lat' dir='ltr'><strong>:Accipe</strong></span> <span class='ocrx_word' id='word_1_599' title='bbox 3127 3470 3227 3525; x_wconf 88' lang='lat' dir='ltr'><strong>tibi</strong></span> <span class='ocrx_word' id='word_1_600' title='bbox 3267 3472 3571 3542; x_wconf 86' lang='lat' dir='ltr'><strong>equitatum</strong></span> 
     </span>
    </p>
   </div>
   <div class='ocr_carea' id='block_1_83' title="bbox 1997 3562 3569 3634">
    <p class='ocr_par' dir='ltr' id='par_1_83' title="bbox 1997 3562 3569 3634">
     <span class='ocr_line' id='line_1_83' title="bbox 1997 3562 3569 3634; baseline -0.001 -15"><span class='ocrx_word' id='word_1_601' title='bbox 1997 3572 2051 3620; x_wconf 89' lang='lat' dir='ltr'><strong>et</strong></span> <span class='ocrx_word' id='word_1_602' title='bbox 2084 3564 2301 3629; x_wconf 86' lang='lat' dir='ltr'><strong>omnia;</strong></span> <span class='ocrx_word' id='word_1_603' title='bbox 2343 3577 2452 3618; x_wconf 94' lang='lat' dir='ltr'><strong>non</strong></span> <span class='ocrx_word' id='word_1_604' title='bbox 2500 3562 2554 3615; x_wconf 92' lang='lat' dir='ltr'><strong>in</strong></span> <span class='ocrx_word' id='word_1_605' title='bbox 2589 3568 2855 3631; x_wconf 86' lang='lat' dir='ltr'><strong>quaestum</strong></span> <span class='ocrx_word' id='word_1_606' title='bbox 2886 3562 3118 3631; x_wconf 78' lang='lat' dir='ltr'><strong>aspexit,</strong></span> <span class='ocrx_word' id='word_1_607' title='bbox 3162 3563 3257 3618; x_wconf 91' lang='lat' dir='ltr'><strong>sed</strong></span> <span class='ocrx_word' id='word_1_608' title='bbox 3297 3563 3569 3634; x_wconf 84' lang='lat' dir='ltr'><strong>justitiam</strong></span> 
     </span>
    </p>
   </div>
   <div class='ocr_carea' id='block_1_84' title="bbox 1999 3653 3571 3727">
    <p class='ocr_par' dir='ltr' id='par_1_84' title="bbox 1999 3653 3571 3727">
     <span class='ocr_line' id='line_1_84' title="bbox 1999 3653 3571 3727; baseline -0.002 -16"><span class='ocrx_word' id='word_1_609' title='bbox 1999 3655 2268 3724; x_wconf 87' lang='lat' dir='ltr'><strong>attendit;</strong></span> <span class='ocrx_word' id='word_1_610' title='bbox 2307 3653 2584 3725; x_wconf 86' lang='lat' dir='ltr'><strong>quomodo</strong></span> <span class='ocrx_word' id='word_1_611' title='bbox 2604 3654 2859 3707; x_wconf 86' lang='lat' dir='ltr'><strong>conscius</strong></span> <span class='ocrx_word' id='word_1_612' title='bbox 2882 3668 2943 3708; x_wconf 86' lang='lat' dir='ltr'><strong>se</strong></span> <span class='ocrx_word' id='word_1_613' title='bbox 2978 3654 3151 3725; x_wconf 86' lang='lat' dir='ltr'><strong>gratis</strong></span> <span class='ocrx_word' id='word_1_614' title='bbox 3180 3656 3413 3727; x_wconf 89' lang='lat' dir='ltr'><strong>cepisse,</strong></span> <span class='ocrx_word' id='word_1_615' title='bbox 3460 3672 3571 3709; x_wconf 88' lang='lat' dir='ltr'><strong>non</strong></span> 
     </span>
    </p>
   </div>
   <div class='ocr_carea' id='block_1_85' title="bbox 1999 3746 3576 3818">
    <p class='ocr_par' dir='ltr' id='par_1_85' title="bbox 1999 3746 3576 3818">
     <span class='ocr_line' id='line_1_85' title="bbox 1999 3746 3576 3818; baseline -0.003 -14"><span class='ocrx_word' id='word_1_616' title='bbox 1999 3749 2229 3804; x_wconf 85' lang='lat' dir='ltr'><strong>debebat</strong></span> <span class='ocrx_word' id='word_1_617' title='bbox 2279 3748 2515 3803; x_wconf 88' lang='lat' dir='ltr'><strong>vendere</strong></span> <span class='ocrx_word' id='word_1_618' title='bbox 2557 3746 2759 3800; x_wconf 88' lang='lat' dir='ltr'><strong>donum</strong></span> <span class='ocrx_word' id='word_1_619' title='bbox 2795 3763 2807 3799; x_wconf 90' lang='lat'><strong>:</strong></span> <span class='ocrx_word' id='word_1_620' title='bbox 2845 3746 2970 3814; x_wconf 87' lang='lat' dir='ltr'><strong>quia</strong></span> <span class='ocrx_word' id='word_1_621' title='bbox 3022 3748 3196 3818; x_wconf 89' lang='lat' dir='ltr'><strong>gratia</strong></span> <span class='ocrx_word' id='word_1_622' title='bbox 3268 3747 3576 3818; x_wconf 75' lang='lat' dir='ltr'><strong>non&#39;pati-</strong></span> 
     </span>
    </p>
   </div>
   <div class='ocr_carea' id='block_1_86' title="bbox 1998 3836 3572 3909">
    <p class='ocr_par' dir='ltr' id='par_1_86' title="bbox 1998 3836 3572 3909">
     <span class='ocr_line' id='line_1_86' title="bbox 1998 3836 3572 3909; baseline 0 -17"><span class='ocrx_word' id='word_1_623' title='bbox 1998 3849 2090 3894; x_wconf 87' lang='lat' dir='ltr'><strong>tur</strong></span> <span class='ocrx_word' id='word_1_624' title='bbox 2151 3848 2210 3894; x_wconf 92' lang='lat' dir='ltr'><strong>ut</strong></span> <span class='ocrx_word' id='word_1_625' title='bbox 2257 3837 2662 3904; x_wconf 89' lang='lat' dir='ltr'><strong>venumdetur;</strong></span> <span class='ocrx_word' id='word_1_626' title='bbox 2716 3836 2985 3907; x_wconf 85' lang='lat' dir='ltr'><strong>siquidem</strong></span> <span class='ocrx_word' id='word_1_627' title='bbox 3035 3837 3227 3908; x_wconf 86' lang='lat' dir='ltr'><strong>injusti</strong></span> <span class='ocrx_word' id='word_1_628' title='bbox 3287 3846 3434 3902; x_wconf 90' lang='lat' dir='ltr'><strong>sunt,</strong></span> <span class='ocrx_word' id='word_1_629' title='bbox 3477 3837 3572 3909; x_wconf 91' lang='lat' dir='ltr'><strong>qui</strong></span> 
     </span>
    </p>
   </div>
   <div class='ocr_carea' id='block_1_87' title="bbox 2008 3929 3575 4000">
    <p class='ocr_par' dir='ltr' id='par_1_87' title="bbox 2008 3929 3575 4000">
     <span class='ocr_line' id='line_1_87' title="bbox 2008 3929 3575 4000; baseline 0.001 -15"><span class='ocrx_word' id='word_1_630' title='bbox 2008 3932 2150 3986; x_wconf 91' lang='lat' dir='ltr'><strong>dona</strong></span> <span class='ocrx_word' id='word_1_631' title='bbox 2191 3931 2464 3997; x_wconf 85' lang='lat' dir='ltr'><strong>vendunt;</strong></span> <span class='ocrx_word' id='word_1_632' title='bbox 2494 3938 2549 3985; x_wconf 91' lang='lat' dir='ltr'><strong>et</strong></span> <span class='ocrx_word' id='word_1_633' title='bbox 2583 3943 2690 3985; x_wconf 92' lang='lat' dir='ltr'><strong>non</strong></span> <span class='ocrx_word' id='word_1_634' title='bbox 2720 3929 2869 3999; x_wconf 89' lang='lat' dir='ltr'><strong>juste</strong></span> <span class='ocrx_word' id='word_1_635' title='bbox 2892 3931 3016 4000; x_wconf 88' lang='lat' dir='ltr'><strong>quis</strong></span> <span class='ocrx_word' id='word_1_636' title='bbox 3045 3930 3259 3985; x_wconf 89' lang='lat' dir='ltr'><strong>venalia</strong></span> <span class='ocrx_word' id='word_1_637' title='bbox 3305 3940 3359 3985; x_wconf 91' lang='lat' dir='ltr'><strong>et</strong></span> <span class='ocrx_word' id='word_1_638' title='bbox 3409 3931 3575 3986; x_wconf 84' lang='lat' dir='ltr'><strong>bene-</strong></span> 
     </span>
    </p>
   </div>
   <div class='ocr_carea' id='block_1_88' title="bbox 2004 4022 3576 4094">
    <p class='ocr_par' dir='ltr' id='par_1_88' title="bbox 2004 4022 3576 4094">
     <span class='ocr_line' id='line_1_88' title="bbox 2004 4022 3576 4094; baseline -0.001 -15"><span class='ocrx_word' id='word_1_639' title='bbox 2004 4025 2125 4079; x_wconf 89' lang='lat' dir='ltr'><strong>ficia</strong></span> <span class='ocrx_word' id='word_1_640' title='bbox 2162 4023 2476 4079; x_wconf 87' lang='lat' dir='ltr'><strong>venumdat.</strong></span> <span class='ocrx_word' id='word_1_641' title='bbox 2524 4022 2709 4079; x_wconf 80' lang='lat' dir='ltr'><strong>Vestis</strong></span> <span class='ocrx_word' id='word_1_642' title='bbox 2771 4030 2827 4078; x_wconf 89' lang='lat' dir='ltr'><strong>et</strong></span> <span class='ocrx_word' id='word_1_643' title='bbox 2886 4038 2977 4079; x_wconf 88' lang='lat' dir='ltr'><strong>res</strong></span> <span class='ocrx_word' id='word_1_644' title='bbox 3029 4023 3270 4094; x_wconf 88' lang='lat' dir='ltr'><strong>pretiosa</strong></span> <span class='ocrx_word' id='word_1_645' title='bbox 3309 4022 3576 4078; x_wconf 87' lang='lat' dir='ltr'><strong>vendatur</strong></span> 
     </span>
    </p>
   </div>
   <div class='ocr_carea' id='block_1_89' title="bbox 2002 4114 3573 4184">
    <p class='ocr_par' dir='ltr' id='par_1_89' title="bbox 2002 4114 3573 4184">
     <span class='ocr_line' id='line_1_89' title="bbox 2002 4114 3573 4184; baseline -0.001 -13"><span class='ocrx_word' id='word_1_646' title='bbox 2002 4117 2058 4171; x_wconf 89' lang='lat' dir='ltr'><strong>in</strong></span> <span class='ocrx_word' id='word_1_647' title='bbox 2091 4114 2251 4170; x_wconf 84' lang='lat' dir='ltr'><strong>foro:</strong></span> <span class='ocrx_word' id='word_1_648' title='bbox 2295 4114 2622 4170; x_wconf 85' lang='lat' dir='ltr'><strong>beneﬁcium</strong></span> <span class='ocrx_word' id='word_1_649' title='bbox 2654 4130 2809 4180; x_wconf 86' lang='lat' dir='ltr'><strong>vero,</strong></span> <span class='ocrx_word' id='word_1_650' title='bbox 2849 4130 2918 4173; x_wconf 89' lang='lat' dir='ltr'><strong>ne</strong></span> <span class='ocrx_word' id='word_1_651' title='bbox 2966 4115 3232 4169; x_wconf 85' lang='lat' dir='ltr'><strong>habeatur</strong></span> <span class='ocrx_word' id='word_1_652' title='bbox 3278 4117 3573 4184; x_wconf 84' lang='lat' dir='ltr'><strong>vendibile,</strong></span> 
     </span>
    </p>
   </div>
   <div class='ocr_carea' id='block_1_90' title="bbox 2003 4204 3572 4278">
    <p class='ocr_par' dir='ltr' id='par_1_90' title="bbox 2003 4204 3572 4278">
     <span class='ocr_line' id='line_1_90' title="bbox 2003 4204 3572 4278; baseline 0.001 -16"><span class='ocrx_word' id='word_1_653' title='bbox 2003 4207 2148 4278; x_wconf 83' lang='lat' dir='ltr'><strong>quod</strong></span> <span class='ocrx_word' id='word_1_654' title='bbox 2186 4222 2386 4277; x_wconf 88' lang='lat' dir='ltr'><strong>magno</strong></span> <span class='ocrx_word' id='word_1_655' title='bbox 2425 4206 2609 4261; x_wconf 89' lang='lat' dir='ltr'><strong>animo</strong></span> <span class='ocrx_word' id='word_1_656' title='bbox 2663 4206 2838 4277; x_wconf 85' lang='lat' dir='ltr'><strong>gratis</strong></span> <span class='ocrx_word' id='word_1_657' title='bbox 2899 4206 3162 4277; x_wconf 85' lang='lat' dir='ltr'><strong>indigenti</strong></span> <span class='ocrx_word' id='word_1_658' title='bbox 3215 4204 3339 4260; x_wconf 85' lang='lat' dir='ltr'><strong>dari</strong></span> <span class='ocrx_word' id='word_1_659' title='bbox 3392 4205 3572 4263; x_wconf 87' lang='lat' dir='ltr'><strong>debet.</strong></span> 
     </span>
    </p>
   </div>
   <div class='ocr_carea' id='block_1_91' title="bbox 2004 4295 3576 4371">
    <p class='ocr_par' dir='ltr' id='par_1_91' title="bbox 2004 4295 3576 4371">
     <span class='ocr_line' id='line_1_91' title="bbox 2004 4295 3576 4371; baseline -0.001 -19"><span class='ocrx_word' id='word_1_660' title='bbox 2004 4297 2134 4353; x_wconf 84' lang='lat' dir='ltr'><strong>Tale</strong></span> <span class='ocrx_word' id='word_1_661' title='bbox 2172 4298 2478 4368; x_wconf 81' lang='lat' dir='ltr'><strong>exemplum</strong></span> <span class='ocrx_word' id='word_1_662' title='bbox 2511 4297 2814 4371; x_wconf 83' lang='lat' dir='ltr'><strong>habemus,</strong></span> <span class='ocrx_word' id='word_1_663' title='bbox 2850 4297 2994 4352; x_wconf 90' lang='lat' dir='ltr'><strong>dona</strong></span> <span class='ocrx_word' id='word_1_664' title='bbox 3066 4306 3126 4352; x_wconf 73' lang='lat' dir='ltr'><strong>et.</strong></span> <span class='ocrx_word' id='word_1_665' title='bbox 3154 4295 3418 4351; x_wconf 84' lang='lat' dir='ltr'><strong>beneficia</strong></span> <span class='ocrx_word' id='word_1_666' title='bbox 3466 4313 3576 4350; x_wconf 86' lang='lat' dir='ltr'><strong>non</strong></span> 
     </span>
    </p>
   </div>
   <div class='ocr_carea' id='block_1_92' title="bbox 2002 4389 3575 4463">
    <p class='ocr_par' dir='ltr' id='par_1_92' title="bbox 2002 4389 3575 4463">
     <span class='ocr_line' id='line_1_92' title="bbox 2002 4389 3575 4463; baseline -0.001 -19"><span class='ocrx_word' id='word_1_667' title='bbox 2002 4399 2257 4460; x_wconf 89' lang='lat' dir='ltr'><strong>oportere</strong></span> <span class='ocrx_word' id='word_1_668' title='bbox 2284 4390 2456 4444; x_wconf 92' lang='lat' dir='ltr'><strong>multa</strong></span> <span class='ocrx_word' id='word_1_669' title='bbox 2483 4390 2714 4463; x_wconf 90' lang='lat' dir='ltr'><strong>pecunia</strong></span> <span class='ocrx_word' id='word_1_670' title='bbox 2740 4389 2995 4456; x_wconf 87' lang='lat' dir='ltr'><strong>vendere,</strong></span> <span class='ocrx_word' id='word_1_671' title='bbox 3020 4390 3115 4445; x_wconf 90' lang='lat' dir='ltr'><strong>sed</strong></span> <span class='ocrx_word' id='word_1_672' title='bbox 3144 4405 3365 4445; x_wconf 84' lang='lat' dir='ltr'><strong>servare</strong></span> <span class='ocrx_word' id='word_1_673' title='bbox 3385 4406 3575 4460; x_wconf 86' lang='lat' dir='ltr'><strong>quem-</strong></span> 
     </span>
    </p>
   </div>
   <div class='ocr_carea' id='block_1_93' title="bbox 2006 4480 3577 4553">
    <p class='ocr_par' dir='ltr' id='par_1_93' title="bbox 2006 4480 3577 4553">
     <span class='ocr_line' id='line_1_93' title="bbox 2006 4480 3577 4553; baseline -0.001 -17"><span class='ocrx_word' id='word_1_674' title='bbox 2006 4497 2112 4552; x_wconf 90' lang='lat' dir='ltr'><strong>que</strong></span> <span class='ocrx_word' id='word_1_675' title='bbox 2153 4482 2417 4537; x_wconf 89' lang='lat' dir='ltr'><strong>honorem</strong></span> <span class='ocrx_word' id='word_1_676' title='bbox 2470 4496 2654 4550; x_wconf 86' lang='lat' dir='ltr'><strong>suum,</strong></span> <span class='ocrx_word' id='word_1_677' title='bbox 2713 4489 2768 4538; x_wconf 90' lang='lat' dir='ltr'><strong>et</strong></span> <span class='ocrx_word' id='word_1_678' title='bbox 2798 4497 2905 4537; x_wconf 91' lang='lat' dir='ltr'><strong>non</strong></span> <span class='ocrx_word' id='word_1_679' title='bbox 2958 4482 3112 4553; x_wconf 80' lang='lat' dir='ltr'><strong>prius</strong></span> <span class='ocrx_word' id='word_1_680' title='bbox 3168 4480 3397 4538; x_wconf 74' lang='lat' dir='ltr'><strong>pecunia</strong></span> <span class='ocrx_word' id='word_1_681' title='bbox 3455 4495 3577 4535; x_wconf 91' lang='lat' dir='ltr'><strong>cor-</strong></span> 
     </span>
    </p>
   </div>
   <div class='ocr_carea' id='block_1_94' title="bbox 2002 4590 2200 4645">
    <p class='ocr_par' dir='ltr' id='par_1_94' title="bbox 2002 4590 2200 4645">
     <span class='ocr_line' id='line_1_94' title="bbox 2002 4590 2200 4645; baseline -0.005 -16"><span class='ocrx_word' id='word_1_682' title='bbox 2002 4590 2200 4645; x_wconf 80' lang='lat' dir='ltr'><strong>rumpi.</strong></span> 
     </span>
    </p>
   </div>
   <div class='ocr_carea' id='block_1_95' title="bbox 1317 4868 2555 4943">
    <p class='ocr_par' dir='ltr' id='par_1_95' title="bbox 1317 4868 2555 4943">
     <span class='ocr_line' id='line_1_95' title="bbox 1317 4868 2555 4943; baseline -0.006 -12"><span class='ocrx_word' id='word_1_683' title='bbox 1317 4875 1447 4931; x_wconf 80' lang='lat' dir='ltr'><strong>CAP.</strong></span> <span class='ocrx_word' id='word_1_684' title='bbox 1492 4873 1578 4930; x_wconf 78' lang='lat' dir='ltr'><strong>XI.</strong></span> <span class='ocrx_word' id='word_1_685' title='bbox 1623 4873 2017 4930; x_wconf 82' lang='lat' dir='ltr'><strong>Concordantia</strong></span> <span class='ocrx_word' id='word_1_686' title='bbox 2041 4871 2168 4943; x_wconf 78' lang='lat' dir='ltr'><strong>legis</strong></span> <span class='ocrx_word' id='word_1_687' title='bbox 2192 4878 2241 4924; x_wconf 86' lang='lat' dir='ltr'><strong>et</strong></span> <span class='ocrx_word' id='word_1_688' title='bbox 2266 4868 2555 4940; x_wconf 83' lang='lat' dir='ltr'><strong>Evangelii.</strong></span> 
     </span>
    </p>
   </div>
   <div class='ocr_carea' id='block_1_96' title="bbox 397 4990 1908 5062">
    <p class='ocr_par' dir='ltr' id='par_1_96' title="bbox 397 4990 1908 5062">
     <span class='ocr_line' id='line_1_96' title="bbox 397 4990 1908 5062; baseline 0.001 -20"><span class='ocrx_word' id='word_1_689' title='bbox 397 4990 508 5045; x_wconf 76' lang='grc' dir='ltr'><strong>Καὶ</strong></span> <span class='ocrx_word' id='word_1_690' title='bbox 535 4990 704 5045; x_wconf 78' lang='grc' dir='ltr'>ταῦτα</span> <span class='ocrx_word' id='word_1_691' title='bbox 735 4991 833 5062; x_wconf 83' lang='grc' dir='ltr'><strong>μὲν</strong></span> <span class='ocrx_word' id='word_1_692' title='bbox 866 4990 1040 5053; x_wconf 76' lang='grc' dir='ltr'>οὓτως</span> <span class='ocrx_word' id='word_1_693' title='bbox 1073 4990 1469 5056; x_wconf 66' lang='grc' dir='ltr'>ἐπεξελθόντες,</span> <span class='ocrx_word' id='word_1_694' title='bbox 1504 4990 1908 5045; x_wconf 86' lang='grc' dir='ltr'>κατεσκευάσα-</span> 
     </span>
    </p>
   </div>
   <div class='ocr_carea' id='block_1_97' title="bbox 332 5081 1907 5153">
    <p class='ocr_par' dir='ltr' id='par_1_97' title="bbox 332 5081 1907 5153">
     <span class='ocr_line' id='line_1_97' title="bbox 332 5081 1907 5153; baseline 0 -20"><span class='ocrx_word' id='word_1_695' title='bbox 332 5098 460 5150; x_wconf 87' lang='grc' dir='ltr'>μεν·</span> <span class='ocrx_word' id='word_1_696' title='bbox 500 5082 582 5135; x_wconf 84' lang='grc' dir='ltr'><strong>ὅτι</strong></span> <span class='ocrx_word' id='word_1_697' title='bbox 617 5081 794 5136; x_wconf 85' lang='grc' dir='ltr'>πάντα</span> <span class='ocrx_word' id='word_1_698' title='bbox 820 5084 877 5136; x_wconf 90' lang='grc' dir='ltr'>ἐν</span> <span class='ocrx_word' id='word_1_699' title='bbox 906 5083 1054 5153; x_wconf 88' lang='grc' dir='ltr'>νόμῳ</span> <span class='ocrx_word' id='word_1_700' title='bbox 1083 5086 1282 5150; x_wconf 86' lang='grc' dir='ltr'>κεῖται,</span> <span class='ocrx_word' id='word_1_701' title='bbox 1328 5083 1422 5136; x_wconf 62' lang='grc' dir='ltr'><strong>κα)⁸</strong></span> <span class='ocrx_word' id='word_1_702' title='bbox 1451 5082 1649 5146; x_wconf 87' lang='grc' dir='ltr'>κακίας</span> <span class='ocrx_word' id='word_1_703' title='bbox 1690 5081 1907 5153; x_wconf 82' lang='grc' dir='ltr'>ἀναίρε-</span> 
     </span>
    </p>
   </div>
   <div class='ocr_carea' id='block_1_98' title="bbox 331 5174 1907 5247">
    <p class='ocr_par' dir='ltr' id='par_1_98' title="bbox 331 5174 1907 5247">
     <span class='ocr_line' id='line_1_98' title="bbox 331 5174 1907 5247; baseline 0.001 -22"><span class='ocrx_word' id='word_1_704' title='bbox 331 5190 439 5237; x_wconf 83' lang='grc' dir='ltr'>σις,</span> <span class='ocrx_word' id='word_1_705' title='bbox 464 5174 556 5227; x_wconf 78' lang='grc' dir='ltr'>καὶ</span> <span class='ocrx_word' id='word_1_706' title='bbox 587 5174 787 5246; x_wconf 83' lang='grc' dir='ltr'>ἀρετῆς</span> <span class='ocrx_word' id='word_1_707' title='bbox 827 5175 1193 5247; x_wconf 88' lang='grc' dir='ltr'>κατόρθωσις·</span> <span class='ocrx_word' id='word_1_708' title='bbox 1224 5177 1318 5230; x_wconf 76' lang='grc' dir='ltr'>καὶ</span> <span class='ocrx_word' id='word_1_709' title='bbox 1363 5175 1567 5230; x_wconf 85' lang='grc' dir='ltr'>τούτων</span> <span class='ocrx_word' id='word_1_710' title='bbox 1592 5175 1757 5230; x_wconf 79' lang='grc' dir='ltr'>ὄντων</span> <span class='ocrx_word' id='word_1_711' title='bbox 1788 5176 1907 5228; x_wconf 88' lang='grc' dir='ltr'>ίκα-</span> 
     </span>
    </p>
   </div>
   <div class='ocr_carea' id='block_1_99' title="bbox 331 5264 1904 5338">
    <p class='ocr_par' dir='ltr' id='par_1_99' title="bbox 331 5264 1904 5338">
     <span class='ocr_line' id='line_1_99' title="bbox 331 5264 1904 5338; baseline 0 -20"><span class='ocrx_word' id='word_1_712' title='bbox 331 5264 437 5318; x_wconf 82' lang='grc' dir='ltr'>νῶν</span> <span class='ocrx_word' id='word_1_713' title='bbox 472 5264 609 5334; x_wconf 74' lang='grc' dir='ltr'>πρὸς</span> <span class='ocrx_word' id='word_1_714' title='bbox 631 5265 895 5338; x_wconf 80' lang='grc' dir='ltr'>ἐντροπὴν</span> <span class='ocrx_word' id='word_1_715' title='bbox 925 5267 1020 5321; x_wconf 75' lang='grc' dir='ltr'>καὶ</span> <span class='ocrx_word' id='word_1_716' title='bbox 1043 5267 1375 5338; x_wconf 86' lang='grc' dir='ltr'>δυσώπησιν,</span> <span class='ocrx_word' id='word_1_717' title='bbox 1414 5268 1508 5322; x_wconf 86' lang='grc' dir='ltr'><strong>καί</strong></span> <span class='ocrx_word' id='word_1_718' title='bbox 1542 5284 1599 5320; x_wconf 90' lang='grc' dir='ltr'><strong>τε</strong></span> <span class='ocrx_word' id='word_1_719' title='bbox 1634 5266 1696 5320; x_wconf 84' lang='grc' dir='ltr'>τὸ</span> <span class='ocrx_word' id='word_1_720' title='bbox 1722 5267 1904 5337; x_wconf 79' lang='grc' dir='ltr'>ὅμοιον</span> 
     </span>
    </p>
   </div>
   <div class='ocr_carea' id='block_1_100' title="bbox 331 5353 1903 5429">
    <p class='ocr_par' dir='ltr' id='par_1_100' title="bbox 331 5353 1903 5429">
     <span class='ocr_line' id='line_1_100' title="bbox 331 5353 1903 5429; baseline 0.002 -23"><span class='ocrx_word' id='word_1_721' title='bbox 331 5353 681 5424; x_wconf 85' lang='grc' dir='ltr'>ἀποδίδομεν·</span> <span class='ocrx_word' id='word_1_722' title='bbox 723 5357 771 5408; x_wconf 83' lang='grc' dir='ltr'><strong>εί</strong></span> <span class='ocrx_word' id='word_1_723' title='bbox 808 5356 916 5428; x_wconf 82' lang='grc' dir='ltr'><strong>γὰρ</strong></span> <span class='ocrx_word' id='word_1_724' title='bbox 962 5358 1128 5429; x_wconf 79' lang='grc' dir='ltr'>μηδὲν</span> <span class='ocrx_word' id='word_1_725' title='bbox 1176 5355 1319 5429; x_wconf 80' lang='grc' dir='ltr'>εἶχεν</span> <span class='ocrx_word' id='word_1_726' title='bbox 1358 5361 1385 5413; x_wconf 87' lang='grc' dir='ltr'>ὁ</span> <span class='ocrx_word' id='word_1_727' title='bbox 1437 5359 1599 5429; x_wconf 83' lang='grc' dir='ltr'>νόμος</span> <span class='ocrx_word' id='word_1_728' title='bbox 1649 5358 1761 5411; x_wconf 80' lang='grc' dir='ltr'>ἴσον</span> <span class='ocrx_word' id='word_1_729' title='bbox 1809 5356 1903 5410; x_wconf 83' lang='grc' dir='ltr'><strong>τοῦ</strong></span> 
     </span>
    </p>
   </div>
   <div class='ocr_carea' id='block_1_101' title="bbox 333 5445 1909 5523">
    <p class='ocr_par' dir='ltr' id='par_1_101' title="bbox 333 5445 1909 5523">
     <span class='ocr_line' id='line_1_101' title="bbox 333 5445 1909 5523; baseline 0.003 -26"><span class='ocrx_word' id='word_1_730' title='bbox 333 5445 689 5514; x_wconf 85' lang='grc' dir='ltr'>Εὐαγγελίου,</span> <span class='ocrx_word' id='word_1_731' title='bbox 718 5448 811 5501; x_wconf 83' lang='grc' dir='ltr'>τοῦ</span> <span class='ocrx_word' id='word_1_732' title='bbox 858 5449 1114 5519; x_wconf 83' lang='grc' dir='ltr'>ἀνομοίου</span> <span class='ocrx_word' id='word_1_733' title='bbox 1162 5453 1194 5523; x_wconf 87' lang='grc' dir='ltr'>ἡ</span> <span class='ocrx_word' id='word_1_734' title='bbox 1252 5450 1553 5523; x_wconf 88' lang='grc' dir='ltr'>κατηγορία</span> <span class='ocrx_word' id='word_1_735' title='bbox 1605 5445 1704 5520; x_wconf 81' lang='grc' dir='ltr'><strong>ἦν·</strong></span> <span class='ocrx_word' id='word_1_736' title='bbox 1756 5450 1804 5500; x_wconf 85' lang='grc' dir='ltr'><strong>εί</strong></span> <span class='ocrx_word' id='word_1_737' title='bbox 1848 5448 1909 5502; x_wconf 75' lang='grc' dir='ltr'><strong>δὲ</strong></span> 
     </span>
    </p>
   </div>
   <div class='ocr_carea' id='block_1_102' title="bbox 332 5536 1904 5615">
    <p class='ocr_par' dir='ltr' id='par_1_102' title="bbox 332 5536 1904 5615">
     <span class='ocr_line' id='line_1_102' title="bbox 332 5536 1904 5615; baseline 0.01 -26"><span class='ocrx_word' id='word_1_738' title='bbox 332 5536 585 5608; x_wconf 86' lang='grc' dir='ltr'>ὁμοιότης</span> <span class='ocrx_word' id='word_1_739' title='bbox 628 5540 774 5605; x_wconf 71' lang='grc' dir='ltr'>ἐστὶ,</span> <span class='ocrx_word' id='word_1_740' title='bbox 812 5540 865 5595; x_wconf 76' lang='grc' dir='ltr'>τί</span> <span class='ocrx_word' id='word_1_741' title='bbox 901 5542 993 5595; x_wconf 72' lang='grc' dir='ltr'><strong>ἐπὶ</strong></span> <span class='ocrx_word' id='word_1_742' title='bbox 1024 5542 1121 5612; x_wconf 81' lang='grc' dir='ltr'>τῆς</span> <span class='ocrx_word' id='word_1_743' title='bbox 1146 5544 1459 5615; x_wconf 77' lang='grc' dir='ltr'>ὁμοιότητος</span> <span class='ocrx_word' id='word_1_744' title='bbox 1503 5540 1864 5612; x_wconf 83' lang='grc' dir='ltr'>διαφερόμεθα</span> <span class='ocrx_word' id='word_1_745' title='bbox 1890 5580 1904 5604; x_wconf 71' lang='grc'><strong>9</strong></span> 
     </span>
    </p>
   </div>
   <div class='ocr_carea' id='block_1_103' title="bbox 332 5628 1904 5710">
    <p class='ocr_par' dir='ltr' id='par_1_103' title="bbox 332 5628 1904 5710">
     <span class='ocr_line' id='line_1_103' title="bbox 332 5628 1904 5710; baseline 0.001 -27"><span class='ocrx_word' id='word_1_746' title='bbox 332 5628 433 5699; x_wconf 85' lang='grc' dir='ltr'>τῆς</span> <span class='ocrx_word' id='word_1_747' title='bbox 471 5630 788 5703; x_wconf 85' lang='grc' dir='ltr'>ὁμοιότητος</span> <span class='ocrx_word' id='word_1_748' title='bbox 815 5633 1164 5707; x_wconf 83' lang='grc' dir='ltr'>διαφέρεσθαι</span> <span class='ocrx_word' id='word_1_749' title='bbox 1212 5634 1295 5710; x_wconf 33' lang='grc' dir='ltr'>μὴ,</span> <span class='ocrx_word' id='word_1_750' title='bbox 1327 5634 1691 5707; x_wconf 84' lang='grc' dir='ltr'>ἀνεχομένης;</span> <span class='ocrx_word' id='word_1_751' title='bbox 1729 5634 1836 5704; x_wconf 59' lang='lat' dir='ltr'><strong>Boii</strong></span> <span class='ocrx_word' id='word_1_752' title='bbox 1876 5632 1904 5685; x_wconf 88' lang='grc' dir='ltr'><strong>ὁ</strong></span> 
     </span>
    </p>
   </div>
   <div class='ocr_carea' id='block_1_104' title="bbox 2082 4981 3580 5056">
    <p class='ocr_par' dir='ltr' id='par_1_104' title="bbox 2082 4981 3580 5056">
     <span class='ocr_line' id='line_1_104' title="bbox 2082 4981 3580 5056; baseline -0.003 -16"><span class='ocrx_word' id='word_1_753' title='bbox 2082 4986 2260 5056; x_wconf 88' lang='lat' dir='ltr'><strong>Atque</strong></span> <span class='ocrx_word' id='word_1_754' title='bbox 2304 4986 2421 5040; x_wconf 63' lang='lat' dir='ltr'><strong>haec</strong></span> <span class='ocrx_word' id='word_1_755' title='bbox 2462 4985 2693 5055; x_wconf 78' lang='lat' dir='ltr'><strong>quidem</strong></span> <span class='ocrx_word' id='word_1_756' title='bbox 2739 4990 3001 5039; x_wconf 83' lang='lat' dir='ltr'><strong>hactenus</strong></span> <span class='ocrx_word' id='word_1_757' title='bbox 3049 4982 3346 5052; x_wconf 91' lang='lat' dir='ltr'><strong>persecuti,</strong></span> <span class='ocrx_word' id='word_1_758' title='bbox 3378 4981 3580 5053; x_wconf 44' lang='lat' dir='ltr'><strong>proba.-</strong></span> 
     </span>
    </p>
   </div>
   <div class='ocr_carea' id='block_1_105' title="bbox 2011 5073 3580 5148">
    <p class='ocr_par' dir='ltr' id='par_1_105' title="bbox 2011 5073 3580 5148">
     <span class='ocr_line' id='line_1_105' title="bbox 2011 5073 3580 5148; baseline -0.004 -15"><span class='ocrx_word' id='word_1_759' title='bbox 2011 5080 2189 5134; x_wconf 89' lang='lat' dir='ltr'><strong>vimus</strong></span> <span class='ocrx_word' id='word_1_760' title='bbox 2222 5088 2514 5148; x_wconf 75' lang='lat' dir='ltr'><strong>utrumque</strong></span> <span class='ocrx_word' id='word_1_761' title='bbox 2542 5092 2667 5132; x_wconf 89' lang='lat' dir='ltr'><strong>esse</strong></span> <span class='ocrx_word' id='word_1_762' title='bbox 2700 5077 2755 5130; x_wconf 91' lang='lat' dir='ltr'><strong>in</strong></span> <span class='ocrx_word' id='word_1_763' title='bbox 2812 5076 2952 5146; x_wconf 85' lang='lat' dir='ltr'><strong>lege,</strong></span> <span class='ocrx_word' id='word_1_764' title='bbox 2995 5082 3051 5129; x_wconf 90' lang='lat' dir='ltr'><strong>et</strong></span> <span class='ocrx_word' id='word_1_765' title='bbox 3085 5075 3200 5130; x_wconf 90' lang='lat' dir='ltr'><strong>vitii</strong></span> <span class='ocrx_word' id='word_1_766' title='bbox 3229 5073 3580 5144; x_wconf 52' lang='lat' dir='ltr'><strong>exstirpatio‘</strong></span> 
     </span>
    </p>
   </div>
   <div class='ocr_carea' id='block_1_106' title="bbox 2010 5165 3581 5237">
    <p class='ocr_par' dir='ltr' id='par_1_106' title="bbox 2010 5165 3581 5237">
     <span class='ocr_line' id='line_1_106' title="bbox 2010 5165 3581 5237; baseline -0.006 -13"><span class='ocrx_word' id='word_1_767' title='bbox 2010 5185 2154 5234; x_wconf 89' lang='lat' dir='ltr'><strong>nem,</strong></span> <span class='ocrx_word' id='word_1_768' title='bbox 2194 5177 2250 5224; x_wconf 90' lang='lat' dir='ltr'><strong>et</strong></span> <span class='ocrx_word' id='word_1_769' title='bbox 2275 5168 2495 5224; x_wconf 79' lang='lat' dir='ltr'><strong>virtutis</strong></span> <span class='ocrx_word' id='word_1_770' title='bbox 2533 5165 2767 5222; x_wconf 82' lang='lat' dir='ltr'><strong>ollicinm</strong></span> <span class='ocrx_word' id='word_1_771' title='bbox 2797 5174 2959 5237; x_wconf 91' lang='lat' dir='ltr'><strong>atque</strong></span> <span class='ocrx_word' id='word_1_772' title='bbox 2983 5165 3425 5220; x_wconf 81' lang='lat' dir='ltr'><strong>exercitationem</strong></span> <span class='ocrx_word' id='word_1_773' title='bbox 3453 5179 3469 5228; x_wconf 91' lang='lat'><strong>;</strong></span> <span class='ocrx_word' id='word_1_774' title='bbox 3498 5169 3581 5215; x_wconf 80' lang='lat' dir='ltr'><strong>at-</strong></span> 
     </span>
    </p>
   </div>
   <div class='ocr_carea' id='block_1_107' title="bbox 2010 5253 3575 5330">
    <p class='ocr_par' dir='ltr' id='par_1_107' title="bbox 2010 5253 3575 5330">
     <span class='ocr_line' id='line_1_107' title="bbox 2010 5253 3575 5330; baseline -0.004 -17"><span class='ocrx_word' id='word_1_775' title='bbox 2010 5275 2117 5330; x_wconf 89' lang='lat' dir='ltr'><strong>que</strong></span> <span class='ocrx_word' id='word_1_776' title='bbox 2163 5261 2277 5313; x_wconf 83' lang='lat' dir='ltr'><strong>haec</strong></span> <span class='ocrx_word' id='word_1_777' title='bbox 2335 5258 2555 5329; x_wconf 89' lang='lat' dir='ltr'><strong>quidem</strong></span> <span class='ocrx_word' id='word_1_778' title='bbox 2613 5258 2750 5313; x_wconf 87' lang='lat' dir='ltr'><strong>satis</strong></span> <span class='ocrx_word' id='word_1_779' title='bbox 2806 5272 2947 5323; x_wconf 90' lang='lat' dir='ltr'><strong>esse,</strong></span> <span class='ocrx_word' id='word_1_780' title='bbox 2985 5266 3045 5311; x_wconf 92' lang='lat' dir='ltr'><strong>ut</strong></span> <span class='ocrx_word' id='word_1_781' title='bbox 3097 5256 3186 5312; x_wconf 91' lang='lat' dir='ltr'><strong>isti</strong></span> <span class='ocrx_word' id='word_1_782' title='bbox 3229 5253 3575 5310; x_wconf 79' lang='lat' dir='ltr'><strong>erubescant.</strong></span> 
     </span>
    </p>
   </div>
   <div class='ocr_carea' id='block_1_108' title="bbox 2010 5342 3577 5423">
    <p class='ocr_par' dir='ltr' id='par_1_108' title="bbox 2010 5342 3577 5423">
     <span class='ocr_line' id='line_1_108' title="bbox 2010 5342 3577 5423; baseline -0.007 -15"><span class='ocrx_word' id='word_1_783' title='bbox 2010 5354 2230 5423; x_wconf 77' lang='lat' dir='ltr'><strong>Aliquid</strong></span> <span class='ocrx_word' id='word_1_784' title='bbox 2282 5353 2460 5408; x_wconf 85' lang='lat' dir='ltr'><strong>simile</strong></span> <span class='ocrx_word' id='word_1_785' title='bbox 2490 5353 2769 5407; x_wconf 86' lang='lat' dir='ltr'><strong>reddimus</strong></span> <span class='ocrx_word' id='word_1_786' title='bbox 2812 5351 2868 5406; x_wconf 90' lang='lat' dir='ltr'><strong>in</strong></span> <span class='ocrx_word' id='word_1_787' title='bbox 2920 5348 3213 5419; x_wconf 87' lang='lat' dir='ltr'><strong>Evangelio</strong></span> <span class='ocrx_word' id='word_1_788' title='bbox 3245 5353 3301 5402; x_wconf 89' lang='lat' dir='ltr'><strong>et</strong></span> <span class='ocrx_word' id='word_1_789' title='bbox 3338 5346 3475 5417; x_wconf 83' lang='lat' dir='ltr'><strong>lege.</strong></span> <span class='ocrx_word' id='word_1_790' title='bbox 3522 5342 3577 5398; x_wconf 91' lang='lat' dir='ltr'><strong>Si</strong></span> 
     </span>
    </p>
   </div>
   <div class='ocr_carea' id='block_1_109' title="bbox 2012 5435 3579 5513">
    <p class='ocr_par' dir='ltr' id='par_1_109' title="bbox 2012 5435 3579 5513">
     <span class='ocr_line' id='line_1_109' title="bbox 2012 5435 3579 5513; baseline -0.006 -14"><span class='ocrx_word' id='word_1_791' title='bbox 2012 5445 2156 5499; x_wconf 88' lang='lat' dir='ltr'><strong>enim</strong></span> <span class='ocrx_word' id='word_1_792' title='bbox 2209 5450 2395 5499; x_wconf 88' lang='lat' dir='ltr'><strong>essent</strong></span> <span class='ocrx_word' id='word_1_793' title='bbox 2445 5441 2756 5513; x_wconf 85' lang='lat' dir='ltr'><strong>Evangelia,</strong></span> <span class='ocrx_word' id='word_1_794' title='bbox 2800 5448 3026 5497; x_wconf 88' lang='lat' dir='ltr'><strong>etesset</strong></span> <span class='ocrx_word' id='word_1_795' title='bbox 3066 5441 3172 5502; x_wconf 79' lang='lat' dir='ltr'><strong>lex,</strong></span> <span class='ocrx_word' id='word_1_796' title='bbox 3235 5444 3291 5493; x_wconf 91' lang='lat' dir='ltr'><strong>et</strong></span> <span class='ocrx_word' id='word_1_797' title='bbox 3319 5435 3457 5491; x_wconf 89' lang='lat' dir='ltr'><strong>nihil</strong></span> <span class='ocrx_word' id='word_1_798' title='bbox 3496 5435 3579 5490; x_wconf 78' lang='lat' dir='ltr'><strong>lex</strong></span> 
     </span>
    </p>
   </div>
   <div class='ocr_carea' id='block_1_110' title="bbox 2014 5525 3580 5606">
    <p class='ocr_par' dir='ltr' id='par_1_110' title="bbox 2014 5525 3580 5606">
     <span class='ocr_line' id='line_1_110' title="bbox 2014 5525 3580 5606; baseline -0.004 -16"><span class='ocrx_word' id='word_1_799' title='bbox 2014 5537 2238 5592; x_wconf 89' lang='lat' dir='ltr'><strong>haberet</strong></span> <span class='ocrx_word' id='word_1_800' title='bbox 2273 5535 2477 5606; x_wconf 79' lang='lat' dir='ltr'><strong>:equale</strong></span> <span class='ocrx_word' id='word_1_801' title='bbox 2521 5534 2838 5606; x_wconf 84' lang='lat' dir='ltr'><strong>Evangelio,</strong></span> <span class='ocrx_word' id='word_1_802' title='bbox 2895 5530 3113 5586; x_wconf 84' lang='lat' dir='ltr'><strong>crimini</strong></span> <span class='ocrx_word' id='word_1_803' title='bbox 3142 5528 3366 5584; x_wconf 83' lang='lat' dir='ltr'><strong>daretur</strong></span> <span class='ocrx_word' id='word_1_804' title='bbox 3411 5525 3580 5584; x_wconf 79' lang='lat' dir='ltr'><strong>dissi-</strong></span> 
     </span>
    </p>
   </div>
   <div class='ocr_carea' id='block_1_111' title="bbox 2014 5618 3578 5694">
    <p class='ocr_par' dir='ltr' id='par_1_111' title="bbox 2014 5618 3578 5694">
     <span class='ocr_line' id='line_1_111' title="bbox 2014 5618 3578 5694; baseline -0.007 -10"><span class='ocrx_word' id='word_1_805' title='bbox 2014 5629 2285 5686; x_wconf 90' lang='lat' dir='ltr'><strong>militudo.</strong></span> <span class='ocrx_word' id='word_1_806' title='bbox 2324 5629 2423 5684; x_wconf 88' lang='lat' dir='ltr'><strong>Sin</strong></span> <span class='ocrx_word' id='word_1_807' title='bbox 2454 5638 2633 5685; x_wconf 89' lang='lat' dir='ltr'><strong>autem</strong></span> <span class='ocrx_word' id='word_1_808' title='bbox 2668 5624 2972 5682; x_wconf 90' lang='lat' dir='ltr'><strong>similitudo</strong></span> <span class='ocrx_word' id='word_1_809' title='bbox 2999 5622 3255 5694; x_wconf 85' lang='lat' dir='ltr'><strong>est,quid</strong></span> <span class='ocrx_word' id='word_1_810' title='bbox 3284 5621 3351 5677; x_wconf 88' lang='lat' dir='ltr'><strong>de</strong></span> <span class='ocrx_word' id='word_1_811' title='bbox 3383 5618 3578 5677; x_wconf 74' lang='lat' dir='ltr'><strong>simili-</strong></span> 
     </span>
    </p>
   </div>
   <div class='ocr_carea' id='block_1_112' title="bbox 402 5776 2899 5861">
    <p class='ocr_par' dir='ltr' id='par_1_112' title="bbox 402 5776 2899 5861">
     <span class='ocr_line' id='line_1_112' title="bbox 402 5776 2899 5861; baseline -0.006 -18"><span class='ocrx_word' id='word_1_812' title='bbox 402 5786 518 5860; x_wconf 77' lang='lat'><strong>(59)</strong></span> <span class='ocrx_word' id='word_1_813' title='bbox 564 5788 935 5857; x_wconf 71' lang='grc' dir='ltr'>Ίζραχύτητος</span> <span class='ocrx_word' id='word_1_814' title='bbox 967 5789 1132 5861; x_wconf 54' lang='lat' dir='ltr'><strong>erm.</strong></span> <span class='ocrx_word' id='word_1_815' title='bbox 1177 5787 1384 5844; x_wconf 83' lang='lat' dir='ltr'><strong>Duritia</strong></span> <span class='ocrx_word' id='word_1_816' title='bbox 1415 5788 1556 5844; x_wconf 82' lang='lat' dir='ltr'><strong>enim</strong></span> <span class='ocrx_word' id='word_1_817' title='bbox 1599 5787 1811 5859; x_wconf 80' lang='lat' dir='ltr'><strong>stupori</strong></span> <span class='ocrx_word' id='word_1_818' title='bbox 1844 5784 2038 5842; x_wconf 79' lang='lat' dir='ltr'><strong>similis</strong></span> <span class='ocrx_word' id='word_1_819' title='bbox 2073 5783 2389 5855; x_wconf 73' lang='lat' dir='ltr'><strong>patientiam</strong></span> <span class='ocrx_word' id='word_1_820' title='bbox 2431 5781 2693 5836; x_wconf 88' lang='lat' dir='ltr'><strong>imitatur.</strong></span> <span class='ocrx_word' id='word_1_821' title='bbox 2729 5776 2899 5832; x_wconf 70' lang='lat' dir='ltr'><strong>Tum.</strong></span> 
     </span>
    </p>
   </div>
  </div>
