4038 6288
572 345 712 402 1259
798 295 804 299 1
1686 340 1818 396 TlTl
1863 339 2167 396 BOSTREiV

2190 341 2288 395 SlS
2329 339 2633 396 EPISCOPI
3562 300 3573 308 ’
3672 334 3785 392 mo

569 455 762 513 tudine
797 454 1211 516 contendimus,
1246 468 1368 507 cum
1403 454 1707 509 similitudo
1755 472 1864 510 non
1902 458 2139 525 patiatur

2193 463 2212 516 ι
2242 457 2527 527 χαρακτὴρ
2556 455 2655 526 τὴν
2694 454 3039 523 συγγένειαντ
3075 450 3107 519 ἡ
3133 449 3382 520 ὁμοιότης
3414 447 3509 517 τὴν
3535 445 3788 516 ἀδελφότη-

574 557 632 604 ut
657 547 1034 605 controversia
1064 545 1159 601 sit?
1179 543 1487 599 Proclamat
1516 547 1894 614 cognationem
1927 550 2133 619 stylus:

2239 565 2308 602 τα
2334 549 2610 619 σημαίνει.
2653 548 2797 618 Πρὸς
2834 547 2929 599 ἕνα
2971 544 3081 597 τῶν
3123 541 3296 596 ἄλλων
3333 539 3592 593 ἁπάντων
3625 540 3785 605 αἴτιον,

572 638 875 695 similitudo
898 636 1310 709 germanitatem
1349 635 1644 706 signiﬁcat.
1691 636 1770 691 Ad
1804 653 1965 691 uuam
2010 653 2141 691 cau-

2239 641 2458 710 Πατέρα
2474 641 2528 693 δὲ
2552 640 2647 693 τοῦ
2672 639 2942 709 Σωτῆρος,
2978 634 3263 704 ὲφέλκουσι
3304 633 3403 703 τὴν
3442 631 3689 683 διάνοιαν.
3720 626 3788 682 Εἷ-

571 746 688 785 sam
732 730 963 783 aliorum
1010 727 1276 791 omnium,
1324 725 1538 783 Patrem
1586 738 1768 783 autem
1815 730 2135 793 Salvatoris,

2241 750 2341 785 πεν
2375 736 2404 786 6
2431 733 2594 801 νόμος
2613 749 2625 761 ·
2665 733 2901 792 Ἄκουε,
2924 726 3170 795 Ἰσραήλ
3189 743 3202 754 ·
3235 725 3450 791 Κύριος
3477 725 3509 775 ό
3540 723 3674 786 Θεός
3695 739 3788 776 σου

567 820 656 875 lex
688 826 743 873 et
775 817 1069 886 Evangelia
1097 817 1304 873 ducunt
1329 825 1584 873 mentem.
1618 818 1723 874 Lex
1757 819 1895 874 dixit
1928 836 1941 872 :
1976 821 2137 886 Audi,

2238 827 2453 892 Κύριος
2480 818 2566 889 εἷς
2588 823 2776 880 ἐστιν.
2803 817 2936 874 Εἷπε
2958 818 3019 870 τδ
3040 816 3365 884 Εὐαγγέλιον
3386 830 3399 843 ·
3439 812 3642 877 Οὐδεὶς
3670 813 3788 879 ἁγα-

566 910 763 972 Israel,
792 909 1053 964 Dominus
1080 908 1217 964 Deus
1242 918 1361 963 tuus
1383 907 1642 964 Dominus
1657 927 1792 965 unus
1815 912 1960 966 est".
1996 912 2139 967 Dixit

2240 915 2347 982 θὸς
2377 917 2429 968 εὶ
2449 913 2535 983 μὴ
2561 909 2650 980 εἷς
2677 915 2711 966 ὁ
2743 913 2906 977 Θεός.
2935 909 3190 978 Ἐὁόησεν
3218 907 3245 958 6
3266 904 3479 967 Παῦλος
3498 920 3511 933 ·
3532 898 3632 968 Εἷς
3651 903 3788 969 Θεὸς,

565 1000 918 1070 Evangelium
941 1019 953 1054 :
979 997 1148 1054 Nemo
1170 1000 1361 1065 bonus,
1390 1000 1494 1054 nisi
1516 1017 1651 1055 unus
1677 1000 1890 1055 Deus".
1925 1001 2140 1056 Clama-

2239 1007 2308 1072 ἐξ
2340 1003 2411 1062 οὗ
2441 1008 2513 1061 τὰ
2545 1005 2769 1059 πάντα·
2806 1004 2900 1056 καὶ
2919 1000 3166 1071 νενόηται
3194 1002 3222 1052 6
3244 998 3538 1067 ἀγέννητος
3563 996 3649 1047 καὶ
3674 994 3791 1048 ἀπά-

562 1095 642 1149 vit
667 1093 952 1163 apostolus
979 1091 1181 1147 Paulus
1209 1110 1222 1145 :
1252 1089 1400 1146 Unus
1428 1091 1588 1159 Deus,
1618 1107 1684 1146 ex
1710 1109 1812 1163 quo
1851 1096 2030 1148 omnia
2048 1096 2094 1127 ⁷⁸
2120 1111 2133 1145 :

2240 1116 2353 1170 τωρ
2386 1101 2451 1152 ἐκ
2474 1099 2638 1168 νόμου
2670 1097 2764 1151 καὶ
2792 1094 3046 1165 Σωτῆρος
3079 1092 3172 1145 καὶ
3196 1090 3289 1145 τοῦ
3319 1088 3658 1143 Ἀποστόλου.
3681 1088 3789 1141 Γέν-

562 1200 631 1240 ex
657 1184 773 1256 lege
797 1190 851 1239 et
890 1199 955 1238 ex
984 1182 1268 1239 Salvatore
1296 1191 1459 1251 atque
1483 1199 1550 1237 ex
1579 1182 1750 1239 Paulo
1781 1188 2033 1257 cognitus
2055 1195 2139 1242 est

2242 1205 2389 1258 νημα
2416 1186 2473 1241 δὲ
2490 1183 2558 1259 ἧν
2579 1186 2674 1240 καὶ
2693 1187 2939 1256 γέννημα
2962 1185 3026 1236 ὲκ
3054 1184 3290 1245 κόλπων,
3323 1181 3422 1235 καὶ
3454 1180 3582 1242 Υἱὸς
3600 1178 3687 1231 τοῦ
3710 1195 3788 1246 γε-

561 1274 840 1345 ingeuitus
866 1283 919 1328 et
953 1275 1073 1329 sine
1106 1272 1290 1329 Patre.
1333 1272 1563 1328 Genitos
1620 1291 1748 1329 vero
1773 1291 1837 1330 ex
1893 1278 2037 1339 sinu,
2087 1286 2139 1330 et

2241 1281 2582 1352 γεννηκότος.
2638 1281 2748 1334 Καὶ
2795 1276 3006 1349 συνῳδὰ
3052 1275 3214 1330 πάλιν
3256 1275 3324 1328 τὰ
3363 1274 3678 1344 γράμματα.
3710 1271 3788 1324 Ἐκ

564 1360 735 1418 Filius
763 1363 884 1432 ejus
912 1363 1003 1433 qui
1035 1362 1242 1433 genuit.
1283 1360 1496 1418 Rursus
1531 1362 1620 1416 hic
1670 1360 1970 1434 Scriptura:
2006 1379 2139 1418 con-

2242 1369 2502 1440 γαστρὸς
2558 1369 2671 1437 πρὸ
2726 1369 3036 1438 ἑωσφόρον
3091 1363 3396 1436 ἐγέννησα
3442 1380 3536 1427 σε,
3584 1364 3611 1414 6
3653 1362 3784 1433 νόμος

563 1454 827 1510 sentiunt.
856 1452 966 1510 Lex
984 1454 1060 1507 ait
1088 1472 1100 1508 :
1136 1451 1221 1507 Ea:
1241 1462 1387 1508 utero
1415 1463 1536 1507 ante
1556 1453 1832 1524 luciferum
1855 1455 2137 1525 genuite";

2241 1462 2408 1530 λέγει.
2446 1463 2510 1515 ’0
2536 1459 2875 1531 μονογενὴς
2901 1459 3034 1525 Υἱὸς
3068 1458 3234 1523 Θεὸς,
3270 1460 3302 1511 ό
3332 1455 3419 1508 ὢν
3452 1457 3541 1521 εἷς
3558 1454 3657 1507 τὸν
3672 1454 3787 1507 κόλ-

561 1544 914 1616 Evangelium
944 1561 1072 1602 vero
1103 1561 1118 1599 :
1150 1544 1460 1616 Unigenitus
1492 1545 1671 1601 Filius
1702 1546 1841 1602 Deus
1874 1548 1963 1618 qui
1988 1548 2139 1601 estin

2243 1568 2359 1605 πον
2387 1550 2496 1605 τοῦ
2522 1549 2773 1618 Πατρός,
2807 1548 3037 1614 ἐκεῖνος
3067 1545 3430 1615 ἐξηγήσατο,
3465 1544 3536 1598 τὰ
3580 1544 3785 1613 Εὐαγγέ-

561 1639 684 1693 sinu
710 1637 914 1704 Patris,
968 1640 1059 1694 ille
1095 1643 1435 1697 enarravit".
1486 1641 1677 1698 Sinum
1717 1642 1851 1698 dicit
1898 1641 2140 1714 Evange-

2242 1641 2332 1696 λια
2368 1641 2705 1712 διηγοῦνται.
2755 1640 2969 1702 Κόλπος
3017 1639 3126 1693 ἀπὸ
3170 1639 3279 1692 τῶν
3331 1637 3666 1706 Εὐαγγελίων
3710 1637 3784 1691 καὶ

561 1729 718 1787 lium.
747 1737 800 1783 et
835 1736 1049 1783 uterum
1081 1730 1164 1785 lex
1199 1749 1212 1785 :
1250 1738 1305 1787 et
1347 1716 1529 1788 Filius
1554 1733 1831 1804 legitimus
1862 1734 2057 1790 similis
2087 1734 2135 1788 ei

2192 1799 2207 1806 ἡ
2242 1734 2456 1806 γαστὴρ
2482 1733 2590 1785 ἀπὸ
2616 1731 2711 1785 τοῦ
2743 1732 2909 1803 νόμου
2953 1730 3269 1801 λελάληταιο
3320 1730 3418 1784 καὶ
3452 1730 3579 1792 Υἱὸς
3601 1731 3784 1802 γνήσιος

562 1821 656 1891 qui
687 1836 752 1877 ex
797 1829 956 1875 utero
978 1830 1032 1875 et
1063 1823 1186 1878 sinu
1228 1825 1416 1895 genuit
1454 1825 1829 1880 denuntiatur.
1869 1826 1945 1881 Ac
1980 1828 2134 1881 testi-

2188 1799 2212 1853 ³
2239 1798 2525 1896 δμοιοξτῷ
2573 1798 2927 1896 γεγεννηκότι
2958 1825 3023 1877 ὲκ
3051 1798 3284 1893 γαστρὸς
3312 1822 3410 1874 καὶ
3455 1820 3658 1874 κόλπων
3679 1798 3783 1873 κατ-

560 1910 808 1964 monium
839 1910 1059 1981 quidem
1096 1914 1346 1983 perhibet
1389 1930 1495 1969 vox
1532 1914 1808 1987 Evangelii
1853 1934 1866 1971 :
1904 1916 2009 1970 Hic
2057 1928 2133 1971 est

2237 1917 2580 1986 αγγέλλεται.
2629 1917 2738 1970 Καὶ
2779 1920 3049 1987 μαρτυρεῖ
3082 1916 3182 1987 μὲν
3205 1915 3240 1984 ἡ
3266 1913 3362 1966 τοῦ
3398 1915 3601 1985 Κυρίου
3628 1915 3779 1984 φωνή·

561 1999 739 2057 Filius
767 2018 910 2056 nteus
936 2003 1181 2065 dilectus.
1218 2006 1274 2060 in
1310 2023 1409 2078 quo
1439 2007 1570 2061 mihi
1598 2007 1722 2062 bene
1748 2009 2042 2078 complacui
2067 2011 2132 2063 7".

2241 2005 2432 2076 Οὗτός
2461 2011 2632 2062 ἐστιν
2669 2012 2702 2064 ό
2742 2010 2873 2075 Υἱός
2895 2026 3015 2079 μου
3047 2012 3080 2064 ό
3101 2009 3446 2080 μονογενὴς
3470 2008 3566 2064 καὶ
3589 2011 3778 2080 ἀγαπη-

560 2092 822 2150 Testatur
853 2096 1015 2149 etiam
1055 2094 1224 2151 David
1256 2098 1310 2152 in
1365 2100 1576 2169 psalmo
1611 2119 1626 2155 :
1660 2099 1836 2156 Filius
1884 2119 2029 2156 meus
2079 2118 2134 2157 es

2238 2100 2359 2166 τὸς,
2391 2100 2460 2153 ἐν
2487 2092 2533 2165 ᾧ
2559 2100 2673 2170 ἐγὼ
2708 2100 3033 2169 εὐδόκησα.
3080 2101 3368 2172 Μαρτυρεῖ
3409 2099 3466 2153 δὲ
3503 2100 3593 2153 καὶ
3626 2102 3651 2152 6
3673 2098 3779 2169 ψαλ-

561 2194 659 2246 tu:
687 2201 779 2253 ego
806 2185 961 2240 hodie
981 2190 1133 2257 genui
1166 2198 1217 2242 te
1249 2189 1321 2245 ⁸⁸.
1363 2188 1478 2245 Una
1505 2205 1607 2245 vox
1640 2199 1694 2247 et
1725 2199 1877 2257 tunc,
1903 2203 1955 2248 et
1989 2209 2137 2249 nunc

2241 2192 2413 2263 μῳδός
2432 2207 2445 2220 ·
2478 2193 2607 2256 Υἱός
2642 2209 2760 2261 μου
2788 2189 2847 2246 εἴ
2875 2194 2957 2246 σύ
2978 2209 2993 2222 ο
3035 2190 3149 2262 ἐγὼ
3181 2190 3453 2259 σήμερον
3497 2187 3778 2262 γεγέννηκὰ

559 2275 727 2331 missa
755 2284 839 2331 est
871 2296 883 2332 :
913 2285 967 2332 et
997 2294 1161 2343 unus,
1195 2279 1287 2348 qui
1318 2281 1490 2347 misit,
1527 2282 1745 2339 loculus
1760 2285 1977 2354 quidem
2007 2295 2137 2340 tunc

2238 2300 2332 2338 σε.
2363 2283 2473 2338 Καὶ
2521 2284 2618 2354 μία
2658 2286 2808 2355 φωνὴ
2842 2286 2935 2338 καὶ
2961 2284 3083 2337 τότε
3116 2283 3211 2337 καὶ
3253 2283 3350 2338 νῦν
3382 2281 3774 2354 προσενεχθεῖσα,

557 2376 675 2435 est;
703 2383 849 2422 nunc
888 2377 1069 2426 autem
1107 2371 1392 2426 nobiscum
1417 2374 1843 2441 sermocinatus,
1876 2392 1984 2431 non
2016 2392 2137 2430 mu-

2239 2378 2332 2431 καὶ
2364 2374 2445 2442 εἷς
2469 2377 2736 2448 λαλήσαςο
2763 2376 3133 2447 φθεγξάμενος
3161 2377 3259 2447 μὲν
3279 2377 3425 2438 τότε,
3461 2376 3579 2447 ἄρτι
3598 2374 3647 2427 δὲ
3668 2372 3775 2443 ὡμι-

557 2465 729 2523 tatur,
753 2459 849 2529 qui
882 2469 1012 2515 tunc
1067 2461 1309 2519 locutus.
1363 2461 1469 2528 Qui
1526 2464 1671 2519 enim
1730 2480 1854 2520 sero
1914 2465 2136 2521 tandem

2238 2464 2417 2538 ληκώς
2437 2482 2452 2497 θ
2482 2466 2576 2519 καὶ
2606 2467 2705 2519 οὐκ
2751 2467 3126 2520 ὲναλλάττεται
3178 2468 3206 2519 6
3251 2465 3491 2541 εἰρηκώς
3510 2481 3525 2497 θ
3572 2464 3657 2534 ὀψὲ
3688 2462 3774 2533 γάρ

555 2546 699 2603 hanc
726 2563 921 2619 vocem
953 2550 1125 2615 misit,
1155 2551 1270 2621 jam
1317 2560 1444 2607 ante
1478 2553 1534 2607 in
1561 2553 1796 2610 Psalmis
1841 2569 1959 2610 eam
1999 2571 2139 2626 pra:-

2240 2573 2369 2608 ποτε
2390 2557 2487 2626 τὴν
2519 2554 2772 2627 τοιαύτην
2797 2556 2955 2625 ἀφεὶς
2984 2556 3196 2627 φωνὴν,
3224 2556 3324 2627 ἤδη
3361 2553 3665 2626 προφθάσας
3700 2552 3770 2605 καὶ

556 2640 846 2696 nuntiasse
916 2642 1189 2712 reperitur
1239 2662 1252 2697 :
1297 2642 1509 2714 fuitque
1573 2644 1717 2701 facta
1787 2646 2138 2703 denuntiatio

2238 2646 2584 2718 προειρηκὼς
2621 2649 2678 2700 ὲν
2722 2651 2834 2711 τοῖς
2893 2647 3143 2719 Ψαλμοῖς
3192 2647 3511 2719 εὑρίσκετο’
3546 2645 3629 2698 καὶ
3656 2657 3768 2714 παρ-

557 2730 769 2787 sanctis
801 2733 1035 2803 angelis,
1062 2740 1122 2788 ut
1148 2733 1485 2791 inservirent
1510 2735 1673 2802 Filio,
1722 2744 1777 2791 et
1814 2738 2137 2810 religionem

2241 2737 2472 2806 αγγελία
2514 2739 2613 2809 μὲν
2665 2737 2771 2791 ἀπὸ
2799 2737 2891 2791 τοῦ
2927 2739 3142 2808 Πατρὸς
3170 2738 3308 2809 πρὸς
3343 2738 3447 2801 τὰς
3486 2736 3622 2800 θείας
3645 2732 3767 2787 δυνά-

554 2821 933 2878 venerationis
992 2832 1159 2893 atque
1219 2823 1597 2880 adorationem
1662 2825 1713 2882 ei
1774 2826 2135 2897 adhiberent;

2244 2848 2365 2901 μεις
2393 2831 2680 2902 ὑπηρετεῖν
2709 2829 2787 2901 τῷ
2816 2829 2948 2900 Υἱῷ,
2991 2831 3083 2883 καὶ
3111 2832 3171 2883 τὸ
3210 2829 3377 2893 σέϐας
3413 2830 3516 2882 καῖ’
3540 2829 3625 2897 τὴν
3643 2841 3767 2897 apor-

557 2914 824 2984 scriptum
874 2925 961 2972 est
985 2919 1129 2973 enim
1167 2938 1179 2974 :
1216 2919 1283 2972 Et
1327 2919 1548 2974 adorent
1585 2938 1704 2993 eum
1749 2939 1926 2978 omnes
1967 2927 2142 2996 angeli

2241 2922 2464 2993 κύνησιν
2533 2922 2682 2993 αὐτῷ
2754 2921 3090 2975 ἀποδιδόναι·
3153 2921 3465 2993 γέγραπται
3517 2920 3632 2991 γὰρ·
3682 2916 3763 2973 Kal

554 3003 738 3059 Dei”.
770 3004 1116 3076 Astipulatus
1156 3015 1240 3064 est
1279 3009 1407 3065 huic
1449 3008 1856 3068 denuntiationi
1908 3014 2139 3093 Paulus,

2242 3015 2840 3084 προσκυνησάτωσαν
2882 3012 3042 3081 αὐτῷ
3080 3013 3303 3080 πάντες
3355 3014 3587 3083 ἄγγελοι
3631 3008 3760 3065 Θεοῦ.

554 3097 668 3154 imo
698 3098 841 3154 hanc
863 3108 1126 3156 retractat
1154 3111 1211 3157 et
1237 3103 1631 3174 interpretatur
1662 3123 1677 3174 ;
1716 3107 2031 3179 studetque,
2070 3121 2131 3166 ut

2169 3134 2205 3195 ε
2240 3106 2635 3179 Συγκεχώρηκε
2676 3106 2733 3159 δὲ
2760 3110 2825 3178 τῇ
2881 3105 3224 3178 παραγγελία
3272 3106 3301 3157 6
3331 3103 3562 3169 Παῦλος,
3608 3100 3764 3172 μᾶλλον

555 3191 631 3245 sit
667 3191 938 3263 interpres
1000 3195 1120 3264 ejus
1177 3196 1323 3267 quod
1389 3199 1545 3269 prius
1592 3201 1821 3267 dictum,
1863 3210 1917 3258 et
1978 3206 2132 3275 prius

2173 3191 2202 3195 “
2238 3196 2293 3250 δὲ
2322 3196 2524 3268 ταύτην
2552 3196 2974 3269 ὲπεξεργάζεται
3004 3197 3099 3250 καλ⁵
3127 3196 3202 3249 διε
3214 3196 3498 3268 ρμηνεύει,
3524 3194 3609 3249 καὶ
3636 3207 3762 3245 σπου-

556 3284 820 3355 scriptum
853 3295 940 3343 est
971 3305 983 3340 :
1033 3287 1165 3344 Cum
1200 3291 1336 3344 enim
1398 3291 1687 3347 introducit
1724 3295 2131 3366 primogenitum

2237 3288 2386 3352 δάζει
2428 3290 2521 3344 τοῦ
2569 3291 2967 3364 προειρημένου
3009 3290 3104 3343 καὶ
3145 3288 3627 3363 προγεγραμμένου
3651 3284 3760 3354 γίνε-

554 3378 609 3431 in
642 3378 818 3431 orbem
850 3389 1025 3445 terras,
1055 3381 1184 3435 dicit
1218 3399 1237 3436 :
1276 3382 1343 3436 Et
1375 3384 1596 3441 adorent
1652 3403 1768 3441 eum
1811 3405 1987 3443 omnes
2029 3407 2129 3444 an-

2239 3380 2360 3434 σθαι
2388 3382 2654 3453 ἑρμηνεύς
2676 3400 2688 3412 ⁸
2722 3382 2905 3438 Ὅταν
2924 3379 3033 3452 τὰρ
3060 3381 3273 3450 εἰσάγῃ
3303 3383 3416 3434 τὸν
3443 3377 3762 3449 πρωτότοκον

555 3466 656 3536 geli
686 3466 784 3522 Dei
809 3468 873 3524 ⁸³.
905 3467 1241 3542 Videbisque
1272 3472 1593 3542 Apostolum
1629 3476 1907 3533 studuisse
1942 3486 2002 3533 ut
2033 3496 2127 3536 ve-

2234 3475 2320 3539 εἷς
2352 3473 2468 3542 τὴν
2502 3473 2879 3544 οἰκουμένην,
2918 3474 3079 3544 λέγει
3100 3492 3115 3505 ο
3155 3473 3266 3529 Καὶ
3310 3467 3762 3542 προσκυνησάτω-

554 3566 672 3614 tera
702 3559 1169 3630 interpretaretur,
1198 3572 1252 3619 ct
1280 3579 1391 3619 non
1440 3567 1745 3635 neglexisse
1770 3569 1905 3641 legis
1943 3572 2129 3641 expla-

2234 3582 2356 3622 σαν
2381 3566 2540 3631 αὐτῷ
2568 3565 2789 3632 πάντες
2803 3565 3039 3636 ἄγγελοι
3058 3566 3224 3620 Θεοῦ.
3256 3566 3373 3619 Καὶ
3398 3565 3514 3634 ὕψει
3538 3562 3619 3615 τὸν
3636 3556 3759 3611 Ἀπό-

553 3650 851 3705 nationem.
884 3651 1191 3722 Aliquando
1247 3655 1394 3709 enim
1442 3655 1577 3710 dicit
1615 3675 1629 3713 :
1661 3656 1856 3712 Omnia
1906 3659 2128 3730 subjecit

2237 3660 2418 3716 στολον
2439 3658 2807 3712 ἐσπουδακότα
2828 3658 3150 3729 ἑρμηνεύειν
3165 3657 3233 3710 τὰ
3257 3655 3483 3719 παλαιὰ,
3508 3645 3758 3722 διηγεῖσθαι

554 3740 651 3794 sub
682 3742 922 3811 pedibus,
946 3754 1000 3798 et
1028 3746 1208 3800 statim
1241 3754 1461 3803 enarrat
1497 3748 1752 3819 inquiens
1788 3769 1801 3804 :
1835 3750 1969 3806 Cum
2028 3770 2126 3806 au-

2230 3754 2299 3807 τὰ
2328 3756 2385 3806 ὲν
2422 3752 2499 3823 τῷ
2535 3753 2683 3823 νόμῳ
2718 3751 2793 3823 μὴ
2827 3750 3161 3822 ἀμελοῦνταο
3194 3749 3329 3804 ἀλλὰ
3358 3749 3486 3804 ποτὲ
3509 3747 3598 3818 μὲν
3615 3743 3758 3811 λέγον-

556 3843 657 3887 tem
688 3834 854 3902 dicat,
891 3836 1084 3893 Omnia
1115 3837 1352 3908 subjecta
1375 3849 1498 3893 sunt
1526 3840 1594 3903 ei,
1644 3842 1755 3896 sine
1793 3843 1953 3897 dubio
1987 3860 2124 3913 pra:-

2230 3863 2328 3900 τα·
2376 3844 2689 3909 Ύπέταξει·
2716 3843 2825 3917 (60)
2856 3843 3133 3899 ὑποκάτω
3179 3843 3297 3897 τῶν
3340 3840 3541 3897 ποδῶν
3571 3833 3754 3893 αὐτοῦ·

556 3936 767 3982 tersum
791 3930 880 3999 qui
908 3930 1128 4000 subjecit
1151 3931 1199 3984 ei
1227 3933 1405 3986 omnia
1426 3949 1442 3986 :
1462 3933 1593 3987 nihil
1616 3934 1826 4005 reliquit
1858 3953 1961 3990 non
1998 3937 2122 3991 sub-

2225 3939 2386 4003 εὐθὺς
2405 3939 2461 3992 δὲ
2488 3938 2920 4010 ἐπεξηγούμενον
2937 3954 2949 3967 ·
2987 3938 3170 3990 Ὅταν
3197 3936 3265 3989 δὲ
3288 3936 3452 4004 εἴπῃ,
3475 3934 3558 3987 ὅτι
3595 3928 3755 3984 Πάντα

554 4017 747 4083 fectum
781 4018 863 4072 illi
895 4028 993 4072 :ut
1019 4022 1087 4073 sit
1119 4019 1258 4074 Deus
1290 4022 1470 4076 omnia
1499 4023 1811 4078 inomnibus
1832 4026 1896 4077 ⁸³.
1933 4025 2118 4092 Quan-

2223 4031 2637 4093 ὑποτέτακται,
2672 4027 2880 4096 δῆλον,
2913 4028 3001 4081 ὅτι
3033 4027 3205 4091 ἐκτὸς
3239 4026 3347 4080 τοῦ
3393 4019 3753 4084 ὑποτάξαντος

554 4107 734 4176 doque
779 4108 914 4163 dicit
960 4129 972 4163 :
1014 4109 1236 4179 Propter
1272 4111 1367 4166 hoc
1411 4114 1666 4184 relinquet
1722 4116 1875 4170 homo
1919 4126 2122 4183 patrem

2223 4121 2383 4187 αὐτῷ
2410 4122 2481 4175 τὰ
2512 4120 2723 4173 πάνταθ
2740 4117 3164 4188 οὐδὲνάφῆκεν
3178 4115 3338 4181 αὐτῷ
3364 4115 3750 4171 ἀνυπότακτον.

553 4209 603 4253 et
654 4209 878 4254 matrem
934 4214 1365 4258 :sacramentum
1410 4206 1505 4260 hoc
1569 4224 1814 4277 magnum
1858 4220 1973 4273 est;
2031 4228 2122 4279 ego

2224 4214 2325 4265 ἵνα
2356 4208 2398 4283 ᾖ
2434 4216 2467 4266 ὀ
2502 4212 2645 4277 Θεὸς
2673 4212 2744 4266 τὰ
2769 4212 2966 4264 πάντα
2988 4211 3057 4263 ἐν
3083 4208 3232 4265 πᾶσι
3252 4227 3265 4239 ·
3301 4209 3431 4262 ποτὲ
3458 4206 3511 4259 δὲ
3536 4203 3748 4269 λέγοντα·

554 4300 730 4344 autem
760 4290 877 4344 dico
899 4294 951 4345 in
978 4292 1248 4348 Christum
1291 4305 1339 4349 et
1362 4298 1419 4349 in
1460 4296 1820 4353 Ecclesium“.

2227 4306 2477 4359 "Ei-sacer
2513 4306 2726 4357 τούτου
2752 4304 3099 4370 καταλείψει
3128 4301 3436 4368 ἅνθρωπος
3472 4295 3571 4351 τὸν
3610 4284 3751 4343 πατέ-

544 4400 629 4452 Ρα
663 4387 849 4441 αὐτοῦ
889 4389 987 4442 καὶ
1058 4388 1173 4458 τὴν
1200 4392 1453 4459 μητέρα·
1502 4395 1567 4446 τί)
1606 4395 1941 4463 μυστήριον
1991 4397 2165 4451 τοῦτο
2216 4399 2369 4469 μέγα
2400 4401 2572 4453 ἐστίν
2597 4416 2609 4429 ·
2652 4399 2765 4467 ἐγὼ
2811 4397 2878 4451 δὲ
2921 4397 3093 4463 λέγω,
3149 4399 3236 4460 εἰς
3284 4390 3536 4463 Χριστὸν
3569 4385 3653 4439 καὶ
3685 4382 3752 4441 εις

550 4479 665 4550 τὴν
705 4483 1089 4552 Ἐκκλησίαν.

1487 4606 1619 4660 CAP.
1659 4604 1774 4662 XII.
1813 4608 2013 4662 Veteris
2046 4610 2173 4680 legis
2203 4612 2528 4679 interpretes,
2571 4618 2814 4677 apostmi.

619 4720 802 4789 Atque
852 4723 1084 4791 apostoli
1115 4723 1335 4792 quidem
1374 4723 1699 4795 interpretes
1738 4736 1867 4780 sunt
1917 4729 2119 4782 veteris
2152 4732 2200 4789 Β

2153 4732 2200 4789 D
2292 4730 2401 4780 Καὶ
2437 4729 2691 4799 ἑρμηνεῖς
2722 4727 2818 4795 μὲν
2843 4727 2891 4779 οἱ
2914 4724 3195 4779 ἀπόστολοι
3218 4724 3326 4776 τῶν
3353 4719 3613 4776 παλαιῶν’
3638 4714 3748 4782 σύμ-

548 4812 707 4882 legis,
730 4823 1145 4884 consonantque
1174 4823 1357 4870 vetera
1390 4815 1568 4871 novis.
1595 4815 1662 4869 At
1698 4831 1848 4880 vero,
1873 4818 1967 4887 qui
1992 4828 2120 4874 sunt

2224 4835 2375 4888 ψωνα
2403 4818 2457 4871 δὲ
2489 4817 2557 4869 τὰ
2598 4816 2801 4870 παλαιὰ
2850 4819 2962 4879 τοῖς
3008 4816 3168 4879 νέοις.
3212 4814 3350 4867 Ἀλλ’
3386 4815 3496 4866 ὅσοι
3524 4810 3612 4880 μὲν
3633 4804 3745 4860 ἁπό-

547 4919 658 4959 non
702 4905 969 4973 apostoli.
1005 4915 1270 4961 accusant
1314 4916 1539 4972 vetera;
1591 4908 1682 4978 qui
1724 4907 1944 4978 quidem
1992 4925 2117 4963 cum

2225 4910 2397 4963 στολοι
2448 4909 2871 4981 ἑρμηνεύουσιν,
2920 4910 3032 4961 ὅσοι
3081 4907 3137 4960 δὲ
3192 4908 3293 4960 οὐκ
3347 4902 3614 4959 ἀπόστολοι
3657 4896 3744 4949 8m-

548 5009 658 5049 non
693 4992 902 5049 faciunt
945 4999 1089 5066 quod
1129 4999 1384 5067 apostoli,
1418 4999 1510 5053 sed
1549 5001 1733 5070 potius
1766 5016 1890 5054 cum
1925 5017 2117 5056 eorum

2223 5002 2473 5055 ϐάλλουσι
2497 5020 2510 5033 ·
2542 5002 2614 5072 μὴ
2642 5000 2918 5062 ποιοῦντες
2943 4999 3071 5071 γὰρ,
3095 4999 3123 5051 ὂ
3147 4998 3385 5052 ποιοῦσιν
3406 5000 3452 5051 οἱ
3479 4988 3738 5050 ἀπόστολοιι

550 5088 756 5158 scripto
800 5090 1086 5157 pugnant,
1129 5090 1467 5144 mentiuntur
1523 5093 1924 5162 apostolatum.
1988 5094 2117 5149 facti

2220 5095 2356 5157 ἀλλὰ
2393 5096 2684 5167 μαχόμενοι
2729 5095 2803 5166 τῷ
2849 5095 2940 5147 ὑπ’
2981 5095 3202 5147 ἐκείνων
3234 5089 3605 5163 γεγραμμένῳ,
3634 5078 3738 5149 ψεύ-

548 5179 1055 5249 ρεθιιάορτοριιθιω.
1093 5178 1489 5249 Explanalores
1520 5185 1668 5239 enim
1711 5186 1978 5251 veritatis,
2019 5186 2113 5257 qui

2220 5188 2399 5241 δονται
2443 5189 2537 5259 τὴν
2576 5187 2909 5259 ἀποστολὴν,
2957 5186 3398 5258 ψευδοπροφῆται
3431 5184 3587 5243 ὄντες.
3635 5170 3736 5226 Ἰδοδ

546 5268 718 5340 legem
744 5270 1174 5334 honoraverunt,
1207 5273 1371 5329 iidem
1397 5275 1567 5346 legem
1603 5289 1978 5346 exposuerunt
2009 5297 2020 5331 :
2056 5279 2110 5331 hi

2220 5279 2327 5351 γὰρ
2357 5281 2406 5332 οἱ
2450 5281 2547 5350 τῆς
2598 5280 2850 5351 ἀληθείας
2893 5280 3199 5351 εἰσηγηταὶ,
3236 5278 3325 5330 τὸν
3378 5276 3531 5345 νόμον
3556 5278 3735 5335 τετιμη-

616 5423 663 5455 τι
702 5422 858 5481 Deut.
896 5442 986 5498 γι,
1023 5426 1121 5498 ιη
1154 5425 1198 5498 ’ξ
1241 5424 1407 5498 Marc.
1446 5444 1510 5490 ι’,
1552 5429 1636 5485 l8.
1715 5431 1762 5461 ⁷⁸
1802 5431 1817 5484 Ι
1850 5431 1976 5486 Cor.
2017 5449 2109 5487 VIII
2135 5476 2148 5496 ,
2184 5433 2211 5486 (i

2135 5476 2148 5496 .
2184 5433 2236 5486 6.
2315 5435 2358 5466 ⁷⁷
2398 5434 2543 5491 Psal.
2577 5451 2696 5498 cur,
2732 5437 2785 5491 3.
2861 5436 2908 5468 ⁷⁸
2945 5433 3101 5489 Joan.
3140 5453 3179 5498 ι,
3215 5437 3269 5489 8.
3361 5435 3404 5465 "’
3443 5427 3727 5498 Matty._lllv

546 5490 653 5554 i7;
713 5510 858 5557 xvu,
924 5497 976 5551 5.
1082 5496 1127 5527 ⁸⁰
1166 5493 1311 5552 Psal.
1373 5512 1444 5561 ιι,
1512 5499 1560 5553 7.
1648 5502 1689 5533 ⁸⁸
1730 5500 1876 5557 Psal.
1934 5503 2138 5569 xcv“?

543 5575 601 5619 ν.
632 5563 721 5619 51.
757 5565 843 5619 52.

2130 5490 2173 5556 7.
2287 5505 2330 5535 θ’
2372 5490 2534 5561 ilcbr.
2572 5523 2609 5572 ι,
2647 5490 2700 5560 6L
2744 5490 2751 5491 “
2807 5506 2851 5537 εδ
2893 5505 2907 5557 l
2946 5506 3068 5561 Cor.
3106 5490 3193 5569 μί,
3229 5504 3446 5560 ιιι-28..
3487 5502 3528 5532 ει
3561 5491 3725 5564 Ephes-

583 5601 601 5627 ρ
632 5601 721 5627 vn,
757 5601 843 5621 υά.

617 5697 726 5767 (ῧο)
776 5701 1116 5768 ’Υπέταξεν.
1177 5704 1532 5765 Restitucnda
1590 5709 1677 5764 hic
1732 5724 1832 5764 vox
1887 5712 2080 5773 πάκτα,
2119 5723 2277 5780 quam
2313 5707 2662 5764 amanuensis
2692 5707 2944 5763 incautus
2975 5705 3178 5761 omisit.
3219 5704 3372 5758 BASN.
