4038 6288
241 403 372 460 1241

1259 402 1629 460 ADVERSUS
1667 400 2095 458 MANICHASOS
2131 401 2259 457 LIB.
2304 402 2388 457 ιιι.

3356 404 3494 460 Ιέιὶ

241 539 418 585 κοτες,
463 520 553 574 τὸν
592 518 755 591 νόμον
792 519 1127 592 ἐξηγήσαντο
1150 536 1163 549 ·
1210 513 1354 574 οῦτοι
1406 520 1463 574 δὲ
1522 521 1611 574 τὸν
1660 520 1823 592 νόμον

1936 536 2060 577 vero
2089 522 2182 591 qui
2214 521 2388 591 legem
2420 518 2695 575 criminati
2744 525 2905 584 sunt,
2942 518 3113 588 legem
3150 518 3383 584 feriunt;
3436 529 3492 575 et

239 611 659 683 διαϐεϐληκότες
692 611 768 683 τῷ
813 613 963 683 νόμῳ
1006 604 1503 681 διαπληκτίζονται,
1549 614 1642 667 καὶ
1681 613 1817 684 πρὸς

238 704 368 767 τοὺς
388 702 832 773 ἐξηγησαμένους
863 704 954 758 τὸν
983 705 1166 777 νόμον.
1192 709 1301 760 Καὶ
1332 706 1453 777 ἴσην
1478 706 1576 777 μὲν
1602 706 1651 757 οἱ
1681 704 1821 758 ἀπό-

244 794 419 847 στολοι
452 795 551 865 τὴν
586 795 880 866 ὁμοιότητα
915 796 1010 850 τοῦ
1041 798 1371 867 Εὑαγγελίου
1408 799 1502 851 καὶ
1529 796 1622 851 τοῦ
1651 798 1815 867 νόμου

243 888 564 969 γινώσκουσι
587 905 600 919 ·
641 890 734 942 καὶ
770 890 859 943 τὸν
892 891 1053 961 νόμον
1085 891 1341 955 λαϐόντες
1384 891 1445 944 τὸ
1486 890 1818 961 Εὑαγγέλιον

246 981 501 1051 βλέπουσι
528 1000 541 1013 ·
570 982 662 1034 καὶ
693 985 772 1047 εἰς
795 984 856 1036 τὸ
880 985 1209 1053 Εὐαγγέλιον
1236 984 1703 1056 παρακύπτοντες,
1726 984 1818 1039 τὸν

245 1075 406 1145 νόμον
432 1076 529 1127 οὐκ
558 1076 870 1147 ἀναιροῦσιν
890 1094 905 1107 ·
933 1071 1078 1130 οὗτοι
1110 1078 1166 1131 δὲ
1191 1079 1261 1133 τὰ
1290 1080 1450 1149 ὃμοια
1477 1079 1563 1132 ἀεὶ
1590 1078 1819 1148 ἀνόμοια

246 1166 604 1237 ἡγησάμενοι,
642 1168 735 1221 καὶ¹
764 1166 832 1220 τὰ
872 1169 1000 1238 φίλα
1033 1170 1244 1234 ἑαυτοῖς
1275 1172 1368 1225 καὶ
1413 1170 1616 1240 ἀδελφά
1652 1170 1819 1240 ἄφιλα

246 1258 340 1310 καὶ
378 1257 620 1312 ἄσπονδα
660 1259 1068 1331 ὁμολογοῦντες,
1116 1262 1316 1326 κακίας
1357 1263 1455 1335 μὲν
1500 1263 1717 1333 ἔλεγχον
1757 1264 1819 1316 οὑ

248 1349 540 1418 φεύγουσι·
578 1351 783 1423 διιστᾷν
813 1352 869 1405 δὲ
905 1353 999 1407 καὶ
1025 1353 1250 1424 διαιρεῖν
1274 1353 1343 1408 τὰ
1368 1355 1528 1424 ὅμοια
1555 1354 1819 1408 ἐσπουδα-

247 1440 424 1505 κότες,
460 1441 533 1513 μὴ
561 1441 846 1511 δυνάμενοι
873 1442 929 1495 δὲ
953 1441 1197 1515 διαιρεῖν.
1250 1442 1403 1497 Ἐπεὶ
1441 1443 1540 1497 οὐκ
1570 1442 1820 1512 ἀνέχεται

246 1535 276 1586 ὁ
302 1534 465 1605 νόμος
499 1533 591 1587 τοῦ
614 1534 949 1602 Εὑαγγελίου
999 1534 1342 1608 διαιρεῖσθαι,
1381 1535 1483 1604 τῆς
1527 1532 1822 1603 βασκανίας

250 1626 455 1679 ἑαυτῶν
483 1625 580 1698 τὴν
630 1626 907 1697 ἐπιτιμίαν
945 1625 1351 1698 ἐκαρπώσαντο.
1410 1625 1539 1679 Ἰδοὺ
1577 1626 1686 1696 γὰρ
1724 1626 1824 1678 ὅσα

249 1715 379 1786 περὶ
420 1715 630 1785 Πατρὸς
678 1716 737 1768 ἐν
794 1715 961 1785 νόμῳ,
1011 1715 1184 1769 ταῦτα
1242 1716 1336 1769 καὶ
1389 1716 1446 1767 ἐν
1472 1714 1824 1784 Εὑαγγελίοις

249 1809 424 1860 κεῖται
450 1822 463 1836 ·
494 1808 592 1859 ὅσα
617 1807 745 1879 περὶ
774 1805 927 1871 Υἱοῦ,
954 1806 1128 1860 ταῦτα
1148 1809 1205 1860 ἐν
1234 1808 1563 1879 ἀμφοτέροις
1590 1809 1821 1878 εἴρηται·

1926 627 2021 668 eos
2072 613 2166 682 qui
2227 612 2397 682 legem
2453 612 2917 683 explanaverunt,
2974 618 3241 678 pungunt.
3295 607 3490 665 Parem

1926 706 2344 762 similitudinem
2368 704 2645 775 Evangelii
2669 711 2832 774 atque
2852 702 2987 773 legis
3003 708 3343 771 cognoscunt
3369 714 3496 769 apo-

1926 796 2053 852 stoli
2076 814 2090 850 :
2120 796 2212 865 qui
2235 810 2356 849 cum
2378 796 2549 865 legem
2567 803 2810 858 sumunt,
2834 792 3171 864 evangelium
3190 791 3492 861 aspiciunt;

1924 905 2048 945 cum
2063 888 2408 960 Evangelium
2421 888 2710 959 aspiciunt,
2727 889 2896 960 legem
2913 903 3021 942 non
3041 884 3352 941 tollunthti
3370 897 3497 939 vero

1925 981 2054 1037 dum
2070 997 2191 1049 qua:
2203 988 2332 1036 sunt
2354 979 2576 1045 similia,
2604 994 2819 1050 semper
2837 977 3128 1033 dissimilia
3145 992 3267 1032 esse
3283 983 3493 1045 putant,

1924 1085 1978 1132 et
1994 1091 2116 1146 qua:
2138 1074 2240 1130 sibi
2260 1074 2405 1128 inter
2423 1088 2482 1129 se
2506 1072 2681 1126 amica
2698 1078 2752 1124 et
2778 1084 3057 1142 germana,
3084 1069 3305 1123 inimica
3326 1076 3380 1121 et
3397 1067 3495 1121 ad—

1926 1169 2172 1226 versaria
2188 1182 2311 1223 esse
2329 1165 2670 1236 proﬁtentur,
2690 1178 2799 1219 non
2827 1163 3043 1233 quidem
3058 1161 3342 1232 eiTugiunt,
3365 1159 3495 1229 quin

1927 1263 2135 1319 malitia
2156 1277 2345 1319 eorum
2369 1261 2616 1316 convicta
2652 1260 2755 1314 sit:
2794 1257 3109 1327 disjungere
3124 1270 3253 1309 vero
3280 1261 3334 1309 et
3363 1253 3500 1307 diri—

1927 1372 2076 1413 mere
2108 1354 2309 1412 similia
2341 1353 2470 1408 dum
2516 1351 2757 1414 student,
2787 1363 2966 1417 neque
3013 1355 3194 1401 tamen
3243 1351 3496 1415 possunt.

1929 1446 2384 1517 Quandoquidem
2415 1446 2498 1499 lex
2536 1444 2605 1499 ab
2634 1441 2931 1511 Evangelio
2951 1440 3118 1494 dividi
3153 1453 3259 1492 non
3297 1444 3496 1506 potest,

1935 1538 2158 1594 invidiae
2195 1554 2309 1594 suae
2352 1536 2594 1591 fructum
2638 1540 3001 1603 perceperunt
3043 1529 3497 1599 obiurgationem.

1937 1631 2286 1701 Qutecunque
2314 1629 2458 1683 enim
2481 1628 2548 1682 de
2568 1625 2801 1681 Patrein
2833 1626 2951 1695 lege
2978 1622 3183 1691 scripta
3214 1626 3361 1682 sunt,
3385 1618 3501 1673 hac

1933 1725 2097 1780 etiam
2131 1732 2258 1779 sunt
2282 1723 2336 1775 in
2369 1719 2678 1789 Evangeliis
2706 1736 2719 1772 :
2753 1727 3095 1787 quaecunque
3114 1711 3180 1766 de
3196 1708 3354 1774 Filio,
3388 1709 3503 1763 haec

1938 1817 1994 1871 in
2028 1817 2278 1886 utrisque
2307 1828 2324 1869 :
2352 1828 2475 1883 quae
2503 1811 2571 1866 de
2604 1809 2812 1881 Spiritu
2856 1815 3083 1872 sancto,
3129 1805 3245 1858 hac
3286 1816 3505 1872 quoque

246 1899 348 1951 ὅσα
386 1898 516 1970 περὶ
571 1898 889 1970 Πνεύματος
941 1898 1118 1968 ἁγίου,
1164 1899 1337 1953 ταῦτα
1390 1901 1448 1953 ἐν
1501 1899 1830 1970 ἀμφοτέροις

1936 1910 1987 1964 ἰη
2016 1910 2285 1964 ambobus
2311 1907 2554 1977 reperire
2586 1903 2887 1975 poterimus
2914 1921 2927 1956 :
2962 1907 3156 1956 neutra
3182 1897 3327 1952 enim
3358 1893 3505 1948 Scri-

249 1989 431 2061 ειέιρεῖν
465 1989 803 2063 δυνησόμεθα
824 2008 837 2021 ·
870 1991 989 2046 οὐδὲ
1026 1992 1281 2062 ὁπότερον
1317 1991 1428 2064 γὰρ
1467 1994 1701 2064 γράμμα
1733 1994 1828 2047 τοῦ

251 2080 565 2151 Πνεῦματος
591 2080 682 2134 τοῦ
724 2081 880 2150 ἁγίου
932 2084 1269 2154 ἀμνημονεῖ·
1321 2084 1435 2137 ἀλλ’
1489 2086 1548 2138 ὲν
1603 2084 1702 2156 μὲν
1751 2083 1830 2155 τῷ

250 2174 567 2246 Εὑαγγελίῳ
593 2177 626 2247 ὴ
659 2175 858 2247 δωρεὰ,
882 2178 999 2230 ἐκεῖ
1021 2177 1078 2230 δὲ
1100 2178 1195 2231 καὶ
1222 2178 1255 2248 ἡ
1291 2177 1526 2250 αἴτησις.
1558 2181 1667 2233 Καὶ
1700 2180 1830 2233 ποτέ

255 2266 352 2336 μὲν
378 2266 527 2335 λέγει
578 2269 606 2320 ὁ
651 2266 813 2320 Δαϐίδ
836 2285 851 2299 ·
901 2268 970 2321 Τὸ
1014 2268 1259 2339 Πνεῦμά
1293 2284 1410 2323 σου
1442 2269 1506 2323 τὸ
1546 2270 1717 2339 ἅγιον
1741 2270 1829 2341 μὴ

251 2356 587 2427 ἀντανέλῃς
618 2359 720 2413 ἀπ’
754 2358 925 2427 ἐμοῦ·
959 2361 1088 2413 ποτέ
1113 2361 1170 2413 δὲ
1205 2360 1536 2430 Εὑαγγέλιον
1563 2380 1577 2393 ·
1610 2361 1833 2416 Λάϐετε

252 2451 496 2520 Πνεῦμα
535 2450 738 2520 ἅγιον·
785 2450 850 2504 ἵν’
884 2450 913 2503 ὃ
970 2451 1069 2521 μὲν
1109 2450 1219 2522 ἔχει
1270 2450 1345 2523 μὴ
1396 2452 1686 2523 ἀφαιρεθῇ,
1719 2452 1748 2505 ὃ
1773 2452 1831 2505 δέ

255 2543 557 2615 χαρίζεται,
606 2535 761 2607 οῦτος
795 2542 895 2614 ἔχῃ
929 2542 1127 2598 λαϐών.
1173 2543 1283 2596 Καὶ
1327 2545 1395 2615 τῇ
1444 2544 1698 2615 συνουσίᾳ
1737 2542 1830 2597 τοῦ

254 2635 411 2704 ἁγίου
437 2634 751 2706 Πνεύματος
781 2634 1045 2705 τιμῶνται
1082 2636 1138 2687 αἱ
1181 2635 1371 2705 ψυχαὶ,
1403 2636 1539 2707 μήτε
1568 2636 1831 2689 ἀποσπώ-

259 2743 416 2796 μεναι
441 2726 543 2797 τῆς
573 2725 877 2789 συνουσίας,
924 2726 1061 2797 μήτε
1094 2725 1217 2796 δίχα
1261 2727 1359 2797 τῆς
1395 2725 1684 2790 συνουσίας
1715 2726 1831 2780 δια-

256 2817 525 2871 τελοῦσαι.

328 2911 439 2962 Καὶ
471 2910 756 2981 δυνήσεταί
797 2926 881 2973 τις
915 2911 1043 2982 περὶ
1074 2910 1319 2979 ἀγγέλων
1348 2912 1441 2966 καὶ
1480 2912 1833 2983 ἀρχαγγέλων

258 3002 352 3054 καὶ
380 3000 489 3054 τῶν
531 3001 705 3056 ἄλλων
736 3002 1012 3069 ἐξουσιῶν,
1060 3003 1153 3056 καὶ
1208 3004 1335 3075 περὶ
1377 3003 1664 3074 ἀνθρώπου
1696 3003 1831 3075 (6i),

257 3093 353 3146 καὶ
378 3093 499 3162 γῆς.
551 3092 647 3146 καὶ
681 3092 786 3147 τῶν
820 3093 993 3148 ἄλλων
1043 3095 1559 3168 δημιουργημάτων,
1611 3096 1836 3168 ἐπεξερ-

1932 2011 2091 2072 ptura
2121 2016 2231 2055 non
2254 1999 2507 2055 meminit
2536 1999 2604 2052 de
2631 1995 2841 2067 Spiritu
2873 2002 3064 2051 sancto
3085 2010 3099 2047 :
3123 1990 3309 2045 imoin
3328 1986 3505 2039 Evan—

1933 2093 2076 2164 gelio
2102 2099 2187 2146 est
2219 2090 2423 2145 donum
2449 2130 2464 2154 ,
2492 2087 2566 2142 ibi
2599 2101 2729 2142 vero
2758 2094 2841 2140 est
2868 2082 3082 2155 petitio.
3114 2080 3181 2133 Et
3211 2075 3506 2147 aliquando

1937 2187 2071 2241 dicit
2116 2182 2286 2238 David
2321 2202 2334 2238 :
2372 2180 2635 2250 Spiritum
2664 2186 2907 2235 sanctum
2938 2185 3087 2229 tuum
3131 2188 3195 2225 ne
3228 2168 3441 2237 auferas
3473 2183 3507 2218 a

1932 2294 2015 2330 me
2043 2277 2110 2332 ⁸⁸.
2146 2274 2424 2330 Interdum
2465 2272 2600 2327 dicit
2625 2268 3018 2339 Evangelium:
3064 2261 3297 2331 Accipite
3335 2258 3509 2327 Spiri-

1934 2382 2046 2426 tum
2077 2379 2322 2426 sanctum
2372 2366 2457 2421 ⁸⁶ι
2494 2372 2555 2419 ιιι
2586 2362 2733 2434 quod
2765 2359 2985 2431 quidem
3023 2356 3188 2411 habet
3219 2350 3411 2414 David,
3439 2366 3508 2406 ne

1932 2464 2216 2520 auferatur
2258 2460 2307 2517 ei
2346 2468 2540 2529 rogat:
2579 2454 2726 2527 quod
2760 2467 2892 2509 vero
2943 2451 3034 2505 hic
3067 2448 3263 2511 donat,
3296 2443 3350 2499 id
3380 2457 3504 2498 cum

1934 2555 2026 2610 ille
2062 2551 2359 2622 acceperit,
2387 2548 2606 2604 haheat.
2637 2541 3031 2599 Familiaritate
3062 2539 3226 2594 etiam
3266 2533 3506 2606 Spiritus

1936 2644 2116 2703 sancti
2147 2644 2345 2698 animae
2378 2641 2738 2702 honorantur,
2778 2649 2879 2690 nec
2920 2649 2951 2687 a
2988 2628 3360 2685 familiaritate
3386 2625 3509 2696 ejus

1935 2740 2162 2804 avulsae,
2195 2750 2374 2807 neque
2406 2733 2524 2791 sine
2551 2731 2672 2802 ejus
2706 2726 3075 2784 familiaritate
3102 2724 3508 2793 permanentes.

2005 2918 2086 2973 Ad
2116 2915 2367 2971 eumdem
2399 2909 2623 2966 modum
2654 2905 2855 2977 poterit
2883 2901 3010 2974 quis
3047 2892 3402 2960 elaborando,
3443 2891 3511 2944 de

1938 3010 2149 3082 angelis
2182 3016 2237 3064 et
2277 3001 2627 3075 archangelis
2658 3006 2712 3054 et
2757 2996 2878 3051 aliis
2909 2990 3305 3065 potestatibus,
3356 2991 3410 3082 et
3442 2982 3510 3082 (le

1938 3073 2082 3159 caelo
2110 3116 2175 3156 ac
2208 3106 2354 3155 terra
2380 3073 2613 3164 aliisque
2628 3087 2900 3145 creaturis
2927 3078 3341 3139 similitudinem
3374 3073 3511 3164 legis

258 3183 568 3284 γασάμενος
619 3185 717 3254 τὴν
770 3185 1062 3256 ὁμοιότητα
1096 3163 1215 3241 γτοῦ
1244 3163 1540 3259 -τεηνόμου
1596 3189 1690 3242 καὶ
1736 3163 1830 3242 τοῦ

1939 3202 1995 3251 et
2025 3190 2305 3261 Evangelii
2337 3163 2739 3255 contemplari,
2806 3186 2969 3247 atque
3020 3174 3095 3227 ita
3133 3163 3511 3239 investigando

258 3272 614 3343 Εὑαγγελίου,
654 3274 947 3346 θεωρῆσαι,
984 3276 1077 3330 καὶ
1118 3277 1261 3331 οὕτω
1298 3278 1630 3349 κατιχνεύων
1671 3279 1832 3349 μέχρι

257 3364 348 3419 τοῦ
406 3366 686 3437 ἐλαχίστου
749 3366 992 3436 φθάσαι·
1048 3370 1207 3439 ἡμεῖς
1258 3368 1316 3421 δὲ
1370 3369 1461 3421 τὸν
1518 3363 1833 3440 τηλικοῦτον

258 3457 418 3526 ὄγκον
445 3457 875 3529 παραιτούμεθα,
904 3460 1063 3529 μόνον
1092 3463 1157 3531 τῇ
1192 3460 1447 3514 ὑποθέσει
1477 3461 1832 3533 χρησάμενοι,

259 3550 353 3603 καὶ
399 3552 525 3615 τοὺς
578 3551 895 3621 φιλομαθεῖς
943 3553 1333 3625 ἐκκαλούμενοι
1386 3554 1487 3625 τῆς
1527 3554 1836 3618 ὑποθέσεως

260 3641 591 3711 ἁψαμένους,
617 3643 711 3695 ἐπὶ
746 3641 925 3695 πάντα
948 3644 1017 3695 τὰ
1048 3643 1380 3714 θεωρήματα
1409 3647 1624 3715 χωρεῖν.
1658 3645 1836 3716 Ὅπερ

257 3734 314 3786 δὲ
357 3734 493 3803 μετά
516 3750 659 3796 τινος
686 3733 1022 3804 κατηγορίας
1069 3734 1456 3788 καταιτιῶνται
1493 3737 1543 3787 οἱ
1583 3737 1837 3807 αίρεσιῶ-

257 3843 367 3889 ται,
412 3823 571 3879 τοῦτο
618 3825 775 3896 μόνον
815 3825 1239 3897 προσγράψομεν
1284 3826 1361 3896 τῷ
1407 3826 1568 3897 λόγῳ,
1612 3827 1699 3879 ἵνα
1742 3829 1837 3881 καὶ

258 3917 357 3990 τὴν
415 3918 595 3970 αἰτίαν
653 3917 876 3970 ἐκείνων
923 3916 1196 3987 λύσωμεν,
1247 3918 1342 3971 καὶ
1389 3918 1483 3970 τοῦ
1527 3921 1690 3990 νόμου
1739 3920 1838 3985 τὰς

258 4010 528 4073 διαθέσεις
550 4008 1028 4079 κατοπτεύσωμεν.
1065 4010 1127 4062 Ei
1154 4008 1263 4080 γὰρ
1301 4011 1498 4063 ἐκεῖνοι
1527 4009 1626 4081 τὴν
1659 4011 1837 4066 αἰτίαν

258 4103 368 4156 τῶν
398 4101 741 4173 γραμμάτων
774 4100 1235 4170 ἀναγινώσκοντες
1278 4101 1576 4177 ὑϐριστικῴ
1610 4104 1837 4175 στόματι

260 4196 575 4293 κέχρηνται,
609 4194 722 4249 ἀλλ’
748 4197 907 4266 ἡμεῖς
933 4195 1027 4248 καὶ
1050 4198 1116 4293 τῇ
1147 4196 1422 4267 ὁμοιότητι
1443 4195 1836 4269 δυσωπήσομεν

259 4286 440 4341 αὐτῶν
485 4287 584 4357 τὴν
625 4287 840 4341 ἄνοιαν·
876 4287 967 4339 καὶ
1012 4285 1109 4356 τὴῦ
1154 4286 1332 4340 αἰτίαν
1376 4286 1715 4358 παραθέσθαι
1761 4289 1835 4361 μὴ

261 4380 727 4450 παοαιτησόμεθα.

1940 3297 2114 3351 usque
2152 3278 2221 3333 ad
2239 3279 2525 3333 minimum
2553 3271 2845 3327 devenire:
2872 3280 2975 3320 nos
3004 3276 3134 3317 vero
3161 3266 3364 3314 tantam
3395 3269 3511 3308 [ηοω

1937 3348 2043 3428 leni
2082 3377 2437 3430 recusantes,
2494 3371 2549 3419 et
2603 3357 2876 3431 principio
2918 3362 3131 3408 tantum
3177 3348 3282 3412 usi,
3315 3358 3512 3416 provo-

1937 3470 2233 3532 cantesque
2260 3459 2561 3519 studiosos,
2595 3461 2653 3507 ut
2681 3456 2940 3519 suscepto
2958 3446 3024 3500 ad
3042 3441 3387 3499 tractandum
3420 3450 3511 3492 2r-

1943 3565 2204 3631 gumento
2235 3553 2300 3608 ad
2330 3551 2513 3607 omnia
2538 3548 2875 3603 theoremata
2898 3538 3220 3611 procedant,
3247 3533 3301 3588 id
3332 3531 3510 3631 solum

1940 3616 2006 3705 ad
2027 3648 2224 3703 librum
2245 3644 2626 3714 adiungemus,
2668 3633 2810 3705 quod
2848 3627 3087 3685 haeretici
3118 3636 3241 3677 cum
3274 3616 3510 3714 quadam

1941 3712 2368 3812 reprehensione
2424 3739 2722 3792 accusant,
2764 3732 2825 3779 ut
2869 3736 3060 3778 eorum
3098 3712 3511 3772 accusationem

1945 3803 2338 3892 dissolvamus,
2383 3834 2439 3881 et
2489 3821 2626 3893 legis
2660 3815 3050 3888 dispositiones
3090 3803 3506 3893 perspiciamus.

1947 3927 2004 3982 Si
2042 3924 2187 3981 enim
2214 3921 2289 3976 illi
2331 3920 2575 3989 legentes
2606 3926 2726 3983 quae
2768 3915 2959 3963 contra
2994 3901 3330 3971 Scripturam
3369 3892 3509 3989 obji-

1943 4000 2120 4081 ciunt,
2152 4030 2248 4069 ore
2278 4007 2676 4068 contumelioso
2702 4002 2783 4057 usi
2817 4007 2978 4056 sunt:
3012 4003 3065 4049 at
3094 4007 3195 4047 nos
3220 3986 3515 4043 amentiam

1949 4078 2317 4168 similitudine
2349 4102 2768 4171 redarguemus,
2804 4102 3002 4161 etquae
3036 4089 3089 4141 in
3123 4081 3350 4139 crimine
3370 4078 3505 4147 obji-

1955 4206 2129 4268 ciunt,
2164 4211 2437 4272 apponere
2466 4210 2574 4249 non
2599 4188 2994 4246 dubitabimus.

1336 4518 1466 4574 CAP.
1503 4518 1640 4573 Xlll.
1683 4522 1957 4579 Acerbitas
1982 4520 2106 4592 legis
2135 4513 2442 4572 vindicatur.

343 4636 665 4706 Ἐγκαλοῦσι
704 4634 811 4706 γὰρ
848 4635 927 4707 τῷ
961 4636 1175 4708 παλαιῷ
1216 4637 1385 4708 νόμῳ,
1417 4637 1491 4701 ὡς
1524 4642 1718 4710 τραχεῖ
1743 4642 1830 4717 .καῖ

2021 4639 2301 4693 Accusant
2326 4629 2472 4686 enim
2506 4632 2745 4682 veterem
2775 4620 2947 4688 legem
2980 4621 3240 4680 tanquam
3267 4604 3519 4661 acerbam

261 4734 489 4801 ἀπηνεῖ·
520 4727 811 4797 ἐγκαλοῦσι
841 4730 935 4782 καὶ
982 4732 1093 4792 τοῖς
1138 4730 1389 4793 παλαιοῖς
1433 4730 1735 4803 ὑπηρέταις
1768 4734 1843 4798 ὼς

263 4822 709 4895 αὑστηροτέροις,
740 4822 835 4875 καὶ
894 4823 1093 4892 μᾶλλον
1128 4822 1261 4894 πρὸς
1305 4824 1404 4895 τὴν
1437 4825 1720 4895 ἐπιτιμίαν
1756 4826 1845 4897 ῥέ-

261 4933 443 4977 πουσι,
475 4918 570 4970 καὶ
602 4918 837 4988 στοργῆς
870 4915 1051 4978 ἐλέους
1072 4906 1533 4987 ἀπηλλαγμένοις,
1560 4917 1633 4989 μὴ
1663 4917 1845 4972 νοοῦν-

257 5023 351 5071 τες
401 5006 463 5059 τὸ
508 5006 930 5077 γεγραμμένον·
975 5004 1198 5059 Ἐλεον
1242 5005 1340 5059 καὶ
1378 5006 1582 5074 κρίσιν
1620 5007 1845 5076 ᾆσομαί

263 5115 383 5162 σοι,
413 5100 590 5167 Κύριε
617 5115 630 5128 ·
680 5100 817 5169 μήτε
843 5090 1063 5161 εἰδότες,
1100 5098 1181 5150 ὅτι
1212 5100 1244 5168 ἡ
1275 5098 1548 5170 τελειότης
1574 5100 1671 5170 τῆς
1697 5101 1843 5151 οἰκο-

263 5189 454 5261 νομίας
493 5187 552 5252 ἐξ
595 5188 778 5251 ἐλέους
826 5189 919 5242 καὶ
968 5189 1249 5259 ἐπιτιμίας
1297 5189 1548 5260 ἤρτηται.
1595 5191 1705 5242 Καὶ
1751 5189 1839 5243 διὰ

261 5280 419 5334 τοῦτο
450 5279 925 5350 ἀμϐλυωποῦντες,
970 5281 1213 5333 σιωπῶσι
1242 5283 1368 5345 τοὺς
1401 5283 1716 5353 οἰκτιρμους
1743 5281 1837 5335 τοῦ

270 5375 426 5447 νόμου
452 5390 465 5404 ·
494 5372 693 5444 μᾶλλον
732 5373 789 5426 δὲ
834 5373 943 5426 τῶν
980 5374 1351 5443 ἐπιτιμήσεων
1406 5374 1835 5444 μνημονεύουσι·

264 5468 357 5520 καὶ
407 5466 519 5520 ἀνω
568 5464 662 5519 καὶ
704 5465 853 5519 κάτω
903 5465 1128 5535 βοῶσιν·
1162 5466 1273 5536 Οὐχ
1306 5467 1468 5538 ὁρᾶτε
1494 5505 1509 5531 ,
1536 5467 1719 5537 φησὶν,
1754 5466 1840 5520 ἵνα

335 5646 380 5678 ⁸⁸
422 5644 566 5700 Psal.
604 5661 657 5711 ι,
695 5644 780 5698 15.
858 5644 903 5675 ⁸⁸
943 5641 1104 5700 Joan.
1144 5661 1238 5711 xx,
1273 5644 1361 5700 29..
1441 5646 1483 5677 ⁸⁷
1526 5644 1669 5699 Psal.
1704 5659 1754 5712 c,
1794 5644 1841 5697 l.

338 5802 451 5877 (6|)
502 5802 851 5872 Ἀνθρώπου.
888 5763 967 5857 An
1001 5800 1264 5873 οὐρανοῦῖ

1947 4740 2001 4787 et
2025 4726 2306 4784 crudelem
2339 4741 2352 4776 :
2390 4721 2655 4775 accusant
2685 4719 2944 4784 praeterea
2980 4710 3191 4758 veteres
3237 4697 3519 4752 ministros

1947 4832 2210 4895 tanquam
2248 4815 2585 4873 austeriores
2638 4815 2693 4865 et
2755 4804 2927 4875 magis
2979 4800 3044 4854 ad
3088 4792 3519 4895 ohjurga‘tionem

1944 4885 2277 4989 propensos,
2318 4918 2372 4965 et
2405 4908 2475 4962 ab
2498 4902 2788 4959 aﬂ‘ectione
2838 4888 3227 4989 misericordia:
3267 4885 3518 4989 alienos,

1946 4972 2457 5071 nonlintelligentes
2481 4991 2627 5065 quod
2658 4989 2921 5058 scriptum
2950 4988 3060 5037 est:
3094 4972 3520 5034 Misericordiam

1949 5110 1996 5155 et
2017 5069 2289 5169 judicium‘
2311 5087 2536 5145 cantabo
2567 5085 2684 5147 tibi,
2703 5079 2923 5135 Domine
2948 5076 3016 5145 '7;
3047 5088 3221 5144 neque
3248 5069 3483 5124 scientes
3502 5106 3516 5129 ,

1952 5159 2349 5261 perfectionem
2383 5180 2595 5235 ratione
2627 5170 3043 5246 gubernationis
3097 5182 3160 5221 ex
3207 5159 3520 5218 misericor-

1949 5284 2040 5338 dia
2074 5288 2129 5337 et
2159 5276 2535 5335 vindicatione
2568 5270 2825 5342 pendere.
2863 5265 3071 5320 Idcirco
3100 5257 3286 5315 caecati
3308 5295 3323 5320 ,
3357 5252 3520 5306 mise-

1952 5377 2201 5431 rationes
2231 5372 2367 5444 lcgis
2400 5374 2621 5434 tacent;
2653 5374 2707 5420 et
2728 5360 3154 5419 vindicationum
3191 5352 3373 5421 potius
3407 5360 3521 5444 me-

1924 5434 2355 5531 'minerunt;vet
2401 5457 2603 5530 ubique
2648 5455 2934 5511 clamant:
2987 5445 3104 5501 Non
3145 5440 3359 5502 videtis,
3390 5434 3520 5506 quia
