4038 6288
587 365 727 421 1245

1721 369 1859 424 TlTl
1899 370 2330 428 BOSTRENSIS
2367 371 2673 429 EPISCOPI

3698 379 3812 436 ΗΜ

588 483 745 555 pueri
773 483 925 554 parvi
948 484 1257 539 convicium
1294 484 1544 541 fecerunt
1566 485 1747 542 Eliseo
1766 505 1781 555 ;
1808 487 2025 546 Eliseus
2037 505 2168 545 vero

2274 489 2459 543 παιδία
2496 489 2848 562 λοιδορήσωσι
2889 490 2981 543 τὸν
3027 489 3357 545 Ἑλισσαῖον’
3406 492 3710 562 κατηρᾶτο,
3738 496 3814 549 καὶ

591 574 879 630 maledixit
917 574 998 629 eis
1021 613 1037 638 ,
1079 580 1134 630 ct
1166 575 1384 632 duobus
1429 578 1576 633 ursis
1607 576 1835 633 tradidit
1864 594 2064 649 pueros
2098 579 2168 635 ad

586 666 1007 724 devorandum?
1036 664 1157 721 Non
1182 667 1404 735 videtis,
1442 670 1568 739 quia
1615 670 1945 740 quihusdam
1984 672 2170 726 militi-

590 758 703 817 bus
724 759 909 814 missis
935 775 966 814 a
1000 774 1128 831 rege
1159 760 1227 815 ad
1252 762 1557 816 vocandum
1590 761 1764 816 Eliam
1817 763 2027 829 invitis,
2062 780 2165 819 no-

584 851 697 919 ,luit
728 850 808 905 ire
835 865 961 905 cum
992 851 1095 917 eis,
1124 850 1305 921 ignem
1325 850 1605 919 jaculatus
1649 860 1756 919 est,
1779 860 1834 907 et
1859 852 2007 919 viros
2036 868 2169 908 con-

594 943 852 1012 sumpsit,
878 944 1155 1013 inquiens,
1190 942 1251 997 Si
1280 944 1359 997 vir
1392 944 1490 997 Dei
1519 960 1610 1013 ego
1631 960 1770 1008 sum,
1802 943 2075 999 descendet
2104 945 2168 1000 de

591 1034 723 1089 caelo
744 1036 908 1105 ignis,
961 1044 1011 1090 et
1056 1035 1326 1089 devorabit
1359 1044 1405 1089 te
1433 1043 1483 1090 et
1529 1036 1911 1106 quinquaginta
1936 1044 2051 1089 tuos
2079 1035 2167 1090 9"?

592 1128 653 1183 Si
682 1129 848 1199 hujus
882 1128 1009 1182 mali
1043 1129 1398 1183 accusatione
1423 1135 1479 1183 et
1499 1128 1773 1183 vindictas
1798 1129 1940 1182 inter
1969 1129 2169 1183 vitiosa

591 1229 647 1275 et
671 1235 840 1291 prava
875 1219 1145 1285 referunt,
1181 1220 1312 1291 quid
1340 1220 1543 1274 dicturi
1579 1228 1709 1276 sunt
1744 1219 1813 1275 de
1839 1219 2040 1284 Paulo;
2074 1222 2168 1291 qui

592 1327 719 1368 cum
758 1312 967 1367 videret
1002 1311 1301 1382 aliquando
1338 1309 1606 1367 Bar-Jesu
1636 1326 1853 1381 magum
1875 1351 1890 1376 ,
1924 1312 2018 1381 qui
2050 1324 2168 1365 erat

592 1420 717 1459 cum
747 1404 939 1475 Sergio
969 1404 1139 1460 Paulo
1165 1405 1517 1474 proconsule,
1549 1402 1934 1466 disserentem,
1964 1416 2017 1459 et
2035 1405 2168 1457 arti-

592 1498 787 1553 ﬁciosa
819 1497 1228 1553 machinatione
1257 1497 1528 1552 orationis
1556 1505 1792 1551 mentem
1831 1512 2022 1552 eorum
2075 1497 2169 1568 qui

591 1591 887 1647 veritatem
912 1590 1244 1652 didicerant,
1273 1590 1841 1659 depravantem,.non
1913 1598 1997 1646 est
2029 1607 2157 1661 pas-

593 1696 712 1746 sus,
746 1681 1068 1751 increpavit,
1090 1680 1325 1750 punivit,
1366 1680 1602 1751 privavit
1638 1681 1837 1745 oculis,
1871 1681 2167 1736 clamavit:

595 1773 642 1830 0
661 1775 810 1843 plene
848 1773 972 1828 dolo
1000 1782 1051 1826 et
1083 1773 1225 1826 omni
1247 1771 1492 1841 fallacia,
1522 1773 1603 1842 ﬁli
1641 1772 1863 1838 diaboli,
1897 1791 2002 1827 non
2027 1774 2170 1828 desi-

2269 580 2421 634 δυσὶν
2452 582 2674 651 ἄρκτοις
2705 580 2896 635 ἕκδοτα
2921 581 3203 653 παρεδίδου
3226 580 3294 634 τὰ
3318 581 3510 653 νήπια,
3537 580 3699 654 βορὰν
3722 584 3812 655 (θῖ)

2268 676 2361 730 καὶ
2391 675 2571 746 θοίνην
2614 671 3046 746 παρεσκευακὼς
3087 674 3201 736 τοῖς
3248 672 3470 742 ἄρκτοις
3517 670 3598 724 τὼ
3623 672 3812 739 παιδίας

2269 769 2382 837 Οὐχ
2430 768 2613 839 ὁρᾶτε,
2668 765 2851 835 φησιν,
2906 764 2991 816 ἵνα
3040 762 3184 826 τινὲς
3237 761 3458 826 ἄκοντες
3514 760 3813 832 στρατιῶται

2268 858 2377 912 ἀπὸ
2405 856 2496 911 τοῦ
2526 853 3258 918 ἐπιτάττοντος⁸ἀποσταλῶσι
3282 851 3613 906 καλέσαιτδν
3640 853 3818 920 Ἠλίαν,

2271 949 2482 1020 βαδίσαι
2515 948 2613 1019 μὲν
2650 947 2886 1019 ὤκνησε,
2923 948 3019 1000 καὶ
3065 945 3269 1015 φθάσαι
3317 946 3690 1017 παρῃτήσατο,
3726 946 3820 1017 πῦρ

2267 1041 2325 1095 δὲ
2364 1041 2700 1110 κατήνεγκε,
2748 1038 2843 1091 καὶ
2886 1039 3011 1100 τοὺς
3062 1036 3261 1108 ἄνδρας
3305 1035 3550 1089 ἐδαπάνα
3599 1036 3692 1088 καὶ
3736 1038 3812 1090 ἀν-

2268 1132 2459 1203 ήλισκε
2474 1171 2488 1193 ,
2512 1129 2702 1199 λέγων·
2726 1131 2789 1183 El
2817 1128 3123 1197 ἅνθρωπος
3147 1127 3247 1181 τοῦ
3269 1127 3417 1181 Θεοῦ
3443 1129 3563 1195 ειμι
3581 1126 3708 1196 ἐγὼ,
3734 1145 3817 1181 κα-

2267 1224 2587 1290 ταϐήσεται
2620 1223 2741 1291 πῦρ
2763 1221 2880 1275 ἀπὸ
2917 1221 3022 1274 τοῦ
3054 1220 3333 1288 οὐρανοῦ,
3360 1219 3460 1273 καὶ
3502 1222 3816 1291 καταφαγῆ-

2269 1316 2442 1370 σεταί
2478 1331 2551 1368 σε
2593 1314 2691 1367 καὶ
2728 1312 2869 1377 τοὺς
2906 1309 3281 1376 πεντήκοντά
3312 1325 3474 1375 σου;
3514 1312 3625 1364 Καὶ
3659 1312 3816 1383 ἐπειδὴ

2268 1408 2524 1470 τοιαύτας
2560 1405 2759 1468 αἰτίας,
2807 1403 2901 1457 καὶ
2946 1401 3203 1465 τοιαύτας
3252 1401 3540 1473 ἐπιτιμίας
3582 1403 3639 1454 ἐν
3690 1401 3815 1468 τάξει

2270 1501 2535 1572 πονηρίας
2567 1500 2659 1552 κοιλ⁵
2692 1495 2887 1559 κακίας
2925 1494 3182 1559 τίθενται,
3230 1493 3282 1547 τί
3315 1493 3503 1564 ἐροῦσι
3534 1494 3657 1563 περὶ
3693 1493 3813 1547 [lati-

2269 1592 2361 1645 λου
2381 1609 2395 1622 ο
2420 1591 2565 1654 ὅστις
2595 1588 2725 1643 ποτέ
2765 1587 2855 1641 τὸν
2896 1586 3184 1657 λεγόμενον
3216 1582 3526 1658 Βαριησοῦν
3553 1584 3643 1637 τὸν
3673 1583 3817 1654 μάγον

2272 1686 2364 1738 ἐπί¹
2389 1682 2614 1755 Σεργίου
2647 1680 2860 1734 Παύλου
2887 1678 3217 1740 ἀνθυπάτου,
3248 1676 3323 1741 ὡς
3350 1675 3721 1745 κακοτεχνίαις
3739 1676 3813 1729 το]

2272 1777 2428 1846 λόγου
2467 1775 2828 1847 στρεφόμενον
2872 1772 2970 1844 τὴν
3006 1770 3244 1825 διάνοιαν
3288 1770 3396 1823 τῶν
3443 1768 3814 1840 παιδευομένων

592 1867 677 1921 nis
710 1866 1007 1920 subvertere
1038 1865 1148 1920 vias
1181 1864 1396 1919 Domini
1415 1875 1585 1919 rectas
1603 1868 1628 1920 .9
1646 1863 1714 1918 Et
1742 1882 1879 1920 nune
1908 1882 2022 1919 ecce
2047 1883 2164 1920 ma-

2274 1866 2433 1941 ἐώρα,
2460 1868 2560 1921 οὐκ
2587 1867 2837 1936 ήνεγκεν,
2879 1863 3196 1935 ἐπετίμησε,
3232 1862 3488 1932 στέρησιν
3512 1859 3620 1913 τῶν
3649 1858 3813 1928 ὀφθαλ-

592 1976 694 2014 nus
735 1959 946 2013 Domini
994 1974 1150 2028 super
1181 1968 1248 2023 te,
1279 1970 1327 2014 et
1362 1960 1467 2015 eris
1501 1976 1693 2025 ca’cus,
1735 1977 1837 2015 non
1871 1961 2048 2016 videns
2077 1979 2165 2017 so-

595 2050 696 2105 lem
726 2067 888 2121 usque
922 2050 991 2104 ad
1023 2051 1300 2120 tempus”.

2273 1961 2387 2034 μῶν
2443 1960 2767 2032 εἰργάσατο,
2821 1958 3069 2030 ἐϐόησεν
3119 1954 3197 2011 Ὦ
3248 1955 3479 2023 πλῆρες
3525 1954 3700 2008 δόλου
3735 1953 3813 2006 καί

2270 2053 2473 2121 πάσης
2498 2051 2902 2122 ῥᾳδιουργίας,
2929 2051 3023 2106 υἱὲ
3050 2051 3350 2111 διαϐόλου,
3386 2051 3461 2102 οὐ
3494 2049 3690 2117 παύσῃ
3715 2046 3814 2100 δια-

592 2143 867 2213 στρέφων
913 2144 1020 2212 τὰς
1100 2145 1280 2212 ὀδοὺς
1339 2147 1562 2214 Κυρίου
1614 2146 1723 2211 τὰς
1774 2148 2045 2214 εὐθείας;
2090 2148 2201 2203 Καὶ
2239 2149 2369 2205 ίδοὺ
2414 2150 2545 2219 χεὶρ
2596 2150 2819 2218 Κυρίου
2862 2149 2963 2203 ἐπὶ
3004 2147 3098 2214 σὲ,
3154 2147 3251 2200 καὶ
3295 2147 3411 2215 ἔσῃ
3458 2144 3705 2214 τυφλὸς,
3743 2141 3811 2213 μὴ

588 2237 840 2303 ,βλέπων
865 2239 974 2293 τὸν
994 2239 1172 2307 ἣλιον
1190 2240 1328 2310 ἄχρι
1352 2240 1558 2310 καιροῦ
1583 2257 1603 2305 ;

1345 2376 1474 2432 CAP.
1513 2375 1654 2434 XIV.
1682 2375 1826 2432 Deus
1863 2380 2035 2448 parcit
2059 2380 2114 2432 in
2146 2378 2317 2435 Veteri
2349 2388 2399 2435 et
2432 2380 2487 2433 in
2523 2376 2672 2431 Novo
2701 2375 3053 2431 Testamento.

662 2485 805 2553 Quid
829 2487 895 2542 de
911 2485 1073 2541 Petro
1088 2486 1292 2551 dicent,
1310 2488 1533 2558 quando
1557 2489 1800 2547 Ananias
1814 2498 1870 2547 et
1890 2490 2161 2564 Sapphira

593 2577 816 2632 vendita
864 2576 1316 2647 possessiuncula
1367 2586 1579 2648 partem
1610 2581 1773 2650 pretii
1816 2582 1919 2638 sibi
1954 2591 2168 2639 averte-

594 2673 744 2732 runt,
772 2673 980 2737 partem
1010 2667 1345 2734 attulerunt,
1365 2671 1517 2748 .cuni
1548 2669 1821 2727 Ananiam
1860 2672 2167 2742 iudicatum

593 2766 651 2814 et
679 2758 951 2813 mendacii
1006 2758 1321 2814 convictum
1360 2768 1538 2816 morte
1586 2761 1790 2829 aﬂ'ecit,
1842 2764 2167 2837 Sapphiram

594 2859 779 2906 autem
826 2850 1004 2905 eidem
1056 2851 1312 2920 sepulcro
1358 2852 1638 2909 tradidit?
1686 2853 1952 2912 Iacebant
2020 2860 2168 2914 enim

594 2942 819 3005 mortui,
848 2942 1015 2996 verbo
1039 2941 1337 2997 interfecti.
1370 2941 1487 2997 Illic
1508 2946 1649 3015 ignis
1681 2947 1879 3004 allatus
1911 2964 2170 3006 consum-

595 3033 708 3105 psit
736 3031 805 3087 ad
837 3032 1010 3087 Eliam
1033 3031 1310 3103 profectos
1344 3053 1357 3089 :
1399 3034 1493 3090 hic
1546 3039 1774 3093 verbum
1809 3041 2071 3097 emissum
2111 3044 2170 3098 in

596 3134 896 3197 conspectu
927 3126 1323 3197 discipulorum
1351 3126 1550 3191 cﬂecit,
1577 3138 1637 3184 ut
1659 3132 1752 3202 qui
1777 3132 1935 3189 ﬁdem
1965 3149 2172 3205 caupo-

2342 2493 2407 2546 Τί
2438 2493 2495 2546 δὲ
2536 2492 2720 2565 ἐροῦσι
2770 2492 2896 2562 περὶ
2927 2489 3020 2545 τοῦ
3073 2487 3301 2560 Πέτρου,
3346 2486 3441 2540 ὅτε
3484 2486 3714 2551 Ἀνανίας
3735 2487 3808 2540 καὶ

2274 2585 2580 2656 Σάπφειρα,
2625 2583 2975 2654 πωλήσαντες
3007 2579 3324 2652 κτημάτιον,
3364 2578 3699 2648 ἐνοσφίσαντο
3731 2576 3805 2647 μὲ-

2279 2693 2388 2748 ρος,
2416 2674 2579 2746 μέρος
2612 2673 2667 2726 δέ
2694 2671 3081 2743 κεκομίκασιν
3115 2671 3198 2724 ὅτι
3241 2668 3438 2740 κρίνας
3480 2669 3575 2722 καὶ
3604 2666 3804 2735 ἐλέγξας,

2275 2769 2364 2823 τὸν
2399 2768 2497 2839 μὲν
2545 2766 2789 2820 Ἀνανίαν
2828 2765 3015 2836 νεκρὸν
3057 2764 3244 2830 ἔδειξε,
3295 2762 3393 2835 τὴν
3437 2762 3495 2815 δέ
3540 2761 3804 2832 Σάπφειραν

2274 2860 2354 2932 τῷ
2407 2859 2556 2930 αὐτῷ
2609 2858 2898 2932 μνηματίῳ
2965 2856 3387 2930 παραδέδωκεν;
3453 2856 3683 2909 Ἔκειντο
3718 2851 3803 2921 γὰρ

2276 2954 2463 3026 νεκροὶ
2522 2953 2666 3024 λόγῳ
2719 2951 3077 3026 ἀνῃρημένοι.
3130 2950 3308 3004 Κάκεῖ
3355 2949 3460 3021 μὲν
3499 2949 3558 3002 τὸ
3603 2944 3699 3018 πῦρ
3736 2960 3805 2997 κο-

2282 3044 2470 3116 μισθὲν
2515 3038 2772 3116 ἀνήλισκε
2823 3042 2948 3107 τοὺς
3002 3041 3395 3112 ἀφικομένους’
3451 3035 3552 3094 ὦδε
3598 3038 3649 3092 δέ
3685 3036 3804 3103 λόγος

2278 3133 2554 3206 προελθὼν
2580 3134 2638 3187 ἐν
2665 3133 2819 3204 ὄψεσι
2841 3130 2949 3185 τῶν
2974 3129 3424 3202 μαθητευομένων
3447 3126 3658 3198 νεκροὺς
3676 3121 3802 3185 ἔδειξε

596 3220 715 3274 nati
746 3230 924 3286 erant,
960 3232 1328 3279 morerentur.
1368 3222 1484 3277 lllic
1524 3221 1740 3280 Eliseus
1767 3239 2000 3295 corpora
2042 3242 2170 3297 pue-

2274 3222 2404 3286 τους
2435 3223 2533 3294 τήν
2567 3223 2751 3276 πίστιν
2791 3219 3289 3291 κεκαπηλευκότας.
3326 3220 3510 3272 Κάκεῖ
3549 3216 3639 3287 μὲν
3671 3213 3802 3266 Ἐλισ-

596 3322 787 3362 rorum
822 3308 1011 3383 bestiis
1044 3308 1232 3364 dedit:
1274 3311 1364 3364 hic
1419 3311 1626 3368 Paulus
1668 3321 1950 3384 aspectum
1989 3317 2170 3372 oculo-

2278 3318 2428 3380 σαῖος
2457 3316 2618 3387 θηρσὶ
2653 3315 2724 3368 τά
2761 3313 2991 3385 σώματα
3029 3313 3135 3366 τῶν
3182 3312 3389 3384 νηπίων
3429 3312 3594 3365 ἐδίδου
3615 3327 3627 3339 ’
3651 3302 3732 3361 ὦδε
3760 3304 3800 3357 δὲ

598 3415 720 3453 rum
754 3401 978 3462 ademit,
1029 3409 1085 3456 et
1112 3418 1237 3457 eum
1287 3403 1382 3469 qui
1422 3404 1671 3471 videbat,
1706 3409 1963 3475 caecavit;
1998 3417 2052 3463 et
2080 3411 2170 3481 qui

2277 3407 2488 3470 Παῦλος
2518 3407 2718 3479 ἀφῄρει
2747 3406 2843 3476 τὴν
2876 3405 3060 3476 βλέψιν
3087 3405 3192 3457 τῶν
3222 3404 3511 3475 ὀμμάτων,
3541 3403 3628 3456 καὶ
3648 3395 3800 3467 τυφλὸν

599 3491 728 3546 talia
759 3500 1132 3562 patraverunt,
1169 3508 1363 3562 poenas
1403 3494 1699 3552 dederunt.
1726 3494 1783 3551 Si
1818 3498 1986 3569 igitur
2013 3516 2170 3571 poena

2274 3499 2367 3554 τὸν
2417 3496 2681 3568 βλέποντα
2730 3496 3014 3567 εἰργάζετο
3037 3513 3051 3526 ·
3102 3495 3194 3549 καὶ
3243 3493 3475 3547 τοιαῦτα
3530 3492 3800 3564 πράττοντες

602 3596 668 3637 ac
696 3583 940 3639 vindicta
967 3585 1025 3639 in
1057 3585 1217 3641 malis
1250 3594 1597 3655 numeratur,
1633 3590 1764 3644 mali
1797 3598 1928 3646 sunt
1969 3594 2170 3650 Paulus

2278 3591 2375 3654 τὰς
2403 3589 2679 3660 ἐπιτιμίας
2711 3589 3024 3642 δεδώκασιν.
3064 3589 3127 3642 Εἰ
3159 3584 3252 3641 οὖν
3284 3588 3376 3640 ἐπὶ
3416 3586 3631 3648 ἀτόποις
3660 3586 3688 3654 ή
3713 3584 3800 3635 ἐπι-

600 3682 657 3730 et
684 3672 880 3731 Petrus
904 3695 915 3729 :
950 3675 1036 3732 sin
1069 3684 1250 3732 autem
1276 3678 1406 3732 boni
1429 3687 1581 3746 sunt,
1606 3681 1736 3751 quia
1768 3684 2002 3753 apostoli
2026 3694 2175 3754 sunt,

600 3767 731 3822 boni
760 3774 911 3833 sunt,
947 3769 1075 3838 quia
1112 3785 1304 3839 poenas
1331 3783 1651 3842 exegerunt.
1687 3772 1829 3839 Quid
1865 3790 2058 3846 poenas
2088 3793 2182 3832 ac-

598 3874 789 3922 cusas,
821 3860 988 3930 idque
1014 3862 1281 3930 apostolis
1311 3863 1645 3936 lrrogatione
1687 3881 1978 3937 ptenarum
2015 3870 2134 3926 usis
2159 3871 2183 3924 ?

602 3949 810 4016 Quodsi
840 3952 1120 4021 apostolos
1160 3953 1383 4023 quidem
1419 3959 1811 4026 approbamus,
1833 3974 2024 4029 poenas
2052 3975 2182 4016 vero

603 4040 1011 4111 improbamus:
1052 4057 1161 4097 non
1196 4044 1501 4100 decernunt
1533 4048 1619 4102 vel
1659 4049 1753 4118 jus
1801 4050 1993 4105 dicunt
2034 4051 2182 4121 leges

605 4132 909 4188 secundum
944 4150 1232 4204 personam
1255 4138 1323 4193 de
1359 4137 1558 4205 factis;
1589 4155 1699 4195 non
1722 4143 2027 4213 disceptant
2046 4160 2180 4200 con-

603 4231 687 4276 tra
713 4240 981 4295 personas
1009 4243 1023 4293 ;
1056 4227 1152 4283 sed
1193 4228 1563 4299 astipulantur
1596 4231 1943 4289 similitudini
1999 4235 2177 4292 facto-

602 4328 749 4369 rum.

2278 3680 2437 3752 τιμία
2480 3678 2837 3750 λαμϐάνεται,
2880 3677 3078 3739 ἄτοπος
3123 3676 3327 3745 Πέτρος
3382 3673 3483 3728 καὶ
3523 3670 3734 3732 Παῦλος·
3766 3667 3800 3717 εἰ

2281 3771 2338 3824 δὲ
2369 3768 2523 3823 καλοί
2552 3771 2709 3833 εἰσιν,
2750 3770 2831 3822 ὅτι
2863 3766 3149 3821 ἀπόστολοί
3182 3767 3285 3820 είσι
3305 3805 3320 3828 ,
3373 3766 3473 3819 καὶ
3502 3761 3645 3818 καλοί
3681 3760 3801 3815 εἰσιν,

2283 3863 2366 3917 ὅτι
2397 3862 2837 3932 ἐπιτετιμήκασι.
2870 3859 2935 3912 Τί
2972 3857 3276 3921 διαϐάλλεις
3299 3855 3395 3920 τὰς
3438 3854 3709 3925 ἐπιτιμίας,
3735 3846 3803 3901 καὶ

2281 3955 2390 4009 τῶν
2419 3953 2731 4008 ἀποστόλων
2762 3951 3065 4022 ἐπιτιμίαις
3096 3949 3490 4022 χρησαμένων;
3520 3950 3579 4003 El
3602 3946 3708 4006 τοὺς
3731 3940 3803 4012 μὲν

2282 4048 2615 4111 ἀποστόλους
2645 4044 3041 4116 ἀποδεχόμεθα,
3083 4044 3181 4107 τὰς
3228 4042 3285 4095 δέ
3329 4041 3605 4113 ἐπιτιμίας
3643 4032 3804 4108 μεμφόπ

2289 4140 2427 4212 μεθα
2457 4158 2470 4172 ’
2521 4140 2582 4192 οὐ
2636 4137 2779 4192 κατά
2828 4136 3116 4208 πρόσωπον
3175 4136 3225 4188 oi
3281 4134 3439 4206 νόμοι
3493 4132 3712 4204 κρίνουσι
3754 4121 3804 4174 τά

2285 4229 2622 4302 πράγματα,
2685 4227 2716 4298 ἢ
2768 4226 3118 4291 δικάζουσιν·
3177 4224 3237 4277 οὐ
3294 4223 3433 4295 πρὸς
3482 4223 3548 4276 τὰ
3591 4216 3805 4302 πρόσωπέι

2287 4301 2667 4395 ἐρεσχελοῢσι,
2692 4324 2760 4392 τῇ
2799 4320 2857 4373 δέ
2894 4319 3000 4373 τῶν
3038 4317 3288 4390 πράξεων
3326 4316 3598 4388 ὁμοιότητι
3631 4301 3804 4375 συντρέ·

2285 4430 2491 4487 χουσιν.

1195 4541 1324 4596 Car.
1365 4540 1481 4597 XV.
1514 4541 1877 4613 Evangelium,
1907 4546 2273 4605 misericordia
2293 4550 2526 4617 plenum.
2557 4549 2690 4615 Lex,
2721 4549 2909 4605 umbra
2937 4549 3260 4620 futurorum.

675 4651 784 4708 Sed
817 4669 1011 4708 rursus
1039 4652 1194 4707 aiunt
1222 4672 1234 4708 :
1266 4655 1590 4711 Misericors
1617 4664 1700 4711 est
1729 4655 1938 4726 Filius;
1971 4660 2170 4716 miserit

2367 4663 2528 4717 Ἀλλά
2574 4682 2738 4735 φησιν
2767 4680 2780 4693 ⁸
2844 4665 3118 4736 Ἐλεήμων
3159 4666 3188 4718 ό
3233 4663 3391 4728 Υἱὸς,
3428 4662 3665 4732 ἐλεήμων
3699 4659 3723 4711 ό
3754 4653 3803 4707 τὰ

601 4759 729 4801 cors
758 4746 853 4815 qui
882 4745 1175 4816 Evangelia
1202 4747 1426 4818 scripsit
1452 4765 1466 4815 ;
1513 4754 1568 4802 et
1596 4747 1694 4817 qui
1724 4749 2043 4806 misericors
2072 4761 2170 4818 est,

2287 4756 2599 4825 Εὑαγγέλια
2628 4757 2996 4830 γεγραφηκὼς
3022 4774 3035 4787 ·
3093 4759 3188 4811 καὶ⁵
3232 4759 3261 4811 ό
3324 4756 3566 4828 ἐλεήμων
3605 4745 3802 4821 γέννημά

602 4838 751 4892 ﬁlius
795 4844 879 4893 est
933 4838 1328 4896 misericordis.
1382 4840 1491 4896 Lex
1543 4857 1674 4898 vero
1723 4841 1859 4896 dura
1895 4853 1948 4898 et
1985 4859 2170 4913 aspera

2287 4849 2404 4906 ἐστι
2436 4847 2527 4902 τοῦ
2560 4850 2870 4921 ἐλεήμονος.
2912 4851 2971 4903 ’0
3013 4850 3069 4904 δὲ
3113 4850 3275 4920 νόμος
3314 4850 3534 4922 τραχὺς,
3576 4845 3631 4899 οὐ
3657 4856 3801 4910 συγγι-

603 4935 710 4995 est,
742 4945 854 4985 non
896 4946 1129 5000 parcens
1186 4932 1678 5004 delinquentibus:
1739 4935 2170 4991 misericordiam

2287 4937 2510 4992 νώσκων
2558 4943 2671 5004 τοῖς
2731 4942 3077 5013 ἡμαρτηκόσι
3099 4958 3115 4974 ο
3170 4939 3474 5011 σπλάγχνον
3522 4937 3577 4992 δὲ
3621 4934 3717 5006 ἔχει
3757 4925 3800 4980 τδ

603 5029 786 5076 autem
841 5021 1085 5076 continet
1134 5022 1510 5094 Evangelinm,
1557 5025 1703 5094 quod
1729 5026 1927 5081 delicta
1958 5027 2170 5097 quidem

2287 5030 2637 5100 Εὑαγγέλιον,
2685 5032 2969 5086 συστέλλον
3020 5033 3118 5105 μὲν
3163 5031 3263 5096 τὰς
3314 5028 3687 5103 πλημμελείας,
3729 5038 3799 5089 κηο

606 5119 845 5177 coercet,
888 5112 1241 5182 pmnitentias
1273 5132 1401 5171 vero
1432 5118 1712 5187 praedicat.
1761 5117 1939 5185 Ecce,
1971 5119 2170 5187 dicent,

2288 5120 2477 5192 ρύττον
2519 5122 2575 5175 δὲ
2614 5121 2713 5186 τὰς
2739 5122 3060 5193 Ῐμετοινοίας.
3118 5123 3249 5176 Ἰδοὺ
3295 5122 3405 5192 γὰρ
3444 5123 3472 5174 ὁ
3512 5115 3701 5185 Σωτὴρ,
3736 5108 3798 5160 λέ-

605 5203 801 5260 Petrns
836 5205 1075 5276 negavit,
1116 5215 1170 5261 et
1200 5205 1452 5263 Salvator
1508 5212 1772 5280 pepercit,
1807 5220 1862 5266 ct
1909 5229 2035 5268 eum
2085 5214 2170 5283 qui

2288 5211 2456 5279 ξουσι,
2491 5215 2583 5267 καὶ
2613 5214 2822 5284 Πέτρου
2849 5214 3224 5286 ἀρνησαμένου
3251 5214 3521 5283 ἐφείσατο,
3549 5208 3634 5263 καὶ
3662 5199 3796 5273 ἀμάρ-

608 5303 718 5348 tam
764 5311 929 5366 grave
976 5304 1264 5365 peccatum
1323 5299 1698 5366 commiserat,
1749 5301 2083 5369 dissimulat,
2123 5312 2170 5358 el

2284 5323 2435 5376 τημα
2496 5306 2816 5378 τηλικοῦτον
2875 5304 3379 5379 πεπλημμεληκότα
3438 5301 3681 5373 παρίησι,
3728 5286 3795 5343 καὶ

610 5388 790 5444 minas
840 5389 1148 5445 clementia:
1204 5388 1462 5459 subjecit,
1518 5399 1578 5445 ut
1623 5396 2053 5451 essetomnibus
2085 5411 2170 5466 per

2288 5399 2465 5469 ἁπλῆν
2496 5400 2593 5471 τὴν
2631 5400 3040 5473 φιλανθρωπίαν
3072 5397 3522 5472 προσπεποίηται,
3552 5390 3792 5454 ὑπόδειγμα

679 5565 724 5598 ⁸³
764 5563 829 5619 lV
865 5565 996 5637 Reg.
1034 5584 1086 5633 ι,
1129 5567 1215 5624 10.
1289 5568 1335 5599 ⁸⁸
1379 5566 1495 5622 Act.
1534 5570 1669 5635 xul',
1708 5571 1794 5636 10,
1833 5573 1918 5627 ll.

682 5718 792 5786 (ϐξ)
834 5723 1115 5789 δαπάνη..
1162 5722 1383 5778 παιδία.
1431 5722 1673 5794 Infantes
1718 5741 1887 5780 escam
1924 5738 1971 5780 et
2008 5728 2170 5782 conci:

2274 5744 2293 5781 η
2324 5728 2461 5783 ursis
2494 5739 2905 5798 ρναεραναυρνίιι.
2937 5728 3060 5787 Hauc
3098 5730 3152 5787 in
3185 5731 3431 5788 versione
3456 5729 3657 5787 omissa.
