4038 6288
274 407 412 467 1243

1254 378 1625 472 ADVERSUS
1663 407 2087 468 nuncusos
2121 412 2252 469 LIB.
2292 412 2374 472 Ill.

3373 416 3511 473 12.16

266 528 359 581 τὸν
389 525 556 598 ἄνδρα
581 525 744 579 παντί
771 524 847 597 τῷ
884 525 981 597 βίῳ
1011 526 1431 593 καταλελοιπὼς,
1464 527 1551 581 ἵνα
1581 526 1683 598 τῆς
1712 527 1824 602 ἐαυ·

1943 525 2255 584 universam
2291 529 2457 585 vitam
2512 529 2820 601 exemplum
2874 538 2929 587 et
2983 531 3164 602 imago
3210 530 3512 591 clementiae

264 616 361 673 τοῦ
387 617 794 690 φιλανθρωπίας
820 619 1001 672 εἰκόνα
1050 620 1252 673 ἐκεῖνον
1285 619 1564 693 παράσχῃ.
1600 618 1665 672 Τί
1691 600 1783 671 οῦν
1808 619 1824 671 ί

1946 613 2267 676 Salvatoris.
2303 618 2447 687 Quid
2495 600 2687 691 igitur,
2717 621 2845 678 lex?
2903 638 2972 677 an
3006 600 3156 677 caret
3204 622 3511 680 imitatione

264 710 468 783 νόμος;
503 707 611 783 ἆρα
648 711 843 783 ἀπορεῖ
873 711 973 782 τῆς
1017 713 1316 783 μιμήσεως,
1364 711 1458 765 καὶ
1506 708 1836 782 κατάλληλον

264 802 449 858 εἰκόνα
480 802 579 857 οὐκ
608 801 752 873 ἐχει;
787 802 897 856 Καὶ
928 802 1132 876 Πέτρος
1163 803 1278 873 μὲν⁴
1304 803 1588 867 σπουδαῖος
1616 801 1711 867 ὣν,
1742 801 1836 855 καὶ

266 893 509 961 σφαλεὶς,
550 894 742 965 ἀφέσει
791 895 887 948 καὶ
929 896 1267 967 συγχωρήσει
1303 895 1623 968 τετίμηται*
1661 893 1835 958 οὐδεὶς

263 986 320 1039 δὲ
350 988 407 1039 ἐν
442 985 520 1057 τῷ
551 987 720 1058 νόμῳ,
757 986 1180 1058 πλημμελήσας,
1212 988 1305 1041 καὶ
1343 988 1485 1060 μέγα
1514 985 1836 1058 πλημμελή-

267 1094 387 1141 σας,
427 1078 493 1148 τῇ
525 1077 779 1149 μετανοίᾳ
810 1077 907 1148 τὴν
945 1078 1136 1148 ἄφεσιν
1180 1078 1597 1150 ἐμνηστεύσατο.
1636 1078 1699 1130 Εἰ
1736 1077 1833 1149 μὲν

264 1169 374 1243 γὰρ
402 1169 706 1239 ἀγνοοῦσιν,
734 1170 966 1242 ἐροῦμεν
999 1170 1059 1223 τὺ
1085 1170 1466 1243 γεγραμμένον
1483 1187 1499 1204 ο
1541 1169 1833 1237 Ἐλέησόν

256 1278 356 1333 με,
399 1265 433 1317 ὀ
472 1261 637 1331 Θεὸς,
678 1262 827 1317 κατὰ
862 1261 928 1315 τὸ
969 1260 1123 1332 μέγα
1166 1262 1339 1328 ἔλεός
1366 1276 1512 1315 σου’
1556 1260 1833 1315 καὶκατὰ

258 1353 327 1407 τὸ
364 1353 598 1423 πλῆθος
632 1352 751 1408 τῶν
773 1353 1086 1422 οἰκτιρμῶν
1106 1370 1221 1408 σου
1245 1352 1571 1421 ἑξάλειψον
1600 1353 1666 1406 τὸ
1686 1352 1830 1407 ἀνό-

252 1443 422 1514 μημά
445 1462 564 1514 μου
584 1459 599 1474 ⁸
638 1443 733 1497 ἐπὶ
756 1442 968 1497 πλεῖον
994 1443 1233 1497 πλῦνάν
1263 1460 1340 1513 με
1369 1442 1489 1496 ἀπὸ
1530 1441 1640 1511 τῆς
1686 1441 1829 1496 ἀνο-

251 1539 397 1606 μίας
414 1554 556 1605 μου,
598 1535 697 1590 καὶ
720 1535 836 1590 ἀπὸ
877 1535 989 1605 τῆς
1021 1536 1307 1605 ἁμαρτίας
1340 1553 1460 1605 μου
1503 1533 1832 1603 καθάρισόν

252 1638 349 1706 με.
381 1626 482 1680 Σοί
517 1627 682 1696 μόνῳ
705 1624 987 1695 ἥμαρτον,
1023 1627 1122 1681 καὶ
1164 1626 1229 1680 τὸ
1272 1626 1540 1696 πονηρὸν
1575 1626 1831 1682 ἐνώπιόν

255 1734 372 1774 σου
404 1720 681 1789 ἐποίησα.
729 1722 794 1774 Εἰ
838 1719 896 1774 δὲ
944 1722 1110 1785 ἴσασι,
1154 1722 1223 1792 τῇ
1272 1720 1582 1793 κακομυθία
1630 1723 1830 1793 ἐχεμυ-

256 1810 457 1866 θοῦσιν.

1941 709 2196 778 exempli,
2228 718 2282 766 et
2313 726 2425 766 non
2455 710 2620 765 habet
2654 710 2943 784 imaginem
2969 728 3155 785 parem
3188 720 3243 769 et
3271 713 3397 770 huic
3420 729 3509 771 re-

1941 800 2339 871 spondentem?
2367 804 2446 858 Ac
2471 803 2668 860 Petrus
2695 806 2916 876 quidem
2950 807 3133 862 studio
3163 806 3387 862 virtutis
3408 808 3508 881 de:

1939 891 2111 957 ditus,
2142 901 2197 948 et
2223 894 2434 965 lapsus,
2464 897 2623 950 venia
2663 905 2718 952 et
2755 897 3159 953 condonatione
3200 899 3507 955 honoratus

1938 992 2024 1040 est
2049 1003 2062 1039 :
2095 986 2148 1038 in
2178 986 2294 1056 lege
2328 993 2509 1041 autem
2539 996 2700 1043 nemo
2722 994 2845 1058 post
2874 996 3184 1058 peccatum,
3204 994 3258 1044 et
3281 988 3506 1058 quidem

1939 1091 2219 1149 magnum,
2248 1079 2463 1133 veniam
2500 1080 2602 1136 sibi
2636 1097 2731 1151 per
2764 1080 3138 1151 ptenitentiam
3169 1081 3503 1137 conciliavit.

1941 1166 1999 1221 Si
2031 1169 2177 1223 enim
2212 1170 2490 1241 ignorant,
2518 1172 2874 1227 recitabimus
2903 1171 3049 1241 quod
3083 1172 3347 1243 scriptum
3376 1181 3462 1229 est
3488 1192 3503 1229 :

1942 1257 2197 1315 Miserere
2222 1261 2356 1329 mei,
2392 1260 2527 1316 Deus
2550 1302 2565 1326 ,
2618 1262 2903 1316 secundum
2927 1279 3175 1332 magnam
3208 1252 3506 1318 misericor-

1937 1349 2086 1404 diam
2120 1361 2287 1407 tuam.
2337 1352 2407 1406 Et
2444 1352 2729 1408 secundum
2761 1354 3154 1410 multitudinem
3200 1357 3500 1410 miseratio-

1937 1459 2061 1497 num
2096 1453 2310 1497 tuarum
2332 1444 2449 1498 dele
2479 1445 2810 1515 iniquitatem
2841 1461 3029 1499 meam.
3083 1444 3330 1515 Amplius
3384 1445 3506 1499 lava

1936 1549 2018 1587 me
2048 1532 2113 1586 ab
2144 1533 2422 1603 iniquitate
2449 1550 2586 1601 mea,
2624 1543 2673 1586 et
2718 1551 2751 1588 a
2784 1545 2995 1605 peccato
3021 1552 3133 1590 meo
3162 1536 3359 1590 munda
3399 1553 3500 1593 me.

1939 1624 2056 1679 Tibi
2085 1625 2187 1681 soli
2219 1625 2446 1695 peccavi,
2476 1635 2527 1680 et
2550 1626 2751 1679 malum
2779 1642 2959 1680 coram
3003 1635 3050 1681 te
3083 1627 3183 1696 feci
3211 1628 3282 1680 °°.
3319 1628 3374 1682 Si
3405 1644 3503 1682 au-

1935 1725 2045 1773 tem
2080 1732 2192 1772 non
2222 1716 2501 1788 ignorant,
2542 1718 2638 1773 sed
2673 1718 2878 1784 sciunt,
2916 1717 3195 1775 silentium
3233 1726 3419 1774 tenent
3444 1719 3503 1773 in

1935 1810 2079 1863 malo
2108 1823 2380 1866 sermone.

336 1903 563 1974 Ἀδελφὰ
588 1899 678 1959 οὖν
707 1904 775 1959 τά
803 1906 1104 1978 πράγματα
1122 1924 1138 1939 θ
1169 1906 1352 1978 ὅμοιαι
1387 1908 1442 1960 αἰ
1476 1905 1681 1970 εἰκόνες
1699 1924 1712 1937 ·
1737 1907 1824 1961 καί

2003 1900 2261 1972 Cognatae
2278 1901 2443 1971 igitur
2469 1907 2526 1957 et
2542 1913 2815 1972 germanae
2836 1907 2963 1953 sunt
2981 1914 3093 1967 res,
3128 1898 3340 1956 similes
3365 1899 3502 1954 ima-

251 1987 357 2051 ὦδε
396 1994 495 2066 μὲν
537 1996 763 2069 Πέτρος,
802 1999 920 2051 ἐκεῖ
960 1998 1017 2052 δὲ
1060 2000 1089 2051 6
1140 1998 1497 2072 ίεροψάλτης·
1549 1999 1696 2063 ὅπως
1734 2000 1830 2054 καὶ¹

256 2088 506 2158 μεγάλων
538 2088 842 2162 ἀνθρώπων
872 2089 1141 2162 πτώματα
1188 2090 1455 2163 μεγάλαις
1497 2093 1590 2146 καί
1617 2110 1830 2163 συγχω-

257 2180 478 2250 ρήσεσιν
529 2180 651 2253 ἰαθῇ
676 2198 689 2212 ·
736 2181 831 2236 καὶ
882 2184 998 2247 τοῖς
1048 2184 1258 2253 μεγάλα
1305 2183 1604 2255 ἡτοπηκόσι
1659 2184 1831 2255 μέγας

252 2272 349 2325 καὶ
385 2274 413 2325 6
457 2273 746 2345 γενόμενος
790 2274 959 2338 ἕλεος.
1010 2276 1072 2329 Εἰ
1115 2275 1214 2346 μὲν
1253 2271 1343 2330 οὖν
1392 2275 1829 2348 θαυμάζουσιτά

251 2364 579 2433 Εὑαγγέλια,
629 2367 711 2420 ὅτι
751 2366 958 2438 Πέτρος
998 2366 1202 2439 ἠλεήθη
1224 2385 1238 2399 ο
1274 2366 1720 2438 θαυμαζέτωσαν,
1747 2369 1829 2423 ὅτι

252 2454 348 2507 καὶ
380 2455 543 2508 Δαόἰδ
569 2456 794 2528 ἡλέηται
816 2474 828 2487 ο
852 2458 901 2509 εί
933 2457 989 2511 δὲ
1019 2456 1319 2519 αἰτιῶνται,
1351 2458 1433 2511 ὅτι
1476 2456 1612 2530 μετά
1638 2458 1829 2512 τοσάδε

251 2544 351 2597 οὐκ
391 2544 584 2616 ἀφείθη
637 2547 665 2598 ό
714 2545 899 2611 Δαδίδ,
945 2545 1063 2598 οὐδὲ
1111 2545 1364 2615 φεύξεται
1404 2545 1470 2598 δι’
1496 2545 1691 2609 αὐτοὺς
1731 2543 1829 2616 τὴν

252 2635 431 2690 αἰτίαν
480 2637 599 2691 οὐδὲ
645 2640 673 2692 6
722 2638 959 2710 Πέτρος·
1011 2638 1105 2691 καὶ
1154 2636 1293 2703 δόξει
1342 2638 1440 2709 μὲν
1482 2637 1621 2691 κατά
1666 2637 1827 2709 μόνου

250 2724 415 2779 Δαϐὶδ
439 2722 634 2798 εἷναιή
669 2727 843 2791 αἰτία,
869 2729 935 2798 τῇ
969 2726 1026 2781 δὲ
1057 2726 1280 2798 δυνάμει
1322 2727 1827 2799 κατηγορηθήσεται

253 2817 346 2871 καί
371 2819 398 2871 6
427 2817 632 2890 Πέτρος
666 2820 732 2891 τῇ
773 2819 910 2891 αὐτῇ
957 2819 1283 2891 κατηγορίᾳ.
1329 2820 1393 2873 Ei
1447 2819 1504 2872 δὲ
1542 2820 1825 2891 φήσουσιν,

249 2909 334 2962 ὅτι
365 2909 504 2981 καλὴ
550 2909 649 2981 μὲν
692 2912 726 2980 ἠ
776 2909 1139 2983 συγχώρησις,
1182 2910 1343 2984 μέχρι
1370 2910 1426 2964 δὲ
1470 2911 1652 2982 ἐνὸςή
1700 2927 1829 2979 συγ-

250 2999 492 3071 χώρησις
534 3000 626 3054 τοῦ
670 3000 899 3055 παλαιοῦ
931 3002 1096 3072 νόμου
1145 3000 1366 3072 ἔφθασε,
1408 3001 1615 3073 πληθυς
1651 3002 1709 3056 δὲ
1740 3002 1828 3055 ἐν·

247 3089 423 3142 ταῦθα
484 3092 915 3162 συγχωρήσεως.
976 3090 1070 3145 καὶ
1120 3091 1355 3160 πέλαγος
1408 3092 1683 3161 ἀφέσεως,
1732 3091 1826 3145 καὶ

249 3183 399 3255 φωνή
441 3185 556 3237 ἐστι
604 3183 926 3257 βεϐοηκυῖα·
985 3184 1164 3239 Δεῦτε
1207 3183 1357 3253 πρὸς
1390 3183 1488 3254 μὲ,
1521 3183 1743 3249 πάντες
1770 3187 1824 3238 οί

249 3272 575 3338 κοπιῶντες
624 3275 720 3328 καὶ
761 3272 1239 3344 πεφορτισμένοι,
1289 3272 1449 3343 κάγὼ
1495 3274 1823 3327 ἀναπαύσω

247 3360 435 3430 ὑμᾶς’
471 3362 867 3433 ἀναγνώτωσαν
898 3363 966 3416 τὰ
995 3362 1218 3427 παλαιὰ,
1254 3364 1347 3416 καὶ
1383 3362 1565 3433 θαῦμα
1590 3361 1700 3415 τῶν
1726 3379 1819 3431 γε-

246 3453 583 3525 γραμμένων
604 3453 1047 3526 λαμϐανέτωσαν.

317 3630 381 3682 Εἰ
407 3629 465 3682 δὲ
495 3629 562 3684 δι’
590 3629 953 3702 ἀμελετησίαν
978 3634 1090 3694 τοῖς
1106 3629 1426 3702 γράμμασιν
1454 3631 1695 3701 ἐντυχεῖν
1722 3632 1822 3686 οὐκ

245 3718 543 3789 ἀνέχονται,
596 3720 875 3773 κάνταῦθα
912 3721 1012 3790 τῆς
1059 3721 1239 3785 αἰτίας
1283 3720 1489 3792 ταύτης
1546 3722 1822 3776 ἀπαλλατ-

245 3808 506 3865 τέτωσαν.
544 3811 603 3863 Ὀ
648 3811 839 3883 Σωτὴρ
884 3811 1066 3880 λέγει’
1111 3812 1320 3877 Δεῦτε,
1366 3811 1589 3878 πάντες
1619 3816 1676 3868 οἱ
1718 3832 1820 3868 κο-

246 3900 503 3968 πιῶντες
570 3899 671 3955 καὶ
721 3898 1218 3969 πεφορτισμένοι,
1274 3898 1436 3969 κάγὼ
1489 3901 1821 3955 ἀναπαύσω

244 3992 430 4065 ὑμᾶς·
484 3993 674 4047 οὐδένα
739 3991 954 4064 παρεὶς,
988 3991 1189 4063 μηδένα
1238 3991 1550 4057 ἀπολιπὼν,
1613 3992 1820 4056 πάντας

246 4084 574 4159 περιλαϐών.
617 4085 675 4140 Ὀ
696 4084 751 4137 δὲ
772 4084 1090 4155 ἱεροψάλτης
1114 4083 1291 4153 λέγει’
1324 4082 1525 4139 Πάντα
1553 4083 1629 4139 τὰ
1651 4084 1817 4153 ἔθνη,

244 4176 578 4246 κροτήσατε
599 4177 803 4249 χεῖρας
822 4196 836 4210 ·
872 4179 965 4232 καί
991 4178 1151 4233 πάλιν
1172 4196 1186 4209 ·
1234 4178 1649 4242 Ἐνωτίσασθε,
1678 4175 1821 4231 πάν-

243 4286 342 4336 τες
380 4271 436 4323 οἱ
458 4271 877 4337 κατοικοῦντες
927 4274 1044 4339 τὴν
1074 4268 1453 4340 οἰκουμένην,
1487 4271 1545 4323 οἵ
1575 4287 1639 4323 τε
1657 4286 1819 4340 γηγε-

242 4360 369 4425 νεῖς
383 4360 482 4414 καὶ
501 4361 617 4415 υἱοί
642 4360 763 4416 τῶν
776 4362 1119 4431 ἀνθρώπων,
1140 4362 1237 4415 ἐπί
1263 4360 1329 4415 τὸ
1354 4360 1501 4415 αὐτὸ
1522 4362 1818 4428 πλούσιος

243 4453 342 4507 καὶ
369 4453 581 4523 πένης.
607 4455 817 4519 Πάντες
844 4455 904 4521 ἐξ
940 4455 1294 4525 Εὑαγγελίου,
1327 4453 1531 4518 πάντες
1557 4455 1620 4507 ἐκ
1653 4453 1816 4525 νόμου

242 4546 573 4618 κεκίνηνται·
599 4548 787 4602 οὐδένα
804 4549 1163 4620 παραλέλοιπε
1176 4548 1234 4602 τὸ
1253 4546 1579 4617 Εὑαγγέλιον
1598 4564 1612 4577 ’
1630 4546 1818 4601 οὐδένα

243 4638 452 4709 ἀφῆκεν
512 4640 540 4692 6
591 4637 772 4709 νόμος.
838 4638 1063 4709 Ἔδόησε
1095 4639 1156 4693 τὸ
1197 4638 1565 4708 Εὑαγγέλιον·
1623 4639 1815 4691 Μετα-

240 4728 449 4793 νοεῖτε,
474 4728 680 4799 ﬁmus
702 4730 813 4800 γὰρ
841 4731 879 4798 ἡ
896 4730 1184 4795 ,ϐασιλεία
1211 4731 1330 4785 τῶν
1355 4730 1644 4799 οίιρανῶν.
1673 4730 1817 4803 Πρὸς

240 4822 449 4886 πάντας
481 4823 660 4893 ἀφῆκε
693 4822 788 4894 τὴν
833 4824 1047 4895 ὁμιλίαν
1100 4824 1323 4895 ταύτην.
1359 4826 1616 4878 Πταίουσι
1651 4823 1820 4877 διελέ-

240 4933 366 4984 γετο
389 4934 402 4946 ·
440 4914 798 4987 ἐσφαλμένοις
853 4915 1078 4987 ώμίλει’
1114 4918 1215 4989 ἤδη
1260 4918 1485 4971 θάνατον
1514 4916 1816 4987 ὀφείλουσιν

238 5008 565 5078 ἐφθέγγετο’
619 5008 926 5080 ἐλευθερίαν
981 5009 1070 5063 διὰ
1118 5009 1215 5063 τοῦ
1256 5011 1608 5083 κηρύγματος
1680 5025 1816 5081 προ·-

238 5117 375 5172 εμνη
383 5100 618 5155 πεύετο.

323 5192 663 5265 Ἐπεδήμησε
687 5195 782 5248 καὶ
832 5195 1015 5252 Ἰωνᾶς
1058 5196 1116 5249 ἐν
1142 5197 1207 5267 τῇ
1248 5194 1454 5259 Νινευῖ,
1486 5197 1545 5248 ἐν
1577 5193 1729 5247 πόλει
1750 5194 1813 5247 οὐ

243 5285 434 5356 μικρᾷ,
467 5286 525 5337 ἐν
557 5284 699 5338 ἔθνει
736 5285 1167 5359 πολυανθρώπῳ.
1199 5286 1309 5360 Τὴν
1352 5287 1578 5359 ἀπειλὴν
1612 5285 1809 5351 ἔδειξε’

238 5376 334 5446 τὴν
362 5376 642 5447 ἐπιτιμίαν
672 5378 772 5431 οὐκ
799 5376 1105 5446 ἐσιώπησεν
1128 5397 1142 5411 ’
1175 5380 1369 5453 ἐϐόησε
1393 5379 1708 5453 πληκτικῶς
1735 5378 1813 5451 τῷ

237 5467 398 5540 λόγῳ.
431 5466 553 5523 Εἴδε
575 5471 699 5535 τοὺς
721 5471 916 5543 ἄνδρας
934 5489 948 5503 ⁸
976 5473 1056 5537 εἰς
1075 5473 1362 5544 μετάθεσιν
1381 5473 1610 5545 ἣνεγκεν
1631 5488 1645 5505 ·
1672 5473 1807 5527 ἀπο-

235 5555 426 5621 λύτους
460 5558 562 5629 τῆς
608 5561 881 5632 ἁμαρτίας
934 5563 1245 5634 εἰργάσατο.
1301 5564 1364 5617 ’Π
1400 5561 1811 5635 προκατηγγελ-

236 5647 373 5720 μένη
400 5650 648 5722 ἐπιτιμία
680 5649 851 5723 ᾤχετο
868 5669 882 5683 ’
910 5652 1057 5719 ἕλεος
1079 5653 1344 5725 διεδέχετο
1362 5672 1375 5686 ’
1407 5654 1467 5708 τὸ
1482 5652 1809 5726 ζητούμενον

308 5828 355 5862 ⁹⁰
397 5830 536 5887 Ρεςὶῐ.
577 5849 641 5901 1.,
677 5836 730 5900 5,
768 5836 829 5894 4.
870 5835 922 5891 6.

1849 3241 1891 3298 C

1929 1993 2084 2065 gines
2120 2011 2134 2047 :
2180 2001 2343 2060 atque
2369 1992 2457 2048 hic
2487 1992 2709 2063 quidem
2736 1990 2934 2048 Petrus
2954 2032 2970 2058 ,
3008 1991 3120 2046 illic
3143 2006 3275 2047 vero
3306 1990 3500 2060 David;

1932 2096 1991 2140 ut
2025 2098 2348 2156 magnorum
2386 2084 2628 2139 virorum
2683 2083 2871 2155 lapsus
2901 2099 3097 2155 magna
3131 2083 3298 2139 etiam
3340 2082 3503 2139 venia

1930 2187 2195 2233 curentur
2223 2216 2239 2242 ,
2271 2185 2328 2231 et
2365 2175 2433 2231 iis
2464 2175 2558 2246 qui
2589 2175 2830 2246 graviter
2871 2174 3254 2245 deliquerunt,
3305 2188 3503 2244 magna

1929 2269 2093 2323 etiam
2124 2266 2504 2325 misericordia
2532 2266 2738 2322 tributa
2763 2268 2856 2323 sit.
2888 2265 2947 2321 Si
2976 2266 3146 2338 igitur
3161 2265 3503 2321 admirantur

1929 2361 2243 2432 Evangelia,
2274 2359 2402 2431 quia
2432 2358 2630 2414 Petrus
2686 2358 3126 2414 misericordiam
3168 2362 3501 2413 consecutus

1929 2461 2048 2508 est:
2081 2451 2424 2508 admirentur
2446 2451 2614 2506 etiam
2645 2450 2841 2521 legem,
2877 2450 3005 2520 quia
3043 2457 3099 2503 et
3130 2449 3294 2504 David
3336 2449 3501 2505 mise-

1929 2544 2222 2599 ricordiam
2255 2544 2485 2612 adeptus
2513 2550 2617 2598 est.
2653 2541 2712 2597 Si
2759 2551 2942 2597 autem
2992 2542 3163 2613 legem
3198 2549 3500 2608 accusant,

1928 2636 2056 2707 quia
2085 2642 2209 2707 post
2249 2640 2403 2689 tanta
2429 2634 2628 2690 delicta
2653 2649 2763 2689 non
2799 2641 2883 2691 est
2912 2632 3085 2688 David
3114 2633 3242 2688 data
3291 2633 3453 2689 venia
3480 2650 3498 2701 ;

1927 2740 2106 2796 neque
2142 2724 2338 2779 Petrus
2369 2724 2626 2794 opinione
2645 2740 2860 2789 eorum,
2892 2726 3170 2795 querelam
3192 2733 3245 2778 et
3271 2736 3502 2778 accusa-

1928 2820 2130 2874 tionem
2160 2817 2380 2889 eﬂ‘ugiet
2406 2834 2419 2869 :
2451 2827 2507 2873 et
2529 2817 2807 2873 videbitur
2832 2815 3053 2887 quidem
3097 2824 3287 2870 contra
3320 2814 3500 2870 solum

1928 2909 2098 2965 David
2122 2910 2267 2964 facta
2298 2910 2612 2977 accusatio;
2644 2908 2740 2964 sed
2785 2910 2967 2979 reipsa
3018 2909 3210 2964 eadem
3267 2922 3500 2965 accusa-

1927 3002 2077 3056 tione
2115 3001 2471 3056 accusabitur
2512 3000 2732 3057 Petrus.
2768 2999 2828 3055 Si
2863 3009 3046 3055 autem
3083 3000 3361 3068 dixerint,
3403 3001 3500 3056 bo-

1926 3109 2051 3148 nam
2085 3094 2305 3165 quidem
2338 3109 2462 3150 esse
2491 3094 2730 3159 veniam,
2768 3093 2864 3150 sed
2886 3094 3101 3150 veniam
3130 3095 3332 3151 veteris
3360 3094 3498 3165 legis

1926 3204 2102 3258 usque
2136 3188 2204 3242 ad
2240 3204 2409 3242 unum
2437 3188 2745 3258 pertigisse,
2766 3187 2820 3241 in
2843 3186 3136 3257 Evangelia
3157 3194 3336 3241 autem
3364 3185 3501 3239 mul-

1927 3286 2036 3332 tam
2068 3294 2193 3335 esse
2221 3279 2458 3344 veniam,
2481 3287 2535 3334 et
2554 3279 2781 3349 pelagus
2806 3278 3265 3342 condonationis;
3302 3287 3354 3332 et
3386 3277 3500 3331 cla—

1923 3377 2036 3423 mat
2064 3370 2139 3424 ibi
2172 3368 2459 3425 Salvator:
2504 3370 2688 3425 Venite
2722 3371 2790 3422 ad
2827 3385 2928 3432 me,
2969 3384 3147 3423 omnes
3171 3369 3261 3438 qui
3288 3368 3501 3422 labora-

1926 3459 1993 3511 tis
2023 3466 2073 3511 et
2102 3459 2307 3512 onerati
2348 3460 2497 3527 estis,
2535 3467 2585 3513 et
2636 3476 2729 3530 ego
2764 3459 3002 3528 reficiam
3052 3475 3142 3513 vos
3182 3458 3256 3524 ",
3310 3458 3499 3527 legant

1922 3558 2197 3615 vctera,et
2220 3551 2414 3606 subeat
2441 3550 2734 3606 admiratio
2761 3567 2952 3606 eorum
2977 3566 3098 3622 quae
3117 3550 3323 3622 scripta
3344 3560 3495 3607 sunt.

1995 3639 2051 3697 Si
2105 3650 2287 3697 autem
2335 3652 2559 3715 propter
2607 3642 3040 3698 dissuetudinem
3091 3642 3498 3700 exercitationis

1923 3732 2119 3787 nolunt
2141 3732 2319 3803 legere
2346 3734 2575 3803 scripta,
2600 3731 2770 3787 etiam
2805 3731 2897 3787 hic
2919 3731 3176 3787 desinant
3205 3745 3493 3788 accusare.

1924 3824 2176 3880 Salvator
2207 3825 2377 3882 dicit:
2421 3823 2602 3879 Venite
2636 3823 2707 3878 ad
2756 3841 2857 3887 me,
2904 3841 3079 3880 omnes
3123 3825 3213 3895 qui
3237 3823 3495 3878 laboratis

1922 3926 1971 3969 et
1996 3916 2201 3970 onerati
2232 3916 2379 3979 estis,
2423 3925 2472 3968 et
2491 3931 2585 3984 ego
2612 3915 2849 3985 reﬁciam
2888 3931 2976 3970 vos
3004 3930 3023 3968 :
3055 3914 3330 3969 neminem
3357 3928 3497 3983 prte-

1921 4006 2175 4069 tcrmisit,
2214 4006 2483 4061 neminem
2532 4007 2773 4077 reliquit,
2806 4020 2998 4062 omnes
3024 4006 3342 4077 complexus
3371 4011 3493 4060 est:

1922 4097 2093 4152 David
2123 4113 2250 4153 vero
2282 4100 2358 4152 ait
2387 4115 2401 4152 :
2432 4096 2623 4153 Omnes
2650 4108 2847 4169 gentes,
2884 4097 3121 4168 plaudite
3160 4097 3404 4151 manibus
3425 4098 3493 4152 ⁹⁹.

1921 4189 1988 4245 Ει
2026 4205 2220 4246 rursus
2252 4208 2266 4244 :
2312 4188 2546 4244 Auribus
2591 4192 2858 4261 percipite,
2886 4207 3063 4246 omnes
3103 4192 3195 4262 qui
3236 4190 3494 4244 habitatis

1922 4284 2120 4352 orbem,
2149 4284 2338 4355 quique
2372 4284 2643 4354 terrigena:
2684 4292 2732 4338 et
2786 4284 2890 4354 ﬁlii
2930 4285 3221 4350 hominum,
3247 4282 3409 4337 simul
3438 4282 3497 4337 in

1920 4393 2083 4431 unum
2121 4376 2262 4431 dives
2286 4385 2336 4432 et
2385 4392 2582 4445 pauper
2598 4374 2665 4430 ⁸³.
2698 4375 2900 4432 Omnes
2931 4376 2986 4430 in
3023 4375 3320 4447 Evangelio
3343 4373 3495 4430 exci-

1921 4470 2022 4525 tati
2054 4476 2216 4535 sunt,
2252 4484 2444 4525 omnes
2484 4470 2539 4524 in
2576 4470 2712 4542 lege.
2748 4467 3029 4524 Neminem
3062 4468 3283 4538 reliquit
3315 4466 3495 4521 Evan-

1848 4588 1893 4643 Ι)
1922 4564 2155 4635 gelium,
2196 4562 2470 4618 neminem
2527 4563 2613 4617 lex
2666 4562 2871 4616 omisit.
2930 4560 3198 4616 Clamavit
3245 4559 3494 4630 Evange-

1918 4659 2073 4721 lium,
2090 4657 2237 4727 Agite
2259 4655 2637 4725 paenitentiam,
2658 4654 3086 4725 appropinquavit
3113 4653 3263 4707 enim'
3278 4668 3497 4723 regnum

1919 4748 2251 4805 caelorum”.
2278 4746 2545 4802 Omnibus
2564 4746 2772 4801 dimisit
2795 4746 2934 4800 hanc
2957 4743 3492 4811 sermocinationem;

1918 4857 2044 4897 cum
2064 4838 2514 4910 delinquentibus
2549 4838 2897 4909 loquebatur,
2927 4852 3052 4891 cum
3074 4836 3243 4906 lapsis
3281 4848 3497 4890 sermo-

1917 4948 2044 4988 nem
2098 4930 2371 4997 habebat,
2422 4945 2545 4984 cum
2572 4930 2641 4985 iis
2686 4929 2777 5000 qui
2831 4928 2944 4998 jam
2984 4935 3139 4982 erant
3165 4926 3244 4982 rei
3275 4924 3492 4990 mortis,

1917 5019 2265 5091 loquebatur,
2293 5018 2599 5073 libertatem
2641 5033 2739 5089 per
2767 5016 3203 5088 prtedicationem
3247 5029 3496 5086 praecon-

1920 5111 2160 5167 ciliabat.

1991 5198 2279 5255 Proiectus
2322 5206 2409 5255 cst
2442 5196 2612 5253 Jonas
2644 5196 2915 5263 Ninivem,
2956 5214 3077 5269 qua:
3123 5204 3243 5254 erat
3295 5197 3492 5253 civitas

1920 5306 2031 5346 non
2070 5304 2258 5359 parva,
2290 5296 2345 5344 et
2376 5304 2571 5360 magna
2613 5289 2855 5360 gentium
2890 5289 3197 5361 frequentia
3224 5286 3490 5342 habitata.

1921 5379 2109 5435 Edidit
2140 5379 2645 5448 comminationem,
2693 5395 2802 5435 non
2840 5382 3058 5437 reticuit
3086 5391 3326 5448 poenam,
3375 5376 3492 5432 cla-

1918 5472 2108 5537 mavit,
2159 5472 2455 5540 perterruit
2499 5488 2775 5528 sermone.
2809 5471 2960 5528 Vidit
2997 5470 3167 5534 viros,
3199 5467 3270 5522 ad
3306 5474 3491 5522 muta-

1918 5561 2122 5616 tionem
2174 5561 2300 5616 vitte
2342 5561 2577 5633 impulit,
2626 5560 2758 5617 fecit
2800 5569 2860 5615 ut
2896 5566 3181 5630 peccatum
3230 5558 3488 5630 repudia-

1919 5660 2062 5709 rent.
2101 5650 2475 5708 Praanuntiata
2515 5651 2866 5710 comminatio
2904 5649 3057 5717 abiit,
3089 5649 3357 5706 successit
3380 5650 3489 5705 mi-

1035 5838 1077 5872 “
1121 5838 1311 5895 Matth.
1348 5855 1435 5908 xl,
1471 5838 1560 5896 26.
1640 5842 1683 5875 ⁹²
1723 5838 1824 5899 Psa

1925 5856 2076 5911 ILVI,
2114 5841 2169 5899 2.
2248 5842 2291 5877 ⁸³
2327 5841 2476 5900 Psal.
2514 5839 2784 5910 xtvmﬂ,
2832 5835 2884 5893 5.
2980 5835 3027 5869 "
3066 5834 3253 5892 Matth.
3295 5851 3354 5891 in
3379 5874 3395 5905 ,
3426 5832 3481 5889 2.
