4038 6288
651 399 791 458 1247
1814 395 1948 450 TITI
1988 394 2410 452 BOSTllENSIS
2442 393 2645 450 EPISO

2308 394 2410 450 SIS
2442 393 2748 452 EPISCOF]
3747 402 3848 460 l2-l8

650 515 970 572 sericordia.
1000 511 1225 566 Factum
1269 520 1354 567 est
1386 511 1556 582 quod,
1590 521 1650 566 ut
1673 511 1847 571 lieret.
1883 511 2211 566 curabatur:
2248 517 2290 572 Α
2321 509 2543 579 γέγονεν
2564 527 2578 540 ο
2610 527 2645 564 οε

2321 509 2543 579 γέγονεν
2564 527 2578 540 ο
2610 511 2669 564 οὐ
2699 511 2808 582 γὰρ
2833 513 2866 582 ἡ
2894 511 3002 564 τῶν
3021 509 3322 582 ἀνθρώπων
3346 511 3620 584 ἀναίρεσις
3635 511 3844 582 ἐζητεῖτο,

648 619 760 660 non
797 604 940 659 enim
978 604 1232 658 interitus
1282 603 1654 673 quaerebatur,
1703 601 1802 658 sed
1841 601 2073 657 mutatio
2108 617 2220 656 mo-
2321 601 2495 674 ἀλλ’ἢ
2529 603 2636 656 τῶν

2321 601 2434 656 ἀλλ’
2462 605 2495 674 ἡ
2529 603 2636 656 τῶν
2667 605 2883 676 τρόπων
2948 603 3216 675 μεταῷλὴ
3253 607 3538 676 ὴρευνᾶτο.
3576 607 3682 658 Καὶ
3708 609 3846 680 ἐπειδὴ

648 711 770 752 rum
818 695 1194 766 indagabatur.
1246 693 1544 765 Postquam
1593 694 1796 748 factum
1851 703 1936 750 est
1984 693 2110 758 hoc,
2165 701 2221 750 et
2319 694 2508 762 γέγονε
2548 694 2610 748 τὸ

2319 694 2508 762 γέγονε
2548 694 2610 748 τὸ
2663 693 2916 767 ζητηθὲν,
2975 696 3070 750 καὶ
3131 695 3542 766 μετεϐλήθησαν
3582 699 3633 750 οἱ
3674 698 3844 771 ἄνδρες,

646 789 748 844 viri
787 788 982 842 mutati
1029 795 1194 852 sunt,
1251 787 1503 858 apparuit
1546 787 1750 842 donum
1787 786 1918 853 Dei;
1961 788 2220 842 clamavit
2318 785 2490 857 ἐφάνη
2558 787 2645 840 τοῦ

2318 785 2490 857 ἐφάνη
2558 787 2652 840 τοῦ
2716 787 3099 859 φιλανθρώπου
3182 789 3215 858 ἡ
3276 788 3481 860 δωρεά·
3531 789 3713 860 ἐϐόησε
3764 808 3846 844 συν-

643 879 818 935 Judex
851 879 1220 952 patrocinium
1247 879 1592 950 suscipiens;
1624 879 1762 935 dixit
1791 879 2049 936 ministro
2073 895 2212 934 suo:
2314 877 2534 946 ηγορῶν
2563 879 2592 930 6
2631 877 2645 931 ί

2314 877 2534 946 ηγορῶν
2563 879 2592 930 6
2631 877 2864 944 δικάζων
2886 897 2898 910 ·
2933 875 3053 932 εἷπε
3095 879 3174 951 τῷ
3215 881 3408 935 ἑαυτοῦ
3434 881 3620 954 οἰκέτῃ
3641 898 3656 914 ο
3691 885 3752 937 Ei
3787 886 3843 939 σὺ

643 970 706 1026 Si
749 981 804 1024 tu
851 971 1094 1024 tristatus
1125 987 1178 1025 es
1215 985 1310 1038 pro
1345 971 1623 1025 cucurbita
1662 987 1759 1040 pro
1803 987 1906 1042 qua
1939 988 2042 1026 non
2068 971 2218 1024 labo-
2315 967 2538 1036 ἐφείσω
2593 971 2645 1024 ὑ;

2315 967 2538 1036 ἐφείσω
2593 969 2746 1038 ὑπὲρ
2816 968 2928 1037 τῆς
3009 973 3384 1040 κολοκύνθης
3449 971 3602 1040 ὑπὲρ
3646 968 3718 1042 ἧς
3767 978 3845 1028 οὐκ

641 1064 798 1127 rasti,
832 1079 948 1133 qua:
975 1063 1071 1117 sub
1111 1080 1218 1116 una
1251 1074 1402 1118 necte
1431 1075 1560 1116 nata
1591 1071 1669 1117 est
1703 1072 1754 1116 et
1781 1064 1877 1116 sub
1925 1079 2031 1116 una
2069 1073 2216 1118 nocte
2315 1059 2645 1126 ἐκακοπάθη

2315 1059 2774 1129 ἐκακοπάθησας
2803 1101 2818 1127 ,
2873 1061 2912 1130 ἢ
2939 1061 3056 1118 ὑπὸ
3104 1065 3296 1117 νύκτα
3347 1063 3582 1134 ἐγένετο
3633 1065 3721 1118 καί
3759 1067 3844 1120 ὑπὸ

637 1155 834 1224 periit;
887 1170 979 1224 ego
1030 1171 1148 1208 vero
1195 1171 1298 1208 non
1351 1170 1569 1224 parcam
1618 1168 1712 1222 pro
1770 1151 1959 1207 Ninive
2007 1155 2215 1209 civitate
2313 1152 2505 1206 νύκτα
2555 1153 2645 1206 ἀπ.

2313 1152 2505 1206 νύκτα
2555 1152 2829 1207 ἀπώλετο
2854 1171 2867 1184 ο
2912 1153 3028 1224 ἐγὼ
3081 1153 3150 1207 δὲ
3202 1157 3274 1209 οὺ
3319 1155 3599 1224 φείσομαι
3630 1159 3763 1225 ὑπερ
3784 1161 3846 1211 Νιο

635 1261 850 1314 magna,
893 1245 948 1298 in
981 1260 1085 1314 qua
1117 1243 1363 1298 habitant
1415 1245 1535 1312 plus
1581 1259 1740 1314 quam
1781 1253 1986 1298 centum
2030 1246 2213 1316 viginti
2313 1241 2445 1294 νευῒ
2491 1241 2599 1310 τῆς

2313 1241 2445 1294 rva
2491 1241 2599 1310 τῆς
2652 1245 2886 1309 πόλεως
2917 1243 3028 1312 τῆς
3061 1243 3352 1314 μεγάλης,
3386 1245 3455 1298 ἐν
3491 1239 3532 1316 ᾗ
3556 1247 3844 1302 κατοικοῦσι

635 1337 809 1391 millia
841 1337 1134 1403 hominum,
1173 1347 1222 1390 et
1276 1337 1446 1390 multa
1466 1337 1712 1406 jumenta
1734 1337 1778 1368 "‘
1807 1337 1831 1390 ?
1867 1337 1934 1390 Et
1969 1338 2212 1408 pepercit
2311 1334 2562 1399 πλείους
2609 1333 2645 1402 ἢ

2311 1334 2562 1399 πλείους
2609 1333 2647 1402 ἢ
2703 1333 2932 1388 δώδεκα
2970 1335 3259 1406 μυριάδες
3293 1336 3531 1404 ἀνδρῶν
3569 1339 3661 1392 καὶ
3698 1339 3844 1408 κτήνη

633 1427 798 1494 Deus,
849 1429 944 1498 qui
976 1444 1123 1483 nunc
1163 1428 1387 1498 quidem
1433 1428 1548 1482 haec
1577 1428 1757 1494 dixit;
1793 1429 1848 1482 in
1895 1430 2002 1484 alio
2027 1439 2210 1486 autem
2311 1425 2548 1490 πολλάἕ
2612 1428 2645 1479 Β

2311 1425 2548 1490 ,πολλάς
2612 1427 2722 1480 Καὶ
2763 1426 2980 1495 φειδοῦς
3033 1423 3100 1497 ἦν
3132 1427 3284 1492 Θεὸς,
3333 1429 3426 1482 καὶ
3475 1430 3698 1502 φανερὸς
3739 1426 3843 1502 ἦνὸ

631 1519 894 1589 propheta
927 1520 1204 1583 clamavit,
1235 1519 1491 1589 inquiens
1529 1535 1544 1572 :
1579 1517 1720 1574 Nolo
1764 1529 1982 1574 mortem
2024 1537 2209 1591 pecca-
2311 1517 2645 1590 φθεγγόμενα

2311 1517 2681 1590 φθεγγόμενος
2705 1535 2718 1548 '
2751 1521 2780 1571 6
2811 1519 2906 1573 νῦν
2937 1519 3032 1590 μὲν
3059 1519 3230 1574 ταῦτα
3263 1519 3523 1592 εἰρηκὼς,
3551 1523 3606 1574 ὲν
3631 1523 3682 1574 δὲ
3712 1523 3842 1594 ἑτέρῳ

631 1613 784 1677 toris,
807 1612 898 1666 sed
926 1613 1094 1682 magis
1113 1620 1172 1665 ut
1193 1621 1548 1678 convertatur,
1574 1622 1621 1666 et
1647 1613 1784 1667 vivat
1807 1613 1886 1668 κς
1917 1614 2008 1684 qui
2040 1615 2109 1670 ab
2138 1615 2206 1669 iis
2309 1611 2564 1681 προφήτῃ
2587 1610 2644 1679 βε

2309 1611 2564 1681 προφήτῃ
2587 1609 2864 1682 βεϐοηκώς
2888 1625 2901 1638 ’
2931 1611 3014 1664 Οὐ
3029 1610 3326 1680 ,βούλομαι
3346 1611 3456 1664 τὸν
3498 1611 3740 1666 θάνατον
3765 1616 3842 1670 τοῦ

576 1717 583 1725 ’
628 1703 724 1774 qui
771 1705 956 1759 sciunt
984 1703 1175 1760 laudes
1229 1704 1349 1774 ejus
1387 1721 1606 1770 canere,
1655 1707 1712 1760 in
1751 1705 2006 1762 laudibus
2040 1721 2205 1761 voca-
2306 1704 2645 1773 ἁμαρτωλοί

2308 1704 2676 1773 ἁμαρτωλοιῦ,
2734 1706 2814 1771 ὡς
2859 1705 2922 1758 τὸ
2969 1705 3323 1775 ἐπιστρέψαι
3374 1706 3476 1760 καὶ
3524 1705 3629 1776 ζῇν
3663 1711 3835 1764 αὐτόν·

625 1801 720 1849 tur
745 1795 1038 1851 miseratur
1083 1802 1137 1850 et
1177 1795 1516 1862 misericors,
1547 1797 1761 1866 patiens
1787 1803 1842 1852 et
1876 1798 2060 1852 multa:
2101 1798 2205 1852 mi-
2235 1856 2275 1872 ἢ
2304 1797 2332 1846 6
2357 1797 2460 1849 ὑπὸ
2475 1795 2583 1849 τῶν
2610 1799 2645 1849 ὲι

2308 1797 2332 1846 6
2357 1797 2460 1849 ὑπὸ
2475 1795 2583 1849 τῶν
2610 1797 2990 1868 ἐπισταμένων
3009 1797 3198 1868 ὑμνεῖν
3217 1796 3500 1866 δοξολογού
3509 1816 3662 1870 μενος
3680 1802 3838 1872 οἰκτίρ-

627 1883 942 1940 serieordiae
979 1903 992 1939 :
1027 1892 1137 1938 tam
1171 1885 1366 1956 ingens
1415 1887 1560 1941 enim
1619 1889 1844 1958 pelagus
1897 1889 2203 1944 miseratio—
2235 1856 2276 1910 Β

626 1989 757 2030 num
791 1975 934 2046 apud
967 1975 1136 2030 Deum
1168 1983 1273 2043 est,
1325 1985 1384 2032 ut
1415 1978 1696 2033 minimam
1725 1988 1782 2034 et
1821 1979 2200 2035 brevissimam
2303 1977 2482 2041 έλεος·
2512 1978 2645 2048 τηλιπ

2308 1977 2450 2041 έλεος
2469 1993 2482 2008 ·
2512 1978 2826 2048 τηλικοῦτον
2853 1979 2964 2052 γὰρ
2989 1981 3222 2050 πέλαγός
3244 1983 3392 2036 ἐστιν
3419 1983 3708 2053 οἰκτιρμῶν
3724 1983 3835 2051 παρὰ

622 2065 786 2122 etiam
816 2065 1363 2139 ﬂagitiosissimorum
1395 2069 1462 2124 ad
1496 2071 1868 2142 paenitentiam
1896 2071 2202 2125 inclinatio—
2301 2066 2380 2136 τῷ
2414 2067 2554 2138 Θεῷ,
2583 2067 2645 2132 ὡς

2308 2066 2380 2136 τῷ
2414 2067 2554 2138 Θεῷ,
2583 2067 2658 2132 ὡς
2683 2069 2777 2122 καὶ
2807 2070 2906 2138 τὴν
2937 2069 3224 2140 ἐλαχίστην
3269 2071 3365 2124 καὶ
3391 2069 3739 2143 βραχυτάτην,
3767 2074 3833 2126 καὶ

621 2173 746 2212 nem
797 2173 906 2214 non
961 2160 1244 2231 relinquat
1315 2159 1726 2216 inhonoratam.
1801 2163 1992 2217 Achab
2051 2163 2198 2218 enim
2299 2158 2408 2212 τῶν
2468 2159 2607 2214 πάνυ

2308 2158 2408 2212 τῶν
2468 2159 2607 2214 πάνυ
2662 2161 3013 2230 φαυλοτάτων
3068 2163 3206 2234 προς
3246 2165 3536 2234 μετάνοιαν
3568 2165 3750 2237 ῥοπὴν,
3777 2167 3830 2238 μὴ

619 2245 793 2304 ferme
821 2249 887 2304 ad
915 2257 1222 2306 extremum
1266 2251 1525 2322 nequitiae
1561 2261 1932 2323 processerat,
1983 2261 2039 2310 et
2071 2270 2198 2310 cum
2244 2251 2250 2256 ’
2299 2251 2562 2323 ἀτίμητον
2598 2255 2645 2306 ei

2308 2251 2562 2323 ατίμητον
2598 2253 2776 2308 ἐᾶσαι.
2832 2253 3026 2324 Σχεδὸν
3061 2253 3173 2326 γὰρ
3207 2258 3288 2319 είς
3323 2255 3499 2326 πέρας
3536 2257 3716 2320 κακίας
3738 2257 3830 2328 ἐλη-

619 2339 842 2410 paulum
875 2349 1240 2412 compunctus
1269 2350 1435 2410 esset,
1471 2343 1759 2399 honoravit
1782 2360 1906 2400 eum
1947 2343 2112 2409 Deus,
2143 2353 2198 2402 et
2299 2342 2527 2406 λακότος
2555 2343 2645 2396 τοῦ

2308 2343 2527 2406 λακότος
2555 2343 2650 2396 τοῦ
2695 2345 2922 2415 Ἀχαὰ6,
2955 2345 3050 2398 καὶ
3090 2345 3285 2414 ὀλίγως
3319 2363 3436 2411 πως
3468 2349 3826 2417 κατανυγέντος,

619 2447 734 2488 rem
761 2434 1017 2490 ministro
1055 2435 1316 2502 ostendit,
1340 2444 1394 2490 et
1433 2439 1612 2493 minas
1643 2441 1905 2509 repressit
1946 2455 2011 2495 ac
2043 2441 2198 2494 cohi-
2296 2434 2588 2506 τετίμηκεν
2629 2437 2645 2488 ἐ

2308 2434 2588 2506 τετίμηκεν
2629 2436 2658 2488 6
2697 2434 2850 2498 Θεὺς,
2881 2435 2978 2488 καὶ
3009 2435 3176 2504 ἔδειξε
3209 2436 3288 2508 τῷ
3311 2437 3504 2511 οἰκέτῃ
3529 2438 3586 2492 τὸ
3621 2441 3824 2510 πρᾶγμα,

615 2522 756 2588 buit,
791 2525 1120 2594 protrahens
1167 2527 1384 2581 interim
1419 2535 1634 2599 tempus
1663 2530 1918 2600 supplicii
1950 2549 1963 2586 :
2021 2532 2193 2600 Vides,
2296 2525 2393 2578 καὶ
2449 2525 2645 2579 συνέστη

2308 2525 2393 2578 καὶ
2449 2525 2754 2579 συνέστειλε
2805 2527 2904 2598 τὴν
2957 2527 3208 2598 ἀπειλὴν,
3243 2528 3438 2600 χρόνον
3473 2530 3570 2600 τῆς
3597 2531 3823 2602 ἐπιτιμίας

616 2617 814 2687 inquit,
847 2619 1105 2690 quomodo
1142 2632 1484 2690 compunctus
1516 2631 1593 2676 est
1635 2623 1858 2680 Achab?
1901 2644 2004 2681 non
2033 2627 2194 2682 induo
2298 2613 2497 2686 μεταξὺ
2525 2633 2645 2669 κατι

2308 2613 2497 2686 μεταξὺ
2525 2615 2952 2687 καταλιμπάνων
2970 2635 2984 2649 ο
3015 2613 3208 2684 Εἶδες,
3238 2618 3391 2688 φησὶ,
3429 2619 3556 2686 πῶς
3585 2622 3826 2689 acutarum

615 2723 734 2762 cam
761 2709 907 2762 mala
939 2710 995 2763 in
1033 2710 1218 2765 diebus
1247 2710 1382 2780 ejus,
1417 2711 1508 2766 sed
1537 2715 1590 2766 in
1623 2714 1748 2770 aliis
1779 2715 1960 2771 diebus
1975 2720 2017 2750 ⁸⁷
2055 2738 2068 2774 :
2111 2719 2194 2774 id-
2307 2707 2519 2776 Ἀκαάϐ
2536 2723 2556 2772 ἰ
2582 2709 2645 2762 οὐ

2308 2707 2519 2776 Ἀχαάϐ
2536 2723 2556 2772 ;
2582 2709 2654 2762 οὐ
2704 2707 2792 2777 μὴ
2829 2708 3030 2774 ἐπάξω
3061 2709 3132 2764 τὰ
3171 2711 3326 2764 κακὰ
3371 2711 3446 2764 ἐν
3480 2711 3602 2778 ταῖς
3628 2711 3822 2782 ἡμέραις

612 2814 720 2868 que
769 2808 828 2854 ut
867 2801 1148 2856 minimam
1200 2803 1571 2874 aspersionem
1615 2807 1948 2876 paenitentiae
1982 2810 2192 2866 decenti
2291 2799 2500 2862 αὐτοῦ,
2536 2801 2645 2854 ἀλλ

2308 2799 2500 2862 κὺτοῦ,
2536 2801 2674 2854 ἀλλ’
2699 2800 2769 2853 ἐν
2821 2801 3068 2870 ἡμέραις
3103 2800 3322 2868 ἄλλαις
3341 2819 3356 2834 ο
3395 2803 3486 2856 ἵνα
3512 2805 3598 2856 καὶ
3619 2804 3701 2874 τὴν
3727 2804 3818 2856 ἐλα-

611 2891 822 2948 honore
853 2889 996 2946 Deus
1063 2892 1379 2949 honoraret.
2291 2888 2481 2963 χίότην
2522 2893 2643 2964 ρανί

2308 2888 2481 2963 (idem;
2522 2891 2712 2964 ρανίδα
2757 2893 2859 2963 τῆς
2891 2894 3178 2964 μετανοίας
3222 2895 3435 2966 τιμήσῃ
3481 2897 3547 2967 τῇ
3588 2894 3816 2966 πρεπούσῃ

2289 2987 2421 3055 τιμῇ
2466 2986 2494 3038 ὀ
2521 2984 2673 3047 Θεός.
2719 3041 2730 3049 ,,

683 3067 792 3124 Sed
825 3068 937 3122 haec
967 3068 1254 3130 hactenus,
1295 3084 1364 3123 ne
1387 3067 1689 3138 disputatio
1721 3069 1788 3125 de
1813 3071 1927 3142 lege
1963 3072 2190 3127 omnino
2361 3075 2470 3128 Kal
2519 3075 2645 3130 ταῦτ

2361 3075 2470 3128 Kal
2519 3075 2692 3130 ταῦτα
2722 3077 2820 3146 μὲν
2851 3077 3013 3148 μέχρι
3067 3077 3256 3130 τούτου
3307 3079 3687 3150 προειρηκότες
3721 3093 3816 3130 κατι

613 3161 989 3232 praeteriretur
1038 3175 1148 3214 non
1203 3167 1434 3214 tractata
1509 3172 1564 3216 et
1623 3177 1876 3218 excussa.
1924 3161 2038 3217 Hoc
2093 3179 2184 3218 so-
2213 3203 2254 3260 α
2288 3166 2569 3238 ελέξαμεν,
2598 3169 2645 3221 ἵν

2308 3166 2569 3238 ιλέξαμεν,
2598 3169 2685 3221 ἵνα
2719 3170 2814 3222 καὶ
2859 3171 2888 3222 ὁ
2937 3170 3065 3241 περὶ
3104 3170 3269 3240 νόμου
3297 3171 3460 3240 λόγος
3487 3173 3558 3243 μὴ
3591 3169 3811 3231 παντελῶς

615 3255 728 3308 lum
781 3253 1075 3318 addemus,
1127 3254 1300 3310 fuisse
1358 3255 1530 3324 legem
1571 3256 1817 3310 umbram
1879 3255 2186 3312 futurorum
2220 3253 2254 3260 ⁷
2289 3257 2635 3328 ἀγύμναστος

2308 3257 2635 3328 ὶγύμναστος
2682 3258 3173 3330 καταλελειμμένος
3221 3259 3465 3334 ὑπάρχῃ·
3501 3261 3648 3332 μόνον
3693 3257 3810 3312 τοῦτο

608 3350 925 3415 bonorum;
971 3351 1322 3422 paedagogum
1370 3367 1502 3406 vero
1549 3352 1808 3422 adjuvare
1849 3370 2077 3424 puerum
2130 3365 2186 3410 et
2288 3367 2645 3422 προσγεγραφ

2308 3352 2867 3422 τροσγεγραφηκότες,
2917 3352 2998 3404 ὅτι
3054 3351 3182 3404 σκιὰ
3228 3352 3391 3422 νόμος
3425 3354 3534 3406 τῶν
3569 3351 3808 3424 μελλόντων

607 3449 828 3498 aetatem
856 3443 1122 3512 pueritiae,
1143 3459 1429 3515 quousque
1460 3445 1720 3515 magister
1739 3453 1995 3516 suscepta
2024 3463 2186 3518 gran-
2287 3441 2504 3510 ἀγαθῶν
2523 3457 2536 3470 ·
2573 3458 2644 3494 κα

2308 3441 2504 3510 ιγαθῶν
2523 3457 2536 3470 ·
2573 3442 2666 3494 καὶ
2696 3441 2806 3511 γὰρ
2841 3441 3188 3510 παιδαγωγὸς
3235 3445 3576 3514 συμπράττει
3603 3442 3670 3514 τῷ
3700 3441 3808 3496 παιδὶ

609 3533 764 3586 diore
806 3531 926 3601 ejus
960 3533 1309 3596 habitudine,
1358 3535 1660 3602 majoribus
1707 3535 2017 3607 disciplinis
2057 3553 2181 3592 eum
2287 3532 2380 3583 καὶ
2408 3533 2472 3601 τῇ
2508 3532 2606 3602 νέᾳ

2308 3532 2380 3583 ιαὶ
2408 3533 2472 3601 τῇ
2508 3532 2606 3602 νέᾳ
2649 3531 2852 3602 ἡλικίᾳ,
2894 3531 3086 3602 μέχρις
3117 3525 3176 3584 οὗ
3214 3533 3242 3584 ὀ
3279 3533 3594 3598 διδάσκαλος
3620 3533 3702 3605 τὴν
3727 3531 3806 3596 ἕξιν

614 3625 795 3679 tradat
827 3643 842 3679 :
895 3625 1238 3682 commodius
1280 3626 1426 3681 enim
1459 3635 1513 3682 et
1546 3629 1727 3697 aptius
1772 3628 1874 3682 hoc
1913 3626 2182 3699 principio
2287 3621 2616 3692 παραλαϐὼν

2308 3621 2616 3692 παραλαϐὼν
2673 3625 2786 3686 τοῖς
2845 3621 3129 3694 μαθήμασι
3186 3626 3299 3688 τοῖς
3346 3625 3556 3695 μείζοσι
3598 3622 3803 3696 παραδῷ·

609 3725 872 3790 tanquam
929 3719 1284 3774 fundamento
1333 3720 1521 3789 jacto,
1562 3721 1760 3790 poterit
1816 3721 1941 3790 quis
1978 3721 2181 3776 contir~
2291 3715 2645 3788 καιριιῦτερον

2308 3715 2647 3788 ιαιριώτερον
2679 3715 2787 3788 γάρ
2828 3733 2911 3778 τις
2939 3715 3246 3786 δυνήσεται,
3275 3717 3480 3788 ταύτην
3507 3718 3631 3771 ἰδίαν
3658 3714 3804 3770 ὑπόθε-

607 3826 780 3878 mare,
832 3812 1106 3881 quomodo
1159 3812 1244 3864 tea:
1281 3826 1372 3880 per
1398 3809 1636 3882 Moysem
1665 3814 1812 3879 data,
1854 3817 2030 3885 gratia
2061 3831 2179 3870 vero
2283 3823 2366 3860 σιν
2398 3806 2645 3878 θέμενος,

2308 3823 2366 3860 τιν
2398 3806 2646 3878 Θέμενος,
2676 3809 3080 3862 κατασκευάσαι
3105 3809 3224 3872 πῶς
3263 3809 3362 3879 μὲν
3389 3809 3494 3864 διὰ
3530 3807 3752 3873 Μωσέως
3781 3808 3804 3858 ό

606 3911 660 3958 et
685 3905 880 3960 ueritas
923 3921 956 3956 a
983 3903 1193 3958 Christo
1222 3905 1367 3974 facta
1400 3905 1550 3958 sit”.
2283 3899 2487 3966 νόμος,
2519 3899 2638 3952 ἀπὸ

2308 3899 2487 3966 ’όμος,
2519 3899 2638 3952 ἀπὸ
2663 3899 2732 3952 δὲ
2756 3901 2978 3968 Κυρίου
3002 3901 3041 3968 ή
3073 3900 3242 3968 χάρις
3276 3903 3373 3955 καί
3398 3903 3437 3970 ή
3452 3901 3683 3960 ἀλήθεια
3703 3895 3798 3966 ἐγέ-

2281 4007 2440 4044 νετο.

1453 4102 1582 4155 CAP.
1626 4100 1761 4156 XVI.
1803 4101 2016 4157 Creatio
2041 4119 2074 4156 a
2101 4102 2315 4158 diabolo
2355 4105 2636 4158 secundant
2670 4103 3014 4160 Manio/ures.

699 4214 812 4268 Nos
865 4225 1043 4270 autem
1091 4217 1229 4271 alias
1295 4219 1800 4288 argumentationes
1864 4219 2174 4275 abortionis
2363 4223 2552 4292 Ἡμεῖς
2585 4221 2641 4275 δὲ

2363 4223 2552 4292 Ἡμεῖς
2585 4221 2641 4275 δὲ
2666 4222 2886 4276 καὶτῶν
2904 4223 3104 4295 ἑτέρων
3123 4225 3514 4297 ἐπιχειρήσεων
3540 4225 3625 4280 τοῦ
3639 4221 3798 4294 ἐκτρὼο

610 4309 774 4365 istius
807 4310 1159 4378 attingamus,
1188 4313 1463 4378 proposita
1489 4311 1594 4364 .dia
1630 4311 1797 4380 hujus
1831 4312 2090 4382 Opinione
2119 4313 2178 4366 in
2287 4329 2454 4382 ματος
2480 4312 2645 4382 apud:

2308 4329 2454 4375 ιατος
2480 4312 2834 4384 ἐφαψὼμεοα.
2869 4315 2966 4386 τὴν
3011 4314 3176 4384 ἄλλην
3207 4315 3406 4370 ἄτοπον
3425 4317 3584 4371 αὑτοῦ
3607 4311 3736 4380 δόξαν
3754 4316 3797 4366 ἐν

610 4400 910 4471 Scripturis
945 4400 1153 4454 absona
1199 4407 1253 4454 et
1305 4400 1587 4469 absurda;
1625 4410 1683 4455 ut
1729 4418 1793 4456 ea
1849 4419 2080 4458 excussa
2127 4411 2181 4457 et
2213 4461 2250 4476 ⁸
2282 4405 2396 4466 τοῖς
2427 4403 2628 4471 λογίοις

2308 4405 2396 4466 ὀἷς
2427 4403 2628 4471 λογίοις
2684 4405 3091 4475 παρατιθέντες,
3141 4409 3234 4460 καὶ
3272 4411 3392 4472 ταῖς
3425 4410 3681 4476 ἐξετάσεσι
3721 4423 3794 4474 γυ-

605 4496 842 4560 evoluta,
887 4493 1066 4565 quoad
1104 4494 1217 4548 ﬁeri
1251 4503 1448 4566 potest,
1481 4503 1690 4549 mentes
1744 4497 2064 4566 illaqueatas
2111 4513 2177 4552 ex
2209 4461 2255 4516 Β
2288 4494 2561 4564 μνοῦντες,
2625 4497 2645 4548 ξ

2308 4494 2561 4558 ινοῦντες,
2625 4497 2792 4559 ὅπως,
2853 4498 2904 4550 εἴ
2931 4515 2993 4566 γε
3021 4495 3128 4552 οἷόν
3156 4499 3214 4552 τέ
3253 4501 3387 4564 ἐστι,
3419 4502 3515 4566 τὰς
3541 4497 3794 4570 αἱρεθείσας

605 4587 858 4658 Opinione
887 4594 1102 4642 amente
1133 4589 1342 4656 eripere
1359 4586 1652 4656 possimus.
1679 4586 1925 4641 Porrexit
1950 4588 2092 4642 enim
2119 4603 2178 4644 se
2281 4587 2518 4649 διανοίας
2561 4587 2645 4656 τῆς

2308 4587 2518 4649 ῑιανοίας
2561 4587 2657 4656 τῆς
2706 4588 2898 4656 ἀλόγου
2931 4589 3087 4660 δόξης
3125 4589 3476 4664 ἐξυφαιρῆσαι
3511 4587 3791 4662 δυνηθῶμεν.

606 4695 779 4748 usque
812 4678 878 4732 ad
917 4678 1178 4732 fabricam
1229 4677 1454 4743 mundi;
1510 4685 1563 4732 et
1609 4678 1712 4732 hoc
1746 4680 1890 4748 quod
1931 4680 2178 4734 cernitur
2295 4673 2555 4738 Ἐξέτεινε
2573 4675 2645 4744 γὰ

2311 4673 2555 4738 Εξέτεινε
2573 4675 2682 4748 γὰρ
2708 4677 2899 4732 ἑαυτὸν
2929 4681 3023 4732 καὶ
3045 4679 3208 4750 μέχρι
3234 4679 3326 4734 τοῦ
3349 4681 3410 4753 δη
3420 4681 3789 4752 μιουργήματος’

605 4778 868 4836 creatum,
925 4787 955 4825 a
989 4772 1209 4826 diabolo
1259 4779 1504 4826 creatum
1555 4785 1680 4825 esse
1741 4772 1888 4837 vult;
1947 4765 2176 4843 eSseque
2282 4767 2553 4821 καὶτοῦτο
2579 4768 2640 4821 τὸ

2308 4769 2374 4820 :atl
2396 4767 2553 4821 τοῦτο
2579 4768 2640 4821 τὸ
2669 4771 2988 4842 φαινόμενον
3012 4773 3220 4844 ποίημα
3243 4772 3338 4826 τοῦ
3371 4771 3666 4834 ἀπατεῶνος
3687 4763 3790 4821 εἶναι

603 4863 876 4920 hominem
955 4880 985 4917 a
1041 4865 1254 4919 diabolo
1318 4862 1666 4930 formatum;
1717 4869 1880 4932 atque
1937 4863 2174 4918 animam
2283 4858 2495 4930 ποίημα
2525 4859 2645 4930 βούλ

2308 4858 2495 4930 ποίημα
2525 4859 2805 4930 βούλεται·
2840 4863 2935 4916 καὶ
2997 4858 3135 4916 εἶναι
3163 4863 3256 4917 τὸν
3309 4863 3583 4936 ἄνθρωπον
3611 4860 3789 4927 πλάσμα

607 4957 826 5028 quidem
859 4971 890 5008 a
919 4955 1052 5019 Deo,
1093 4972 1214 5012 esse
1249 4969 1429 5012 tamen
1458 4957 1676 5026 corpori
1703 4971 1733 5008 a
1760 4955 1979 5010 diabolo
2027 4967 2176 5025 apta-
2273 4951 2366 5004 τοῦ
2429 4952 2645 5023 πονηροὶ

2308 4951 2366 5004 οὗ
2429 4952 2665 5023 πονηροῦ
2687 4969 2700 4983 ·
2729 4954 2824 5006 καὶ
2872 4951 3010 5008 εἶναι
3063 4955 3162 5026 μὲν
3199 4955 3296 5027 τὴν
3331 4956 3503 5028 ψυχὴν
3530 4953 3627 5009 ἀπὸ
3665 4947 3784 5009 Θεοῦ,

604 5057 736 5110 tam,
791 5053 844 5100 et
885 5045 1087 5099 factum
1139 5046 1456 5112 hominem;
1507 5047 1596 5116 qui
1644 5046 2008 5100 substantiam
2049 5046 2172 5116 qui-
2275 5037 2410 5096 εἶναι
2435 5041 2492 5095 δὲ
2533 5061 2642 5114 παρ

2308 5038 2410 5096 ίναι
2435 5041 2492 5095 δὲ
2533 5043 2682 5114 παρὰ
2714 5043 2807 5096 τοῦ
2839 5045 3078 5117 πονηροῦ
3121 5048 3472 5119 ἡρμοσμένην
3495 5065 3509 5078 ο
3551 5045 3636 5099 καὶ
3667 5055 3787 5110 γεγο-

605 5143 725 5198 dem
753 5141 1005 5211 corporis
1042 5156 1108 5194 ex
1157 5141 1464 5196 substantia
1489 5140 1690 5197 diaboli
1719 5140 2015 5211 acceperit,
2047 5140 2172 5196 sub—
2271 5137 2418 5191 νέναι
2449 5137 2540 5191 τὸν
2556 5137 2645 5192 ἄνθ

2308 5137 2418 5190 έναι
2449 5137 2540 5191 τὸν
2556 5137 2858 5208 ἄνθρωπον,
2881 5139 2980 5209 τὴν
3003 5141 3100 5210 μὲν
3129 5139 3312 5194 οὐσίαν
3334 5141 3428 5194 τοῦ
3461 5141 3685 5210 σώματος
3706 5130 3784 5186 ἀπὸ

601 5235 858 5291 stantiam
889 5247 1016 5286 vero
1051 5231 1244 5286 anima:
1277 5223 1548 5303 tanquam
1596 5233 1831 5304 spolium
1866 5243 1919 5289 et
1947 5234 2171 5290 exuvias
2270 5231 2368 5299 τῆς
2405 5230 2591 5292 οὐσίας
2613 5247 2635 5282 ε

2308 5231 2368 5299 ἧς
2405 5230 2591 5292 οὐσίας
2613 5230 2873 5302 εἰληφότα
2899 5230 2992 5284 τοῦ
3038 5231 3296 5303 πονηροῦ,
3326 5231 3423 5304 τὴν
3448 5233 3503 5286 δὲ
3533 5229 3695 5284 οὐσίαν
3711 5223 3783 5291 τῆς

601 5337 664 5375 ex
699 5321 808 5375 Deo
839 5319 1184 5390 sumpserit:
1223 5328 1284 5374 ut
1339 5321 1523 5375 anima
1567 5324 1786 5392 quidem
1839 5333 2052 5393 sumpta
2097 5326 2170 5379 sit
2274 5321 2471 5392 ψυχῆς,
2504 5322 2578 5386 ὡς
2632 5341 2645 5374 ‹

2308 5323 2471 5392 ιυχῆς,
2504 5322 2578 5386 ὡς
2632 5323 2824 5376 σκῦλον
2871 5325 2904 5394 ἢ
2949 5323 3188 5395 λάφυρον
3225 5325 3334 5378 ἀπὸ
3366 5324 3496 5378 θεοῦ
3523 5320 3776 5394 ληφθεῖσανν

601 5427 665 5466 ex
704 5411 831 5476 Deo,
865 5413 1100 5467 traxerit
1131 5427 1262 5467 vero
1287 5412 1355 5467 de
1377 5411 1490 5468 Deo
1519 5416 1755 5484 spolium
1787 5415 2072 5470 diabolus:
2095 5422 2170 5468 at-
2276 5415 2380 5467 ὑπὸ
2423 5415 2480 5468 δὲ
2523 5413 2618 5466 τοῦ

2313 5415 2380 5467 πὸ
2423 5415 2480 5468 δὲ
2523 5413 2618 5466 τοῦ
2663 5415 2899 5486 πονηροῦ
2941 5415 3526 5488 λαφυραγωγηθείσανο
3549 5412 3698 5472 οὕτως
3733 5403 3778 5456 ἔκ

601 5520 706 5574 que
731 5507 799 5559 ita
844 5522 908 5560 ex
957 5505 1266 5561 substantia
1297 5505 1499 5560 diaboli
1549 5513 1604 5560 et
1639 5507 1814 5576 spolio
1844 5507 1953 5562 Deo
1985 5507 2170 5562 detra-
2274 5523 2332 5558 τε
2365 5507 2462 5576 τῆς
2487 5505 2645 5578 λαφυε

2308 5523 2332 5558 ε
2365 5507 2462 5576 τῆς
2487 5505 3044 5578 λαφυραγωγηϐείσης
3074 5509 3166 5561 καὶ
3207 5509 3306 5579 τῆς
3331 5511 3514 5572 οὐσίας
3537 5505 3621 5560 τοῦ
3650 5513 3775 5566 mir

601 5603 692 5650 clo
723 5596 1042 5650 fabricatam
1073 5613 1196 5652 esse
1233 5596 1526 5660 hominem,
1554 5613 1616 5651 ex
1650 5613 1879 5667 corpore
1901 5607 1954 5651 et
1984 5599 2165 5652 anima
2277 5597 2368 5668 ροῦ
2402 5598 2645 5666 γεγονένο

2309 5597 2368 5650 οὖ
2402 5598 2680 5666 γεγονέναι
2697 5598 2784 5650 τὸν
2814 5598 3114 5670 ἄνθρωπον,
3138 5603 3199 5654 ἐκ
3229 5600 3405 5672 ψυχῆς
3435 5600 3522 5654 καὶ
3554 5596 3771 5666 σώματος’

679 5750 721 5783 ’⁸
761 5749 877 5806 Ion.
918 5769 1016 5816 ιιι,
1057 5755 1151 5820 l0,
1189 5754 1272 5809 ll.
1350 5755 1394 5786 ⁹⁶
1433 5753 1628 5810 Ezech.
1667 5769 1872 5818 χχχιιι,
1909 5753 1994 5808 ll.
2070 5755 2113 5790 9'
2156 5752 2220 5808 lll
2256 5752 2384 5826 Reg.
2422 5770 2538 5820 ut,
2572 5754 2644 5809 '29

2308 5769 2384 5826 eg.
2422 5770 2538 5820 ut,
2572 5754 2662 5809 ‘29.
2739 5757 2782 5788 ’⁸
2821 5755 2974 5812 Joan.
3017 5774 3066 5826 ι,
3106 5758 3191 5815 l7.

2308 1903 2422 1956 μων
2452 1887 2548 1940 καὶ
2579 1887 2828 1958 ἐλεήμων
2870 1890 2899 1942 ὁ
2934 1887 3158 1961 Κύριος,
3210 1889 3567 1960 μακρόθυμος
3592 1891 3678 1944 καὶ
3718 1892 3835 1944 πολυ-
3933 1889 3935 1926 ε
