4038 6288
254 321 392 378 1249

1296 325 1665 387 ADVERSUS
1718 332 2156 394 MANlCHA‘JOS
2189 338 2317 394 LIB.
2361 338 2446 394 lll.

3367 351 3389 405 1
3400 351 3506 407 250

253 436 343 489 καὶ
367 436 466 507 τῆς
493 435 591 507 μὲν
618 435 793 508 ψυχῆς
826 437 900 510 μὴ
921 436 1090 494 αἴτιον
1118 436 1255 494 εἶναι
1284 443 1375 497 τὸν
1405 445 1659 518 πονηρὸν,
1688 464 1789 518 μητ

1890 488 1901 520 ι
1930 457 2270 508 constantem
2301 469 2313 503 :
2348 461 2512 523 atque
2550 452 2743 508 animm
2772 454 2989 524 quidem
3020 472 3128 513 non
3167 475 3289 517 esse
3315 476 3504 520 aucto-

251 527 607 598 πεποιηκέναι
635 529 820 583 οὐσίαν
846 528 1046 601 ψυχῆς,
1080 531 1179 602 τῆς
1206 534 1263 586 δὲ
1279 535 1358 598 εἰς
1386 535 1619 606 κρίσεως
1654 538 1821 608 μόνης

246 618 347 688 τῆς
408 620 467 674 ἐν
510 619 723 691 σώματι
753 622 971 693 ἐνεργὸν
998 622 1174 677 εἶναι’
1231 626 1531 691 σκυλεύσας
1575 628 1703 700 γὰρ,
1748 628 1824 694 ὥς

248 727 432 778 φασιν,
450 713 716 783 εἰσέκρινε
743 715 807 784 τῇ
855 716 1021 786 σαρκί
1040 734 1051 745 ·
1081 715 1178 787 τὴν
1202 716 1260 770 δὲ
1301 719 1478 788 σάρκα
1507 719 1698 791 αὐτὴν,
1729 721 1824 774 καὶ

244 802 345 874 τὴν
406 802 602 857 πλάσιν
650 805 839 876 αὐτὴν,
883 808 978 860 καὶ
1033 809 1124 860 τὸν
1188 811 1542 883 χαρακτῆρα,
1589 813 1683 865 καὶ
1724 812 1821 883 τὴν

245 896 555 966 τοιαυτήνδε
583 898 816 969 μορφὴν,
845 899 936 953 καὶ
955 898 1053 970 τὴν
1095 899 1284 955 οὐσίαν
1309 902 1455 972 ὅλην,
1492 902 1652 974 ἔργον
1680 900 1820 957 εἶναι

246 987 337 1039 καὶ
364 987 557 1040 πλάσιν
590 989 682 1042 τοῦ
713 989 1044 1053 ἁπατεῶνος.
1083 991 1171 1056 Ἐξ
1217 993 1475 1048 ἐναντίων
1500 995 1630 1063 γοῦν
1657 1012 1819 1063 γεγο-

244 1079 386 1132 νέναι
416 1079 507 1132 τὸν
535 1079 818 1150 ἄνθρωπον
842 1083 1247 1152 ὁμολογοῦντες,
1262 1086 1383 1139 οὐδὲ
1410 1086 1500 1140 τὸν
1525 1086 1635 1139 τῶν
1664 1089 1820 1142 ἐνανο

240 1171 371 1224 τίων
400 1171 545 1226 ἴσασι
575 1173 731 1243 λόγον
754 1189 767 1203 '
801 1174 922 1228 οὐδὲ
948 1177 1029 1229 ὅτι
1064 1175 1179 1230 ἔστι
1225 1178 1346 1233 τινά
1376 1177 1485 1231 τῶν
1535 1179 1813 1245 ἐναντίων,

242 1260 398 1314 ἅτινα
447 1263 616 1335 ἀμιγῆ
660 1267 804 1319 ἐστιν
855 1268 912 1320 ἐν
939 1267 1140 1331 αὐτοῖς,
1178 1268 1446 1341 μηδεμίαν
1476 1269 1611 1340 πρὸς
1644 1269 1817 1325 ἑαυτά

246 1351 390 1421 μίξιν
439 1355 530 1407 καὶ
587 1357 866 1416 κοινωνίαν
908 1356 1161 1422 δέξασθαι
1224 1359 1515 1432 δυνάμενα,
1563 1360 1697 1414 ἀλλά
1747 1364 1814 1432 τῇ

243 1444 569 1518 νομιζομένῃ
609 1448 859 1519 κοινωνία
888 1450 1220 1523 ἀναιρέσεως
1257 1452 1464 1506 ἑαυτῶν
1487 1452 1616 1506 ὄντα
1648 1452 1815 1517 αἰτία,

1921 558 2038 598 rem
2095 542 2394 608 diabolum,
2447 558 2625 613 neque
2678 546 3044 602 substantiam
3086 551 3206 618 ejus
3280 552 3500 619 fecisse,

1923 633 2016 687 sed
2068 634 2244 689 solius
2307 635 2591 705 ingressus
2648 636 2842 691 animae
2896 638 2949 691 in
3014 654 3215 712 corpus
3278 645 3501 701 eli'ccto-

1920 740 2035 780 rem
2097 740 2249 792 esse;
2314 726 2612 780 detractam
2657 728 2802 782 cnim
2854 736 3115 800 tanquam
3157 736 3413 804 spolium,
3441 748 3501 793 ut

1920 815 2024 885 ipsi
2082 816 2254 879 aiunt,
2328 816 2385 870 in
2440 831 2662 871 carnem
2739 818 3009 889 immisit;
3085 836 3305 879 carnem
3371 844 3499 883 vero

1919 906 2113 976 ipsam,
2135 916 2186 962 et
2216 906 2613 975 formationem,
2638 916 2690 964 et
2715 909 2960 980 figuram,
2979 921 3033 968 et
3060 915 3220 970 talem
3247 917 3497 985 formam,

1921 1012 1986 1052 ac
2037 1005 2207 1052 totam
2250 999 2612 1054 substantiam
2663 1016 2801 1072 opus
2847 1019 2972 1059 esse
3020 1014 3074 1060 et
3113 1006 3496 1066 formationem

1919 1088 2141 1144 diaboli.
2196 1088 2453 1146 Fatentes
2499 1092 2665 1172 igitur
2694 1092 2898 1148 factum
2931 1111 3052 1152 esse
3101 1099 3376 1157 hominem
3428 1117 3494 1158 ex

1918 1182 2250 1249 contrariis,
2323 1198 2500 1253 neque
2568 1199 2689 1255 qua:
2760 1186 2832 1241 sit
2897 1192 3294 1245 contrariorum
3354 1194 3494 1247 ratio

1915 1274 2114 1342 sciunt;
2142 1290 2319 1345 neque
2343 1276 2542 1341 sciunt,
2564 1291 2687 1332 esse
2716 1279 2963 1347 qmudam
2986 1283 3258 1337 contraria
3279 1300 3398 1354 quae
3419 1286 3494 1339 in-

1920 1373 2004 1421 ter
2032 1382 2092 1422 se
2129 1366 2472 1421 commisceri
2510 1380 2616 1421 non
2647 1376 2901 1437 possunt,
2940 1371 3068 1439 quia
3102 1373 3305 1427 nullam
3348 1376 3489 1430 inter

1923 1473 1983 1513 se
2005 1459 2445 1512 communionem
2474 1474 2651 1529 neque
2680 1460 2993 1515 mistlonem
3020 1462 3220 1519 habere
3258 1473 3483 1534 queunt;

244 1536 319 1607 μὴ
347 1537 618 1608 δυνάμενα
659 1539 793 1612 ὁμοῦ
832 1538 1009 1596 εἶναι’
1042 1543 1179 1597 ἀλλά
1210 1543 1303 1597 τοῦ
1344 1545 1534 1615 ἑτέρου
1566 1544 1789 1617 ἀναιρου

1923 1548 2055 1618 quin
2111 1548 2292 1618 potius
2337 1562 2504 1602 causa
2559 1557 2688 1604 sunt
2744 1550 3000 1604 interitus
3028 1552 3112 1606 sui
3147 1553 3201 1606 in
3239 1554 3331 1609 illa
3366 1573 3487 1626 qua:

241 1626 427 1696 μένου,
449 1629 537 1683 διὰ
568 1632 665 1702 τὴν
695 1633 787 1686 τοῦ
823 1634 1010 1706 ἐτέρου
1038 1637 1416 1707 ἐπικράτησιν.

1915 1651 2162 1714 putatur,
2220 1641 2635 1709 communione,
2696 1643 2825 1713 quia
2876 1659 2985 1699 non
3039 1658 3270 1715 possunt
3324 1651 3487 1707 simul

1909 1751 2068 1801 esse;
2111 1734 2222 1788 imo
2258 1732 2409 1787 aliud
2447 1732 2680 1799 tollitur,
2717 1735 2845 1804 quia
2891 1736 3038 1791 aliud
3069 1737 3403 1796 dominatur.

1036 1862 1164 1918 CAP.
1205 1861 1367 1919 XVII.
1405 1862 1607 1932 Corpus
1631 1879 1733 1917 non
1762 1869 1839 1915 est
1863 1873 1897 1912 a
1927 1852 2166 1917 diabolo,
2189 1860 2238 1906 et
2263 1851 2443 1903 anima
2471 1868 2504 1904 a
2539 1850 2667 1906 Deo.
2753 1904 2763 1911 .

318 1968 446 2021 Ἰδοὺ
474 1967 581 2041 γὰρ
620 1972 676 2026 ἐν
731 1971 811 2026 ὲνί
856 1976 1192 2047 κοιτωνίσκῳ
1237 1977 1419 2049 ἡμέρα
1453 1978 1547 2032 καὶ
1584 1975 1680 2042 νὺξ
1705 1976 1789 2030 οὐ)

1974 1968 2136 2033 Ecce,
2168 1967 2224 2021 in
2271 1982 2380 2021 uno
2414 1967 2672 2022 cubiculo
2700 1968 2817 2024 dies
2850 1975 2904 2024 et
2954 1986 3062 2025 nox
3110 1971 3342 2027 inveniri
3372 1966 3482 2028 nou

234 2059 299 2112 ἂν
328 2059 573 2131 εὑρεθείη
595 2078 608 2091 ·
642 2062 765 2114 ἐπεὶ
800 2064 958 2133 μόνον
993 2064 1109 2134 φῶς
1145 2066 1364 2137 εὑρεθὲν
1407 2069 1725 2139 προαναιρεῖ
1744 2066 1803 2120 τὸ

234 2151 439 2215 σκότος.
505 2148 634 2207 ’1δοῦ
662 2155 719 2207 ἐν
777 2156 876 2225 μιᾷ
901 2156 1045 2228 ψυχῇ
1089 2157 1408 2230 σωφροσύνη
1448 2160 1539 2212 καὶ
1576 2157 1801 2229 πορνεία

228 2243 327 2294 οὐκ
354 2241 420 2295 ἂν
452 2243 668 2315 φανείη·
721 2246 843 2298 ἐπεὶ
871 2246 1007 2317 μόνη
1044 2248 1362 2320 σωφροσύνη
1382 2289 1398 2313 ,
1431 2253 1676 2317 φανεῖσα,
1715 2250 1804 2300 ἐκ-

231 2330 403 2383 ποδὼν
429 2333 679 2400 γενέσθαι
711 2334 807 2406 τὴν
848 2336 1100 2407 πορνείαν
1146 2340 1310 2392 ποιεῖ.
1358 2338 1488 2392 Ἰδοὺ
1527 2337 1803 2391 θεοσέϐεια

229 2424 320 2477 καὶ
353 2425 576 2481 ἀσέϐεια
607 2428 665 2482 ἐν
699 2430 779 2482 ἑνὶ
822 2429 1093 2501 ἀνθρώπῳ
1134 2431 1235 2483 οὐκ
1281 2431 1345 2484 ἂν
1393 2432 1630 2499 γένοιτο·
1666 2431 1798 2483 ὅπου

227 2515 335 2587 γὰρ
360 2517 609 2571 εὐσέϐεια
656 2509 923 2587 φαίνεται,
964 2522 1083 2574 οὐδὲ
1111 2523 1261 2595 ρανίς
1299 2522 1552 2586 ἀσεϐείας
1581 2522 1800 2593 φανείη.

239 2606 534 2678 Ἐπικρίνει
575 2608 631 2661 δὲ
660 2609 752 2662 καὶ
795 2610 823 2661 ὁ
873 2610 1210 2674 Ἀπόστολος,
1260 2612 1354 2664 καὶ
1395 2612 1683 2684 σφραγίζει
1729 2613 1798 2666 τὰ

223 2698 517 2770 εἰρημένω
557 2701 653 2766 Τίς
706 2702 983 2755 κοινωνία
1029 2703 1175 2771 φωτί
1216 2704 1364 2772 πρὸς
1409 2705 1668 2771 σκότος;
1704 2705 1798 2769 Τίς

217 2789 628 2858 μερὶςΧριστῷ
659 2791 809 2860 πρὸς
840 2794 1086 2857 Bella);
1118 2792 1195 2847 Τά
1217 2794 1325 2865 γάρ
1350 2796 1559 2857 ἑαυτοῖς
1580 2795 1796 2849 ἐναντία

223 2880 352 2950 φίλα
368 2883 578 2945 ἑαυτοῖς
593 2882 694 2936 οὐκ
710 2884 775 2936 ἂν
794 2884 1003 2952 γένοιτο
1019 2901 1031 2914 ·
1057 2885 1150 2938 καί
1179 2884 1306 2956 μίαν
1326 2885 1593 2957 ἁρμονίαν
1609 2885 1708 2938 οὐκ
1726 2884 1794 2938 ἂν

220 2970 456 3026 ποιοῖτὰ
483 2974 687 3027 ἑαυτῶν
718 2974 1065 3046 διεστηκότα’
1113 2975 1233 3029 οὐδὲ
1273 2975 1381 3048 γὰρ
1411 2976 1475 3030 ἐκ
1496 2994 1555 3029 τε
1585 2974 1793 3048 ῥυθμοῦ

220 3064 315 3117 καὶ
326 3065 633 3137 ἀρρυθμίας
648 3066 746 3137 μία
760 3066 966 3136 γίνεται
981 3068 1235 3139 ἁρμονία,
1253 3067 1377 3121 οὕτε
1396 3068 1460 3121 ἐκ
1478 3066 1689 3137 σιωπῆς
1701 3068 1794 3121 mi.

218 3155 406 3219 λαλιᾶς
435 3158 533 3228 μία
559 3157 805 3227 γίγνεται
833 3157 1114 3224 σύστασις
1157 3159 1315 3231 μόνον
1344 3157 1453 3230 γὰρ
1476 3158 1536 3211 τὸ
1567 3157 1625 3211 ἓν
1654 3153 1791 3212 εἶναι

1904 2070 2103 2133 potest.
2138 2061 2267 2130 quia
2300 2060 2479 2114 solum
2515 2060 2697 2114 lumen
2743 2061 3023 2117 inventum
3051 2064 3208 2132 prius
3258 2066 3482 2121 sustulit

1902 2153 2182 2209 tenebras.
2219 2149 2382 2216 Ecce,
2421 2151 2478 2204 in
2510 2166 2619 2204 una
2660 2151 2843 2206 anima
2880 2154 3142 2221 pudicitia
3182 2164 3234 2211 et
3262 2162 3477 2210 scorta-

1902 2245 1976 2299 tio
2001 2259 2111 2298 non
2146 2250 2376 2311 possunt
2409 2243 2594 2306 cerni;
2626 2242 2754 2311 quia
2787 2242 2903 2297 sola
2928 2241 3215 2311 pudicitia,
3238 2245 3284 2299 si
3311 2260 3478 2314 appa-

1898 2336 2091 2401 ruerit,
2135 2334 2286 2404 fugat
2321 2340 2376 2388 et
2404 2333 2661 2388 amandat
2707 2335 3117 2389 scortationem.
3161 2333 3321 2401 Ecce,
3359 2337 3475 2406 pie-

1897 2438 1981 2484 tas
2009 2437 2063 2482 et
2083 2427 2332 2497 impietas
2374 2427 2428 2479 in
2460 2426 2679 2480 homine
2705 2442 2813 2479 uno
2846 2442 3126 2496 nunquam
3156 2437 3347 2496 erunt;
3382 2429 3471 2484 ubi

1897 2519 2040 2573 enim
2076 2517 2250 2587 pietas
2278 2516 2547 2579 cernitur,
2580 2531 2756 2585 neque
2788 2517 2935 2570 stilla
2966 2517 3263 2586 impietatis
3302 2533 3470 2590 appa-

1898 2610 2057 2665 rebit.
2107 2607 2409 2663 Confirmat
2451 2614 2633 2660 autem
2681 2606 3000 2676 Apostolus,
3040 2618 3091 2663 et
3129 2608 3310 2680 signat
3348 2625 3468 2680 quae

1895 2701 2041 2755 dicta
2076 2709 2204 2756 sunt
2238 2719 2251 2755 :
2284 2699 2435 2764 Quae,
2469 2699 2669 2769 inquit,
2702 2700 2926 2761 societas
2953 2701 3058 2754 luci
3093 2701 3160 2755 ad
3190 2702 3470 2758 tenebras?

1896 2790 2030 2858 Quae
2074 2804 2200 2858 pars
2242 2788 2456 2844 Christo
2508 2805 2627 2843 cum
2669 2789 2943 2844 Belial”?
2984 2790 3115 2857 Quae
3155 2795 3299 2847 enim
3340 2802 3469 2850 sunt

1893 2881 1998 2936 sibi
2036 2880 2351 2944 contraria,
2409 2894 2520 2933 non
2567 2886 2799 2948 possunt
2845 2895 2967 2936 esse
3007 2880 3110 2936 sibi
3158 2882 3371 2950 amica;
3417 2891 3471 2939 et

1892 2986 2037 3026 unus
2076 2976 2379 3025 concentus
2430 2984 2543 3024 non
2594 2969 2796 3041 poterit
2844 2968 3046 3035 facere,
3080 2979 3142 3026 ut
3191 2988 3312 3042 quae
3341 2983 3472 3028 sunt

1892 3060 2058 3117 unius
2092 3069 2391 3115 concentus
2438 3059 2751 3130 discrepent
2786 3080 2800 3115 :
2838 3076 2940 3116 nec
2967 3062 3112 3115 enim
3166 3078 3233 3117 ex
3276 3079 3471 3120 nume-

1891 3167 2016 3208 I‘OSO
2067 3161 2122 3207 Θῐ
2166 3167 2278 3207 non
2328 3166 2627 3207 numeroso
2705 3167 2848 3208 unus
2897 3161 3217 3219 concentus,
3260 3163 3314 3210 Cl
3360 3172 3467 3210 una

214 3248 439 3318 ὀφείλει,
473 3248 568 3302 τοῦ
602 3250 790 3322 ἐτέρου
828 3251 1084 3323 συστῆναι
1127 3252 1226 3305 οὐκ
1271 3251 1617 3322 ἀνεχομένου.
1647 3251 1709 3303 Εἰ
1733 3250 1789 3303 δὲ

1890 3244 2188 3300 modulatio
2250 3242 2519 3307 eﬂicitur,
2567 3258 2668 3299 nec
2705 3259 2772 3298 ex
2821 3245 3043 3300 silentio
3090 3254 3146 3301 et
3191 3248 3467 3304 locutione

216 3340 279 3393 τὸ
311 3341 468 3412 σῶμα
498 3338 566 3414 ἦν
616 3343 711 3396 τοῦ
733 3322 990 3414 πονηροῦ,
1016 3344 1110 3398 καὶ
1128 3346 1162 3415 ὴ
1189 3342 1333 3415 ψυχὴ
1359 3343 1453 3397 τοῦ
1480 3341 1636 3407 Θεοῦ,
1670 3341 1788 3405 πῶς

1891 3351 2004 3390 una
2041 3334 2371 3404 compositio
2397 3335 2477 3389 fit.
2532 3333 2712 3388 Unum
2744 3335 2888 3389 enim
2930 3336 3107 3392 solum
3141 3353 3263 3393 esse
3301 3355 3464 3410 opor-

214 3435 296 3496 εἰς
328 3433 454 3504 μίαν
469 3435 731 3506 ἁρμονίαν
753 3436 845 3488 τοῦ
868 3435 1152 3507 ἀνθρώπου
1178 3435 1493 3489 ἀποδέδοται
1515 3451 1530 3501 ;
1557 3433 1674 3499 πῶς
1706 3435 1787 3497 εἰς

1890 3435 1980 3492 tet,
2012 3427 2187 3481 altero
2217 3425 2455 3492 sublato,
2493 3425 2642 3495 quod
2677 3441 2784 3480 non
2823 3427 3031 3496 patitur
3069 3435 3126 3480 ut
3173 3429 3335 3484 simul
3367 3430 3458 3484 sit.

217 3523 346 3594 μίαν
402 3525 639 3580 διάθεσιν
687 3528 780 3581 καὶ
808 3527 1021 3599 φιλίαν;
1064 3529 1194 3582 Ἰδοὺ
1224 3526 1333 3599 γὰρ
1351 3528 1657 3602 ἥρμοσται,
1689 3526 1784 3580 καὶ

1890 3517 1943 3572 Si
1969 3525 2152 3573 autem
2178 3532 2379 3588 corpus
2403 3528 2552 3573 esset
2593 3518 2820 3584 diaboli,
2850 3529 2904 3574 et
2935 3520 3116 3574 anima
3149 3519 3279 3588 Dei;
3322 3538 3460 3593 quo-

212 3618 432 3687 γέγονεν
490 3613 568 3683 εἷς
620 3619 901 3691 ἄνθρωπος
924 3637 938 3651 ⁸
988 3623 1082 3674 καὶ
1121 3623 1189 3692 τῇ
1240 3620 1476 3692 ἁρμονίᾳ
1502 3620 1649 3674 ἐστὶν
1680 3616 1778 3684 εἷς.

1890 3612 2046 3667 modo
2076 3626 2219 3667 unus
2254 3620 2555 3666 concentus
2588 3610 2827 3666 hominis
2855 3626 2920 3666 ex
2956 3613 3037 3666 eis
3073 3611 3343 3670 conﬂatus
3369 3631 3460 3672 es-

228 3709 362 3761 Ἰδοὺ
396 3710 428 3779 ἡ
453 3708 597 3779 ψυχή
628 3710 742 3762 ἐστι
761 3710 855 3763 τοῦ
891 3710 1158 3782 σώματος,
1202 3713 1298 3765 καὶ
1325 3711 1469 3779 φιλεῖ
1501 3712 1595 3765 καὶ
1618 3711 1778 3782 στέρ-

1890 3704 2286 3774 setiquomodo
2315 3719 2423 3759 una
2449 3704 2686 3759 amicitia
2712 3713 2766 3759 et
2784 3705 3145 3771 aﬂectioiEn,
3171 3714 3387 3777 aptatus
3402 3717 3457 3763 et

210 3815 319 3867 γει·
345 3798 552 3865 Οὐδεὶς
562 3800 672 3869 γάρ
696 3817 839 3855 ποτε
856 3802 972 3869 τὴν
993 3802 1211 3857 ἑαυτοῦ
1238 3802 1434 3870 σάρκα
1446 3802 1741 3872 ἐμίσησεν
1759 3819 1773 3833 ο

1890 3797 2055 3853 lactus
2089 3804 2172 3853 est
2187 3812 2330 3852 unus
2359 3797 2523 3852 homo
2547 3837 2563 3862 ,
2609 3806 2663 3853 et
2683 3806 2953 3853 concentu
2982 3814 3046 3854 ac
3074 3798 3456 3854 convenientia

206 3890 346 3944 ἀλλ’
373 3889 641 3961 ἐκτρέφει
671 3891 769 3945 καί
788 3890 998 3946 θάλπει
1020 3892 1231 3962 αὐτήν.
1260 3894 1324 3946 Εἰ
1342 3893 1398 3945 δὲ
1411 3892 1475 3964 δὴ
1493 3892 1572 3964 τῷ
1605 3893 1774 3964 ἑτέρῳ

1890 3905 2016 3944 inus
2033 3896 2136 3945 est.
2163 3888 2303 3945 Ecce
2328 3889 2509 3944 anima
2525 3891 2778 3960 copulata
2803 3897 3023 3946 estcum
3044 3905 3293 3962 corpore,
3317 3900 3372 3945 et
3390 3891 3455 3946 il-

211 3982 361 4051 μέλει
387 3982 515 4054 περὶ
541 3981 635 4036 τοῦ
685 3983 891 4055 ἑτέρου,
917 3985 1010 4037 καὶ
1035 3986 1133 4056 τὴν
1171 3984 1436 4057 ἀλγηδόνα
1463 3986 1557 4039 τοῦ
1591 3984 1775 4055 σῶμα·

205 4089 317 4137 τος,
352 4073 488 4129 ἰδίαν
531 4074 798 4146 ἀλγηδόνα
828 4078 1043 4147 ἡγεῖται
1069 4078 1102 4145 ἡ
1129 4076 1274 4149 ψυχή
1295 4094 1308 4108 ·
1343 4077 1436 4130 καὶ
1463 4077 1523 4131 ού
1555 4077 1773 4145 διαιρεῖ-

204 4180 296 4217 ται
325 4164 435 4218 τῶν
480 4167 835 4237 παθημάτων,
875 4168 989 4221 ἀλλ’
1018 4167 1311 4222 οἰκειοῦται
1340 4169 1477 4240 πρὸς
1516 4169 1584 4223 τά
1608 4167 1771 4240 τραύ-

207 4276 371 4329 ματα,
395 4259 683 4313 οἰκειοῦται
707 4259 922 4333 πρὸςτά
942 4260 1257 4332 παθήματα·
1284 4262 1376 4314 καὶ
1390 4262 1477 4315 ὅτε
1499 4261 1597 4333 μὲν
1615 4261 1770 4331 ἀλγεῖ

200 4352 528 4424 τραυμάτων
599 4353 815 4419 ἕνεκεν,
875 4355 1128 4418 ἀνιᾶται,
1186 4352 1453 4408 ἀνώδυνον
1499 4349 1636 4407 εἶναι
1693 4353 1766 4425 μὴ

198 4441 471 4513 δυναμένη
488 4458 501 4472 ·
537 4443 624 4495 ὅτε
649 4442 705 4495 δὲ
733 4442 1012 4513 ήδυπαθεῖ,
1040 4444 1133 4497 καὶ
1172 4442 1275 4496 ὑπὸ
1298 4443 1396 4514 τῆς
1424 4442 1615 4513 ἡδονῆς
1646 4444 1766 4513 ἐρε-

200 4533 432 4598 θίζεται,
490 4534 703 4606 μετέχει
752 4534 860 4589 τῶν
914 4538 1226 4607 κινημάτων
1262 4535 1357 4589 καὶ
1395 4538 1426 4606 ή
1471 4534 1635 4606 ψυχὴ,
1670 4537 1764 4589 καὶ

200 4623 601 4693 συνεφάπτεται
622 4624 727 4678 τῶν
759 4624 1088 4696 ἐρεθισμῶνσ
1121 4625 1215 4679 καὶ
1244 4624 1396 4696 λήγει
1423 4625 1520 4697 μὲν
1542 4625 1760 4695 ὁμοίως,

196 4715 463 4787 λαμϐάνει
522 4715 578 4768 δὲ
624 4716 860 4770 ἐπίδοσιν
884 4716 1161 4780 ὡσαύτως.
1202 4716 1311 4769 Καὶ
1357 4715 1627 4786 ληγούσης
1671 4716 1769 4787 μὲν

194 4808 375 4879 ψυχῆς
394 4808 502 4862 ἀπὸ
530 4807 637 4861 τῶν
672 4808 984 4879 κινημάτων
1016 4807 1125 4860 τῶν
1145 4805 1350 4871 παθῶν,
1386 4806 1639 4883 συλλήγει
1677 4810 1769 4860 καὶ

194 4898 259 4951 τὸ
311 4897 487 4969 σῶμα,
540 4899 634 4952 καὶ
676 4897 1072 4973 καθησυχὰζει·
1126 4896 1544 4968 ἐπιτριϐομένης
1574 4897 1631 4950 δὲ
1669 4898 1768 4967 τῆς

194 4987 489 5059 ἐπιθυμίας
532 4988 589 5041 ἐν
626 4991 690 5059 τῇ
730 4987 871 5058 ψυχῇ
908 4986 1134 5040 καὶτῶν
1160 4986 1462 5058 ἐρεθισμῶν
1490 4986 1766 5055 ἐπιτριϐο-

195 5081 394 5152 μένων,
430 5079 607 5150 ἡδύνει
668 5081 761 5133 καὶ
808 5081 868 5133 τὸ
923 5080 1102 5151 σῶμα,
1139 5080 1234 5133 καὶ
1274 5079 1633 5150 φλεγμαίνει·
1672 5081 1765 5134 καὶ

190 5172 464 5240 γίγνονται
496 5172 623 5234 ἴσως
657 5172 752 5242 μὲν
810 5173 861 5225 οἰ
911 5172 1207 5244 ἐρεθισμοί,
1250 5172 1378 5237 ἴσως
1414 5172 1472 5226 δὲ
1515 5175 1609 5226 καὶ
1652 5172 1760 5226 τῶν

190 5262 566 5334 ἐρεθισμάτων
601 5264 657 5315 αί
707 5263 993 5328 ἀποθέσεις
1042 5266 1135 5319 καὶ
1178 5264 1466 5336 ἐκλείψεις.
1502 5266 1564 5319 Εἰ
1607 5265 1665 5318 δὲ
1702 5266 1762 5332 ἐξ

188 5353 448 5410 ἐναντίων
473 5351 561 5426 ἦν,
592 5357 685 5409 καὶ
732 5357 791 5410 τὸ
817 5357 915 5428 μὲν
947 5358 1103 5428 σῶμα
1134 5359 1228 5414 τοῦ
1258 5359 1492 5430 πονηροῦ
1522 5355 1611 5432 ἦν,
1645 5363 1679 5432 ἡ
1705 5361 1761 5415 δὲ

187 5446 335 5518 ψυχὴ
382 5446 474 5500 τοῦ
535 5448 698 5502 Θεοῦ’
735 5449 948 5522 πρῶτον
979 5452 1078 5522 μὲν
1103 5452 1202 5505 οὐκ
1254 5451 1321 5506 ἂν
1361 5454 1603 5523 ἐγεγόνει
1640 5454 1762 5508 σύν-

185 5540 325 5607 οδος,
356 5539 481 5595 οὔτε
507 5542 642 5614 αὐτὴ
672 5543 705 5613 ἡ
736 5543 922 5614 μακρά
947 5545 1138 5616 κρᾶσις
1153 5543 1454 5597 ἐπετελεῖτο
1473 5562 1486 5576 ·
1513 5545 1761 5618 δεύτερον

257 5719 305 5751 ’τ’
345 5718 385 5773 11
418 5718 543 5775 Cor.
585 5737 672 5787 vr,
712 5721 811 5787 Η,
850 5721 936 5777 15.
1015 5725 1031 5755 ¹
1073 5721 1273 5794 Ephes.
1310 5739 1363 5790 ν,
1400 5723 1488 5779 19.

1873 3980 1965 4036 lud
1993 3989 2139 4034 amat
2159 3989 2212 4035 et
2235 3980 2519 4036 affectione
2540 3982 2923 4052 complectitur
2945 4001 2958 4036 :
3002 3980 3172 4038 Nemo
3193 3984 3332 4037 enim
3351 3998 3452 4037 un-

1872 4088 2028 4143 quam
2038 4088 2249 4126 carnem
2263 4088 2412 4126 suam
2434 4071 2552 4127 odio
2563 4071 2863 4138 habuit,sed
2876 4075 3043 4128 nutrit
3057 4083 3106 4128 et
3121 4074 3257 4145 fovet
3272 4091 3389 4129 eam
3406 4075 3448 4129 ¹.

1873 4163 1928 4218 Si
1940 4172 2121 4218 autem
2140 4164 2367 4219 alterum
2383 4165 2607 4220 alterius
2619 4180 2804 4220 curam
2820 4163 3312 4231 habet,etd010rem
3331 4181 3447 4221 cor-

1867 4255 2017 4326 poris
2039 4270 2196 4311 suum
2217 4256 2366 4311 ducit
2386 4257 2646 4321 anima;et
2671 4273 2779 4311 non
2803 4257 3138 4329 disiungitur
3153 4257 3448 4314 affectioni-

1867 4349 1990 4417 bus,
2004 4349 2096 4404 sed
2109 4348 2353 4419 adjungit
2370 4366 2429 4406 se
2441 4351 2507 4405 ad
2525 4352 2768 4417 vulnera,
2784 4338 3030 4423 adiungit
3044 4368 3104 4408 se
3124 4351 3192 4406 ad
3212 4351 3448 4407 affectio-

1866 4450 2044 4506 nes;et
2061 4455 2184 4494 cum
2201 4455 2400 4510 corpus
2421 4435 2567 4496 d'olet
2586 4450 2806 4513 propter
2819 4443 3126 4506 vulnera,in
3147 4442 3364 4498 tristitia
3389 4450 3444 4497 et

1865 4533 2112 4588 molestia
2130 4540 2214 4589 est
2239 4534 2439 4595 anima,
2459 4548 2580 4604 qua:
2602 4549 2708 4588 non
2735 4542 2912 4603 potest
2931 4550 3055 4591 esse
3075 4549 3270 4604 expers
3297 4533 3444 4590 dolo-

1870 4624 1971 4679 ris.
1991 4616 2128 4680 6υηὶ
2150 4640 2279 4680 vero
2303 4627 2629 4695 voluptatem
2653 4625 2905 4696 percipit,
2930 4632 2983 4680 ct
3015 4639 3046 4677 a
3074 4625 3347 4695 voluptate
3379 4625 3441 4681 ti-

1875 4718 2114 4785 tillatur;
2166 4720 2347 4774 anima
2393 4720 2555 4774 etiam
2595 4731 2777 4774 motus
2823 4718 3071 4788 corporis
3128 4717 3437 4787 participat,

1869 4817 1924 4865 et
1954 4811 2297 4867 titillationes
2332 4808 2497 4867 simul
2534 4813 2753 4882 attingit
2790 4830 2803 4866 :
2841 4826 2906 4867 ac
2936 4810 3190 4866 similiter
3215 4810 3436 4881 quidem

1870 4900 2092 4965 desinit,
2127 4902 2327 4972 accipit
2368 4918 2498 4957 vero
2539 4902 2789 4958 similiter
2822 4902 3241 4956 incrementum.
3300 4899 3436 4957 Cum

1868 4994 2071 5059 anima,
2113 4994 2369 5066 inquam,
2412 4995 2612 5051 desinit
2653 4994 3155 5066 perturbationibus
3207 4993 3432 5057 moveri,

1865 5085 2032 5141 simul
2055 5087 2257 5142 desinit
2285 5103 2508 5158 corpus,
2539 5095 2594 5143 et
2627 5087 2991 5157 conquiescit.
3022 5087 3160 5142 Cum
3186 5102 3315 5143 vero
3344 5100 3434 5140 cu-

1860 5177 2061 5248 piditas
2095 5180 2149 5234 in
2181 5181 2361 5235 anima
2385 5189 2714 5245 remoratur,
2751 5181 3151 5237 titillationibus
3179 5183 3341 5237 etiam
3372 5180 3430 5233 in

1862 5286 2093 5342 corpore
2132 5273 2446 5339 remoratis,
2500 5289 2702 5344 corpus
2742 5273 3011 5329 suavitate
3045 5271 3340 5343 perfundit,
3375 5276 3431 5324 et

1858 5365 2180 5433 inflammat;
2201 5369 2445 5438 fiuntque
2467 5369 2739 5439 aequalite.
2781 5366 3144 5430 titillationes,
3171 5373 3226 5420 et
3244 5376 3430 5434 mqua-

1862 5458 1986 5513 liter
2020 5459 2391 5514 titillationum
2420 5460 2752 5530 abjectiones
2771 5468 2825 5515 et
2853 5459 3206 5514 defectiones.
3242 5452 3300 5507 Si
3327 5468 3428 5510 au-

1862 5556 1971 5606 tem
2002 5566 2068 5606 ex
2110 5551 2403 5607 contrariis
2446 5559 2593 5609 esset
2638 5552 2822 5619 homo,
2864 5565 2930 5605 ac
2966 5561 3168 5619 corpus
3200 5545 3424 5617 quidem
