4038 6288
677 304 810 360 1251

1774 287 1913 344 TITI
1952 284 2381 345 BOSTRENSIS
2417 281 2729 343 EPISCOPI

3754 270 3851 328 i359,

672 420 874 479 diaboli
903 427 1067 484 esset,
1089 416 1269 472 anima
1295 427 1424 469 vero
1452 410 1550 466 Dei
1578 428 1590 465 :
1623 408 1859 480 primum
1887 406 2107 479 quidem
2129 421 2238 461 non

2301 439 2314 467 ι
2338 405 2395 460 δέ
2417 406 2479 459 τὸ
2508 404 2694 475 ἕτερον
2721 399 2790 454 τά
2830 396 2921 452 τοῦ
2945 393 3130 467 ἐτέρου
3159 392 3258 446 οὐκ
3301 389 3366 445 ἂν
3394 387 3742 459 παρεδέχετο·
3770 390 3849 444 iis}

674 512 821 568 facta
878 511 1070 565 fuisset
1105 504 1420 576 conjunctio
1463 501 1773 571 utriusque,
1822 513 1923 553 nec
1951 500 2069 569 ipsa
2115 496 2242 551 diu-

674 614 839 659 turna
872 601 1055 656 mistio
1096 596 1468 669 perficeretur.
1514 592 1795 655 Secundo,
1830 588 2081 659 quamvis
2108 587 2245 641 alte-

677 711 797 751 rum
823 693 891 747 ab
919 693 1091 747 altero
1111 688 1467 758 reciperetur,
1497 692 1551 739 et
1574 692 1867 752 utrumque
1895 692 2095 743 tamen,
2126 693 2247 748 quae

678 799 778 841 sua
820 788 1027 846 essent,
1073 779 1295 851 propria
1341 787 1395 833 et
1430 775 1641 846 privata
1674 774 1940 837 duceret;
1969 785 2090 841 quae
2118 783 2247 824 vero

676 874 921 937 alterius,
961 872 1138 926 aliena
1170 889 1183 925 :
1220 878 1274 924 et
1312 882 1488 938 neque
1514 866 1763 935 voluptas
1806 863 2077 932 corporis,
2124 861 2247 915 ani—

675 982 779 1021 ma:
804 965 1057 1035 voluptas
1105 961 1297 1028 ﬁeret;
1330 973 1509 1029 neque
1550 957 1777 1012 vulnera
1819 954 2067 1024 corporis
2097 952 2250 1007 dolo-

677 1075 767 1116 res
808 1058 1005 1113 animm
1036 1063 1251 1120 essent;
1300 1054 1394 1110 sed
1440 1062 1734 1122 utrumque
1766 1065 1864 1120 per
1903 1064 1963 1104 se
2006 1047 2252 1116 volupta-

678 1160 811 1216 tem,
846 1159 900 1205 et
940 1149 1183 1204 dolorem
1223 1147 1328 1203 sibi
1369 1145 1691 1216 impertiret.
1737 1140 2023 1207 Quomodo
2068 1147 2249 1193 autem

678 1240 931 1295 diabolus
977 1238 1148 1303 illinc,
1190 1239 1335 1308 quod
1380 1249 1540 1290 suum
1575 1248 1683 1287 non
1715 1239 1855 1296 erat,
1900 1243 2120 1284 sumere
2152 1242 2250 1296 po-

682 1334 827 1388 tuit?
855 1332 1125 1404 quomodo
1156 1331 1355 1392 anima,
1390 1342 1512 1398 quae
1550 1341 1659 1380 non
1695 1334 1781 1380 est
1812 1322 1999 1392 hujus,
2028 1320 2125 1375 sed
2168 1319 2252 1372 al-

681 1427 874 1488 terius,
922 1431 977 1478 et
1008 1422 1214 1477 nullam
1253 1417 1636 1473 admistionem
1671 1414 1790 1484 ejus
1827 1413 2014 1477 habet,
2046 1411 2141 1467 sed
2170 1419 2254 1465 est

682 1517 910 1573 alterius
935 1513 1273 1577 substantiae,
1303 1518 1356 1565 et
1385 1507 1702 1564 substantiae
1730 1506 1957 1560 omnino
1982 1519 2011 1557 a
2036 1503 2253 1558 diabolo

681 1608 905 1672 alienae;
959 1603 1252 1676 quomodo,
1303 1602 1544 1671 inquam,
1581 1598 1636 1652 in
1688 1595 1882 1651 alienis
1908 1600 1962 1649 et
2012 1592 2255 1648 externis

683 1698 811 1753 est?
851 1703 908 1752 et
961 1693 1342 1750 admistionem
1402 1686 1652 1758 corporis
1717 1683 1920 1739 diaboli
1992 1690 2251 1751 tanquam

681 1788 965 1846 vinculum
1008 1785 1210 1856 patitur
1257 1791 1310 1838 et
1351 1782 1569 1842 tolerat,
1620 1786 1675 1834 et
1708 1778 1870 1849 ligata
1918 1782 2001 1830 est
2056 1774 2112 1828 in
2143 1789 2253 1827 non

685 1880 833 1937 suo?
883 1874 1153 1947 quomodo
1204 1887 1426 1927 carnem
1470 1868 1743 1940 propriam
1799 1880 1921 1920 esse
1967 1863 2138 1927 ducit,
2198 1867 2253 1915 et

685 1980 929 2031 sanctam
971 1968 1103 2024 facit
1130 1977 1291 2037 atque
1316 1978 1434 2020 eam
1470 1962 1537 2016 ad
1569 1962 1825 2015 virtutem
1864 1964 2154 2027 prmparat,
2196 1962 2255 2007 ut

685 2064 869 2138 quoad
921 2062 1040 2117 fieri
1104 2065 1304 2131 potest,
1366 2054 1600 2111 similem
1652 2050 1765 2105 Deo
1824 2048 2058 2104 eﬂiciat?
2117 2045 2254 2102 Cum

685 2159 833 2214 enim
870 2168 1070 2224 corpus
1102 2158 1315 2206 castum
1342 2153 1448 2211 est,
1480 2153 1534 2200 et
1564 2158 1674 2199 non
1704 2140 2041 2197 sordidatum
2078 2152 2256 2207 neque

684 2246 1068 2309 maculatum;
1108 2255 1235 2296 cum
1274 2248 1524 2294 sanctum
1570 2241 1655 2291 est
1701 2240 1756 2289 et
1787 2232 2101 2297 honestum,
2129 2243 2254 2282 cum

686 2352 869 2395 sermo
893 2336 1012 2407 ejus
1040 2341 1267 2390 sanctus
1292 2338 1346 2386 et
1376 2336 1581 2393 rectus,
1611 2340 1736 2380 cum
1771 2330 2025 2391 aspectus
2042 2320 2250 2391 justus,

686 2447 814 2487 cum
856 2437 1038 2485 motus
1088 2428 1208 2500 ejus
1252 2423 1425 2481 divini
1458 2429 1589 2480 sunt
1617 2442 1629 2477 :
1662 2421 1795 2491 quid
1839 2417 1987 2474 aliud
2030 2424 2115 2473 est
2161 2415 2265 2471 hoc

687 2526 835 2583 dicta
861 2526 991 2581 sint.

2343 498 2598 570 ἑκάτερον
2649 496 2756 549 ίδια
2809 491 2907 564 μὲν
2964 488 3033 541 τά
3062 483 3279 547 ἐαυτοῦ,
3317 482 3573 554 ἀλλότρια
3609 481 3664 535 δέ
3709 479 3767 535 τὰ
3786 484 3850 537 τοῦ

2344 590 2528 660 ἐτέρου
2581 584 2885 655 ἐλογίζετο·
2925 580 3022 635 καὶ
3052 577 3175 631 οὕτε
3219 578 3254 647 ἡ
3295 573 3456 646 ἡδονὴ
3512 572 3617 626 τῶν
3644 574 3850 644 σωμάτων

2342 682 2504 752 ἡδονὴ
2532 680 2706 749 ψυχῆς
2742 677 3007 745 ἐγίγνετο,
3039 669 3162 725 οὔτε
3190 669 3257 723 τὰ
3279 668 3569 740 τραύματα
3600 666 3699 720 τῶν
3722 670 3850 739 cupi.

2345 791 2451 826 των
2483 770 2770 842 ἀλγηδόνες
2796 767 2975 838 ψυχῆς
3010 765 3285 834 ἐγίγνοντο
3307 777 3320 790 ·
3357 760 3473 814 ἀλλ’
3499 759 3748 831 ἑκάτερον
3769 762 3850 814 καθ’

2347 862 2523 928 ἑαυτὸ,
2544 864 2636 917 καὶ
2662 862 2760 934 τὴν
2789 860 2980 932 ἡδονὴν
3011 855 3206 926 ἐαυτῷ,
3238 853 3332 909 καὶ
3362 854 3433 907 τά
3470 851 3743 923 τραύματα
3769 854 3852 923 ἐμε-

2350 953 2547 1025 ρίζετο.
2602 952 2725 1017 Πῶς
2753 952 2809 1004 δὲ
2844 950 2936 1005 καὶ
2981 952 3009 1003 6
3036 947 3279 1010 διάϐολος
3321 945 3511 1015 ἴσχυσε
3566 943 3625 996 τὸ
3669 943 3734 1013 μὴ
3767 943 3851 997 ἴδιον

2349 1046 2556 1099 ἐκεῖθεν
2593 1044 2815 1109 λαϐεἰν;
2847 1042 2961 1106 πῶς
2987 1041 3043 1094 δὲ
3072 1040 3164 1093 καὶ
3188 1041 3220 1109 ἡ
3248 1036 3393 1108 ψυχὴ
3426 1036 3503 1107 μὴ
3542 1034 3719 1088 τούτου
3746 1031 3851 1100 οὖσα,

2350 1138 2483 1191 ἀλλὰ
2525 1136 2684 1189 ἄλλου
2740 1130 2894 1200 οὖσα,
2940 1134 3034 1187 καὶ
3079 1130 3349 1203 μηδεμίαν
3410 1128 3681 1200 ἐπιμιξίαν
3716 1128 3855 1199 ἔχουσα

2350 1229 2486 1301 πρὸς
2528 1227 2587 1280 τὸ
2646 1227 2840 1298 χωρίον
2886 1226 3064 1288 τοῦτο,
3095 1226 3210 1280 ἀλλ’
3231 1219 3364 1278 οὖσα
3397 1222 3589 1294 ἐτέρας
3619 1220 3779 1284 οὐσίας
3795 1223 3854 1275 καὶ

2353 1321 2526 1390 πάντη
2583 1317 3017 1389 ⁴ἠλλοτριωμένης
3053 1318 3154 1385 τῆς
3197 1316 3381 1379 οὐσίας
3427 1312 3524 1366 τοῦ
3576 1312 3796 1383 πονηροῦ,
3820 1314 3853 1365 ἐν

2350 1416 2463 1477 τοῖς
2489 1410 2787 1483 ἀλλοτρίοις
2820 1411 2937 1464 ἐστί
2964 1411 3058 1463 καὶ
3088 1409 3289 1475 ξένοις;
3317 1408 3411 1462 καὶ
3439 1406 3536 1478 τὴν
3560 1404 3646 1458 τοῦ
3672 1403 3856 1475 σώματα

2354 1501 2629 1573 ἐπιμιξίαν
2661 1500 2814 1574 φέρει
2860 1500 3057 1571 δεσμὸν
3088 1496 3344 1570 πονηροῦ,
3381 1498 3480 1551 καὶ
3510 1496 3701 1548 δέδεται
3724 1495 3853 1547 οὖκέν

2358 1595 2504 1665 ίδίῳ;
2535 1593 2628 1646 καὶ
2681 1592 3011 1645 ίδιοποιεῖται
3049 1590 3147 1661 τὴν
3187 1591 3385 1661 σάρκα,
3435 1587 3533 1642 καὶ
3571 1587 3715 1655 ἁγίαν
3738 1588 3853 1656 αὐτὴν

2356 1688 2516 1752 ποιεῖ,
2550 1687 2643 1737 καὶ
2674 1683 2807 1756 πρὸς
2830 1682 3026 1756 ἀρετὴν
3050 1682 3219 1753 αὐτὴν
3236 1677 3659 1752 παρασκευάζει,
3685 1679 3747 1740 ὡς
3783 1680 3852 1746 ἀφ-

2286 1757 2326 1811 Β
2356 1776 2669 1848 ομοιοῦσθαι
2703 1775 2842 1829 κατά
2870 1775 2931 1828 τὸ
2962 1774 3182 1829 δυνατὸν
3213 1772 3292 1843 τῷ
3324 1772 3593 1843 κρείττονι
3614 1787 3627 1828 :
3650 1771 3757 1823 ὅταν
3782 1770 3854 1840 γὰρ

2358 1868 2519 1940 ἁγνὸν
2626 1868 2720 1922 καὶ
2744 1868 3061 1941 ἀρῤύπαρον
3090 1868 3183 1921 καὶ
3209 1865 3541 1938 ἀκηλίδωτον
3561 1903 3578 1929 ,
3609 1863 3721 1916 ὅταν
3749 1861 3851 1929 ἅγιοι

2356 1956 2390 2035 ᾖ
2425 1960 2517 2013 καὶ
2539 1959 2755 2030 σεμνὸν,
2783 1959 2907 2012 ὅταν
2934 1959 3095 2027 ἁγίας
3115 1958 3214 2031 ἔχῃ
3238 1957 3338 2021 τὰς
3354 1955 3564 2021 λαλιὰς,
3583 1957 3697 2009 ὅταν
3728 1953 3852 2019 δεξιὰς

2357 2050 2455 2124 ἔχῃ
2506 2050 2604 2114 τὰς
2634 2050 2865 2121 βλέψεις,
2921 2051 3050 2104 ὅταν
3085 2050 3234 2114 θείας
3285 2049 3387 2122 ἔχῃ
3430 2051 3529 2112 τὰς
3569 2049 3792 2118 κινήσεις·
3816 2047 3850 2099 τί

2356 2142 2562 2213 ἕτερον,
2593 2143 2626 2214 ἢ
2654 2141 3047 2214 ἀφομοιοῦσθαι
3084 2141 3163 2213 τῷ
3209 2143 3523 2211 κρείττονι;
3577 2140 3663 2193 καὶ
3701 2137 3848 2203 ἐξεικά-

2358 2234 2505 2299 ξεται
2534 2235 2613 2307 τῷ
2644 2236 2814 2307 καλῷ,
2843 2236 2935 2290 καὶ
2986 2236 3248 2308 ἀναφέρει
3282 2236 3603 2309 χαρακτῆρα
3629 2234 3710 2287 τοῦ
3734 2232 3850 2304 κρείτ·

2358 2342 2506 2391 τονος
2530 2326 2638 2397 (65)
2664 2344 2679 2394 ;
2714 2329 2824 2381 Καὶ
2852 2327 3023 2383 ταῦτα
3050 2327 3149 2398 μὲν
3179 2326 3357 2391 οὕτως
3391 2326 3644 2398 είρήσθω.

2304 2435 2469 2490 quam
2525 2423 2755 2479 similem
2814 2439 2937 2479 esse
2983 2422 3139 2480 Deo?
3180 2423 3260 2479 Ac
3303 2423 3506 2506 de.bis
3560 2421 3747 2494 quidem
3779 2419 3851 2473 hic

1209 2635 1339 2693 CAP.
1374 2634 1563 2691 XVIII.
1594 2634 1883 2705 Scriptura:
1917 2608 2219 2713 testimonia
2253 2636 2317 2690 de
2350 2634 2617 2688 creatione
2649 2632 2882 2702 corporis
2919 2640 2968 2686 et
3005 2632 3197 2686 anima:
3223 2648 3257 2686 a
3283 2631 3420 2689 Deo.

763 2757 943 2812 Pauca
986 2763 1166 2810 autem
1212 2769 1280 2809 ex
1306 2751 1608 2825 Scripturis
1655 2768 2015 2825 apponamus,
2058 2762 2120 2810 ut
2164 2771 2262 2827 ap-

2452 2750 2639 2821 Ὀλίγα
2671 2751 2729 2804 δέ
2767 2750 2862 2804 καὶ
2905 2750 3011 2805 τῶν
3049 2750 3247 2820 λογίων
3288 2749 3673 2822 παραθὼμεθα,
3708 2750 3772 2803 ἵνα
3793 2750 3853 2804 καὶ

691 2846 895 2921 positio
943 2844 1356 2915 Scripturarum
1411 2845 1538 2899 illos
1589 2842 1658 2898 ad
1704 2844 2143 2900 erubescendum
2202 2861 2263 2900 se

2367 2846 2401 2916 ή
2441 2843 2549 2898 τῶν
2596 2842 2793 2911 λογίων
2848 2841 3150 2915 παράθεσις
3210 2843 3484 2916 ἐντροπὴν
3541 2843 3633 2914 μὲν
3674 2842 3854 2905 ἐκείνοις,

694 2939 902 3010 adigat,
934 2945 987 2993 et
1011 2938 1172 2992 nobis
1197 2936 1357 2991 fidem
1398 2935 1658 3005 majorem
1690 2936 1967 2992 conciliet.
2012 2935 2265 2992 Salvator

2369 2936 2501 3006 ἡμῖν
2538 2934 2595 2987 δέ
2628 2933 2862 2998 πίστεως
2911 2934 3193 3006 ἀκρίϐειαν
3239 2936 3469 3009 ποιήσῃ.
3519 2936 3573 2988 ὐ
3612 2934 3702 3006 γὰρ
3724 2931 3853 3002 Σωτὴρ

695 3028 841 3083 enim
865 3042 991 3081 cum
1024 3027 1081 3081 in
1108 3024 1407 3095 Evangelio
1437 3026 1505 3079 de
1539 3023 1870 3079 formatione
1893 3025 1998 3079 viri
2039 3033 2095 3079 et
2141 3040 2263 3079 mu-

2301 3080 2334 3109 Γ,
2370 3027 2427 3079 ἐν
2455 3025 2533 3097 τῷ
2583 3025 2902 3097 Εὐαγγελίῳ
2947 3027 3047 3095 τῆς
3090 3026 3339 3090 πλάσεως
3375 3026 3700 3099 μεμνημένος
3723 3024 3853 3096 ἀνδρὸς

693 3120 850 3176 lieris
895 3106 1162 3183 meminit,
1212 3116 1598 3172 formationem
1648 3117 1717 3171 ad
1754 3116 1979 3173 Patrem
2023 3135 2181 3175 suum
2214 3126 2266 3173 et

2301 3080 2335 3136 Ο
2370 3117 2463 3172 καὶ
2505 3080 2800 3187 ’γυναικδξ
2861 3080 2956 3171 διαὶ
3141 3080 3336 3172 πλάσιν
3375 3080 3661 3191 ιάναιρέρων
3683 3080 3768 3170 ,ἐπὶ

697 3213 1039 3269 conditorem
1071 3210 1320 3267 universi
1352 3209 1620 3274 referens,
1655 3210 1835 3265 aiebat
1862 3230 1875 3265 :
1904 3211 2008 3277 Qui
2033 3210 2153 3280 fecit
2185 3211 2266 3265 Ιιο-

2370 3208 2562 3263 ἐαυτοῦ
2618 3208 2840 3280 Πατέρα
2894 3209 2990 3263 καὶ
3034 3209 3261 3282 ποιητὴν
3310 3210 3411 3264 τοῦ
3460 3210 3662 3274 παντὸς,
3697 3208 3846 3273 ἔλεγενι

696 3306 892 3361 minem
939 3305 1004 3358 ab
1043 3303 1216 3368 initio,
1262 3302 1559 3356 masculum
1589 3311 1639 3357 et
1684 3302 1934 3371 feminam
1981 3304 2104 3372 fecit
2146 3319 2266 3368 eos;

2382 3303 2446 3355 '0
2494 3301 2709 3367 κτίσας
2740 3300 2841 3355 ἀπ’
2871 3300 3086 3370 ἀρχῆς,
3127 3300 3314 3369 ἄρσεν
3343 3303 3444 3356 καὶ
3476 3302 3623 3372 θῆλυ
3649 3300 3848 3367 ἐποίησεν

695 3408 748 3456 st
776 3399 953 3453 dixit:
978 3397 1204 3466 Propter
1251 3395 1347 3450 hoc
1391 3396 1646 3466 relinquet
1687 3394 1840 3449 homo
1873 3405 2076 3466 patrem
2118 3413 2266 3451 suum

2372 3394 2594 3460 αὐτούς
2618 3410 2632 3424 ’
2680 3393 2779 3447 καὶ
2826 3388 3029 3446 εἶπεν·
3067 3393 3315 3447 Ἕνεκεν
3356 3397 3567 3450 τούτου
3593 3393 3845 3458 καταλείψει

696 3500 748 3547 αι
782 3500 1005 3545 matrem
1037 3505 1212 3552 suam,
1243 3497 1293 3542 et
1342 3487 1628 3543 adluerebit
1669 3489 1825 3542 uxori
1868 3504 2001 3554 suat,
2032 3499 2081 3543 et
2118 3499 2266 3543 erunt

2374 3486 2684 3555 ἄνθρωπος
2733 3485 2841 3539 τὸν
2890 3484 3115 3552 πατέρα
3163 3486 3351 3541 αὐτοῦ
3387 3487 3487 3540 καὶ
3536 3486 3639 3555 τὴν
3663 3481 3845 3556 μητέραο

2376 3578 2475 3632 καὶ
2532 3575 3137 3647 προσκολληθήσεται
3167 3576 3244 3645 τῇ
3297 3580 3534 3647 γυναικὶ
3582 3574 3757 3630 αὑτοῦ·
3788 3571 3845 3625 καὶ

2376 3674 2620 3727 ἔσονται
2634 3675 2687 3726 οἱ
2703 3671 2811 3725 δύο
2832 3673 2919 3737 εις
2945 3669 3143 3738 σάρκα
3158 3671 3327 3741 μίαν.
3353 3674 3415 3725 "0
3443 3667 3553 3727 οὖν
3578 3673 3608 3725 ό
3631 3668 3745 3732 Θεὸς
3755 3680 3846 3719 σινγ-

2377 3763 2636 3829 έζευξεν,
2668 3760 2984 3832 ἅνθρωπος
3007 3759 3093 3831 μὴ
3118 3760 3422 3830 χωριζέτω.
3457 3762 3560 3816 Καὶ
3585 3760 3665 3813 τδν
3687 3759 3777 3828 ὅρον
3792 3751 3847 3803 τώ

2382 3855 2634 3928 σώματος
2666 3854 2761 3908 καὶ
2808 3853 2909 3924 τῆς
2938 3853 3116 3924 ψυχῆς
3159 3854 3330 3906 αἴτιον
3360 3851 3643 3925 ὁμολογῶν,
3677 3844 3773 3909 οἶδε,
3794 3842 3849 3897 καὶ

2380 3947 2601 4019 Πατέρα
2629 3946 2911 4018 ὁμολογεῖ·
2948 3946 3043 3998 καὶ
3088 3944 3274 4015 ἐπέχει
3307 3944 3408 4010 τὰς
3454 3941 3751 4016 ἀνθρωπίνας
3779 3938 3851 3989 ἔτι·

697 3584 804 3639 duo
825 3585 880 3638 in
911 3599 1124 3637 carnem
1157 3599 1318 3636 unam
1343 3598 1361 3636 :
1384 3583 1559 3651 itaque
1579 3581 1698 3650 jam
1729 3598 1834 3636 non
1866 3592 1987 3636 sunt
2031 3581 2159 3648 duo,
2183 3582 2274 3636 sed

697 3690 809 3729 una
828 3691 974 3728 caro.
1016 3672 1169 3739 Quod
1202 3689 1324 3743 ergo
1361 3670 1505 3724 Deus
1545 3671 1842 3739 conjunxit,
1880 3671 2033 3723 homo
2059 3687 2164 3724 non
2193 3686 2273 3724 se-

699 3775 850 3834 paret
872 3767 916 3821 ”.
949 3764 1111 3818 Novit
1144 3762 1305 3832 cujus
1358 3770 1506 3818 esset
1534 3776 1736 3832 corpus
1775 3768 1830 3815 et
1871 3761 2029 3830 cujus
2063 3760 2273 3824 anima,

701 3854 1015 3912 conﬁtendo
1061 3861 1342 3909 auctorem
1386 3853 1692 3923 utriusque,
1727 3861 1782 3907 et
1832 3852 2048 3906 Patrem
2098 3851 2276 3906 conﬂ-

702 3949 904 4016 tendo;
936 3954 992 4002 et
1024 3947 1221 4002 retinet
1251 3962 1315 4001 ac
1344 3945 1563 4001 cohibet
1593 3946 1861 4001 humanas
1895 3944 2275 4014 cogitationes,

704 4038 920 4103 volens,
961 4043 1019 4092 ut
1069 4052 1180 4092 non
1229 4036 1446 4107 possint
1484 4034 1724 4107 disjnngi
1769 4051 1890 4106 quae
1931 4034 2079 4089 facta
2113 4042 2266 4090 sunt:

2381 4038 2549 4102 νοίας,
2581 4034 2861 4107 ἁχώριστα
2912 4029 3051 4087 εἶναι
3101 4034 3171 4088 τὰ
3224 4034 3565 4107 πεποιημένα
3606 4029 3848 4103 βουλόμενοςο

706 4146 819 4186 non
842 4129 1171 4195 concedens,
1197 4137 1257 4182 ut
1289 4128 1399 4182 ulla
1426 4128 1663 4182 humana
1693 4128 1963 4183 sententia
1993 4141 2058 4181 ac
2085 4127 2266 4182 volunt

2383 4131 2477 4185 καὶ
2525 4129 2601 4200 μὴ
2655 4126 2968 4200 ἀνθρωπίνῃ
3011 4126 3203 4199 γνώμῃ
3250 4127 3504 4200 χωρίζειν
3540 4126 3604 4180 τὰ
3633 4121 3773 4182 καλῶς
3790 4118 3850 4187 ἠρ-

711 4230 842 4286 tate,
889 4236 1009 4291 quae
1061 4221 1201 4274 bene
1258 4225 1445 4289 aptata
1494 4227 1644 4281 sunt,
1694 4233 1950 4286 separare
1996 4219 2177 4275 liceat.
2216 4220 2266 4272 Ir

2388 4222 2632 4295 μοσμένα
2665 4219 2993 4292 ἐπιτρέπων.
3043 4221 3130 4272 Ἐν
3175 4220 3231 4273 δέ
3262 4220 3340 4290 τῷ
3371 4217 3663 4289 Εὑαγγελίῳ
3698 4212 3779 4273 τοῖς
3799 4207 3849 4260 ὅθ’

682 4312 1006 4391 _Evangelio
1053 4318 1236 4365 autem
1288 4311 1357 4365 iis
1408 4309 1502 4380 qui
1539 4309 1679 4365 falso
1722 4310 2047 4364 videbantur
2087 4310 2266 4365 eodem

2387 4316 2546 4388 κήσει
2592 4314 2691 4385 τῆς
2728 4313 2897 4384 αὐτῆς
2948 4312 3261 4385 ἐπιμελείας
3304 4313 3603 4385 ἐχομένοις,
3643 4300 3849 4379 ἠμεληκόσι

708 4403 893 4461 studio
926 4410 981 4457 et
1024 4416 1157 4456 cura
1190 4403 1388 4464 teneri,
1420 4402 1634 4456 occulta
1667 4410 1849 4456 tamen
1881 4410 2082 4472 etquae
2129 4403 2281 4458 intus

670 4532 679 4539 ε
709 4503 869 4553 erant
899 4494 953 4547 in
980 4492 1223 4557 homine,
1257 4492 1621 4562 negligebant,
1653 4493 1827 4546 aiebat
1858 4511 1869 4546 :
1900 4491 2088 4558 Stulti,
2109 4509 2282 4547 nonne

707 4588 796 4658 qui
817 4586 936 4656 fecit
964 4584 1102 4654 quod
1127 4582 1261 4652 [oris
1283 4592 1381 4646 est,
1405 4581 1542 4651 quod
1569 4583 1710 4636 intus
1731 4593 1830 4648 est,
1858 4584 1977 4653 fecit
2004 4585 2062 4637 a?
2094 4583 2151 4639 Si
2180 4600 2282 4639 au-

711 4684 843 4740 tem,
874 4676 1020 4745 quod
1056 4675 1204 4729 intus
1234 4680 1340 4736 est,
1366 4672 1555 4727 anima
1583 4683 1699 4741 est;
1733 4675 1875 4743 quod
1906 4682 2085 4730 autem
2118 4674 2280 4739 foris,

711 4781 947 4838 corpus;
979 4777 1034 4824 et
1061 4768 1153 4839 qui
1192 4767 1319 4822 fecit
1346 4765 1494 4837 quod
1524 4767 1672 4822 intus
1705 4774 1814 4831 est,
1849 4768 2087 4822 animam
2117 4768 2281 4835 fecit;

713 4866 768 4914 et
813 4859 907 4928 qui
940 4858 1071 4913 fecit
1119 4858 1264 4931 quod
1301 4856 1445 4914 foris
1494 4863 1599 4923 est,
1661 4865 1862 4927 Carpus
1908 4857 2283 4928 fecitzigitur

714 4950 806 5021 qui
836 4956 920 5003 est
958 4949 1155 5004 animae
1200 4957 1392 5004 auctor
1434 4955 1488 5004 et
1515 4947 1759 5012 effector,
1790 4948 2038 5019 corporis
2082 4957 2278 5005 auctor

713 5054 769 5101 et
795 5042 1017 5100 eﬂector
1047 5052 1131 5099 est
1161 5064 1173 5100 :
1203 5052 1256 5100 et
1286 5044 1428 5100 Deus
1464 5053 1571 5109 est,
1609 5046 1701 5115 qui
1734 5052 2029 5115 utrumque
2067 5045 2200 5100 fecit
2227 5055 2282 5100 et

715 5136 922 5209 aptavit
960 5144 1015 5191 et
1055 5136 1370 5206 conjunxit,
1414 5136 1507 5207 qui
1538 5136 1680 5191 hanc
1713 5137 2053 5192 harmoniam
2084 5137 2285 5192 decen-

713 5231 983 5287 ‘issimam
1013 5229 1427 5299 coagmentavit.
1457 5229 1578 5299 Ipse
1607 5239 1789 5285 autem
1823 5229 2074 5286 Salvator
2107 5244 2280 5300 quam

717 5323 1122 5381 accurationem
1146 5321 1362 5391 corpori
1400 5320 1455 5374 in
1489 5322 1831 5378 sermonibus
1859 5322 1975 5378 suis
2005 5322 2280 5389 adhibet,

850 5479 1037 5536 Matth.
1077 5495 1202 5545 Xlx,
1237 5477 1355 5533 4-6.
1434 5476 1454 5508 ³
1490 5475 1630 5531 Luc.
1673 5494 1760 5544 ιι,
1794 5478 1887 5533 40.

2315 4431 2359 4485 D
2387 4408 2445 4461 δέ
2477 4406 2586 4460 τῶν
2619 4405 2877 4478 κρυπτῶν
2923 4405 3018 4458 καὶ
3057 4406 3157 4476 τῆς
3195 4405 3343 4459 ἔνδον
3377 4402 3687 4476 ἐπιμελείας,
3724 4392 3847 4466 φησίν

2393 4500 2703 4567 Ἀφρονες,
2748 4498 2860 4565 οὐχ
2892 4500 2925 4550 ό
2966 4497 3226 4564 ποιήσας
3257 4498 3324 4552 τὸ
3369 4498 3582 4564 ἔξωθεν
3616 4488 3769 4547 καὶτὸ
3796 4485 3849 4537 ἔτι

2390 4589 2565 4643 δοθεν
2605 4589 2929 4657 ἐποίησεν;
2971 4590 3036 4643 Εἰ
3090 4588 3149 4642 δὲ
3203 4588 3264 4642 τὸ
3324 4590 3422 4661 μὲν
3479 4585 3661 4643 ἐσωθέν
3700 4574 3846 4639 ἐστινῆ

2389 4678 2555 4750 ψυχὴ,
2584 4678 2643 4732 τὸ
2670 4679 2727 4732 δέ
2756 4679 2953 4743 ἔξωθεν
2995 4679 3055 4733 τὸ
3082 4678 3261 4748 σῶμα,
3293 4681 3389 4735 καὶ
3430 4682 3459 4734 6
3489 4678 3695 4747 ποιήσας
3725 4670 3770 4723 τὺ
3789 4666 3845 4718 ἔσω

2388 4770 2486 4843 τὴν
2514 4769 2690 4842 ψυχὴν
2718 4770 3004 4837 πεποίηκε,
3030 4772 3124 4825 καὶ
3158 4772 3186 4823 ὁ
3213 4772 3445 4843 ποιήσας
3472 4770 3530 4823 τὸ
3572 4767 3662 4831 ἔξω
3687 4761 3736 4815 τὺ
3756 4756 3843 4822 σῶμι

2390 4863 2717 4934 πεποίηκεν·
2761 4866 2790 4918 6
2833 4863 3013 4934 ψυχῆς
3057 4863 3284 4935 ποιητὴς
3330 4842 3432 4918 γκαὶ
3484 4860 3704 4931 σώματος
3726 4852 3772 4906 ἇν
3800 4842 3843 4910 εἴη

2382 4956 2611 5027 ποιητής
2632 4972 2645 4986 ·
2681 4955 2776 5010 καὶ
2804 4955 2936 5019 Θεός
2968 4958 3117 5009 ἐστιν
3150 4958 3179 5009 6
3206 4955 3489 5026 ἀμφότερα
3526 4949 3675 5005 ποιῶν
3707 4942 3774 4998 καὶ
3788 4940 3845 5005 ἀρ·

2388 5048 2567 5117 μόζων
2615 5048 2710 5101 καὶ
2759 5046 3065 5113 συνάπτων,
3093 5050 3122 5101 6
3171 5048 3269 5118 τὴν
3303 5047 3559 5119 ἁρμονίαν
3599 5040 3761 5106 ταύτην
3790 5029 3843 5095 τὴν

2386 5141 2885 5212 ίεροπρεπεστάτην
2922 5141 3286 5213 ἡρμοσμένος.
3318 5141 3489 5204 Αὐτὸς
3531 5138 3583 5191 δὲ
3609 5138 3635 5189 δ
3660 5125 3794 5194 Σωτὴρ

2383 5236 2502 5296 ταῖς
2529 5232 2723 5286 ἐαυτοῦ
2769 5232 3067 5300 διαλέξεσιν
3108 5235 3227 5289 οἵαν
3261 5233 3570 5305 ἐπιμέλειαν
3597 5226 3775 5281 ποιεῖται
3791 5227 3842 5305 τείν

2388 5322 2637 5396 σώματος
2658 5364 2673 5390 ,
2707 5327 2834 5381 ὅταν
2866 5326 3001 5400 λέγῃ
3021 5344 3034 5357 ·
3063 5326 3240 5382 Εἰσὶν
3271 5303 3563 5394 εῠὲοῦχοι,
3592 5319 3760 5377 οἵτινες
3786 5303 3842 5358 εὖ·

789 5660 899 5733 (65)
940 5663 1045 5719 Καὶ
1090 5664 1247 5729 ἐξ....
1281 5661 1639 5731 κρείττονος.
1682 5656 1808 5716 Haec
1859 5658 2043 5716 omisit
2091 5658 2388 5729 interpres.
