4038 6288
301 343 439 401 1355

1349 342 1720 401 ADVERSUS
1750 344 2182 405 MANICHIEOS
2218 347 2348 406 LIB.
2390 347 2475 406 111.

3390 356 3412 409 1
3423 353 3527 410 εει

294 461 593 530 νούχῖσαν
619 459 872 524 ἑαυτοὺς
910 457 1005 514 διὰ
1035 458 1148 527 τὴν
1169 460 1496 525 βασιλείαν
1528 460 1646 515 τῶν
1691 464 1843 530 οὑραι

1967 479 2094 518 cum
2123 463 2199 519 ait
2230 483 2244 519 :
2271 462 2405 520 Sunt
2430 464 2673 530 eunuchi,
2708 467 2798 536 qui
2835 483 2889 521 se
2925 477 3286 523 castraverunt
3318 480 3530 540 propter

294 553 438 608 νῶν.
482 552 544 604 Ὀ
577 549 911 620 δυνάμενος
938 552 1149 620 χωρεῖν
1179 552 1473 621 χωρείτω]
1500 552 1715 624 Ταύτην
1749 554 1857 625 γάρ

293 642 609 714 ἐπιμέλειαν
640 641 717 713 τῷ
760 640 971 712 σώματι
1013 641 1383 707 ἀποδεδωκὼς,
1419 643 1512 695 καὶ
1545 643 1697 711 ἆγιον
1726 645 1857 697 αὐτὸ

292 735 388 787 καὶ
421 732 650 796 ἀπαθὲς,
684 734 778 786 καὶ
807 732 1056 804 ἀνήδονον
1086 733 1537 803 παρασκευάζων,
1562 734 1655 787 καὶ
1677 736 1855 788 πᾶσαν

291 823 585 896 ἐπιθυμίαν
613 823 930 894 ὑποτέμνων
966 825 1059 878 καὶ
1090 825 1394 897 ὑποκείρων
1433 825 1511 896 τῷ
1544 824 1706 895 λόγῳ,
1757 826 1855 898 τὴν

290 914 427 986 πρὸς
475 913 536 967 τὸ
583 913 740 983 σῶμα
789 913 1102 985 ἐπιμέλειαν
1145 913 1403 980 δείκνυσι,
1439 917 1532 969 καί
1577 916 1677 988 τὴν
1719 915 1856 987 πρὸς

289 1005 388 1077 τήν
438 1004 615 1076 σάρκα
656 1005 981 1077 κηδεμονίαν
1011 1008 1301 1078 σημαίνει·
1335 1007 1628 1077 κηδόμενος
1671 1008 1728 1060 δὲ
1763 1008 1856 1060 καὶ

290 1094 592 1170 φροντίζων
624 1096 722 1168 τὴν
749 1098 982 1168 ἰδιότητα
1012 1099 1076 1151 ἐκ
1102 1099 1201 1169 τῆς
1226 1099 1551 1170 κηδεμονίας
1570 1098 1851 1170 κηρύττει,

292 1188 454 1259 μέχρι
497 1186 593 1241 τοῦ
644 1188 955 1259 βλέμματος
987 1188 1234 1258 φθάνωνο
1269 1190 1353 1244 ἵνα
1386 1188 1460 1261 μὴ
1501 1189 1561 1243 τὺ
1614 1188 1850 1260 βλέμμα,

288 1279 364 1343 ὡς
399 1279 557 1351 ἔτυχε
602 1280 936 1351 κινούμενον,
968 1283 1237 1353 ῥυπαρίας
1274 1282 1364 1335 καὶ
1401 1280 1615 1352 κηλίδος
1641 1282 1848 1351 ἐμπιμ-

288 1379 511 1450 πλῆται,
546 1372 680 1426 άλλά
712 1372 808 1444 τὴν
844 1371 1057 1426 εῠτονον
1104 1373 1224 1443 ἔχον
1254 1373 1466 1438 κίνησιν
1507 1371 1852 1443 ἡρμοσμένον

286 1467 534 1538 διατελῇ·
580 1464 727 1533 λέγει
752 1463 861 1534 γάρ
895 1465 951 1515 ἐν
978 1462 1055 1533 τῷ
1093 1463 1442 1533 Εὑαγγελίῳ·
1482 1459 1608 1526 Πᾶς
1646 1463 1678 1514 ὁ
1704 1458 1852 1525 ,ϐλέ-

286 1576 416 1612 πων
465 1555 717 1625 γυναῖκα
764 1553 915 1621 πρὸς
967 1555 1033 1608 τὸ
1083 1552 1444 1622 ἐπιθυμῆσαι
1497 1552 1687 1620 αὐτῆς
1732 1551 1847 1620 ἤδη

284 1649 640 1718 ἐμοίχευσεν
670 1645 865 1713 αὐτὴν
894 1646 964 1699 ἐν
1007 1643 1082 1713 τῇ
1133 1644 1345 1713 καρδίᾳ
1375 1642 1582 1697 αὐτοῦ.
1635 1642 1745 1695 Καὶ
1786 1640 1849 1694 τὸ

286 1742 344 1793 ἐν
373 1738 451 1811 τῷ
482 1737 691 1808 σώματι
724 1738 891 1801 πάθος
930 1739 996 1807 τῇ
1040 1736 1236 1807 καρδίᾳ
1266 1732 1587 1806 συμμετρεῇ
1628 1732 1720 1785 καὶ
1752 1730 1845 1785 τοῦ

1964 570 2179 624 regnum
2205 554 2473 609 caelorum.
2508 556 2613 623 Qui
2642 559 2834 626 poterit
2854 574 3059 628 capere,
3085 560 3258 629 capiat
3279 560 3330 613 ‘l
3360 561 3528 616 Adhi-

1963 643 2098 699 bens
2118 645 2262 701 enim
2295 646 2438 701 hanc
2460 645 2801 718 diligentiam
2838 656 2891 703 et
2920 649 3161 705 studium
3202 652 3441 722 corpori,
3473 658 3525 708 et

1962 732 2201 790 eﬁiciens
2228 734 2408 805 ipsum
2445 746 2691 792 sanctum
2721 745 2776 793 et
2805 739 3307 807 perturbationibus
3338 756 3402 795 ac
3431 757 3525 797 vo-

1963 825 2263 895 luptatibus
2298 842 2557 892 vacuum,
2608 836 2663 884 et
2703 844 2918 885 omnem
2961 831 3315 901 cupiditatem
3358 836 3525 890 verbo

1962 923 2254 986 amputans
2300 927 2355 972 et
2399 918 2733 985 detondens;
2780 923 3226 991 procurationem
3275 927 3524 995 corporis

1960 1003 2324 1069 demonstrat.
2371 1018 2427 1063 et
2454 1024 2644 1064 curam
2683 1013 2869 1067 carnis
2896 1014 3181 1083 providam
3225 1017 3521 1087 signiﬁcat.

1962 1094 2340 1155 Sollicitudine
2369 1111 2548 1156 autem
2602 1109 2655 1157 et
2685 1106 3031 1162 accuratioue
3047 1122 3200 1163 suam
3228 1124 3350 1165 esse
3381 1126 3518 1181 pra:-

1959 1185 2128 1252 dicat,
2161 1191 2517 1261 progrediens
2543 1209 2716 1265 usque
2744 1194 2812 1250 ad
2841 1192 3028 1252 curam
3055 1207 3345 1270 aspectus;
3374 1217 3441 1258 ne
3474 1203 3523 1258 si

1958 1291 2214 1350 aspectus
2238 1284 2463 1339 fortuito
2490 1300 2553 1340 ac
2583 1293 2787 1345 temere
2818 1300 3123 1357 moveatur,
3149 1294 3295 1348 omni
3327 1295 3447 1351 labe
3466 1304 3522 1351 et

1956 1374 2172 1428 macula
2211 1376 2535 1445 impleatur;
2572 1380 2819 1449 quinimo
2862 1383 2929 1436 εἰ·
2948 1392 3267 1441 constanter
3301 1395 3356 1442 et
3402 1403 3522 1457 gra-

1955 1464 2094 1519 viter
2124 1465 2320 1530 cietur,
2352 1467 2407 1521 in
2443 1477 2568 1538 apta
2595 1471 2860 1526 modestia
2892 1484 3203 1543 perseveret
3228 1494 3241 1530 :
3265 1477 3342 1531 ait
3371 1479 3516 1534 enim

1955 1551 2012 1606 in
2038 1552 2333 1625 Evangelia
2359 1576 2371 1609 :
2406 1556 2591 1613 Omnis
2615 1563 2705 1621 qui
2728 1561 2911 1616 viderit
2938 1567 3206 1620 mulierem
3234 1568 3302 1620 ad
3324 1585 3518 1623 concu—

1953 1646 2256 1715 piscendum
2302 1665 2440 1712 eam,
2479 1650 2599 1719 jam
2649 1654 2931 1709 moechatus
2975 1666 3050 1710 est
3096 1673 3213 1711 eam
3261 1661 3317 1713 in
3363 1660 3519 1716 corde

1952 1753 2050 1792 suo
2072 1739 2114 1792 ⁸.
2148 1738 2578 1798 Commotionem
2620 1745 2675 1798 in
2710 1760 2941 1817 corpore
2991 1762 3116 1802 cum
3163 1752 3328 1806 corde
3366 1768 3516 1808 com-

288 1828 595 1901 βλέμματος
645 1827 1105 1898 ἐπιμελούμενος,
1160 1826 1342 1896 κοινὴν
1388 1824 1487 1896 τὴν
1534 1822 1843 1891 ἐπιμέλειαν

1949 1829 2192 1895 metitur,
2239 1838 2293 1887 et
2337 1841 2617 1903 aspectum
2654 1850 2879 1903 curans,
2937 1853 3280 1896 communem
3323 1858 3513 1899 curam

280 1921 381 1992 τῆς
413 1921 637 1992 καρδίας
666 1922 927 1974 ποιεῖταν
963 1918 1133 1982 πάθος
1161 1917 1489 1989 βλέμματος,
1525 1914 1694 1979 πάθος
1719 1932 1843 1987 καρ-

1951 1919 2171 1976 adhibet
2207 1922 2397 1990 cordi;
2441 1927 2861 1981 commotionem
2890 1939 3165 2000 aspectus,
3196 1935 3516 1989 commotio.

280 2011 399 2075 δίας
427 2011 879 2083 εἰσηγησάμενος,
919 2011 1013 2063 καὶ
1062 2009 1380 2080 ἐπιμέλειαν
1425 2006 1686 2077 ὀμμάτων
1730 2008 1851 2059 ἐπι-

287 2101 504 2171 μέλειαν
546 2101 638 2155 τοῦ
665 2101 1003 2171 διανοητικοῦ
1054 2100 1298 2171 θέμενος.
1333 2096 1465 2151 Οὐδὲ
1511 2097 1620 2168 γὰρ
1650 2098 1852 2171 ἑτέρως

285 2193 474 2263 βλάψει
508 2193 568 2247 τὸ
591 2194 765 2264 ὄμμα,
795 2193 827 2265 ἢ
853 2194 927 2257 ὼς
960 2192 1151 2263 βλάψει
1188 2194 1216 2245 ό
1248 2191 1373 2254 νοῦς
1394 2207 1410 2217 ’
1443 2190 1564 2243 οὐδὲ
1590 2189 1699 2259 γάρ
1739 2186 1849 2241 οἷόν

280 2285 341 2338 τέ
366 2286 481 2338 ἐστι
534 2285 597 2339 τὸ
643 2285 797 2357 ὄμμα
840 2283 1278 2357 διαστρέφεσθαι,
1322 2283 1421 2354 τὴν
1461 2282 1519 2335 δέ
1557 2280 1734 2351 ψυχὴν
1769 2279 1844 2352 μὴ

280 2377 694 2449 διαστρέφεσθαι
715 2393 727 2407 ·
756 2374 1011 2439 ἐπιεικῶς
1034 2376 1141 2448 γὰρ
1164 2375 1343 2445 ψυχῆς
1371 2374 1466 2428 καὶ
1496 2371 1679 2437 ἁπλῶς
1705 2370 1843 2443 ὀρώ-

283 2487 401 2541 σης,
432 2468 751 2540 ἐπιτηδείως
781 2468 971 2538 ὄψεται
999 2466 1069 2521 τά
1092 2468 1331 2539 ὄμματα.

1948 2026 2074 2065 nem
2129 2011 2314 2068 cordis
2344 2022 2605 2085 reputans
2636 2032 2779 2083 esse,
2826 2027 2881 2074 et
2919 2023 3318 2077 accurationem
3359 2038 3518 2095 aspe-

1948 2109 2091 2169 ctus,
2126 2105 2535 2161 accurationem
2569 2109 2794 2165 mentis.
2844 2110 2954 2166 Nec
2984 2114 3129 2167 enim
3171 2115 3330 2170 aliter
3356 2131 3516 2173 noee-

1946 2191 2026 2246 bit
2049 2194 2263 2259 oculus,
2290 2211 2450 2265 quam
2484 2208 2543 2254 ut
2572 2202 2791 2257 nocebit
2826 2218 3016 2271 mens;
3041 2208 3168 2276 quia
3196 2223 3305 2263 non
3336 2218 3513 2280 potest

1950 2283 2143 2339 oculus
2170 2284 2482 2355 depravari,
2518 2304 2628 2344 non
2671 2290 2968 2361 depravata
3018 2296 3197 2350 anima
3226 2315 3240 2352 :
3272 2298 3321 2355 si
3363 2300 3511 2355 enim

1950 2373 2131 2427 anima
2158 2383 2243 2430 est
2274 2376 2329 2430 in
2360 2379 2616 2448 aequitate
2647 2389 2701 2437 et
2743 2391 2891 2441 recte
2918 2386 3086 2454 videt,
3120 2397 3246 2461 apte
3286 2398 3341 2447 et
3372 2407 3506 2449 con-

1947 2465 2229 2521 venienter
2254 2469 2397 2524 oculi
2425 2481 2672 2529 cernent.

1186 2606 1314 2660 CAP.
1356 2602 1494 2657 XlX.
1532 2602 1774 2658 Christus
1804 2584 1990 2669 corpus
2014 2600 2257 2658 habuisse
2290 2608 2601 2665 ostenditur.

361 2723 626 2778 Ἐνταῦθα
668 2721 799 2789 γοῦν
832 2723 931 2795 τὴν
966 2723 1163 2778 ἄτοπον
1194 2721 1379 2793 βλέψιν
1410 2717 1837 2793 παραόλεψάμε-

272 2834 389 2880 νος,
436 2816 533 2889 τὴν
563 2816 724 2884 άγίαν
758 2816 1114 2883 παρεισάγειο
1157 2814 1244 2868 ἵνα
1288 2818 1337 2868 ot
1389 2813 1659 2884 ὀφθαλμοὶ
1707 2811 1841 2883 ὀρθά

277 2908 538 2979 βλέπωσι,
588 2910 682 2963 καὶ
726 2908 795 2962 τά
834 2909 1074 2980 βλέφαρα
1122 2908 1322 2962 νευέτω
1353 2908 1571 2961 δίκαια·
1624 2905 1841 2977 ἐπαίρει

272 3001 385 3073 γάρ
427 3000 496 3054 τὰ
526 3001 766 3073 ὄμματα,
797 3000 946 3055 κάτω
986 3001 1123 3054 αύτά
1167 3000 1479 3071 κεκάμφθαι
1511 2999 1587 3071 μὴ
1617 2999 1840 3070 ἐπιτρέ-

276 3111 416 3161 πων,
441 3092 576 3148 άλλὰ
601 3093 883 3148 διανιστῶν
912 3091 1051 3147 αὐτὰ
1084 3094 1179 3147 καὶ
1219 3092 1519 3164 διεγείρων,
1551 3093 1643 3146 καὶ
1669 3092 1842 3163 ἐπῃρ-
1867 3125 1910 3181 C

280 3185 416 3255 μένα
456 3185 594 3239 αὐτὰ
642 3185 1095 3257 παρασκευάζων.
1134 3184 1246 3246 Διὸ,
1295 3184 1494 3255 πολλὴν
1522 3181 1839 3254 ἐπιμέλειαν

273 3274 383 3329 τῶν
418 3276 683 3348 σωμάτων
729 3275 1066 3346 ποιούμενος,
1100 3275 1195 3329 καὶ
1226 3275 1385 3347 σῶμα
1413 3273 1714 3344 πεφόρηκε,
1746 3271 1841 3324 καὶ

277 3368 357 3431 είς
395 3367 552 3438 σῶμα
586 3363 765 3439 ἦλθεν.
816 3369 879 3420 Ei
924 3366 1023 3437 μὲν
1068 3363 1160 3420 οὖν
1191 3366 1291 3419 οὐκ
1320 3362 1482 3436 ἦλθεν
1523 3365 1580 3419 ἐν
1608 3352 1840 3435 σώματι,

275 3456 327 3512 τί
366 3459 597 3531 φήσουσι
629 3460 755 3532 περὶ
803 3459 896 3513 τοῦ
946 3457 1199 3530 σταυροῦ,
1242 3458 1337 3511 καὶ
1382 3456 1474 3510 τοῦ
1520 3455 1693 3509 τύπου
1734 3453 1842 3507 τῶν

273 3547 439 3620 ἥλων,
470 3551 565 3603 καὶ
594 3547 689 3601 τοῦ
727 3547 896 3603 τύπου
929 3550 1027 3620 τῆς
1058 3549 1276 3619 λόγχης,
1307 3549 1402 3601 καὶ
1431 3546 1525 3601 τοῦ
1553 3546 1838 3619 μνημείου,

273 3642 370 3694 καὶ
403 3640 503 3710 τῆς
534 3640 751 3711 ταφῆς;
780 3641 843 3692 Εἰ
867 3641 923 3693 δέ
956 3643 1022 3694 ἐκ
1043 3641 1247 3694 τούτων
1275 3640 1619 3710 ἐλεγχόμενοι
1654 3637 1843 3710 ὁμολο-

272 3728 429 3799 γοῦσι
474 3730 633 3800 σῶμα
674 3730 763 3783 τὸν
809 3731 1037 3803 Σωτῆρα
1069 3730 1367 3803 εἰληφέναι,
1411 3731 1464 3783 τί
1509 3729 1742 3800 ἐροῦσιν,
1792 3728 1840 3780 εἰ

271 3824 407 3894 μήτι
435 3822 529 3876 καὶ
555 3821 715 3876 αὐτὸν
736 3821 841 3875 ὑπὸ
861 3821 954 3874 τοῦ
982 3820 1219 3892 πονηροῦ
1243 3819 1551 3875 πεπλάσθαι
1583 3821 1836 3889 φήσουσι,

275 3915 368 3968 καὶ
403 3913 598 3985 μηκέτι
628 3912 786 3983 μόνον
819 3911 879 3965 τὸ
908 3911 1242 3983 ἀνθρώπινον
1272 3910 1431 3982 σῶμα
1463 3906 1599 3964 εἶναι
1614 3910 1709 3964 τοῦ
1743 3929 1840 3965 πο-

272 4004 463 4077 νηροῦ,
511 4003 647 4058 ἀλλὰ
694 4004 790 4057 καὶ
830 4003 893 4057 τὸ
928 4002 1085 4074 σῶμα
1121 4000 1216 4056 τοῦ
1268 4002 1594 4073 εὐεργέτου;
1625 4002 1687 4054 ού
1717 4001 1836 4072 φεί-

275 4113 459 4150 σονται
496 4095 589 4149 καὶ
636 4095 796 4168 μέχρι
835 4096 930 4149 καὶ
969 4094 1173 4167 ταύτης
1209 4094 1310 4164 τῆς
1344 4094 1582 4158 ἐπινοίας
1612 4094 1834 4163 φθάσαι,

272 4188 368 4242 καὶ⁸
390 4188 489 4257 τὴν
521 4186 766 4256 γλῶτταν
795 4188 1030 4240 ἐκτεῖναι
1053 4186 1193 4240 κατά
1220 4184 1314 4239 τοῦ
1336 4186 1605 4255 Σωτῆρος.
1644 4185 1702 4238 Ὀ
1728 4185 1838 4259 γάρ

274 4280 511 4352 μελετῶν
537 4278 678 4333 κατά
715 4279 822 4333 τῶν
853 4278 1045 4350 ἐκείνῳ
1077 4278 1439 4349 διαφερόντων
1475 4276 1834 4347 διαλέγεσθαι,

269 4369 443 4437 οὗτος,
474 4374 743 4443 άκονήσας
783 4372 883 4445 τὴν
913 4372 1177 4442 γλῶτταν,
1209 4373 1330 4424 κατ’
1361 4370 1526 4425 αὐτοῦ
1554 4371 1836 4443 διαλεχθή-

2018 2715 2119 2773 Hic
2144 2719 2317 2790 igitur
2344 2724 2638 2793 repudians
2662 2733 2872 2797 turpem
2900 2738 3181 2799 aspectum
3204 2732 3507 2802 oculorum,

1947 2818 2198 2863 sanctum
2229 2821 2508 2882 aspectum
2542 2814 2794 2871 inducit:
2825 2827 2881 2872 ut
2919 2819 3084 2887 oculi,
3123 2821 3318 2893 inquit,
3359 2832 3512 2881 recta

1945 2900 2163 2956 videant
2195 2910 2249 2957 et
2284 2905 2556 2975 palpebra:
2579 2906 2727 2977 justa
2772 2908 3088 2965 intueantur
3117 2930 3130 2967 :
3159 2914 3318 2984 erigit
3363 2913 3512 2970 enim

1945 2998 2000 3046 et
2028 2992 2241 3048 extollit
2266 2995 2476 3061 oculos,
2503 3012 2613 3051 non
2643 2999 2966 3068 permittens
3013 3002 3175 3057 simul
3199 3012 3259 3057 ut
3287 3003 3510 3059 ﬂectan-

1946 3089 2057 3148 tur,
2089 3084 2182 3140 sed
2213 3086 2395 3155 potius
2430 3092 2652 3156 excitat,
2683 3097 2738 3145 et
2768 3098 2828 3144 ut
2861 3093 3030 3148 erecti
3065 3094 3194 3160 sint,
3228 3094 3381 3150 facit.
3421 3094 3509 3153 1dr

1942 3176 2093 3231 circo
2146 3175 2400 3232 Salvator
2446 3196 2641 3251 gerens
2694 3197 2950 3253 magnam
2993 3186 3392 3254 providentiam
3451 3195 3511 3243 et

1940 3268 2381 3336 procurationem
2428 3285 2744 3341 corporum,
2795 3288 2998 3343 corpus
3051 3276 3286 3345 gestavit
3339 3286 3393 3332 et
3448 3278 3508 3334 in

1941 3371 2141 3427 corpus
2171 3358 2339 3413 venit.
2372 3358 2428 3413 Si
2460 3361 2628 3431 igitur
2657 3377 2765 3417 non
2800 3364 2949 3419 venit
2982 3364 3038 3418 in
3078 3381 3331 3436 corpore,
3366 3368 3501 3438 quid

1940 3451 2141 3506 dicturi
2168 3462 2295 3506 sunt
2320 3453 2387 3507 de
2416 3470 2580 3510 cruce
2610 3464 2665 3510 et
2691 3457 2865 3511 ﬁxura
2892 3457 3171 3512 clavorum
3193 3468 3249 3514 et
3280 3462 3503 3527 lanceae,

1940 3555 1995 3599 et
2022 3553 2377 3600 monumento
2405 3561 2469 3601 ac
2495 3548 2819 3618 sepultura?
2856 3547 2951 3604 Sin
2983 3558 3163 3605 autem
3203 3551 3289 3606 his
3317 3553 3507 3608 convi—

1939 3635 2011 3690 cti
2046 3650 2246 3707 corpus
2293 3638 2593 3707 sumpsisse
2625 3637 2964 3695 Salvatorem
2997 3641 3346 3707 conﬁtentur,
3374 3642 3507 3713 quid

1939 3728 2140 3794 dicent,
2165 3728 2212 3785 si
2238 3744 2347 3784 non
2377 3738 2507 3786 sunt
2530 3730 2752 3794 dicturi,
2785 3731 2962 3802 ipsum
2990 3747 3203 3803 quoque
3227 3747 3255 3786 a
3287 3733 3507 3791 diabolo

1940 3819 2232 3874 formatum
2256 3836 2407 3889 esse;
2433 3830 2486 3876 et
2516 3837 2623 3877 non
2647 3821 2760 3891 jam
2787 3824 2962 3877 solum
2986 3838 3187 3894 corpus
3209 3823 3507 3880 humanum
3600 3869 3605 3875 .

1938 3926 2061 3967 esse
2088 3912 2313 3980 diaboli,
2360 3912 2457 3968 sed
2502 3914 2666 3969 etiam
2701 3929 2903 3985 corpus
2937 3915 3240 3971 Salvatoris
3274 3916 3506 3972 beneﬁci

1938 4004 2153 4059 nostri?
2179 4019 2288 4069 non
2316 4004 2461 4059 enim
2489 4014 2717 4075 parcent
2746 4022 2848 4061 nec
2871 4007 3222 4063 abstinebunt
3257 4024 3337 4073 se,
3371 4009 3506 4080 quin

1937 4109 2112 4165 usque
2142 4095 2198 4149 in
2228 4095 2367 4151 hanc
2395 4095 2777 4167 cogitationem
2812 4099 3065 4163 evadant,
3090 4108 3145 4155 et
3175 4100 3414 4168 linguam
3448 4101 3505 4155 in

1939 4185 2277 4241 Salvatorem
2306 4188 2656 4256 protendant.
2690 4188 2794 4255 Qui
2822 4190 2967 4244 enim
2991 4198 3182 4245 contra
3205 4206 3267 4246 ea
3293 4206 3413 4262 quae
3437 4192 3507 4247 ad

1938 4275 2088 4331 illum
2120 4281 2417 4349 pertinent,
2449 4278 2713 4349 disputat,
2740 4281 2830 4336 hic
2855 4281 3095 4352 linguam
3126 4297 3329 4338 acuens
3374 4298 3508 4338 con-

1937 4377 2022 4424 tra
2065 4370 2242 4442 ipsum
2297 4373 2619 4443 disputabit.
2687 4372 2937 4428 Salvator
3003 4381 3183 4429 autem
3231 4375 3506 4445 baptismo

272 4482 445 4518 σεται.
502 4464 564 4519 '0
612 4465 670 4517 δὲ
713 4465 902 4537 Σωτὴρ
950 4465 1043 4518 καὶ
1088 4464 1423 4535 βαπτίσματι
1466 4462 1733 4517 διελούετο
1777 4464 1836 4516 ἐν

1944 4463 2102 4516 etiam
2144 4463 2198 4517 in
2230 4461 2468 4520 Iordane
2504 4465 2849 4529 abluebatur,
2881 4473 2935 4520 et
2966 4465 3123 4535 aquis
3168 4467 3504 4537 aspergeba-

266 4556 346 4628 τῷ
390 4557 658 4628 Ἰορδάνῃ·
692 4554 847 4610 ὕδασι
876 4557 1316 4629 περιεῤῥαίνετο·
1351 4556 1435 4621 τίς
1463 4556 1537 4610 ὢν
1570 4556 1666 4609 καὶ
1698 4573 1836 4625 τυγ-

268 4650 483 4721 χάνων;
536 4653 586 4705 εί
646 4650 744 4721 μὲν
795 4648 902 4721 γὰρ
948 4650 1007 4703 ού
1060 4649 1218 4721 σῶμα
1264 4650 1468 4722 φέρων,
1520 4647 1643 4703 οὔτε
1676 4649 1835 4720 σῶμα

268 4745 427 4817 ἔχων,
462 4746 512 4799 τί
541 4746 716 4800 κοινὸν
745 4745 1018 4816 πνεύμασι
1047 4747 1141 4799 καὶ
1164 4749 1454 4816 ποταμοῖς
1478 4762 1492 4811 ;
1543 4746 1638 4808 Τίς
1670 4744 1832 4813 άγγέ-

266 4835 395 4904 λων,
433 4837 562 4891 ποία
593 4837 840 4909 δύναμις,
871 4837 996 4889 ποία
1022 4838 1298 4907 κυριότης,
1329 4836 1455 4890 ποία
1495 4835 1656 4906 ἀρχὴ,
1708 4834 1834 4887 ποία

267 4927 483 4993 ἐξουσία
531 4928 905 4999 καταϐέϐηκεν
944 4928 1025 4990 εἰς
1072 4927 1314 4997 λουτρὸν,
1346 4928 1441 4979 καὶ
1475 4929 1667 4997 πεῖραν
1707 4925 1831 4979 ὺδάο

263 5037 373 5074 των
412 5005 602 5091 ἐσχενς
650 5023 714 5075 Et
760 5022 815 5075 δὲ
863 5021 1091 5091 δύναμις
1139 5022 1237 5092 μὲν
1280 5021 1396 5074 οὑδέ
1446 5019 1680 5084 ἐξουσία,
1710 5017 1833 5072 οὕτε

265 5111 452 5181 θρόνος
482 5112 655 5176 οὐδεὶς
684 5116 765 5177 είς
812 5114 979 5167 ὕδατα
1023 5112 1310 5183 κατῆλθεν,
1342 5114 1607 5184 ἀζήτητον
1637 5112 1830 5181 γέγονε

261 5201 324 5253 τὺ
368 5204 599 5273 πρᾶγμα
644 5205 738 5257 καὶ
780 5206 981 5274 σαφές·
1017 5205 1110 5259 καὶ
1135 5204 1292 5276 δῆλον
1324 5205 1515 5274 γέγονε
1545 5203 1605 5256 τὸ
1638 5202 1832 5274 ζητούα

266 5309 444 5363 μενον.
514 5293 673 5347 Ἀλλά
724 5294 877 5366 ἀνῄει
924 5296 1031 5350 άπὸ
1074 5296 1181 5349 τῶν
1225 5295 1463 5349 ὑδάτων·
1513 5294 1832 5367 ἐπειράζετο

262 5384 368 5437 ὑπὸ
409 5384 499 5438 τοῦ
535 5386 814 5441 διαϐόλου·
856 5390 1064 5455 ἐπείνα,
1113 5389 1298 5459 eatea,
1330 5389 1504 5455 ἔπλει,
1551 5390 1828 5460 ἐκοιμᾶτο,

259 5474 491 5541 ὥδευεν,
536 5477 764 5544 ἐκοπία,
811 5479 1060 5543 ἐϐάδιξε·
1113 5481 1310 5535 πεινῶν
1364 5483 1454 5535 ἐπὶ
1506 5482 1606 5535 τὴν
1663 5482 1829 5553 συκῆν

259 5561 389 5634 ⁴ἦλθε
410 5583 422 5596 ·
447 5567 509 5621 τὺ
530 5569 836 5626 τελευταῖον
860 5572 1124 5638 ἐκοίνετο,
1158 5574 1503 5645 ἐσταυροῦτοΔ
1539 5574 1604 5627 Τί
1614 5593 1634 5639 ς
1656 5574 1826 5629 ταῦτα

333 5726 361 5760 θ
392 5727 580 5787 Matth.
618 5747 704 5787 ιιι
727 5775 743 5803 ,
780 5735 866 5789 1‘2.
941 5737 962 5767 '
1003 5735 1192 5792 Matth.
1230 5754 1281 5803 v,
1312 5726 1404 5793 '28.

1937 4563 2065 4621 tur;
2098 4556 2221 4626 quis
2249 4557 2402 4610 erat?
2435 4564 2489 4612 et
2515 4557 2648 4628 quid
2699 4558 2852 4613 erat?
2894 4561 2938 4614 si
2971 4559 3116 4613 enim
3151 4574 3354 4629 corpus
3388 4573 3501 4614 non

1934 4648 2183 4718 gestabat
2213 4664 2389 4719 neque
2419 4666 2622 4721 corpus
2650 4651 2924 4705 habebat:
2956 4651 3081 4721 quid
3111 4666 3399 4706 commune
3418 4659 3504 4707 est

1936 4739 2225 4811 spiritibus
2252 4756 2376 4795 cum
2408 4741 2768 4797 ﬂuminibus?
2797 4741 2932 4807 Quis
2956 4743 3206 4813 angelus,
3239 4758 3360 4812 qua:
3386 4743 3502 4797 vir-

1936 4840 2056 4897 tus,
2092 4847 2212 4902 qua:
2251 4833 2573 4897 dominatio,
2618 4835 2742 4905 quis
2784 4835 3147 4905 principatus,
3196 4850 3317 4906 quae
3354 4844 3505 4906 pote-

1936 4931 2051 4978 stas
2074 4924 2141 4978 ad
2178 4925 2455 4979 lavacrum
2489 4925 2774 4982 descendit
2811 4934 2867 4981 et
2905 4941 3077 4996 aquas
3128 4936 3350 4997 experta
3379 4927 3507 4983 est?

1934 5009 2091 5076 Quod
2127 5012 2174 5068 si
2206 5029 2384 5083 neque
2414 5014 2618 5078 virtus,
2660 5031 2836 5085 neque
2858 5023 3124 5086 potestas,
3153 5031 3328 5087 neque
3352 5016 3503 5071 thro-

1933 5120 2041 5159 nus
2074 5105 2128 5159 in
2172 5120 2345 5174 aquas
2375 5105 2696 5161 descendit:
2729 5117 2880 5161 extra
2923 5108 3281 5177 quaestionem
3321 5106 3500 5177 posita

1933 5201 2017 5249 est
2039 5210 2127 5250 res
2154 5212 2168 5250 :
2196 5195 2397 5250 factum
2436 5206 2520 5251 est
2552 5198 2923 5268 perspicuum,
2961 5199 3104 5269 quod
3132 5198 3496 5268 quaerebatur.

1932 5283 2047 5341 lmo
2101 5288 2349 5343 ascendit
2376 5290 2445 5344 ab
2473 5289 2652 5359 aquis.
2694 5291 2983 5347 tenebatur
3028 5305 3058 5344 a
3090 5289 3328 5355 diabolo,
3371 5303 3500 5343 esu-

1931 5380 2127 5445 riebat,
2172 5381 2412 5444 sitiebat,
2456 5384 2766 5453 navigabat,
2816 5382 3140 5443 dormiebat,
3193 5381 3297 5435 iter
3330 5378 3498 5435 facie-

1930 5470 2046 5538 bat,
2092 5472 2514 5545 defatigabatur,
2563 5476 2895 5538 ambulabat,
2952 5473 3202 5530 esuriens
3245 5470 3395 5527 venit
3424 5471 3495 5525 ad

1932 5564 2089 5619 ﬁcum
2121 5582 2135 5621 :
2163 5577 2441 5636 postremo
2460 5567 2742 5639 judicatus
2773 5575 2860 5623 est
2902 5572 2957 5620 et
3003 5562 3320 5619 cruciﬁxus.
3361 5559 3498 5627 Quis
