4038 6288
620 322 642 375 1
659 322 755 377 255

1769 315 1902 371 TlTl
1943 317 2367 376 BOSTRENSIS
2418 321 2725 379 EPISCOPI

3703 332 3809 393 19-56

615 444 731 498 lucc
778 443 1179 513 proclamabat?
1230 442 1350 511 quis
1396 442 1510 496 lucc
1555 441 1898 495 testabatur?
1940 440 2181 497 Taceant

2285 443 2442 511 666:1;
2478 445 2561 509 τίς
2590 445 2761 501 ταῦτα
2804 445 3136 518 ἐμαρτύρει;
3181 446 3550 499 Σιωπάτωσαν
3583 449 3637 500 αἱ
3673 451 3811 517 γλῶσ.

614 535 835 605 linguze,
881 536 1174 604 loquantur
1208 544 1327 587 acta
1356 549 1454 588 :os
1494 534 1693 587 habent
1741 548 1829 588 res
1862 552 1874 587 :
1911 549 2012 588 nec
2061 549 2180 588 am-

616 628 759 697 plius
800 641 980 681 aerem
1015 627 1314 695 pulsantes,
1349 640 1542 680 sonum
1587 625 1897 680 emittamus
1926 644 1938 680 :
1965 640 2028 681 os
2081 626 2180 680 ha-

615 719 745 774 bent
769 717 970 786 scripta
1005 736 1019 770 :
1052 725 1107 770 et
1141 716 1187 771 si
1221 732 1324 771 nos
1356 726 1652 781 taceamus,
1700 732 1807 770 non
1838 724 2022 770 tacent
2052 733 2180 783 res;

613 819 668 864 et
696 811 738 862 si
769 823 868 863 nos
898 824 1010 862 non
1035 810 1344 879 loquamur,
1370 824 1489 878 quae
1513 809 1716 879 scripta
1747 816 1897 875 sunt,
1923 824 2031 864 non
2057 826 2185 880 pos-

615 907 743 953 sunt
778 916 885 954 non
917 901 1086 970 loqui.

684 991 852 1059 Igitur
885 967 1009 1060 quia
1052 991 1131 1046 sic
1165 967 1291 1044 sunt
1326 990 1457 1051 haec,
1507 1000 1559 1044 et
1588 997 1706 1045 acta
1757 989 1917 1046 ﬁdem
1962 991 2181 1061 habent,

615 1087 669 1134 et
691 1080 936 1132 narratio
964 1087 1209 1133 actorum
1235 1095 1363 1133 vera
1385 1086 1490 1143 est,
1521 1090 1572 1133 et
1597 1081 1834 1134 clamant
1859 1081 1989 1149 ipsa:
2015 1082 2185 1137 actio-

614 1186 711 1225 nes
746 1171 795 1223 vi
823 1187 941 1231 sua,
973 1172 1230 1227 habuisse
1263 1185 1463 1240 corpus
1506 1169 1865 1237 Salvatorem,
1893 1180 1947 1226 et
1985 1187 2185 1241 corpus

616 1263 876 1328 mortale;
922 1271 975 1316 et
1023 1262 1168 1331 quod
1218 1271 1440 1332 pr0pter
1486 1269 1673 1316 nostra
1707 1277 1939 1333 corpora
1982 1279 2183 1333 corpus

614 1353 887 1421 gestavit:
915 1351 1061 1421 quod
1101 1352 1369 1421 reliquum
1411 1362 1513 1417 est,
1558 1351 1737 1407 simile
1785 1354 1980 1421 quwrit
2010 1373 2023 1407 :
2054 1370 2183 1424 pro-

616 1452 738 1511 pter
773 1459 875 1497 nos
907 1443 1054 1497 venit
1098 1444 1244 1498 illius
1279 1445 1528 1512 corporis
1563 1444 1648 1497 sui
1693 1442 1935 1509 effector,
1986 1454 2039 1500 et
2085 1460 2184 1499 no-

617 1541 856 1586 strorum
892 1529 1135 1587 cll'ector.
1191 1531 1249 1586 Si
1280 1534 1425 1588 enim
1467 1534 1615 1588 aliud
1662 1534 1856 1589 fuisset
1887 1537 2037 1601 illud,
2089 1553 2185 1592 cu-

616 1640 733 1678 ram
765 1627 887 1679 aliis
915 1642 1025 1681 non
1054 1610 1395 1682 adhibuisSet
1425 1629 1766 1698 corporibus.
1803 1629 1858 1683 Si
1893 1641 2073 1685 autem
2108 1632 2185 1684 [a—

617 1726 766 1770 ctum
809 1726 912 1781 est,
951 1727 1004 1774 et
1038 1718 1242 1773 factum
1281 1736 1311 1774 a
1344 1721 1475 1787 Dco,
1514 1721 1716 1776 factum
1764 1738 1892 1777 vero
1936 1732 2019 1778 est
2055 1739 2183 1793 pro-

2283 550 2404 586 σαι·
2436 535 2766 592 λαλείτωσαν
2796 538 2852 590 αἰ
2881 536 3138 607 πράξεις·
3180 537 3356 607 στόμα
3396 536 3581 607 ἔχουσι
3619 540 3680 594 τὰ
3702 548 3811 614 πρά.

2282 641 2468 695 γματα
2487 642 2500 656 ’
2534 628 2749 697 μηκέτι,
2781 627 2875 680 τὸν
2917 628 3054 698 ἀέρα
3087 626 3393 699 κρούοντες,
3423 629 3518 681 τὸν
3562 625 3685 699 ἦχον
3708 634 3811 687 ἁπο-

2284 717 2587 788 πέμψωμεν
2608 735 2620 747 ·
2643 719 2813 789 στόμα
2844 719 3025 790 ἔχουσι
3049 718 3119 772 τά
3151 720 3510 789 γεγραμμένα
3534 737 3548 750 ο
3570 720 3668 774 κᾶν
3691 726 3812 794 ηρ,εῇ

2285 810 2747 879 σιωπήσωμεν,οὐ
2781 815 2960 883 σιωπᾷ
2982 814 3050 866 τέι
3086 815 3383 885 πράγματα
3401 831 3414 844 ·
3440 814 3549 867 κᾶν
3580 818 3726 885 ἡμεῖς
3753 822 3807 891 μὴ

2283 899 2623 972 λαλήσωμεν,
2657 903 2756 956 οὐκ
2794 904 3043 974 ἀνέχεται
3077 905 3151 974 μὴ
3164 904 3342 957 λαλεῖν
3374 903 3446 957 τὰ
3480 909 3811 978 γεγραμμένα.

2369 993 2585 1063 Ἐπειδὴ
2611 989 2703 1047 οὖν
2737 993 2908 1047 ταῦτα
2942 994 3115 1058 οὕτως
3141 994 3273 1065 ἔχει.
3303 995 3397 1048 καὶ
3428 998 3619 1049 πισταί
3638 1000 3757 1050 εἰσιν
3776 1003 3814 1052 αἱ

2285 1088 2534 1160 πράξεις,
2560 1089 2655 1142 καὶ
2682 1087 2791 1141 τῶν
2821 1088 3076 1158 πράξεων
3111 1089 3389 1159 δυνάμεις,
3426 1090 3512 1141 ὅτι
3535 1089 3683 1160 σῶμα
3705 1088 3814 1163 εἶχεν

2283 1183 2312 1234 6
2339 1180 2551 1251 Σωτὴρ.
2582 1181 2678 1234 καὶ
2727 1180 2886 1252 σῶμα
2928 1181 3139 1260 θνητὸν,
3184 1182 3278 1236 καὶ
3319 1181 3479 1252 σῶμα
3519 1183 3725 1254 ἐφόρεσε
3751 1187 3815 1238 διὰ

2284 1272 2351 1326 τὰ
2378 1272 2624 1344 ἡμέτερα
2644 1290 2658 1304 ’
2683 1274 2742 1327 τὸ
2775 1274 2959 1344 ὅμοιον
2991 1274 3176 1328 λοιπὸν
3210 1274 3362 1346 ζητεῖ
3384 1292 3396 1304 ·
3419 1276 3546 1345 ἥκει
3569 1276 3631 1328 δι’
3656 1279 3816 1347 ήμᾶςό

2284 1364 2491 1417 ἐκείνου
2538 1367 2786 1438 ποιητὴς,
2839 1366 2933 1419 καὶ
2995 1366 3102 1419 τῶν
3162 1366 3448 1437 ἡμετέρων
3507 1369 3732 1438 ποιητής.
3770 1370 3815 1423 Εἰ

2284 1454 2392 1526 γὰρ
2444 1455 2629 1526 ἕτερον
2668 1452 2888 1528 (64)·ἧν,
2944 1457 3045 1510 οὐκ
3091 1456 3157 1511 ἂν
3210 1458 3339 1527 περὶ
3390 1458 3594 1529 ἐτέρων
3649 1459 3813 1512 ἐκείνου

2286 1546 2542 1619 πρόνοιαν
2594 1549 2862 1602 ἐποιεῖτοο
2914 1550 2964 1602 εἰ
3006 1550 3062 1603 δὲ
3109 1551 3403 1619 πεποίηται
3438 1550 3545 1603 ὑπὸ
3574 1549 3714 1612 Θεοῦ,
3741 1569 3812 1603 πε-

2285 1638 2505 1709 ποίηται
2551 1638 2608 1691 δέ
2654 1640 2795 1711 ὑπὲρ
2844 1640 3021 1710 ἡμῶν,
3071 1640 3213 1711 ὑπὲρ
3256 1641 3363 1693 τῶν
3423 1642 3568 1695 ἰδίων
3605 1645 3810 1697 ἐποιεῖτο.

2287 1730 2404 1782 Ἵνα
2438 1730 2545 1800 γὰρ
2592 1730 2661 1784 τά
2693 1732 2801 1785 ἴδια
2845 1730 3038 1785 ἑαυτοῦ
3088 1731 3257 1805 σώσῃ,
3299 1734 3479 1786 ἐκεῖνο
3509 1735 3732 1805 ἐποίησε,
3765 1737 3811 1804 τῇ

617 1817 738 1878 pter
783 1825 920 1864 nos:
952 1811 1114 1880 igitur
1164 1822 1387 1882 propter
1439 1815 1658 1883 propria
1711 1814 1890 1879 ﬁebat,
1959 1824 2018 1868 ut
2064 1832 2186 1885 qua:

2288 1823 2494 1877 ἐκείνου
2542 1825 2759 1894 ποιήσει
2804 1825 3023 1878 πάντων
3073 1826 3180 1878 τῶν
3218 1826 3362 1879 ἰδίων
3413 1826 3512 1897 τὴν
3552 1826 3813 1898 ἐλευθερίαν

618 1902 836 1972 propria
865 1910 1042 1967 erant,
1087 1904 1239 1957 salva
1268 1915 1473 1959 essent.
1507 1907 1645 1961 illud
1679 1905 1827 1971 fecit,
1873 1907 2018 1962 illius
2061 1908 2188 1964 effe-

619 1994 802 2049 ctione
824 1994 1066 2048 omnium
1091 2011 1314 2050 suorum
1346 1997 1650 2053 libertatem
1677 2008 1957 2068 Operatus.
1991 2001 2189 2055 Gratiae

616 2083 784 2152 igitur
823 2084 1089 2138 debentur
1138 2086 1185 2139 ei
1237 2087 1329 2155 qui
1390 2102 1622 2157 corpora
1659 2098 1848 2143 nostra
1901 2088 2027 2144 fecit
2058 2092 2188 2161 ;qui

617 2188 806 2228 eorum
843 2175 1073 2245 ignavia:
1119 2188 1280 2247 atque
1314 2179 1546 2249 pigritiae
1576 2181 1856 2250 prospexit
1884 2190 1937 2236 et
1985 2198 2189 2236 consu-

619 2263 723 2318 luit
746 2281 761 2329 ;
784 2267 878 2333 qui
908 2267 1057 2321 misit
1093 2266 1289 2322 Filium
1332 2267 1491 2324 suum
1521 2271 1575 2324 in
1603 2286 1855 2341 corpore,
1889 2282 1941 2327 et
1987 2274 2190 2330 nostris

617 2358 941 2425 corporibus
972 2358 1169 2428 pignus
1203 2359 1410 2435 dedit;
1426 2368 1485 2413 ut
1535 2377 1643 2415 non
1670 2363 1781 2431 jam
1830 2365 2062 2433 amplius
2093 2363 2188 2418 lle-

615 2448 829 2497 ctamur
858 2454 912 2499 et
941 2445 1093 2500 humi
1123 2462 1437 2513 cernamus,
1476 2451 1572 2505 sed
1611 2452 1783 2507 simus
1813 2454 1940 2507 elati
1980 2463 2035 2508 et
2067 2469 2188 2509 cre-

614 2536 687 2588 cti
720 2531 1110 2594 communitate
1139 2556 1451 2611 corporum.

1907 2657 2039 2715 CAP.
2079 2657 2197 2716 XX.

688 2758 814 2815 Illos
857 2763 1024 2831 igitur
1052 2773 1372 2833 deceptor-es
1415 2774 1469 2819 et
1510 2778 1732 2823 tau‘aces
1764 2768 1818 2823 in
1870 2769 1972 2825 hoc
2005 2771 2171 2826 etiam

625 2854 1001 2918 attendemus,
1054 2853 1198 2922 quod
1247 2854 1303 2907 in
1354 2869 1582 2923 corpora
1634 2858 1990 2924 invaserunt,
2035 2871 2089 2915 et
2129 2862 2186 2915 in

620 2958 823 3013 corpus
884 2944 1128 3000 auctoris
1180 2956 1625 3014 processerunt,
1685 2964 1749 3003 ac
1801 2959 1995 3004 contra
2034 2967 2187 3007 ωοο-

617 3037 856 3091 nomiam
900 3048 953 3091 et
994 3036 1455 3106 dispensationem
1508 3038 1604 3094 Dei
1650 3041 1889 3110 linguam
1932 3047 2190 3102 extende-

618 3134 790 3193 runt;
826 3140 889 3181 ac
936 3138 1127 3182 contra
1174 3128 1481 3183 libertatem
1527 3137 1771 3186 nostram
1818 3134 1884 3188 ad
1924 3150 2086 3190 usum
2137 3133 2257 3194 etC
2291 3138 2431 3202 κατὰ
2462 3128 2561 3220 ἑςῆς

616 3217 1063 3273 exercitationem
1099 3220 1295 3291 lingua:
1329 3221 1474 3292 loqui
1512 3238 1622 3277 non
1656 3224 2047 3282 dubitaverunt
2078 3230 2189 3285 cir-

615 3308 893 3362 culatores
935 3307 1159 3378 quidam
1200 3319 1254 3363 et
1296 3310 1738 3368 circumforanei.
1799 3312 2188 3386 Congessi'mus

618 3413 874 3453 acervum
933 3400 1224 3454 verborum
1284 3401 1572 3477 pravitatis
1617 3403 1821 3460 istius:
1871 3407 1999 3462 licet
2039 3410 2188 3465 enim

614 3506 683 3544 ex
719 3506 831 3545 uno
873 3491 1021 3545 aliud
1056 3508 1317 3549 accusare
1347 3512 1361 3561 ;
1399 3497 1508 3549 imo
1545 3499 1726 3550 omnia
1763 3497 2021 3569 deinceps
2061 3517 2187 3572 per-

616 3590 944 3651 sequentes,
1011 3585 1195 3639 omnia
1261 3586 1473 3640 inutilia
1531 3595 1584 3641 et
1631 3588 1807 3642 aliena
1848 3591 2183 3649 existimare.

616 3671 827 3727 Idcirco
859 3689 959 3728 nos
1001 3675 1055 3728 in
1100 3690 1291 3731 omnes
1322 3693 1601 3733 sermones
1630 3679 1874 3748 ipsorum
1906 3681 2188 3755 hucusque

616 3765 857 3834 delapsi,
902 3781 968 3820 ne
1005 3768 1433 3837 magnitudinem
1483 3770 1624 3824 libro
1677 3774 2051 3842 praebeamus,
2093 3778 2187 3836 his

615 3856 880 3911 hactenus
911 3857 1074 3913 dictis
1106 3861 1496 3926 terminemus,
1536 3857 1679 3916 facta
1714 3879 1781 3919 ex
1826 3867 2016 3935 paucis
2052 3869 2185 3924 alio-

615 3966 738 4004 rum
770 3950 1137 4018 indicatione,
1171 3958 1225 4006 et
1257 3968 1319 4007 ex
1355 3952 1519 4007 dictis
1574 3955 1724 4023 prius
1764 3972 1952 4012 eorum
1993 3960 2188 4016 confu-

617 4042 822 4096 tatione
852 4043 1117 4097 conlecta.
1154 4043 1304 4115 Opus
1338 4054 1519 4100 autem
1546 4054 1629 4102 est
1660 4047 1945 4118 diligentia
1976 4053 2188 4109 studio-

615 4133 696 4186 sis
719 4172 734 4198 ,
766 4139 825 4186 ut
849 4148 1039 4188 omnes
1064 4135 1368 4205 praestigias
1393 4140 1732 4206 praetervecti
1760 4156 1921 4197 aures
1946 4153 2184 4208 servent,

616 4236 687 4274 ne
717 4236 744 4274 a
776 4223 1043 4291 pravitate
1072 4226 1358 4294 capiantur
1385 4243 1402 4293 ;
1439 4237 1497 4281 ut
1529 4228 1639 4282 sint
1672 4230 1929 4287 custodes
1962 4248 2185 4288 suarum

616 4312 830 4366 aurium
852 4353 865 4376 ,
900 4315 1095 4382 partim
1126 4331 1218 4369 eas
1251 4318 1594 4386 aperientes,
1645 4336 1769 4375 cum
1811 4338 1972 4379 verus
2006 4340 2187 4380 sermo

617 4404 799 4472 pulsat
828 4423 843 4469 ;
874 4405 1070 4474 partim
1107 4407 1424 4464 claudentes
1444 4453 1459 4476 ,
1490 4426 1613 4465 cum
1648 4413 1819 4470 falsus
1845 4424 1898 4471 et
1928 4417 2182 4483 dolosus,

615 4495 901 4550 veritatem
931 4497 1195 4552 simulans
1226 4498 1466 4564 laborat,
1501 4511 1558 4556 ut
1591 4504 1646 4558 in
1681 4507 1940 4563 conclave
1987 4511 2185 4566 mentis
2216 4476 2259 4530 Β

617 4583 903 4657 irrumpat.
938 4588 1087 4642 Multi
1116 4590 1259 4643 enim
1291 4590 1401 4644 ﬁcti
1442 4602 1496 4646 et
1541 4595 1782 4650 simulati
1825 4600 2044 4667 pulsant
2087 4618 2185 4655 au-

617 4690 738 4742 res,
767 4679 1011 4737 dicentes
1043 4701 1055 4736 :
1104 4681 1216 4753 Ego
1258 4700 1374 4737 sum
1406 4683 1651 4740 Christus
1688 4687 1729 4752 °,
1763 4698 1816 4742 et
1859 4693 2060 4746 multos
2090 4694 2185 4748 de-

618 4770 856 4838 cipient:
891 4771 1034 4826 Unus
1067 4785 1240 4829 autent
1275 4778 1419 4831 solus
1449 4778 1691 4833 Christus
1722 4780 1763 4847 ⁷,
1796 4782 1887 4850 qui
1926 4791 2010 4837 est
2051 4785 2185 4840 libe-

618 4866 789 4925 rator,
826 4876 1026 4929 praeses
1060 4864 1333 4929 victoriae,
1370 4866 1647 4922 beneﬁcus
1668 4908 1681 4933 ,
1709 4868 1802 4938 qui
1827 4868 2185 4939 dispositione

618 4951 830 5020 pulsat,
868 4954 959 5022 qui
991 4955 1294 5013 libertatem
1340 4961 1391 5013 in
1436 4960 1555 5030 ipso
1584 4960 1737 5015 aditu
1763 4963 2056 5028 conciliat,
2088 4964 2181 5033 qui

619 5042 783 5097 simul
814 5053 870 5098 ut
902 5045 1224 5113 ingreditur,
1277 5061 1495 5119 peccata
1531 5055 1810 5121 excludit,
1843 5056 1939 5126 qui
1994 5056 2049 5110 in
2099 5057 2184 5110 in-

618 5150 807 5204 gressu
851 5136 1144 5190 amicitiam
1185 5156 1308 5209 cum
1343 5142 1500 5199 Patre
1532 5148 1758 5211 tribuit,
1792 5148 1887 5218 qui
1936 5163 2060 5202 mox
2096 5148 2180 5203 in-

617 5228 868 5296 grediens
899 5236 1102 5299 tropaea
1140 5231 1192 5284 in
1230 5235 1406 5287 anima
1444 5240 1613 5307 ponit.

2287 1915 2677 1986 ἐργασάμενος.
2711 1916 2883 1987 Χάρις
2908 1911 3001 1970 οὖν
3050 1916 3128 1988 τῷ
3158 1918 3484 1988 πεποιηκότι
3526 1917 3593 1970 τὰ
3618 1918 3811 1989 ἡμέτερα

2287 2006 2514 2078 σώματα
2534 2046 2548 2070 ,
2600 2006 2679 2077 τῷ
2735 2010 3163 2080 προνοησαμένῳ
3234 2009 3335 2079 καὶ⁴
3399 2009 3810 2081 ἐρρᾳθυμηκότων

2285 2098 2499 2163 αὐτῶν,
2556 2100 2648 2152 καὶ
2708 2100 3090 2154 ἀποστείλαντι
3147 2102 3238 2154 τὸν
3288 2101 3421 2155 ἴδιον
3487 2102 3608 2155 Υἱὸν
3651 2104 3701 2154 ἐν
3737 2100 3811 2155 σώ-

2289 2204 2440 2258 ματι,
2491 2188 2585 2241 καὶ
2636 2187 2889 2242 δεδωκότι
2938 2189 3208 2263 ἐνέχειρον
3258 2193 3373 2253 τοῖς
3427 2192 3699 2262 ἡμετέροις
3732 2188 3810 2244 σώ-

2292 2294 2477 2349 μασιν,
2507 2278 2592 2331 ἵνα
2641 2279 2838 2350 μηκέτι
2867 2280 3230 2352 κάμπτωμεν,
3280 2284 3376 2337 καὶ
3425 2284 3596 2354 χαμαὶ
3623 2283 3809 2353 ὁρῶμεν,

2290 2366 2425 2420 ἀλλά
2454 2362 2603 2438 ὦμεν
2633 2369 2933 2440 ἐπηρμένοι
2964 2373 3028 2442 τῇ
3063 2373 3316 2444 κοινωνίᾳ
3343 2373 3458 2427 τῶν
3490 2372 3746 2443 σωμάτων.

2242 2661 2545 2723 Conclusio.

2356 2783 2729 2856 Εὐτελίσωμεν
2775 2783 2867 2841 οὖν
2917 2790 3009 2843 καὶ
3053 2793 3111 2845 ἐν
3156 2795 3345 2865 τούτῳ,
3371 2797 3504 2861 τοὺς
3545 2799 3805 2863 ἀπατεῶνας

2287 2873 2546 2941 ἐκείνους,
2606 2878 2687 2930 ὅτι
2735 2880 2826 2933 καὶ
2866 2881 3006 2934 κατά
3051 2882 3158 2936 τῶν
3210 2888 3483 2958 σωμάτων
3525 2888 3802 2959 βεϐαδὶκασι,

2290 2964 2383 3016 καὶ
2416 2967 2555 3021 κατά
2598 2968 2693 3022 τοῦ
2744 2970 2980 3026 πλάστου
3028 2978 3399 3049 κεχωρήκασι,
3451 2981 3541 3034 καὶ
3585 2982 3703 3036 κατὰ
3733 2983 3803 3053 τῆς

2289 3056 2596 3141 οἰκονομίας
2639 3062 2733 3116 τοῦ
2788 3063 2922 3119 Θεοῦ
2968 3067 3067 3137 τὴν
3117 3068 3363 3136 γλῶτταν
3421 3073 3697 3141 ἐξέτειναν·
3738 3075 3802 3129 καὶ

2594 3152 2904 3227 ἐλευθερίας
2937 3158 3093 3228 ἡμῶν
3127 3160 3306 3215 λαλεῖν
3354 3167 3420 3218 οὐ
3461 3168 3798 3240 παρῃτήσαντο,

2288 3238 2519 3312 ἀγύρται
2558 3245 2699 3310 τινὲς
2743 3246 2895 3312 ὅντες
2935 3250 3029 3304 καὶ
3072 3252 3344 3325 ἀγοραῖοι,
3379 3238 3642 3329 ἄθροισμα
3676 3259 3800 3327 λόγων

2288 3332 2552 3403 πονηρίας
2581 3339 2970 3409 συναγηοχότες
2994 3359 3007 3373 ο
3037 3342 3151 3397 ἔστι
3180 3345 3289 3417 γάρ
3308 3347 3369 3399 τὸ
3406 3348 3463 3401 ἓν
3497 3350 3718 3420 ἐχόμενον
3736 3349 3798 3400 τὸν

2287 3423 2472 3497 ἓτερον
2501 3428 2774 3485 αἰτιᾶσθαι
2797 3448 2810 3460 ·
2841 3432 2979 3487 ἀλλά
3003 3436 3076 3506 μὴ
3107 3440 3282 3491 πάντα
3306 3441 3507 3513 ἐφεξῆς
3533 3443 3795 3507 ἐπεξιόντες,

2289 3513 2466 3569 πάντα
2495 3517 2687 3589 ἀχρεῖα
2718 3522 2812 3576 καὶ
2855 3523 3062 3594 ἔκφυλα
3105 3529 3372 3599 ἡγεῖσθαι.
3426 3534 3524 3587 Διά
3565 3536 3701 3588 τοῦτο
3733 3535 3798 3588 καὶ

2286 3605 2448 3674 ἡμεῖς
2490 3609 2568 3670 εἰς
2610 3608 2822 3664 ἅπαντα
2869 3613 3024 3682 λόγον
3056 3617 3235 3671 αὐτῶν
3279 3622 3576 3687 κατιόντες,
3608 3624 3669 3694 μὴ
3705 3622 3797 3675 πολὺ

2291 3696 2464 3767 μῆκος
2502 3700 2867 3773 παράσχωμεν
2890 3705 2965 3777 τῷ
3002 3706 3165 3779 λόγῳ,
3198 3712 3359 3784 μέχρι
3394 3714 3593 3768 τούτων
3620 3714 3797 3784 στῶμεν,

2286 3786 2375 3840 διά
2420 3789 2528 3843 τῶν
2558 3791 2750 3861 ὀλίγων
2789 3796 2881 3849 καὶ
2917 3797 2983 3851 τὰ
3026 3800 3160 3853 ἄλλα
3200 3803 3590 3874 ὑποδείξαντες,
3629 3808 3706 3862 καὶ
3740 3806 3799 3858 διὰ

2287 3879 2394 3933 τῶν
2454 3884 2853 3955 προλεχθέντων
2907 3891 2996 3944 τὸν
3045 3892 3263 3965 ἔλεγχον
3327 3891 3795 3957 κατασκευάσαντες.

2301 3970 2639 4043 Ἐπιμελεὶας
2693 3977 2751 4030 δὲ
2802 3982 2913 4043 τοῖς
2965 3984 3270 4052 σπουδαίοις
3321 3993 3500 4062 χρεία,
3551 3992 3628 4045 ἵνα
3668 3991 3798 4043 πᾶσαν

2287 4064 2539 4132 γοητείαν
2588 4066 3042 4140 ὑπερϐεϐηκὸτες,
3091 4075 3361 4147 ἀλήπτους
3393 4081 3494 4145 τὰς
3540 4080 3686 4142 ἀκοὰς
3723 4076 3798 4131 ἀπὸ

2287 4152 2387 4238 ’Ῡῆς
2438 4157 2700 4227 πονηρίας
2753 4158 3178 4228 διαφυλάξωσιν·
3242 4167 3388 4231 ὅπως
3450 4168 3799 4238 κλειδοφύλακες

2288 4236 2388 4296 ὦσι
2416 4246 2522 4298 τῶν
2548 4248 2755 4302 ἑαυτῶν
2777 4252 2975 4320 ἀκοῶν,
2999 4255 3091 4308 καὶ
3123 4257 3199 4327 πῆ
3234 4259 3330 4327 μὲν
3362 4259 3796 4330 ἀνοιγνύοντες,δτε

2288 4335 2472 4408 κρούει
2512 4341 2539 4391 6
2587 4339 2792 4414 ἀληθὴς
2835 4343 3020 4413 λόγος·
3062 4349 3136 4417 πῆ
3183 4349 3239 4402 δὲ
3283 4352 3663 4414 ἀποκλείοντες,
3691 4348 3798 4403 ὅτεὸ

2286 4430 2484 4502 ψευδὴς
2512 4434 2604 4485 καὶ
2629 4439 3098 4508 πεφευακισμένος
3129 4444 3589 4515 σχηματιζόμενος
3605 4444 3687 4513 τὴν
3704 4441 3796 4509 ἁλή-

2291 4522 2438 4577 θειαν
2484 4525 2784 4582 εἰσϐάλλειν
2816 4531 2874 4582 ἐν
2920 4532 2997 4602 τῷ
3029 4536 3239 4607 ταμείῳ
3272 4538 3370 4607 τῆς
3416 4539 3638 4601 διανοίας
3677 4550 3797 4587 att-w-

2288 4614 2459 4678 δάζει.
2503 4617 2693 4672 Πολλοὶ
2725 4620 2832 4693 γάρ
2866 4623 3235 4695 πεπλασμένοι
3270 4631 3362 4683 καὶ
3403 4625 3795 4702 ἐσχηματισμένοι

2289 4706 2387 4770 τὰς
2426 4709 2630 4773 ἀκουάς
2667 4713 2942 4784 κρούουσι,
2989 4715 3267 4786 λέγοντες·
3313 4720 3459 4791 Ἐγώ
3497 4725 3603 4791 ειμι
3644 4722 3672 4772 ὁ
3698 4718 3794 4783 XP”

2290 4799 2454 4865 στὸς,
2485 4803 2576 4855 καὶ
2610 4805 2830 4871 πολλοὺς
2858 4808 3249 4879 πλανήσουσιν·
3274 4808 3378 4879 Εἷς
3398 4813 3463 4867 δὲ
3476 4814 3645 4881 μόνος
3668 4805 3792 4861 ἐστὶν

2292 4887 2324 4937 ό
2355 4887 2627 4953 Χριστός,
2657 4893 2685 4943 6
2728 4891 3114 4963 ὲλευθερωτὴς,
3157 4896 3186 4947 6
3229 4896 3594 4967 τροπαιοῦχος,
3625 4895 3650 4945 6
3682 4890 3791 4957 εὐερ-

2291 4977 2523 5044 γετικὸς,
2552 4979 2580 5030 6
2606 4980 2840 5035 διαθέσει
2873 4984 3104 5056 κρούων,
3154 4987 3181 5038 6
3223 4987 3524 5059 ἐλευθερίαν
3554 4988 3611 5055 τῇ
3649 4979 3789 5044 εἰσόδῳ

2294 5071 2724 5142 μνηστευόμενος
2751 5092 2762 5103 ·
2811 5076 2839 5127 ὁ
2877 5076 2992 5146 ἅμα
3033 5077 3111 5149 τῷ
3157 5079 3422 5132 εἰσϐαλεῖν
3459 5072 3702 5143 ἐξοικίζων
3723 5067 3789 5126 τὰς

2292 5158 2583 5229 ἁμαρτίας,
2630 5162 2660 5213 6
2702 5165 2758 5216 ἐν
2797 5167 2861 5236 τῇ
2898 5167 3086 5238 εἰσόδῳ
3114 5168 3211 5239 τὴν
3253 5168 3431 5239 φιλίαν
3466 5170 3557 5238 τὴν
3588 5165 3700 5236 πρὸς
3724 5159 3785 5209 τδν

2290 5251 2511 5323 Πατέρα
2542 5255 2843 5321 ἀποδιδοὺς,
2876 5259 2904 5311 6
2953 5261 3292 5333 παραχρῆμα
3319 5265 3384 5333 τῇ
3414 5261 3590 5331 εἰσόδῳ
3621 5259 3673 5325 τῇ
3700 5255 3785 5304 ὲαυ’

2289 5341 2383 5394 τοῦ
2408 5348 2662 5415 τροπαῖα.

685 5490 708 5523 ⁸
749 5490 933 5547 Matth.
971 5510 1117 5558 xxrv,
1156 5493 1246 5547 25.
1325 5494 1343 5523 ⁷
1387 5494 1403 5547 l
1440 5493 1567 5548 Cor.
1612 5513 1703 5549 vn.
1728 5538 1741 5560 ,
1778 5497 1848 5562 6;
1891 5497 1909 5549 Ι
1943 5496 2081 5551 Tim.
2118 5513 2196 5564 ιι,
2230 5496 2284 5552 5.

690 5650 800 5726 (ϐξ)
840 5653 908 5704 Εἰ
940 5652 1049 5726 γέιρ
1076 5653 1224 5721 ἔτερ.
1257 5653 1312 5708 ld
1342 5664 1445 5719 est,
1480 5654 1525 5710 si
1555 5670 1665 5708 non
1702 5655 1891 5711 fuisset
1924 5657 2167 5724 ejusdem
2208 5663 2419 5711 naturae
2443 5670 2663 5726 corpus,
2693 5658 2904 5714 scilicet
2929 5661 3247 5725 humanum,
3287 5658 3460 5713 anima
3511 5646 3778 5715 intellig?”

619 5718 923 5784 praeditum.
949 5718 1133 5777 ‘Trnn.
