4038 6288
274 351 407 407 1257

1248 340 1611 397 ADVERSUS
1651 338 2065 395 MANICIIIEOS
2104 338 2624 397 SUPPLEMENTA.

3359 338 3492 395 l238

274 498 3461 541 ΝΜ

372 626 588 680 ΤΙΤΟΥ
616 621 1038 676 ΕΠΙΣΚΟΠΟΥ
1069 614 1258 671 ΚΑΤΑ
1297 613 1728 669 ΜΑΝΙΧΑΙΩΝ.

585 800 890 866 Ὑπόθεσις
921 794 1025 850 τοῦ
1056 792 1284 862 πρώτου
1308 791 1516 861 λόγου.

354 915 411 968 '0
441 911 655 984 πρῶτος
686 908 927 981 περιέχει
960 906 1115 976 λόγος
1150 904 1367 973 ἔλεγχον
1398 902 1491 956 καὶ
1521 899 1827 972 ἀνασκευὴν

274 1007 377 1062 τῶν
425 1005 655 1077 μάλιστα
709 999 1014 1071 κεφαλαίων
1065 996 1160 1052 τοῦ
1207 996 1474 1068 δόγματος
1513 994 1622 1048 τῶν
1659 995 1831 1048 Μανι-

275 1096 458 1168 χαίων,
492 1093 567 1157 ὡς
612 1092 904 1161 ἀλλοτρίως
950 1090 1124 1160 πάντη
1167 1086 1303 1160 πρὸς
1340 1086 1438 1150 τὰς
1479 1084 1621 1140 κατὰ
1668 1083 1829 1155 φύσιν

274 1188 454 1253 κοινὰς
482 1186 686 1250 ἐννοίας
712 1184 962 1255 ἐχόντων.

565 1298 866 1362 ’Υπόθεσις
892 1295 998 1350 τοῦ
1028 1292 1305 1364 δευτέρου
1336 1292 1539 1363 λόγου.

350 1414 408 1466 Ὀ
430 1410 677 1483 δεύτερος
702 1408 1093 1473 ἀποδείκνυσιν,
1121 1409 1196 1472 ὡς
1230 1409 1331 1461 οὐκ
1366 1408 1430 1460 ἔκ
1460 1424 1604 1471 τινος
1634 1405 1733 1477 τῆς
1762 1420 1827 1475 γε

278 1506 350 1577 μὴ
404 1505 568 1577 οὔσης
618 1504 849 1575 ἀνάρχου
897 1502 1115 1565 κακίας,
1164 1501 1257 1556 καὶ
1296 1501 1543 1565 ἐναντίας
1581 1500 1660 1573 τῷ
1707 1497 1827 1572 Θεῷ

274 1594 447 1666 ἀρχῆς
504 1592 782 1665 ἄνθρωπος
847 1589 1152 1661 πλημμελεῖ
1174 1605 1188 1619 ·
1244 1589 1339 1644 καὶ
1391 1588 1467 1653 ὡς
1515 1588 1667 1643 οὐδὲν
1711 1589 1830 1642 κατ’

274 1685 458 1739 οὐσίαν
503 1686 560 1737 ὲν
591 1686 701 1747 τοῖς
740 1678 857 1736 οὖσι
898 1682 1098 1735 κακόν·
1147 1679 1271 1736 οὔτε
1306 1683 1409 1754 μήν
1450 1698 1534 1745 τις
1580 1679 1832 1751 ἀνισότης

276 1778 333 1830 ἐν
363 1778 471 1840 τοῖς
522 1775 641 1830 καθ’
694 1776 840 1847 ἡμᾶς
889 1777 1033 1828 ἐστι’
1070 1775 1161 1828 καὶ
1208 1775 1283 1839 ὡς
1335 1774 1508 1846 μάτην
1563 1773 1656 1826 καὶ
1707 1770 1828 1825 λίαν

273 1867 481 1931 ἀσεϐῶς
525 1867 807 1931 κακίζουσι
852 1866 950 1938 τὴν
1001 1866 1111 1920 τῶν
1160 1866 1298 1921 ὅλων
1345 1864 1671 1937 οίκονομίαν.
1722 1862 1834 1916 Καὶ

1853 614 1900 668 Α
1929 608 2116 676 TITI,
2161 610 2507 668 EPISCOPI
2562 609 3061 678 BOSTRENSIS,
3103 610 3493 671 ADVERSUS

2464 680 2956 739 MANICHAEOS.

2399 794 2780 866 Argumentum
2818 793 2941 848 libri
2980 809 3014 848 ι.

1998 904 2216 963 Primus
2258 907 2392 963 liber
2433 909 2677 965 continet
2712 907 3142 966 confutationem
3190 910 3493 981 praecipuo-

1930 1011 2051 1052 rum
2092 998 2331 1069 capitum
2379 999 2641 1055 doctrinae
2690 996 3149 1065 Manichaeorum,
3200 1015 3322 1071 quae
3366 1009 3495 1057 sunt

1929 1090 2148 1160 penitus
2196 1089 2415 1155 aliena,
2460 1098 2515 1147 et
2562 1106 2686 1146 cum
2744 1092 3129 1148 communibus
3178 1093 3492 1149 notionibus

1931 1187 2126 1235 natura
2160 1181 2341 1238 insitis
2374 1189 2429 1237 et
2457 1180 2770 1253 anticipatis
2799 1184 3116 1255 pugnantia.

2398 1291 2776 1362 Argumentum
2814 1292 2937 1347 libri
2975 1309 3032 1348 ιι.

2004 1399 2288 1460 Secundus
2324 1403 2459 1460 liber
2491 1404 2651 1461 docet
2697 1413 2753 1462 ct
2793 1406 3085 1477 explanat,
3120 1424 3231 1463 non
3265 1422 3494 1478 peccare

1934 1491 2204 1548 hominem
2236 1508 2303 1549 ex
2336 1493 2570 1564 quodam
2600 1496 2744 1550 malo
2768 1505 2973 1551 alterno
2999 1507 3054 1553 et
3084 1499 3200 1555 sine
3226 1500 3495 1571 principio

1933 1597 1999 1639 ac
2032 1582 2141 1639 Deo
2173 1586 2452 1640 contrario
2472 1626 2487 1649 ,
2522 1585 2669 1657 quod
2698 1588 2915 1657 quidem
2948 1604 3056 1643 non
3096 1599 3179 1645 est
3210 1611 3223 1645 :
3277 1599 3330 1647 et
3373 1594 3497 1647 nul-

1934 1675 2045 1730 lum
2079 1690 2200 1732 esse
2229 1676 2432 1730 malum
2465 1676 2764 1732 secundum
2795 1679 3156 1734 substantiam
3190 1681 3243 1734 in
3279 1682 3344 1738 iis
3375 1698 3496 1753 qua!

1935 1775 2061 1822 sunt
2086 1786 2101 1835 ;
2131 1784 2230 1823 nec
2260 1769 2421 1823 ullam
2450 1770 2867 1841 inaequalitatem
2898 1772 2949 1825 in
2980 1774 3184 1829 nostris
3203 1775 3403 1844 rebus;
3432 1791 3498 1831 at:

1935 1873 2072 1914 vane
2099 1866 2153 1914 et
2185 1859 2341 1914 valde
2373 1860 2536 1931 impie
2558 1861 3000 1931 gubernationem
3032 1863 3269 1921 universi
3294 1866 3500 1936 impro-

272 1958 406 2022 ὅλως
428 1955 517 2013 τὸν
564 1959 688 2031 περὶ
731 1959 992 2030 Προνοίας
1030 1957 1242 2013 ἅπαντα
1269 1958 1424 2027 λόγον
1452 1956 1834 2027 κεφαλαιωδῶς

1939 1950 2055 2005 bari
2086 1959 2138 2007 et
2167 1952 2512 2022 reprehendi.
2538 1953 2780 2024 Denique
2808 1969 3023 2008 omnem
3058 1955 3124 2010 de
3152 1955 3498 2014 Providentia

272 2047 682 2120 περιλαμϐάνει,
714 2048 1053 2112 ἀποδεικνὺς,
1101 2048 1176 2111 ὡς
1207 2048 1430 2119 οὐδεμία
1464 2047 1674 2117 ἀνάγκη
1705 2045 1828 2100 δευ-

272 2140 430 2207 τέραν
458 2139 579 2193 τινὰ
611 2142 703 2194 καὶ
720 2140 963 2194 ἐναντίαν
995 2140 1171 2212 ἀρχὴν
1205 2136 1285 2209 τῷ
1328 2136 1446 2209 Θεῷ
1472 2139 1535 2191 ἐκ
1556 2137 1665 2191 τῶν
1693 2151 1834 2209 πρα-

274 2231 496 2304 γμάτων
522 2231 786 2287 ὑπονοεῖν.

596 2344 896 2412 Ύέὲόθεσις
924 2344 1029 2399 τοῦ
1070 2350 1269 2413 τρίτου
1311 2343 1518 2414 λόγου.

352 2453 412 2511 '0
456 2455 637 2528 τρίτος
685 2456 824 2528 ὑπὲρ
877 2456 972 2510 τοῦ
1027 2456 1190 2527 νόμου
1239 2455 1332 2509 καὶ
1384 2455 1492 2511 τῶν
1545 2453 1834 2528 προφητῶν

274 2551 504 2602 ποιεῖται
545 2549 721 2619 λόγον,
751 2548 827 2613 ὡς
875 2548 1026 2621 παρά
1067 2548 1162 2602 τοῦ
1200 2547 1333 2602 Θεοῦ
1373 2547 1551 2618 πάσης
1581 2546 1679 2618 τῆς
1719 2548 1834 2603 Πα-

274 2639 429 2706 λαιᾶς
457 2640 729 2713 Διαθήκης
752 2639 1016 2711 δοθείσης,
1058 2640 1152 2694 καὶ
1187 2640 1263 2703 ὼς
1309 2639 1459 2693 οὐδὲν
1505 2638 1613 2693 τῶν
1647 2639 1832 2694 αὐτόθι

276 2733 674 2805 πεπραγμένων
700 2750 760 2787 τε
798 2733 890 2787 καὶ
915 2732 1250 2804 λελεγμένων
1288 2731 1505 2801 εὔλογόν
1548 2749 1669 2786 τινα
1712 2750 1837 2786 κατ-

274 2823 498 2895 ηγορίαν
525 2823 636 2896 ἔχει
660 2824 752 2879 τοῦ
794 2824 1114 2896 ποιήσαντός
1139 2841 1198 2878 τε
1225 2824 1318 2878 καὶ
1341 2824 1668 2896 λαλήσαντος
1694 2841 1708 2854 ο
1741 2824 1836 2879 καὶ

275 2914 349 2979 ὡς
374 2916 581 2986 συνῳδά
604 2918 779 2974 πάντα
810 2920 875 2989 τῇ
903 2918 1076 2987 Καινῇ
1099 2916 1342 2991 Διαθήκῃ
1361 2933 1374 2946 ·
1398 2914 1474 2979 ὡς
1502 2914 1634 2987 μηδὲ
1655 2915 1837 2970 ἐντεῦ-

276 3004 365 3060 θεν
393 3007 635 3079 ἀνάγκην
672 3003 833 3072 εἶναι,
860 3007 1117 3080 δευτέραν
1160 3006 1282 3061 τινὰ
1326 3007 1421 3062 καὶ
1456 3007 1705 3062 ἐναντίαν
1738 3008 1837 3079 ἀρ-

276 3097 375 3169 χὴν
407 3096 484 3169 τῷ
513 3097 630 3169 Θεῷ
660 3099 924 3154 ὑπονοεῖν.

562 3214 864 3283 Ὑπόθεσις
893 3217 1000 3271 τοῦ
1037 3218 1319 3288 τετάρτου
1348 3223 1558 3289 λόγου.

1939 2045 2360 2117 disputationem
2412 2050 2725 2106 summatim
2779 2052 3179 2123 complectitur,
3233 2051 3499 2123 docetque

1938 2139 2162 2195 minime
2207 2155 2430 2196 necesse
2477 2157 2600 2197 esse
2647 2144 2914 2214 suspicari
2964 2159 3032 2199 ex
3078 2148 3274 2209 rebus,
3328 2147 3498 2202 ullum

1938 2247 2060 2288 esse
2090 2232 2387 2287 secundum
2422 2233 2747 2305 principium
2771 2274 2787 2301 ,
2825 2235 2934 2291 Deo
2964 2238 3321 2295 contrarium.

2385 2347 2761 2419 Argumentum
2800 2349 2924 2404 libri
2961 2366 3042 2407 ut.

2010 2455 2228 2523 Tertius
2279 2459 2416 2516 liber
2467 2476 2565 2531 pro
2612 2462 2730 2533 lege
2777 2469 2832 2518 et
2888 2463 3170 2534 prophetis
3200 2460 3497 2536 disputat:

1940 2550 2138 2621 quippe
2183 2566 2307 2605 cum
2352 2559 2527 2606 totum
2558 2550 2727 2609 Vetus
2758 2551 3164 2612 Testamentum
3199 2572 3230 2612 a
3261 2555 3371 2614 Deo
3400 2558 3501 2613 da-

1938 2648 2053 2697 tum
2085 2643 2175 2708 sit,
2226 2650 2281 2698 et
2308 2643 2443 2698 nihil
2481 2658 2671 2699 eorum
2716 2660 2836 2716 qua:
2870 2646 2923 2701 in
2959 2661 3026 2701 eo
3059 2646 3203 2702 facta
3235 2655 3328 2703 aut
3357 2648 3502 2704 dicta

1939 2740 2101 2798 sunt,
2145 2732 2482 2803 probabilem
2526 2735 2931 2790 accusationem
2977 2735 3098 2806 ejus
3140 2737 3233 2807 qui
3277 2737 3406 2794 fecit
3448 2746 3503 2797 et

1940 2823 2115 2891 dixit,
2159 2824 2397 2892 habeat;
2446 2826 2666 2896 sintque
2715 2827 2900 2881 omnia
2942 2841 3070 2883 cum
3117 2826 3268 2886 Novo
3315 2828 3499 2888 Testa-

1940 2924 2126 2972 mento
2156 2917 2554 2973 consentientia
2580 2938 2594 2974 :
2627 2925 2687 2974 ut
2719 2934 2822 2979 nec
2850 2934 2919 2975 ex
2948 2919 3053 2976 hac
3096 2931 3249 2991 parte
3278 2937 3505 2980 necesse

1941 3008 2014 3063 sit
2077 3009 2317 3080 cogitare
2366 3009 2586 3081 aliquod
2653 3011 2953 3068 secundum
3000 3012 3330 3084 principium
3395 3014 3505 3072 Deo

1940 3102 2296 3167 contrarium.

2397 3218 2776 3289 Argumentum
2814 3220 2938 3277 libri
2975 3239 3045 3278 tv.

354 3324 414 3381 '0
443 3326 698 3400 τέταρτος
727 3329 932 3403 ἐξαιρεῖ
957 3331 1051 3385 καὶ
1069 3330 1166 3403 τὴν
1202 3332 1411 3404 Καινὴν
1442 3331 1713 3404 Διαθήκην
1738 3329 1834 3402 τῆς

2011 3327 2252 3394 Quartus
2283 3328 2421 3384 liber
2461 3328 2671 3384 Novum
2711 3328 3123 3386 Testamentum
3169 3331 3237 3387 ab
3283 3333 3499 3389 illorum

277 3418 497 3474 ὶκείνων
525 3421 666 3475 κατά
697 3421 831 3475 Θεοῦ
876 3422 1242 3496 βλασφημίας,
1273 3425 1349 3489 ὡς
1391 3424 1512 3478 οὐδὲ
1563 3423 1700 3497 πρὸς
1741 3423 1839 3478 αὐ-

275 3509 371 3581 τὴν
400 3511 674 3578 παντελῶς
713 3514 945 3585 ἐχόντων
986 3515 1107 3568 τινὰ
1145 3516 1445 3583 κοινωνίαν,
1492 3518 1586 3572 καὶ
1617 3517 1694 3580 ὡς
1736 3514 1837 3586 μάο

274 3614 374 3671 την
408 3601 746 3668 ἐκϐιάζονται
796 3606 932 3678 μέρη
967 3606 1030 3675 γέ
1061 3624 1183 3662 τινα
1220 3607 1423 3680 ταύτης
1457 3609 1594 3677 πρὸς
1637 3607 1835 3663 σύστα-

278 3707 360 3744 σιν
385 3692 483 3763 τῆς
502 3694 680 3749 αὐτῶν
705 3697 957 3761 ἀσεϐείας
975 3714 989 3728 ’
1025 3699 1117 3752 καὶ
1137 3698 1213 3763 ὡς
1242 3700 1275 3770 ἠ
1308 3699 1448 3753 κατὰ
1473 3701 1563 3754 τὸν
1594 3699 1837 3754 διάϐολον

276 3783 720 3859 ὑώοεσιςοούδὲν
773 3789 954 3852 αὐτοῖς
1002 3789 1312 3862 συναίρεται
1356 3791 1493 3863 πρὸς
1540 3790 1578 3846 ἃ.
1622 3790 1838 3861 λέγουσι

276 3873 414 3928 κατὰ
446 3873 603 3931 Θεοῦ.

1942 3420 2279 3491 blasphemia
2316 3421 2372 3475 in
2405 3419 2573 3476 Deum
2603 3419 2873 3486 defendit,
2906 3430 2967 3477 ut
2998 3424 3092 3495 qui
3120 3424 3324 3479 nullam
3352 3440 3505 3496 pror¢

1942 3527 2038 3570 sus
2070 3514 2505 3570 communionem
2536 3530 2659 3571 cum
2691 3530 2758 3571 eo
2795 3515 3052 3585 habeant,
3099 3526 3154 3573 et
3197 3517 3398 3574 frustra
3443 3535 3506 3576 ac

1940 3618 2079 3660 vane
2120 3605 2386 3676 quasdam
2417 3612 2600 3675 partes
2633 3605 2753 3676 ejus
2776 3608 2843 3662 ad
2876 3608 3315 3665 constituendam
3349 3625 3505 3675 suam

1943 3697 2278 3768 impietatem
2329 3712 2428 3768 per
2471 3698 2582 3753 vim
2631 3699 2892 3768 trahant;
2945 3700 3199 3772 quodque
3254 3702 3307 3757 id
3361 3702 3505 3773 quod

1943 3789 2211 3846 diabolice
2244 3789 2571 3860 subjiciam,
2599 3791 2741 3847 nihil
2780 3808 2876 3849 eos
2916 3793 3070 3862 juvat
3114 3793 3182 3849 ad
3226 3809 3291 3849 ea
3337 3793 3507 3851 stabi-

1941 3879 2122 3936 lienda
2154 3893 2273 3951 quae
2304 3889 2495 3935 contra
2525 3878 2693 3935 Deum
2726 3879 2935 3936 dicunt.

1445 4107 2316 4199 SUPPLEMENTA

278 4300 330 4361 E
368 4298 700 4363 Parallelis
728 4298 1187 4361 Damascenicis
1237 4296 1793 4377 Bupefuealdinis,
1845 4297 1920 4361 ad
1963 4274 2161 4362 libros
2184 4300 2268 4362 IV
2300 4299 2598 4362 adversus
2638 4302 3014 4365 Manichaee
3044 4300 3171 4363 Titi
3202 4302 3507 4366 Bostren-

1675 4417 1766 4462 διε
1795 4416 2101 4479 episcopi.

674 4746 756 4802 Ea:
779 4744 1005 4803 Joannis
1039 4746 1351 4803 Damasceni
1372 4763 1513 4806 sacr.
1548 4749 1799 4811 Parallel.
1830 4753 1962 4822 Opp.
1994 4763 2120 4810 tam.
2156 4751 2223 4819 Il,
2250 4768 2371 4824 pag.
2407 4748 2533 4816 765,
2563 4748 2697 4805 edit.
2742 4747 2923 4806 Paris.
2960 4748 3122 4805 1712.

281 4891 392 4948 Τοῦ
412 4889 582 4963 ἁγίου
623 4888 791 4963 Τίτου
816 4887 1150 4963 ἐπισκόπου
1171 4886 1451 4963 Βόστρωγ
1471 4889 1541 4957 ἐκ
1566 4892 1673 4948 τοῦ
1690 4893 1834 4949 κατὰ

1943 4894 2126 4951 Sancti
2158 4892 2266 4951 Titi
2314 4890 2543 4963 episcopi
2571 4889 2925 4963 ﬂagrorum,
2978 4903 3044 4942 ex
3097 4887 3229 4942 liora
3274 4903 3292 4943 1
3330 4898 3512 4947 contra

654 4958 994 5028 Μανιχαίων
1029 4958 1215 5028 λόγου
1247 4964 1297 5012 α’
1321 4959 1453 5032 (65).

345 5073 468 5136 Πῶς
484 5066 597 5133 οὖν,
628 5070 753 5143 φὴς,
790 5070 1150 5141 ἀναστήσεται
1175 5071 1234 5125 τὸ
1274 5070 1452 5142 σῶμα,
1485 5073 1534 5126 εί
1579 5072 1715 5145 σὰρξ
1743 5074 1838 5128 καὶ

274 5158 413 5236 αἷμα
447 5161 719 5234 βασιλείαν
745 5160 880 5216 Θεοῦ
922 5160 1322 5235 κληρονομῆσαι
1360 5165 1420 5219 οὐ
1450 5163 1741 5232 δύνανται;
1774 5166 1837 5220 οὐ

273 5257 451 5311 τοίνυν
511 5254 647 5317 ἐστὶ,
705 5254 886 5323 φασὶν,
932 5254 1141 5325 νεκρῶν
1199 5255 1507 5320 ἀνάστασις.
1557 5256 1694 5312 Οὔτε
1726 5260 1841 5322 τοῖς

271 5345 529 5417 ἀνωτέρω
541 5344 627 5398 διὰ
643 5342 898 5399 πλειόνων
912 5344 1141 5415 λεχθεῖσι
1157 5347 1247 5400 τὸν
1269 5348 1392 5401 νοῦν
1412 5349 1472 5402 οὐ
1489 5350 1837 5422 παρέχουσιν,

269 5440 389 5497 ἀλλ’
408 5436 593 5509 ῶσπερ
619 5436 760 5498 τινὲς
800 5438 856 5489 ὲν
882 5435 1162 5505 διαμονατς
1198 5440 1538 5511 πραγμάτων
1563 5440 1839 5495 ἀδικωτά-

272 5548 403 5595 των,
425 5530 486 5584 τὸ
513 5528 721 5591 ἑαυτοῖς
753 5527 1047 5599 προσφιλὲς
1075 5532 1154 5596 είς
1174 5530 1271 5603 τὴν
1297 5532 1552 5587 ὑπόνοιαν
1580 5534 1679 5607 τῆς
1709 5551 1843 5605 σφε-

2559 4959 2899 5014 Manicha'os.

2013 5075 2245 5143 Quinam
2293 5072 2458 5144 igitur
2501 5070 2611 5135 (iet,
2654 5067 2860 5138 inquis.
2903 5075 2965 5123 at
2990 5082 3189 5135 corpus
3228 5076 3513 5139 resurgat,

1940 5166 1987 5225 si
2017 5181 2144 5222 caro
2178 5171 2233 5221 et
2272 5162 2497 5233 sanguis
2540 5176 2768 5233 regnum
2796 5159 2892 5215 Dei
2923 5160 3207 5230 possidere
3235 5175 3345 5216 non
3383 5174 3514 5230 pos.

1940 5258 2100 5315 sunt?
2128 5250 2473 5326 nequaquam
2490 5252 2657 5322 igitur
2678 5257 2761 5306 est
2786 5250 3121 5305 resurrectio
3146 5254 3510 5303 mortuorum.

1941 5350 2038 5406 His
2058 5364 2179 5421 quae
2208 5348 2463 5419 superius
2494 5345 2719 5416 copiose
2760 5343 2906 5399 dicta
2947 5348 3098 5405 sunt,
3125 5341 3367 5395 animum
3400 5355 3514 5396 non

1942 5441 2268 5506 advertunt;
2299 5437 2430 5503 sed,
2479 5438 2628 5493 velut
2665 5435 2888 5504 quidam
2938 5431 3298 5503 iniquissimis
3333 5429 3390 5486 in
3418 5447 3515 5486 ne-

1941 5532 2104 5604 gotiis
2137 5539 2582 5603 perseverantes,
2630 5529 2684 5584 id
2713 5527 2861 5600 quod
2896 5525 2999 5582 sibi
3063 5522 3128 5577 ad
3181 5522 3512 5594 impietatem

338 5684 446 5769 (65)
497 5684 906 5770 ,τοξέαξὰ
929 5687 1349 5770 Μανιχιλόγου
1375 5693 1447 5770 ei".
1470 5686 1821 5770 Nequaquam
1930 5702 2077 5770 pune
2132 5693 2349 5744 exstant
2421 5702 2487 5743 ex
2545 5683 2900 5743 translatione
2948 5678 3208 5737 Turriani
3234 5718 3252 5746 ,
3312 5679 3511 5754 reperi.

276 5752 390 5812 haec
417 5752 472 5813 in
501 5756 654 5813 libris
689 5752 797 5811 Titi
831 5752 1142 5812 Bostrens’i’s
1169 5752 1354 5811 contra
1385 5752 1729 5826 Manichacus,
1766 5768 1825 5814 ut
1931 5758 2193 5822 Leonam.

589 5848 851 5910 PATROL.
887 5848 1005 5911 GR.
1039 5847 1266 5910 XVIII.

3138 5844 3274 5910 ’ἶιο
