4038 6288
662 350 800 408 1259

1636 382 1641 386 ·
1743 352 1883 410 TITI
1917 353 2347 411 BOSTRENSIS
2383 352 2684 412 EPISCOPI

3726 362 3825 421 im

661 482 816 523 suam
840 465 1081 521 arridere
1118 464 1464 535 suspicantur
1488 506 1503 529 ,
1538 481 1648 521 non
1681 468 1827 538 quod
1856 468 2064 537 justum
2094 476 2176 524 est
2202 507 2218 533 ,
2250 516 2256 531 ,

2250 474 2295 531 Α
2322 468 2484 540 τέρας
2523 466 2798 534 ἀσεϐείας,
2831 466 2891 521 οὐ
2937 467 2998 521 τὸ
3041 468 3247 522 δίκαιον
3289 467 3583 540 αἱροῦνται.
3616 472 3717 525 Οὐκ
3743 474 3824 530 ἐστι

659 558 887 628 eligunt.
922 556 1061 612 Caro
1086 557 1433 627 passionihus
1455 559 1688 615 obnoxia
1708 574 1817 615 non
1843 562 2100 632 resurgit,
2126 561 2215 615 in-

660 649 779 718 quit
810 648 1102 718 Apostolus
1125 688 1141 713 ,
1178 665 1365 718 .neque
1398 666 1647 706 crassum
1675 666 1875 721 corpus
1930 668 2041 706 una
2091 668 2217 707 cum

659 740 1071 810 aegritudinibus
1145 742 1262 796 suis
1326 742 1488 799 vivet.
1546 744 1812 810 Quocirca
1871 745 2214 815 perspicuam

660 831 972 900 quaestionis
1005 832 1510 903 interpretationem
1572 835 1797 891 subdit:
1851 835 1982 889 Ecce
2027 849 2219 908 myste-

657 922 797 973 rium
843 920 986 974 vobis
1034 920 1192 975 dico:
1244 939 1420 977 omnes
1469 924 1673 995 quidem
1711 942 1814 978 non
1854 926 2212 991 dormiamus,

655 1010 745 1065 sed
775 1027 952 1065 omnes
976 1012 1377 1068 immutabimur
1414 1016 1455 1071 ⁸.
1500 1015 1656 1072 Unde
1704 1034 1805 1073 nos
1834 1020 1926 1089 qui
1963 1020 2094 1075 salvi
2132 1019 2217 1073 fu-

656 1103 765 1156 turi
792 1118 1016 1167 sumus,
1069 1109 1422 1163 mutationem
1472 1110 1855 1176 admittemus,
1895 1111 2216 1180 corporibus

654 1197 877 1250 meliore
927 1202 1071 1250 statu
1104 1212 1167 1251 ac
1208 1198 1523 1254 conditione
1577 1200 1815 1255 donatis.
1884 1202 1962 1256 Ac
2017 1217 2216 1271 corpus

654 1288 872 1358 quidem
923 1290 1047 1354 erit,
1087 1289 1229 1358 quod
1264 1291 1424 1348 nobis
1458 1294 1759 1349 mutatione
1801 1295 1892 1348 illa
1950 1294 2210 1349 dabitur:

654 1387 708 1433 at
736 1393 841 1433 non
888 1380 1110 1449 perinde
1168 1396 1295 1435 caro
1340 1392 1394 1437 et
1450 1384 1673 1454 sanguis
1727 1367 2217 1441 cum‘inﬁrmitate

2322 562 2458 635 σὰρξ
2505 561 2758 634 ἐμπαθὴς
2811 560 3166 631 ἀνισταμένη,
3220 560 3382 631 φησὶν
3434 560 3464 612 ὁ
3528 561 3823 631 Ἀπόστολος,

2318 654 2437 707 οὑδέ
2479 653 2623 725 παχὺ
2682 652 2839 724 σῶμα
2887 648 3041 715 αὖθις
3085 650 3354 722 μετάστῶν
3389 650 3576 704 παθῶν
3608 655 3825 709 πολιτεύε-

2317 764 2405 800 ται
2427 745 2560 816 (66).
2596 745 2687 798 Διὸ
2727 745 2919 813 ἐπάγει
2956 744 3097 815 σαφῆ
3134 742 3429 814 ἑρμηνείαν
3457 744 3555 813 τῆς
3595 745 3824 819 ἐπαπορη-

2319 857 2454 903 σεως
2474 854 2486 866 ·
2506 838 2650 893 Ἰδοὺ
2665 837 3001 907 μυστήριον
3024 834 3163 904 ὑμῖν
3191 834 3344 903 λέγω
3366 849 3379 863 °
3417 832 3634 900 πάντες
3654 835 3754 904 μὲν
3777 840 3826 891 οὐ

2316 930 2809 998 κοιμηθησόμεθα,
2849 927 3069 994 πάντες
3102 926 3169 980 δὲ
3202 927 3685 996 ἀλλαγησόμεθω
3723 927 3826 984 ὥστε

2321 1021 2618 1092 μεταϐολὴν
2638 1019 2831 1091 ἕξομεν
2861 1020 2910 1072 οἱ
2938 1018 3305 1089 σωθησόμενοι
3334 1016 3424 1069 ἐπί
3446 1034 3565 1071 τινα
3594 1020 3828 1089 κρείττονα

2319 1113 2585 1183 σωμάτων
2638 1112 2986 1165 κατάστασιν.
3040 1110 3150 1162 Καὶ
3212 1107 3369 1177 σῶμα
3412 1106 3512 1178 μὲν
3540 1107 3745 1161 ἐσταιτδ
3780 1112 3826 1163 ἐκ

2320 1205 2618 1276 μεταϐολῆς
2646 1204 2914 1273 διδόμενον
2946 1205 3098 1272 ἡμῖν,
3127 1201 3311 1255 οὐκέτι
3348 1201 3406 1254 δέ
3456 1199 3589 1270 σὰρξ
3619 1202 3700 1254 καὶ
3723 1198 3828 1273 αἷμα

2319 1296 2569 1368 ἀσθενείᾳ
2617 1294 3095 1366 συμπεπλεγμένα.
3125 1294 3199 1347 Οὐ
3246 1295 3355 1365 γὰρ
3383 1293 3510 1346 εἴτι
3542 1293 3703 1363 σῶμα,
3726 1296 3827 1349 πάν-

2315 1403 2423 1449 τως
2451 1387 2543 1439 καὶ
2593 1384 2748 1456 σάρξ.
2778 1385 2965 1446 Ἤλιος
3015 1382 3145 1450 γοῦν
3196 1382 3288 1435 καὶ
3335 1381 3531 1453 σελήνη
3576 1382 3661 1435 καὶ
3699 1384 3825 1445 πεῖςό

653 1471 995 1541 complicata.
1014 1464 1144 1526 'Non
1170 1473 1313 1528 enim
1335 1474 1439 1529 hoc
1470 1476 1587 1544 ipso
1608 1476 1752 1547 quod
1785 1492 1985 1546 corpus
2011 1478 2213 1548 aliquid

2313 1476 2561 1548 οὐράνιος
2606 1475 2784 1546 χορὸς,
2826 1474 2983 1544 σῶμα
3032 1473 3129 1542 μὲν
3160 1471 3383 1525 καθόλου
3426 1471 3688 1540 τυγχάνει,
3724 1472 3825 1543 σὰρξ

653 1563 744 1626 sit,
779 1563 910 1617 illud
940 1564 1198 1618 continuo
1235 1579 1362 1619 caro
1411 1582 1627 1637 quoque
1684 1576 1787 1624 est.
1822 1569 1916 1624 Sol
1947 1571 2106 1639 plane
2160 1578 2215 1626 et

2312 1567 2369 1620 δὲ
2392 1566 2662 1637 οὐδαμῶς.
2700 1565 2965 1636 Τοιαύτην
2992 1563 3112 1617 τινὰ
3140 1562 3280 1617 ἰδέαν
3313 1562 3540 1634 λήψεται
3571 1562 3627 1614 τὸ
3649 1563 3822 1616 ἀνιστά-

652 1654 781 1707 luua
836 1663 891 1707 et
932 1655 1109 1710 omnis
1158 1656 1397 1712 cmlestis
1453 1659 1690 1714 chorus.
1745 1675 1944 1730 corpus
1992 1661 2214 1718 omnino

2322 1676 2481 1730 μενον
2506 1659 2684 1731 σῶμα,
2717 1659 2857 1712 ὥστε
2884 1658 2979 1722 τὰς
3006 1657 3113 1711 τῶν
3133 1656 3302 1725 ἁγίων
3330 1656 3508 1726 ψυχὰς
3540 1656 3822 1726 συνοικήσειν

653 1753 812 1809 sunt,
862 1762 1203 1817 nequaquam
1255 1758 1431 1803 autem
1490 1764 1639 1806 caro.
1701 1750 1979 1821 Ejusmodi
2046 1770 2212 1824 porro

2249 1821 2275 1824 Α
2317 1750 2526 1822 σώματι
2555 1752 2758 1816 λοιπὸν,
2795 1749 2975 1804 οὐκέτι
3008 1766 3070 1818 γε
3092 1751 3298 1820 τροφῆς
3317 1747 3554 1817 δεομένῳ
3587 1746 3819 1816 σαρκικῆς,

652 1839 888 1907 speciem
921 1842 1208 1909 quamdam
1240 1841 1457 1896 habebit
1488 1858 1688 1912 corpus
1735 1847 1880 1914 quod
1935 1821 2208 1918 resurget;

2246 1821 2286 1876 Β
2313 1821 2491 1898 οὐκέτι
2519 1844 2574 1897 δέ
2604 1843 2814 1915 ἡδοναῖς
2846 1860 2905 1896 τε
2962 1843 3053 1896 καὶ
3072 1841 3288 1903 λύπαις,
3322 1841 3417 1894 καὶ
3437 1838 3675 1910 ἀλγηδόσι
3708 1855 3820 1908 περι-

652 1931 727 1985 ita
764 1939 821 1985 ut
850 1943 1158 1989 sanctorum
1192 1934 1387 1990 anima:
1414 1950 1538 1990 cum
1571 1952 1801 2006 corpore
1833 1938 2090 2009 deinceps
2117 1940 2213 1993 ha-

651 2023 842 2088 bitent,
867 2025 1010 2094 quod
1039 2025 1298 2081 alimento
1332 2029 1603 2097 corporali
1634 2036 1814 2084 tamen
1839 2030 2071 2100 amplius
2102 2046 2211 2086 non

650 2126 832 2185 egeat;
863 2118 994 2186 quin
1025 2133 1125 2173 nec
1173 2118 1227 2172 in
1262 2119 1676 2185 oblectationes,
1712 2137 1885 2192 neque
1929 2123 1984 2176 in
2042 2124 2212 2179 mole-

651 2210 783 2264 stias
811 2218 861 2264 et
885 2210 1099 2268 dolores
1134 2211 1370 2278 incidat;
1421 2213 1515 2267 sed
1547 2214 1602 2267 in
1630 2214 1817 2284 gloriae
1841 2230 1954 2270 suae
1983 2231 2212 2271 consor-

651 2308 758 2356 tem
787 2303 1020 2358 animam
1055 2302 1296 2358 divinum
1320 2305 1468 2358 illum
1494 2306 1700 2360 cultum
1740 2307 2011 2363 ullatenus
2034 2316 2211 2364 trans-

649 2393 806 2457 ferat,
842 2396 1005 2450 ﬁnitis
1033 2396 1448 2460 certaminibus,
1482 2404 1537 2451 et
1571 2397 1752 2451 anima
1779 2398 2001 2454 decreto
2032 2399 2124 2455 Dei
2154 2401 2207 2454 in

651 2484 889 2553 requiem
941 2499 1095 2539 suam
1144 2484 1411 2554 digressa.
1453 2484 1680 2556 Insuper
1712 2502 1839 2541 vero
1888 2489 1989 2543 hoc
2037 2497 2208 2543 totum

648 2575 819 2643 aperit
854 2581 907 2629 et
928 2575 1185 2639 elucidat,
1220 2591 1284 2630 ac
1314 2578 1734 2634 resurrectionis
1767 2581 2037 2636 rationem
2064 2583 2209 2638 edis-

648 2664 801 2723 serit,
841 2662 1115 2718 dicendo:
1158 2664 1422 2730 Quoniam
1468 2677 1666 2734 oportet
1711 2672 2052 2739 corruptibile
2119 2673 2209 2727 hoc

647 2753 862 2809 induere
889 2757 1326 2825 incorruptionem
1348 2800 1362 2822 ,
1395 2767 1445 2811 et
1475 2760 1696 2815 mortale
1724 2760 1821 2815 hoc
1861 2763 2076 2818 induere
2107 2765 2209 2818 im-

646 2848 1029 2901 mortalitatem
1062 2850 1102 2903 ’.
1150 2848 1289 2904 llinc
1336 2866 1526 2905 verum
1584 2854 1655 2907 sit
1702 2852 1878 2909 illud:
1926 2853 2207 2925 Corruptio

647 2938 1085 3007 incorruptionem
1145 2939 1449 2993 haereditate
1490 2957 1593 2994 non
1640 2940 1834 2995 obtinet
1868 2942 1934 2996 ¹⁰.
1994 2942 2128 2997 Nam
2161 2944 2208 2999 si

648 3030 918 3099 quiSpiam
968 3030 1069 3084 hoc
1112 3031 1334 3094 diceret,
1365 3032 1508 3101 quod
1543 3048 1672 3088 caro
1702 3050 1806 3087 una
1845 3048 1971 3088 cum
2028 3035 2207 3091 insitis

649 3122 706 3176 in
743 3137 805 3175 ea
837 3121 1214 3178 atl‘ectionibus
1249 3139 1573 3194 resurgens,
1622 3124 1893 3193 ejusmodi
1941 3127 2013 3181 sit
2040 3126 2204 3181 vitam

650 3221 859 3278 actura,
890 3221 949 3267 ut
986 3215 1172 3270 eadem
1206 3214 1368 3270 simul
1417 3230 1540 3269 cum
1582 3217 1761 3270 anima
1788 3218 2121 3288 perpetiatur
2153 3226 2207 3273 et

647 3313 807 3375 agat,
845 3307 1040 3360 rationi
1072 3316 1498 3363 consentaneum
1529 3325 1638 3363 non
1676 3317 1841 3372 esset,
1885 3309 2030 3378 quod
2065 3309 2207 3364 bona

647 3412 744 3467 spe
772 3405 1002 3451 careret.
1037 3396 1133 3451 Sin
1155 3413 1282 3452 vero
1336 3398 1468 3452 illud
1516 3399 1693 3469 ipsum
1748 3399 2100 3453 mutationem
2151 3400 2206 3453 in

647 3489 927 3541 meliorem
978 3495 1032 3543 et
1059 3487 1267 3544 felicem
1297 3496 1499 3544 statum
1546 3490 1784 3560 accipit,
1840 3490 1944 3545 hoc
1992 3489 2208 3560 egregie

647 3579 1040 3635 demonstravit
1078 3582 1150 3635 ita
1186 3581 1410 3651 loquens
1442 3599 1455 3636 :
1508 3581 1722 3651 Oportet
1769 3582 1907 3635 enim
1946 3583 2206 3650 corrupti-

646 3670 748 3725 bile
775 3671 869 3725 hoc
910 3670 1122 3725 induere
1153 3672 1619 3741 incorruptionem,
1653 3680 1702 3725 et
1729 3672 1951 3725 mortale
1997 3674 2092 3725 hoc
2120 3672 2206 3725 in-

644 3761 804 3814 duere
853 3761 1320 3816 immortalitatem.
1372 3760 1527 3815 lusta
1575 3761 1792 3831 quidem
1836 3763 2205 3817 remuneratio

644 3862 731 3908 est
760 3855 1141 3920 instrumenti,
1192 3853 1337 3924 quod
1388 3853 1636 3908 laborum
1688 3853 1882 3909 animae
1934 3855 2205 3925 particeps

648 3944 748 3999 fuit
773 3930 785 3998 ἐ
817 3960 919 4000 nec
948 3960 1079 4001 vero
1106 3961 1168 4001 ea
1195 3945 1456 4001 damnosa
1484 3953 1569 4001 est
1594 3986 1609 4010 ,
1659 3960 1760 4001 nec
1792 3946 2073 4003 laboribus
2107 3949 2206 4003 ob-

646 4038 829 4093 noxia.
859 4038 1023 4109 Atqui
1075 4038 1131 4092 in
1188 4038 1291 4093 hac
1324 4039 1478 4094 beata
1514 4039 1624 4092 vita
1654 4039 1790 4095 tales
1838 4054 1962 4095 esse
2012 4055 2201 4096 eorum

646 4130 741 4197 qui
777 4131 1022 4184 salvandi
1052 4138 1200 4196 sunt,
1239 4131 1448 4185 animas
1495 4137 1744 4200 oportet;
1797 4139 1859 4185 ut
1911 4138 2203 4202 cognatum

646 4217 866 4286 quidem
909 4218 1014 4273 sibi
1047 4233 1246 4288 corpus
1283 4219 1582 4289 recipiant,
1625 4234 1737 4273 non
1790 4229 1968 4274 autem
2021 4220 2200 4289 ipsum

2311 1937 2580 1998 πίπτοντι,
2608 1936 2721 1990 ἀλλ’
2768 1932 2827 1988 εὖ
2861 1934 3003 2005 μάλα
3040 1932 3278 2005 ὁμοδόξῳ
3305 1935 3373 2004 τῇ
3415 1932 3559 2003 ψυχῇ
3588 1930 3819 2003 προσάπαν

2308 2028 2406 2099 τὴν
2455 2027 2633 2081 ἔνθεον
2685 2027 2938 2098 λατρείαν
2973 2026 3251 2097 μηδέποτε
3282 2024 3626 2087 ἀνατείνοντι,
3658 2040 3819 2076 πεπαυο

2314 2119 2486 2189 μένων
2532 2118 2640 2171 τῶν
2683 2117 3098 2187 ἀγωνισμάτων,
3127 2116 3222 2170 καὶ
3261 2116 3402 2188 πρὸς
3434 2114 3724 2169 ἀνάπαυλαν
3747 2114 3818 2183 τῆς

2308 2208 2485 2279 ψυχῆς
2538 2207 3026 2279 ἀνακεχωρηκυίας
3053 2206 3281 2276 δόγματι
3312 2204 3473 2259 Θεοῦ.
3515 2205 3627 2258 Ἐπὶ
3654 2203 3701 2257 δὲ
3724 2203 3816 2256 τού-

2307 2317 2420 2364 τοις
2442 2300 2723 2371 σαφηνίζει
2758 2299 2969 2353 ἆπαντα
2997 2299 3088 2352 τὸν
3120 2298 3293 2366 λόγον,
3311 2297 3513 2351 καὶτὸν
3543 2297 3716 2367 τρόπον
3746 2294 3816 2364 τῆς

2309 2393 2651 2456 ἀναστάσεως
2687 2391 2959 2462 ἐξηγεῖται
2988 2390 3158 2459 λέγων
3178 2408 3191 2420 ·
3232 2390 3363 2443 Ὅτι
3394 2388 3491 2442 δεῖ
3517 2388 3579 2441 τὸ
3609 2385 3817 2456 φθαρτὸν

2307 2485 2480 2539 τοῦτο
2492 2485 2857 2539 ἐνδύσασθαι
2875 2484 3236 2553 ἀφθαρσίαν,
3266 2481 3367 2536 καὶ
3392 2480 3460 2535 τὸ
3476 2476 3815 2546 θνητὸντοῦτο

2306 2574 2670 2629 ἐνδύσασθαι
2693 2575 3046 2629 ἀθανασίαν.
3077 2572 3296 2645 Ἀληθές
3315 2571 3387 2626 ἂν
3403 2573 3483 2643 εῐη
3504 2571 3560 2624 τό
3573 2588 3586 2601 ο
3603 2566 3815 2637 Ἠφθορὰ

2307 2669 2422 2738 τὴν
2444 2670 2783 2739 ἀφθαρσίαν
2822 2672 2893 2724 οὐ
2936 2666 3309 2736 κληρονομεῖ.
3365 2668 3429 2720 Et
3479 2665 3572 2737 μὲν
3617 2666 3708 2733 γάρ
3749 2677 3811 2722 τις

2307 2761 2461 2814 τοῦτο
2482 2761 2681 2830 ἔλεγεν,
2712 2763 2791 2815 ὅτι
2827 2763 2860 2832 ἠ
2897 2760 3029 2832 σὰρξ
3056 2759 3171 2831 ἅμα
3211 2762 3322 2821 τοῖς
3361 2757 3611 2827 ἐμφύτοις
3636 2754 3808 2808 πάθεσιν

2307 2851 2461 2917 αὖθις
2475 2855 2753 2906 ἀναστᾶσα
2783 2852 3028 2924 ζήσεται,
3062 2851 3128 2905 τά
3162 2851 3300 2905 αὐτὰ
3330 2851 3608 2921 πάσχουσα
3652 2865 3698 2900 τε
3739 2845 3810 2897 καὶ

2306 2943 2524 3013 δρῶμας
2551 2942 2685 3013 (66⁸)
2716 2943 2830 3014 ἆμα
2851 2945 2915 3013 τῇ
2949 2941 3125 3012 ψυχῇ,
3150 2938 3217 3011 ἦν
3239 2941 3303 2995 ἂν
3338 2941 3527 3007 ἄλογος
3551 2939 3639 2992 οὐκ
3662 2937 3807 3006 ἔχουσα

2308 3035 2514 3106 ἀγαθὴν
2530 3034 2736 3088 ἐλπίδα·
2762 3039 2810 3088 εί
2825 3035 2880 3087 δέ
2900 3033 3195 3105 μεταϐολὴν
3211 3032 3343 3087 αὐτὸ
3360 3032 3423 3103 δὴ
3442 3032 3588 3085 τοῦτο
3607 3028 3805 3098 λαμϐάνει

2308 3124 2612 3197 κρείττονος
2638 3125 2732 3177 καὶ
2770 3122 3043 3193 μακαρίας
3070 3121 3250 3187 ἕξεως,
3296 3121 3437 3190 ὅπερ
3467 3114 3715 3177 δεικτικῶς
3738 3128 3803 3180 ση-

2311 3217 2510 3289 μαίνειν
2542 3217 2762 3285 φάσκων
2781 3232 2794 3245 °
2828 3214 2927 3268 Δεῖ
2961 3215 3069 3284 γὰρ
3101 3212 3166 3266 τὸ
3200 3213 3466 3281 φθαρτὸν
3494 3211 3650 3265 τοῦτο
3675 3204 3802 3259 ὲνδύ·

2308 3313 2529 3366 σασθαι
2576 3309 2933 3377 ἀφθαρσίαν,
2964 3307 3061 3360 καὶ
3102 3304 3167 3359 τὸ
3192 3305 3415 3372 θνητὸν
3431 3303 3595 3358 τοῦτο
3611 3297 3802 3354 ἐνδύσα-

2308 3405 2448 3456 σθαι
2471 3398 2823 3454 ἀθανασίαν.
2860 3396 3051 3448 Δικαία
3072 3396 3168 3465 μὲν
3184 3394 3276 3448 τοῦ
3305 3392 3659 3463 συγκαμόντος
3684 3390 3802 3458 im-

2307 3493 2447 3546 λείου
2474 3495 2540 3563 τῇ
2567 3489 2710 3560 ψυχῇ
2747 3490 2779 3559 ἡ
2815 3487 3084 3550 ἀπόδοσις,
3124 3486 3223 3539 οὐκ
3260 3485 3547 3554 ἐπιζήμιος
3578 3480 3627 3534 δὲ
3651 3476 3723 3531 καὶ
3745 3473 3800 3524 ἔτι

2307 3579 2559 3641 ἐπίπονος
2603 3580 2796 3651 ταύτῃ.
2837 3578 2973 3631 Ἀλλ’
3010 3579 3066 3630 ἐν
3103 3574 3177 3647 τῷ
3214 3576 3468 3646 μακαρίῳ
3502 3570 3628 3642 (βίῳ)
3654 3565 3800 3624 ταύτας

2310 3670 2524 3725 ἔσεσθαι
2548 3671 2656 3725 τῶν
2695 3668 3011 3740 σωζομένων
3046 3668 3142 3731 τὰς
3162 3666 3336 3737 ψυχὰς
3386 3659 3708 3733 ἀπειληφυίας
3732 3651 3799 3725 μὶν

2309 3764 2370 3817 τὸ
2427 3763 2701 3834 σύμφυτον
2767 3763 2957 3825 αὐταῖς
3019 3760 3193 3831 σῶμα,
3228 3760 3290 3812 οὐ
3360 3758 3536 3830 μέντοι
3581 3751 3697 3824 βαρὺ
3735 3744 3800 3798 καὶ

2311 3857 2530 3925 γεῶδες,
2553 3856 2647 3909 καὶ
2682 3856 2945 3928 σαρκικῆς
2968 3853 3259 3924 ἐπιθυμίας
3281 3851 3468 3922 γέμον,
3499 3845 3714 3912 καθάπερ
3730 3837 3798 3928 τὴν

2310 3946 2502 4021 ἀρχὴν,
2546 3947 2635 3999 ὅτε
2685 3945 2748 4017 δὴ
2806 3944 3077 4016 προσῆκον
3105 3939 3171 4014 ἦν
3218 3941 3296 4011 τῷ
3332 3939 3501 4010 ἀγῶνι
3530 3936 3621 4006 τῆς
3653 3927 3800 4001 ἀρετῆς

2309 4040 2721 4109 ἐνευδοκιμῆσαι
2763 4037 3002 4099 ταύταις.
3045 4033 3250 4087 Ἀδικία
3299 4032 3430 4103 γὰρ,
3457 4032 3503 4083 εί
3544 4026 3610 4099 μὴ
3635 4023 3684 4074 τδ
3704 4033 3800 4109 σῆμ’

2308 4106 2641 4201 πονῆσανῠτῇ
2689 4129 2831 4200 ψυχῇ
2872 4127 3028 4198 σῶμα
3069 4124 3209 4179 κατά
3243 4124 3400 4182 τήνδε
3443 4121 3536 4189 τὴν
3588 4106 3799 4168 πολιτείαν

2307 4220 2523 4291 ἀποδῴη
2554 4219 2854 4272 συναπόλαυ
2862 4235 2961 4270 σιν.

646 4323 810 4378 grave
829 4318 885 4365 et
919 4320 1213 4377 terrenum,
1265 4314 1608 4383 carnalisque
1640 4313 1955 4382 cupiditatis
1990 4315 2228 4383 plenum,
2269 4315 2727 4387 quemadmodum
2788 4322 2985 4379 antea;
3015 4311 3233 4382 quando
3261 4323 3455 4380 nempe
3494 4294 3797 4398 necessarii?

646 4410 784 4467 erat,
838 4410 897 4459 ut
944 4419 1066 4459 cum
1118 4405 1198 4460 eis
1270 4405 1488 4460 virtutis
1554 4407 1853 4460 certamine
1912 4408 2254 4477 probaretur.
2294 4408 2546 4479 Iniquum
2587 4406 2851 4477 siquidem
2885 4404 3097 4467 fuisset,
3146 4404 3191 4459 si
3239 4417 3443 4472 corpus
3472 4396 3605 4467 quod
3650 4394 3797 4445 animi!

646 4494 890 4551 laborum
938 4497 993 4551 in
1024 4496 1251 4567 hujusce
1282 4497 1403 4551 vitae
1430 4496 1800 4553 inunctionibus
1856 4514 2085 4555 consors
2115 4499 2239 4566 fuit,
2282 4503 2627 4573 praemiorum
2654 4499 2775 4570 ejus
2808 4498 3162 4554 retributione
3196 4511 3306 4551 non
3331 4494 3627 4549 donaretur.

2033 4725 2171 4781 Ibid.
2203 4744 2322 4800 νας.
2359 4730 2481 4785 747.

645 4862 830 4919 Sancti
862 4862 965 4917 Titi
1002 4860 1616 4934 episcopi__BoeIrorum,
1647 4872 1710 4913 ea:
1754 4859 1887 4913 libro
1921 4874 1957 4914 ιι
2006 4867 2199 4915 contra
2235 4865 2276 4921 D

1233 4930 1582 4986 Manichaeos.

722 5020 1014 5077 Dicendum
1067 5023 1237 5098 igitur;
1268 5030 1373 5090 est,
1414 5021 1687 5076 hominem
1725 5035 1755 5074 a
1780 5021 2080 5077 Conditore
2117 5037 2203 5077 re-

645 5129 767 5170 rum
801 5114 855 5168 in
893 5113 1056 5167 vitam
1086 5113 1409 5183 productum
1461 5130 1604 5179 esse,
1647 5123 1703 5169 ut
1742 5115 1879 5169 nihil
1925 5114 2072 5169 aliud
2108 5131 2207 5172 ne-

644 5207 959 5278 gotiaretur,
1003 5205 1108 5258 nisi
1166 5206 1418 5274 pietatem
1466 5222 1529 5261 ac
1564 5207 1850 5263 virtutem.
1897 5206 1993 5263 His
2052 5207 2198 5264 enim

711 5364 734 5395 ⁸
772 5361 950 5418 lCor.
982 5377 1072 5428 xv,
1108 5360 1196 5415 51.
1270 5362 1292 5392 ³
1331 5360 1460 5416 ibid.
1496 5362 1585 5417 55.
1661 5363 1704 5394 ¹⁹
1742 5362 1875 5418 ibid.
1914 5361 2002 5419 50.

712 5518 825 5588 (66)
857 5512 1363 5588 aolireustat._An
1388 5512 1796 5588 πολιτεύσεταιῗ

714 5583 849 5657 (66‘)
881 5585 1029 5657 forte
1042 5586 1141 5655 leg.
1160 5583 1351 5657 §pt13qa
1385 5584 1547 5637 Εοιτ.

864 5652 1267 5740 ’ρητέςνξιιίοο
1299 5652 1967 5740 frag-mentumireperitur
1996 5653 2050 5708 in
2083 5652 2188 5707 Pa-

643 5723 843 5780 raltetit
874 5724 1015 5781 intra
1042 5725 1244 5781 Littera
1274 5743 1331 5792 π,
1368 5723 1449 5780 tit.
1483 5739 1606 5791 xxv,
1651 5723 1737 5779 ubi
1777 5738 1873 5795 pro
1918 5727 2187 5796 ἐμπορευ-

2487 4862 2593 4918 Τοῦ
2622 4862 2791 4932 ἁγίου
2822 4860 2988 4915 Τίτου
3016 4856 3349 4913 ἐπισκόπου
3392 4853 3663 4916 8601'pr-

2380 5019 2489 5093 (67)
2523 5019 2737 5092 Ῥητέον
2767 5019 2965 5080 τοίνυν,
2999 5016 3081 5070 ὅτι
3104 5014 3239 5087 πρὸς
3259 5010 3352 5066 τοῦ
3372 5000 3792 5093 δημιουργήσαντος

2309 5112 2338 5165 ὁ
2378 5088 2659 5185 ἀνθ-ρωπος
2703 5112 2782 5175 εἰς
2810 5110 2901 5162 τὸν
2934 5108 3045 5179 βίον
3078 5105 3351 5178 παρήχθη,
3397 5088 3791 5185 ἐμπορευσόμεγος

2311 5180 2494 5278 ἕτερον
2544 5205 2695 5259 οὐδὲν
2725 5204 2757 5276 ἢ
2796 5204 2952 5276 μόνον
3002 5200 3279 5255 εὐσέϐειαν
3308 5196 3399 5252 καὶ
3435 5189 3632 5265 ἀρετήν.
3655 5180 3789 5233 Ταῦτα

2296 5513 2517 5583 capch
2543 5505 3223 5583 ιεείιμῖέμπορευόμενοςθ
3247 5504 3395 5583 Haec.
3410 5495 3784 5583 P°"°.§P°.“3.’.°

2293 5557 3454 5649 ἦδξῐίιῑιίιῑξυάὶῑῖίιῆιᾱξίιζίέέίιξιίίυῑξέιίερ
3490 5557 3783 5649 δυνάμι-λιι).

2291 5625 2691 5731 ἕίῖἑάέἱιῗίίιιῖσῖ
2718 5625 3285 5718 ἱᾘίιῖἇῖιόᾇιὶἑῗιῐὲῑὰ
3314 5625 3468 5700 lectio
3488 5625 3784 5709 ιμὲτορεῦθιιε·

2292 5739 2380 5777 νος
2408 5729 2664 5777 οοοιιηιῑ.

2354 5739 2380 5787 ς
2408 5734 2664 5777 οεοιιηιῑ.
