4038 6288
333 355 461 412 1261

1240 352 1612 418 anvnnsus
1647 350 2071 420 MAMCHE')S
2103 365 2619 422 SUPPLEMENTA.

3421 377 3555 428 £262

331 480 441 550 γὰρ
498 477 872 549 κτησάμενος,
930 478 1108 543 καλῶς
1163 480 1230 533 ἂν
1262 481 1567 551 διανήξαιτο
1613 484 1761 538 τόνδε
1810 485 1889 538 τοι

2005 489 2365 558 comparatis,
2426 496 2576 544 recte
2635 497 2806 542 arvum
2864 487 3010 543 istud
3074 488 3490 542 transmeaverit
3534 505 3554 546 :

332 572 478 644 βίον·
517 572 796 643 ἀμελήσας
831 572 888 625 δὲ
942 573 1180 637 τούτων,
1216 573 1464 643 χαλεπῶς
1503 576 1566 628 ἂν
1613 577 1892 630 διαϐαπτι-

333 661 484 732 σθείη
519 661 884 732 πλανώμενος.

1903 777 1988 833 lll.

2004 577 2050 630 si
2070 593 2105 630 ιι
2131 593 2262 633 vero
2288 579 2608 650 neglexerit,
2643 595 2827 634 errore
2854 594 2954 633 suo
2975 579 3125 648 gravi
3157 593 3285 633 casu
3312 579 3557 634 submer-

1996 677 2170 736 getur.

1722 891 1864 949 Ibid.
1903 912 2024 967 pag.
2059 895 2179 950 788.

478 995 594 1052 Τοῦ
638 998 808 1066 ἁγίου
846 1004 1034 1066 Τίτου,
1065 1002 1132 1054 ἐκ
1175 1003 1282 1058 τοῦ
1309 1004 1443 1077 Περὶ¹
1474 1005 1752 1076 Προνοίας.

401 1195 513 1267 (68)
554 1195 694 1264 Πρὸς
738 1196 794 1250 δὲ
826 1200 938 1261 τοῖς
982 1185 1151 1252 ἅπασι
1184 1200 1290 1254 τῶν
1335 1203 1578 1276 συνήθως
1631 1205 1735 1258 ὑπὸ
1759 1205 1891 1259 Θεοῦ
1925 1220 1934 1231 ·

331 1286 630 1358 δεδομένων
679 1292 830 1360 κοινῇ
866 1292 1030 1343 πᾶσιν
1079 1287 1384 1364 ἀνθρώποις
1435 1299 1481 1349 εί
1533 1284 1769 1367 μηδεμία
1813 1297 1894 1362 τίς

333 1377 481 1433 ἐστιν
508 1381 596 1432 ὅτε
631 1379 906 1433 συνέϐαινε
939 1380 1190 1446 κώλυσις,
1229 1386 1368 1456 φορᾷ
1405 1384 1618 1453 φύσεως
1661 1389 1725 1441 ἄν
1750 1406 1892 1452 τινος

332 1469 705 1542 ἀμεταϐλήτου
738 1472 836 1542 τὴν
864 1473 1124 1544 χορηγίαν
1165 1476 1344 1529 αὐτῶν
1390 1475 1655 1548 ἠθέλησαν
1682 1475 1892 1550 ἀνθρω-

334 1580 460 1626 ποι,
495 1563 586 1615 καὶ
619 1564 716 1616 ούκ
745 1562 830 1628 ἂν,
875 1565 1151 1635 δεχόμενοι
1186 1567 1376 1630 ταῦτα,
1413 1569 1571 1640 χάριν
1614 1564 1891 1639 ὡμολόγη-

335 1669 433 1706 σαν
464 1653 540 1723 τῷ
570 1653 686 1724 Θεῷ
705 1696 718 1714 ,
757 1656 855 1707 ούκ
889 1655 952 1707 ἂν
979 1656 1034 1708 δὲ
1065 1657 1272 1726 ᾔτησαν
1304 1657 1535 1728 ἔχοντες.
1574 1659 1891 1729 Στεροῦνται

331 1744 618 1815 τοιγαροῦν
673 1745 841 1797 ἐνίοτε
893 1746 1027 1817 πρὸς
1078 1747 1285 1814 ὀλίγον,
1333 1749 1416 1801 ἵνα
1471 1751 1761 1821 αἰτήσωσι·
1797 1753 1890 1804 καὶ

2009 1008 2197 1064 Sancti
2223 1008 2351 1075 Titi,
2377 1023 2440 1062 ea:
2465 1005 2598 1062 libro
2616 1005 2689 1059 De
2717 1004 3079 1072 Providentia,
3111 1018 3175 1058 ea:
3195 1002 3327 1057 libro
3360 1017 3397 1056 ιι
3425 1015 3557 1058 οοιιδ

2553 1087 2638 1130 tra
2663 1076 3004 1132 Manichacos.

2078 1191 2279 1245 Praeter
2333 1190 2448 1245 haec
2505 1191 2708 1256 omnia,
2745 1189 2852 1244 nisi
2894 1203 3016 1259 qua:
3065 1202 3094 1240 a
3126 1186 3236 1241 Deo
3285 1183 3556 1240 universis

1997 1284 2313 1338 hominibus
2347 1283 2569 1353 perinde
2609 1281 2850 1350 concedi}
2878 1282 3079 1345 solent,
3112 1279 3398 1334 identidem
3450 1275 3555 1328 im-

1999 1374 2173 1444 pediri
2200 1373 2544 1442 contingeret
2569 1371 2862 1426 immobilis
2897 1369 3181 1438 cujusdam
3226 1371 3556 1424 naturain];

1996 1471 2122 1534 petu
2153 1483 2166 1530 ;
2203 1466 2394 1517 horum
2425 1463 2760 1534 largitionem
2793 1461 2927 1514 nihil
2959 1470 3243 1513 curassent
3273 1460 3551 1523 homines,

1997 1571 2098 1610 nec
2139 1556 2206 1609 iis
2229 1555 2464 1609 obtentis
2504 1553 2613 1608 Deo
2644 1553 2845 1623 gratias
2877 1559 3116 1619 agerent,
3160 1566 3333 1619 neque
3360 1551 3554 1615 bonum

1997 1654 2281 1716 compotes
2337 1645 2489 1710 facti,
2529 1646 2802 1699 ullatenus
2841 1650 3212 1712 precarentur.
3232 1643 3311 1696 Ad
3343 1651 3555 1711 tempus

1997 1739 2165 1808 igitur
2209 1737 2426 1807 aliquod
2473 1737 2632 1792 donis
2689 1736 2992 1806 privamur,
3047 1742 3105 1786 ut
3149 1741 3404 1799 exorent;
3434 1748 3557 1786 rur-

330 1834 570 1904 δέχονται
619 1831 806 1900 αὖθις,
855 1838 938 1890 ἵνα
980 1839 1136 1908 χάριν
1185 1838 1556 1910 ὁμολογήσωσι
1602 1840 1678 1910 τῷ
1728 1857 1889 1912 χορη-

1995 1845 2224 1899 sumque
2259 1829 2552 1898 accipiunt,
2607 1836 2662 1882 ut
2689 1827 2930 1898 largitori
2973 1829 3352 1890 conﬁteantur,
3391 1838 3556 1893 agno-

331 1931 534 1999 γοῦντι,
563 1929 940 1998 γινώσκοντες,
965 1932 1038 1993 ὡς
1081 1931 1242 1994 αὐτός
1270 1931 1333 1998 γέ
1373 1933 1519 1983 ἐστιν
1558 1933 1586 1983 ὁ
1615 1931 1890 2001 παρέχων,

331 2021 428 2075 καὶ
455 2022 514 2074 ού
551 2021 708 2090 φύσις
735 2021 865 2092 ἄλλη
912 2022 995 2084 τίς
1027 2024 1142 2073 ἐστι
1180 2021 1329 2092 παρά
1355 2021 1443 2072 τὸν
1481 2021 1633 2084 Θεὸν,
1673 2019 1894 2090 ἄκριτός

331 2128 388 2164 τε
424 2113 518 2165 καὶ
556 2111 987 2183 ἀμεταμέλητος,
1033 2115 1065 2182 ἡ
1113 2111 1442 2182 χορηγοῦσα.
1486 2109 1738 2164 Βούλεται
1772 2111 1828 2162 δὲ
1866 2111 1894 2162 ὁ

331 2201 462 2264 Θεὸς
490 2203 686 2256 εἰδέναι
712 2196 872 2272 χάριν
910 2201 1076 2272 αὐτῷ,
1115 2203 1198 2254 ἵνα
1230 2201 1511 2272 ἀξιώτεροι
1550 2199 1641 2253 τοῦ
1683 2198 1895 2268 λαμὸάτ

331 2309 442 2346 νειν
491 2294 621 2364 παρ’
667 2291 830 2346 αὑτοῦ
864 2292 1144 2361 γένωνται,
1172 2293 1268 2362 ούχ
1313 2293 1400 2344 ἵνα
1442 2308 1494 2343 τι
1536 2290 1892 2362 καρπώσηται

330 2385 411 2446 εἰς
451 2383 658 2436 ἑαυτόν.
698 2383 953 2436 Βούλεται
983 2383 1091 2455 γάρ
1121 2383 1188 2435 τά
1237 2381 1415 2451 ἀγαθὰ
1441 2379 1659 2442 τούτους
1701 2379 1890 2442 αίτεῖν,

333 2473 438 2536 ἵνα,
484 2475 780 2545 δεχόμενοι,
833 2474 1080 2545 αἴσθησιν
1125 2472 1217 2527 τοῦ
1273 2470 1630 2544 χορηγοῦντος
1672 2468 1885 2539 ἔχωσιν.

332 2567 526 2637 Χαίρει
569 2567 669 2637 μὲν
716 2565 824 2638 γάρ
865 2567 933 2620 τά
967 2567 1094 2637 παρ’
1150 2564 1342 2618 ἑαυτοῦ
1394 2563 1588 2626 διδοὺς,
1631 2562 1808 2632 χαίρει
1834 2561 1889 2612 δὲ

336 2656 534 2727 μᾶλλον
565 2657 734 2722 ἀξίοις
758 2656 929 2720 διδούς
949 2671 962 2686 °
994 2657 1070 2719 ὡς
1110 2657 1209 2726 τῆς
1247 2652 1649 2725 φιλανθρωπίας
1691 2650 1889 2720 τρόπον

331 2747 451 2800 τινὰ
494 2747 936 2820 ἀτιμαζομένης,
997 2750 1046 2801 εί
1101 2747 1175 2818 μὴ
1221 2745 1354 2818 πρὸς
1397 2741 1749 2814 εὐαισθήτους
1798 2738 1890 2809 γέ-

330 2848 494 2894 νοιτο.

1995 1927 2211 1976 sccntes
2234 1920 2412 1988 ipsum
2443 1934 2566 1973 esse
2599 1918 2692 1988 qui
2722 1919 2934 1981 tribuit,
2967 1933 3068 1972 nec
3101 1917 3325 1970 alteram
3357 1929 3551 1984 quam-

1992 2013 2076 2066 vis
2106 2019 2298 2082 praeter
2330 2011 2496 2066 Deum
2528 2018 2777 2065 naturam
2807 2026 2958 2075 esse,
2993 2026 3113 2081 quae
3152 2009 3555 2063 indiscrimina-

1992 2104 2088 2156 tim
2138 2111 2192 2157 et
2243 2103 2362 2157 sine
2408 2104 2728 2172 pmnitentia
2763 2103 3163 2159 subministret.
3198 2100 3326 2154 Vult
3372 2101 3556 2168 itaque

1993 2191 2137 2248 Deus
2166 2193 2267 2248 sibi
2299 2194 2529 2263 gratiam
2579 2193 2791 2258 haberi,
2818 2200 2877 2246 ut
2925 2193 3172 2247 homines
3206 2189 3438 2245 evadant
3466 2188 3554 2244 dia

1997 2287 2218 2356 gniores
2247 2286 2338 2355 qui
2362 2286 2428 2338 ab
2452 2286 2569 2356 ipso
2595 2286 2884 2355 accipiant,
2909 2301 3016 2338 non
3042 2292 3100 2338 ut
3129 2283 3230 2337 sibi
3271 2281 3370 2350 ipsi
3403 2294 3554 2334 emo—

1997 2376 2225 2430 lumenti
2251 2374 2526 2444 quidpiam
2559 2376 2765 2429 redeat.
2790 2373 2918 2428 Vult
2951 2375 3093 2428 enim
3119 2381 3176 2426 ut
3194 2372 3332 2426 bona
3360 2377 3549 2440 postu6

1997 2467 2130 2530 lent,
2179 2467 2376 2535 quibus
2411 2466 2653 2534 acceptis
2699 2466 3011 2535 largitorem
3056 2463 3315 2518 sentiant.
3343 2459 3554 2514 Gaudet

1991 2559 2135 2613 enim
2159 2557 2338 2611 dando
2373 2572 2492 2627 qua:
2524 2574 2621 2612 sua
2655 2566 2818 2622 sunt;
2857 2557 2951 2611 sed
2981 2557 3178 2626 gaudet
3214 2554 3446 2625 amplius
3467 2552 3554 2606 di-

1995 2650 2116 2720 gnis
2173 2649 2538 2719 impartiendo
2572 2667 2584 2700 :
2619 2663 2682 2703 ac
2715 2649 2761 2703 si
2808 2648 3114 2717 benignitas
3174 2647 3347 2716 ipsius
3391 2643 3552 2698 modo

1991 2741 2704 2828 quodamadedecoraretur,
2736 2740 2843 2795 nisi
2870 2739 2923 2794 in
2963 2753 3059 2795 eos
3085 2739 3180 2794 aui
3205 2739 3345 2793 bene
3373 2733 3552 2791 allecti

2112 2814 2156 2828 -κο
2176 2813 2262 2826 -νοο-

1992 2821 2590 2900 ευιιιῖίῖιιῖιειιὰειειιιιῖ

1901 2970 1992 3028 ιν.

1710 3108 1852 3165 Ibid.
1893 3127 2014 3182 pag.
2046 3107 2171 3164 783;

507 3225 616 3281 Τοῦ
653 3226 825 3295 ἁγίου
857 3227 1042 3291 Τίτου,
1064 3227 1132 3282 ἐκ
1159 3225 1263 3282 τοῦ
1289 3227 1423 3300 Περὶ
1447 3229 1726 3300 Προνοίας.

402 3401 512 3474 (69)
545 3403 657 3457 Οὐκ
686 3403 875 3474 ὲχρῆν,
909 3403 982 3468 ὡς
1011 3403 1174 3468 ἔοικε,
1204 3405 1346 3458 κατά
1366 3408 1476 3469 τοῖς
1507 3407 1670 3459 πᾶσιν
1709 3403 1887 3476 ὑπάρ-

330 3509 445 3564 χειν
478 3493 572 3547 τοῦ
609 3493 741 3547 Θεοῦ
775 3494 842 3547 τὰ
894 3497 1200 3568 τεκμήρια,
1257 3497 1351 3549 καὶ
1381 3486 1472 3549 τὸν
1525 3497 1759 3568 ἄρρητον
1796 3495 1889 3550 καὶ

329 3586 708 3658 ἀκατάληπτον
738 3586 860 3640 νοῦν
887 3587 1060 3657 πάντη
1081 3587 1353 3659 γνώριμον
1380 3582 1519 3640 εἶναι
1548 3585 1852 3658 ἀνθρώποις
1870 3603 1884 3616 ·

329 3676 462 3728 ὃπου
493 3692 556 3744 γε
591 3676 682 3728 καὶ
716 3675 975 3745 βασιλέως
1008 3676 1289 3748 ἀνθρώπου
1315 3678 1406 3730 καὶ
1438 3677 1692 3748 ἄρχοντός
1722 3680 1887 3741 ἐστιν,

329 3768 412 3822 ὅτι
445 3767 514 3820 τά
542 3767 764 3822 πλεῖστα
798 3769 905 3821 τῶν
939 3769 1313 3839 βουλευμάτων
1343 3771 1662 3841 κρύπτεται,
1697 3771 1770 3834 ώς
1797 3773 1889 3824 καὶ

329 3858 390 3911 τὸ
422 3859 790 3930 πραττόμενον
837 3859 1028 3930 ἄδηλον
1055 3856 1224 3924 εἶναι,
1255 3862 1360 3931 ὅτῳ
1397 3861 1538 3932 λόγῳ
1573 3863 1885 3933 πράττεται.

331 3949 405 4004 Οὐ
436 3949 609 4004 τοίνυν
661 3949 864 4020 θαῦμα,
903 3952 952 4003 εί
1000 3951 1272 4023 ἄνθρωποι
1321 3954 1394 4023 μὴ
1439 3953 1704 4025 χωροῦσιν
1755 3954 1890 4019 ὅλως

329 4042 426 4112 τῆς
450 4042 761 4113 διοικήσεως
788 4043 882 4096 τοῦ
908 4043 1041 4098 Θεοῦ
1069 4045 1156 4097 τὸν
1189 4043 1364 4114 λόγον,
1394 4039 1478 4110 οἷς
1497 4029 1762 4117 ¹ἁρμόττει
1796 4049 1888 4102 καὶ

328 4136 450 4207 δίχα
477 4137 569 4191 τοῦ
597 4137 1066 4210 πολυπραγμονεῖν
1097 4139 1342 4192 ὑπείκειν
1369 4158 1426 4194 τε
1457 4142 1550 4194 καὶ
1574 4139 1885 4210 ἡσυχάζειν,

329 4230 424 4282 καὶ
454 4231 650 4299 ἥκιστα
679 4231 953 4302 ἀνταίρειν
987 4233 1126 4285 κατά
1152 4232 1249 4302 τῆς
1281 4233 1520 4305 ἀρρήτου
1551 4233 1882 4305 διοικήσεως.

328 4319 593 4385 Πολλάκις
625 4321 732 4394 γάρ
785 4323 904 4376 οὐδὲ
961 4325 1228 4394 τεχνίτην,
1269 4323 1442 4378 εῐτουν
1475 4325 1814 4396 οἰκοδομίας,
1852 4326 1884 4395 ἢ

327 4413 668 4482 ναυπηγίας,
721 4414 754 4483 ἢ
816 4414 1173 4486 χαλκευτικῆς
1223 4414 1516 4487 ἔμπειρον,
1585 4417 1886 4488 αἰδούμενοι

327 4505 830 4576 περιεργαζόμεθα,
884 4508 1140 4561 ποιοῦντά
1171 4526 1232 4577 γε
1266 4509 1325 4561 τὸ
1377 4512 1575 4563 οἰκεῖον
1623 4511 1882 4564 ἕκαστονο

326 4595 460 4648 ἀλλά
513 4599 577 4666 τῇ
636 4597 797 4668 πείρᾳ
827 4601 1388 4664 καταπιστεύσαντες,
1447 4603 1774 4673 ὲκδεχόμεθα
1824 4603 1884 4656 τὸ
1917 4590 1960 4644 D

326 4688 484 4759 ἔργον
518 4690 662 4743 ἰδεῖν.
695 4692 846 4742 Ἐστι
879 4687 934 4742 δὲ
967 4691 1060 4743 καὶ
1100 4692 1186 4744 ὅτε
1225 4692 1572 4764 σφαλλομένῳ
1601 4695 1698 4747 ούκ
1728 4696 1882 4748 ὲπαι-

327 4779 648 4850 σθανόμεθα.
698 4777 763 4833 Τί
807 4781 850 4833 δ’
882 4781 947 4834 ἂν
976 4784 1180 4854 εἴποιμι
1218 4785 1345 4854 περὶ
1386 4786 1483 4854 τῆς
1526 4786 1663 4856 ὑπὲρ
1705 4787 1880 4840 πάντα

322 4869 444 4921 νοῦν
486 4870 674 4939 σοφίας
704 4871 793 4923 τοῦ
825 4872 994 4936 Θεοῦ;
1026 4873 1092 4943 ἣν
1114 4875 1377 4944 προσῆκε,
1412 4875 1504 4927 καί
1535 4875 1788 4938 νοοῦντάς
1819 4883 1879 4928 τε

321 4961 415 5012 καὶ
451 4960 525 5030 μὴ
558 4960 826 5024 νοοῦντας,
868 4962 1261 5033 ἐκπλήττεσθαί
1293 4981 1350 5016 τε
1391 4963 1483 5017 καὶ
1519 4965 1700 5034 τιμᾷν.
1730 4963 1793 5016 Ei
1824 4963 1880 5017 δέ

316 5067 422 5113 τις,
446 5051 533 5102 διὰ
556 5053 614 5104 τὸ
638 5053 710 5124 μὴ
738 5053 1174 5124 καταλαμϐάνειν
1201 5055 1291 5108 τὸν
1314 5049 1468 5124 λόγον
1489 5056 1601 5109 τῶν
1627 5055 1881 5110 πλειόνων

315 5141 424 5193 τῶν
450 5143 586 5213 πρὸς
611 5143 702 5195 τοῦ
737 5145 871 5197 Θεοῦ
905 5146 1224 5216 γινομένων,
1255 5139 1475 5200 ἐκπέσοι
1499 5149 1634 5219 πρὸς
1653 5148 1878 5201 ἀτοπίαν

315 5234 414 5302 τῆς
462 5232 555 5285 τοῦ
603 5233 736 5287 Θεοῦ
789 5236 945 5307 δόξης
987 5238 1099 5310 (70)
1155 5237 1518 5304 ἀθλιώτατος,
1570 5241 1663 5294 καὶ
1718 5240 1875 5294 πάλιν

387 5388 498 5461 (68)
517 5389 700 5464 _Hpoc_
727 5388 794 5443 δὲ
838 5390 962 5458 τοῖς
993 5392 1098 5447 dx.
1149 5392 1412 5464 Excerpta
1471 5403 1600 5449 sunt
1651 5395 1766 5450 haec
1813 5413 1881 5450 ex

314 5459 410 5548 libi
443 5459 624 5548 ιιέξιιί
659 5460 996 5548 βοειιθιιξίε,
1053 5464 1088 5545 §.
1125 5481 1213 5548 xv,
1264 5459 1352 5545 ubi
1403 5466 1604 5548 rectius
1663 5467 1878 5548 iegilur,

314 5531 450 5605 πρὸς
494 5531 550 5606 δε
582 5529 820 5606 τούτοις;
869 5541 1028 5603 atque
1055 5529 1150 5606 fila
1197 5536 1389 5606 legisse
1449 5534 1659 5590 videtur
1716 5529 1886 5592 inter-

312 5600 460 5670 pres.
498 5600 734 5670 Uterque
763 5603 913 5658 locus
936 5600 1269 5660 conferatur:

386 5671 498 5741 (69)
533 5674 655 5726 Οὐκ
690 5671 900 5742 ἐχρῆν,
940 5692 996 5728 κ.
1037 5692 1086 5728 τ.
1129 5676 1178 5730 λ.
1233 5676 1438 5733 Auctor
1487 5675 1877 5733 Parallelorum

313 5737 418 5796 ista
450 5737 835 5812 descripsit'en
868 5745 961 5799 lib.
991 5761 1053 5812 ιι,
1087 5744 1115 5812 ᾖ
1151 5755 1340 5802 xxvm.

1912 3235 1955 3292 C
1989 3226 2174 3284 Sancti
2206 3213 2334 3295 Titi,
2365 3220 2578 3278 exlibro
2607 3208 3158 3295 Deprovidentia,”
3181 3219 3312 3274 libro
3356 3235 3392 3273 ιι
3418 3233 3552 3275 con-'-

2530 3301 2614 3345 tra
2645 3291 2990 3346 Manichacos.

2058 3407 2277 3464 Minime
2307 3415 2730 3463 consentaneum
2763 3413 2902 3471 erat,
2948 3411 3008 3459 ut
3028 3403 3263 3482 videtur,
3295 3401 3390 3457 Dei
3426 3417 3555 3457 con-

1989 3503 2116 3559 silia
2145 3502 2329 3571 pervia
2358 3499 2615 3553 onmibus
2655 3498 2802 3560 fieri,
2833 3505 2887 3550 et
2935 3493 3366 3564 inexplicabilem
3404 3493 3553 3546 illam

1989 3604 2154 3664 atque
2217 3583 2822 3660 incomprehensibilem
2865 3593 3102 3642 mentem
3149 3584 3296 3640 omni
3341 3584 3553 3637 ratione

1989 3683 2308 3741 hominibus
2341 3682 2677 3752 exploratam
2717 3696 2878 3735 esse:
2915 3679 3133 3750 quando
3166 3678 3246 3732 vel
3289 3677 3434 3747 regis
3459 3676 3553 3746 qui

1989 3775 2155 3830 homo
2213 3781 2320 3837 est,
2354 3788 2416 3825 ac
2451 3770 2717 3841 principis
2756 3770 3014 3840 pleraque
3056 3766 3287 3821 consilia
3339 3767 3552 3821 occulta

1991 3875 2156 3931 sunt,
2193 3866 2266 3918 ita
2303 3873 2359 3918 ut
2393 3864 2684 3918 obscurum
2722 3863 2793 3917 sit
2816 3875 2978 3932 quam
3005 3859 3076 3914 ob
3107 3867 3326 3912 causam
3361 3857 3554 3928 agatur

1988 3958 2042 4012 id
2073 3956 2218 4028 quod
2248 3956 2446 4026 agitur.
2481 3953 2629 4007 Nihil
2652 3952 2848 4006 mirum
2882 3950 3068 4021 igitur,
3099 3950 3146 4006 si
3177 3949 3425 4005 homines
3465 3950 3553 4004 di-

1988 4051 2130 4104 vina:
2162 4045 2579 4120 gubernationis
2613 4045 2878 4100 rationem
2912 4059 3021 4098 non
3071 4042 3320 4112 capiant;
3353 4041 3555 4113 quibus

1990 4143 2300 4207 conveniat,
2329 4141 2508 4211 posita
2557 4139 2896 4201 curiositate,
2940 4137 3132 4192 cedere
3178 4145 3230 4190 et
3255 4136 3549 4200 conticere,

1989 4251 2090 4290 nec
2134 4249 2363 4304 prorsus
2396 4233 2659 4288 adversus
2699 4229 2971 4286 ineﬂ‘abile
3007 4229 3249 4299 regimen
3280 4227 3410 4283 illud
3455 4228 3554 4284 ob-

1989 4341 2353 4382 murmurare.
2385 4325 2680 4380 Enimvero
2730 4339 2873 4392 saape
2908 4322 3137 4387 accidit,
3170 4329 3229 4374 ut
3270 4326 3446 4390 neque
3484 4320 3553 4374 ab

1991 4418 2220 4482 artifice,
2267 4415 2383 4472 sive
2430 4416 2627 4470 domus
2660 4413 2954 4475 struendae,
2986 4412 3101 4466 sive
3141 4409 3552 4480 compingendaa

1988 4511 2166 4576 navis,
2196 4511 2311 4565 sive
2340 4509 2466 4564 aeris
2529 4506 2787 4561 fundendi
2838 4506 3046 4575 perito,
3085 4503 3204 4572 ejus
3249 4503 3553 4556 reverentia

1988 4600 2193 4672 aliQuid
2251 4601 2631 4672 inquirar‘nus,
2658 4598 2786 4652 dum
2840 4594 2928 4652 ille
2951 4596 3180 4667 quodvis
3222 4601 3360 4664 opus
3393 4609 3551 4648 suum

1994 4695 2161 4761 facit;
2193 4693 2289 4749 sed
2326 4694 2447 4762 ejus
2476 4692 2828 4762 experientiae
2879 4690 3034 4742 tidem
3082 4689 3365 4750 habentes,
3397 4686 3553 4756 opili-

1988 4786 2132 4842 cium
2191 4787 2374 4840 videre
2434 4783 2833 4856 pratstolamur.
2882 4780 3169 4846 Quinimo,
3223 4779 3554 4850 quandoque

1987 4878 2153 4932 etiam
2179 4878 2324 4930 illius
2356 4883 2537 4931 errata
2569 4890 2674 4931 non
2733 4872 3240 4928 animadvertimus.
3274 4869 3414 4936 Quid
3443 4871 3550 4922 ita~

1989 4984 2092 5038 que
2127 4969 2300 5022 dicam
2337 4967 2405 5022 de
2432 4966 2529 5021 Dei
2563 4966 2828 5034 sapientia
2851 5005 2864 5027 ,
2893 4973 3014 5034 quae
3045 4970 3279 5017 mentem
3334 4973 3551 5015 onmem

1986 5059 2237 5114 excedit?
2269 5073 2454 5128 quam,
2483 5058 2597 5112 sive
2636 5056 3018 5126 intelligamus,
3065 5055 3179 5109 sive
3221 5063 3327 5108 non
3351 5051 3553 5106 intelli-

1985 5165 2197 5220 gamus,
2230 5166 2330 5204 nos
2353 5148 2597 5220 oportuit
2623 5148 2880 5203 admirari
2924 5162 2988 5201 ac
3016 5147 3283 5202 venerari.
3318 5143 3470 5210 Quod
3503 5143 3550 5198 si

1985 5241 2281 5312 quispiam,
2314 5257 2380 5296 ex
2421 5257 2486 5296 eo
2520 5241 2662 5310 quod
2707 5241 2994 5293 multarum
3023 5254 3144 5310 quae
3176 5253 3205 5292 a
3255 5236 3364 5292 Deo
3393 5227 3549 5302 liunt,

2055 5397 2162 5465 (70)
2195 5395 2350 5463 Πρὸς
2376 5397 2630 5450 ἀτοπίαν
2659 5393 2767 5461 τῆς
2799 5395 2901 5448 τοῦ
2931 5394 3078 5449 Θεοῦ
3100 5394 3310 5465 δόξης.
3331 5393 3458 5460 Leg.
3485 5409 3547 5449 π.

1984 5466 2040 5519 ἀ.
2067 5464 2120 5521 τ.
2145 5464 2294 5520 κατά
2325 5466 2418 5519 τοῦ
2441 5467 2574 5519 Θεοῦ
2599 5466 2646 5519 δ.
2677 5467 2831 5536 Apud
2863 5465 3262 5536 Titumgli‘bltt,
3294 5464 3546 5536 §Jxxxm,

1986 5538 2066 5608 sic
2092 5536 2309 5604 legitur,
2343 5537 2479 5608 πρὸς
2506 5532 2741 5599 ἀτόπους
2766 5534 2909 5608 κατά
2939 5533 3071 5587 Θεοῦ
3097 5532 3276 5608 δόξας.
3298 5532 3438 5608 Qua:
3464 5548 3548 5608 re-

1985 5607 2127 5660 ‘ctius
2159 5603 2324 5675 quam
2359 5603 2547 5662 Billius
2591 5608 2665 5660 ita
2707 5605 3006 5660 reddidisse
3059 5603 3272 5675 videtur
3323 5603 3548 5675 Turrld-

1988 5692 2140 5747 nus:
2171 5671 2230 5731 Si
2259 5678 2464 5744 quis....
2498 5693 2599 5732 non
2628 5675 2943 5747 assequitur,
2968 5671 3175 5727 decidat
3205 5674 3258 5727 in
3287 5673 3546 5728 absurdae

1988 5745 2051 5801 de
2083 5746 2190 5804 Deo
2227 5748 2515 5804 oniniones.
