  <div class='ocr_page' id='page_1' title='image "/cluster/home/n/w/nwhite01/storage/ocr_20150623/18/mdp.39015008168943/658.png"; bbox 0 0 4038 6288; ppageno 0'>
   <div class='ocr_carea' id='block_1_1' title="bbox 265 424 400 479">
    <p class='ocr_par' dir='ltr' id='par_1_1' title="bbox 265 424 400 479">
     <span class='ocr_line' id='line_1_1' title="bbox 265 424 400 479; baseline 0 -1"><span class='ocrx_word' id='word_1_1' title='bbox 265 424 400 479; x_wconf 67' lang='lat'><strong>19.65</strong></span> 
     </span>
    </p>
   </div>
   <div class='ocr_carea' id='block_1_2' title="bbox 1377 423 2453 484">
    <p class='ocr_par' dir='ltr' id='par_1_2' title="bbox 1377 423 2453 484">
     <span class='ocr_line' id='line_1_2' title="bbox 1377 423 2453 484; baseline 0.004 -5"><span class='ocrx_word' id='word_1_2' title='bbox 1377 423 1631 480; x_wconf 73' lang='lat' dir='ltr'><strong>ORATIO</strong></span> <span class='ocrx_word' id='word_1_3' title='bbox 1672 425 1735 479; x_wconf 85' lang='lat' dir='ltr'><strong>IN</strong></span> <span class='ocrx_word' id='word_1_4' title='bbox 1779 424 2013 482; x_wconf 70' lang='lat' dir='ltr'><strong>RAMOS</strong></span> <span class='ocrx_word' id='word_1_5' title='bbox 2050 427 2453 484; x_wconf 76' lang='lat' dir='ltr'><strong>PALMARUM.</strong></span> 
     </span>
    </p>
   </div>
   <div class='ocr_carea' id='block_1_3' title="bbox 3361 439 3495 493">
    <p class='ocr_par' dir='ltr' id='par_1_3' title="bbox 3361 439 3495 493">
     <span class='ocr_line' id='line_1_3' title="bbox 3361 439 3495 493; baseline 0.007 -1"><span class='ocrx_word' id='word_1_6' title='bbox 3361 439 3495 493; x_wconf 66' lang='grc' dir='ltr'>ιειε</span> 
     </span>
    </p>
   </div>
   <div class='ocr_carea' id='block_1_4' title="bbox 265 537 1828 620">
    <p class='ocr_par' dir='ltr' id='par_1_4' title="bbox 265 537 1828 606">
     <span class='ocr_line' id='line_1_4' title="bbox 265 537 1828 606; baseline 0.001 -14"><span class='ocrx_word' id='word_1_7' title='bbox 265 537 380 592; x_wconf 84' lang='grc' dir='ltr'><strong>τῶν</strong></span> <span class='ocrx_word' id='word_1_8' title='bbox 423 537 754 604; x_wconf 75' lang='grc' dir='ltr'>Ἰουδαίων,</span> <span class='ocrx_word' id='word_1_9' title='bbox 794 540 894 595; x_wconf 78' lang='grc' dir='ltr'>καὶ</span> <span class='ocrx_word' id='word_1_10' title='bbox 933 540 1254 594; x_wconf 73' lang='grc' dir='ltr'>ἐπίστευον</span> <span class='ocrx_word' id='word_1_11' title='bbox 1294 541 1382 605; x_wconf 81' lang='grc' dir='ltr'><strong>είς</strong></span> <span class='ocrx_word' id='word_1_12' title='bbox 1425 538 1532 592; x_wconf 86' lang='grc' dir='ltr'>τὸν</span> <span class='ocrx_word' id='word_1_13' title='bbox 1572 538 1828 606; x_wconf 84' lang='grc' dir='ltr'><strong>Ἰησοῦν.</strong></span> 
     </span>
    </p>
   </div>
   <div class='ocr_carea' id='block_1_5' title="bbox 1931 537 3500 620">
    <p class='ocr_par' dir='ltr' id='par_1_5' title="bbox 1937 541 3500 620">
     <span class='ocr_line' id='line_1_5' title="bbox 1937 541 3500 620; baseline 0.008 -26"><span class='ocrx_word' id='word_1_14' title='bbox 1937 555 2002 594; x_wconf 79' lang='lat' dir='ltr'><strong>ea:</strong></span> <span class='ocrx_word' id='word_1_15' title='bbox 2028 541 2260 608; x_wconf 73' lang='lat' dir='ltr'><strong>Judwis,</strong></span> <span class='ocrx_word' id='word_1_16' title='bbox 2289 554 2336 596; x_wconf 86' lang='lat' dir='ltr'><strong>et</strong></span> <span class='ocrx_word' id='word_1_17' title='bbox 2361 541 2638 596; x_wconf 80' lang='lat' dir='ltr'><strong>credebant</strong></span> <span class='ocrx_word' id='word_1_18' title='bbox 2668 542 2920 598; x_wconf 75' lang='lat' dir='ltr'><strong>inlesum</strong></span> <span class='ocrx_word' id='word_1_19' title='bbox 2958 547 3018 600; x_wconf 82' lang='grc'><strong>¹⁷.</strong></span> <span class='ocrx_word' id='word_1_20' title='bbox 3052 545 3116 600; x_wconf 87' lang='lat' dir='ltr'><strong>Et</strong></span> <span class='ocrx_word' id='word_1_21' title='bbox 3145 547 3258 602; x_wconf 62' lang='lat' dir='ltr'><strong>hate</strong></span> <span class='ocrx_word' id='word_1_22' title='bbox 3284 551 3500 620; x_wconf 76' lang='lat' dir='ltr'><strong>quidem</strong></span> 
     </span>
    </p>
   </div>
   <div class='ocr_carea' id='block_1_6' title="bbox 265 628 1881 704">
    <p class='ocr_par' dir='ltr' id='par_1_6' title="bbox 265 628 1881 704">
     <span class='ocr_line' id='line_1_6' title="bbox 265 628 1881 704; baseline -0.001 -20"><span class='ocrx_word' id='word_1_23' title='bbox 265 633 374 685; x_wconf 72' lang='grc' dir='ltr'><strong>Καὶ</strong></span> <span class='ocrx_word' id='word_1_24' title='bbox 400 631 545 703; x_wconf 80' lang='grc' dir='ltr'>αὕτη</span> <span class='ocrx_word' id='word_1_25' title='bbox 576 632 725 685; x_wconf 86' lang='grc' dir='ltr'>ἐστίν</span> <span class='ocrx_word' id='word_1_26' title='bbox 762 634 796 704; x_wconf 83' lang='grc' dir='ltr'>ή</span> <span class='ocrx_word' id='word_1_27' title='bbox 828 634 978 686; x_wconf 88' lang='grc' dir='ltr'>αἰτία</span> <span class='ocrx_word' id='word_1_28' title='bbox 1005 633 1104 702; x_wconf 80' lang='grc' dir='ltr'>τῆς</span> <span class='ocrx_word' id='word_1_29' title='bbox 1137 630 1442 699; x_wconf 81' lang='grc' dir='ltr'>δοξολογίας</span> <span class='ocrx_word' id='word_1_30' title='bbox 1481 629 1588 683; x_wconf 87' lang='grc' dir='ltr'><strong>τῶν</strong></span> <span class='ocrx_word' id='word_1_31' title='bbox 1625 628 1832 682; x_wconf 80' lang='grc' dir='ltr'>πιστῶν</span> <span class='ocrx_word' id='word_1_32' title='bbox 1857 653 1881 668; x_wconf 77' lang='grc' dir='ltr'><strong>ο</strong></span> 
     </span>
    </p>
   </div>
   <div class='ocr_carea' id='block_1_7' title="bbox 265 723 1832 798">
    <p class='ocr_par' dir='ltr' id='par_1_7' title="bbox 265 723 1832 798">
     <span class='ocr_line' id='line_1_7' title="bbox 265 723 1832 798; baseline -0.001 -21"><span class='ocrx_word' id='word_1_33' title='bbox 265 725 406 778; x_wconf 83' lang='grc' dir='ltr'><strong>κατά</strong></span> <span class='ocrx_word' id='word_1_34' title='bbox 452 726 514 778; x_wconf 80' lang='grc' dir='ltr'>τὸ</span> <span class='ocrx_word' id='word_1_35' title='bbox 551 726 902 798; x_wconf 75' lang='grc' dir='ltr'>φαινόμενονο</span> <span class='ocrx_word' id='word_1_36' title='bbox 935 725 1231 797; x_wconf 83' lang='grc' dir='ltr'><strong>λεληθότως</strong></span> <span class='ocrx_word' id='word_1_37' title='bbox 1273 724 1328 777; x_wconf 85' lang='grc' dir='ltr'><strong>δέ</strong></span> <span class='ocrx_word' id='word_1_38' title='bbox 1376 725 1469 778; x_wconf 78' lang='grc' dir='ltr'>καὶ</span> <span class='ocrx_word' id='word_1_39' title='bbox 1499 723 1756 795; x_wconf 82' lang='grc' dir='ltr'><strong>κρυπτῶς</strong></span> <span class='ocrx_word' id='word_1_40' title='bbox 1797 724 1832 794; x_wconf 78' lang='grc' dir='ltr'><strong>ἡ</strong></span> 
     </span>
    </p>
   </div>
   <div class='ocr_carea' id='block_1_8' title="bbox 265 814 1833 891">
    <p class='ocr_par' dir='ltr' id='par_1_8' title="bbox 265 814 1833 891">
     <span class='ocr_line' id='line_1_8' title="bbox 265 814 1833 891; baseline -0.004 -19"><span class='ocrx_word' id='word_1_41' title='bbox 265 819 479 891; x_wconf 79' lang='grc' dir='ltr'>ἐγερσις</span> <span class='ocrx_word' id='word_1_42' title='bbox 515 821 694 890; x_wconf 86' lang='grc' dir='ltr'>πάσης</span> <span class='ocrx_word' id='word_1_43' title='bbox 724 820 824 890; x_wconf 84' lang='grc' dir='ltr'>τῆς</span> <span class='ocrx_word' id='word_1_44' title='bbox 853 817 1195 890; x_wconf 84' lang='grc' dir='ltr'><strong>ἀνθρωπίνης</strong></span> <span class='ocrx_word' id='word_1_45' title='bbox 1229 817 1460 886; x_wconf 80' lang='grc' dir='ltr'>φύσεως.</span> <span class='ocrx_word' id='word_1_46' title='bbox 1503 816 1613 870; x_wconf 75' lang='grc' dir='ltr'><strong>Καὶ</strong></span> <span class='ocrx_word' id='word_1_47' title='bbox 1647 814 1833 885; x_wconf 86' lang='grc' dir='ltr'>ῶσπερ</span> 
     </span>
    </p>
   </div>
   <div class='ocr_carea' id='block_1_9' title="bbox 268 907 1834 982">
    <p class='ocr_par' dir='ltr' id='par_1_9' title="bbox 268 907 1834 982">
     <span class='ocr_line' id='line_1_9' title="bbox 268 907 1834 982; baseline -0.002 -19"><span class='ocrx_word' id='word_1_48' title='bbox 268 910 413 982; x_wconf 76' lang='grc' dir='ltr'>[τοὺς</span> <span class='ocrx_word' id='word_1_49' title='bbox 440 909 870 982; x_wconf 46' lang='grc' dir='ltr'>ἀνθρώπουςὶτὺ</span> <span class='ocrx_word' id='word_1_50' title='bbox 896 910 990 962; x_wconf 82' lang='grc' dir='ltr'><strong>τοῦ</strong></span> <span class='ocrx_word' id='word_1_51' title='bbox 1020 909 1270 980; x_wconf 78' lang='grc' dir='ltr'><strong>Λαζάρου</strong></span> <span class='ocrx_word' id='word_1_52' title='bbox 1299 911 1519 980; x_wconf 86' lang='grc' dir='ltr'>σημεῖον</span> <span class='ocrx_word' id='word_1_53' title='bbox 1555 910 1648 962; x_wconf 65' lang='grc' dir='ltr'><strong>καὶ⁵</strong></span> <span class='ocrx_word' id='word_1_54' title='bbox 1679 907 1834 978; x_wconf 83' lang='grc' dir='ltr'>ἐγερ-</span> 
     </span>
    </p>
   </div>
   <div class='ocr_carea' id='block_1_10' title="bbox 268 1003 1834 1076">
    <p class='ocr_par' dir='ltr' id='par_1_10' title="bbox 268 1003 1834 1076">
     <span class='ocr_line' id='line_1_10' title="bbox 268 1003 1834 1076; baseline -0.002 -18"><span class='ocrx_word' id='word_1_55' title='bbox 268 1023 350 1069; x_wconf 91' lang='grc' dir='ltr'><strong>σις</strong></span> <span class='ocrx_word' id='word_1_56' title='bbox 383 1005 564 1075; x_wconf 85' lang='grc' dir='ltr'>ἐκείνη</span> <span class='ocrx_word' id='word_1_57' title='bbox 602 1005 916 1076; x_wconf 83' lang='grc' dir='ltr'>ὑμνολογεῖν</span> <span class='ocrx_word' id='word_1_58' title='bbox 959 1005 1180 1076; x_wconf 88' lang='grc' dir='ltr'>ἐποίησε</span> <span class='ocrx_word' id='word_1_59' title='bbox 1221 1005 1348 1068; x_wconf 78' lang='grc' dir='ltr'>τοὺς</span> <span class='ocrx_word' id='word_1_60' title='bbox 1385 1003 1701 1076; x_wconf 81' lang='grc' dir='ltr'>ἀνθρώπους</span> <span class='ocrx_word' id='word_1_61' title='bbox 1741 1003 1834 1056; x_wconf 81' lang='grc' dir='ltr'>τὸν</span> 
     </span>
    </p>
   </div>
   <div class='ocr_carea' id='block_1_11' title="bbox 266 1094 1833 1166">
    <p class='ocr_par' dir='ltr' id='par_1_11' title="bbox 266 1094 1833 1166">
     <span class='ocr_line' id='line_1_11' title="bbox 266 1094 1833 1166; baseline -0.001 -17"><span class='ocrx_word' id='word_1_62' title='bbox 266 1096 470 1166; x_wconf 78' lang='grc' dir='ltr'><strong>Κύριον</strong></span> <span class='ocrx_word' id='word_1_63' title='bbox 492 1135 506 1158; x_wconf 93' lang='grc'><strong>,</strong></span> <span class='ocrx_word' id='word_1_64' title='bbox 541 1095 714 1160; x_wconf 77' lang='grc' dir='ltr'>οὕτως</span> <span class='ocrx_word' id='word_1_65' title='bbox 741 1099 837 1152; x_wconf 76' lang='grc' dir='ltr'>καὶ</span> <span class='ocrx_word' id='word_1_66' title='bbox 863 1097 990 1160; x_wconf 82' lang='grc' dir='ltr'>τοὺς</span> <span class='ocrx_word' id='word_1_67' title='bbox 1016 1096 1204 1164; x_wconf 84' lang='grc' dir='ltr'><strong>ἁγίους</strong></span> <span class='ocrx_word' id='word_1_68' title='bbox 1244 1095 1508 1165; x_wconf 77' lang='grc' dir='ltr'><strong>ἀγγέλους</strong></span> <span class='ocrx_word' id='word_1_69' title='bbox 1538 1094 1833 1164; x_wconf 82' lang='grc' dir='ltr'>δοξολογεῖν</span> 
     </span>
    </p>
   </div>
   <div class='ocr_carea' id='block_1_12' title="bbox 265 1186 1833 1260">
    <p class='ocr_par' dir='ltr' id='par_1_12' title="bbox 265 1186 1833 1260">
     <span class='ocr_line' id='line_1_12' title="bbox 265 1186 1833 1260; baseline -0.002 -19"><span class='ocrx_word' id='word_1_70' title='bbox 265 1188 648 1260; x_wconf 74' lang='grc' dir='ltr'>παρεσκεύασε</span> <span class='ocrx_word' id='word_1_71' title='bbox 689 1189 750 1241; x_wconf 86' lang='grc' dir='ltr'>τὸ</span> <span class='ocrx_word' id='word_1_72' title='bbox 803 1191 1024 1258; x_wconf 86' lang='grc' dir='ltr'>σημεῖον</span> <span class='ocrx_word' id='word_1_73' title='bbox 1064 1187 1165 1258; x_wconf 78' lang='grc' dir='ltr'>τῆς</span> <span class='ocrx_word' id='word_1_74' title='bbox 1203 1187 1472 1258; x_wconf 88' lang='grc' dir='ltr'>ἐγέρσεως</span> <span class='ocrx_word' id='word_1_75' title='bbox 1514 1186 1694 1257; x_wconf 84' lang='grc' dir='ltr'>πάσης</span> <span class='ocrx_word' id='word_1_76' title='bbox 1734 1187 1833 1257; x_wconf 79' lang='grc' dir='ltr'>τῆς</span> 
     </span>
    </p>
   </div>
   <div class='ocr_carea' id='block_1_13' title="bbox 265 1276 1832 1353">
    <p class='ocr_par' dir='ltr' id='par_1_13' title="bbox 265 1276 1832 1353">
     <span class='ocr_line' id='line_1_13' title="bbox 265 1276 1832 1353; baseline -0.003 -20"><span class='ocrx_word' id='word_1_77' title='bbox 265 1279 610 1353; x_wconf 84' lang='grc' dir='ltr'><strong>ἀνθρωπίνης</strong></span> <span class='ocrx_word' id='word_1_78' title='bbox 635 1279 846 1349; x_wconf 80' lang='grc' dir='ltr'>φύσεως</span> <span class='ocrx_word' id='word_1_79' title='bbox 870 1295 883 1308; x_wconf 75' lang='grc' dir='ltr'><strong><em>ο</em></strong></span> <span class='ocrx_word' id='word_1_80' title='bbox 915 1279 1009 1330; x_wconf 76' lang='grc' dir='ltr'><strong>καὶ</strong></span> <span class='ocrx_word' id='word_1_81' title='bbox 1035 1279 1155 1332; x_wconf 86' lang='grc' dir='ltr'>ὅσον</span> <span class='ocrx_word' id='word_1_82' title='bbox 1191 1276 1391 1349; x_wconf 73' lang='grc' dir='ltr'>μείζων</span> <span class='ocrx_word' id='word_1_83' title='bbox 1421 1278 1454 1348; x_wconf 80' lang='grc' dir='ltr'><strong>ἡ</strong></span> <span class='ocrx_word' id='word_1_84' title='bbox 1483 1277 1590 1330; x_wconf 85' lang='grc' dir='ltr'><strong>τῶν</strong></span> <span class='ocrx_word' id='word_1_85' title='bbox 1619 1277 1832 1330; x_wconf 86' lang='grc' dir='ltr'>πάντων</span> 
     </span>
    </p>
   </div>
   <div class='ocr_carea' id='block_1_14' title="bbox 265 1368 1833 1443">
    <p class='ocr_par' dir='ltr' id='par_1_14' title="bbox 265 1368 1833 1443">
     <span class='ocr_line' id='line_1_14' title="bbox 265 1368 1833 1443; baseline -0.002 -18"><span class='ocrx_word' id='word_1_86' title='bbox 265 1372 480 1442; x_wconf 81' lang='grc' dir='ltr'>ἔγερσις</span> <span class='ocrx_word' id='word_1_87' title='bbox 513 1372 613 1441; x_wconf 81' lang='grc' dir='ltr'>τῆς</span> <span class='ocrx_word' id='word_1_88' title='bbox 647 1370 917 1443; x_wconf 86' lang='grc' dir='ltr'>ἐγέρσεως</span> <span class='ocrx_word' id='word_1_89' title='bbox 950 1368 1220 1442; x_wconf 79' lang='grc' dir='ltr'>Λαζάρου,</span> <span class='ocrx_word' id='word_1_90' title='bbox 1255 1369 1504 1424; x_wconf 84' lang='grc' dir='ltr'>τοσοῦτον</span> <span class='ocrx_word' id='word_1_91' title='bbox 1531 1370 1624 1422; x_wconf 74' lang='grc' dir='ltr'>καὶ</span> <span class='ocrx_word' id='word_1_92' title='bbox 1649 1371 1682 1440; x_wconf 85' lang='grc' dir='ltr'>ἡ</span> <span class='ocrx_word' id='word_1_93' title='bbox 1707 1368 1833 1434; x_wconf 82' lang='grc' dir='ltr'>δόξα</span> 
     </span>
    </p>
   </div>
   <div class='ocr_carea' id='block_1_15' title="bbox 264 1459 1830 1534">
    <p class='ocr_par' dir='ltr' id='par_1_15' title="bbox 264 1459 1830 1534">
     <span class='ocr_line' id='line_1_15' title="bbox 264 1459 1830 1534; baseline -0.003 -18"><span class='ocrx_word' id='word_1_94' title='bbox 264 1464 386 1516; x_wconf 85' lang='grc' dir='ltr'>τότε</span> <span class='ocrx_word' id='word_1_95' title='bbox 424 1462 730 1534; x_wconf 81' lang='grc' dir='ltr'>μειζοτέρα.</span> <span class='ocrx_word' id='word_1_96' title='bbox 766 1462 875 1516; x_wconf 77' lang='grc' dir='ltr'><strong>Καὶ</strong></span> <span class='ocrx_word' id='word_1_97' title='bbox 909 1464 943 1533; x_wconf 80' lang='grc' dir='ltr'>ὴ</span> <span class='ocrx_word' id='word_1_98' title='bbox 979 1462 1078 1533; x_wconf 87' lang='grc' dir='ltr'>μὲν</span> <span class='ocrx_word' id='word_1_99' title='bbox 1105 1461 1402 1533; x_wconf 77' lang='grc' dir='ltr'>συνείδησις</span> <span class='ocrx_word' id='word_1_100' title='bbox 1431 1461 1538 1514; x_wconf 90' lang='grc' dir='ltr'><strong>τῶν</strong></span> <span class='ocrx_word' id='word_1_101' title='bbox 1565 1459 1830 1531; x_wconf 82' lang='grc' dir='ltr'><strong>βοώντων,</strong></span> 
     </span>
    </p>
   </div>
   <div class='ocr_carea' id='block_1_16' title="bbox 266 1552 1831 1628">
    <p class='ocr_par' dir='ltr' id='par_1_16' title="bbox 266 1552 1831 1628">
     <span class='ocr_line' id='line_1_16' title="bbox 266 1552 1831 1628; baseline -0.002 -19"><span class='ocrx_word' id='word_1_102' title='bbox 266 1556 590 1628; x_wconf 79' lang='grc' dir='ltr'>ἐξισταμένη</span> <span class='ocrx_word' id='word_1_103' title='bbox 624 1555 699 1626; x_wconf 79' lang='grc' dir='ltr'>τῷ</span> <span class='ocrx_word' id='word_1_104' title='bbox 741 1554 1015 1626; x_wconf 79' lang='grc' dir='ltr'><strong>θαύματι,</strong></span> <span class='ocrx_word' id='word_1_105' title='bbox 1055 1556 1223 1608; x_wconf 79' lang='grc' dir='ltr'>ἐκίνει</span> <span class='ocrx_word' id='word_1_106' title='bbox 1253 1555 1449 1617; x_wconf 80' lang='grc' dir='ltr'>αὐτοὺς</span> <span class='ocrx_word' id='word_1_107' title='bbox 1491 1552 1759 1618; x_wconf 75' lang='grc' dir='ltr'><strong>δοξάζειν·</strong></span> <span class='ocrx_word' id='word_1_108' title='bbox 1797 1555 1831 1624; x_wconf 85' lang='grc' dir='ltr'>ὴ</span> 
     </span>
    </p>
   </div>
   <div class='ocr_carea' id='block_1_17' title="bbox 264 1645 1831 1718">
    <p class='ocr_par' dir='ltr' id='par_1_17' title="bbox 264 1645 1831 1718">
     <span class='ocr_line' id='line_1_17' title="bbox 264 1645 1831 1718; baseline -0.003 -17"><span class='ocrx_word' id='word_1_109' title='bbox 264 1648 321 1701; x_wconf 83' lang='grc' dir='ltr'>δὲ</span> <span class='ocrx_word' id='word_1_110' title='bbox 351 1648 468 1702; x_wconf 90' lang='grc' dir='ltr'>θεία</span> <span class='ocrx_word' id='word_1_111' title='bbox 509 1650 787 1718; x_wconf 79' lang='grc' dir='ltr'>οἰκονομία</span> <span class='ocrx_word' id='word_1_112' title='bbox 835 1648 933 1717; x_wconf 81' lang='grc' dir='ltr'>τὴν</span> <span class='ocrx_word' id='word_1_113' title='bbox 978 1646 1190 1718; x_wconf 77' lang='grc' dir='ltr'><strong>ἔγερσιν</strong></span> <span class='ocrx_word' id='word_1_114' title='bbox 1227 1646 1338 1716; x_wconf 86' lang='grc'><strong>(71)</strong></span> <span class='ocrx_word' id='word_1_115' title='bbox 1383 1645 1561 1716; x_wconf 84' lang='grc' dir='ltr'>πάσης</span> <span class='ocrx_word' id='word_1_116' title='bbox 1592 1645 1691 1716; x_wconf 77' lang='grc' dir='ltr'>τῆς</span> <span class='ocrx_word' id='word_1_117' title='bbox 1737 1645 1831 1698; x_wconf 90' lang='grc' dir='ltr'>ἀν-</span> 
     </span>
    </p>
   </div>
   <div class='ocr_carea' id='block_1_18' title="bbox 265 1735 1832 1810">
    <p class='ocr_par' dir='ltr' id='par_1_18' title="bbox 265 1735 1832 1810">
     <span class='ocr_line' id='line_1_18' title="bbox 265 1735 1832 1810; baseline -0.002 -18"><span class='ocrx_word' id='word_1_118' title='bbox 265 1739 540 1810; x_wconf 90' lang='grc' dir='ltr'>θρωπίνης</span> <span class='ocrx_word' id='word_1_119' title='bbox 587 1742 802 1807; x_wconf 80' lang='grc' dir='ltr'>φύσεως</span> <span class='ocrx_word' id='word_1_120' title='bbox 842 1737 1143 1808; x_wconf 85' lang='grc' dir='ltr'>λεληθότως</span> <span class='ocrx_word' id='word_1_121' title='bbox 1187 1737 1354 1792; x_wconf 79' lang='grc' dir='ltr'>ἐκίνει</span> <span class='ocrx_word' id='word_1_122' title='bbox 1399 1737 1460 1790; x_wconf 86' lang='grc' dir='ltr'>οὐ</span> <span class='ocrx_word' id='word_1_123' title='bbox 1511 1735 1668 1806; x_wconf 92' lang='grc' dir='ltr'>μόνον</span> <span class='ocrx_word' id='word_1_124' title='bbox 1705 1735 1832 1798; x_wconf 78' lang='grc' dir='ltr'>τοὺς</span> 
     </span>
    </p>
   </div>
   <div class='ocr_carea' id='block_1_19' title="bbox 264 1829 1830 1902">
    <p class='ocr_par' dir='ltr' id='par_1_19' title="bbox 264 1829 1830 1902">
     <span class='ocr_line' id='line_1_19' title="bbox 264 1829 1830 1902; baseline -0.001 -19"><span class='ocrx_word' id='word_1_125' title='bbox 264 1830 582 1902; x_wconf 83' lang='grc' dir='ltr'>ἀνθρώπους</span> <span class='ocrx_word' id='word_1_126' title='bbox 600 1871 615 1890; x_wconf 85' lang='grc'><strong>,</strong></span> <span class='ocrx_word' id='word_1_127' title='bbox 639 1831 775 1885; x_wconf 82' lang='grc' dir='ltr'><strong>ἀλλά</strong></span> <span class='ocrx_word' id='word_1_128' title='bbox 806 1831 896 1885; x_wconf 80' lang='grc' dir='ltr'>καὶ</span> <span class='ocrx_word' id='word_1_129' title='bbox 925 1833 1051 1895; x_wconf 84' lang='grc' dir='ltr'>τοὺς</span> <span class='ocrx_word' id='word_1_130' title='bbox 1089 1830 1379 1900; x_wconf 81' lang='grc' dir='ltr'>ἀγγέλους,</span> <span class='ocrx_word' id='word_1_131' title='bbox 1416 1829 1711 1900; x_wconf 77' lang='grc' dir='ltr'><strong>θαυμάζειν</strong></span> <span class='ocrx_word' id='word_1_132' title='bbox 1741 1829 1830 1882; x_wconf 83' lang='grc' dir='ltr'>τὸν</span> 
     </span>
    </p>
   </div>
   <div class='ocr_carea' id='block_1_20' title="bbox 1939 633 3502 696">
    <p class='ocr_par' dir='ltr' id='par_1_20' title="bbox 1939 633 3502 696">
     <span class='ocr_line' id='line_1_20' title="bbox 1939 633 3502 696; baseline 0.008 -12"><span class='ocrx_word' id='word_1_133' title='bbox 1939 633 2224 688; x_wconf 77' lang='lat' dir='ltr'><strong>manifesta</strong></span> <span class='ocrx_word' id='word_1_134' title='bbox 2261 637 2400 689; x_wconf 90' lang='lat' dir='ltr'><strong>ratio</strong></span> <span class='ocrx_word' id='word_1_135' title='bbox 2428 635 2757 690; x_wconf 73' lang='lat' dir='ltr'><strong>laudationis</strong></span> <span class='ocrx_word' id='word_1_136' title='bbox 2792 635 2936 691; x_wconf 90' lang='lat' dir='ltr'><strong>illius</strong></span> <span class='ocrx_word' id='word_1_137' title='bbox 2968 633 3202 692; x_wconf 85' lang='lat' dir='ltr'><strong>ﬁdelium</strong></span> <span class='ocrx_word' id='word_1_138' title='bbox 3243 657 3257 694; x_wconf 90' lang='lat'><strong>:</strong></span> <span class='ocrx_word' id='word_1_139' title='bbox 3288 642 3502 696; x_wconf 85' lang='lat' dir='ltr'><strong>occulta</strong></span> 
     </span>
    </p>
   </div>
   <div class='ocr_carea' id='block_1_21' title="bbox 1936 725 3504 788">
    <p class='ocr_par' dir='ltr' id='par_1_21' title="bbox 1936 725 3504 788">
     <span class='ocr_line' id='line_1_21' title="bbox 1936 725 3504 788; baseline 0.006 -11"><span class='ocrx_word' id='word_1_140' title='bbox 1936 735 2116 782; x_wconf 88' lang='lat' dir='ltr'><strong>autem</strong></span> <span class='ocrx_word' id='word_1_141' title='bbox 2146 739 2210 781; x_wconf 88' lang='lat' dir='ltr'><strong>ac</strong></span> <span class='ocrx_word' id='word_1_142' title='bbox 2239 725 2477 780; x_wconf 88' lang='lat' dir='ltr'><strong>abditior</strong></span> <span class='ocrx_word' id='word_1_143' title='bbox 2523 728 2854 782; x_wconf 78' lang='lat' dir='ltr'><strong>resurrectio</strong></span> <span class='ocrx_word' id='word_1_144' title='bbox 2893 734 2977 783; x_wconf 91' lang='lat' dir='ltr'><strong>est</strong></span> <span class='ocrx_word' id='word_1_145' title='bbox 3003 729 3273 785; x_wconf 78' lang='lat' dir='ltr'><strong>universa:</strong></span> <span class='ocrx_word' id='word_1_146' title='bbox 3295 741 3504 788; x_wconf 72' lang='lat' dir='ltr'><strong>natura:</strong></span> 
     </span>
    </p>
   </div>
   <div class='ocr_carea' id='block_1_22' title="bbox 1940 815 3504 890">
    <p class='ocr_par' dir='ltr' id='par_1_22' title="bbox 1940 815 3504 890">
     <span class='ocr_line' id='line_1_22' title="bbox 1940 815 3504 890; baseline 0.006 -21"><span class='ocrx_word' id='word_1_147' title='bbox 1940 815 2239 871; x_wconf 87' lang='lat' dir='ltr'><strong>hominum.</strong></span> <span class='ocrx_word' id='word_1_148' title='bbox 2271 817 2352 873; x_wconf 87' lang='lat' dir='ltr'><strong>Ac</strong></span> <span class='ocrx_word' id='word_1_149' title='bbox 2393 820 2535 874; x_wconf 92' lang='lat' dir='ltr'><strong>sicut</strong></span> <span class='ocrx_word' id='word_1_150' title='bbox 2562 820 2774 889; x_wconf 76' lang='lat' dir='ltr'><strong>signum</strong></span> <span class='ocrx_word' id='word_1_151' title='bbox 2799 817 2988 873; x_wconf 87' lang='lat' dir='ltr'><strong>Lazari</strong></span> <span class='ocrx_word' id='word_1_152' title='bbox 3013 819 3238 890; x_wconf 80' lang='lat' dir='ltr'><strong>ejusque</strong></span> <span class='ocrx_word' id='word_1_153' title='bbox 3271 824 3504 879; x_wconf 86' lang='lat' dir='ltr'><strong>suscita—</strong></span> 
     </span>
    </p>
   </div>
   <div class='ocr_carea' id='block_1_23' title="bbox 1940 905 3502 968">
    <p class='ocr_par' dir='ltr' id='par_1_23' title="bbox 1940 905 3502 968">
     <span class='ocr_line' id='line_1_23' title="bbox 1940 905 3502 968; baseline 0.006 -9"><span class='ocrx_word' id='word_1_154' title='bbox 1940 905 2016 960; x_wconf 92' lang='lat' dir='ltr'><strong>tio</strong></span> <span class='ocrx_word' id='word_1_155' title='bbox 2045 905 2326 960; x_wconf 84' lang='lat' dir='ltr'><strong>hominum</strong></span> <span class='ocrx_word' id='word_1_156' title='bbox 2372 907 2583 963; x_wconf 90' lang='lat' dir='ltr'><strong>animos</strong></span> <span class='ocrx_word' id='word_1_157' title='bbox 2623 908 2690 962; x_wconf 89' lang='lat' dir='ltr'><strong>ad</strong></span> <span class='ocrx_word' id='word_1_158' title='bbox 2721 908 3099 964; x_wconf 86' lang='lat' dir='ltr'><strong>celebrandum</strong></span> <span class='ocrx_word' id='word_1_159' title='bbox 3139 913 3368 968; x_wconf 87' lang='lat' dir='ltr'><strong>canticis</strong></span> <span class='ocrx_word' id='word_1_160' title='bbox 3398 911 3502 968; x_wconf 85' lang='lat' dir='ltr'><strong>Do-</strong></span> 
     </span>
    </p>
   </div>
   <div class='ocr_carea' id='block_1_24' title="bbox 1935 995 3500 1070">
    <p class='ocr_par' dir='ltr' id='par_1_24' title="bbox 1935 995 3500 1070">
     <span class='ocr_line' id='line_1_24' title="bbox 1935 995 3500 1070; baseline 0.007 -22"><span class='ocrx_word' id='word_1_161' title='bbox 1935 995 2142 1049; x_wconf 91' lang='lat' dir='ltr'><strong>minum</strong></span> <span class='ocrx_word' id='word_1_162' title='bbox 2174 997 2468 1060; x_wconf 82' lang='lat' dir='ltr'><strong>excitavit,</strong></span> <span class='ocrx_word' id='word_1_163' title='bbox 2501 999 2579 1052; x_wconf 89' lang='lat' dir='ltr'><strong>sic</strong></span> <span class='ocrx_word' id='word_1_164' title='bbox 2609 1009 2660 1052; x_wconf 86' lang='lat' dir='ltr'><strong>et</strong></span> <span class='ocrx_word' id='word_1_165' title='bbox 2683 999 2896 1070; x_wconf 84' lang='lat' dir='ltr'><strong>signum</strong></span> <span class='ocrx_word' id='word_1_166' title='bbox 2930 1001 3232 1056; x_wconf 88' lang='lat' dir='ltr'><strong>suscitandi</strong></span> <span class='ocrx_word' id='word_1_167' title='bbox 3262 1003 3500 1060; x_wconf 84' lang='lat' dir='ltr'><strong>universi</strong></span> 
     </span>
    </p>
   </div>
   <div class='ocr_carea' id='block_1_25' title="bbox 1935 1087 3502 1168">
    <p class='ocr_par' dir='ltr' id='par_1_25' title="bbox 1935 1087 3502 1168">
     <span class='ocr_line' id='line_1_25' title="bbox 1935 1087 3502 1168; baseline 0.006 -26"><span class='ocrx_word' id='word_1_168' title='bbox 1935 1087 2160 1144; x_wconf 78' lang='lat' dir='ltr'><strong>humani</strong></span> <span class='ocrx_word' id='word_1_169' title='bbox 2189 1089 2404 1160; x_wconf 79' lang='lat' dir='ltr'><strong>generis</strong></span> <span class='ocrx_word' id='word_1_170' title='bbox 2437 1091 2659 1160; x_wconf 82' lang='lat' dir='ltr'><strong>angelos</strong></span> <span class='ocrx_word' id='word_1_171' title='bbox 2683 1101 2903 1148; x_wconf 88' lang='lat' dir='ltr'><strong>sanctos</strong></span> <span class='ocrx_word' id='word_1_172' title='bbox 2924 1093 2991 1148; x_wconf 91' lang='lat' dir='ltr'><strong>ad</strong></span> <span class='ocrx_word' id='word_1_173' title='bbox 3022 1095 3348 1150; x_wconf 90' lang='lat' dir='ltr'><strong>laudandum</strong></span> <span class='ocrx_word' id='word_1_174' title='bbox 3380 1112 3502 1168; x_wconf 83' lang='lat' dir='ltr'><strong>per-</strong></span> 
     </span>
    </p>
   </div>
   <div class='ocr_carea' id='block_1_26' title="bbox 1934 1181 3500 1248">
    <p class='ocr_par' dir='ltr' id='par_1_26' title="bbox 1934 1181 3500 1248">
     <span class='ocr_line' id='line_1_26' title="bbox 1934 1181 3500 1248; baseline 0.006 -14"><span class='ocrx_word' id='word_1_175' title='bbox 1934 1181 2126 1236; x_wconf 82' lang='lat' dir='ltr'><strong>movit.</strong></span> <span class='ocrx_word' id='word_1_176' title='bbox 2156 1182 2429 1248; x_wconf 81' lang='lat' dir='ltr'><strong>Quantum</strong></span> <span class='ocrx_word' id='word_1_177' title='bbox 2463 1198 2593 1237; x_wconf 88' lang='lat' dir='ltr'><strong>vero</strong></span> <span class='ocrx_word' id='word_1_178' title='bbox 2622 1182 2790 1239; x_wconf 87' lang='lat' dir='ltr'><strong>totius</strong></span> <span class='ocrx_word' id='word_1_179' title='bbox 2824 1184 3196 1242; x_wconf 88' lang='lat' dir='ltr'><strong>universitatis</strong></span> <span class='ocrx_word' id='word_1_180' title='bbox 3223 1187 3500 1244; x_wconf 88' lang='lat' dir='ltr'><strong>hominum</strong></span> 
     </span>
    </p>
   </div>
   <div class='ocr_carea' id='block_1_27' title="bbox 1934 1272 3497 1350">
    <p class='ocr_par' dir='ltr' id='par_1_27' title="bbox 1934 1272 3497 1350">
     <span class='ocr_line' id='line_1_27' title="bbox 1934 1272 3497 1350; baseline 0.008 -26"><span class='ocrx_word' id='word_1_181' title='bbox 1934 1272 2290 1339; x_wconf 86' lang='lat' dir='ltr'><strong>resurrectio,</strong></span> <span class='ocrx_word' id='word_1_182' title='bbox 2341 1272 2533 1328; x_wconf 88' lang='lat' dir='ltr'><strong>Lazari</strong></span> <span class='ocrx_word' id='word_1_183' title='bbox 2585 1274 2750 1329; x_wconf 90' lang='lat' dir='ltr'><strong>unius</strong></span> <span class='ocrx_word' id='word_1_184' title='bbox 2800 1276 3147 1332; x_wconf 88' lang='lat' dir='ltr'><strong>suscitationi</strong></span> <span class='ocrx_word' id='word_1_185' title='bbox 3204 1280 3497 1350; x_wconf 63' lang='lat' dir='ltr'><strong>praecellit;</strong></span> 
     </span>
    </p>
   </div>
   <div class='ocr_carea' id='block_1_28' title="bbox 1937 1363 3501 1439">
    <p class='ocr_par' dir='ltr' id='par_1_28' title="bbox 1937 1363 3501 1439">
     <span class='ocr_line' id='line_1_28' title="bbox 1937 1363 3501 1439; baseline 0.004 -23"><span class='ocrx_word' id='word_1_186' title='bbox 1937 1369 2147 1416; x_wconf 85' lang='lat' dir='ltr'><strong>tantum</strong></span> <span class='ocrx_word' id='word_1_187' title='bbox 2210 1378 2428 1434; x_wconf 91' lang='lat' dir='ltr'><strong>quoque</strong></span> <span class='ocrx_word' id='word_1_188' title='bbox 2495 1363 2667 1435; x_wconf 79' lang='lat' dir='ltr'><strong>gloria</strong></span> <span class='ocrx_word' id='word_1_189' title='bbox 2722 1378 2786 1420; x_wconf 92' lang='lat' dir='ltr'><strong>ac</strong></span> <span class='ocrx_word' id='word_1_190' title='bbox 2839 1365 3078 1421; x_wconf 85' lang='lat' dir='ltr'><strong>laudatio</strong></span> <span class='ocrx_word' id='word_1_191' title='bbox 3133 1367 3186 1422; x_wconf 90' lang='lat' dir='ltr'><strong>id</strong></span> <span class='ocrx_word' id='word_1_192' title='bbox 3241 1368 3501 1439; x_wconf 88' lang='lat' dir='ltr'><strong>temporis</strong></span> 
     </span>
    </p>
   </div>
   <div class='ocr_carea' id='block_1_29' title="bbox 1935 1453 3498 1528">
    <p class='ocr_par' dir='ltr' id='par_1_29' title="bbox 1935 1453 3498 1528">
     <span class='ocr_line' id='line_1_29' title="bbox 1935 1453 3498 1528; baseline 0.004 -21"><span class='ocrx_word' id='word_1_193' title='bbox 1935 1453 2232 1523; x_wconf 73' lang='lat' dir='ltr'><strong>praestabit.</strong></span> <span class='ocrx_word' id='word_1_194' title='bbox 2275 1455 2354 1510; x_wconf 87' lang='lat' dir='ltr'><strong>Ac</strong></span> <span class='ocrx_word' id='word_1_195' title='bbox 2392 1457 2729 1512; x_wconf 84' lang='lat' dir='ltr'><strong>conscientia</strong></span> <span class='ocrx_word' id='word_1_196' title='bbox 2769 1459 2985 1528; x_wconf 89' lang='lat' dir='ltr'><strong>quidem</strong></span> <span class='ocrx_word' id='word_1_197' title='bbox 3018 1459 3367 1513; x_wconf 84' lang='lat' dir='ltr'><strong>clamantium</strong></span> <span class='ocrx_word' id='word_1_198' title='bbox 3403 1459 3498 1516; x_wconf 85' lang='lat' dir='ltr'><strong>ho-</strong></span> 
     </span>
    </p>
   </div>
   <div class='ocr_carea' id='block_1_30' title="bbox 1936 1545 3499 1618">
    <p class='ocr_par' dir='ltr' id='par_1_30' title="bbox 1936 1545 3499 1618">
     <span class='ocr_line' id='line_1_30' title="bbox 1936 1545 3499 1618; baseline 0.004 -19"><span class='ocrx_word' id='word_1_199' title='bbox 1936 1545 2145 1600; x_wconf 89' lang='lat' dir='ltr'><strong>minum</strong></span> <span class='ocrx_word' id='word_1_200' title='bbox 2172 1547 2438 1603; x_wconf 89' lang='lat' dir='ltr'><strong>miraculo</strong></span> <span class='ocrx_word' id='word_1_201' title='bbox 2473 1549 2708 1604; x_wconf 81' lang='lat' dir='ltr'><strong>excitata</strong></span> <span class='ocrx_word' id='word_1_202' title='bbox 2743 1551 2809 1605; x_wconf 91' lang='lat' dir='ltr'><strong>ad</strong></span> <span class='ocrx_word' id='word_1_203' title='bbox 2847 1550 3179 1606; x_wconf 87' lang='lat' dir='ltr'><strong>laudandum</strong></span> <span class='ocrx_word' id='word_1_204' title='bbox 3211 1553 3499 1618; x_wconf 87' lang='lat' dir='ltr'><strong>movebat,</strong></span> 
     </span>
    </p>
   </div>
   <div class='ocr_carea' id='block_1_31' title="bbox 1934 1637 3501 1711">
    <p class='ocr_par' dir='ltr' id='par_1_31' title="bbox 1934 1637 3501 1711">
     <span class='ocr_line' id='line_1_31' title="bbox 1934 1637 3501 1711; baseline 0.006 -19"><span class='ocrx_word' id='word_1_205' title='bbox 1934 1637 2119 1692; x_wconf 89' lang='lat' dir='ltr'><strong>divina</strong></span> <span class='ocrx_word' id='word_1_206' title='bbox 2179 1646 2361 1694; x_wconf 90' lang='lat' dir='ltr'><strong>autem</strong></span> <span class='ocrx_word' id='word_1_207' title='bbox 2408 1641 2746 1711; x_wconf 75' lang='lat' dir='ltr'><strong>providentia</strong></span> <span class='ocrx_word' id='word_1_208' title='bbox 2787 1643 2986 1698; x_wconf 89' lang='lat' dir='ltr'><strong>nedum</strong></span> <span class='ocrx_word' id='word_1_209' title='bbox 3017 1643 3285 1709; x_wconf 87' lang='lat' dir='ltr'><strong>homines,</strong></span> <span class='ocrx_word' id='word_1_210' title='bbox 3323 1646 3418 1701; x_wconf 86' lang='lat' dir='ltr'><strong>sed</strong></span> <span class='ocrx_word' id='word_1_211' title='bbox 3446 1655 3501 1702; x_wconf 91' lang='lat' dir='ltr'><strong>et</strong></span> 
     </span>
    </p>
   </div>
   <div class='ocr_carea' id='block_1_32' title="bbox 1935 1729 3502 1800">
    <p class='ocr_par' dir='ltr' id='par_1_32' title="bbox 1935 1729 3502 1800">
     <span class='ocr_line' id='line_1_32' title="bbox 1935 1729 3502 1800; baseline 0.007 -18"><span class='ocrx_word' id='word_1_212' title='bbox 1935 1730 2158 1800; x_wconf 82' lang='lat' dir='ltr'><strong>angelos</strong></span> <span class='ocrx_word' id='word_1_213' title='bbox 2200 1731 2267 1785; x_wconf 89' lang='lat' dir='ltr'><strong>ad</strong></span> <span class='ocrx_word' id='word_1_214' title='bbox 2309 1729 2440 1788; x_wconf 86' lang='lat' dir='ltr'><strong>Jesu</strong></span> <span class='ocrx_word' id='word_1_215' title='bbox 2489 1733 2903 1790; x_wconf 88' lang='lat' dir='ltr'><strong>admirationem</strong></span> <span class='ocrx_word' id='word_1_216' title='bbox 2950 1735 3021 1790; x_wconf 90' lang='lat' dir='ltr'><strong>ob</strong></span> <span class='ocrx_word' id='word_1_217' title='bbox 3072 1745 3282 1792; x_wconf 64' lang='lat' dir='ltr'><strong>natura:</strong></span> <span class='ocrx_word' id='word_1_218' title='bbox 3334 1739 3502 1795; x_wconf 89' lang='lat' dir='ltr'><strong>totius</strong></span> 
     </span>
    </p>
   </div>
   <div class='ocr_carea' id='block_1_33' title="bbox 1936 1817 3503 1897">
    <p class='ocr_par' dir='ltr' id='par_1_33' title="bbox 1936 1817 3503 1897">
     <span class='ocr_line' id='line_1_33' title="bbox 1936 1817 3503 1897; baseline 0.008 -26"><span class='ocrx_word' id='word_1_219' title='bbox 1936 1817 2176 1872; x_wconf 81' lang='lat' dir='ltr'><strong>futuram</strong></span> <span class='ocrx_word' id='word_1_220' title='bbox 2222 1823 2682 1878; x_wconf 88' lang='lat' dir='ltr'><strong>resurrectionem</strong></span> <span class='ocrx_word' id='word_1_221' title='bbox 2726 1825 2942 1880; x_wconf 81' lang='lat' dir='ltr'><strong>occulte</strong></span> <span class='ocrx_word' id='word_1_222' title='bbox 2989 1825 3303 1897; x_wconf 78' lang='lat' dir='ltr'><strong>instigabat.</strong></span> <span class='ocrx_word' id='word_1_223' title='bbox 3339 1826 3503 1884; x_wconf 75' lang='lat' dir='ltr'><strong>Vide—</strong></span> 
     </span>
    </p>
   </div>
   <div class='ocr_carea' id='block_1_34' title="bbox 277 1903 1828 1996">
    <p class='ocr_par' dir='ltr' id='par_1_34' title="bbox 277 1919 1828 1996">
     <span class='ocr_line' id='line_1_34' title="bbox 277 1919 1828 1996; baseline -0.003 -21"><span class='ocrx_word' id='word_1_224' title='bbox 277 1920 499 1992; x_wconf 77' lang='grc' dir='ltr'>Ἰησοῦν.</span> <span class='ocrx_word' id='word_1_225' title='bbox 531 1920 681 1976; x_wconf 78' lang='grc' dir='ltr'>Εἶδον</span> <span class='ocrx_word' id='word_1_226' title='bbox 707 1925 816 1996; x_wconf 72' lang='grc' dir='ltr'>γὰρ</span> <span class='ocrx_word' id='word_1_227' title='bbox 834 1966 849 1991; x_wconf 92' lang='grc'><strong>,</strong></span> <span class='ocrx_word' id='word_1_228' title='bbox 877 1924 1091 1996; x_wconf 75' lang='grc' dir='ltr'>ἀληθῶς</span> <span class='ocrx_word' id='word_1_229' title='bbox 1137 1920 1274 1976; x_wconf 82' lang='grc' dir='ltr'>εἶδον</span> <span class='ocrx_word' id='word_1_230' title='bbox 1293 1963 1307 1985; x_wconf 90' lang='grc'><strong>,</strong></span> <span class='ocrx_word' id='word_1_231' title='bbox 1349 1925 1443 1976; x_wconf 73' lang='grc' dir='ltr'>καὶ</span> <span class='ocrx_word' id='word_1_232' title='bbox 1489 1922 1709 1994; x_wconf 83' lang='grc' dir='ltr'>ἔμαθον,</span> <span class='ocrx_word' id='word_1_233' title='bbox 1737 1919 1828 1975; x_wconf 75' lang='grc' dir='ltr'>καὶ</span> 
     </span>
    </p>
   </div>
   <div class='ocr_carea' id='block_1_35' title="bbox 1931 1903 3500 1996">
    <p class='ocr_par' dir='ltr' id='par_1_35' title="bbox 1937 1915 3500 1990">
     <span class='ocr_line' id='line_1_35' title="bbox 1937 1915 3500 1990; baseline 0.006 -24"><span class='ocrx_word' id='word_1_234' title='bbox 1937 1921 2064 1966; x_wconf 92' lang='lat' dir='ltr'><strong>runt</strong></span> <span class='ocrx_word' id='word_1_235' title='bbox 2113 1915 2282 1978; x_wconf 87' lang='lat' dir='ltr'><strong>enim,</strong></span> <span class='ocrx_word' id='word_1_236' title='bbox 2337 1915 2589 1970; x_wconf 89' lang='lat' dir='ltr'><strong>viderunt</strong></span> <span class='ocrx_word' id='word_1_237' title='bbox 2649 1933 2708 1972; x_wconf 93' lang='lat' dir='ltr'><strong>re</strong></span> <span class='ocrx_word' id='word_1_238' title='bbox 2764 1933 2892 1972; x_wconf 88' lang='lat' dir='ltr'><strong>vera</strong></span> <span class='ocrx_word' id='word_1_239' title='bbox 2947 1917 3384 1990; x_wconf 86' lang='lat' dir='ltr'><strong>didiceruntque,</strong></span> <span class='ocrx_word' id='word_1_240' title='bbox 3436 1934 3500 1975; x_wconf 90' lang='lat' dir='ltr'><strong>ac</strong></span> 
     </span>
    </p>
   </div>
   <div class='ocr_carea' id='block_1_36' title="bbox 261 2014 1832 2088">
    <p class='ocr_par' dir='ltr' id='par_1_36' title="bbox 261 2014 1832 2088">
     <span class='ocr_line' id='line_1_36' title="bbox 261 2014 1832 2088; baseline -0.001 -20"><span class='ocrx_word' id='word_1_241' title='bbox 261 2017 728 2088; x_wconf 69' lang='grc' dir='ltr'>κατεσοφίσθησαν</span> <span class='ocrx_word' id='word_1_242' title='bbox 761 2017 951 2087; x_wconf 78' lang='grc' dir='ltr'>σοφίαν</span> <span class='ocrx_word' id='word_1_243' title='bbox 970 2057 985 2080; x_wconf 94' lang='grc'><strong>,</strong></span> <span class='ocrx_word' id='word_1_244' title='bbox 1014 2017 1080 2088; x_wconf 75' lang='grc' dir='ltr'>ἢν</span> <span class='ocrx_word' id='word_1_245' title='bbox 1117 2017 1216 2070; x_wconf 81' lang='grc' dir='ltr'>οὐκ</span> <span class='ocrx_word' id='word_1_246' title='bbox 1245 2017 1462 2088; x_wconf 69' lang='grc' dir='ltr'>ᾔδεισαν</span> <span class='ocrx_word' id='word_1_247' title='bbox 1481 2057 1495 2081; x_wconf 93' lang='grc'><strong>,</strong></span> <span class='ocrx_word' id='word_1_248' title='bbox 1520 2019 1574 2070; x_wconf 82' lang='grc' dir='ltr'>αἱ</span> <span class='ocrx_word' id='word_1_249' title='bbox 1614 2014 1832 2084; x_wconf 88' lang='grc' dir='ltr'>ἀγγελι-</span> 
     </span>
    </p>
   </div>
   <div class='ocr_carea' id='block_1_37' title="bbox 263 2093 1825 2181">
    <p class='ocr_par' dir='ltr' id='par_1_37' title="bbox 263 2093 1825 2181">
     <span class='ocr_line' id='line_1_37' title="bbox 263 2093 1825 2181; baseline -0.001 -19"><span class='ocrx_word' id='word_1_250' title='bbox 263 2109 356 2162; x_wconf 66' lang='lat' dir='ltr'><strong>mi.</strong></span> <span class='ocrx_word' id='word_1_251' title='bbox 379 2109 633 2180; x_wconf 88' lang='grc' dir='ltr'>δυνάμεις</span> <span class='ocrx_word' id='word_1_252' title='bbox 664 2109 751 2163; x_wconf 81' lang='grc' dir='ltr'><strong>διὰ</strong></span> <span class='ocrx_word' id='word_1_253' title='bbox 777 2093 876 2181; x_wconf 83' lang='grc' dir='ltr'>τῆς</span> <span class='ocrx_word' id='word_1_254' title='bbox 919 2109 1244 2180; x_wconf 82' lang='grc' dir='ltr'>Ἐκκλησίας</span> <span class='ocrx_word' id='word_1_255' title='bbox 1269 2109 1376 2164; x_wconf 89' lang='grc' dir='ltr'><strong>τῶν</strong></span> <span class='ocrx_word' id='word_1_256' title='bbox 1410 2109 1612 2162; x_wconf 80' lang='grc' dir='ltr'>πιστῶν</span> <span class='ocrx_word' id='word_1_257' title='bbox 1637 2109 1825 2178; x_wconf 73' lang='grc' dir='ltr'>ἐκφαι-</span> 
     </span>
    </p>
   </div>
   <div class='ocr_carea' id='block_1_38' title="bbox 263 2197 1832 2272">
    <p class='ocr_par' dir='ltr' id='par_1_38' title="bbox 263 2197 1832 2272">
     <span class='ocr_line' id='line_1_38' title="bbox 263 2197 1832 2272; baseline -0.001 -20"><span class='ocrx_word' id='word_1_258' title='bbox 263 2202 492 2272; x_wconf 84' lang='grc' dir='ltr'>νομένην</span> <span class='ocrx_word' id='word_1_259' title='bbox 523 2201 630 2254; x_wconf 81' lang='grc' dir='ltr'>ἀπὸ</span> <span class='ocrx_word' id='word_1_260' title='bbox 655 2201 749 2254; x_wconf 81' lang='grc' dir='ltr'><strong>τοῦ</strong></span> <span class='ocrx_word' id='word_1_261' title='bbox 780 2201 913 2254; x_wconf 79' lang='grc' dir='ltr'>Θεοῦ</span> <span class='ocrx_word' id='word_1_262' title='bbox 949 2200 1017 2254; x_wconf 85' lang='grc' dir='ltr'>τὰ</span> <span class='ocrx_word' id='word_1_263' title='bbox 1046 2201 1222 2255; x_wconf 88' lang='grc' dir='ltr'>πάντα</span> <span class='ocrx_word' id='word_1_264' title='bbox 1273 2200 1576 2263; x_wconf 81' lang='grc' dir='ltr'>κτίσαντος,</span> <span class='ocrx_word' id='word_1_265' title='bbox 1603 2199 1700 2270; x_wconf 81' lang='grc' dir='ltr'>τὴν</span> <span class='ocrx_word' id='word_1_266' title='bbox 1726 2197 1832 2271; x_wconf 80' lang='grc' dir='ltr'>πρὸ</span> 
     </span>
    </p>
   </div>
   <div class='ocr_carea' id='block_1_39' title="bbox 261 2291 1830 2366">
    <p class='ocr_par' dir='ltr' id='par_1_39' title="bbox 261 2291 1830 2366">
     <span class='ocr_line' id='line_1_39' title="bbox 261 2291 1830 2366; baseline 0.001 -23"><span class='ocrx_word' id='word_1_267' title='bbox 261 2291 368 2344; x_wconf 88' lang='grc' dir='ltr'><strong>τῶν</strong></span> <span class='ocrx_word' id='word_1_268' title='bbox 415 2291 622 2347; x_wconf 88' lang='grc' dir='ltr'>αίώνων</span> <span class='ocrx_word' id='word_1_269' title='bbox 667 2295 724 2346; x_wconf 85' lang='grc' dir='ltr'><strong>ἐν</strong></span> <span class='ocrx_word' id='word_1_270' title='bbox 773 2293 920 2364; x_wconf 86' lang='grc' dir='ltr'><strong>αὑτῷ</strong></span> <span class='ocrx_word' id='word_1_271' title='bbox 969 2293 1388 2366; x_wconf 80' lang='grc' dir='ltr'>κεκρυμμένην·</span> <span class='ocrx_word' id='word_1_272' title='bbox 1429 2293 1572 2361; x_wconf 81' lang='grc' dir='ltr'>λέγω</span> <span class='ocrx_word' id='word_1_273' title='bbox 1613 2291 1677 2363; x_wconf 84' lang='grc' dir='ltr'>δὴ</span> <span class='ocrx_word' id='word_1_274' title='bbox 1723 2291 1830 2345; x_wconf 89' lang='grc' dir='ltr'><strong>τῶν</strong></span> 
     </span>
    </p>
   </div>
   <div class='ocr_carea' id='block_1_40' title="bbox 261 2382 1828 2456">
    <p class='ocr_par' dir='ltr' id='par_1_40' title="bbox 261 2382 1828 2456">
     <span class='ocr_line' id='line_1_40' title="bbox 261 2382 1828 2456; baseline 0.001 -21"><span class='ocrx_word' id='word_1_275' title='bbox 261 2383 511 2455; x_wconf 87' lang='grc' dir='ltr'>διδαχῶν,</span> <span class='ocrx_word' id='word_1_276' title='bbox 562 2386 657 2438; x_wconf 74' lang='grc' dir='ltr'>καὶ</span> <span class='ocrx_word' id='word_1_277' title='bbox 703 2385 1066 2455; x_wconf 77' lang='grc' dir='ltr'>ἐπαγγελιῶν,</span> <span class='ocrx_word' id='word_1_278' title='bbox 1111 2386 1204 2438; x_wconf 80' lang='grc' dir='ltr'>καὶ</span> <span class='ocrx_word' id='word_1_279' title='bbox 1247 2383 1699 2456; x_wconf 86' lang='grc' dir='ltr'>θαυματουργιῶν</span> <span class='ocrx_word' id='word_1_280' title='bbox 1736 2382 1828 2436; x_wconf 82' lang='grc' dir='ltr'>τοῦ</span> 
     </span>
    </p>
   </div>
   <div class='ocr_carea' id='block_1_41' title="bbox 261 2475 1832 2548">
    <p class='ocr_par' dir='ltr' id='par_1_41' title="bbox 261 2475 1832 2548">
     <span class='ocr_line' id='line_1_41' title="bbox 261 2475 1832 2548; baseline -0.001 -20"><span class='ocrx_word' id='word_1_281' title='bbox 261 2476 466 2548; x_wconf 80' lang='grc' dir='ltr'>Κυρίου</span> <span class='ocrx_word' id='word_1_282' title='bbox 512 2477 685 2546; x_wconf 87' lang='grc' dir='ltr'><strong>Ἰησοῦ</strong></span> <span class='ocrx_word' id='word_1_283' title='bbox 712 2517 726 2540; x_wconf 91' lang='grc'><strong>,</strong></span> <span class='ocrx_word' id='word_1_284' title='bbox 761 2475 939 2541; x_wconf 80' lang='grc' dir='ltr'>καθώς</span> <span class='ocrx_word' id='word_1_285' title='bbox 969 2495 1071 2530; x_wconf 87' lang='grc' dir='ltr'><strong>που</strong></span> <span class='ocrx_word' id='word_1_286' title='bbox 1102 2480 1130 2530; x_wconf 86' lang='grc' dir='ltr'>ὁ</span> <span class='ocrx_word' id='word_1_287' title='bbox 1163 2477 1446 2540; x_wconf 81' lang='grc' dir='ltr'>θεσπέσιος</span> <span class='ocrx_word' id='word_1_288' title='bbox 1483 2475 1692 2539; x_wconf 85' lang='grc' dir='ltr'>Παῦλός</span> <span class='ocrx_word' id='word_1_289' title='bbox 1729 2491 1832 2545; x_wconf 85' lang='grc' dir='ltr'>φη-</span> 
     </span>
    </p>
   </div>
   <div class='ocr_carea' id='block_1_42' title="bbox 262 2566 1832 2640">
    <p class='ocr_par' dir='ltr' id='par_1_42' title="bbox 262 2566 1832 2640">
     <span class='ocr_line' id='line_1_42' title="bbox 262 2566 1832 2640; baseline 0 -20"><span class='ocrx_word' id='word_1_290' title='bbox 262 2583 346 2621; x_wconf 89' lang='grc' dir='ltr'>σιν</span> <span class='ocrx_word' id='word_1_291' title='bbox 383 2584 398 2599; x_wconf 79' lang='grc' dir='ltr'><strong>ο</strong></span> <span class='ocrx_word' id='word_1_292' title='bbox 447 2569 569 2622; x_wconf 83' lang='grc' dir='ltr'>Ἵνα</span> <span class='ocrx_word' id='word_1_293' title='bbox 615 2569 912 2640; x_wconf 75' lang='grc' dir='ltr'>γνωρισθῇ</span> <span class='ocrx_word' id='word_1_294' title='bbox 957 2569 1077 2624; x_wconf 87' lang='grc' dir='ltr'>νῦν</span> <span class='ocrx_word' id='word_1_295' title='bbox 1127 2569 1255 2635; x_wconf 74' lang='grc' dir='ltr'>ταῖς</span> <span class='ocrx_word' id='word_1_296' title='bbox 1292 2567 1502 2638; x_wconf 79' lang='grc' dir='ltr'>ἀρχαῖς</span> <span class='ocrx_word' id='word_1_297' title='bbox 1547 2571 1644 2621; x_wconf 85' lang='grc' dir='ltr'>καὶ</span> <span class='ocrx_word' id='word_1_298' title='bbox 1703 2566 1832 2632; x_wconf 82' lang='grc' dir='ltr'>ταῖς</span> 
     </span>
    </p>
   </div>
   <div class='ocr_carea' id='block_1_43' title="bbox 259 2659 1831 2730">
    <p class='ocr_par' dir='ltr' id='par_1_43' title="bbox 259 2659 1831 2730">
     <span class='ocr_line' id='line_1_43' title="bbox 259 2659 1831 2730; baseline 0 -18"><span class='ocrx_word' id='word_1_299' title='bbox 259 2659 566 2727; x_wconf 78' lang='grc' dir='ltr'>ἐξουσίαις</span> <span class='ocrx_word' id='word_1_300' title='bbox 609 2661 706 2715; x_wconf 84' lang='grc' dir='ltr'>διὰ</span> <span class='ocrx_word' id='word_1_301' title='bbox 760 2661 871 2730; x_wconf 79' lang='grc' dir='ltr'>τῆς</span> <span class='ocrx_word' id='word_1_302' title='bbox 914 2662 1272 2730; x_wconf 81' lang='grc' dir='ltr'>Ἐκκλησίας</span> <span class='ocrx_word' id='word_1_303' title='bbox 1313 2663 1350 2729; x_wconf 73' lang='grc' dir='ltr'><strong><em>ἡ</em></strong></span> <span class='ocrx_word' id='word_1_304' title='bbox 1399 2661 1831 2728; x_wconf 80' lang='grc' dir='ltr'>πολυποίκιλος</span> 
     </span>
    </p>
   </div>
   <div class='ocr_carea' id='block_1_44' title="bbox 261 2753 1826 2825">
    <p class='ocr_par' dir='ltr' id='par_1_44' title="bbox 261 2753 1826 2825">
     <span class='ocr_line' id='line_1_44' title="bbox 261 2753 1826 2825; baseline 0 -19"><span class='ocrx_word' id='word_1_305' title='bbox 261 2754 446 2822; x_wconf 67' lang='grc' dir='ltr'>σοφία</span> <span class='ocrx_word' id='word_1_306' title='bbox 466 2754 571 2808; x_wconf 86' lang='grc' dir='ltr'>τοῦ</span> <span class='ocrx_word' id='word_1_307' title='bbox 611 2753 778 2808; x_wconf 79' lang='grc' dir='ltr'>Θεοῦ.</span> <span class='ocrx_word' id='word_1_308' title='bbox 819 2754 1163 2808; x_wconf 87' lang='grc' dir='ltr'>Μανθάνουσι</span> <span class='ocrx_word' id='word_1_309' title='bbox 1201 2755 1308 2825; x_wconf 86' lang='grc' dir='ltr'><strong>γὰρ</strong></span> <span class='ocrx_word' id='word_1_310' title='bbox 1333 2756 1389 2807; x_wconf 86' lang='grc' dir='ltr'><strong>αί</strong></span> <span class='ocrx_word' id='word_1_311' title='bbox 1419 2754 1528 2808; x_wconf 81' lang='grc' dir='ltr'><strong>ἀνω</strong></span> <span class='ocrx_word' id='word_1_312' title='bbox 1554 2753 1826 2824; x_wconf 87' lang='grc' dir='ltr'>δυνάμεις,</span> 
     </span>
    </p>
   </div>
   <div class='ocr_carea' id='block_1_45' title="bbox 262 2838 1828 2916">
    <p class='ocr_par' dir='ltr' id='par_1_45' title="bbox 262 2838 1828 2916">
     <span class='ocr_line' id='line_1_45' title="bbox 262 2838 1828 2916; baseline 0.003 -23"><span class='ocrx_word' id='word_1_313' title='bbox 262 2842 403 2914; x_wconf 77' lang='grc' dir='ltr'>ἅπερ</span> <span class='ocrx_word' id='word_1_314' title='bbox 451 2842 657 2895; x_wconf 75' lang='grc' dir='ltr'>οὐδέπω</span> <span class='ocrx_word' id='word_1_315' title='bbox 707 2838 873 2909; x_wconf 83' lang='grc' dir='ltr'>εἶδον,</span> <span class='ocrx_word' id='word_1_316' title='bbox 923 2843 1044 2898; x_wconf 82' lang='grc' dir='ltr'>οὐδὲ</span> <span class='ocrx_word' id='word_1_317' title='bbox 1085 2845 1342 2914; x_wconf 71' lang='grc' dir='ltr'>ἥκουσαν.</span> <span class='ocrx_word' id='word_1_318' title='bbox 1393 2843 1678 2915; x_wconf 84' lang='grc' dir='ltr'>Κτίσματα</span> <span class='ocrx_word' id='word_1_319' title='bbox 1719 2844 1828 2916; x_wconf 88' lang='grc' dir='ltr'><strong>γάρ</strong></span> 
     </span>
    </p>
   </div>
   <div class='ocr_carea' id='block_1_46' title="bbox 261 2932 1830 3006">
    <p class='ocr_par' dir='ltr' id='par_1_46' title="bbox 261 2932 1830 3006">
     <span class='ocr_line' id='line_1_46' title="bbox 261 2932 1830 3006; baseline 0.004 -23"><span class='ocrx_word' id='word_1_320' title='bbox 261 2932 366 2984; x_wconf 83' lang='grc' dir='ltr'>εἰσι</span> <span class='ocrx_word' id='word_1_321' title='bbox 395 2947 408 2962; x_wconf 71' lang='grc' dir='ltr'><strong>ο</strong></span> <span class='ocrx_word' id='word_1_322' title='bbox 441 2933 533 2986; x_wconf 75' lang='grc' dir='ltr'>καὶ</span> <span class='ocrx_word' id='word_1_323' title='bbox 559 2933 620 2985; x_wconf 84' lang='grc' dir='ltr'>τὸ</span> <span class='ocrx_word' id='word_1_324' title='bbox 648 2933 854 3004; x_wconf 83' lang='grc' dir='ltr'>κτίσμα</span> <span class='ocrx_word' id='word_1_325' title='bbox 885 2934 984 2987; x_wconf 78' lang='grc' dir='ltr'>οὐκ</span> <span class='ocrx_word' id='word_1_326' title='bbox 1012 2934 1177 3000; x_wconf 81' lang='grc' dir='ltr'>ἐστιν,</span> <span class='ocrx_word' id='word_1_327' title='bbox 1207 2935 1236 2988; x_wconf 84' lang='grc' dir='ltr'><strong>ὃ</strong></span> <span class='ocrx_word' id='word_1_328' title='bbox 1271 2936 1346 3006; x_wconf 83' lang='grc' dir='ltr'>μὴ</span> <span class='ocrx_word' id='word_1_329' title='bbox 1375 2936 1563 3006; x_wconf 82' lang='grc' dir='ltr'>χρείαν</span> <span class='ocrx_word' id='word_1_330' title='bbox 1587 2935 1698 3006; x_wconf 78' lang='grc' dir='ltr'>ἔχει</span> <span class='ocrx_word' id='word_1_331' title='bbox 1725 2953 1830 3006; x_wconf 86' lang='grc' dir='ltr'>μα-</span> 
     </span>
    </p>
   </div>
   <div class='ocr_carea' id='block_1_47' title="bbox 260 3023 1826 3098">
    <p class='ocr_par' dir='ltr' id='par_1_47' title="bbox 260 3023 1826 3098">
     <span class='ocr_line' id='line_1_47' title="bbox 260 3023 1826 3098; baseline 0.004 -22"><span class='ocrx_word' id='word_1_332' title='bbox 260 3023 391 3077; x_wconf 86' lang='grc' dir='ltr'>θεῖν.</span> <span class='ocrx_word' id='word_1_333' title='bbox 431 3024 567 3077; x_wconf 82' lang='grc' dir='ltr'>Ἀλλ’</span> <span class='ocrx_word' id='word_1_334' title='bbox 600 3025 720 3078; x_wconf 81' lang='grc' dir='ltr'>οὑδέ</span> <span class='ocrx_word' id='word_1_335' title='bbox 753 3027 825 3080; x_wconf 80' lang='grc' dir='ltr'><strong>τά</strong></span> <span class='ocrx_word' id='word_1_336' title='bbox 865 3027 1125 3098; x_wconf 86' lang='grc' dir='ltr'>μέλλοντα</span> <span class='ocrx_word' id='word_1_337' title='bbox 1173 3029 1421 3097; x_wconf 78' lang='grc' dir='ltr'>γενέσθαι</span> <span class='ocrx_word' id='word_1_338' title='bbox 1449 3028 1826 3098; x_wconf 85' lang='grc' dir='ltr'>γινώσκουσιν,</span> 
     </span>
    </p>
   </div>
   <div class='ocr_carea' id='block_1_48' title="bbox 259 3118 1828 3194">
    <p class='ocr_par' dir='ltr' id='par_1_48' title="bbox 259 3118 1828 3194">
     <span class='ocr_line' id='line_1_48' title="bbox 259 3118 1828 3194; baseline 0.003 -25"><span class='ocrx_word' id='word_1_339' title='bbox 259 3118 308 3169; x_wconf 88' lang='grc' dir='ltr'><strong>εἰ</strong></span> <span class='ocrx_word' id='word_1_340' title='bbox 341 3118 413 3188; x_wconf 86' lang='grc' dir='ltr'>μή</span> <span class='ocrx_word' id='word_1_341' title='bbox 447 3135 498 3170; x_wconf 92' lang='grc' dir='ltr'><strong>τι</strong></span> <span class='ocrx_word' id='word_1_342' title='bbox 526 3118 570 3171; x_wconf 88' lang='grc' dir='ltr'>δ’</span> <span class='ocrx_word' id='word_1_343' title='bbox 599 3118 664 3172; x_wconf 89' lang='grc' dir='ltr'>ἂν</span> <span class='ocrx_word' id='word_1_344' title='bbox 698 3119 804 3172; x_wconf 83' lang='grc' dir='ltr'><strong>ὑπὸ</strong></span> <span class='ocrx_word' id='word_1_345' title='bbox 848 3121 945 3191; x_wconf 85' lang='grc' dir='ltr'>τῆς</span> <span class='ocrx_word' id='word_1_346' title='bbox 973 3121 1131 3189; x_wconf 85' lang='grc' dir='ltr'>ἀγίας</span> <span class='ocrx_word' id='word_1_347' title='bbox 1163 3122 1258 3174; x_wconf 74' lang='grc' dir='ltr'>καὶ</span> <span class='ocrx_word' id='word_1_348' title='bbox 1287 3123 1488 3194; x_wconf 86' lang='grc' dir='ltr'>σεπτῆς</span> <span class='ocrx_word' id='word_1_349' title='bbox 1524 3123 1616 3176; x_wconf 73' lang='grc' dir='ltr'><strong>καὶ</strong></span> <span class='ocrx_word' id='word_1_350' title='bbox 1657 3139 1828 3193; x_wconf 86' lang='grc' dir='ltr'>προσ-</span> 
     </span>
    </p>
   </div>
   <div class='ocr_carea' id='block_1_49' title="bbox 260 3209 1824 3284">
    <p class='ocr_par' dir='ltr' id='par_1_49' title="bbox 260 3209 1824 3284">
     <span class='ocr_line' id='line_1_49' title="bbox 260 3209 1824 3284; baseline 0.003 -24"><span class='ocrx_word' id='word_1_351' title='bbox 260 3210 496 3278; x_wconf 85' lang='grc' dir='ltr'>κυνητῆς</span> <span class='ocrx_word' id='word_1_352' title='bbox 549 3209 776 3280; x_wconf 86' lang='grc' dir='ltr'>Τριάδος</span> <span class='ocrx_word' id='word_1_353' title='bbox 826 3211 1121 3281; x_wconf 87' lang='grc' dir='ltr'>μυηθῶσιν.</span> <span class='ocrx_word' id='word_1_354' title='bbox 1170 3213 1410 3284; x_wconf 83' lang='grc' dir='ltr'>Ἔμαθον</span> <span class='ocrx_word' id='word_1_355' title='bbox 1455 3210 1547 3267; x_wconf 80' lang='grc' dir='ltr'>οὖν</span> <span class='ocrx_word' id='word_1_356' title='bbox 1587 3215 1679 3267; x_wconf 73' lang='grc' dir='ltr'>καὶ</span> <span class='ocrx_word' id='word_1_357' title='bbox 1725 3215 1824 3266; x_wconf 82' lang='grc' dir='ltr'>ἐπ·</span> 
     </span>
    </p>
   </div>
   <div class='ocr_carea' id='block_1_50' title="bbox 259 3295 1828 3374">
    <p class='ocr_par' dir='ltr' id='par_1_50' title="bbox 259 3295 1828 3374">
     <span class='ocr_line' id='line_1_50' title="bbox 259 3295 1828 3374; baseline 0.004 -25"><span class='ocrx_word' id='word_1_358' title='bbox 259 3295 661 3368; x_wconf 74' lang='grc' dir='ltr'>εὸεόαιώθησαν</span> <span class='ocrx_word' id='word_1_359' title='bbox 691 3299 788 3370; x_wconf 83' lang='grc' dir='ltr'>τὴν</span> <span class='ocrx_word' id='word_1_360' title='bbox 805 3300 1096 3355; x_wconf 83' lang='grc' dir='ltr'>ἀνάστασιν</span> <span class='ocrx_word' id='word_1_361' title='bbox 1118 3301 1209 3354; x_wconf 83' lang='grc' dir='ltr'>τοῦ</span> <span class='ocrx_word' id='word_1_362' title='bbox 1239 3303 1427 3373; x_wconf 69' lang='grc' dir='ltr'>Ἀδὰμ,</span> <span class='ocrx_word' id='word_1_363' title='bbox 1455 3303 1828 3374; x_wconf 80' lang='grc' dir='ltr'>θεωρήσαντες</span> 
     </span>
    </p>
   </div>
   <div class='ocr_carea' id='block_1_51' title="bbox 257 3389 1828 3466">
    <p class='ocr_par' dir='ltr' id='par_1_51' title="bbox 257 3389 1828 3466">
     <span class='ocr_line' id='line_1_51' title="bbox 257 3389 1828 3466; baseline 0.006 -26"><span class='ocrx_word' id='word_1_364' title='bbox 257 3389 346 3444; x_wconf 86' lang='grc' dir='ltr'>τὸν</span> <span class='ocrx_word' id='word_1_365' title='bbox 385 3389 514 3442; x_wconf 76' lang='grc' dir='ltr'>Θεὸν</span> <span class='ocrx_word' id='word_1_366' title='bbox 547 3392 832 3461; x_wconf 83' lang='grc' dir='ltr'>ἐγείραντα</span> <span class='ocrx_word' id='word_1_367' title='bbox 875 3392 966 3446; x_wconf 84' lang='grc' dir='ltr'>τὸν</span> <span class='ocrx_word' id='word_1_368' title='bbox 1008 3395 1122 3447; x_wconf 83' lang='grc' dir='ltr'>υἱὸν</span> <span class='ocrx_word' id='word_1_369' title='bbox 1166 3395 1262 3465; x_wconf 81' lang='grc' dir='ltr'>τῆς</span> <span class='ocrx_word' id='word_1_370' title='bbox 1314 3398 1503 3466; x_wconf 76' lang='grc' dir='ltr'>χήρας.</span> <span class='ocrx_word' id='word_1_371' title='bbox 1548 3395 1635 3458; x_wconf 84' lang='grc' dir='ltr'>Ὠς</span> <span class='ocrx_word' id='word_1_372' title='bbox 1686 3396 1828 3466; x_wconf 80' lang='grc' dir='ltr'>χήρα</span> 
     </span>
    </p>
   </div>
   <div class='ocr_carea' id='block_1_52' title="bbox 258 3483 1888 3562">
    <p class='ocr_par' dir='ltr' id='par_1_52' title="bbox 258 3483 1888 3562">
     <span class='ocr_line' id='line_1_52' title="bbox 258 3483 1888 3562; baseline 0.004 -27"><span class='ocrx_word' id='word_1_373' title='bbox 258 3483 366 3553; x_wconf 78' lang='grc' dir='ltr'><strong>γάρ</strong></span> <span class='ocrx_word' id='word_1_374' title='bbox 395 3485 609 3553; x_wconf 86' lang='grc' dir='ltr'>ἐγένετο</span> <span class='ocrx_word' id='word_1_375' title='bbox 655 3488 687 3558; x_wconf 87' lang='grc' dir='ltr'><strong>ή</strong></span> <span class='ocrx_word' id='word_1_376' title='bbox 723 3486 827 3556; x_wconf 78' lang='grc' dir='ltr'>γῆ,</span> <span class='ocrx_word' id='word_1_377' title='bbox 857 3487 1216 3550; x_wconf 86' lang='grc' dir='ltr'>ἀποθανόντος</span> <span class='ocrx_word' id='word_1_378' title='bbox 1260 3488 1352 3541; x_wconf 77' lang='grc' dir='ltr'>τοῦ</span> <span class='ocrx_word' id='word_1_379' title='bbox 1405 3487 1827 3562; x_wconf 82' lang='grc' dir='ltr'>πρωτοπλάστου</span> <span class='ocrx_word' id='word_1_380' title='bbox 1883 3549 1888 3553; x_wconf 28' lang='grc' dir='ltr'>η</span> 
     </span>
    </p>
   </div>
   <div class='ocr_carea' id='block_1_53' title="bbox 257 3575 1828 3650">
    <p class='ocr_par' dir='ltr' id='par_1_53' title="bbox 257 3575 1828 3650">
     <span class='ocr_line' id='line_1_53' title="bbox 257 3575 1828 3650; baseline 0.003 -24"><span class='ocrx_word' id='word_1_381' title='bbox 257 3575 426 3644; x_wconf 73' lang='grc' dir='ltr'>αὐτῆς</span> <span class='ocrx_word' id='word_1_382' title='bbox 459 3576 596 3628; x_wconf 80' lang='grc' dir='ltr'>υἱοῦ.</span> <span class='ocrx_word' id='word_1_383' title='bbox 646 3577 865 3639; x_wconf 88' lang='grc' dir='ltr'>Ἰδόντες</span> <span class='ocrx_word' id='word_1_384' title='bbox 907 3577 962 3629; x_wconf 81' lang='grc' dir='ltr'>δὲ</span> <span class='ocrx_word' id='word_1_385' title='bbox 1005 3577 1166 3632; x_wconf 79' lang='grc' dir='ltr'>αὐτὸν</span> <span class='ocrx_word' id='word_1_386' title='bbox 1203 3579 1362 3632; x_wconf 87' lang='grc' dir='ltr'>πάλιν</span> <span class='ocrx_word' id='word_1_387' title='bbox 1408 3579 1694 3650; x_wconf 79' lang='grc' dir='ltr'>ἐγείραντα</span> <span class='ocrx_word' id='word_1_388' title='bbox 1732 3578 1828 3650; x_wconf 87' lang='grc' dir='ltr'>τὴν</span> 
     </span>
    </p>
   </div>
   <div class='ocr_carea' id='block_1_54' title="bbox 259 3665 1826 3742">
    <p class='ocr_par' dir='ltr' id='par_1_54' title="bbox 259 3665 1826 3742">
     <span class='ocr_line' id='line_1_54' title="bbox 259 3665 1826 3742; baseline 0.006 -26"><span class='ocrx_word' id='word_1_389' title='bbox 259 3665 529 3736; x_wconf 87' lang='grc' dir='ltr'>θυγατέρα</span> <span class='ocrx_word' id='word_1_390' title='bbox 569 3667 662 3720; x_wconf 76' lang='grc' dir='ltr'>τοῦ</span> <span class='ocrx_word' id='word_1_391' title='bbox 704 3669 1150 3739; x_wconf 81' lang='grc' dir='ltr'>ἀρχισυναγώγου</span> <span class='ocrx_word' id='word_1_392' title='bbox 1172 3713 1186 3735; x_wconf 97' lang='grc'><strong>,</strong></span> <span class='ocrx_word' id='word_1_393' title='bbox 1217 3671 1679 3742; x_wconf 75' lang='grc' dir='ltr'>κατεσοφεσθησαν</span> <span class='ocrx_word' id='word_1_394' title='bbox 1699 3712 1713 3736; x_wconf 97' lang='grc'><strong>,</strong></span> <span class='ocrx_word' id='word_1_395' title='bbox 1747 3673 1826 3726; x_wconf 81' lang='grc' dir='ltr'>ὅτι</span> 
     </span>
    </p>
   </div>
   <div class='ocr_carea' id='block_1_55' title="bbox 257 3755 1826 3838">
    <p class='ocr_par' dir='ltr' id='par_1_55' title="bbox 257 3755 1826 3838">
     <span class='ocr_line' id='line_1_55' title="bbox 257 3755 1826 3838; baseline 0.006 -31"><span class='ocrx_word' id='word_1_396' title='bbox 257 3758 351 3808; x_wconf 77' lang='grc' dir='ltr'>καὶ</span> <span class='ocrx_word' id='word_1_397' title='bbox 395 3759 493 3827; x_wconf 78' lang='grc' dir='ltr'>τὴν</span> <span class='ocrx_word' id='word_1_398' title='bbox 535 3755 678 3809; x_wconf 76' lang='grc' dir='ltr'>Εὕαν</span> <span class='ocrx_word' id='word_1_399' title='bbox 714 3758 850 3828; x_wconf 80' lang='grc' dir='ltr'>μετὰ</span> <span class='ocrx_word' id='word_1_400' title='bbox 879 3759 974 3811; x_wconf 80' lang='grc' dir='ltr'>τοῦ</span> <span class='ocrx_word' id='word_1_401' title='bbox 1013 3761 1182 3830; x_wconf 77' lang='grc' dir='ltr'>Ἀδὰμ</span> <span class='ocrx_word' id='word_1_402' title='bbox 1220 3763 1417 3832; x_wconf 81' lang='grc' dir='ltr'>ἐγερεῖ.</span> <span class='ocrx_word' id='word_1_403' title='bbox 1443 3827 1451 3838; x_wconf 40' lang='lat'><em>.</em></span> <span class='ocrx_word' id='word_1_404' title='bbox 1477 3763 1644 3816; x_wconf 90' lang='grc' dir='ltr'>Πάλιν</span> <span class='ocrx_word' id='word_1_405' title='bbox 1691 3764 1826 3816; x_wconf 87' lang='grc' dir='ltr'>ἀνα-</span> 
     </span>
    </p>
   </div>
   <div class='ocr_carea' id='block_1_56' title="bbox 260 3849 1828 3926">
    <p class='ocr_par' dir='ltr' id='par_1_56' title="bbox 260 3849 1828 3926">
     <span class='ocr_line' id='line_1_56' title="bbox 260 3849 1828 3926; baseline 0.005 -26"><span class='ocrx_word' id='word_1_406' title='bbox 260 3849 462 3919; x_wconf 83' lang='grc' dir='ltr'>στήσας</span> <span class='ocrx_word' id='word_1_407' title='bbox 493 3849 586 3902; x_wconf 79' lang='grc' dir='ltr'>τὸν</span> <span class='ocrx_word' id='word_1_408' title='bbox 627 3851 792 3904; x_wconf 86' lang='grc' dir='ltr'>παῖδα</span> <span class='ocrx_word' id='word_1_409' title='bbox 823 3851 917 3904; x_wconf 82' lang='grc' dir='ltr'><strong>τοῦ</strong></span> <span class='ocrx_word' id='word_1_410' title='bbox 951 3852 1245 3920; x_wconf 67' lang='grc' dir='ltr'>ἀλλοφύλου</span> <span class='ocrx_word' id='word_1_411' title='bbox 1279 3855 1694 3926; x_wconf 79' lang='grc' dir='ltr'>ἑκατοντάρχου,</span> <span class='ocrx_word' id='word_1_412' title='bbox 1725 3855 1828 3908; x_wconf 88' lang='grc' dir='ltr'>ἐδί-</span> 
     </span>
    </p>
   </div>
   <div class='ocr_carea' id='block_1_57' title="bbox 259 3939 1822 4018">
    <p class='ocr_par' dir='ltr' id='par_1_57' title="bbox 259 3939 1822 4018">
     <span class='ocr_line' id='line_1_57' title="bbox 259 3939 1822 4018; baseline 0.004 -26"><span class='ocrx_word' id='word_1_413' title='bbox 259 3939 385 4005; x_wconf 79' lang='grc' dir='ltr'>δαξε</span> <span class='ocrx_word' id='word_1_414' title='bbox 419 3941 511 3993; x_wconf 79' lang='grc' dir='ltr'>καὶ</span> <span class='ocrx_word' id='word_1_415' title='bbox 537 3940 688 4012; x_wconf 84' lang='grc' dir='ltr'>[εἰς]</span> <span class='ocrx_word' id='word_1_416' title='bbox 732 3943 908 4007; x_wconf 78' lang='grc' dir='ltr'>τοῦτο,</span> <span class='ocrx_word' id='word_1_417' title='bbox 950 3944 1029 3996; x_wconf 85' lang='grc' dir='ltr'><strong>ὃτι</strong></span> <span class='ocrx_word' id='word_1_418' title='bbox 1061 3945 1153 3997; x_wconf 80' lang='grc' dir='ltr'>καὶ</span> <span class='ocrx_word' id='word_1_419' title='bbox 1191 3944 1258 3996; x_wconf 73' lang='grc' dir='ltr'><strong>τά</strong></span> <span class='ocrx_word' id='word_1_420' title='bbox 1300 3944 1424 4010; x_wconf 81' lang='grc' dir='ltr'>ξένα</span> <span class='ocrx_word' id='word_1_421' title='bbox 1468 3946 1593 4015; x_wconf 84' lang='grc' dir='ltr'>ἔθνη</span> <span class='ocrx_word' id='word_1_422' title='bbox 1625 3949 1822 4018; x_wconf 86' lang='grc' dir='ltr'>ἐγερεῖ.</span> 
     </span>
    </p>
   </div>
   <div class='ocr_carea' id='block_1_58' title="bbox 269 4028 1825 4107">
    <p class='ocr_par' dir='ltr' id='par_1_58' title="bbox 269 4028 1825 4107">
     <span class='ocr_line' id='line_1_58' title="bbox 269 4028 1825 4107; baseline 0.006 -27"><span class='ocrx_word' id='word_1_423' title='bbox 269 4028 398 4082; x_wconf 82' lang='grc' dir='ltr'>Ἰδοὺ</span> <span class='ocrx_word' id='word_1_424' title='bbox 431 4033 578 4101; x_wconf 84' lang='grc' dir='ltr'>τρεῖς</span> <span class='ocrx_word' id='word_1_425' title='bbox 615 4030 867 4102; x_wconf 76' lang='grc' dir='ltr'>διαφοραὶ</span> <span class='ocrx_word' id='word_1_426' title='bbox 898 4032 1004 4085; x_wconf 89' lang='grc' dir='ltr'><strong>τῶν</strong></span> <span class='ocrx_word' id='word_1_427' title='bbox 1026 4034 1254 4105; x_wconf 87' lang='grc' dir='ltr'>νεκρῶν.</span> <span class='ocrx_word' id='word_1_428' title='bbox 1289 4036 1626 4107; x_wconf 84' lang='grc' dir='ltr'>Ἐγείραντος</span> <span class='ocrx_word' id='word_1_429' title='bbox 1649 4038 1704 4090; x_wconf 83' lang='grc' dir='ltr'><strong>δέ</strong></span> <span class='ocrx_word' id='word_1_430' title='bbox 1735 4037 1825 4090; x_wconf 84' lang='grc' dir='ltr'>τὸν</span> 
     </span>
    </p>
   </div>
   <div class='ocr_carea' id='block_1_59' title="bbox 255 4121 1825 4200">
    <p class='ocr_par' dir='ltr' id='par_1_59' title="bbox 255 4121 1825 4200">
     <span class='ocr_line' id='line_1_59' title="bbox 255 4121 1825 4200; baseline 0.007 -27"><span class='ocrx_word' id='word_1_431' title='bbox 255 4121 502 4194; x_wconf 78' lang='grc' dir='ltr'>Λάζαρον</span> <span class='ocrx_word' id='word_1_432' title='bbox 540 4123 630 4176; x_wconf 84' lang='grc' dir='ltr'>τὸν</span> <span class='ocrx_word' id='word_1_433' title='bbox 671 4128 988 4196; x_wconf 84' lang='grc' dir='ltr'>τεταρταῖον</span> <span class='ocrx_word' id='word_1_434' title='bbox 1035 4127 1258 4198; x_wconf 79' lang='grc' dir='ltr'>νεκρὸν,</span> <span class='ocrx_word' id='word_1_435' title='bbox 1285 4130 1376 4182; x_wconf 77' lang='grc' dir='ltr'>καὶ</span> <span class='ocrx_word' id='word_1_436' title='bbox 1412 4133 1724 4200; x_wconf 84' lang='grc' dir='ltr'>τεταρταῖον</span> <span class='ocrx_word' id='word_1_437' title='bbox 1762 4133 1825 4184; x_wconf 89' lang='grc' dir='ltr'><strong>ἐκ</strong></span> 
     </span>
    </p>
   </div>
   <div class='ocr_carea' id='block_1_60' title="bbox 253 4213 1827 4292">
    <p class='ocr_par' dir='ltr' id='par_1_60' title="bbox 253 4213 1827 4292">
     <span class='ocr_line' id='line_1_60' title="bbox 253 4213 1827 4292; baseline 0.008 -26"><span class='ocrx_word' id='word_1_438' title='bbox 253 4213 348 4266; x_wconf 82' lang='grc' dir='ltr'>τοῦ</span> <span class='ocrx_word' id='word_1_439' title='bbox 398 4216 683 4286; x_wconf 88' lang='grc' dir='ltr'>μνημείου,</span> <span class='ocrx_word' id='word_1_440' title='bbox 721 4217 810 4271; x_wconf 84' lang='grc' dir='ltr'>τὸν</span> <span class='ocrx_word' id='word_1_441' title='bbox 843 4217 947 4271; x_wconf 85' lang='grc' dir='ltr'><strong>ὑπὸ</strong></span> <span class='ocrx_word' id='word_1_442' title='bbox 976 4219 1254 4290; x_wconf 89' lang='grc' dir='ltr'>τεσσάρων</span> <span class='ocrx_word' id='word_1_443' title='bbox 1298 4221 1576 4292; x_wconf 90' lang='grc' dir='ltr'>στοιχείων</span> <span class='ocrx_word' id='word_1_444' title='bbox 1618 4239 1827 4278; x_wconf 89' lang='grc' dir='ltr'>συσπα-</span> 
     </span>
    </p>
   </div>
   <div class='ocr_carea' id='block_1_61' title="bbox 257 4308 1826 4380">
    <p class='ocr_par' dir='ltr' id='par_1_61' title="bbox 257 4308 1826 4380">
     <span class='ocr_line' id='line_1_61' title="bbox 257 4308 1826 4380; baseline 0.008 -21"><span class='ocrx_word' id='word_1_445' title='bbox 257 4308 482 4375; x_wconf 88' lang='grc' dir='ltr'>σθέντα,</span> <span class='ocrx_word' id='word_1_446' title='bbox 523 4309 614 4363; x_wconf 82' lang='grc' dir='ltr'>τὸν</span> <span class='ocrx_word' id='word_1_447' title='bbox 645 4311 943 4377; x_wconf 79' lang='grc' dir='ltr'>ὀζέσαντα,</span> <span class='ocrx_word' id='word_1_448' title='bbox 979 4313 1071 4366; x_wconf 85' lang='grc' dir='ltr'>τὸν</span> <span class='ocrx_word' id='word_1_449' title='bbox 1105 4313 1378 4380; x_wconf 87' lang='grc' dir='ltr'>σαπέντα,</span> <span class='ocrx_word' id='word_1_450' title='bbox 1413 4315 1504 4370; x_wconf 85' lang='grc' dir='ltr'>τὸν</span> <span class='ocrx_word' id='word_1_451' title='bbox 1543 4317 1649 4369; x_wconf 79' lang='grc' dir='ltr'><strong>ὑπὸ</strong></span> <span class='ocrx_word' id='word_1_452' title='bbox 1685 4334 1826 4371; x_wconf 85' lang='grc' dir='ltr'><strong>σκω⁹</strong></span> 
     </span>
    </p>
   </div>
   <div class='ocr_carea' id='block_1_62' title="bbox 253 4398 1824 4480">
    <p class='ocr_par' dir='ltr' id='par_1_62' title="bbox 253 4398 1824 4480">
     <span class='ocr_line' id='line_1_62' title="bbox 253 4398 1824 4480; baseline 0.008 -31"><span class='ocrx_word' id='word_1_453' title='bbox 253 4398 434 4466; x_wconf 75' lang='grc' dir='ltr'>λήκων</span> <span class='ocrx_word' id='word_1_454' title='bbox 467 4402 844 4474; x_wconf 83' lang='grc' dir='ltr'>κυριευθέντα,</span> <span class='ocrx_word' id='word_1_455' title='bbox 879 4405 1180 4477; x_wconf 82' lang='grc' dir='ltr'>ἐγνωρίσθη</span> <span class='ocrx_word' id='word_1_456' title='bbox 1210 4411 1330 4470; x_wconf 91' lang='grc' dir='ltr'>ταῖς</span> <span class='ocrx_word' id='word_1_457' title='bbox 1369 4409 1563 4480; x_wconf 83' lang='grc' dir='ltr'>ἀρχαῖς</span> <span class='ocrx_word' id='word_1_458' title='bbox 1592 4409 1684 4462; x_wconf 74' lang='grc' dir='ltr'>καὶ</span> <span class='ocrx_word' id='word_1_459' title='bbox 1706 4412 1824 4474; x_wconf 89' lang='grc' dir='ltr'>ταῖς</span> 
     </span>
    </p>
   </div>
   <div class='ocr_carea' id='block_1_63' title="bbox 252 4489 1823 4568">
    <p class='ocr_par' dir='ltr' id='par_1_63' title="bbox 252 4489 1823 4568">
     <span class='ocr_line' id='line_1_63' title="bbox 252 4489 1823 4568; baseline 0.008 -27"><span class='ocrx_word' id='word_1_460' title='bbox 252 4489 522 4557; x_wconf 79' lang='grc' dir='ltr'>ἐξουσίαις</span> <span class='ocrx_word' id='word_1_461' title='bbox 555 4498 676 4558; x_wconf 88' lang='grc' dir='ltr'>ταῖς</span> <span class='ocrx_word' id='word_1_462' title='bbox 725 4498 1068 4568; x_wconf 84' lang='grc' dir='ltr'>ἐπουρανίοις</span> <span class='ocrx_word' id='word_1_463' title='bbox 1090 4539 1104 4562; x_wconf 95' lang='grc'><strong>,</strong></span> <span class='ocrx_word' id='word_1_464' title='bbox 1141 4501 1233 4553; x_wconf 72' lang='grc' dir='ltr'>καὶ</span> <span class='ocrx_word' id='word_1_465' title='bbox 1265 4503 1376 4564; x_wconf 90' lang='grc' dir='ltr'>τοῖς</span> <span class='ocrx_word' id='word_1_466' title='bbox 1410 4502 1670 4568; x_wconf 86' lang='grc' dir='ltr'>ἐπιγείοις</span> <span class='ocrx_word' id='word_1_467' title='bbox 1696 4541 1712 4560; x_wconf 87' lang='grc'><strong>,</strong></span> <span class='ocrx_word' id='word_1_468' title='bbox 1744 4503 1823 4555; x_wconf 81' lang='grc' dir='ltr'>ὅτι</span> 
     </span>
    </p>
   </div>
   <div class='ocr_carea' id='block_1_64' title="bbox 1932 2007 3500 2080">
    <p class='ocr_par' dir='ltr' id='par_1_64' title="bbox 1932 2007 3500 2080">
     <span class='ocr_line' id='line_1_64' title="bbox 1932 2007 3500 2080; baseline 0.008 -22"><span class='ocrx_word' id='word_1_469' title='bbox 1932 2020 2096 2075; x_wconf 92' lang='lat' dir='ltr'><strong>quam</strong></span> <span class='ocrx_word' id='word_1_470' title='bbox 2141 2007 2415 2062; x_wconf 89' lang='lat' dir='ltr'><strong>nescirent</strong></span> <span class='ocrx_word' id='word_1_471' title='bbox 2459 2010 2778 2080; x_wconf 86' lang='lat' dir='ltr'><strong>sapientiam</strong></span> <span class='ocrx_word' id='word_1_472' title='bbox 2820 2009 3026 2066; x_wconf 73' lang='lat' dir='ltr'><strong>edocta:</strong></span> <span class='ocrx_word' id='word_1_473' title='bbox 3079 2021 3206 2068; x_wconf 90' lang='lat' dir='ltr'><strong>sunt</strong></span> <span class='ocrx_word' id='word_1_474' title='bbox 3247 2014 3500 2070; x_wconf 75' lang='lat' dir='ltr'><strong>ccelestcs</strong></span> 
     </span>
    </p>
   </div>
   <div class='ocr_carea' id='block_1_65' title="bbox 1931 2099 3498 2169">
    <p class='ocr_par' dir='ltr' id='par_1_65' title="bbox 1931 2099 3498 2169">
     <span class='ocr_line' id='line_1_65' title="bbox 1931 2099 3498 2169; baseline 0.005 -17"><span class='ocrx_word' id='word_1_475' title='bbox 1931 2099 2159 2153; x_wconf 86' lang='lat' dir='ltr'><strong>virtutes</strong></span> <span class='ocrx_word' id='word_1_476' title='bbox 2189 2114 2285 2169; x_wconf 89' lang='lat' dir='ltr'><strong>per</strong></span> <span class='ocrx_word' id='word_1_477' title='bbox 2320 2099 2554 2155; x_wconf 89' lang='lat' dir='ltr'><strong>ﬁdelium</strong></span> <span class='ocrx_word' id='word_1_478' title='bbox 2583 2101 2883 2157; x_wconf 85' lang='lat' dir='ltr'><strong>Ecclesiam</strong></span> <span class='ocrx_word' id='word_1_479' title='bbox 2915 2103 2979 2169; x_wconf 76' lang='grc'><strong>⁸⁸,</strong></span> <span class='ocrx_word' id='word_1_480' title='bbox 3011 2105 3080 2159; x_wconf 89' lang='lat' dir='ltr'><strong>ab</strong></span> <span class='ocrx_word' id='word_1_481' title='bbox 3120 2105 3498 2160; x_wconf 89' lang='lat' dir='ltr'><strong>universorum</strong></span> 
     </span>
    </p>
   </div>
   <div class='ocr_carea' id='block_1_66' title="bbox 1938 2189 3497 2262">
    <p class='ocr_par' dir='ltr' id='par_1_66' title="bbox 1938 2189 3497 2262">
     <span class='ocr_line' id='line_1_66' title="bbox 1938 2189 3497 2262; baseline 0.004 -17"><span class='ocrx_word' id='word_1_482' title='bbox 1938 2200 2186 2245; x_wconf 82' lang='lat' dir='ltr'><strong>creatore</strong></span> <span class='ocrx_word' id='word_1_483' title='bbox 2219 2189 2348 2258; x_wconf 89' lang='lat' dir='ltr'><strong>Deo,</strong></span> <span class='ocrx_word' id='word_1_484' title='bbox 2384 2192 2438 2245; x_wconf 90' lang='lat' dir='ltr'><strong>in</strong></span> <span class='ocrx_word' id='word_1_485' title='bbox 2470 2207 2578 2262; x_wconf 90' lang='lat' dir='ltr'><strong>quo</strong></span> <span class='ocrx_word' id='word_1_486' title='bbox 2602 2201 2728 2250; x_wconf 85' lang='lat' dir='ltr'><strong>ante</strong></span> <span class='ocrx_word' id='word_1_487' title='bbox 2756 2195 2953 2250; x_wconf 64' lang='lat' dir='ltr'><strong>saecula</strong></span> <span class='ocrx_word' id='word_1_488' title='bbox 2980 2196 3299 2252; x_wconf 89' lang='lat' dir='ltr'><strong>abscondita</strong></span> <span class='ocrx_word' id='word_1_489' title='bbox 3333 2207 3497 2262; x_wconf 87' lang='lat' dir='ltr'><strong>esset,</strong></span> 
     </span>
    </p>
   </div>
   <div class='ocr_carea' id='block_1_67' title="bbox 1935 2285 3496 2359">
    <p class='ocr_par' dir='ltr' id='par_1_67' title="bbox 1935 2285 3496 2359">
     <span class='ocr_line' id='line_1_67' title="bbox 1935 2285 3496 2359; baseline 0.004 -21"><span class='ocrx_word' id='word_1_490' title='bbox 1935 2300 2132 2338; x_wconf 90' lang='lat' dir='ltr'><strong>novum</strong></span> <span class='ocrx_word' id='word_1_491' title='bbox 2185 2285 2529 2354; x_wconf 87' lang='lat' dir='ltr'><strong>elucentem;</strong></span> <span class='ocrx_word' id='word_1_492' title='bbox 2575 2302 2693 2342; x_wconf 92' lang='lat' dir='ltr'><strong>eam</strong></span> <span class='ocrx_word' id='word_1_493' title='bbox 2745 2287 3004 2341; x_wconf 89' lang='lat' dir='ltr'><strong>nimirum</strong></span> <span class='ocrx_word' id='word_1_494' title='bbox 3034 2305 3154 2359; x_wconf 68' lang='lat' dir='ltr'><strong>qua:</strong></span> <span class='ocrx_word' id='word_1_495' title='bbox 3193 2290 3251 2344; x_wconf 89' lang='lat' dir='ltr'><strong>in</strong></span> <span class='ocrx_word' id='word_1_496' title='bbox 3286 2289 3496 2345; x_wconf 89' lang='lat' dir='ltr'><strong>Domini</strong></span> 
     </span>
    </p>
   </div>
   <div class='ocr_carea' id='block_1_68' title="bbox 1929 2374 3494 2453">
    <p class='ocr_par' dir='ltr' id='par_1_68' title="bbox 1929 2374 3494 2453">
     <span class='ocr_line' id='line_1_68' title="bbox 1929 2374 3494 2453; baseline 0.005 -23"><span class='ocrx_word' id='word_1_497' title='bbox 1929 2374 2060 2432; x_wconf 80' lang='lat' dir='ltr'><strong>Jesu</strong></span> <span class='ocrx_word' id='word_1_498' title='bbox 2087 2378 2352 2434; x_wconf 89' lang='lat' dir='ltr'><strong>doctrinis</strong></span> <span class='ocrx_word' id='word_1_499' title='bbox 2376 2395 2439 2433; x_wconf 90' lang='lat' dir='ltr'><strong>ac</strong></span> <span class='ocrx_word' id='word_1_500' title='bbox 2471 2381 2928 2450; x_wconf 88' lang='lat' dir='ltr'><strong>promissionibus</strong></span> <span class='ocrx_word' id='word_1_501' title='bbox 2953 2382 3342 2453; x_wconf 87' lang='lat' dir='ltr'><strong>miraculisque</strong></span> <span class='ocrx_word' id='word_1_502' title='bbox 3367 2398 3494 2438; x_wconf 80' lang='lat' dir='ltr'><strong>con-</strong></span> 
     </span>
    </p>
   </div>
   <div class='ocr_carea' id='block_1_69' title="bbox 1935 2469 3497 2547">
    <p class='ocr_par' dir='ltr' id='par_1_69' title="bbox 1935 2469 3497 2547">
     <span class='ocr_line' id='line_1_69' title="bbox 1935 2469 3497 2547; baseline 0.004 -23"><span class='ocrx_word' id='word_1_503' title='bbox 1935 2469 2100 2532; x_wconf 86' lang='lat' dir='ltr'><strong>sistit,</strong></span> <span class='ocrx_word' id='word_1_504' title='bbox 2140 2471 2598 2541; x_wconf 84' lang='lat' dir='ltr'><strong>quemadmodum</strong></span> <span class='ocrx_word' id='word_1_505' title='bbox 2647 2473 2982 2531; x_wconf 90' lang='lat' dir='ltr'><strong>admirabilis</strong></span> <span class='ocrx_word' id='word_1_506' title='bbox 3021 2474 3224 2532; x_wconf 88' lang='lat' dir='ltr'><strong>Paulus</strong></span> <span class='ocrx_word' id='word_1_507' title='bbox 3261 2476 3497 2547; x_wconf 88' lang='lat' dir='ltr'><strong>quodam</strong></span> 
     </span>
    </p>
   </div>
   <div class='ocr_carea' id='block_1_70' title="bbox 1934 2561 3497 2640">
    <p class='ocr_par' dir='ltr' id='par_1_70' title="bbox 1934 2561 3497 2640">
     <span class='ocr_line' id='line_1_70' title="bbox 1934 2561 3497 2640; baseline 0.007 -26"><span class='ocrx_word' id='word_1_508' title='bbox 1934 2562 2056 2617; x_wconf 91' lang='lat' dir='ltr'><strong>loco</strong></span> <span class='ocrx_word' id='word_1_509' title='bbox 2088 2561 2227 2617; x_wconf 84' lang='lat' dir='ltr'><strong>dicit</strong></span> <span class='ocrx_word' id='word_1_510' title='bbox 2251 2583 2263 2618; x_wconf 93' lang='lat'>:</span> <span class='ocrx_word' id='word_1_511' title='bbox 2302 2562 2370 2617; x_wconf 92' lang='lat' dir='ltr'><strong>Ut</strong></span> <span class='ocrx_word' id='word_1_512' title='bbox 2399 2565 2688 2619; x_wconf 81' lang='lat' dir='ltr'><strong>innotescat</strong></span> <span class='ocrx_word' id='word_1_513' title='bbox 2719 2582 2854 2620; x_wconf 81' lang='lat' dir='ltr'><strong>nunc</strong></span> <span class='ocrx_word' id='word_1_514' title='bbox 2881 2567 3258 2636; x_wconf 80' lang='lat' dir='ltr'><strong>principatibus</strong></span> <span class='ocrx_word' id='word_1_515' title='bbox 3284 2579 3332 2622; x_wconf 89' lang='lat' dir='ltr'><strong>et</strong></span> <span class='ocrx_word' id='word_1_516' title='bbox 3353 2579 3497 2640; x_wconf 78' lang='lat' dir='ltr'><strong>palc-</strong></span> 
     </span>
    </p>
   </div>
   <div class='ocr_carea' id='block_1_71' title="bbox 1931 2655 3495 2729">
    <p class='ocr_par' dir='ltr' id='par_1_71' title="bbox 1931 2655 3495 2729">
     <span class='ocr_line' id='line_1_71' title="bbox 1931 2655 3495 2729; baseline 0.005 -21"><span class='ocrx_word' id='word_1_517' title='bbox 1931 2655 2159 2709; x_wconf 76' lang='lat' dir='ltr'><strong>statibus</strong></span> <span class='ocrx_word' id='word_1_518' title='bbox 2183 2671 2274 2725; x_wconf 87' lang='lat' dir='ltr'><strong>per</strong></span> <span class='ocrx_word' id='word_1_519' title='bbox 2301 2655 2614 2722; x_wconf 80' lang='lat' dir='ltr'><strong>Ecclesium,</strong></span> <span class='ocrx_word' id='word_1_520' title='bbox 2649 2658 2991 2728; x_wconf 79' lang='lat' dir='ltr'><strong>multiformis</strong></span> <span class='ocrx_word' id='word_1_521' title='bbox 3019 2663 3278 2729; x_wconf 84' lang='lat' dir='ltr'><strong>sapientia</strong></span> <span class='ocrx_word' id='word_1_522' title='bbox 3307 2661 3403 2716; x_wconf 87' lang='lat' dir='ltr'><strong>Dei</strong></span> <span class='ocrx_word' id='word_1_523' title='bbox 3432 2661 3495 2717; x_wconf 83' lang='lat'><strong>&quot;&#39;.</strong></span> 
     </span>
    </p>
   </div>
   <div class='ocr_carea' id='block_1_72' title="bbox 1931 2743 3496 2822">
    <p class='ocr_par' dir='ltr' id='par_1_72' title="bbox 1931 2743 3496 2822">
     <span class='ocr_line' id='line_1_72' title="bbox 1931 2743 3496 2822; baseline 0.007 -24"><span class='ocrx_word' id='word_1_524' title='bbox 1931 2743 2206 2802; x_wconf 91' lang='lat' dir='ltr'><strong>Docentur</strong></span> <span class='ocrx_word' id='word_1_525' title='bbox 2236 2748 2381 2802; x_wconf 90' lang='lat' dir='ltr'><strong>enim</strong></span> <span class='ocrx_word' id='word_1_526' title='bbox 2431 2763 2678 2818; x_wconf 74' lang='lat' dir='ltr'><strong>supernae</strong></span> <span class='ocrx_word' id='word_1_527' title='bbox 2707 2748 2935 2804; x_wconf 84' lang='lat' dir='ltr'><strong>virtutes</strong></span> <span class='ocrx_word' id='word_1_528' title='bbox 2979 2751 3208 2806; x_wconf 90' lang='lat' dir='ltr'><strong>necdum</strong></span> <span class='ocrx_word' id='word_1_529' title='bbox 3250 2751 3320 2807; x_wconf 90' lang='lat' dir='ltr'><strong>ab</strong></span> <span class='ocrx_word' id='word_1_530' title='bbox 3364 2752 3496 2822; x_wconf 84' lang='lat' dir='ltr'><strong>ipsis</strong></span> 
     </span>
    </p>
   </div>
   <div class='ocr_carea' id='block_1_73' title="bbox 1929 2839 3494 2904">
    <p class='ocr_par' dir='ltr' id='par_1_73' title="bbox 1929 2839 3494 2904">
     <span class='ocr_line' id='line_1_73' title="bbox 1929 2839 3494 2904; baseline 0.003 -10"><span class='ocrx_word' id='word_1_531' title='bbox 1929 2839 2047 2895; x_wconf 89' lang='lat' dir='ltr'><strong>visa</strong></span> <span class='ocrx_word' id='word_1_532' title='bbox 2086 2840 2356 2895; x_wconf 89' lang='lat' dir='ltr'><strong>anditave.</strong></span> <span class='ocrx_word' id='word_1_533' title='bbox 2406 2839 2617 2896; x_wconf 87' lang='lat' dir='ltr'><strong>Etenim</strong></span> <span class='ocrx_word' id='word_1_534' title='bbox 2662 2851 2789 2898; x_wconf 92' lang='lat' dir='ltr'><strong>sunt</strong></span> <span class='ocrx_word' id='word_1_535' title='bbox 2815 2850 3077 2898; x_wconf 71' lang='lat' dir='ltr'><strong>creatura:</strong></span> <span class='ocrx_word' id='word_1_536' title='bbox 3106 2863 3121 2904; x_wconf 86' lang='lat'><strong>;</strong></span> <span class='ocrx_word' id='word_1_537' title='bbox 3155 2860 3256 2899; x_wconf 83' lang='lat' dir='ltr'><strong>nec</strong></span> <span class='ocrx_word' id='word_1_538' title='bbox 3287 2844 3396 2899; x_wconf 89' lang='lat' dir='ltr'><strong>ulla</strong></span> <span class='ocrx_word' id='word_1_539' title='bbox 3429 2845 3494 2901; x_wconf 84' lang='lat' dir='ltr'><strong>sit</strong></span> 
     </span>
    </p>
   </div>
   <div class='ocr_carea' id='block_1_74' title="bbox 1930 2933 3495 3007">
    <p class='ocr_par' dir='ltr' id='par_1_74' title="bbox 1930 2933 3495 3007">
     <span class='ocr_line' id='line_1_74' title="bbox 1930 2933 3495 3007; baseline 0.006 -23"><span class='ocrx_word' id='word_1_540' title='bbox 1930 2942 2204 2998; x_wconf 90' lang='lat' dir='ltr'><strong>creatura,</strong></span> <span class='ocrx_word' id='word_1_541' title='bbox 2238 2933 2326 2986; x_wconf 92' lang='lat' dir='ltr'><strong>cui</strong></span> <span class='ocrx_word' id='word_1_542' title='bbox 2351 2948 2461 2987; x_wconf 83' lang='lat' dir='ltr'><strong>non</strong></span> <span class='ocrx_word' id='word_1_543' title='bbox 2491 2933 2740 2989; x_wconf 88' lang='lat' dir='ltr'><strong>doctrina</strong></span> <span class='ocrx_word' id='word_1_544' title='bbox 2771 2934 3078 2991; x_wconf 90' lang='lat' dir='ltr'><strong>necessaria</strong></span> <span class='ocrx_word' id='word_1_545' title='bbox 3108 2936 3198 2991; x_wconf 89' lang='lat' dir='ltr'><strong>sit.</strong></span> <span class='ocrx_word' id='word_1_546' title='bbox 3221 2935 3290 2989; x_wconf 84' lang='lat' dir='ltr'><strong>At</strong></span> <span class='ocrx_word' id='word_1_547' title='bbox 3323 2952 3495 3007; x_wconf 87' lang='lat' dir='ltr'><strong>neque</strong></span> 
     </span>
    </p>
   </div>
   <div class='ocr_carea' id='block_1_75' title="bbox 1933 3021 3495 3096">
    <p class='ocr_par' dir='ltr' id='par_1_75' title="bbox 1933 3021 3495 3096">
     <span class='ocr_line' id='line_1_75' title="bbox 1933 3021 3495 3096; baseline 0.004 -20"><span class='ocrx_word' id='word_1_548' title='bbox 1933 3031 2205 3078; x_wconf 82' lang='lat' dir='ltr'><strong>noverunt</strong></span> <span class='ocrx_word' id='word_1_549' title='bbox 2252 3021 2455 3088; x_wconf 75' lang='lat' dir='ltr'><strong>l&#39;utu&#39;ra,</strong></span> <span class='ocrx_word' id='word_1_550' title='bbox 2535 3026 2639 3081; x_wconf 86' lang='lat' dir='ltr'><strong>nisi</strong></span> <span class='ocrx_word' id='word_1_551' title='bbox 2689 3025 2820 3096; x_wconf 88' lang='lat' dir='ltr'><strong>quid</strong></span> <span class='ocrx_word' id='word_1_552' title='bbox 2869 3034 3056 3082; x_wconf 89' lang='lat' dir='ltr'><strong>sancta</strong></span> <span class='ocrx_word' id='word_1_553' title='bbox 3109 3041 3171 3080; x_wconf 91' lang='lat' dir='ltr'><strong>ac</strong></span> <span class='ocrx_word' id='word_1_554' title='bbox 3221 3027 3495 3083; x_wconf 89' lang='lat' dir='ltr'><strong>adoranda</strong></span> 
     </span>
    </p>
   </div>
   <div class='ocr_carea' id='block_1_76' title="bbox 1933 3115 3492 3192">
    <p class='ocr_par' dir='ltr' id='par_1_76' title="bbox 1933 3115 3492 3192">
     <span class='ocr_line' id='line_1_76' title="bbox 1933 3115 3492 3192; baseline 0.004 -22"><span class='ocrx_word' id='word_1_555' title='bbox 1933 3115 2202 3172; x_wconf 89' lang='lat' dir='ltr'><strong>Trinitate</strong></span> <span class='ocrx_word' id='word_1_556' title='bbox 2234 3116 2462 3172; x_wconf 86' lang='lat' dir='ltr'><strong>docente</strong></span> <span class='ocrx_word' id='word_1_557' title='bbox 2488 3119 2818 3188; x_wconf 88' lang='lat' dir='ltr'><strong>acceperint.</strong></span> <span class='ocrx_word' id='word_1_558' title='bbox 2846 3117 3158 3174; x_wconf 87' lang='lat' dir='ltr'><strong>Didicerunt</strong></span> <span class='ocrx_word' id='word_1_559' title='bbox 3187 3135 3335 3192; x_wconf 82' lang='lat' dir='ltr'><strong>ergo,</strong></span> <span class='ocrx_word' id='word_1_560' title='bbox 3378 3135 3492 3176; x_wconf 89' lang='lat' dir='ltr'><strong>cer-</strong></span> 
     </span>
    </p>
   </div>
   <div class='ocr_carea' id='block_1_77' title="bbox 1932 3209 3494 3278">
    <p class='ocr_par' dir='ltr' id='par_1_77' title="bbox 1932 3209 3494 3278">
     <span class='ocr_line' id='line_1_77' title="bbox 1932 3209 3494 3278; baseline 0.003 -17"><span class='ocrx_word' id='word_1_561' title='bbox 1932 3217 2152 3277; x_wconf 89' lang='lat' dir='ltr'><strong>tumque</strong></span> <span class='ocrx_word' id='word_1_562' title='bbox 2189 3217 2566 3278; x_wconf 85' lang='lat' dir='ltr'><strong>argumentum</strong></span> <span class='ocrx_word' id='word_1_563' title='bbox 2611 3209 2804 3262; x_wconf 63' lang='lat' dir='ltr'><strong>futura:</strong></span> <span class='ocrx_word' id='word_1_564' title='bbox 2847 3211 3267 3266; x_wconf 88' lang='lat' dir='ltr'><strong>resurrectionis</strong></span> <span class='ocrx_word' id='word_1_565' title='bbox 3305 3209 3494 3266; x_wconf 84' lang='lat' dir='ltr'><strong>Adami</strong></span> 
     </span>
    </p>
   </div>
   <div class='ocr_carea' id='block_1_78' title="bbox 1931 3301 3492 3370">
    <p class='ocr_par' dir='ltr' id='par_1_78' title="bbox 1931 3301 3492 3370">
     <span class='ocr_line' id='line_1_78' title="bbox 1931 3301 3492 3370; baseline 0.002 -17"><span class='ocrx_word' id='word_1_566' title='bbox 1931 3309 2293 3370; x_wconf 89' lang='lat' dir='ltr'><strong>acceperunt,</strong></span> <span class='ocrx_word' id='word_1_567' title='bbox 2352 3301 2592 3356; x_wconf 87' lang='lat' dir='ltr'><strong>videntes</strong></span> <span class='ocrx_word' id='word_1_568' title='bbox 2635 3302 2802 3356; x_wconf 90' lang='lat' dir='ltr'><strong>ﬁlium</strong></span> <span class='ocrx_word' id='word_1_569' title='bbox 2842 3301 3016 3356; x_wconf 71' lang='lat' dir='ltr'><strong>vidua:</strong></span> <span class='ocrx_word' id='word_1_570' title='bbox 3049 3317 3078 3354; x_wconf 92' lang='lat' dir='ltr'><strong>a</strong></span> <span class='ocrx_word' id='word_1_571' title='bbox 3123 3302 3230 3356; x_wconf 86' lang='lat' dir='ltr'><strong>Deo</strong></span> <span class='ocrx_word' id='word_1_572' title='bbox 3263 3304 3492 3358; x_wconf 74' lang='lat' dir='ltr'><strong>suscita-</strong></span> 
     </span>
    </p>
   </div>
   <div class='ocr_carea' id='block_1_79' title="bbox 1931 3389 3496 3463">
    <p class='ocr_par' dir='ltr' id='par_1_79' title="bbox 1931 3389 3496 3463">
     <span class='ocr_line' id='line_1_79' title="bbox 1931 3389 3496 3463; baseline 0.003 -18"><span class='ocrx_word' id='word_1_573' title='bbox 1931 3400 2043 3445; x_wconf 91' lang='lat' dir='ltr'><strong>tum</strong></span> <span class='ocrx_word' id='word_1_574' title='bbox 2094 3391 2158 3446; x_wconf 81' lang='lat'><strong>&#39;°.</strong></span> <span class='ocrx_word' id='word_1_575' title='bbox 2217 3389 2561 3463; x_wconf 83' lang='lat' dir='ltr'><strong>Protoplasto</strong></span> <span class='ocrx_word' id='word_1_576' title='bbox 2608 3395 2751 3446; x_wconf 90' lang='lat' dir='ltr'><strong>enim</strong></span> <span class='ocrx_word' id='word_1_577' title='bbox 2800 3401 2957 3447; x_wconf 69' lang='lat' dir='ltr'><strong>terrae</strong></span> <span class='ocrx_word' id='word_1_578' title='bbox 3005 3394 3114 3448; x_wconf 89' lang='lat' dir='ltr'><strong>ﬁlio</strong></span> <span class='ocrx_word' id='word_1_579' title='bbox 3155 3403 3391 3458; x_wconf 87' lang='lat' dir='ltr'><strong>mortuo,</strong></span> <span class='ocrx_word' id='word_1_580' title='bbox 3433 3409 3496 3449; x_wconf 85' lang='lat' dir='ltr'><strong>ea</strong></span> 
     </span>
    </p>
   </div>
   <div class='ocr_carea' id='block_1_80' title="bbox 1930 3483 3496 3552">
    <p class='ocr_par' dir='ltr' id='par_1_80' title="bbox 1930 3483 3496 3552">
     <span class='ocr_line' id='line_1_80' title="bbox 1930 3483 3496 3552; baseline 0.002 -16"><span class='ocrx_word' id='word_1_581' title='bbox 1930 3490 2184 3552; x_wconf 89' lang='lat' dir='ltr'><strong>tanquam</strong></span> <span class='ocrx_word' id='word_1_582' title='bbox 2216 3483 2378 3538; x_wconf 81' lang='lat' dir='ltr'><strong>vidua</strong></span> <span class='ocrx_word' id='word_1_583' title='bbox 2411 3483 2596 3539; x_wconf 81' lang='lat' dir='ltr'><strong>cﬁ‘ecta</strong></span> <span class='ocrx_word' id='word_1_584' title='bbox 2643 3491 2747 3540; x_wconf 89' lang='lat' dir='ltr'><strong>est.</strong></span> <span class='ocrx_word' id='word_1_585' title='bbox 2790 3483 3002 3542; x_wconf 78' lang='lat' dir='ltr'><strong>Rursus</strong></span> <span class='ocrx_word' id='word_1_586' title='bbox 3039 3493 3217 3539; x_wconf 86' lang='lat' dir='ltr'><strong>autem</strong></span> <span class='ocrx_word' id='word_1_587' title='bbox 3253 3486 3496 3540; x_wconf 84' lang='lat' dir='ltr'><strong>videntes</strong></span> 
     </span>
    </p>
   </div>
   <div class='ocr_carea' id='block_1_81' title="bbox 1929 3573 3496 3649">
    <p class='ocr_par' dir='ltr' id='par_1_81' title="bbox 1929 3573 3496 3649">
     <span class='ocr_line' id='line_1_81' title="bbox 1929 3573 3496 3649; baseline 0.002 -20"><span class='ocrx_word' id='word_1_588' title='bbox 1929 3573 2244 3629; x_wconf 89' lang='lat' dir='ltr'><strong>suscitatam</strong></span> <span class='ocrx_word' id='word_1_589' title='bbox 2287 3575 2698 3649; x_wconf 71' lang='lat' dir='ltr'><strong>archisynagogi</strong></span> <span class='ocrx_word' id='word_1_590' title='bbox 2731 3575 2891 3630; x_wconf 90' lang='lat' dir='ltr'><strong>ﬁliam</strong></span> <span class='ocrx_word' id='word_1_591' title='bbox 2927 3577 2995 3642; x_wconf 84' lang='grc'><strong>²¹,</strong></span> <span class='ocrx_word' id='word_1_592' title='bbox 3031 3576 3306 3647; x_wconf 87' lang='lat' dir='ltr'><strong>sapienter</strong></span> <span class='ocrx_word' id='word_1_593' title='bbox 3338 3578 3496 3632; x_wconf 83' lang='lat' dir='ltr'><strong>intel-</strong></span> 
     </span>
    </p>
   </div>
   <div class='ocr_carea' id='block_1_82' title="bbox 1929 3667 3494 3737">
    <p class='ocr_par' dir='ltr' id='par_1_82' title="bbox 1929 3667 3494 3737">
     <span class='ocr_line' id='line_1_82' title="bbox 1929 3667 3494 3737; baseline 0.003 -18"><span class='ocrx_word' id='word_1_594' title='bbox 1929 3667 2176 3722; x_wconf 84' lang='lat' dir='ltr'><strong>Iexernnt</strong></span> <span class='ocrx_word' id='word_1_595' title='bbox 2224 3668 2388 3722; x_wconf 82' lang='lat' dir='ltr'><strong>Evam</strong></span> <span class='ocrx_word' id='word_1_596' title='bbox 2426 3683 2642 3737; x_wconf 92' lang='lat' dir='ltr'><strong>quoque</strong></span> <span class='ocrx_word' id='word_1_597' title='bbox 2685 3684 2810 3722; x_wconf 90' lang='lat' dir='ltr'><strong>cum</strong></span> <span class='ocrx_word' id='word_1_598' title='bbox 2851 3668 3058 3724; x_wconf 85' lang='lat' dir='ltr'><strong>Adamo</strong></span> <span class='ocrx_word' id='word_1_599' title='bbox 3098 3668 3494 3724; x_wconf 88' lang='lat' dir='ltr'><strong>suscitandam.</strong></span> 
     </span>
    </p>
   </div>
   <div class='ocr_carea' id='block_1_83' title="bbox 1928 3758 3474 3832">
    <p class='ocr_par' dir='ltr' id='par_1_83' title="bbox 1928 3758 3474 3832">
     <span class='ocr_line' id='line_1_83' title="bbox 1928 3758 3474 3832; baseline 0.002 -20"><span class='ocrx_word' id='word_1_600' title='bbox 1928 3758 2062 3812; x_wconf 89' lang='lat' dir='ltr'><strong>Tum</strong></span> <span class='ocrx_word' id='word_1_601' title='bbox 2087 3775 2213 3814; x_wconf 85' lang='lat' dir='ltr'><strong>vero</strong></span> <span class='ocrx_word' id='word_1_602' title='bbox 2243 3760 2502 3815; x_wconf 86' lang='lat' dir='ltr'><strong>suscitato</strong></span> <span class='ocrx_word' id='word_1_603' title='bbox 2537 3775 2704 3829; x_wconf 90' lang='lat' dir='ltr'><strong>puero</strong></span> <span class='ocrx_word' id='word_1_604' title='bbox 2727 3761 3061 3816; x_wconf 90' lang='lat' dir='ltr'><strong>centurionis</strong></span> <span class='ocrx_word' id='word_1_605' title='bbox 3095 3760 3474 3832; x_wconf 64' lang='lat' dir='ltr'><strong>alienigenae&quot;</strong></span> 
     </span>
    </p>
   </div>
   <div class='ocr_carea' id='block_1_84' title="bbox 1930 3851 3495 3925">
    <p class='ocr_par' dir='ltr' id='par_1_84' title="bbox 1930 3851 3495 3925">
     <span class='ocr_line' id='line_1_84' title="bbox 1930 3851 3495 3925; baseline 0.004 -22"><span class='ocrx_word' id='word_1_606' title='bbox 1930 3851 2032 3905; x_wconf 91' lang='lat' dir='ltr'><strong>hoc</strong></span> <span class='ocrx_word' id='word_1_607' title='bbox 2061 3852 2278 3907; x_wconf 83' lang='lat' dir='ltr'><strong>abunde</strong></span> <span class='ocrx_word' id='word_1_608' title='bbox 2311 3851 2453 3908; x_wconf 87' lang='lat' dir='ltr'><strong>Deus</strong></span> <span class='ocrx_word' id='word_1_609' title='bbox 2483 3853 2694 3916; x_wconf 88' lang='lat' dir='ltr'><strong>docuit,</strong></span> <span class='ocrx_word' id='word_1_610' title='bbox 2731 3856 2845 3909; x_wconf 78' lang='lat' dir='ltr'><strong>fore</strong></span> <span class='ocrx_word' id='word_1_611' title='bbox 2878 3861 2936 3909; x_wconf 91' lang='lat' dir='ltr'><strong>ut</strong></span> <span class='ocrx_word' id='word_1_612' title='bbox 2979 3861 3236 3911; x_wconf 81' lang='lat' dir='ltr'><strong>externas</strong></span> <span class='ocrx_word' id='word_1_613' title='bbox 3279 3870 3495 3925; x_wconf 88' lang='lat' dir='ltr'><strong>quoque</strong></span> 
     </span>
    </p>
   </div>
   <div class='ocr_carea' id='block_1_85' title="bbox 1928 3943 3482 4014">
    <p class='ocr_par' dir='ltr' id='par_1_85' title="bbox 1928 3943 3482 4014">
     <span class='ocr_line' id='line_1_85' title="bbox 1928 3943 3482 4014; baseline 0.001 -16"><span class='ocrx_word' id='word_1_614' title='bbox 1928 3951 2116 4014; x_wconf 84' lang='lat' dir='ltr'><strong>gentes</strong></span> <span class='ocrx_word' id='word_1_615' title='bbox 2140 3945 2451 4000; x_wconf 90' lang='lat' dir='ltr'><strong>suscitaret.</strong></span> <span class='ocrx_word' id='word_1_616' title='bbox 2485 3943 2565 3999; x_wconf 86' lang='lat' dir='ltr'><strong>En</strong></span> <span class='ocrx_word' id='word_1_617' title='bbox 2603 3947 2697 4000; x_wconf 90' lang='lat' dir='ltr'><strong>tibi</strong></span> <span class='ocrx_word' id='word_1_618' title='bbox 2735 3957 2846 4001; x_wconf 89' lang='lat' dir='ltr'><strong>tres</strong></span> <span class='ocrx_word' id='word_1_619' title='bbox 2878 3955 3214 4001; x_wconf 90' lang='lat' dir='ltr'><strong>mortuorum</strong></span> <span class='ocrx_word' id='word_1_620' title='bbox 3239 3945 3482 4002; x_wconf 79' lang='lat' dir='ltr'><strong>diﬁ&#39;eren-</strong></span> 
     </span>
    </p>
   </div>
   <div class='ocr_carea' id='block_1_86' title="bbox 1931 4033 3506 4108">
    <p class='ocr_par' dir='ltr' id='par_1_86' title="bbox 1931 4033 3506 4108">
     <span class='ocr_line' id='line_1_86' title="bbox 1931 4033 3506 4108; baseline 0.003 -22"><span class='ocrx_word' id='word_1_621' title='bbox 1931 4035 2055 4090; x_wconf 90' lang='lat' dir='ltr'><strong>tias.</strong></span> <span class='ocrx_word' id='word_1_622' title='bbox 2101 4035 2171 4087; x_wconf 83' lang='lat' dir='ltr'><strong>At</strong></span> <span class='ocrx_word' id='word_1_623' title='bbox 2209 4033 2474 4092; x_wconf 85' lang='lat' dir='ltr'><strong>Lazarum</strong></span> <span class='ocrx_word' id='word_1_624' title='bbox 2517 4037 2833 4092; x_wconf 85' lang='lat' dir='ltr'><strong>suscitando</strong></span> <span class='ocrx_word' id='word_1_625' title='bbox 2881 4045 3134 4107; x_wconf 88' lang='lat' dir='ltr'><strong>quartum</strong></span> <span class='ocrx_word' id='word_1_626' title='bbox 3176 4045 3451 4091; x_wconf 87' lang='lat' dir='ltr'><strong>mortuum</strong></span> <span class='ocrx_word' id='word_1_627' title='bbox 3475 4076 3506 4108; x_wconf 43' lang='grc' dir='ltr'>,ι</span> 
     </span>
    </p>
   </div>
   <div class='ocr_carea' id='block_1_87' title="bbox 1927 4127 3493 4199">
    <p class='ocr_par' dir='ltr' id='par_1_87' title="bbox 1927 4127 3493 4199">
     <span class='ocr_line' id='line_1_87' title="bbox 1927 4127 3493 4199; baseline 0.001 -18"><span class='ocrx_word' id='word_1_628' title='bbox 1927 4127 2355 4198; x_wconf 76' lang='lat' dir='ltr'><strong>quatriduanum</strong></span> <span class='ocrx_word' id='word_1_629' title='bbox 2393 4130 2542 4183; x_wconf 89' lang='lat' dir='ltr'><strong>illum</strong></span> <span class='ocrx_word' id='word_1_630' title='bbox 2575 4143 2604 4182; x_wconf 88' lang='lat' dir='ltr'><strong>a</strong></span> <span class='ocrx_word' id='word_1_631' title='bbox 2627 4133 2899 4199; x_wconf 90' lang='lat' dir='ltr'><strong>sepulcro,</strong></span> <span class='ocrx_word' id='word_1_632' title='bbox 2941 4128 3222 4184; x_wconf 87' lang='lat' dir='ltr'><strong>clementis</strong></span> <span class='ocrx_word' id='word_1_633' title='bbox 3259 4135 3493 4198; x_wconf 82' lang='lat' dir='ltr'><strong>quatuor</strong></span> 
     </span>
    </p>
   </div>
   <div class='ocr_carea' id='block_1_88' title="bbox 1926 4221 3493 4292">
    <p class='ocr_par' dir='ltr' id='par_1_88' title="bbox 1926 4221 3493 4292">
     <span class='ocr_line' id='line_1_88' title="bbox 1926 4221 3493 4292; baseline 0.003 -18"><span class='ocrx_word' id='word_1_634' title='bbox 1926 4221 2380 4288; x_wconf 89' lang='lat' dir='ltr'><strong>distrahentibus,</strong></span> <span class='ocrx_word' id='word_1_635' title='bbox 2433 4223 2690 4286; x_wconf 89' lang='lat' dir='ltr'><strong>olentem,</strong></span> <span class='ocrx_word' id='word_1_636' title='bbox 2741 4231 2976 4292; x_wconf 82' lang='lat' dir='ltr'><strong>putrem,</strong></span> <span class='ocrx_word' id='word_1_637' title='bbox 3018 4222 3297 4278; x_wconf 85' lang='lat' dir='ltr'><strong>vermibus</strong></span> <span class='ocrx_word' id='word_1_638' title='bbox 3338 4237 3493 4278; x_wconf 80' lang='lat' dir='ltr'><strong>man-</strong></span> 
     </span>
    </p>
   </div>
   <div class='ocr_carea' id='block_1_89' title="bbox 1929 4313 3490 4384">
    <p class='ocr_par' dir='ltr' id='par_1_89' title="bbox 1929 4313 3490 4384">
     <span class='ocr_line' id='line_1_89' title="bbox 1929 4313 3490 4384; baseline 0.001 -17"><span class='ocrx_word' id='word_1_639' title='bbox 1929 4313 2227 4384; x_wconf 90' lang='lat' dir='ltr'><strong>cipatum;</strong></span> <span class='ocrx_word' id='word_1_640' title='bbox 2298 4324 2484 4368; x_wconf 86' lang='lat' dir='ltr'><strong>notum</strong></span> <span class='ocrx_word' id='word_1_641' title='bbox 2547 4314 2752 4368; x_wconf 82' lang='lat' dir='ltr'><strong>factum</strong></span> <span class='ocrx_word' id='word_1_642' title='bbox 2810 4324 2895 4370; x_wconf 90' lang='lat' dir='ltr'><strong>est</strong></span> <span class='ocrx_word' id='word_1_643' title='bbox 2967 4314 3366 4384; x_wconf 89' lang='lat' dir='ltr'><strong>principatibus</strong></span> <span class='ocrx_word' id='word_1_644' title='bbox 3425 4329 3490 4369; x_wconf 87' lang='lat' dir='ltr'><strong>ac</strong></span> 
     </span>
    </p>
   </div>
   <div class='ocr_carea' id='block_1_90' title="bbox 1928 4402 3488 4474">
    <p class='ocr_par' dir='ltr' id='par_1_90' title="bbox 1928 4402 3488 4474">
     <span class='ocr_line' id='line_1_90' title="bbox 1928 4402 3488 4474; baseline -0.002 -15"><span class='ocrx_word' id='word_1_645' title='bbox 1928 4405 2247 4460; x_wconf 64' lang='lat' dir='ltr'><strong>coelestibus</strong></span> <span class='ocrx_word' id='word_1_646' title='bbox 2305 4404 2671 4474; x_wconf 76' lang='lat' dir='ltr'><strong>potestatibus</strong></span> <span class='ocrx_word' id='word_1_647' title='bbox 2748 4404 3092 4473; x_wconf 88' lang='lat' dir='ltr'><strong>terrenisque</strong></span> <span class='ocrx_word' id='word_1_648' title='bbox 3154 4402 3488 4466; x_wconf 88' lang='lat' dir='ltr'><strong>hominibus,</strong></span> 
     </span>
    </p>
   </div>
   <div class='ocr_carea' id='block_1_91' title="bbox 1927 4496 3490 4552">
    <p class='ocr_par' dir='ltr' id='par_1_91' title="bbox 1927 4496 3490 4552">
     <span class='ocr_line' id='line_1_91' title="bbox 1927 4496 3490 4552; baseline -0.003 -1"><span class='ocrx_word' id='word_1_649' title='bbox 1927 4496 2042 4552; x_wconf 76' lang='lat' dir='ltr'><strong>fore</strong></span> <span class='ocrx_word' id='word_1_650' title='bbox 2074 4505 2132 4552; x_wconf 91' lang='lat' dir='ltr'><strong>ut</strong></span> <span class='ocrx_word' id='word_1_651' title='bbox 2164 4497 2382 4552; x_wconf 86' lang='lat' dir='ltr'><strong>tandem</strong></span> <span class='ocrx_word' id='word_1_652' title='bbox 2420 4497 2564 4552; x_wconf 91' lang='lat' dir='ltr'><strong>Deus</strong></span> <span class='ocrx_word' id='word_1_653' title='bbox 2595 4498 2900 4551; x_wconf 85' lang='lat' dir='ltr'><strong>universam</strong></span> <span class='ocrx_word' id='word_1_654' title='bbox 2933 4496 3209 4550; x_wconf 87' lang='lat' dir='ltr'><strong>hominum</strong></span> <span class='ocrx_word' id='word_1_655' title='bbox 3242 4503 3490 4548; x_wconf 87' lang='lat' dir='ltr'><strong>naturam</strong></span> 
     </span>
    </p>
   </div>
   <div class='ocr_carea' id='block_1_92' title="bbox 254 4585 1828 4666">
    <p class='ocr_par' dir='ltr' id='par_1_92' title="bbox 254 4585 1823 4666">
     <span class='ocr_line' id='line_1_92' title="bbox 254 4585 1823 4666; baseline 0.008 -30"><span class='ocrx_word' id='word_1_656' title='bbox 254 4585 430 4638; x_wconf 79' lang='grc' dir='ltr'>πᾶσαν</span> <span class='ocrx_word' id='word_1_657' title='bbox 467 4586 562 4656; x_wconf 80' lang='grc' dir='ltr'>τὴν</span> <span class='ocrx_word' id='word_1_658' title='bbox 600 4588 664 4641; x_wconf 89' lang='grc' dir='ltr'><strong>ἐκ</strong></span> <span class='ocrx_word' id='word_1_659' title='bbox 706 4592 986 4665; x_wconf 82' lang='grc' dir='ltr'>τεσσάρων</span> <span class='ocrx_word' id='word_1_660' title='bbox 1037 4593 1395 4646; x_wconf 86' lang='grc' dir='ltr'>συσταθεῖσαν</span> <span class='ocrx_word' id='word_1_661' title='bbox 1433 4593 1823 4666; x_wconf 85' lang='grc' dir='ltr'>άνθρωπότητα</span> 
     </span>
    </p>
   </div>
   <div class='ocr_carea' id='block_1_93' title="bbox 1931 4585 3489 4666">
    <p class='ocr_par' dir='ltr' id='par_1_93' title="bbox 1931 4588 3489 4660">
     <span class='ocr_line' id='line_1_93' title="bbox 1931 4588 3489 4660; baseline -0.004 -16"><span class='ocrx_word' id='word_1_662' title='bbox 1931 4589 2217 4647; x_wconf 90' lang='lat' dir='ltr'><strong>elementis</strong></span> <span class='ocrx_word' id='word_1_663' title='bbox 2271 4601 2508 4660; x_wconf 88' lang='lat' dir='ltr'><strong>quatuor</strong></span> <span class='ocrx_word' id='word_1_664' title='bbox 2561 4597 2906 4644; x_wconf 86' lang='lat' dir='ltr'><strong>constantem</strong></span> <span class='ocrx_word' id='word_1_665' title='bbox 2959 4588 3269 4650; x_wconf 82' lang='lat' dir='ltr'><strong>suscitaret,</strong></span> <span class='ocrx_word' id='word_1_666' title='bbox 3319 4601 3489 4656; x_wconf 86' lang='lat' dir='ltr'><strong>quan-</strong></span> 
     </span>
    </p>
   </div>
   <div class='ocr_carea' id='block_1_94' title="bbox 251 4675 1813 4756">
    <p class='ocr_par' dir='ltr' id='par_1_94' title="bbox 251 4675 1813 4756">
     <span class='ocr_line' id='line_1_94' title="bbox 251 4675 1813 4756; baseline 0.01 -31"><span class='ocrx_word' id='word_1_667' title='bbox 251 4675 450 4746; x_wconf 86' lang='grc' dir='ltr'>ἐγερεῖ,</span> <span class='ocrx_word' id='word_1_668' title='bbox 480 4676 584 4730; x_wconf 79' lang='grc' dir='ltr'>κᾶν</span> <span class='ocrx_word' id='word_1_669' title='bbox 603 4677 806 4742; x_wconf 76' lang='grc' dir='ltr'>ῶζεσεν</span> <span class='ocrx_word' id='word_1_670' title='bbox 841 4683 899 4734; x_wconf 90' lang='grc' dir='ltr'><strong>ἐν</strong></span> <span class='ocrx_word' id='word_1_671' title='bbox 925 4685 988 4754; x_wconf 84' lang='grc' dir='ltr'><strong>τῇ</strong></span> <span class='ocrx_word' id='word_1_672' title='bbox 1020 4685 1264 4756; x_wconf 78' lang='grc' dir='ltr'>ἁμαρτίᾳ</span> <span class='ocrx_word' id='word_1_673' title='bbox 1294 4686 1392 4756; x_wconf 82' lang='grc' dir='ltr'>τῆς</span> <span class='ocrx_word' id='word_1_674' title='bbox 1419 4685 1781 4756; x_wconf 75' lang='grc' dir='ltr'>παραϐάσεως</span> <span class='ocrx_word' id='word_1_675' title='bbox 1799 4702 1813 4718; x_wconf 76' lang='grc'><strong><em>⁸</em></strong></span> 
     </span>
    </p>
   </div>
   <div class='ocr_carea' id='block_1_95' title="bbox 251 4765 1818 4850">
    <p class='ocr_par' dir='ltr' id='par_1_95' title="bbox 251 4765 1818 4850">
     <span class='ocr_line' id='line_1_95' title="bbox 251 4765 1818 4850; baseline 0.01 -33"><span class='ocrx_word' id='word_1_676' title='bbox 251 4765 353 4820; x_wconf 72' lang='grc' dir='ltr'>κᾶν</span> <span class='ocrx_word' id='word_1_677' title='bbox 383 4767 559 4838; x_wconf 85' lang='grc' dir='ltr'>ἐσάπη</span> <span class='ocrx_word' id='word_1_678' title='bbox 603 4772 660 4823; x_wconf 86' lang='grc' dir='ltr'><strong>ἐν</strong></span> <span class='ocrx_word' id='word_1_679' title='bbox 705 4775 768 4842; x_wconf 82' lang='grc' dir='ltr'>τῇ</span> <span class='ocrx_word' id='word_1_680' title='bbox 812 4773 1034 4846; x_wconf 76' lang='grc' dir='ltr'>ἀσεϐείᾳ</span> <span class='ocrx_word' id='word_1_681' title='bbox 1073 4777 1170 4846; x_wconf 82' lang='grc' dir='ltr'>τῆς</span> <span class='ocrx_word' id='word_1_682' title='bbox 1217 4777 1650 4850; x_wconf 79' lang='grc' dir='ltr'>εἰδωλολατρείας</span> <span class='ocrx_word' id='word_1_683' title='bbox 1676 4797 1689 4809; x_wconf 90' lang='grc'><strong>·</strong></span> <span class='ocrx_word' id='word_1_684' title='bbox 1717 4779 1818 4833; x_wconf 82' lang='grc' dir='ltr'>κᾶν</span> 
     </span>
    </p>
   </div>
   <div class='ocr_carea' id='block_1_96' title="bbox 251 4861 1818 4942">
    <p class='ocr_par' dir='ltr' id='par_1_96' title="bbox 251 4861 1818 4942">
     <span class='ocr_line' id='line_1_96' title="bbox 251 4861 1818 4942; baseline 0.007 -29"><span class='ocrx_word' id='word_1_685' title='bbox 251 4861 324 4923; x_wconf 85' lang='grc' dir='ltr'>ὡς</span> <span class='ocrx_word' id='word_1_686' title='bbox 353 4862 458 4914; x_wconf 75' lang='grc' dir='ltr'>ὑπὸ</span> <span class='ocrx_word' id='word_1_687' title='bbox 485 4864 800 4935; x_wconf 71' lang='grc' dir='ltr'>σκωλήκων,</span> <span class='ocrx_word' id='word_1_688' title='bbox 829 4867 933 4919; x_wconf 84' lang='grc' dir='ltr'><strong>ὑπὸ</strong></span> <span class='ocrx_word' id='word_1_689' title='bbox 961 4867 1227 4938; x_wconf 85' lang='grc' dir='ltr'>δαιμόνων</span> <span class='ocrx_word' id='word_1_690' title='bbox 1259 4870 1677 4942; x_wconf 87' lang='grc' dir='ltr'>κατεκυριεύθη,</span> <span class='ocrx_word' id='word_1_691' title='bbox 1720 4871 1818 4925; x_wconf 79' lang='grc' dir='ltr'>καὶ</span> 
     </span>
    </p>
   </div>
   <div class='ocr_carea' id='block_1_97' title="bbox 251 4952 1820 5030">
    <p class='ocr_par' dir='ltr' id='par_1_97' title="bbox 251 4952 1820 5030">
     <span class='ocr_line' id='line_1_97' title="bbox 251 4952 1820 5030; baseline 0.006 -24"><span class='ocrx_word' id='word_1_692' title='bbox 251 4952 565 5024; x_wconf 75' lang='grc' dir='ltr'>έζὶοῃοεύθη</span> <span class='ocrx_word' id='word_1_693' title='bbox 599 4961 684 5024; x_wconf 85' lang='grc' dir='ltr'>εὶς</span> <span class='ocrx_word' id='word_1_694' title='bbox 705 4958 770 5011; x_wconf 88' lang='grc' dir='ltr'>τὸ</span> <span class='ocrx_word' id='word_1_695' title='bbox 793 4959 1039 5013; x_wconf 78' lang='grc' dir='ltr'>ἐκείνων</span> <span class='ocrx_word' id='word_1_696' title='bbox 1079 4960 1322 5030; x_wconf 74' lang='grc' dir='ltr'>θέλημα.</span> <span class='ocrx_word' id='word_1_697' title='bbox 1351 4961 1537 5016; x_wconf 82' lang='grc' dir='ltr'>Ταῦτα</span> <span class='ocrx_word' id='word_1_698' title='bbox 1564 4958 1656 5018; x_wconf 79' lang='grc' dir='ltr'>οὖν</span> <span class='ocrx_word' id='word_1_699' title='bbox 1688 4964 1820 5016; x_wconf 84' lang='grc' dir='ltr'>ίδόν-</span> 
     </span>
    </p>
   </div>
   <div class='ocr_carea' id='block_1_98' title="bbox 250 5049 1816 5129">
    <p class='ocr_par' dir='ltr' id='par_1_98' title="bbox 250 5049 1816 5129">
     <span class='ocr_line' id='line_1_98' title="bbox 250 5049 1816 5129; baseline 0.006 -30"><span class='ocrx_word' id='word_1_700' title='bbox 250 5064 339 5111; x_wconf 87' lang='grc' dir='ltr'><strong>τες</strong></span> <span class='ocrx_word' id='word_1_701' title='bbox 383 5049 431 5101; x_wconf 89' lang='grc' dir='ltr'><strong>οί</strong></span> <span class='ocrx_word' id='word_1_702' title='bbox 469 5049 688 5116; x_wconf 85' lang='grc' dir='ltr'>ἄγγελοι</span> <span class='ocrx_word' id='word_1_703' title='bbox 734 5051 1028 5121; x_wconf 87' lang='grc' dir='ltr'>κρυπτῶς,</span> <span class='ocrx_word' id='word_1_704' title='bbox 1076 5053 1170 5105; x_wconf 80' lang='grc' dir='ltr'>καὶ</span> <span class='ocrx_word' id='word_1_705' title='bbox 1215 5053 1490 5125; x_wconf 77' lang='grc' dir='ltr'>ἄνθρωποι</span> <span class='ocrx_word' id='word_1_706' title='bbox 1540 5056 1816 5129; x_wconf 78' lang='grc' dir='ltr'>φανερῶς,</span> 
     </span>
    </p>
   </div>
   <div class='ocr_carea' id='block_1_99' title="bbox 250 5140 1818 5221">
    <p class='ocr_par' dir='ltr' id='par_1_99' title="bbox 250 5140 1818 5221">
     <span class='ocr_line' id='line_1_99' title="bbox 250 5140 1818 5221; baseline 0.006 -29"><span class='ocrx_word' id='word_1_707' title='bbox 250 5140 571 5210; x_wconf 81' lang='grc' dir='ltr'>ἐξέστησαν,</span> <span class='ocrx_word' id='word_1_708' title='bbox 626 5141 1110 5215; x_wconf 78' lang='grc' dir='ltr'>ἐξεθαμϐήθησαν,</span> <span class='ocrx_word' id='word_1_709' title='bbox 1146 5146 1240 5200; x_wconf 72' lang='grc' dir='ltr'>καὶ</span> <span class='ocrx_word' id='word_1_710' title='bbox 1283 5147 1513 5218; x_wconf 69' lang='grc' dir='ltr'>ἤρξαντο</span> <span class='ocrx_word' id='word_1_711' title='bbox 1559 5141 1688 5221; x_wconf 78' lang='grc' dir='ltr'>βοᾷν</span> <span class='ocrx_word' id='word_1_712' title='bbox 1725 5150 1818 5203; x_wconf 65' lang='grc' dir='ltr'><strong>καὶ¹</strong></span> 
     </span>
    </p>
   </div>
   <div class='ocr_carea' id='block_1_100' title="bbox 251 5231 1815 5313">
    <p class='ocr_par' dir='ltr' id='par_1_100' title="bbox 251 5231 1815 5313">
     <span class='ocr_line' id='line_1_100' title="bbox 251 5231 1815 5313; baseline 0.008 -29"><span class='ocrx_word' id='word_1_713' title='bbox 251 5231 423 5298; x_wconf 76' lang='grc' dir='ltr'>Αέγειν</span> <span class='ocrx_word' id='word_1_714' title='bbox 443 5249 456 5262; x_wconf 91' lang='grc'><strong>·</strong></span> <span class='ocrx_word' id='word_1_715' title='bbox 493 5234 753 5287; x_wconf 83' lang='grc' dir='ltr'>Ὡσαννὰ</span> <span class='ocrx_word' id='word_1_716' title='bbox 777 5235 846 5287; x_wconf 81' lang='grc' dir='ltr'><strong>ὲν</strong></span> <span class='ocrx_word' id='word_1_717' title='bbox 875 5235 999 5301; x_wconf 86' lang='grc' dir='ltr'>τοῖς</span> <span class='ocrx_word' id='word_1_718' title='bbox 1020 5238 1318 5305; x_wconf 69' lang='grc' dir='ltr'>ὑψίστοις.</span> <span class='ocrx_word' id='word_1_719' title='bbox 1351 5241 1462 5311; x_wconf 82' lang='grc' dir='ltr'><strong>Οὐχ</strong></span> <span class='ocrx_word' id='word_1_720' title='bbox 1492 5241 1566 5304; x_wconf 85' lang='grc' dir='ltr'>ὡς</span> <span class='ocrx_word' id='word_1_721' title='bbox 1593 5259 1815 5313; x_wconf 88' lang='grc' dir='ltr'>σημειο-</span> 
     </span>
    </p>
   </div>
   <div class='ocr_carea' id='block_1_101' title="bbox 248 5321 1816 5402">
    <p class='ocr_par' dir='ltr' id='par_1_101' title="bbox 248 5321 1816 5402">
     <span class='ocr_line' id='line_1_101' title="bbox 248 5321 1816 5402; baseline 0.011 -31"><span class='ocrx_word' id='word_1_722' title='bbox 248 5323 410 5393; x_wconf 79' lang='grc' dir='ltr'>φόρον</span> <span class='ocrx_word' id='word_1_723' title='bbox 447 5321 502 5374; x_wconf 86' lang='grc' dir='ltr'><strong>δέ</strong></span> <span class='ocrx_word' id='word_1_724' title='bbox 542 5324 699 5392; x_wconf 90' lang='grc' dir='ltr'>μόνον</span> <span class='ocrx_word' id='word_1_725' title='bbox 745 5325 1010 5396; x_wconf 75' lang='grc' dir='ltr'>ἐπῄνουν,</span> <span class='ocrx_word' id='word_1_726' title='bbox 1039 5327 1176 5381; x_wconf 82' lang='grc' dir='ltr'><strong>ἀλλά</strong></span> <span class='ocrx_word' id='word_1_727' title='bbox 1221 5331 1314 5384; x_wconf 76' lang='grc' dir='ltr'>καὶ</span> <span class='ocrx_word' id='word_1_728' title='bbox 1349 5331 1424 5395; x_wconf 87' lang='grc' dir='ltr'>ὼς</span> <span class='ocrx_word' id='word_1_729' title='bbox 1473 5331 1692 5402; x_wconf 85' lang='grc' dir='ltr'>βασιλέα</span> <span class='ocrx_word' id='word_1_730' title='bbox 1736 5335 1816 5388; x_wconf 86' lang='grc' dir='ltr'>ὅτι</span> 
     </span>
    </p>
   </div>
   <div class='ocr_carea' id='block_1_102' title="bbox 250 5413 1814 5490">
    <p class='ocr_par' dir='ltr' id='par_1_102' title="bbox 250 5413 1814 5490">
     <span class='ocr_line' id='line_1_102' title="bbox 250 5413 1814 5490; baseline 0.01 -25"><span class='ocrx_word' id='word_1_731' title='bbox 250 5413 632 5486; x_wconf 57' lang='grc' dir='ltr'>ᾐχμαλιῦιευσε</span> <span class='ocrx_word' id='word_1_732' title='bbox 664 5419 842 5471; x_wconf 79' lang='grc' dir='ltr'>πᾶσαν</span> <span class='ocrx_word' id='word_1_733' title='bbox 869 5418 965 5490; x_wconf 82' lang='grc' dir='ltr'>τὴν</span> <span class='ocrx_word' id='word_1_734' title='bbox 995 5421 1089 5474; x_wconf 84' lang='grc' dir='ltr'><strong>ἀπ’</strong></span> <span class='ocrx_word' id='word_1_735' title='bbox 1117 5421 1312 5486; x_wconf 84' lang='grc' dir='ltr'>αἰῶνος</span> <span class='ocrx_word' id='word_1_736' title='bbox 1357 5425 1460 5477; x_wconf 81' lang='grc' dir='ltr'><strong>ὑπὸ</strong></span> <span class='ocrx_word' id='word_1_737' title='bbox 1501 5426 1592 5480; x_wconf 77' lang='grc' dir='ltr'>τοῦ</span> <span class='ocrx_word' id='word_1_738' title='bbox 1635 5426 1814 5480; x_wconf 76' lang='grc' dir='ltr'>διαδό-</span> 
     </span>
    </p>
   </div>
   <div class='ocr_carea' id='block_1_103' title="bbox 319 5612 1788 5690">
    <p class='ocr_par' dir='ltr' id='par_1_103' title="bbox 319 5612 1788 5690">
     <span class='ocr_line' id='line_1_103' title="bbox 319 5612 1788 5690; baseline 0.01 -23"><span class='ocrx_word' id='word_1_739' title='bbox 319 5614 359 5646; x_wconf 83' lang='lat'>&quot;</span> <span class='ocrx_word' id='word_1_740' title='bbox 396 5612 556 5668; x_wconf 83' lang='lat' dir='ltr'><strong>Joan.</strong></span> <span class='ocrx_word' id='word_1_741' title='bbox 593 5631 718 5690; x_wconf 48' lang='lat' dir='ltr'><strong>an,</strong></span> <span class='ocrx_word' id='word_1_742' title='bbox 792 5616 875 5690; x_wconf 72' lang='lat' dir='ltr'><strong>l0.</strong></span> <span class='ocrx_word' id='word_1_743' title='bbox 949 5619 992 5650; x_wconf 78' lang='lat'>&quot;</span> <span class='ocrx_word' id='word_1_744' title='bbox 1033 5619 1228 5690; x_wconf 85' lang='lat' dir='ltr'><strong>Ephes.</strong></span> <span class='ocrx_word' id='word_1_745' title='bbox 1268 5639 1368 5686; x_wconf 91' lang='grc' dir='ltr'>ιιι,</span> <span class='ocrx_word' id='word_1_746' title='bbox 1409 5624 1495 5678; x_wconf 81' lang='grc'>10.</span> <span class='ocrx_word' id='word_1_747' title='bbox 1572 5627 1615 5657; x_wconf 83' lang='grc'><strong>¹⁹</strong></span> <span class='ocrx_word' id='word_1_748' title='bbox 1657 5626 1788 5682; x_wconf 91' lang='lat' dir='ltr'><strong>ibid.</strong></span> 
     </span>
    </p>
   </div>
   <div class='ocr_carea' id='block_1_104' title="bbox 249 5684 1278 5761">
    <p class='ocr_par' dir='ltr' id='par_1_104' title="bbox 249 5684 1278 5761">
     <span class='ocr_line' id='line_1_104' title="bbox 249 5684 1278 5761; baseline 0.004 -17"><span class='ocrx_word' id='word_1_749' title='bbox 249 5684 377 5744; x_wconf 80' lang='lat' dir='ltr'><strong>Luc.</strong></span> <span class='ocrx_word' id='word_1_750' title='bbox 418 5702 546 5751; x_wconf 80' lang='lat' dir='ltr'><strong>vin,</strong></span> <span class='ocrx_word' id='word_1_751' title='bbox 580 5685 668 5740; x_wconf 66' lang='grc'><strong>42.</strong></span> <span class='ocrx_word' id='word_1_752' title='bbox 744 5689 786 5720; x_wconf 83' lang='grc'><strong>²¹</strong></span> <span class='ocrx_word' id='word_1_753' title='bbox 829 5689 1023 5745; x_wconf 82' lang='lat' dir='ltr'><strong>Matth.</strong></span> <span class='ocrx_word' id='word_1_754' title='bbox 1060 5684 1191 5761; x_wconf 51' lang='lat' dir='ltr'><strong>tm,</strong></span> <span class='ocrx_word' id='word_1_755' title='bbox 1228 5693 1278 5748; x_wconf 80' lang='grc'>5.</span> 
     </span>
    </p>
   </div>
   <div class='ocr_carea' id='block_1_105' title="bbox 315 5805 1034 5916">
    <p class='ocr_par' dir='ltr' id='par_1_105' title="bbox 315 5805 1034 5916">
     <span class='ocr_line' id='line_1_105' title="bbox 315 5805 1034 5916; baseline 0.013 -21"><span class='ocrx_word' id='word_1_756' title='bbox 315 5843 425 5915; x_wconf 89' lang='grc'><strong>(71)</strong></span> <span class='ocrx_word' id='word_1_757' title='bbox 461 5846 576 5914; x_wconf 65' lang='lat' dir='ltr'><strong>Thr</strong></span> <span class='ocrx_word' id='word_1_758' title='bbox 602 5846 688 5916; x_wconf 81' lang='grc' dir='ltr'>ἔγ.</span> <span class='ocrx_word' id='word_1_759' title='bbox 723 5845 876 5904; x_wconf 72' lang='lat' dir='ltr'><strong>Deest</strong></span> <span class='ocrx_word' id='word_1_760' title='bbox 907 5805 1034 5904; x_wconf 31' lang='grc' dir='ltr'>δια..</span> 
     </span>
    </p>
   </div>
   <div class='ocr_carea' id='block_1_106' title="bbox 1888 5628 2373 5689">
    <p class='ocr_par' dir='ltr' id='par_1_106' title="bbox 1888 5628 2373 5689">
     <span class='ocr_line' id='line_1_106' title="bbox 1888 5628 2373 5689; baseline 0.004 -7"><span class='ocrx_word' id='word_1_761' title='bbox 1888 5628 1934 5661; x_wconf 79' lang='grc'>³⁰</span> <span class='ocrx_word' id='word_1_762' title='bbox 1972 5630 2105 5684; x_wconf 89' lang='lat' dir='ltr'><strong>Luc.</strong></span> <span class='ocrx_word' id='word_1_763' title='bbox 2141 5645 2248 5689; x_wconf 84' lang='lat' dir='ltr'><strong>vn,</strong></span> <span class='ocrx_word' id='word_1_764' title='bbox 2286 5629 2373 5685; x_wconf 82' lang='grc'><strong>11.</strong></span> 
     </span>
    </p>
   </div>
   <div class='ocr_carea' id='block_1_107' title="bbox 1358 5694 2497 5764">
    <p class='ocr_par' dir='ltr' id='par_1_107' title="bbox 1358 5694 2497 5764">
     <span class='ocr_line' id='line_1_107' title="bbox 1358 5694 2497 5764; baseline 0.004 -15"><span class='ocrx_word' id='word_1_765' title='bbox 1358 5696 1404 5728; x_wconf 83' lang='grc'><strong><em>³³</em></strong></span> <span class='ocrx_word' id='word_1_766' title='bbox 1444 5695 1483 5750; x_wconf 90' lang='lat' dir='ltr'><strong>ll</strong></span> <span class='ocrx_word' id='word_1_767' title='bbox 1518 5694 1660 5752; x_wconf 76' lang='lat' dir='ltr'><strong>Tim.</strong></span> <span class='ocrx_word' id='word_1_768' title='bbox 1699 5714 1771 5763; x_wconf 89' lang='lat' dir='ltr'><strong>II,</strong></span> <span class='ocrx_word' id='word_1_769' title='bbox 1810 5697 1900 5754; x_wconf 72' lang='grc'>26.</span> <span class='ocrx_word' id='word_1_770' title='bbox 1979 5698 2023 5731; x_wconf 73' lang='grc'><strong>⁸⁸</strong></span> <span class='ocrx_word' id='word_1_771' title='bbox 2064 5699 2248 5754; x_wconf 81' lang='lat' dir='ltr'><strong>Matth.</strong></span> <span class='ocrx_word' id='word_1_772' title='bbox 2288 5717 2408 5764; x_wconf 76' lang='lat' dir='ltr'><strong>xxI,</strong></span> <span class='ocrx_word' id='word_1_773' title='bbox 2445 5700 2497 5753; x_wconf 84' lang='lat'><strong>9.</strong></span> 
     </span>
    </p>
   </div>
   <div class='ocr_carea' id='block_1_108' title="bbox 1929 4678 3490 4753">
    <p class='ocr_par' dir='ltr' id='par_1_108' title="bbox 1929 4678 3490 4753">
     <span class='ocr_line' id='line_1_108' title="bbox 1929 4678 3490 4753; baseline -0.002 -18"><span class='ocrx_word' id='word_1_774' title='bbox 1929 4697 2091 4752; x_wconf 87' lang='lat' dir='ltr'><strong>quam</strong></span> <span class='ocrx_word' id='word_1_775' title='bbox 2125 4683 2215 4737; x_wconf 88' lang='lat' dir='ltr'><strong>illa</strong></span> <span class='ocrx_word' id='word_1_776' title='bbox 2238 4682 2292 4736; x_wconf 94' lang='lat' dir='ltr'><strong>in</strong></span> <span class='ocrx_word' id='word_1_777' title='bbox 2318 4683 2776 4753; x_wconf 61' lang='lat' dir='ltr'><strong>praevaricationis</strong></span> <span class='ocrx_word' id='word_1_778' title='bbox 2812 4688 3035 4752; x_wconf 87' lang='lat' dir='ltr'><strong>peccato</strong></span> <span class='ocrx_word' id='word_1_779' title='bbox 3066 4678 3276 4743; x_wconf 82' lang='lat' dir='ltr'><strong>feteret,</strong></span> <span class='ocrx_word' id='word_1_780' title='bbox 3319 4693 3490 4748; x_wconf 89' lang='lat' dir='ltr'><strong>quan-</strong></span> 
     </span>
    </p>
   </div>
   <div class='ocr_carea' id='block_1_109' title="bbox 1924 4772 3491 4848">
    <p class='ocr_par' dir='ltr' id='par_1_109' title="bbox 1924 4772 3491 4848">
     <span class='ocr_line' id='line_1_109' title="bbox 1924 4772 3491 4848; baseline -0.004 -18"><span class='ocrx_word' id='word_1_781' title='bbox 1924 4792 2088 4848; x_wconf 85' lang='lat' dir='ltr'><strong>quam</strong></span> <span class='ocrx_word' id='word_1_782' title='bbox 2115 4775 2170 4830; x_wconf 92' lang='lat' dir='ltr'><strong>in</strong></span> <span class='ocrx_word' id='word_1_783' title='bbox 2201 4775 2517 4831; x_wconf 63' lang='lat' dir='ltr'><strong>idololatria:</strong></span> <span class='ocrx_word' id='word_1_784' title='bbox 2540 4776 2813 4846; x_wconf 90' lang='lat' dir='ltr'><strong>impietate</strong></span> <span class='ocrx_word' id='word_1_785' title='bbox 2841 4772 3162 4844; x_wconf 88' lang='lat' dir='ltr'><strong>putruisset,</strong></span> <span class='ocrx_word' id='word_1_786' title='bbox 3181 4785 3491 4842; x_wconf 88' lang='lat' dir='ltr'><strong>quanquam</strong></span> 
     </span>
    </p>
   </div>
   <div class='ocr_carea' id='block_1_110' title="bbox 1924 4865 3490 4932">
    <p class='ocr_par' dir='ltr' id='par_1_110' title="bbox 1924 4865 3490 4932">
     <span class='ocr_line' id='line_1_110' title="bbox 1924 4865 3490 4932; baseline -0.005 -8"><span class='ocrx_word' id='word_1_787' title='bbox 1924 4870 1973 4924; x_wconf 90' lang='lat' dir='ltr'><strong>ei</strong></span> <span class='ocrx_word' id='word_1_788' title='bbox 1996 4869 2274 4924; x_wconf 65' lang='lat' dir='ltr'><strong>daemones</strong></span> <span class='ocrx_word' id='word_1_789' title='bbox 2304 4869 2477 4924; x_wconf 88' lang='lat' dir='ltr'><strong>instar</strong></span> <span class='ocrx_word' id='word_1_790' title='bbox 2502 4867 2766 4923; x_wconf 72' lang='lat' dir='ltr'><strong>vermium</strong></span> <span class='ocrx_word' id='word_1_791' title='bbox 2787 4865 3218 4932; x_wconf 81' lang='lat' dir='ltr'><strong>dominarentur,</strong></span> <span class='ocrx_word' id='word_1_792' title='bbox 3251 4874 3300 4918; x_wconf 84' lang='lat' dir='ltr'><strong>et</strong></span> <span class='ocrx_word' id='word_1_793' title='bbox 3335 4865 3490 4932; x_wconf 64' lang='lat' dir='ltr'><strong>captio</strong></span> 
     </span>
    </p>
   </div>
   <div class='ocr_carea' id='block_1_111' title="bbox 1925 4955 3488 5030">
    <p class='ocr_par' dir='ltr' id='par_1_111' title="bbox 1925 4955 3488 5030">
     <span class='ocr_line' id='line_1_111' title="bbox 1925 4955 3488 5030; baseline -0.005 -14"><span class='ocrx_word' id='word_1_794' title='bbox 1925 4978 2043 5016; x_wconf 82' lang='lat' dir='ltr'><strong>vam</strong></span> <span class='ocrx_word' id='word_1_795' title='bbox 2087 4970 2335 5025; x_wconf 84' lang='lat' dir='ltr'><strong>tenerent,</strong></span> <span class='ocrx_word' id='word_1_796' title='bbox 2365 4961 2434 5014; x_wconf 85' lang='lat' dir='ltr'><strong>ad</strong></span> <span class='ocrx_word' id='word_1_797' title='bbox 2457 4977 2610 5014; x_wconf 86' lang='lat' dir='ltr'><strong>suam</strong></span> <span class='ocrx_word' id='word_1_798' title='bbox 2648 4961 2879 5030; x_wconf 85' lang='lat' dir='ltr'><strong>ipsorum</strong></span> <span class='ocrx_word' id='word_1_799' title='bbox 2914 4959 3232 5012; x_wconf 82' lang='lat' dir='ltr'><strong>voluntatem</strong></span> <span class='ocrx_word' id='word_1_800' title='bbox 3258 4955 3324 5010; x_wconf 75' lang='grc'><strong>⁸⁸.</strong></span> <span class='ocrx_word' id='word_1_801' title='bbox 3355 4955 3488 5011; x_wconf 90' lang='lat' dir='ltr'><strong>Cum</strong></span> 
     </span>
    </p>
   </div>
   <div class='ocr_carea' id='block_1_112' title="bbox 1930 5050 3487 5128">
    <p class='ocr_par' dir='ltr' id='par_1_112' title="bbox 1930 5050 3487 5128">
     <span class='ocr_line' id='line_1_112' title="bbox 1930 5050 3487 5128; baseline -0.008 -16"><span class='ocrx_word' id='word_1_802' title='bbox 1930 5058 2047 5112; x_wconf 57' lang='lat' dir='ltr'><strong>haec</strong></span> <span class='ocrx_word' id='word_1_803' title='bbox 2098 5072 2229 5128; x_wconf 84' lang='lat' dir='ltr'><strong>ergo</strong></span> <span class='ocrx_word' id='word_1_804' title='bbox 2277 5054 2457 5126; x_wconf 81' lang='lat' dir='ltr'><strong>angeli</strong></span> <span class='ocrx_word' id='word_1_805' title='bbox 2505 5068 2706 5108; x_wconf 85' lang='lat' dir='ltr'><strong>arcana</strong></span> <span class='ocrx_word' id='word_1_806' title='bbox 2751 5051 2978 5114; x_wconf 90' lang='lat' dir='ltr'><strong>ratione,</strong></span> <span class='ocrx_word' id='word_1_807' title='bbox 3013 5050 3262 5105; x_wconf 88' lang='lat' dir='ltr'><strong>homines</strong></span> <span class='ocrx_word' id='word_1_808' title='bbox 3307 5057 3487 5102; x_wconf 89' lang='lat' dir='ltr'><strong>autem</strong></span> 
     </span>
    </p>
   </div>
   <div class='ocr_carea' id='block_1_113' title="bbox 1923 5139 3489 5219">
    <p class='ocr_par' dir='ltr' id='par_1_113' title="bbox 1923 5139 3489 5219">
     <span class='ocr_line' id='line_1_113' title="bbox 1923 5139 3489 5219; baseline -0.008 -15"><span class='ocrx_word' id='word_1_809' title='bbox 1923 5148 2218 5219; x_wconf 89' lang='lat' dir='ltr'><strong>conspicua</strong></span> <span class='ocrx_word' id='word_1_810' title='bbox 2245 5153 2558 5210; x_wconf 88' lang='lat' dir='ltr'><strong>cernerent,</strong></span> <span class='ocrx_word' id='word_1_811' title='bbox 2607 5143 2981 5198; x_wconf 89' lang='lat' dir='ltr'><strong>vehementius</strong></span> <span class='ocrx_word' id='word_1_812' title='bbox 3015 5139 3264 5196; x_wconf 89' lang='lat' dir='ltr'><strong>admirati</strong></span> <span class='ocrx_word' id='word_1_813' title='bbox 3299 5140 3489 5194; x_wconf 66' lang='lat' dir='ltr'><strong>obstua</strong></span> 
     </span>
    </p>
   </div>
   <div class='ocr_carea' id='block_1_114' title="bbox 1924 5234 3488 5313">
    <p class='ocr_par' dir='ltr' id='par_1_114' title="bbox 1924 5234 3488 5313">
     <span class='ocr_line' id='line_1_114' title="bbox 1924 5234 3488 5313; baseline -0.006 -15"><span class='ocrx_word' id='word_1_814' title='bbox 1924 5251 2182 5313; x_wconf 90' lang='lat' dir='ltr'><strong>puerunt,</strong></span> <span class='ocrx_word' id='word_1_815' title='bbox 2212 5249 2602 5312; x_wconf 66' lang='lat' dir='ltr'><strong>cmperuntque</strong></span> <span class='ocrx_word' id='word_1_816' title='bbox 2625 5240 2862 5294; x_wconf 86' lang='lat' dir='ltr'><strong>clamare</strong></span> <span class='ocrx_word' id='word_1_817' title='bbox 2889 5253 2952 5292; x_wconf 90' lang='lat' dir='ltr'><strong>ac</strong></span> <span class='ocrx_word' id='word_1_818' title='bbox 2977 5237 3159 5293; x_wconf 90' lang='lat' dir='ltr'><strong>dicere</strong></span> <span class='ocrx_word' id='word_1_819' title='bbox 3188 5256 3200 5291; x_wconf 91' lang='lat'>:</span> <span class='ocrx_word' id='word_1_820' title='bbox 3232 5234 3488 5290; x_wconf 81' lang='lat' dir='ltr'><strong>Hosanna</strong></span> 
     </span>
    </p>
   </div>
   <div class='ocr_carea' id='block_1_115' title="bbox 1920 5332 3482 5396">
    <p class='ocr_par' dir='ltr' id='par_1_115' title="bbox 1920 5332 3482 5396">
     <span class='ocr_line' id='line_1_115' title="bbox 1920 5332 3482 5396; baseline -0.008 -6"><span class='ocrx_word' id='word_1_821' title='bbox 1920 5336 1976 5390; x_wconf 87' lang='lat' dir='ltr'><strong>in</strong></span> <span class='ocrx_word' id='word_1_822' title='bbox 2031 5335 2306 5390; x_wconf 83' lang='lat' dir='ltr'><strong>altissimis</strong></span> <span class='ocrx_word' id='word_1_823' title='bbox 2347 5335 2411 5388; x_wconf 77' lang='lat'><strong>“.</strong></span> <span class='ocrx_word' id='word_1_824' title='bbox 2449 5332 2618 5391; x_wconf 86' lang='lat' dir='ltr'><strong>Porro</strong></span> <span class='ocrx_word' id='word_1_825' title='bbox 2657 5333 2972 5396; x_wconf 87' lang='lat' dir='ltr'><strong>laudabant,</strong></span> <span class='ocrx_word' id='word_1_826' title='bbox 3011 5346 3118 5385; x_wconf 87' lang='lat' dir='ltr'><strong>non</strong></span> <span class='ocrx_word' id='word_1_827' title='bbox 3162 5337 3220 5381; x_wconf 88' lang='lat' dir='ltr'><strong>ut</strong></span> <span class='ocrx_word' id='word_1_828' title='bbox 3273 5335 3482 5380; x_wconf 79' lang='lat' dir='ltr'><strong>tantum</strong></span> 
     </span>
    </p>
   </div>
   <div class='ocr_carea' id='block_1_116' title="bbox 1926 5420 3481 5498">
    <p class='ocr_par' dir='ltr' id='par_1_116' title="bbox 1926 5420 3481 5498">
     <span class='ocr_line' id='line_1_116' title="bbox 1926 5420 3481 5498; baseline -0.008 -15"><span class='ocrx_word' id='word_1_829' title='bbox 1926 5427 2269 5498; x_wconf 79' lang='lat' dir='ltr'><strong>signiferum,</strong></span> <span class='ocrx_word' id='word_1_830' title='bbox 2329 5425 2422 5483; x_wconf 90' lang='lat' dir='ltr'><strong>sed</strong></span> <span class='ocrx_word' id='word_1_831' title='bbox 2472 5435 2531 5480; x_wconf 91' lang='lat' dir='ltr'><strong>ut</strong></span> <span class='ocrx_word' id='word_1_832' title='bbox 2581 5427 2742 5481; x_wconf 87' lang='lat' dir='ltr'><strong>etiam</strong></span> <span class='ocrx_word' id='word_1_833' title='bbox 2798 5439 3018 5494; x_wconf 88' lang='lat' dir='ltr'><strong>regem;</strong></span> <span class='ocrx_word' id='word_1_834' title='bbox 3082 5420 3224 5492; x_wconf 81' lang='lat' dir='ltr'><strong>quod</strong></span> <span class='ocrx_word' id='word_1_835' title='bbox 3267 5431 3481 5474; x_wconf 73' lang='lat' dir='ltr'><strong>omnem</strong></span> 
     </span>
    </p>
   </div>
   <div class='ocr_carea' id='block_1_117' title="bbox 2448 5622 3478 5691">
    <p class='ocr_par' dir='ltr' id='par_1_117' title="bbox 2448 5622 3478 5691">
     <span class='ocr_line' id='line_1_117' title="bbox 2448 5622 3478 5691; baseline -0.004 -8"><span class='ocrx_word' id='word_1_836' title='bbox 2448 5631 2490 5659; x_wconf 75' lang='grc' dir='ltr'>’ί</span> <span class='ocrx_word' id='word_1_837' title='bbox 2533 5627 2722 5683; x_wconf 83' lang='lat' dir='ltr'><strong>Matth.</strong></span> <span class='ocrx_word' id='word_1_838' title='bbox 2777 5644 2826 5682; x_wconf 65' lang='grc' dir='ltr'><strong>ις</strong></span> <span class='ocrx_word' id='word_1_839' title='bbox 2853 5667 2868 5691; x_wconf 98' lang='grc'><strong>,</strong></span> <span class='ocrx_word' id='word_1_840' title='bbox 2906 5626 3014 5691; x_wconf 82' lang='grc'><strong>18;</strong></span> <span class='ocrx_word' id='word_1_841' title='bbox 3068 5622 3234 5684; x_wconf 80' lang='lat' dir='ltr'><strong>Marc.</strong></span> <span class='ocrx_word' id='word_1_842' title='bbox 3279 5642 3330 5690; x_wconf 93' lang='lat' dir='ltr'><strong>v,</strong></span> <span class='ocrx_word' id='word_1_843' title='bbox 3364 5623 3478 5688; x_wconf 73' lang='lat'><strong>22&#39;,</strong></span> 
     </span>
    </p>
   </div>
  </div>
