4038 6288
606 372 739 437 1237

1738 377 1875 434 τιτι
1916 380 2352 438 ΒΟΞΤΒΕΝΞΙΞ
2390 383 2716 441 EPISCOP-l.

3680 392 3784 450 ηδε

606 508 772 561 quam
829 508 859 546 a
914 493 1112 551 sacculo
1173 491 1424 550 diabolus
1482 512 1744 568 morsque
1802 500 2173 570 captivitatem

2281 503 2369 556 λου
2399 507 2492 558 καὶ
2518 504 2612 557 τοῦ
2637 503 2866 557 θανάτου
2891 503 3418 573 αἰχμαλωτισθεῖσαν
3443 504 3781 584 αἰχμαλωσίαν.

610 588 909 664 subjectam
946 586 1282 652 habuissent,
1317 588 1434 657 ipse
1463 592 1793 660 captivasset
1815 593 1881 644 ⁸⁸.
1908 592 2004 649 His
2027 595 2175 649 enim

611 694 677 732 ac
707 679 977 739 similibus
1010 677 1078 733 de
1111 679 1317 745 causis,
1348 697 1473 736 eum
1495 682 1667 737 divini
1698 684 1974 755 prophetae
1995 701 2176 757 regem

612 771 925 849 praedicant.

685 859 771 912 ΙΙΙ.
818 857 957 925 Quia
999 850 1163 929 porro
1208 859 1421 931 praefati
1457 864 1735 932 propheta:
1773 867 2013 921 conviva:
2051 874 2180 921 sunt

611 952 966 1025 rationalium
1025 952 1384 1019 animorum;
1441 969 1504 1008 ac
1558 957 1701 1010 sicut
1755 973 1969 1013 menses
2013 959 2176 1012 annui

611 1044 776 1115 spatii
825 1044 1034 1098 circulo
1071 1060 1166 1118 per
1205 1055 1387 1114 partes
1435 1045 1672 1101 humana
1719 1063 1946 1119 corpora
1981 1050 2176 1117 alunt,

613 1139 689 1199 ita
721 1144 775 1197 et
804 1135 863 1200 ii,
907 1150 1007 1188 nos
1045 1150 1263 1204 quoque
1296 1151 1392 1205 per
1437 1147 1639 1205 partes,
1678 1153 1773 1193 seu
1801 1144 1981 1209 potius
2026 1154 2177 1194 com-

612 1227 856 1281 muniter
896 1227 1184 1284 instructis
1222 1227 1421 1296 epulis,
1458 1227 1587 1282 dum
1629 1229 1843 1293 interim
1888 1229 2024 1289 festa
2067 1231 2182 1301 agi-

613 1332 759 1383 mus,
790 1332 885 1373 seu
929 1320 1092 1373 etiam
1126 1318 1346 1388 ubique,
1382 1318 1620 1372 lidclinm
1666 1321 1819 1375 alunt
1866 1322 2075 1380 animos
2117 1337 2181 1377 ac

616 1408 819 1465 divinis
851 1411 1119 1466 doctrinis
1149 1412 1489 1468 Christianos
1519 1413 1811 1479 inebriant,
1843 1412 1998 1483 juxta
2035 1414 2180 1483 quod

615 1516 804 1556 eorum
857 1502 1055 1572 aliquis
1117 1503 1249 1557 dicit
1304 1525 1317 1558 :
1378 1503 1788 1558 Inebriabuntur
1839 1505 1904 1557 ab
1944 1503 2182 1560 ubertate

616 1593 805 1654 domus
857 1602 961 1646 tuae
1012 1594 1080 1646 “.
1130 1592 1342 1657 Venite,
1412 1596 1717 1658 audiamus,
1772 1605 1826 1649 et
1883 1596 2181 1651 narrabunt

615 1683 777 1750 nobis
815 1699 1008 1740 omnes
1045 1684 1139 1753 qui
1181 1684 1413 1755 diligunt
1443 1701 1666 1756 regnum
1696 1685 1812 1749 Dei,
1842 1687 1972 1757 quid
2009 1686 2076 1741 de
2116 1702 2182 1742 eo

618 1774 907 1844 prophetat
948 1789 1177 1845 magnus
1226 1774 1542 1841 Zacharias,
1591 1777 1862 1848 gloriosus
1907 1778 1997 1832 ille
2044 1779 2185 1832 inter

2280 596 2506 649 Ἕνεκεν
2534 595 2735 649 τούτων
2759 597 2852 649 καὶ⁸
2884 595 2993 648 τῶν
3024 594 3278 649 τοιούτων
3309 595 3525 650 Βασιλέα
3550 597 3689 651 αὐτὸν
3709 618 3785 654 κτι-

2280 686 2563 759 ρύττουσιν
2595 688 2646 739 οἱ
2677 686 2810 739 Θείοι
2847 686 3142 757 προφῆται.

2362 872 2576 943 Ἐπειδὴ
2606 871 2663 924 δὲ
2701 872 2751 925 οἱ
2793 870 3176 942 προειρημένοι
3220 868 3492 940 προφῆται
3534 869 3790 942 ἑστιάτορες

2278 963 2387 1017 τῶν
2417 963 2649 1031 λογικῶν
2684 963 2986 1035 ὑπάρχουσι
3013 976 3027 990 ·
3080 960 3175 1015 καὶ
3216 958 3404 1032 ὥσπερ
3456 961 3504 1013 oi
3549 963 3694 1031 μῆνες
3721 962 3791 1015 τοῦ

2282 1054 2525 1111 ἐνιαυτοῦ
2575 1054 2714 1108 κατὰ
2758 1054 2920 1125 μέρος
2961 1055 3218 1124 τρέφουσι
3267 1053 3335 1107 τὰ
3379 1050 3670 1124 ἀνθρώπινα
3715 1053 3794 1107 σώ-

2285 1166 2449 1221 ματα,
2481 1147 2653 1211 οὕτως
2690 1149 2785 1202 καὶ
2828 1143 2969 1202 οὗτοι
3031 1148 3173 1202 κατὰ
3208 1146 3372 1217 μέρος
3416 1145 3594 1214 ἡμᾶς,
3636 1145 3793 1216 μᾶλλον

2282 1239 2475 1303 κοινῶς
2516 1240 2773 1311 τρέφουσι
2815 1240 2955 1293 κατὰ
3001 1239 3220 1310 ἑορτὴν,
3256 1239 3291 1307 ἢ
3346 1237 3441 1290 καὶ
3486 1236 3689 1289 πάντοτε
3718 1237 3793 1301 τὰς

2279 1332 2456 1403 ψυχὰς
2486 1331 2600 1386 τῶν
2640 1332 2867 1395 πιστῶν,
2898 1331 2993 1385 καὶ
3032 1330 3360 1402 μεθύσκουσι
3389 1332 3507 1392 ταῖς
3535 1328 3714 1392 Θεῖκαίς
3738 1329 3795 1383 δι-

2280 1423 2595 1486 δασκαλίαις
2633 1425 2990 1496 Χριστιανοὺς
3013 1466 3027 1489 ,
3080 1424 3259 1488 καθώς
3299 1441 3403 1477 που
3445 1419 3524 1486 εἷς
3562 1422 3615 1489 ἐξ
3654 1424 3794 1476 αὐτῶν

2283 1533 2415 1591 φησι
2437 1532 2451 1546 ο
2497 1516 2991 1582 Μεθυσθήσονται
3023 1516 3141 1571 ἀπὸ
3187 1519 3468 1583 πιότητος
3503 1514 3656 1568 οίκου
3688 1531 3793 1568 σου.

2282 1610 2445 1662 Δεῦτε
2487 1608 2835 1680 ἀκούσωμεν,
2870 1610 2965 1663 καὶ
3007 1609 3351 1679 διηγήσονται
3397 1609 3526 1678 ἡμῖν
3569 1608 3736 1669 πάντες
3759 1609 3796 1660 oi

2283 1700 2604 1770 ἀγαπῶντες
2645 1701 2744 1771 τὴν
2780 1700 3052 1771 βασιλείαν
3095 1699 3190 1753 τοῦ
3231 1698 3366 1752 Θεοῦ
3388 1738 3404 1762 ,
3433 1699 3485 1750 τί
3522 1698 3637 1769 περὶ
3668 1699 3797 1770 αὐτῆς

2286 1794 2415 1863 ἡμῖν
2459 1792 2788 1864 προφητεύει
2821 1794 2849 1845 6
2914 1792 3085 1864 μέγας
3132 1790 3409 1862 Ζαχαρίας
3433 1830 3448 1853 ,
3487 1791 3515 1842 6
3554 1789 3731 1854 ἔνδοξος
3755 1792 3797 1843 ὲν

618 1870 930 1939 prophetas.
972 1869 1340 1940 lntelligamus
1388 1870 1517 1941 quid
1564 1870 1724 1925 fausti
1786 1871 1961 1925 nuntii
2008 1886 2187 1940 praeco

2287 1885 2611 1955 προφήταις,
2647 1885 2923 1955 Συνίωμεν
2947 1884 2976 1937 6
3018 1883 3194 1955 κῆρυξ
3235 1882 3664 1951 εὐαγγελίζεται,
3700 1898 3797 1949 προ-

621 1960 790 2025 ferat,
842 1959 1028 2020 multis
1080 1960 1296 2017 sacculis
1350 1974 1692 2029 praecurrens
1733 1974 1921 2030 regno.
1970 1958 2181 2024 Venite,

621 2059 783 2120 atque
816 2058 875 2105 ut
912 2051 1150 2105 convivae
1193 2052 1513 2114 rationales,
1553 2051 1797 2105 fruamur
1835 2053 2017 2108 verbis
2057 2068 2187 2123 pro-

620 2144 944 2198 cedentibus
986 2143 1053 2198 de
1106 2159 1201 2198 ore
1248 2143 1361 2211 Dei,
1411 2160 1506 2214 per
1559 2145 1859 2214 spiritalem
1903 2145 2184 2199 convivam

621 2233 937 2297 Zachariam
972 2253 987 2302 ;
1032 2235 1117 2290 cui
1149 2236 1418 2306 obtigerit,
1459 2244 1516 2289 ut
1547 2237 1660 2291 suis
1704 2252 1805 2290 nos
1840 2238 2014 2305 epulis
2044 2235 2185 2291 festa

621 2328 724 2381 hac
764 2329 885 2382 luce
919 2327 1234 2397 exciperet;
1269 2327 1726 2398 quemadmodum
1771 2328 1845 2382 ait
1876 2328 2138 2382 Dominus
2172 2345 2186 2381 :

624 2415 747 2485 Non
790 2420 845 2472 in
889 2419 1002 2472 solo
1047 2436 1181 2490 pane
1222 2421 1350 2473 vivet
1403 2419 1578 2487 homo,
1620 2419 1709 2474 sed
1750 2420 1803 2473 in
1847 2422 1988 2473 omni
2039 2420 2190 2473 verbo

621 2509 761 2579 quod
806 2511 1041 2579 procedit
1084 2511 1147 2565 de
1189 2528 1277 2565 ore
1332 2510 1430 2565 Dei
1469 2513 1533 2565 ³⁷.
1580 2510 1713 2565 Nam
1766 2512 1894 2581 quia
1947 2511 2192 2566 homines

622 2604 902 2667 tristitiam
942 2605 1193 2670 oderunt,
1237 2614 1422 2657 amant
1455 2619 1585 2659 vero
1648 2603 1905 2672 gaudium
1935 2644 1950 2665 ,
2004 2603 2187 2672 incipit

626 2711 659 2762 at
713 2697 911 2765 gaudio
964 2697 1240 2763 clamare,
1292 2693 1479 2749 dicens
1536 2712 1550 2748 :
1614 2692 1795 2747 Gaude
1856 2692 2191 2755 vehementer,

627 2789 746 2861 ﬁlia
790 2786 941 2843 Sion.
986 2784 1167 2841 Gaude
1210 2787 1556 2851 uehementer,
1597 2784 1857 2839 inclamat
1896 2783 2195 2853 captivitati

631 2881 896 2953 propheta
951 2880 1018 2932 “.
1078 2878 1122 2935 0
1185 2877 1412 2943 altitudo
1470 2876 1776 2941 divitiarum
1829 2875 2101 2944 sapientia:
2146 2881 2196 2927 et

628 2973 861 3031 scientia:
891 2971 989 3036 Dei
1019 2970 1084 3023 ".
1117 2970 1479 3039 Quamobrem
1520 2967 1737 3040 gaude?
1761 2976 1823 3022 ~et
1845 2967 2197 3038 quamobrem

633 3061 954 3115 vehementer
1006 3061 1277 3115 delectare
1323 3068 1377 3114 et
1426 3058 1636 3130 gaude?
1709 3056 1848 3125 Quia
1908 3057 2055 3112 venit
2104 3055 2198 3124 qui

630 3158 909 3209 convertat
952 3161 1024 3217 te,
1073 3151 1218 3215 sicut
1262 3151 1390 3213 olim
1437 3150 1685 3219 praedixit
1722 3156 1876 3218 pater
1912 3145 2074 3217 Regis
2105 3146 2198 3220 qui

631 3244 898 3312 convertit
927 3251 980 3300 te
1012 3263 1025 3307 ;
1064 3242 1131 3297 In
1167 3241 1508 3305 convertenda
1551 3240 1803 3295 Dominus
1841 3240 2196 3308 captivitatem

631 3336 783 3407 Sion,
831 3335 963 3409 facti
1005 3352 1187 3397 sumus
1237 3335 1371 3390 sicut
1414 3333 1672 3395 consolati
1710 3347 1729 3385 :
1768 3340 1889 3385 tunc
1942 3330 2197 3399 repletum

630 3435 709 3481 est
744 3427 938 3498 gaudio
977 3444 1034 3481 os
1091 3437 1349 3494 nostrum,
1402 3434 1451 3480 et
1497 3426 1679 3494 lingua
1728 3434 1909 3482 nostra
1961 3421 2199 3487 exsulta-

634 3520 774 3573 tione
807 3518 874 3572 ³⁰.
907 3515 1115 3581 Gaude,
1147 3516 1347 3587 inquit,
1377 3517 1524 3571 velut
1553 3513 1887 3585 postliminio
1918 3524 2137 3571 reversa
2167 3524 2198 3573 a

633 3611 951 3681 captivitate
979 3611 1285 3665 daemonum
1318 3617 1372 3664 et
1397 3608 1581 3665 saeculi
1615 3606 1778 3675 hujus
1812 3611 2103 3675 potestate,
2131 3600 2199 3655 ad

634 3703 912 3765 caelestem
946 3701 1094 3755 illam
1120 3699 1454 3764 Jerusalem",
1499 3715 1660 3770 quam
1690 3713 1840 3769 pater
1871 3705 1996 3750 tuus
2024 3693 2198 3749 Abra-

633 3796 760 3863 ham
778 3795 1148 3865 exspectabat,
1167 3794 1241 3846 uti
1261 3792 1335 3845 ait
1353 3789 1585 3860 quodam
1610 3790 1729 3843 loco
1752 3788 1942 3842 beatus
1961 3784 2161 3838 Paulus
2184 3800 2198 3836 :

647 3886 751 3941 Vos
790 3895 965 3940 autem
998 3886 1293 3939 accessistis
1325 3883 1393 3937 ad
1431 3880 1559 3936 Sion
1598 3893 1823 3935 montem
1856 3888 1904 3932 et
1942 3879 2203 3932 civitatem

636 3980 736 4034 Dei
770 3979 1018 4044 virentis,
1046 3975 1343 4037 Jerusalem
1374 3975 1628 4028 cmlestem
1673 3983 1722 4026 et
1760 3971 2045 4025 multorum
2083 3970 2205 4024 mil-

641 4073 771 4137 lium
797 4072 1101 4142 angelorum
1132 4069 1478 4140 frequentiam
1498 4107 1513 4131 ,
1538 4078 1589 4121 et
1618 4064 1891 4123 ecclesiam
1915 4063 2206 4133 primitiua-

641 4180 758 4227 rum
790 4148 887 4235 qui
908 4164 1193 4233 conscripti
1221 4171 1343 4229 sunt
1373 4163 1426 4215 in
1458 4161 1636 4224 ccelis,
1680 4167 1731 4213 et
1762 4156 1997 4226 judicem
2043 4154 2206 4208 Deum

642 4255 811 4323 uiuum
831 4296 845 4320 ,
870 4262 919 4308 et
946 4254 1164 4324 spiritus
1184 4253 1453 4322 justorum
1479 4251 1829 4323 perfectorum
1852 4248 1918 4302 ⁸¹.
1954 4244 2100 4300 Unde
2123 4247 2211 4314 fu-

638 4346 714 4417 git
766 4344 937 4411 dolor,
978 4345 1215 4415 [tristitia
1256 4353 1305 4397 et
1368 4344 1592 4415 gemitus
1641 4341 1685 4372 “
1733 4358 1745 4393 :
1798 4338 1901 4393 Ubi
1948 4337 2210 4406 iustorum

641 4438 873 4503 omnium
892 4436 1183 4491 laetantium
1198 4434 1455 4501 habitatio
1483 4444 1559 4487 est
1583 4433 1646 4486 ³³.
1670 4430 1826 4494 Tunc
1859 4430 2129 4485 delectare
2157 4435 2212 4482 et

2282 1976 2493 2048 τρέχων
2546 1977 2645 2046 τῆς
2700 1975 2973 2046 βασιλείας
3030 1974 3138 2047 πρὸ
3188 1973 3400 2027 πολλῶν
3462 1971 3566 2025 τῶν
3615 1972 3792 2043 χρόνων.

2283 2071 2468 2137 Δεῦτε,
2503 2069 2897 2139 ἀπολαύσωμεν
2911 2106 2927 2132 ,
2952 2069 3028 2130 ὡς
3068 2066 3275 2135 λογικοὶ
3297 2064 3606 2135 δαιτύμονες
3621 2103 3635 2125 ,
3658 2063 3715 2116 τὰ
3735 2063 3798 2117 διὰ

2287 2167 2550 2237 στόματος
2580 2163 2714 2217 Θεοῦ
2758 2164 3161 2234 ἐκπορευόμενα
3204 2163 3424 2233 ῥήματα
3460 2159 3545 2212 διὰ
3568 2158 3650 2211 τοῦ
3678 2175 3798 2210 πνευ-

2290 2257 2516 2330 ματικοῦ
2546 2257 2851 2327 ἑστιάτορος
2871 2256 3135 2325 Ζαχαρίου
3156 2271 3169 2285 ο
3189 2254 3339 2323 αὐτῷ
3353 2253 3462 2323 γὰρ
3488 2252 3632 2321 ἔλαχε
3651 2249 3797 2319 θρέψαι

2287 2352 2433 2422 ἡμᾶς
2461 2352 2518 2402 ὲν
2544 2351 2610 2420 τῇ
2638 2350 2796 2420 ἑορτῇ
2826 2346 3024 2419 ταύτῃ·
3055 2344 3235 2407 καθώς
3268 2361 3433 2415 φησιν
3462 2345 3491 2396 ὁ
3516 2342 3721 2411 Κύριος,
3739 2342 3797 2393 ὅτι

2294 2444 2414 2496 Οὐκ
2442 2442 2533 2497 ἐπ’
2559 2438 2714 2506 ἄρτῳ
2739 2439 2904 2506 μόνῳ
2942 2436 3177 2503 ζήσεται
3218 2434 3558 2503 ἄνθρωπος,
3593 2430 3798 2487 illisi

2291 2538 2467 2592 παντὶ
2509 2537 2724 2604 ῥήματι
2753 2532 3198 2602 ἐκπορευομένῳ
3236 2531 3335 2585 διὰ
3362 2531 3643 2599 στόματος
3671 2526 3796 2583 Θεοῦ.

2303 2626 2519 2697 Ἐπειδὴ
2558 2624 2668 2696 γὰρ
2710 2626 2742 2696 ὴ
2787 2623 2930 2693 λύπη
2968 2623 3117 2695 παρὰ
3160 2624 3274 2685 τοῖς
3310 2619 3609 2693 ἀνθρώποις
3646 2616 3797 2690 μισητὴ

2291 2718 2549 2789 τυγχάνει
2572 2758 2587 2782 ,
2628 2715 2836 2787 ποθητὴ
2874 2715 2931 2767 δὲ
2969 2716 3002 2785 ἡ
3047 2715 3192 2785 χαρά
3217 2733 3228 2746 ·
3273 2714 3386 2768 ἀπὸ
3428 2714 3593 2784 χαρᾶς
3628 2713 3797 2783 ἄρχεται

2297 2809 2423 2881 βοᾷν
2456 2809 2627 2877 λέγων
2645 2825 2660 2839 ’
2690 2806 2865 2875 Χαῖρε
2902 2805 3156 2875 σφόδρα,
3192 2806 3446 2874 θύγατερ
3482 2804 3636 2859 Σιών.
3670 2801 3797 2870 Xaips

2297 2899 2551 2969 σφόδρα,
2583 2898 2680 2970 βοᾷ
2710 2900 2738 2952 6
2771 2898 3055 2971 προφήτης
3088 2897 3223 2967 πρὸς
3252 2895 3352 2966 τὴν
3384 2892 3794 2966 αἰχμαλωσίαν.“ο

2291 2991 2482 3056 βάθος
2521 2991 2784 3044 πλούτου
2829 2988 2927 3042 καὶ
2963 2988 3183 3056 σοφίας
3221 2987 3323 3040 καὶ
3368 2986 3627 3056 γνώσεως
3657 2979 3798 3038 erat?!

2298 3082 2397 3136 Διὰ
2419 3083 2472 3135 τὶ
2499 3081 2697 3151 χαῖρε;
2734 3081 2826 3135 καὶ
2849 3079 2937 3133 διὰ
2958 3079 3009 3133 τί
3043 3079 3277 3148 σφόδρα
3297 3079 3503 3151 τέρπου
3525 3077 3609 3131 καὶ
3637 3072 3799 3145 εὐφραί-

2300 3189 2424 3237 νου;
2455 3171 2577 3224 Ὅτι
2619 3171 2743 3241 ἥκει
2794 3172 2823 3223 6
2869 3168 3208 3240 ἐπιστρέφων
3268 3185 3330 3221 σε
3357 3208 3373 3232 ,
3443 3166 3614 3230 καθὼς
3656 3178 3798 3234 προαν-

2299 3262 2574 3335 εφὼνησεν
2607 3264 2635 3316 6
2672 3261 2858 3333 Πατὴρ
2907 3260 3001 3314 τοῦ
3040 3259 3461 3329 ἐπιστρέφοντος
3502 3276 3558 3311 σε
3599 3255 3798 3328 βασιλέως

2294 3356 2498 3425 λέγων·
2547 3356 2650 3409 Ἐν
2690 3353 2770 3418 τῷ
2823 3351 3179 3420 ἐπιστρέψαι
3224 3353 3448 3419 Κύριον
3490 3351 3598 3419 τὴν
3643 3351 3796 3416 αἰχμα-

2295 3448 2526 3503 λωσίαν
2587 3444 2741 3500 Σιὼν
2766 3485 2779 3507 ,
2833 3442 3198 3512 ἐγενήθημεν
3276 3443 3360 3508 ὡς
3434 3432 3799 3510 παρακεκλημζ

2296 3554 2421 3594 νοι·
2454 3538 2586 3593 τότε
2633 3535 2909 3603 ἐπλήσθη
2954 3535 3145 3603 χαρᾶς
3189 3533 3255 3588 τὸ
3302 3537 3498 3603 στόμα
3531 3526 3798 3602 manu:

2298 3632 2337 3699 ἡ
2398 3628 2648 3699 γλῶσσα
2703 3625 2874 3697 ἡμῶν
2932 3627 3366 3701 Δἀγαλλιάσεως.
3429 3628 3624 3695 Χαῖρε,
3665 3620 3796 3691 φησὶν.

2298 3722 2383 3774 ὅτι
2433 3720 2787 3790 ύπεστράφης
2838 3720 2902 3772 ἐκ
2946 3721 3044 3791 τῆς
3088 3719 3463 3790 αἰχμαλωσίας
3520 3718 3617 3771 τῶν
3666 3711 3801 3781 δαιμό-

2300 3832 2428 3877 νων,
2463 3813 2559 3867 καὶ
2587 3813 2653 3868 ἐκ
2676 3812 2773 3882 τῆς
2804 3810 3051 3876 ἐξουσίας
3083 3811 3175 3864 τοῦ
3208 3810 3404 3874 αἰῶνος
3429 3810 3627 3872 τούτου,
3653 3809 3716 3869 είς
3734 3805 3801 3873 τὴν

2302 3907 2414 3965 ἄνω
2447 3904 2822 3975 Ἰερουσαλὴμ,
2849 3904 2913 3974 ἢν
2929 3902 3199 3973 ἐξεδέχετο
3219 3904 3247 3955 6
3273 3905 3456 3974 πατήρ
3479 3919 3567 3955 σου
3593 3896 3801 3969 Ἀϐραὰμ,

2304 3996 2484 4058 καθώς
2530 4012 2632 4047 που
2677 3997 2706 4048 6
2750 3995 3015 4066 μακάριος
3056 3993 3268 4058 Παῦλος
3323 4011 3518 4064 φησιν·
3566 3989 3730 4060 Ὑμεῖς
3757 3982 3803 4038 δὲ

2306 4086 2797 4154 προσεληλύθατε
2825 4088 2977 4139 Σιων
3006 4084 3127 4153 ὄρει
3151 4085 3250 4137 καὶ
3273 4087 3448 4139 πόλει
3465 4083 3602 4137 Θεοῦ
3629 4081 3803 4142 ζῶντος.

2320 4175 2709 4244 Ἰερουσαλὴμ
2741 4175 3094 4243 ἐπουρανίῳ,
3141 4177 3240 4227 καὶ
3281 4173 3563 4243 μυριάσιν
3600 4168 3804 4241 ἀγγέλων

2310 4267 2654 4336 πανηγύρει,
2682 4264 2781 4318 καὶ
2804 4265 3100 4332 ἐκκλησία
3114 4266 3500 4333 πρωτοτόκων
3521 4263 3804 4329 dam-9W

2306 4356 2505 4425 μένων
2530 4357 2601 4409 ἐν
2626 4354 2752 4421 τοῖς
2782 4354 3077 4423 οὐρανοῖς,
3114 4354 3212 4409 καὶ
3241 4351 3413 4421 κριτῇ
3434 4350 3548 4415 Θεῷ
3569 4347 3723 4410 ζ’ὧντιν
3739 4339 3805 4395 καί

2312 4449 2614 4517 πνεύμασι
2649 4446 2892 4500 δικαίων
2946 4444 3412 4515 τετελειωμένων
3428 4460 3440 4473 '
3468 4442 3596 4496 ὅθεν
3637 4432 3805 4500 ἀπέδρα

638 4530 943 4612 jucumlare
972 4537 1027 4584 et
1056 4528 1231 4600 gaude
1254 4526 1602 4593 vehementer
1634 4525 1743 4591 tilia
1762 4564 1777 4588 ,
1814 4523 1976 4592 hujus
2002 4521 2195 4591 utique

2281 4559 2290 4602 ι
2317 4537 2523 4603 ὀδύνη,
2552 4536 2717 4602 λύπη
2745 4536 2843 4589 καὶ
2880 4535 3244 4607 στεναγμός·
3298 4533 3446 4588 ἔνθα
3480 4530 3693 4584 πάντων
3726 4519 3805 4574 τῶν

644 4620 796 4676 Sion.
824 4621 935 4676 Cur
961 4636 1110 4687 vero,
1136 4619 1351 4690 inquit,
1376 4618 1721 4685 vehementer
1740 4614 2004 4691 gaudebo,
2029 4627 2062 4666 ο
2084 4627 2213 4691 pro-

642 4713 849 4789 pheta?
878 4713 1094 4778 Gaude,
1128 4715 1256 4784 quia
1283 4727 1391 4769 non
1424 4710 1568 4764 ultra
1601 4690 1884 4763 doloribus
1917 4706 2026 4762 illis
2059 4690 2216 4758 man-

645 4809 875 4880 cipanda
906 4810 984 4866 sis
1012 4829 1025 4865 :
1051 4809 1366 4864 vehementer
1420 4814 1602 4867 autem
1623 4845 1638 4869 ,
1673 4819 1737 4859 eo
1770 4801 1917 4874 quod
1953 4801 2216 4862 liberator

645 4911 777 4970 tuus
806 4902 949 4959 haud
984 4904 1181 4960 habent
1225 4904 1303 4958 uti
1337 4902 1658 4971 alii.reges,
1688 4898 1783 4966 sed
1826 4898 1897 4964 sit
1929 4912 2024 4957 rex
2054 4904 2213 4952 aeter-

646 5014 753 5065 nus
771 5038 786 5061 ,
816 5005 869 5053 et
890 5000 1047 5068 cujus
1072 5015 1299 5070 regnum
1327 5007 1587 5055 aeternum
1615 4998 1724 5061 sit,
1754 4991 2212 5067 quemadmodum

649 5088 726 5153 ait
763 5088 981 5155 Gabriel
1023 5089 1248 5158 angelus
1294 5087 1362 5141 ad
1404 5086 1526 5158 ejus
1564 5094 1792 5148 matrem
1839 5100 1906 5140 ac
1947 5084 2212 5155 virginem

649 5180 914 5245 Mariam:
962 5178 1032 5232 Et
1070 5180 1213 5251 regni
1255 5180 1367 5248 ejus
1415 5196 1521 5234 non
1561 5179 1661 5234 erit
1704 5180 1827 5249 finis
1862 5179 1945 5232 ’δε
1979 5191 2044 5240 ac
2076 5179 2219 5243 sicut

650 5274 772 5345 ejus
818 5286 1045 5344 regnum
1087 5279 1351 5333 aeternum
1405 5278 1522 5334 est,
1564 5270 1642 5325 ita
1683 5273 1834 5337 salus
1875 5277 1970 5336 tua
2013 5275 2217 5324 aeterna

652 5366 778 5422 erit.
807 5364 1035 5436 Propter
1063 5363 1168 5434 boc
1196 5376 1356 5432 ergo,
1381 5359 1562 5417 Gaude
1586 5362 1907 5431 vehementer
1923 5377 1943 5429 ς
1965 5357 2219 5431 praedicti,

2315 4627 2561 4681 δικαίων
2602 4625 3081 4695 εὐφραινομένων
3126 4624 3296 4678 ἐστὶν
3334 4626 3372 4693 ἡ
3423 4620 3685 4677 κατοικία.
3715 4612 3804 4667 Τότε

2315 4719 2513 4789 τέρπου
2552 4717 2645 4771 καὶ
2682 4717 2992 4789 εὐφραίνου,
3026 4716 3119 4771 καὶ
3154 4719 3309 4789 χαῖρε
3353 4714 3568 4785 σφόδρα,
3612 4709 3805 4774 θύγατερ.

2315 4807 2520 4878 ταύτης
2546 4807 2645 4878 τῆς
2682 4805 2850 4869 Σιὼν,
2889 4805 3062 4876 δῆλον.
3101 4806 3210 4867 Καὶ
3246 4806 3334 4859 διὰ
3370 4806 3422 4858 τί
3468 4818 3621 4873 φησι,
3654 4792 3805 4866 Σφόδρα

2315 4899 2509 4973 χαίρω,
2532 4893 2577 4953 ὧ
2596 4899 2874 4971 προφῆτα;
2907 4897 3100 4966 Χαῖρε,
3145 4898 3278 4956 διότι
3303 4897 3485 4953 οὐκέτι
3508 4894 3693 4948 ὀδύναις
3706 4882 3804 4973 tul:

2316 4969 2434 5058 ναιξ
2484 4969 2930 5063 αἰχμαλωτεύσῃο
2979 4989 3213 5059 σφόδρα
3261 4989 3349 5054 δὲ,
3399 4988 3528 5043 διότι
3562 4985 3650 5054 οὐχ
3691 4979 3748 5039 ὡς
3773 4969 3804 5024 οε

2314 5083 2492 5137 λοιποὶ
2523 5082 2778 5154 βασιλεῖς,
2811 5081 2981 5143 οὕτως
3007 5083 3036 5134 6
3068 5081 3323 5153 ῥυόμενός
3352 5098 3413 5134 σε
3432 5098 3444 5111 ·
3477 5077 3600 5135 ἀλλὰ
3623 5066 3802 5145 βασιλεὺς

2319 5174 2555 5238 αἰώνιος,
2589 5173 2683 5227 καὶ
2709 5172 2900 5225 αἰωνία
2935 5168 3099 5225 αὐτοῦ
3138 5171 3171 5241 ἡ
3202 5169 3477 5241 βασιλεία,
3509 5162 3668 5225 καθώς
3691 5167 3803 5228 φησιν

2321 5267 2349 5318 6
2380 5263 2607 5335 ἄγγελυς
2633 5261 2874 5334 Γαϐριὴλ
2907 5263 3041 5334 πρὸς
3065 5262 3161 5329 τὴν
3191 5260 3399 5331 μητέρα
3430 5253 3585 5313 αὐτοῦ
3612 5252 3691 5307 καὶ

2322 5329 2476 5410 θένον
2515 5329 2780 5426 Μαριάμί·
2831 5329 3082 5420 Καὶ-τῆς
3106 5329 3427 5418 βασιιλεῖας
3454 5344 3625 5405 αὑτοῦ
3654 5340 3740 5407 οὐκ

657 5420 773 5532 tilia
808 5420 958 5514 simi.
991 5421 1133 5525 Quid
1171 5420 1515 5539 praedicabo,
1558 5470 1592 5509 ο
1637 5428 1900 5525 propheta
1923 5420 2195 5507 i'Praedic:

2325 5463 2463 5501 σται
2492 5420 2685 5512 τέλοςο
2709 5420 2815 5498 ’καὶ
2839 5443 3019 5501 καθὼς
3044 5444 3236 5498 αἱωνία
3261 5440 3424 5497 αὐτοῦ
3450 5443 3483 5511 ἡ
3512 5420 3799 5509 βασὼίανοί·

729 5667 775 5701 ’⁸
812 5667 960 5737 Psal.
991 5683 1173 5732 vatt,
1210 5667 1318 5732 l9;
1366 5665 1565 5737 Ephes.
1602 5680 1684 5737 tv,
1715 5663 1766 5718 8.
1844 5662 1889 5697 "
1927 5661 2195 5737 ξξειιξιι

2306 5657 2360 5737 9-
2436 5657 2479 5703 "
2521 5654 2708 5737 Μειιιιιη
2734 5652 2934 5737 ,ιν-..ιη
2990 5653 3034 5684 ’⁸
3072 5652 3236 5708 ιθειι·
3260 5667 3324 5737 ιι
3345 5691 3361 5718 ν
3385 5650 3483 5737 3-.
3506 5648 3565 5737 f'.
3591 5640 3799 5737 “.m'a‘“

662 5736 749 5805 53.
813 5705 1340 5803 ":ull‘,.5;lf‘(;.t,xv.,vi’,
1796 5749 1870 5788 xu
1892 5772 1907 5798 ,
1927 5705 2195 5798 Darii-5'..-

2310 5705 2416 5783 iéa.
2453 5741 2500 5781 ιι
2522 5705 2707 5794 ξτὶἰζἻ
2732 5705 2957 5779 εἶνέέι.
2994 5705 3232 5790 ιιὶκνι,
3260 5705 3320 5779 ἰζ
3347 5705 3427 5753 ’³³
3463 5718 3585 5774 Luc.
3621 5728 3663 5778 ι,
3690 5705 3754 5761 35.
