4038 6288
328 297 464 356 1269

1339 299 1596 357 ORATIO
1635 300 1700 356 ΙΝ
1743 298 1978 354 RAMOS
2015 296 2429 357 PALMARUM.

3445 303 3583 363 1270

325 430 434 477 τως
487 413 681 469 αίωνία
736 431 827 469 σου
878 415 911 487 ἡ
964 417 1224 490 σωτηρία.
1272 417 1372 472 Διὰ
1414 418 1573 473 τοῦτο
1602 414 1696 473 οῦν
1732 418 1889 487 Χαῖρε

2009 417 2124 488 regi
2154 424 2247 473 tuo
2267 459 2281 483 ,
2312 419 2407 489 qui
2440 417 2586 474 venit
2617 416 2684 474 de
2715 416 2947 488 excelsis
2979 420 3246 476 oculorum
3297 424 3357 473 ut
3386 426 3441 474 te
3472 418 3581 474 sal-

326 505 594 575 σφόδραο
635 506 909 578 κήρυττε,
961 511 1211 581 θύγατερ
1252 510 1668 582 Ἰερουσαλήμ.
1713 512 1778 565 Τί
1810 531 1909 584 κη-

327 596 494 669 ρύξω,
526 593 571 653 ὧ
595 601 882 673 προφῆτα;
913 604 1162 675 Κήρυττε
1191 604 1268 675 τῷ
1294 604 1503 674 βασιλεῖ
1526 623 1641 672 σου,
1668 605 1746 677 τῷ
1773 623 1908 660 κατ-

326 688 533 746 ελθόντι
563 691 672 747 ἀπὸ
716 693 824 747 τῶν
869 694 1178 767 ὐψωμάτων
1206 697 1299 751 τοῦ
1340 697 1569 770 οὐρανοῦ
1602 697 1775 753 σῶσαί
1823 716 1904 762 σε,

326 782 699 854 εὐχαριστίαν,
713 784 1040 856 δοξολογίαν,
1059 788 1402 859 ὑμνολογίαν.
1417 792 1669 863 Κήρυττε
1697 792 1908 847 Ὡσαν-

324 875 404 928 νὰ
433 875 504 929 ἐν
531 875 654 943 τοῖς
669 880 971 947 ὑψίστοις,
994 879 1114 935 ὅθεν
1131 883 1461 953 παρεγένετο
1482 882 1653 937 σῶσαί
1676 901 1733 937 σε
1753 900 1769 916 ·
1791 884 1907 937 Εὑ-

323 967 656 1037 λογημένος
698 973 732 1024 ό
773 971 1095 1040 ἐρχόμενος
1123 973 1192 1027 ἐν
1226 974 1469 1044 ὀνόματι
1510 976 1750 1044 Κυρίου.
1794 976 1906 1030 Καὶ

326 1058 515 1111 σκόπει
535 1077 622 1131 μοι
638 1061 729 1114 τὸν
746 1063 1156 1133 εὐαγγελιστὴν,
1183 1064 1303 1129 πῶς
1319 1065 1539 1120 διπλοῦν
1555 1066 1646 1120 τὸν
1670 1065 1713 1120 Χ
1723 1067 1904 1138 ριστὸν

323 1148 602 1221 κηρύττει.
625 1151 713 1205 Ἐν
741 1152 819 1224 τῷ
840 1153 948 1225 γὰρ
975 1152 1174 1223 λέγειν,
1222 1156 1484 1211 Ὡσαννὰ
1512 1158 1582 1212 ἐν
1615 1157 1740 1225 τοῖς
1764 1159 1904 1228 ὑψί-

324 1258 514 1310 στοις,
557 1244 656 1317 τὴν
684 1245 893 1317 ὑψηλὴν
935 1248 1035 1319 τῆς
1075 1246 1325 1320 θεότητος
1363 1248 1522 1318 φύσιν
1552 1249 1732 1321 δηλοῖ·
1767 1253 1823 1303 ὲν
1847 1250 1903 1305 δὲ

323 1333 402 1403 τῷ
423 1334 603 1403 λέγειν
626 1352 640 1367 υ
661 1336 1090 1406 Εὐλογημένος
1133 1341 1165 1393 ὀ
1197 1341 1519 1411 ἐρχόμενος
1554 1343 1624 1397 ἐν
1662 1345 1904 1414 ὀνόματι

322 1425 565 1492 Κυρίου,
587 1425 685 1498 τὴν
720 1425 820 1498 τῆς
844 1428 1261 1503 ἀνθρωπότητος
1286 1435 1473 1489 οὐσίαν
1521 1435 1806 1508 σημαίνει⁵
1841 1438 1904 1492 τὸ

322 1515 681 1588 εὐλογημένον
710 1519 949 1593 σπέρμα,
969 1521 998 1574 ὃ
1027 1524 1291 1597 εὐλογήθη
1328 1527 1356 1579 6
1397 1526 1759 1600 εὐλογημένος
1775 1529 1900 1582 Ἀϐ-

325 1605 493 1677 ραὰμ,
519 1609 576 1661 ὲν
605 1607 683 1679 τῷ
722 1609 997 1682 σπέρματι
1029 1614 1193 1668 αὐτοῦ
1223 1615 1578 1689 εὐλογηθῆναι
1617 1618 1795 1673 πάντα
1832 1618 1903 1674 τὰ

322 1697 449 1771 ἔθνη
462 1701 571 1834 ’γῆς
587 1701 711 1772 γῆς·
741 1704 1151 1834 Εὐλιογημένην
1176 1708 1361 1779 φησιν,
1391 1709 1430 1778 ἠ
1457 1709 1751 1781 ἐρχομένη
1780 1712 1897 1776 ,ϐα-
1925 1780 1969 1834 Β

322 1797 458 1834 ﬁt]:
483 1811 520 1834 η
538 1793 645 1834 τηῧ
680 1809 830 1834 πητη
868 1817 900 1834 n
928 1796 1096 1834 ηἰιηῖιν
1125 1799 1298 1834 Anﬁlk

320 1794 521 1846 σιλεία
538 1793 645 1848 τοῦ
676 1795 900 1864 πατρὸς
928 1796 1096 1867 ἡμῶν
1119 1799 1319 1856 Δαϐίδ.

408 1906 774 1978 Αναλάϐωμεν
801 1908 962 1963 πάλιν
1002 1909 1100 1983 τὴν
1136 1912 1318 1986 φωνὴν
1349 1913 1447 1986 τὴν
1479 1917 1770 1989 προτέραν,
1805 1918 1898 1971 καὶ

320 1995 509 2069 ὥσπερ
542 1998 746 2068 μασθὸν
778 2000 1114 2070 προφητικὸν
1139 2002 1481 2075 ὲκπιέσωμεν
1507 2023 1519 2036 ·
1549 2006 1628 2059 ἔτι
1660 2007 1770 2080 γὰρ
1786 2007 1897 2078 ἕχει

319 2088 609 2155 γάλακτος.
634 2090 771 2163 Φησὶ
799 2092 908 2164 γάρ
926 2109 940 2124 ο
968 2094 1144 2164 Χαῖρε
1171 2097 1423 2168 σςρόδρα,
1451 2099 1702 2169 θύγατερ
1723 2102 1892 2154 Σιών

320 2177 577 2248 κήρυττε
597 2221 612 2245 ,
662 2183 914 2254 θύγατερ
956 2187 1369 2258 Ἰερουσαλήμ.
1399 2191 1511 2243 Καὶ
1551 2191 1692 2256 τίνος
1711 2191 1895 2247 ἕνεκεν

320 2272 570 2341 θύγατερ
598 2273 771 2339 Σιὼν,
812 2277 908 2329 καὶ
941 2279 1001 2331 οὐ
1033 2278 1206 2346 Σιών;
1261 2281 1355 2333 καὶ
1394 2282 1645 2352 θύγατερ
1684 2284 1896 2353 Ἰερου-

317 2365 547 2434 σαλὴμ,
577 2368 670 2420 καί⁵
685 2368 746 2421 οὐ
776 2368 1163 2442 Ἱερουσαλήμ;
1228 2372 1469 2444 Πρόσεχε
1495 2374 1753 2442 συνετῶς,
1782 2395 1892 2431 πα-

319 2456 560 2528 ρακαλῶ.
608 2458 817 2529 Ὥσπερ
847 2461 956 2534 γὰρ
987 2463 1054 2517 τὰ
1081 2464 1321 2535 ὀνόματα
1360 2465 1466 2519 τῶν
1498 2466 1763 2537 βοτανῶν,
1798 2471 1894 2524 καὶ¹

316 2547 425 2602 τῶν
454 2550 734 2613 πετεινῶν,
763 2553 985 2608 καὶτῶν
1007 2556 1370 2627 τετραπόδων,
1401 2558 1494 2611 καὶ
1535 2558 1642 2612 τῶν
1684 2560 1895 2633 ἀνθρώ-

317 2659 455 2707 πων,
486 2642 629 2697 κατὰ
654 2644 756 2716 τὴν
796 2645 1057 2718 διαφορὰν
1087 2648 1188 2718 τῆς
1223 2649 1437 2721 μορφῆς
1470 2651 1561 2705 καὶ
1601 2651 1702 2722 τῆς
1733 2652 1889 2707 δυνά-

317 2747 463 2802 μεως
488 2732 630 2787 οὕτω
659 2734 753 2787 καὶ
779 2734 840 2787 τὸ
866 2735 1038 2806 ὄνομα
1066 2737 1351 2808 κέκτηται,
1382 2739 1554 2805 οὕτως
1577 2743 1780 2814 ἑκάστη
1807 2761 1894 2797 κε·

318 2820 443 2890 ραία
492 2824 599 2875 τῶν
657 2821 815 2876 θείων
847 2823 1042 2893 λογίων
1078 2825 1216 2880 ἰδίαν
1260 2827 1488 2899 δύναμιν
1534 2831 1629 2884 καὶ
1660 2831 1890 2905 θεωρίαν

311 2910 594 2982 κέκτηται.
628 2912 836 2967 Οὐκοῦν
864 2917 1266 2989 ὲρευνήσωμεν,
1316 2920 1370 2972 τί
1413 2921 1612 2994 δήποτε
1661 2923 1759 2996 τὴν
1793 2923 1890 2978 νῦν

313 3003 510 3073 πιστὴν
547 3004 897 3078 Ἰερουσαλὴμ
929 3008 1143 3080 πρῶτον
1162 3010 1318 3063 καλεί
1353 3013 1380 3064 6
1414 3015 1697 3085 προφήτης
1722 3014 1890 3085 θυγα-

308 3094 444 3197 τέρα
484 3095 631 3197 ξιῶν
681 3096 960 3197 [κήρυττε,
1013 3099 1250 3174 θύγατερ
1317 3103 1716 3179 Ἱερουσαλήμ].
1752 3109 1960 3197 (Prich

309 3184 446 3259 γάρ’
476 3186 652 3257 Χαῖρε
684 3189 939 3259 σφόδρα,
974 3193 1223 3263 θύγατερ
1248 3195 1399 3250 Σιών
1418 3214 1431 3228 ·
1477 3198 1748 3267 κήρυττε.
1787 3203 1881 3257 θύ-

308 3294 483 3347 γατερ
535 3280 935 3353 Ἰερουσαλήμ.
1003 3283 1140 3339 Σιὼν
1206 3288 1559 3360 ἑρμηνεύεται
1620 3290 1876 3360 διψῶσα.

313 3371 468 3426 Ἔστι
496 3372 552 3425 δὲ
583 3373 720 3445 αῦτη
746 3378 779 3446 ή
814 3378 1104 3451 συναγωγὴ
1140 3379 1249 3433 τῶν
1283 3380 1504 3436 δικαίων
1538 3383 1633 3436 καὶ
1669 3402 1882 3458 προφη-

306 3461 416 3516 τῶν
436 3480 449 3494 ·
472 3464 581 3517 τῶν
603 3467 697 3519 ἀπ’
720 3467 913 3534 αἰῶνος
954 3472 1114 3543 μέχρι
1145 3473 1245 3544 τῆς
1276 3474 1512 3546 Χριστοῦ
1542 3477 1845 3547 παρουσίας
1862 3494 1877 3508 ’

304 3553 632 3625 διψήσαντες
681 3559 943 3631 ὲνωθῆναι
975 3563 1068 3616 καὶ
1114 3564 1479 3636 εὐαρεστῆσαι
1518 3569 1585 3638 τῇ
1635 3566 1755 3640 θεία
1787 3569 1882 3623 καὶ

307 3652 653 3721 προσκυνητῇ
695 3651 851 3724 οὐσίᾳ
879 3653 978 3724 τῆς
1015 3653 1284 3725 θεότητος,
1312 3655 1492 3721 καθώς
1533 3674 1694 3728 φησιν
1731 3660 1758 3712 6
1791 3676 1882 3713 κο-

310 3743 536 3812 ρυφαῖος
557 3742 665 3796 τῶν
688 3743 1000 3799 ἀποστόλων
1016 3747 1238 3819 Πέτρος·
1265 3749 1398 3803 Ἵνα
1415 3748 1699 3819 γένωνται
1718 3751 1881 3818 θείας

306 3833 579 3887 κοινωνοὶ
609 3835 867 3903 φύσεως.
890 3831 1067 3901 Οὗτοι,
1098 3838 1388 3909 ζητοῦντες
1413 3841 1506 3894 τὸν
1533 3843 1768 3911 Χριστὸν
1784 3846 1879 3898 καὶ

301 3923 582 3995 διψῶντες,
615 3926 917 3999 ἐκλήθησαν
951 3927 1109 3997 Σιὼν,
1139 3930 1321 3994 καθὼς
1343 3927 1422 3995 εἷς
1458 3932 1518 3997 ἐξ
1555 3933 1734 3988 αὐτῶν
1763 3935 1879 3989 ἔλε-

301 4033 398 4086 γεν
418 4033 434 4049 ο
481 4018 813 4087 Ἐδὶψησεν-
835 4020 872 4088 ἡ
899 4021 1067 4090 ψυχή
1080 4040 1199 4091 μου
1225 4024 1375 4092 πρὸς
1416 4024 1523 4078 τόν
1572 4027 1721 4081 Θεὸν
1770 4028 1878 4082 τὸν

303 4111 556 4181 ἰσχυρὸν
603 4112 711 4166 τὸν
743 4111 943 4174 ζῶντα.
981 4116 1146 4168 Ὅταν
1188 4116 1246 4169 δὲ
1288 4117 1546 4189 ἐπέτυχον
1585 4120 1676 4173 καὶ
1724 4121 1878 4192 ἤγγι-

303 4217 422 4264 σαν,
450 4202 646 4273 μᾶλλον
671 4203 727 4256 δὲ
760 4202 1050 4275 ὤφθησαν
1089 4207 1185 4261 καὶ
1218 4208 1560 4277 ἐθεώρησαν
1591 4213 1659 4266 τὸ
1689 4214 1879 4282 πρόσο-

299 4308 464 4347 ωπον
483 4294 670 4349 αὐτοῦ
688 4313 703 4327 ο
720 4294 862 4350 οὓτω
887 4297 996 4371 γὰρ
1027 4298 1175 4368 λέγει
1196 4300 1357 4371 ἑτέρα
1377 4300 1605 4367 ἔκδοσις·
1629 4304 1877 4372 ἐγένοντο

310 4386 683 4460 Ἰερουσαλὴμ,
714 4390 948 4461 ὁρῶντες
970 4390 1120 4456 Θεὸν,
1145 4393 1238 4446 καὶ
1279 4397 1671 4468 σκοπευτήριον
1696 4399 1875 4471 πάσης

2012 518 2130 574 vet,
2160 511 2463 581 gratiarum
2490 510 2794 575 actionem,
2829 509 3282 580 gloriﬁcationem
3303 550 3319 575 ,
3358 510 3580 566 laudum

2007 603 2245 655 cantica.
2277 600 2521 658 Praedica
2556 600 2818 657 Hosanna
2846 602 2901 654 in
2938 601 3218 656 altissimis
3245 601 3324 668 ³⁸,
3359 601 3503 657 unde
3534 602 3582 656 is

2007 698 2063 748 te
2115 692 2428 749 salvaturus
2459 692 2718 748 advenit:
2770 692 3085 747 Benedictus
3112 693 3202 764 qui
3233 694 3366 747 venit
3398 691 3452 747 in
3481 710 3581 747 no-

2006 783 2145 838 mine
2173 783 2389 838 Domini
2420 784 2486 841 ³⁶.
2521 782 2602 839 Tu
2652 798 2782 840 vero
2811 783 2945 839 mihi
2974 785 3363 855 evangelistam
3400 784 3582 840 consi-

2003 872 2168 937 dera,
2224 881 2283 928 ut
2332 874 2607 945 duplicem
2662 874 2942 930 Christum
2995 874 3278 946 praedicet.
3342 873 3583 929 Dicenda

2005 966 2149 1020 enim
2178 1009 2194 1034 ,
2230 965 2490 1022 Hosanna
2536 969 2591 1021 in
2635 967 2948 1033 altissimis,
2999 968 3285 1023 sublimem
3326 976 3579 1022 naturam

2004 1054 2312 1113 divinitatis
2340 1056 2583 1113 ostendit
2608 1075 2623 1125 ;
2649 1057 2883 1113 dicendo
2907 1064 3088 1112 autem
3115 1077 3130 1113 :
3154 1056 3466 1112 Benedictus
3492 1058 3582 1127 qui

2003 1149 2139 1203 venit
2172 1149 2226 1202 in
2260 1151 2471 1204 nomine
2505 1149 2753 1213 Domini,
2788 1150 3155 1205 substantiam
3190 1150 3440 1221 designat
3470 1149 3578 1204 hu-

2003 1240 2281 1297 manitatis
2306 1260 2319 1296 :
2341 1257 2547 1311 semen,
2583 1242 2839 1313 inquam,
2877 1242 3011 1296 illud
3030 1241 3401 1309 benedictum,
3434 1242 3576 1312 quod

2001 1330 2325 1389 benedictus
2359 1332 2631 1388 Abraham
2667 1333 2723 1387 in
2762 1332 3193 1388 benedictionem
3236 1334 3477 1404 accepit,
3519 1342 3578 1387 ut

2002 1422 2059 1477 in
2089 1424 2299 1480 semine
2329 1424 2451 1493 ejus
2491 1426 2949 1481 benedicerentur
2994 1441 3187 1483 omnes
3231 1433 3418 1497 gentes
3467 1433 3578 1480 tet:-

2001 1529 2077 1569 τω
2096 1515 2161 1569 ³⁷.
2191 1514 2534 1570 Benedictum
2557 1555 2571 1581 ,
2594 1517 2772 1589 inquit
2795 1558 2809 1584 ,
2838 1516 2977 1588 quod
3004 1520 3139 1573 venit
3169 1534 3382 1589 regnum
3406 1520 3575 1588 patris

2001 1605 2169 1659 nostri
2197 1603 2371 1659 David
2399 1606 2465 1660 ³⁸.

2070 1908 2158 1963 ιν.
2188 1908 2552 1965 Resumamus
2579 1907 2815 1979 priorem
2840 1921 3027 1963 vocem
3051 1947 3065 1973 ,
3091 1921 3156 1962 ac
3176 1906 3324 1963 velut
3342 1906 3573 1979 prophe-

1998 2001 2107 2056 tica
2140 2001 2306 2056 ubera
2334 2001 2747 2072 exprimamus:
2783 2006 2984 2071 quippe
3017 2000 3195 2057 adhuc
3229 2003 3312 2057 lac
3346 2003 3569 2059 habent.

1996 2091 2087 2146 Ait
2120 2092 2423 2163 siquidem:
2456 2088 2639 2145 Gaude
2682 2090 3018 2157 vehementer,
3055 2091 3172 2161 ﬁlia
3215 2090 3390 2156 Sion;
3433 2109 3571 2161 pra:-

1996 2174 2150 2248 dica,
2182 2183 2301 2252 ﬁlia
2326 2181 2648 2237 Jerusalem.
2690 2180 2963 2248 Quorsum
3012 2198 3145 2238 vero
3170 2222 3184 2247 ,
3236 2184 3357 2253 [ilia
3398 2182 3528 2239 Sion
3552 2224 3567 2249 ,

1998 2289 2106 2329 non
2141 2272 2315 2329 Sion?
2342 2273 2617 2340 Quorsum
2659 2274 2776 2343 ﬁlia
2814 2272 3114 2329 Jerusalem
3134 2316 3148 2340 ,
3200 2292 3310 2331 non
3341 2274 3567 2332 Jerusa-

1993 2366 2144 2421 lem?
2198 2364 2395 2432 Quwso
2446 2364 2697 2420 attendas
2743 2365 3036 2434 sapienter.
3097 2365 3566 2432 Quemadmodum

1994 2458 2138 2513 enim
2168 2458 2319 2513 olera
2340 2498 2356 2521 ,
2390 2456 2678 2521 volucres,
2717 2457 3073 2527 quadrupeda
3108 2458 3365 2513 animalia
3401 2469 3566 2530 atque

1994 2550 2276 2615 homines,
2319 2564 2418 2621 pro
2461 2549 2613 2603 varia
2659 2548 2833 2603 forma
2877 2557 3041 2621 atque
3071 2551 3310 2614 virtute,
3343 2551 3448 2605 alia
3482 2556 3567 2606 at-

1993 2641 2247 2713 que‘alia
2290 2650 2622 2712 acceperunt
2654 2642 2900 2706 nomina,
2957 2644 3038 2698 sic
3072 2658 3203 2698 sane
3248 2643 3450 2714 singuli
3482 2643 3567 2698 di-

1993 2735 2241 2789 vinorum
2278 2734 2620 2804 eloquiorum
2657 2734 2871 2804 apices,
2905 2735 3164 2790 virtutem
3196 2737 3468 2806 propriam
3501 2750 3566 2791 ac

1992 2841 2214 2882 sensum
2246 2827 2548 2898 spiritalem
2583 2827 2806 2883 hahent.
2841 2828 3165 2884 Scrutemur
3182 2846 3342 2901 ergo,
3372 2844 3566 2900 quam-

1990 2919 2179 2975 obrem
2209 2919 2471 2989 pr0pheta
2492 2961 2507 2986 ,
2558 2919 2768 2976 ﬁdelem
2802 2922 3106 2977 Jerusalem
3129 2963 3144 2988 ,
3191 2923 3428 2994 primum
3465 2937 3563 2992 ap-

1992 3011 2154 3083 pellet
2206 3010 2371 3065 ﬁliam
2420 3012 2592 3079 Sion;
2629 2998 2971 3083 subimleque
3019 3012 3184 3067 tiliam
3233 3012 3560 3071 Jerusalem.

1990 3103 2125 3158 Nam
2156 3103 2230 3157 ait
2257 3122 2271 3158 :
2307 3101 2490 3159 Gaude
2519 3104 2863 3170 vehementer,
2894 3106 3013 3174 [ilia
3062 3104 3234 3170 Sion;
3282 3106 3517 3175 prazdica
3543 3146 3558 3172 ,

1990 3197 2108 3266 ﬁlia
2138 3194 2459 3251 Jerusalem.
2499 3197 2630 3251 Sion
2665 3199 2956 3268 exponitur
2985 3199 3189 3253 sitiens.
3222 3197 3348 3254 Haec
3393 3215 3560 3271 porro

1981 3288 2257 3358 justorum
2291 3304 2354 3343 ac
2380 3289 2767 3360 prophetarum
2796 3291 3143 3360 congregatio
3171 3298 3254 3347 est
3273 3330 3286 3355 ,
3318 3293 3410 3362 qui
3443 3292 3561 3350 fue~

1985 3389 2115 3436 runt
2139 3397 2167 3436 a
2201 3381 2401 3437 saeculo
2432 3398 2605 3452 usque
2635 3381 2700 3437 ad
2732 3382 2936 3437 Christi
2971 3383 3261 3437 adventum
3290 3402 3303 3438 :
3339 3384 3433 3455 qui
3467 3384 3554 3438 ni-

1983 3469 2184 3524 mirum
2220 3469 2363 3524 uniri
2397 3470 2686 3538 sitierunt,
2723 3485 2787 3525 ac
2833 3470 3049 3541 placere
3084 3470 3280 3528 divina:
3323 3474 3556 3529 adoran-

1981 3561 2174 3632 daaque
2218 3560 2524 3616 divinitatis
2565 3560 2925 3627 substantiae,
2973 3560 3432 3630 quemadmodum
3476 3563 3555 3617 ait

1979 3652 2175 3708 Petrus
2203 3653 2574 3724 apostolorum
2600 3652 2888 3723 princeps:
2925 3651 2993 3707 Ut
3013 3652 3204 3707 divina:
3228 3654 3555 3723 eﬁicerrntur

1979 3755 2245 3801 consortes
2279 3754 2485 3799 natura:
2518 3745 2584 3799 ”.
2621 3743 2686 3799 Hi
2714 3786 2730 3811 ,
2778 3745 3001 3815 inquam
3027 3786 3043 3811 ,
3077 3744 3355 3801 Christum
3406 3762 3555 3817 qua:-

1978 3845 2163 3893 rentes
2213 3851 2276 3891 ac
2330 3836 2579 3892 sitientes
2627 3835 2879 3906 appellati
2927 3843 3056 3890 sunt
3086 3832 3257 3897 Sion,
3292 3837 3554 3905 quemado

1978 3928 2199 3984 modum
2237 3942 2428 3982 eorum
2478 3926 2679 3998 aliquis
2731 3927 2809 3981 ait
2841 3944 2854 3981 :
2891 3924 3072 3982 Sitivit
3120 3927 3301 3981 anima
3335 3944 3449 3982 mea
3481 3930 3551 3984 ad

1978 4020 2148 4076 Deum
2191 4019 2379 4090 fortem
2431 4020 2601 4074 vivum
2642 4018 2709 4072 ‘°.
2765 4017 2868 4073 Ubi
2903 4030 3084 4075 autem
3115 4019 3295 4090 adepti
3327 4029 3461 4076 sunt
3488 4038 3553 4077 ac

1978 4122 2366 4180 accesserunt,
2404 4127 2500 4167 seu
2541 4112 2725 4183 potius
2768 4110 3014 4166 viderunt
3051 4129 3114 4166 ac
3155 4115 3377 4168 contuiti
3424 4124 3552 4169 sunt

1976 4207 2165 4277 faciem
2196 4206 2350 4276 ejus;
2382 4206 2462 4261 sic
2494 4206 2640 4261 enim
2675 4205 2839 4261 habet
2870 4205 2977 4259 alia
3006 4205 3215 4272 editio;
3251 4205 3383 4262 facti
3414 4216 3547 4263 sunt

1974 4298 2275 4355 Jerusalem
2310 4290 2479 4353 Deum
2512 4295 2760 4352 videntes
2782 4338 2798 4364 ,
2833 4312 2915 4353 ac.
2931 4297 3100 4351 totius
3135 4297 3381 4352 scientia:
3422 4312 3549 4367 spe-

1976 4393 2120 4447 cula.
2157 4390 2330 4460 Hujus
2363 4402 2529 4460 porro
2563 4387 2696 4444 Sion
2728 4388 2893 4444 ﬁliam
2924 4396 3112 4455 vocat,
3146 4388 3332 4445 ﬁdeles
3357 4389 3413 4445 in
3444 4389 3552 4445 Do-

296 4480 397 4549 τῆς
429 4478 699 4547 γνώσεως.
723 4480 1007 4554 Θυγατέρα
1043 4483 1100 4538 δὲ
1138 4484 1340 4557 ταύτης
1382 4486 1521 4541 Σιὼν
1552 4488 1708 4543 καλεῖ
1750 4492 1876 4556 τοὺς

1986 4484 2130 4538 mino
2175 4484 2269 4553 qui
2313 4482 2506 4537 sitiunt
2555 4496 2651 4552 per
2705 4481 2900 4545 tidem,
2952 4481 3157 4552 quique
3199 4480 3549 4552 exsequendo

294 4569 384 4624 διὰ
411 4572 511 4641 τῆς
531 4571 764 4636 πίστεως
781 4573 1067 4644 διψῶντας,
1096 4578 1193 4631 καὶ
1227 4578 1315 4632 διὰ
1346 4580 1444 4652 τῆς
1477 4582 1737 4654 ἐργασίας
1768 4584 1875 4637 τῶν

295 4661 523 4716 ἐντολῶν
565 4662 659 4716 τοῦ
708 4664 1060 4733 Εὐαγγελίου,
1107 4666 1403 4739 ζητοῦντας
1442 4672 1621 4743 εὑρεῖν
1645 4675 1735 4726 τὸν
1769 4673 1877 4727 Κύ-

298 4767 434 4821 ριον,
477 4753 568 4806 τὸν
617 4755 675 4808 ὲν
717 4755 902 4819 αὐτοῖς
931 4760 1332 4829 κεκρυμμένον,
1391 4762 1572 4827 καθώς
1626 4781 1760 4837 φησι
1809 4765 1873 4820 τὸ

294 4843 449 4914 ἅγιον
482 4846 736 4918 Πνεῦμα·
780 4848 939 4916 Αὕτη
977 4851 1015 4918 ἠ
1049 4852 1219 4920 γενεὰ
1257 4850 1588 4920 ζητούντων
1614 4857 1722 4909 τὸν
1749 4859 1869 4911 Κύ-

285 4954 441 5006 ριον,
489 4936 819 5006 ζητούντων
857 4941 923 4995 τὸ
960 4944 1283 5012 πρόσωπον
1318 4944 1423 4999 τοῦ
1468 4947 1615 5001 Θεσῦ
1648 4935 1864 5004 Ἰακώϐ.

291 5030 405 5083 Καὶ
427 5031 554 5084 ὅταν
582 5033 898 5104 ἐπιτύχωσι,
919 5034 1204 5089 καλοῦνται
1226 5036 1469 5110 θυγάτηρ
1489 5038 1587 5110 τῆς
1609 5057 1868 5114 προειρη-

295 5119 463 5190 μένης
494 5122 868 5197 Ἰερουσαλὴμ,
902 5125 1231 5199 θεωροῦντες
1264 5129 1357 5184 τὸν
1399 5132 1564 5196 Θεὸν,
1601 5134 1694 5187 καὶ
1744 5151 1867 5188 σκο-

292 5209 520 5275 ποῦντες
557 5212 656 5284 τὴν
702 5216 1078 5289 πνευματικὴν
1121 5217 1338 5286 γνῶσιν.
1374 5220 1715 5293 Παρακαλῶν
1748 5222 1804 5276 δὲ
1836 5225 1865 5276 6

290 5304 577 5375 προφήτης
599 5305 687 5359 διὰ
714 5306 809 5361 τοῦ
839 5308 1143 5380 πνεύματος
1170 5311 1262 5365 τὸν
1304 5312 1435 5367 Θεὸν
1465 5313 1736 5379 ἀναδεῖξαι
1763 5314 1862 5386 τὴν

289 5394 543 5465 τοιαύτην
587 5396 726 5453 Σιὼν
771 5400 865 5454 καὶ
899 5401 1271 5476 Ἰερουσαλὴμ,
1326 5405 1489 5477 φησί·
1546 5405 1867 5477 Μνήσθητιν

291 5483 398 5554 τῆς
423 5488 783 5559 συναγωγῆς
818 5507 955 5559 σου,
998 5488 1074 5564 ἧς
1110 5495 1344 5563 ἐκτήσω
1376 5497 1673 5569 ὠταρχῆς.
1719 5499 1860 5556 Οὐκ-

359 5664 624 5744 ")la‘tth.
667 5681 782 5733 xu,
815 5669 870 5724 9.
941 5669 986 5744 ζ’
1017 5668 1198 5744 ibid.__
1224 5672 1274 5744 ff
1314 5674 1510 5732 (Senes.
1549 5693 1680 5733 ιγιιι
1705 5717 1719 5744 ,
1766 5678 1847 5733 18.

285 5734 342 5796 ὃ.
419 5737 460 5770 ⁶¹
499 5737 642 5797 Psal.
681 5753 886 5804 ιικιιι,
945 5740 998 5793 2.
1080 5743 1125 5774 “
1164 5740 1297 5800 ibid.

1976 4576 2287 4647 evangelica
2330 4581 2632 4646 praecepta,
2683 4573 2971 4629 Dominum
3019 4574 3073 4628 in
3101 4573 3182 4628 eis
3214 4574 3547 4629 occultatum

1976 4671 2223 4727 invenire
2270 4675 2554 4739 quaerunt,
2591 4666 2671 4721 uti
2715 4666 2793 4720 ait
2834 4664 3073 4736 Spiritus
3115 4674 3378 4730 sanctus:
3418 4666 3548 4721 Hozc

1972 4770 2051 4816 est
2080 4760 2346 4832 generatio
2372 4757 2715 4829 quaerentium
2738 4754 3053 4823 Dominum,
3086 4759 3430 4828 quazrentium
3461 4760 3549 4828 [a-

1971 4854 2102 4907 ciem
2136 4850 2234 4906 Dei
2264 4849 2433 4904 Iacob
2464 4848 2533 4902 δι.
2573 4847 2677 4903 Ubi
2712 4857 2893 4902 autem
2930 4847 3214 4904 consecuti
3247 4855 3411 4916 sunt,
3443 4866 3546 4905 vo-

1973 4953 2171 5002 cantur
2199 4945 2306 4999 illia
2339 4942 2577 5014 praefatae
2605 4940 2908 4997 Jerusalem
2932 4983 2944 5005 ,
2975 4941 3224 4998 videntes
3256 4942 3428 4999 Deum
3478 4958 3544 4999 ac

1974 5037 2260 5095 scientiam
2301 5035 2602 5107 spiritalem
2649 5031 3013 5103 speculantes.
3062 5030 3237 5089 Porro
3279 5034 3545 5105 propheta

1973 5130 2141 5185 Deum
2174 5128 2474 5184 obsecrans
2501 5126 2556 5181 in
2593 5125 2791 5196 spiritu
2812 5165 2828 5187 ,
2862 5133 2923 5180 ut
2960 5141 3081 5183 eam
3125 5124 3255 5181 Sion
3288 5140 3352 5181 ac
3383 5125 3559 5181 Jeru-.

1972 5220 2140 5276 salem
2194 5218 2507 5283 exhiberet,
2554 5217 2669 5273 ait:
2708 5216 2915 5272 Memor
2963 5227 3074 5272 esto
3126 5219 3541 5290 congregationis

1969 5324 2104 5378 tute,
2148 5328 2309 5383 quam
2353 5311 2637 5381 possedisti
2677 5310 2740 5365 ab
2789 5312 2938 5366 initio
2978 5310 3044 5365 “.
3088 5308 3232 5380 Ergo
3272 5312 3397 5364 eum
3438 5310 3542 5368 hac

1967 5412 2145 5460 matre
2169 5412 2262 5459 tua
2281 5441 2298 5467 ,
2321 5410 2381 5458 tu
2407 5401 2538 5459 Sion
2572 5401 2754 5459 Gaude
2785 5402 3126 5465 vehementer,
3157 5402 3274 5471 filia
3299 5402 3541 5459 caelestis

1966 5497 2304 5553 Jerusalem:
2334 5497 2509 5553 clama
2539 5511 2664 5552 cum
2698 5505 2790 5551 tua
2822 5496 2916 5550 illa
2947 5500 3121 5550 matre
3147 5512 3160 5549 :
3199 5492 3456 5549 Hosanna
3483 5497 3539 5552 in

1949 5676 1993 5711 ³⁸
2050 5673 2217 5732 Marc.
2255 5688 2344 5760 τε,
2384 5673 2472 5731 10.
2548 5675 2591 5763 3f
2631 5672 2677 5728 ll
2713 5671 2867 5729 Petr.’
2898 5686 2953 5737 I,
2989 5670 3042 5727 ι.
3155 5672 3201 5706 ⁸⁸
3238 5671 3382 5731 Psal.
3419 5686 3535 5742 ιιι.
