4038 6288
597 331 732 393 ι-ετι

1716 324 1852 390 TITI
1892 322 2318 385 BOSTRENSIS
2350 326 2664 387 EPISCOPI

3671 336 3783 396 fit!

596 452 915 509 altissimis:
950 450 1260 507 Benedictus
1292 451 1382 521 qui
1442 451 1578 504 venit
1646 450 1702 503 in
1768 450 1974 504 nomine
2040 449 2148 503 Do-

2256 453 2344 506 οὗν
2376 453 2490 523 μετ’
2513 452 2683 523 αὐτῆς
2706 452 2804 523 τῆς
2830 451 3032 524 μητρός
3062 467 3153 505 σου
3176 450 3332 517 Σιὼν,
3359 451 3539 520 Χαῖρε
3564 455 3780 524 σφόδρα,

596 547 746 602 mini.

2255 547 2502 616 θύγατερ
2543 546 2923 615 Ἰερουσαλὴμ
2951 546 3296 617 ὲπουρανίου’
3329 544 3469 616 μετά
3493 545 3590 616 τῆς
3620 550 3783 619 μητρός

599 655 694 696 σου
724 637 898 710 βοῶσα
916 653 930 665 ·
977 635 1238 689 Ὡσαννὰ
1275 635 1346 690 ἐν
1393 634 1517 702 wit;
1566 635 1878 704 ὑψίστοις·
1924 636 2322 709 εὐλογημένος
2355 641 2387 692 ό
2412 639 2731 708 ἐρχόμενος
2759 639 2830 692 ἐν
2851 640 3095 707 ὀνόματι
3118 639 3361 707 Κυρίου.

668 734 734 789 V.
767 732 907 800 Quid
928 740 1059 787 vero
1084 732 1159 786 ait
1177 731 1558 801 Evangelium:
1584 729 1717 785 Cum
1742 732 2159 803 appropinquas-

598 833 710 882 sent
760 820 1144 892 Hierosolymis
1167 860 1183 886 ,
1235 831 1283 875 et
1331 821 1588 875 uenissent
1621 819 1920 892 Betltphage
1955 822 2043 876 ⁸³2
2068 823 2158 899 vld-

596 916 744 971 circo
765 917 907 970 enim
932 914 1029 969 ivit
1052 915 1106 968 in
1128 913 1469 969 cenaculum
1491 955 1505 979 ,
1530 913 1597 967 ad
1620 922 1859 969 montem
1881 915 2156 972 ()livarum

596 1003 786 1079 (quod
818 1011 902 1059 est
934 1002 1177 1058 Ecclesia
1208 1002 1379 1059 lldelis
1412 1000 1641 1073 populi),
1677 1012 1739 1057 ut
1768 1018 1893 1059 eum
1929 1006 2159 1062 mandu—

596 1102 805 1151 carcnl.
833 1093 978 1149 Tum:
1009 1094 1151 1148 misit
1186 1093 1447 1149 Dominus
1479 1092 1611 1148 duos
1635 1108 1701 1148 ea:
1721 1095 1993 1164 discipulis
2021 1098 2154 1153 suis.

598 1185 738 1242 Sunt
767 1184 854 1250 hi,
903 1185 1053 1239 chori
1097 1184 1238 1251 duo,
1269 1184 1655 1254 prophetarum
1699 1184 1909 1241 scilicet
1936 1194 1992 1241 et
2025 1201 2156 1257 apo-

596 1277 886 1334 stolorum.
916 1274 1161 1345 Apostoli
1191 1274 1336 1330 enim
1371 1289 1493 1329 cum
1526 1275 1785 1331 docerent
1813 1284 2034 1347 gemes,
2069 1293 2157 1334 se-

596 1385 724 1426 cum
747 1368 1019 1424 habebant
1038 1381 1069 1421 a
1095 1366 1204 1423 Deo
1229 1367 1495 1439 inspirata
1521 1369 1738 1424 oracula
1768 1369 2152 1440 prophetarum

596 1479 717 1535 quae
763 1463 981 1519 Christo
1025 1460 1395 1517 testimonium
1450 1462 1829 1532 perhiberent,
1884 1467 2156 1535 quomodo

594 1555 731 1611 vidit
761 1568 993 1623 magnus
1024 1553 1167 1608 inter
1194 1553 1489 1624 praphetas
1532 1553 1818 1610 Ezechiel:
1868 1555 2033 1624 Rata,
2074 1558 2157 1611 in-

594 1645 749 1715 quit,
783 1645 839 1698 in
868 1653 1018 1711 rota,
1047 1642 1229 1697 volans
1258 1658 1320 1697 ac
1350 1659 1564 1698 currens
1598 1643 1665 1698 ⁸⁸.
1716 1643 1912 1701 Dicens
1950 1645 2151 1705 Jesus:

2332 734 2441 788 Καὶ
2466 734 2518 787 τί
2551 751 2682 806 φησι
2727 734 2788 788 τὸ
2830 734 3190 803 Εὐαγγέλιον’
3244 736 3380 789 Ὅτε
3426 733 3678 805 ἤγγισαν
3720 741 3786 806 είς

2275 826 2686 897 Ἰερουσαλὴμ,
2715 825 2814 881 καὶ
2844 823 3031 897 ἦλθον
3065 829 3153 894 εὶς
3193 826 3517 897 Bndgcarﬁ;
3559 828 3666 881 Ἵνα
3703 831 3786 901 γὰρ

2264 918 2508 988 φάγωσιν
2538 919 2699 975 αὑτὸν
2721 919 2770 972 οἱ
2793 918 2994 983 πιστοὶ,
3026 920 3223 991 ἤρχετο
3249 921 3307 971 ὲν
3325 917 3404 989 τῷ
3436 917 3661 990 ὑπερῴῳ
3679 920 3788 991 πρὸς

2260 1009 2322 1062 τὸ
2345 1009 2468 1081 ὅρος
2509 1009 2617 1063 τῶν
2645 1009 2869 1062 Ἐλαιῶν
2898 1012 2946 1078 (ὃ
2979 1013 3126 1064 ἐστιν
3157 1011 3222 1062 ὲκ
3239 1009 3334 1062 τοῦ
3361 1007 3495 1061 λαοῦ
3528 1009 3787 1079 πιστὴἘκ-

2260 1100 2500 1173 κλησία).
2529 1102 2664 1155 Τότε
2690 1104 2724 1154 ό
2754 1102 2967 1170 Κύριος
2993 1102 3313 1156 ἀπέστειλε
3335 1099 3448 1153 δύο
3490 1099 3604 1153 τῶν
3634 1107 3787 1169 μαθη-

2260 1194 2379 1251 τῶν
2413 1196 2619 1251 αὐτοῦ’
2666 1197 2859 1261 οἵτινές
2901 1199 3005 1250 εἱσι
3051 1195 3145 1251 δύο
3194 1194 3346 1266 χοροὶ
3391 1194 3501 1248 τῶν
3537 1195 3788 1266 προφητῶν

2259 1289 2353 1343 καὶ
2394 1288 2722 1343 ἀποστόλων.
2759 1287 3165 1358 Μαθητεύοντες
3197 1287 3306 1358 γὰρ
3351 1284 3424 1339 τὰ
3461 1285 3584 1355 ἔθνη
3612 1288 3656 1338 ot
3683 1286 3787 1340 ἀπό-

2262 1378 2456 1439 στολοι,
2481 1373 2624 1451 εἶχον
2655 1378 2772 1449 μεθ’
2799 1377 3001 1432 ἑαυτῶν
3020 1376 3089 1431 τὰ
3121 1377 3457 1431 Θεόπνευστα
3486 1375 3591 1428 τῶν
3614 1393 3782 1448 προφη-

2257 1469 2367 1523 τῶν
2403 1469 2577 1539 λόγια,
2610 1468 2679 1523 τὰ
2722 1469 3099 1542 μαρτυροῦντα
3129 1467 3206 1539 τῷ
3243 1466 3486 1540 Χριστῷ,
3534 1465 3590 1520 ὃν
3624 1467 3787 1537 τρόπον

2259 1545 2560 1636 ἐθεώρησεν
2585 1564 2779 1627 αὐτοὺς
2804 1563 3064 1635 Ἰεζεκιὴλ
3112 1564 3140 1615 6
3185 1563 3357 1634 μέγας
3394 1562 3455 1615 ὲν
3484 1563 3781 1632 προφήταις·

2266 1653 2500 1722 Τροχός,
2533 1654 2719 1725 φησὶν,
2749 1654 2818 1706 ἐν
2848 1653 3058 1723 τροχῷ,
3094 1654 3417 1722 πετόμενος
3448 1650 3545 1705 καὶ
3581 1650 3785 1719 τρέχων.

596 1733 683 1790 Ite
722 1734 778 1787 in
822 1731 1098 1788 castellum
1137 1730 1275 1802 quod
1320 1741 1506 1785 contra
1532 1748 1620 1785 vos
1646 1741 1745 1799 est,
1797 1734 1944 1789 misit
1976 1749 2072 1789 eos
2103 1735 2156 1788 in

2259 1743 2521 1812 Λέγοντος
2550 1742 2685 1814 πρὸς
2714 1742 2912 1806 αὐτοὺς
2940 1742 3035 1795 τοῦ
3068 1741 3244 1813 Ἰησοῦ
3261 1759 3272 1772 ·
3308 1737 3690 1807 Πορευθέντες
3718 1742 3784 1805 είς

595 1828 909 1882 universum
936 1824 1177 1895 gentium
1204 1824 1389 1879 orbem
1421 1843 1434 1879 :
1462 1824 1727 1880 hactenus
1754 1827 1898 1881 enim
1931 1827 2158 1897 gentiles

595 1915 857 1973 contrarii
886 1924 1044 1971 erant
1073 1914 1212 1971 lideli
1240 1913 1500 1972 Ecclesia:
1527 1914 1737 1972 Judaici
1767 1916 2158 1988 populi.Porro

596 2014 902 2080 opportuno
926 2021 1021 2062 eos
1051 2015 1292 2075 tempore
1322 2005 1471 2061 misit
1496 2006 1550 2060 in
1578 2007 1862 2062 castellum
1890 2006 2155 2077 gentium,

595 2101 742 2172 quod
789 2108 979 2154 contra
1015 2106 1173 2154 erat:
1217 2096 1417 2168 quippe
1451 2097 1586 2153 illud
1632 2105 1880 2169 paratum
1913 2108 2061 2163 erat,
2099 2108 2158 2155 ut

594 2189 848 2264 praefatos
875 2188 1013 2244 duos
1042 2188 1241 2243 choros
1272 2188 1660 2258 prophetarum
1692 2203 1757 2242 ac
1785 2191 2156 2260 apostolorum

594 2281 880 2351 reciperet.
914 2276 980 2332 Et
1010 2288 1067 2333 ut
1094 2278 1142 2332 ei
1170 2278 1376 2347 pullum
1403 2278 1721 2335 adducerent
1747 2295 1765 2343 ;
1798 2295 1996 2351 nempe
2023 2296 2159 2351 gen-

592 2385 677 2427 tes
701 2410 716 2435 ,
744 2386 908 2441 super
930 2385 1067 2441 quas
1097 2369 1415 2426 ascenderet
1435 2386 1499 2426 ac
1528 2380 1815 2443 regnaret,
1835 2372 1992 2442 juxta
2011 2372 2157 2444 quod

597 2463 883 2518 Psalmista
922 2464 1032 2517 ait:
1079 2460 1326 2531 Regnavit
1376 2462 1512 2519 Deus
1542 2480 1699 2534 super
1724 2475 1897 2535 gentes
1922 2480 1941 2519 :
1970 2466 2158 2521 Domi-

592 2567 691 2607 nus
741 2550 922 2608 sedens
975 2565 1128 2619 super
1171 2549 1345 2607 sedem
1394 2562 1633 2604 sanctam
1679 2568 1833 2606 suam
1867 2554 1932 2609 ⁸⁸.
1986 2553 2158 2624 Super

592 2657 744 2717 quem
785 2660 933 2697 nemo
978 2658 1207 2711 unquam
1239 2640 1505 2695 hominum
1553 2639 1688 2695 sedit
1717 2641 1780 2697 ⁸⁸.
1817 2640 1949 2696 Nam
1979 2659 2159 2715 neque

594 2736 762 2791 Deum
785 2751 1054 2792 sessorem
1080 2736 1352 2790 habebant
1384 2751 1449 2790 ac
1479 2744 1794 2805 regnantem
1826 2751 1991 2806 super
2021 2752 2116 2793 eas
2137 2776 2154 2804 ,

593 2844 773 2899 neque
800 2830 968 2898 legem
999 2843 1176 2898 neque
1208 2828 1524 2899 prophetas.
1580 2825 1777 2882 Solvite
1797 2867 1811 2892 ,
1844 2828 2023 2898 inquit
2046 2870 2060 2892 ,
2096 2829 2157 2884 il-

596 2918 745 2982 lum,
776 2928 826 2972 et
857 2916 1100 2972 adducite
1147 2917 1298 2972 mihi.
1347 2916 1591 2987 Apostoli
1641 2917 1785 2971 enim
1838 2932 1867 2970 a
1915 2919 2155 2974 tenebris

593 3018 782 3081 gentes
811 3008 1196 3064 absolverunt:
1232 3008 1334 3063 hoc
1366 3016 1482 3072 est,
1519 3025 1548 3061 a
1587 3007 1679 3062 Dei
1711 3009 2050 3079 ignorantia,
2087 3011 2155 3066 ab

593 3077 814 3164 errore,
852 3114 883 3154 a
915 3107 1171 3172 peccato,
1211 3101 1279 3154 ab
1313 3099 1476 3156 alieni
1507 3077 1801 3165 servitute,
1831 3114 1861 3153 a
1888 3109 2154 3169 potestate
2180 3077 2223 3137 (δ

595 3191 940 3246 tenebrarum
968 3191 1231 3261 principis
1258 3191 1442 3247 saeculi
1473 3190 1635 3260 hujus
1652 3191 1741 3245 "‘7:
1784 3192 2156 3247 adduxerunt-

595 3298 701 3356 que
727 3282 795 3337 ad
818 3297 1008 3338 eorum
1043 3291 1347 3338 creatorem
1378 3299 1442 3337 ac
1466 3283 1713 3353 opiticem
1739 3281 2050 3340 Dominum.
2079 3285 2157 3341 Ac

592 3388 754 3439 ecce,
788 3387 953 3443 super
985 3387 1079 3428 eas
1113 3371 1264 3428 sedet
1296 3381 1591 3444 regnatque
1613 3412 1627 3435 ,
1661 3372 1737 3426 uti
1767 3389 1930 3445 super
1962 3375 2158 3431 cheru-

594 3464 704 3520 bim
725 3504 741 3528 ,
776 3464 1071 3520 clamantes
1103 3474 1264 3534 atque
1294 3465 1576 3520 dicentes:
1616 3465 1873 3522 Hosanna
1908 3469 1961 3521 in
1997 3468 2155 3523 altis-

593 3553 742 3612 sine
762 3554 1220 3627 ιΒεικιίίείιιειιέιί
1241 3556 1376 3610 venit
1397 3555 1451 3612 in
1477 3558 1686 3611 nomine
1706 3557 1952 3623 Domini;
1975 3575 2082 3629 pax
2101 3561 2157 3615 in

594 3650 722 3705 coelo
741 3690 756 3714 ,
787 3659 835 3706 et
859 3648 1032 3720 gloria
1061 3650 1117 3703 in
1145 3649 1445 3706 altissimis.
1479 3648 1571 3705 Sic
1599 3654 1742 3706 enim
1777 3652 1954 3709 Lucas
1983 3655 2058 3709 ait
2085 3655 2153 3710 ⁸⁸.

593 3742 704 3796 Cur
732 3741 778 3798 is
804 3756 931 3796 vero
949 3781 962 3806 ,
993 3739 1114 3795 Pax
1139 3742 1193 3794 in
1220 3742 1345 3795 caelo
1366 3783 1381 3807 ,
1415 3743 1592 3796 dicit?
1615 3742 1867 3816 Nunquid
1897 3747 2040 3801 enim
2067 3763 2158 3824 an-

594 3832 698 3904 geli
731 3848 839 3887 non
865 3832 1138 3888 habebant
1166 3833 1220 3887 in
1250 3834 1389 3890 casio
1418 3850 1604 3905 pacem
1628 3837 1651 3890 ?
1680 3835 1956 3893 Habebam
1985 3855 2117 3895 sane
2137 3882 2153 3909 ,

595 3941 659 3980 ac
689 3926 847 3997 plane
875 3924 1143 3981 habebant
1173 3938 1362 3994 pacem
1409 3926 1462 3979 in
1511 3942 1571 3982 se
1604 3928 1773 3998 ipsis:
1815 3930 1961 3983 illam
2002 3919 2156 3986 nimi-

595 4034 714 4074 rum
746 4033 931 4089 pacem
947 4058 962 4084 ,
986 4034 1102 4089 qua:
1125 4029 1403 4088 exsuperat
1427 4036 1631 4074 omnem
1653 4038 1863 4077 sensum
1885 4022 1950 4090 ⁸⁸,
1974 4040 2157 4094 quem-

595 4107 884 4163 admodum
930 4108 1370 4178 sapientissimus
1416 4110 1619 4167 Paulus
1663 4114 1770 4167 ait:
1799 4115 2072 4172 habebant
2099 4119 2154 4174 in

595 4199 734 4255 coelo
757 4213 940 4269 pacem
965 4217 979 4266 ;
1006 4199 1147 4253 haud
1170 4211 1347 4255 tamen
1373 4217 1496 4257 cum
1522 4203 1835 4261 hominibus
1860 4207 2152 4270 habebant.

594 4293 802 4347 (Icelum
835 4307 929 4361 per
958 4308 1016 4347 se
1047 4293 1222 4362 ipsum
1255 4310 1388 4365 pace
1420 4297 1707 4367 gaudebat.
1743 4300 1814 4356 Ut
1851 4317 2027 4358 autem
2058 4320 2157 4360 au-

2258 1834 2372 1904 τὴν
2396 1833 2710 1888 κατέναντι
2730 1833 2952 1903 κώμην·
2972 1832 3291 1888 ἀπέστειλεν
3319 1832 3518 1894 αὐτοὺς
3546 1832 3621 1894 εἰς
3642 1832 3785 1883 πᾶσαν

2257 1915 2355 1998 τῆν
2395 1924 2719 1997 οἰκουμένην
2758 1923 2866 1978 τῶν
2906 1924 3096 1980 ὲθνῶνο
3145 1924 3228 1977 ὅτι
3274 1921 3508 1976 ἐναντίοι
3532 1917 3660 1993 ἦσαν
3677 1921 3782 1985 τέως

2256 2018 2355 2089 τῆς
2380 2017 2445 2071 ὲκ
2475 2016 2567 2070 τοῦ
2595 2016 2724 2070 λαοῦ
2754 2016 2949 2085 πιστῆς
2982 2014 3328 2087 Ἐκκλησίας.
3373 2013 3565 2085 Καιρῷ
3605 2012 3700 2083 γὰρ
3720 2013 3782 2064 εὐ-

2259 2110 2397 2179 θέτῳ
2434 2109 2750 2165 ἀπέστειλεν
2794 2109 2989 2173 αὐτοὺς
3031 2109 3110 2173 εἰς
3151 2108 3250 2181 τὴν
3298 2108 3585 2162 κατέναντι
3627 2106 3781 2178 κώμην

2255 2202 2365 2257 τῶν
2403 2201 2599 2257 ἐθνῶν·
2637 2201 2824 2272 ἑτοίμη
2852 2196 3057 2275 γὰρῆν
3098 2200 3354 2265 δέξασθαι
3401 2200 3526 2263 τοὺς
3565 2216 3781 2271 προειρη-

2261 2293 2453 2366 μένους
2502 2293 2595 2346 δύο
2639 2295 2833 2365 χοροὺς
2876 2294 2983 2347 τῶν
3023 2293 3333 2347 ἀποστόλων
3384 2294 3481 2346 καὶ
3512 2291 3776 2365 προφητῶν.

2257 2385 2363 2442 Καὶ
2390 2384 2632 2456 ἀγαγεῖν
2658 2385 2806 2455 πρὸς
2852 2384 3038 2440 αὐτὸν
3083 2386 3190 2438 τὸν
3219 2383 3428 2439 πῶλον
3446 2401 3460 2414 ·
3497 2383 3674 2446 οἵτινές
3700 2386 3780 2436 εἰσι

2256 2477 2324 2533 τὰ
2348 2477 2495 2546 ἔθνηο
2521 2475 2613 2530 τοῦ
2639 2464 2895 2546 ἐπιϐῆναι
2917 2477 3012 2529 καὶ
3048 2476 3362 2547 βασιλεῦσαι
3393 2477 3480 2529 ἐπ’
3523 2476 3673 2539 αύτά,
3700 2492 3776 2528 κα-

2258 2568 2366 2631 θώς
2391 2585 2553 2639 φησιν
2584 2570 2612 2622 ὁ
2643 2567 2978 2639 Ψαλμῳδός·
3026 2570 3458 2624 Ἐϐασίλευσεν
3493 2571 3525 2621 d
3559 2567 3685 2633 Θεὸς
3704 2566 3776 2619 ἐπὶ

2257 2662 2329 2718 τὰ
2360 2662 2524 2730 ἕθνη’
2554 2662 2769 2731 Κύριος
2791 2660 3037 2730 κάθηται
3057 2661 3155 2715 ἐπὶ
3185 2663 3401 2731 θρόνου
3423 2662 3587 2731 ἁγίου
3612 2658 3771 2714 αὐτοῦ·

2256 2754 2346 2823 ἐφ’
2378 2747 2427 2823 ᾧ
2457 2753 2653 2820 οὐδείς
2677 2766 2821 2807 ποτε
2852 2754 3176 2824 ἀνθρώπων
3204 2753 3541 2809 κεκάθικεν.
3566 2753 3681 2806 Οὐδὲ
3695 2751 3774 2821 γὰρ

2257 2832 2387 2901 Θεὸν
2432 2845 2573 2916 εἶχον
2618 2846 2962 2902 ἐπιϐαίνοντα
3011 2847 3104 2901 καὶ
3150 2845 3503 2916 βασιλεύοντα
3548 2844 3624 2897 ἐπ’
3652 2841 3772 2904 αὐτὰ,

2256 2940 2377 2996 οὐδὲ
2400 2941 2561 3011 νόμον
2588 2940 2707 2995 οὐδὲ
2727 2941 3031 3013 προφήτας.
3059 2940 3370 3005 Λύσαντες
3401 2936 3601 2999 αὑτὸν,
3630 2935 3771 3006 φησιν,

2255 3031 2502 3105 ἀγάγετέ
2523 3050 2643 3102 μοι.
2676 3031 2907 3085 Ἔλυσαν
2934 3031 3039 3103 γὰρ
3067 3030 3133 3084 τὰ
3161 3030 3287 3098 ἔθνη
3325 3032 3377 3083 οἱ
3409 3028 3671 3083 ἀπόστολοι
3694 3025 3773 3080 ἀπὸ

2254 3125 2354 3196 τῆς
2387 3124 2623 3188 σκοτίας,
2676 3125 2920 3178 τουτέστι
2950 3124 3049 3195 τῆς
3075 3121 3168 3176 τοῦ
3200 3121 3336 3176 Θεοῦ
3382 3121 3665 3191 ἀγνωσίας,
3693 3116 3773 3171 ἀπὸ

2254 3217 2350 3286 τῆς
2371 3217 2598 3288 πλάνης,
2633 3215 2739 3269 ἀπὸ
2760 3215 2860 3287 τῆς
2882 3215 3175 3287 ἁμαρτίας,
3201 3215 3308 3269 ἀπὸ
3344 3214 3446 3285 τῆς
3471 3209 3768 3274 δουλείαςτοῦ

2253 3307 2550 3380 ἀλλοτρίου.
2584 3308 2692 3361 ἀπὸ
2722 3308 2822 3379 τῆς
2854 3306 3102 3372 ἐξουσίας
3150 3305 3242 3360 τοῦ
3296 3306 3540 3370 σκότους,
3584 3303 3666 3357 τοῦ
3705 3302 3770 3371 ἀρ-

2252 3419 2434 3473 χοντος
2451 3400 2544 3455 τοῦ
2576 3400 2769 3465 αἰῶνος
2797 3401 2988 3453 τούτου
3008 3416 3023 3431 ’
3054 3400 3147 3453 καὶ
3176 3399 3386 3470 ἤγαγον
3423 3399 3555 3471 πρὸς
3588 3397 3666 3457 τδν
3686 3395 3770 3448 κτί-

2256 3511 2387 3567 στην
2419 3495 2513 3547 καὶ
2542 3492 2866 3565 δημιουργὸν
2895 3491 3073 3546 αὐτῶν
3103 3491 3326 3567 Κύριον.
3361 3493 3472 3546 Καὶ
3517 3492 3615 3544 ἰδοὺ
3640 3488 3770 3557 κάθη-

2252 3605 2340 3643 ται
2373 3586 2457 3639 ἐπ’
2485 3584 2656 3648 αὐτὰ,
2708 3584 2803 3638 καὶ
2847 3582 3120 3655 βασιλεύει
3159 3583 3234 3648 ὡς
3267 3583 3361 3637 ἐπὶ
3390 3583 3498 3637 τῶν
3536 3579 3766 3653 χεροιϐὶμ,

2254 3679 2523 3753 κράζοντα
2555 3677 2648 3731 καὶ¹
2667 3676 2916 3745 λέγοντα·
2966 3675 3224 3730 Ὡσαννὰ
3264 3675 3336 3729 ὲν
3357 3675 3481 3742 τοῖς
3511 3674 3767 3744 ὑψίστοις

2252 3768 2653 3845 εὐλογημένος
2676 3771 2708 3823 ό
2730 3767 3052 3838 ἐρχόμενος
3071 3768 3140 3822 ἐν
3170 3769 3415 3838 ὀνόματι
3453 3769 3654 3835 Κυρίου
3670 3782 3681 3794 ·
3711 3763 3768 3815 εί-

2246 3862 2404 3934 ρήνη
2422 3862 2493 3915 ἐν
2517 3858 2768 3932 οὐρανῷ,
2796 3858 2896 3913 καὶ
2916 3859 3065 3924 δόξα
3083 3861 3152 3914 ἐν
3179 3861 3483 3929 ὑψίστοις.
3517 3857 3655 3913 Οὕτω
3690 3852 3769 3923 γάρ

2254 3971 2416 4025 φησιν
2443 3955 2472 4007 6
2502 3953 2737 4014 Λουκᾶς.
2777 3949 3001 4019 Εἰρήνη
3038 3950 3106 4004 ἐν
3140 3950 3221 4017 τῷ
3253 3950 3516 4019 οὐρανῷ,
3548 3949 3672 4012 τινος
3690 3947 3767 3999 ξνε.

2255 4063 2348 4102 κεν
2372 4044 2551 4113 λέγει;
2581 4044 2695 4097 Οὐκ
2720 4039 2863 4114 εἶχον
2889 4043 2938 4094 οἱ
2969 4040 3188 4111 ἄγγελοι
3220 4043 3442 4114 εἰρήνην
3472 4043 3527 4096 ὲν
3546 4038 3619 4110 τῷ
3643 4039 3767 4109 οὐρα.

2253 4137 2356 4209 νῷ;
2387 4136 2523 4190 Ναί·
2559 4135 2651 4188 καὶ
2676 4135 2816 4190 πάνυ
2845 4131 2987 4207 εἶχον
3012 4137 3072 4189 ὲν
3092 4136 3305 4198 ἑαυτοῖς
3336 4136 3438 4206 τὴν
3467 4133 3692 4206 εἰρήνην·
3717 4128 3767 4179 εί-

2247 4226 2445 4297 ρήνην
2469 4224 2583 4293 τὴν
2606 4224 3024 4295 ὑπερέχουσαν
3049 4224 3245 4277 πάντα
3268 4224 3439 4289 νοῦν,
3456 4222 3621 4284 καθώς
3645 4232 3767 4288 φησιν

2254 4321 2283 4372 δ
2312 4316 2617 4388 σοφώτατος
2645 4316 2874 4380 Παῦλος·
2910 4312 3054 4387 εῖχον
3085 4318 3305 4388 εἰρήνην
3332 4318 3391 4371 ὲν
3416 4313 3613 4385 οὐρανῷ
3633 4328 3644 4340 ·

594 4382 699 4452 geli
729 4383 1040 4439 universum
1073 4383 1372 4440 humanum
1405 4404 1578 4453 genus
1608 4389 1800 4446 Lazari
1834 4394 1992 4465 signo
2020 4412 2154 4452 con-

2260 4382 2399 4483 μετά
2441 4409 2549 4463 τῶν
2592 4408 2890 4480 ἀνθρώπων
2932 4382 3030 4463 ούκ
3055 4382 3218 4478 εἶχον.
3258 4382 3315 4462 ⁵ο
3347 4382 3561 4480 οὐρανὸς
3589 4382 3766 4473 τείρήνην

591 4482 873 4546 gregatqu
919 4474 1199 4540 viderunt,
1244 4487 1539 4549 gentesque
1564 4483 1771 4537 solutas
1800 4486 1929 4554 pulli
1961 4488 2154 4557 instar,

594 4566 663 4621 ad
688 4568 926 4624 auctoris
955 4568 1270 4624 servitutem
1301 4571 1621 4626 accedentes
1655 4589 1720 4629 ac
1751 4590 2014 4646 regnum;
2046 4594 2159 4635 cae-

593 4655 703 4710 lum
753 4672 967 4729 quoque
1007 4660 1158 4731 pacis
1212 4658 1417 4716 ftedera
1463 4677 1586 4715 cum
1634 4662 1948 4724 hominibus
1994 4670 2153 4737 iniit,

592 4748 1066 4823 clamaveruntque
1090 4756 1440 4825 pnanimiter.
1471 4764 1633 4826 atque
1661 4759 1935 4827 dixerunt,
1986 4763 2155 4819 Bene-

592 4839 763 4895 dictus
795 4843 884 4912 qui
917 4846 1051 4899 venit
1080 4846 1135 4900 in
1167 4848 1374 4901 nomine
1403 4846 1662 4902 Domini:
1693 4865 1799 4918 pax
1827 4852 1882 4905 in
1914 4854 2073 4921 caelo,
2104 4867 2152 4911 et

591 4931 763 5003 gloria
805 4934 860 4988 in
903 4936 1199 4994 altissimis.
1252 4937 1320 4991 Et
1367 4939 1724 5008 imposuerunt
1768 4958 1923 5009 super
1948 4946 2153 5013 pullum

591 5027 918 5083 vestimenta.
943 5025 1261 5097 Signiﬁcant
1278 5031 1393 5087 hac
1412 5072 1427 5096 ,
1449 5048 1610 5103 quam
1638 5035 1751 5104 ipse
1768 5036 1848 5091 eis
1870 5037 2018 5093 dedit
2038 5056 2157 5110 gra-

591 5120 721 5174 tiam
757 5120 811 5173 in
840 5118 1179 5190 gentibus“,
1204 5137 1298 5190 per
1329 5140 1492 5193 quam
1524 5124 1708 5181 Jesum
1735 5143 1901 5199 super
1936 5147 2031 5186 eas
2065 5148 2153 5188 se-

591 5212 720 5266 dere
754 5210 1037 5266 fecerunt:
1072 5226 1174 5266 nec
1204 5213 1259 5268 id
1287 5217 1462 5271 solum
1483 5259 1498 5283 ,
1532 5219 1627 5274 sed
1668 5228 1724 5274 et
1766 5236 1863 5290 per
1902 5224 2151 5293 prOprias

591 5319 807 5375 quoque
833 5319 1021 5360 eorum
1065 5305 1328 5370 virtutes,
1376 5311 1832 5377 quemadmodum
1878 5317 2151 5387 signiﬁcat

592 5412 748 5454 sacer
779 5396 1120 5467 Evangelista
1147 5397 1372 5454 dicens:
1403 5401 1515 5457 Atii
1542 5413 1717 5460 autem
1742 5408 2038 5464 sternebant
2070 5428 2153 5467 re-

663 5640 707 5671 ⁸³
744 5641 1187 5724 hlatth‘txggnl.
1263 5644 1309 5677 ⁸⁸
1347 5643 1544 5724 Ezech:
1583 5661 1636 5710 1,
1665 5647 1759 5724 _l7.
1835 5649 1881 5680 ⁸⁵
1898 5647 2061 5724 APsal.
2098 5667 2258 5724 XLIX,
2290 5654 2341 5712 9.

592 5723 709 5775 nx,
746 5712 834 5769 '58.
906 5718 952 5749 ⁸³
988 5713 1220 5786 Philipp.
1258 5732 1328 5783 Iv,
1367 5715 1419 5771 7.
1494 5713 1541 5747 "
1629 5718 1757 5774 alat.
1795 5735 1856 5785 ιι,
1894 5720 1947 5773 8-

2255 4501 2364 4573 εἶχε
2414 4501 2535 4556 καθ’
2573 4501 2783 4555 ἑαυτόν.
2834 4502 3003 4575 Ὅταν
3032 4501 3088 4554 δὲ
3117 4501 3224 4554 ἴδον
3276 4502 3328 4555 οἱ
3366 4486 3577 4571 ἄγγελοι
3630 4494 3765 4547 πᾶσαν

2252 4594 2350 4668 τὴν
2390 4593 2781 4665 ἀνθρωπότητα
2811 4595 3172 4666 ἀγειρομένην
3206 4594 3294 4649 διὰ
3324 4596 3418 4649 τοῦ
3453 4593 3656 4666 σημείου
3696 4584 3767 4639 τοῦ

2253 4685 2528 4759 Λαζάρου,
2556 4686 2651 4740 καὶ
2684 4687 2753 4742 τά
2777 4687 2902 4760 ἔθνη
2941 4689 3174 4760 λυόμενα
3206 4689 3362 4762 δίκην
3386 4690 3479 4745 τοῦ
3508 4687 3681 4745 πώλου,
3696 4679 3766 4766 καὶ

2252 4779 2521 4849 ἐρχόμενα
2565 4781 2645 4843 εἰς
2685 4778 2745 4832 τὸ
2790 4777 3164 4849 βασιλεύεσθαι
3212 4782 3316 4835 ὑπὸ
3352 4781 3443 4836 τοῦ
3491 4767 3765 4849 δημιουργοῦ

2251 4870 2457 4923 αὐτῶν·
2487 4870 2608 4923 τότε
2637 4870 2920 4943 είρηνεύθη
2951 4873 3045 4925 καὶ
3076 4874 3104 4924 ὀ
3143 4873 3369 4944 οὐρανὸς
3414 4872 3543 4943 μετά
3577 4866 3669 4921 τῶν
3696 4865 3762 4915 ἀν-

2254 4956 2505 5030 θριὶρπων,
2539 4959 2633 5014 καὶ
2675 4960 3010 5032 ὁμοθυμαδὸν
3055 4961 3284 5034 ἔκραζον
3332 4965 3425 5016 καὶ
3456 4961 3647 5027 ἔλεγον·
3676 4952 3760 5006 Εὐ-

2253 5047 2586 5118 λογημένος
2613 5053 2646 5104 ὁ
2672 5051 2993 5119 ἐρχόμενος
3022 5050 3092 5105 ἐν
3120 5053 3361 5120 ὀνόματι
3386 5052 3594 5120 Κιιοίου
3613 5064 3624 5076 ·
3648 5037 3758 5111 ειριί

2254 5157 2329 5207 νη
2353 5141 2423 5193 ἐν
2451 5141 2704 5211 οἰιρανῷ,
2737 5143 2833 5196 καὶ
2863 5143 3013 5209 δόξα
3036 5144 3105 5197 ὲν
3136 5145 3435 5213 ὑψίστοις.
3466 5143 3564 5198 Καὶ
3593 5136 3757 5197 ἐπέθη-

2254 5248 2361 5286 κεν
2385 5232 2582 5287 ἐπάνω
2610 5234 2714 5288 τοῦ
2737 5234 2939 5288 πώλου
2973 5236 3045 5288 τὰ
3070 5239 3270 5306 ἱμάτια
3291 5255 3305 5266 ·
3347 5238 3498 5292 ἅτινα
3523 5227 3756 5302 σημαίνου·

2258 5340 2309 5375 σι
2341 5323 2438 5396 τὴν
2466 5325 2624 5398 Χάριν
2651 5326 2748 5396 τὴν
2769 5331 2896 5399 παρ’
2927 5329 3091 5382 αὑτοῦ
3124 5327 3366 5383 δοθεῖσαν
3403 5328 3575 5386 αὐτοῖς
3605 5323 3654 5373 ὲν
3676 5314 3755 5370 τοῖς

2256 5413 2453 5482 ἔθνεσι,
2483 5419 2576 5471 καὶ
2589 5418 2665 5471 δι’
2692 5420 2860 5491 αὐτῆς
2880 5420 3210 5477 ἐπεϐίϐασαν
3241 5423 3331 5476 τὸν
3358 5419 3552 5492 Ἰησοῦν
3583 5410 3656 5466 ἐπ’
3685 5402 3751 5458 αὖ·

2456 5659 2500 5696 ⁸⁸
2541 5658 2705 5716 Marc.
2746 5677 2836 5728 xu,
2874 5662 2927 5719 2.
3016 5663 3080 5705 ⁸⁷
3122 5663 3317 5735 Ephes.
3356 5681 3427 5735 ιι,
3460 5664 3511 5719 2.
3582 5661 3619 5693 ⁸⁸
3648 5652 3746 5709 W-
