4038 6288
284 345 422 403 12¹5

1347 345 1603 403 ORATIO
1639 348 1708 402 lN
1745 342 1980 401 ΒΑΜοὸ
2016 340 2426 399 PALMARUM.

3366 341 3506 398 1278

281 465 384 519 τάο
413 465 474 519 οὐ
520 465 679 537 μόνον
717 465 776 520 δὲ
821 465 1010 531 τοῦτο,
1046 464 1184 520 ἀλλὰ
1206 464 1294 518 διὰ
1332 464 1430 529 τὰς
1464 465 1599 529 ιδίας
1619 464 1839 537 ἀρετὰς,

1943 463 2187 517 stimenta
2217 477 2316 515 sua
2342 461 2396 514 in
2424 461 2526 516 via.
2560 458 2663 515 Per
2694 458 2799 514 hoc
2845 458 2991 514 enim
3023 458 3273 529 proprias
3313 471 3503 515 eorum

285 552 464 617 καθὼς
506 553 757 626 σημαίνει
792 556 822 608 ὁ
857 553 1264 625 εύαγγελιστὴς,
1298 553 1503 623 λέγων’
1546 554 1745 609 Ἄλλοι
1773 553 1841 608 δὲ

282 643 743 712 ὑπεστρώννυον
793 643 865 699 τὰ
912 645 1108 714 ἱμάτια
1149 644 1345 701 αὐτῶν
1370 644 1479 716 (72,
1505 645 1574 699 ἐν
1603 643 1679 713 τῇ
1702 644 1837 711 ὀδῷ.

285 736 379 799 Εἰς
396 735 552 789 τοῦτο
580 737 637 790 δὲ
655 737 753 801 τὰς
771 737 901 801 ἰδίας
925 738 1124 811 ἀρετὰς
1140 776 1155 801 ,
1181 737 1248 802 ἃς
1289 737 1611 805 συνέζευξαν
1637 739 1838 810 χάριτι,

284 826 594 890 αἰνίττεται,
637 827 713 892 ὡς
757 828 1003 901 φανερῶς
1057 828 1203 897 λέγει
1232 830 1261 882 ὁ
1286 828 1568 894 θεσπέσιος
1599 829 1835 894 Παῦλοςο

283 917 693 985 Δικαιωθέντες
730 914 843 974 οὖν
868 921 952 974 ’ἐκ
989 922 1276 986 πίστεως,
1319 920 1569 989 εἰρήνην
1612 921 1841 991 ἔχωμεν

283 1010 433 1078 πρὸς
459 1010 566 1063 τὸν
604 1012 751 1064 Θεὸν
785 1009 882 1063 διὰ
907 1011 1013 1065 τοῦ
1038 1011 1256 1081 Kvplov
1286 1010 1456 1082 ἡμῶν
1485 1013 1689 1082 Ἰησοῦ
1709 1016 1841 1081 Χρι-

282 1102 452 1163 στοῦ,
505 1098 579 1153 δι’
615 1096 687 1156 οὗ
718 1100 816 1155 καὶ
841 1100 955 1168 τὴν
985 1102 1379 1174 προσαγωγὴν
1400 1104 1745 1176 ἐσχήκαμεν
1771 1107 1841 1161 ἐν

283 1188 357 1258 τῇ
383 1191 578 1245 πίστει
604 1194 690 1258 εἰς
709 1191 822 1259 τὴν
848 1190 1021 1261 χάριν
1044 1194 1283 1263 ταύτην,
1306 1195 1376 1248 ἐν
1406 1191 1447 1268 ᾖ
1474 1197 1836 1268 ἑστήκαμεν,

283 1281 379 1333 καὶ
412 1280 756 1351 καυχώμεθα
784 1282 875 1336 ἐπ’
902 1282 1097 1335 ἐλπίδι
1146 1282 1256 1353 τῆς
1309 1283 1490 1353 δόξης
1525 1286 1629 1341 τοῦ
1667 1286 1835 1343 Θεοῦ.

285 1371 428 1436 Ἕως
460 1372 515 1426 δὲ
549 1371 780 1446 [τούτου]
800 1374 866 1427 τὰ
893 1374 992 1445 τῆς
1014 1373 1254 1446 χάριτος.
1282 1378 1364 1431 Οὐ
1387 1377 1578 1446 μόνον
1606 1375 1674 1429 δὲ
1691 1417 1706 1440 ,
1733 1378 1841 1431 ἀλ-

279 1462 361 1517 λὰ
392 1464 490 1517 καὶ
520 1465 865 1535 καυχώμεθα
899 1467 969 1520 ἐν
992 1467 1122 1533 ταῖς
1144 1469 1428 1537 θλίψεσιν
1461 1467 1647 1538 ἡμῶν,
1688 1469 1839 1524 ειδόο

282 1572 399 1622 τες,
459 1556 546 1610 ὅτι
590 1558 793 1627 θλίψις
839 1559 1153 1629 ὑπομονὴν
1191 1558 1594 1629 κατεργάζεται
1620 1577 1634 1592 ο
1682 1562 1721 1629 ὴ
1770 1560 1840 1614 δὲ

280 1647 550 1717 ὑπομονὴ
581 1647 858 1718 δοκιμήν·
887 1649 926 1716 ’ἡ
951 1649 1019 1702 δὲ
1039 1649 1252 1719 δοκιμὴ
1283 1650 1529 1705 ἐλπίδα·
1565 1652 1602 1719 ἡ
1633 1650 1701 1704 δὲ
1738 1651 1838 1704 ἐλ-

283 1736 385 1803 πὶς
412 1740 521 1792 οὐκ
546 1739 818 1808 αἰσχύνει
839 1758 852 1772 ·
886 1738 975 1794 ὅτι
1003 1741 1038 1809 ἠ
1062 1740 1261 1811 ἀγάπη
1287 1740 1563 1810 τοῦξΘεοῦ
1593 1740 1839 1810 ἐκκέχυ-

1945 553 2176 608 virtutes
2198 566 2336 622 quas
2365 551 2551 622 gratias
2576 550 2981 620 coniunxerunt
2999 588 3014 614 ,
3048 550 3283 615 indicat,
3315 565 3504 620 quem-

1942 643 2236 699 admodum
2265 642 2603 698 admirabilis
2629 641 2832 698 Paulus
2854 651 3038 713 aperte
3063 642 3139 696 ait
3165 661 3178 697 :
3208 640 3503 713 Justiﬁcati

1943 752 2065 806 ergo
2093 750 2158 790 ea:
2185 733 2290 806 ﬁde
2315 749 2492 804 pacem
2521 732 2804 788 habeamus
2827 732 2895 787 ad
2922 733 3088 787 Deum
3108 750 3199 803 per
3219 733 3502 789 Dominum

1943 836 2183 882 nostrum
2203 825 2387 881 Iesum
2416 824 2685 881 Christum
2709 841 2727 879 :
2756 840 2847 893 per
2874 840 3023 895 quem
3054 836 3105 879 et
3132 823 3380 878 habemus
3411 840 3504 877 ac-

1944 933 2147 971 cessum
2179 933 2269 987 per
2293 915 2449 986 ﬁdem
2480 916 2534 969 in
2570 916 2800 986 gratiam
2833 915 2991 967 istam
3011 952 3026 977 ,
3054 913 3107 965 in
3136 930 3240 984 qua
3269 922 3501 979 stamus,

1943 1018 1991 1064 et
2016 1008 2381 1079 gloriamurjn
2401 1023 2488 1077 spe
2509 1008 2692 1078 gloria:
2713 1006 2811 1061 Dei
2838 1006 2904 1061 ⁸¹.
2934 1004 3206 1061 Hactenus
3229 1020 3350 1075 qua:
3378 1020 3503 1075 spe-

1943 1106 2094 1155 ctant
2121 1097 2187 1153 ad
2229 1099 2482 1168 gratiam.
2515 1089 2569 1152 Ν
2573 1116 2640 1153 οη
2667 1098 2841 1153 solum
2868 1107 3044 1152 autem
3068 1137 3084 1163 ,
3113 1097 3204 1152 sed
3225 1106 3276 1153 et
3301 1098 3502 1168 gloria-

1943 1206 2062 1243 mur
2077 1189 2130 1243 in
2147 1188 2569 1243 tribulationibus
2589 1190 2783 1244 nostris
2799 1205 2819 1243 :
2837 1189 3056 1243 scientes
3071 1187 3207 1259 quod
3228 1188 3501 1242 tribulatio

1940 1280 2253 1349 patientiam
2297 1289 2581 1350 operatur;
2610 1281 2868 1349 patientia
2895 1288 3068 1334 autem
3097 1278 3499 1349 probationem;

1942 1372 2183 1441 probatio
2211 1389 2328 1427 vero
2353 1389 2534 1442 spem;
2562 1388 2675 1443 spes
2704 1380 2878 1427 autem
2904 1388 3008 1426 non
3032 1370 3307 1441 confundit
3334 1387 3354 1426 :
3376 1372 3502 1443 quia

1947 1465 2182 1520 eharitas
2203 1465 2299 1521 Dei
2333 1466 2531 1535 diffusa
2560 1478 2635 1520 est
2655 1467 2710 1520 in
2730 1466 2974 1521 cordibus
2989 1468 3184 1521 nostris
3210 1482 3301 1535 per
3328 1465 3501 1535 Spiri-

1946 1567 2056 1612 tum
2098 1568 2342 1612 sanctum
2375 1559 2466 1628 qui
2505 1558 2663 1613 datus
2703 1567 2781 1613 est
2822 1557 2971 1612 nobis
3004 1558 3070 1610 δ’.
3115 1557 3270 1624 Quod
3316 1567 3499 1615 autem

1943 1649 2054 1715 ait,
2089 1648 2401 1705 Sternebant
2434 1642 2489 1704 in
2518 1651 2603 1704 via
2623 1691 2637 1714 ,
2667 1665 2734 1705 eo
2765 1649 2970 1705 dictum
3002 1649 3104 1713 sit,
3135 1649 3278 1719 quod
3309 1665 3498 1705 eorum

1940 1744 2171 1800 virtutes
2199 1756 2385 1797 coram
2417 1743 2670 1815 gentibus
2715 1742 3074 1812 corporaliter
3110 1743 3397 1813 palamque
3437 1757 3501 1798 ac

280 1844 374 1881 ται
412 1830 498 1895 εἰς
535 1830 640 1896 τὰς
672 1829 917 1898 καρδίας
943 1829 1111 1901 ἡμῶν
1140 1831 1239 1886 διὰ
1268 1834 1609 1902 Πνεύματος
1649 1833 1840 1904 ἁγίου,

1945 1836 2190 1893 sensibili
2243 1837 2454 1894 ratione
2507 1837 2851 1907 aspectandae
2903 1847 3361 1908 proponerentur,
3421 1838 3499 1892 uti

279 1918 385 1972 τοῦ
421 1918 696 1987 δοθέντος
738 1921 899 1991 ἡμῖν.
934 1922 1006 1975 Τὸ
1042 1921 1119 1985 δὲ,
1150 1922 1254 1976 Ἐν
1290 1921 1365 1992 τῇ
1390 1922 1468 1993 τῇ
1500 1923 1838 1993 ὑπεστρών-

280 2027 445 2076 νυον,
490 2012 572 2064 ὅτι
615 2012 937 2084 σωματικῶς
985 2014 1076 2067 καὶ
1130 2012 1377 2084 φανερῶς
1420 2015 1514 2068 καὶ
1570 2013 1839 2082 αἰσθητῶς

281 2100 607 2175 ἐθεωροῦντο
631 2108 687 2157 αἱ
714 2107 905 2177 ἀρεταὶ
922 2105 1099 2160 αὐτῶν
1125 2105 1350 2159 ἐνώπιον
1372 2104 1478 2159 τῶν
1493 2104 1681 2169 ὲθνῶν,
1710 2106 1836 2159 καθ-

1944 1929 2106 1983 etiam
2130 1928 2237 1982 alio
2256 1929 2491 1998 quodam
2512 1929 2633 1983 loco
2659 1928 2726 1983 ad
2746 1928 2891 1984 idem
2917 1929 2992 1983 ait
3012 1928 3341 1998 Apostolus:
3371 1928 3503 1995 Quae

1944 2016 2149 2090 pidistis
2177 2020 2234 2071 in
2265 2034 2345 2072 me
2358 2026 2408 2072 et
2425 2017 2698 2073 audivistis
2727 2025 2778 2072 et
2807 2019 3104 2087 accepistis,
3134 2018 3246 2073 haec
3277 2020 3414 2090 agite
3428 2021 3498 2075 ⁵⁸.

1948 2086 2144 2165 Verum
2180 2108 2249 2164 ad
2278 2109 2616 2180 propositum
2647 2086 2986 2165 revertamur

279 2194 356 2259 ὼς
388 2199 481 2251 καὶ
511 2200 568 2252 ὲν
592 2198 759 2271 ἑτέρῳ
784 2199 885 2253 πού
908 2216 1038 2270 φησι
1065 2200 1199 2271 πρὸς
1219 2200 1388 2253 ταῦτα
1443 2199 1616 2269 λέγων
1678 2202 1706 2253 ὁ
1755 2201 2102 2267 ’Λπὸστόλοςο
2135 2198 2243 2257 Οἷα
2283 2202 2470 2257 εἴδετε
2499 2202 2714 2273 ὲνέμοὶ
2740 2202 2839 2258 καὶ
2884 2202 3185 2271 ἠκούσατε
3218 2204 3319 2258 καὶ
3356 2219 3502 2273 παρ.

278 2287 545 2351 ελάϐετε,
596 2289 779 2344 ταῦτα
812 2290 1090 2359 πράξατε.
1127 2290 1265 2344 Ἀλλ’
1297 2291 1389 2344 ἐπὶ
1419 2294 1481 2344 τδ
1520 2291 1873 2362 προκείμενον
1895 2295 2222 2366 έπανίωμεν.

354 2381 417 2431 Ol
444 2377 511 2431 δὲ
538 2378 706 2446 ὄχλοι
734 2382 788 2434 oi
814 2379 1165 2450 προάγοντες
1203 2378 1301 2433 καὶ
1346 2382 1400 2434 οἱ
1434 2380 1838 2435 ἀκολουθοῦν-

281 2485 380 2535 τες
425 2468 689 2538 ἐκραζον,
740 2470 875 2542 μετὰ
923 2470 1085 2524 αἵνων
1137 2471 1230 2525 καὶ
1272 2470 1479 2524 κλάδων
1517 2470 1710 2524 ἐλαιῶν
1745 2470 1841 2524 καὶ

282 2559 483 2630 βαϊωνο
519 2562 712 2625 οἵτινες
751 2561 1073 2633 σημαίνουσι
1095 2562 1191 2633 τὴν
1234 2561 1538 2634 πρακτικὴν
1581 2561 1840 2633 ἐργασίαν

278 2654 373 2708 τοῦ
408 2653 513 2721 ἔξω
547 2653 829 2724 ἀνθρώπου
849 2673 863 2687 ·
894 2656 989 2710 καὶ
1024 2655 1151 2727 βάῖα
1195 2656 1471 2726 φοινίκων,
1505 2656 1696 2721 οἵτινες
1734 2674 1841 2729 μη-

282 2746 460 2801 νύουσι
498 2747 595 2817 τὴν
626 2746 994 2818 πνευματικὴν
1033 2748 1127 2801 καὶ
1160 2748 1463 2819 πρακτικὴν
1495 2747 1589 2825 καὶ
1617 2765 1841 2817 γνωστι-

283 2836 382 2908 κὴν
410 2841 500 2891 καὶ
518 2836 761 2910 καθαρὰν
781 2837 873 2891 τοῦ
900 2838 1007 2891 ἔσω
1027 2838 1309 2910 ἀνθρώπου
1333 2839 1610 2911 ἐργασίαν.
1633 2842 1843 2908 Ἔκραρ

279 2926 380 2989 ζον
421 2926 699 2997 λέγοντες
718 2945 732 2959 ·
798 2929 1053 2982 Ὡσαννὰ
1105 2929 1175 2982 ἐν
1226 2929 1351 2995 τοῖς
1393 2931 1696 2997 ὑψίστοις.
1752 2930 1840 2983 Ἐν

281 3020 506 3091 ἀληθείᾳ
542 3019 651 3092 γὰρ
675 3020 871 3083 πάντες
901 3021 950 3073 οἱ
971 3020 1113 3091 ὄχλοι
1146 3020 1253 3074 τῶν
1274 3020 1493 3074 δικαίων
1518 3022 1610 3074 καὶ
1638 3038 1843 3092 προφη-

281 3112 388 3164 τῶν
411 3113 503 3165 καὶ
524 3113 731 3185 ἱερέων,
752 3112 945 3176 οἵτινές
962 3114 1096 3166 εἰσιν
1121 3113 1170 3165 οἱ
1188 3113 1516 3185 προάγοντες
1540 3113 1631 3165 καὶ
1647 3114 1695 3166 οἱ
1718 3114 1841 3166 ἁκο-

2008 2381 2097 2438 Vl.
2123 2382 2312 2438 Turbae
2337 2393 2509 2438 autem
2546 2399 2666 2454 qute
2700 2381 2958 2452 prwibant
3005 2393 3055 2438 et
3076 2399 3192 2454 quae
3219 2387 3496 2455 sequeban-

1943 2481 2031 2527 tur
2057 2472 2378 2536 clamabant,
2409 2489 2532 2528 cum
2563 2472 2819 2528 laudibus
2850 2482 2905 2528 et
2930 2473 3102 2528 ramis
3130 2474 3393 2530 olivarum
3417 2485 3499 2531 at-

1941 2576 2048 2632 que
2075 2564 2395 2632 palmarum.
2423 2559 2739 2632 Signiﬁcant
2762 2562 3027 2617 olivarum
3052 2565 3189 2617 rami
3217 2574 3498 2621 actuosam

1948 2652 2316 2722 operationem
2356 2652 2645 2708 exterioris
2677 2652 2915 2709 hominis
2944 2672 2958 2708 :
2987 2655 3127 2708 rami
3171 2665 3350 2711 autem
3380 2659 3500 2728 pal-

1944 2757 2179 2809 marum,
2213 2743 2512 2814 spiritalem
2541 2745 2884 2816 activamque
2917 2761 2983 2802 ac
3024 2749 3497 2819 contemplativam

1945 2841 2107 2903 atque
2138 2837 2331 2904 pura‘m
2359 2834 2597 2889 hominis
2639 2834 2919 2893 interioris
2946 2839 3336 2908 operationem.
3369 2837 3501 2894 Cla-

1944 2922 2162 2977 mabunt
2208 2924 2436 2980 dicentes
2462 2940 2481 2978 :
2506 2924 2765 2981 Hosanna
2800 2928 2855 2982 in
2899 2928 3195 2984 altissimis.
3249 2929 3330 2986 Re
3371 2947 3501 2987 vera

1943 3014 2090 3068 enim
2131 3029 2320 3070 omnes
2367 3017 2542 3071 turba:
2565 3017 2861 3087 justorum,
2909 3028 2962 3073 et
2999 3019 3385 3089 prophetarum
3434 3037 3500 3076 ac

1944 3104 2308 3173 sacerdotum,
2343 3122 2481 3177 quos
2506 3109 2859 3178 intelligimus
2886 3118 3189 3179 praeeuntes
3218 3119 3380 3181 atque
3414 3128 3502 3168 sc-

282 3201 616 3267 λουθοῦντες,
648 3204 824 3257 πίστει
845 3202 1125 3274 κράζουσι,
1153 3204 1246 3256 καὶ
1276 3202 1519 3272 λέγουσιν
1540 3221 1551 3232 ο
1585 3203 1840 3257 Ὡσαννὰ

1943 3206 2209 3266 quentes,
2257 3196 2361 3252 ﬁde
2409 3199 2665 3262 clamant,
2718 3199 3057 3270 dicuntque:
3090 3199 3345 3255 Hosanna
3388 3204 3502 3271 ﬁlio

282 3290 361 3358 τῷ
392 3291 498 3359 υίῷ
518 3293 693 3348 Δαϐίδ
712 3311 725 3324 ’
753 3298 1167 3366 Εὐλογημένος
1194 3299 1227 3349 ὁ
1258 3295 1579 3364 ἐρχόμενος
1608 3294 1678 3346 ἐν
1706 3294 1839 3347 ὀνό-

274 3402 416 3454 ματι
465 3388 717 3455 Κυρίου’
770 3389 1026 3443 Ὡσαννὰ
1067 3389 1137 3442 ὲν
1181 3387 1305 3454 τοῖς
1346 3388 1661 3456 ὑψίστοις·
1692 3384 1767 3448 ὡς
1810 3386 1840 3438 ὁ

282 3476 669 3550 εὐαγγελιστής
717 3497 883 3551 (mar
918 3480 1096 3535 Τοῦτο
1137 3478 1206 3533 δὲ
1250 3479 1396 3533 ὅλον
1446 3477 1708 3549 γέγονεν,
1742 3476 1841 3530 ἵνα

282 3568 563 3637 πληρωθῇ
601 3569 667 3622 τὸ
687 3571 876 3638 ρηθὲν
900 3570 997 3625 διὰ
1027 3570 1131 3624 τοῦ
1167 3567 1492 3638 προφήτου,
1521 3566 1803 3637 λέγοντος
1823 3582 1837 3595 °

283 3664 505 3733 Εἴπατε
545 3661 618 3730 τῇ
655 3663 894 3732 θυγατρὶ
935 3661 1102 3715 Σιών.
1147 3662 1290 3733 Πρὸς
1329 3661 1474 3725 τίνας
1506 3660 1700 3728 λέγεις,
1739 3659 1841 3711 Εἵ-

282 3769 451 3819 πατε,
495 3730 543 3805 ’ὦ
581 3756 869 3823 προφῆτα;
909 3753 1039 3805 Ἰδοὺ
1070 3754 1134 3806 σὺ
1158 3752 1473 3825 κηρύττεις·
1516 3750 1622 3803 ἰδοὺ
1667 3751 1731 3803 σὺ
1763 3750 1843 3803 λέ-

283 3865 419 3917 γεις.
458 3842 616 3915 Ἐγὼ,
641 3844 824 3914 φησὶν,
854 3843 1157 3914 ἐπεθύμουν
1188 3843 1314 3896 ἰδεῖν
1344 3844 1436 3897 καὶ⁵
1463 3840 1718 3896 ἀκοῦσαιο
1742 3841 1842 3895 οὐκ

284 3939 394 4008 ἐγὼ
424 3938 602 4010 μόνος,
627 3936 760 3990 ἀλλὰ
791 3937 882 3990 καὶ
905 3935 1120 3990 πολλοὶ
1151 3934 1445 4004 προφῆται
1468 3934 1565 3989 καὶ
1602 3934 1837 3987 δίκαιοι.

299 4030 456 4083 Ἀλλὰ
501 4030 593 4083 καὶ
630 4031 740 4093 τοῖς
787 4027 1189 4100 εὑρισκομένοις
1226 4027 1319 4079 κα⁹ι
1362 4024 1839 4097 μαθητευομένοις,

285 4122 381 4175 καὶ
421 4120 754 4192 θεωροῦντας
794 4119 904 4189 (75)
947 4119 1038 4172 καὶ
1094 4117 1388 4179 ἀκούοντας
1436 4116 1530 4168 τοῦ
1580 4114 1841 4186 βασιλέως

284 4212 420 4266 Σιὼν
464 4213 625 4281 λέγω,
666 4214 751 4265 ἵνα
788 4211 980 4265 εἴπωσι
1019 4211 1113 4264 καὶ
1143 4209 1479 4281 κηρύξωσιν·
1513 4211 1735 4263 Εἴπατε
1766 4205 1843 4277 τῇ

283 4302 523 4368 θυγατρὶ
551 4298 701 4355 Σιών
718 4316 731 4329 ο
773 4300 925 4355 Ἰδοὺ
948 4303 980 4352 ό
1004 4300 1303 4364 βασιλεύς
1321 4316 1435 4352 σου
1462 4297 1697 4367 ἔρχεταί
1721 4312 1838 4353 σοι.

284 4392 391 4444 Καὶ
432 4392 530 4444 οὐκ
577 4389 698 4444 εἷπε
741 4389 931 4461 ψιλῶς,
978 4391 1211 4460 ἔρχεται
1237 4407 1249 4420 ·
1286 4389 1399 4443 ἀλλ’
1431 4389 1664 4459 ἔρχεται
1705 4404 1803 4441 σοι
1826 4406 1839 4417 ·

281 4483 545 4545 τουτέστι,
585 4482 677 4536 σοῦ
719 4481 989 4551 γενέσθαι,
1018 4484 1111 4535 καὶ
1136 4483 1192 4534 ὲν
1232 4481 1314 4535 σοὶ¹
1345 4481 1580 4553 οἰκῆσαι.
1628 4478 1780 4534 Ἰδοὺ
1809 4481 1842 4532 ὀ

278 4575 574 4641 ,ϐασιλεὺς
619 4592 734 4628 σου
782 4574 1013 4643 ἔρχεταί
1062 4590 1160 4628 σοι
1204 4573 1425 4638 δίκαιος
1477 4571 1573 4625 καὶ
1620 4568 1839 4631 σώζων.

284 4662 477 4728 Σώζων
498 4664 605 4717 ἀπὸ
629 4664 729 4734 τῆς
756 4663 993 4728 δουλείας
1009 4663 1099 4717 τοῦ
1130 4662 1321 4734 ἐχθροῦ
1348 4663 1470 4725 τοὺς
1493 4661 1842 4724 πιστεύοντας

284 4758 368 4808 ἐπ’
394 4756 572 4809 αὐτόν.
608 4757 804 4826 Πραῦς
836 4756 931 4810 καὶ
968 4755 1320 4823 ἐπιϐεϐηκὼς
1357 4754 1452 4808 ἐπὶ
1481 4752 1684 4807 πῶλον
1711 4753 1845 4807 υἱὸν

282 4847 600 4918 ὑποζυγίου
619 4866 633 4880 υ
667 4848 908 4902 τουτέστι
933 4848 1328 4919 ταπεινόφρων,
1361 4847 1453 4900 καί
1478 4848 1533 4899 ὲν
1557 4847 1622 4916 τῇ
1651 4862 1843 4898 ταπει-

284 4940 582 5012 νοφροσύνῃ
615 4939 777 4994 αὐτοῦ
813 4939 1213 5009 ἐξολοθρεύων
1242 4940 1313 4993 τὰ
1341 4938 1567 5008 ἅρματα
1589 4936 1697 5006 τῆς
1727 4939 1843 5002 ,βα-

284 5031 517 5096 σιλείας
560 5032 824 5100 Ἑφριιΐμ·
867 5030 1107 5083 τουτέστι
1142 5029 1235 5084 τοῦ
1275 5028 1540 5090 διαϐόλου,
1572 5029 1629 5093 ὃς
1657 5029 1842 5082 ἐϐασί-

281 5123 468 5176 λευσεν
491 5124 580 5176 ἐπὶ
599 5125 686 5176 τὸν
714 5124 925 5195 Ἰσραὴλ
955 5124 1047 5176 καὶ
1067 5124 1156 5176 ἐπὶ
1177 5123 1246 5177 τὰ
1271 5123 1417 5193 ἔθνη.
1455 5125 1842 5197 Ἐξωλόθρευσε

280 5211 337 5263 δὲ
370 5210 461 5263 καὶ
492 5211 629 5265 κατὰ
665 5212 725 5264 τὸ
758 5213 988 5284 γράμμα
1025 5214 1120 5265 καὶ
1153 5214 1247 5284 τὴν
1280 5213 1551 5284 βασιλείαν
1587 5213 1680 5268 τοῦ
1713 5214 1841 5268 λαοῦ

281 5301 388 5355 τῶν
437 5303 721 5370 Ἰουδαίων,
762 5306 854 5358 καὶ
898 5305 1128 5377 ἐπαύθη.
1160 5306 1268 5361 Καὶ
1313 5308 1522 5372 ἵππον,
1558 5308 1743 5379 φησὶν,
1772 5307 1842 5373 ἐξ

291 5394 686 5465 Ἰερουσαλήμ
703 5414 715 5425 ν
740 5396 980 5449 τουτέστι
1013 5398 1190 5452 πᾶσαν
1215 5398 1312 5471 τὴν
1340 5399 1714 5471 ὑπερηφανίαν
1743 5401 1842 5471 τῆς

1939 3282 2114 3339 David
2140 3301 2159 3339 .·
2180 3286 2492 3341 Benedictus
2518 3289 2607 3358 qui
2639 3289 2772 3342 venit
2802 3290 2856 3342 in
2886 3291 3093 3343 nomine
3113 3289 3324 3346 Domini
3345 3306 3364 3345 :
3389 3290 3501 3346 Ηυ-

1940 3396 2111 3434 sanna
2140 3379 2194 3433 in
2226 3382 2504 3435 altissimis
2535 3397 2553 3434 :
2575 3381 3037 3452 quemadmodum
3073 3399 3232 3439 Sacer
3273 3400 3500 3456 evange-

1941 3476 2065 3531 lista
2095 3475 2207 3531 ait:
2236 3476 2352 3533 Hoc
2380 3489 2557 3532 autem
2603 3489 2769 3533 totum
2795 3479 3000 3549 factum
3037 3489 3138 3544 est,
3166 3490 3224 3534 ut
3254 3482 3500 3551 adimple-

1941 3577 2085 3620 retur
2105 3567 2248 3636 quod
2280 3568 2478 3622 dictum
2512 3578 2590 3624 est
2620 3586 2712 3639 per
2731 3570 3057 3640 prophetam,
3087 3570 3338 3626 dicentem
3363 3588 3383 3626 :
3403 3572 3499 3626 Di-

1941 3658 2042 3712 cite
2060 3657 2187 3727 ﬁlia:
2210 3657 2359 3713 Sion.
2390 3658 2727 3725 Quibusnam
2755 3661 3017 3731 propheta
3046 3662 3147 3727 ais,
3177 3662 3386 3719 Dicite?
3417 3665 3497 3719 En

1942 3748 2057 3820 ipse
2092 3743 2396 3819 praedicas:
2430 3766 2497 3805 en
2529 3751 2646 3821 ipse
2689 3749 2849 3805 dicis.
2881 3750 3012 3822 Ego,
3052 3753 3250 3823 inquit,
3283 3755 3496 3809 deside-

1944 3840 2133 3895 rabam
2180 3840 2363 3896 videre
2405 3849 2461 3896 et
2501 3841 2690 3897 audire
2715 3862 2729 3896 :
2759 3857 2861 3897 nec
2904 3858 3004 3913 ego
3038 3852 3268 3909 tantum,
3311 3845 3406 3900 sed
3442 3853 3498 3901 et

1942 3934 2096 3987 multi
2109 3933 2371 4002 propheta:
2385 3945 2433 3988 et
2439 3934 2575 4003 justi
2599 3934 2686 3988 ⁵³⁵.
2712 3933 2911 3990 Verum
2933 3934 3076 3997 dico,
3101 3952 3223 3990 cum
3247 3937 3495 3992 inventu-

1942 4024 2022 4079 ris
2051 4039 2116 4079 ac
2149 4026 2454 4095 discipulis,
2480 4035 2591 4080 tum
2623 4026 2691 4082 iis
2716 4026 2810 4097 qui
2838 4025 3021 4081 vident
3046 4042 3109 4082 ac
3138 4028 3369 4083 audiunt
3395 4028 3499 4085 Rc-

1942 4131 2060 4186 gem
2089 4114 2240 4182 Sion,
2271 4125 2329 4172 ut
2351 4117 2537 4172 dicant
2559 4134 2621 4172 ac
2646 4117 2943 4189 praedicent
2962 4138 2975 4173 :
2995 4119 3166 4173 Dicite
3187 4119 3315 4189 ﬁlia:
3336 4119 3461 4176 Sion
3481 4139 3500 4177 :

1943 4205 2078 4262 Ecce
2113 4223 2205 4262 rex
2238 4218 2356 4261 tuus
2380 4210 2513 4262 venit
2542 4208 2654 4263 tibi.
2681 4208 2799 4264 Non
2827 4209 2969 4265 unde
2989 4211 3145 4275 dixit,
3180 4213 3316 4265 venit
3341 4214 3499 4278 :sed,

1942 4301 2079 4355 venit
2119 4300 2253 4354 tibi:
2283 4301 2389 4355 hoc
2428 4309 2531 4359 est.
2567 4309 2625 4355 ut
2666 4302 2740 4357 sit
2784 4312 2934 4366 tuus,
2984 4311 3039 4359 et
3079 4304 3288 4359 habitet
3324 4305 3379 4359 iu
3426 4313 3499 4359 te.

1944 4391 2080 4446 Ecce
2127 4407 2219 4445 rex
2260 4400 2379 4445 tuus
2418 4393 2555 4447 venit
2589 4392 2684 4446 tibi
2704 4393 2886 4463 justus
2912 4406 2962 4449 et
3003 4394 3235 4449 salvans.
3271 4375 3498 4452 Salvans

1945 4481 2013 4535 ab
2043 4480 2249 4535 inimici
2278 4462 2539 4537 servitute
2572 4484 2857 4539 credentes
2890 4483 2945 4538 in
2987 4500 3125 4539 eum.
3166 4485 3498 4552 Mansuetus,

1946 4582 1995 4627 et
2030 4572 2212 4626 sedens
2256 4587 2409 4641 super
2442 4573 2644 4643 pullum
2688 4574 2858 4643 ﬁlium
2897 4574 3189 4645 subjugalis
3213 4592 3231 4629 :
3255 4576 3358 4631 hoc
3393 4585 3498 4642 est,

1948 4666 2191 4733 humilis,
2228 4681 2435 4735 suaque
2470 4665 2773 4720 humilitate
2812 4666 3110 4737 dispergens
3142 4683 3327 4721 currus
3359 4672 3498 4739 regni

1949 4756 2304 4828 Ephraim“;
2334 4757 2438 4811 hoc
2497 4766 2580 4812 est
2617 4756 2837 4824 diaboli,
2869 4756 2960 4827 qui
2999 4770 3314 4827 regnaverat
3339 4775 3497 4830 super

1948 4847 2113 4903 Israel
2142 4855 2197 4902 et
2223 4862 2386 4917 super
2412 4858 2622 4917 gentes.
2657 4845 2761 4901 Sed
2790 4856 2844 4901 et
2881 4847 2948 4901 ad
2977 4847 3233 4910 litteram,
3272 4863 3497 4919 regnum

1946 4954 2165 5010 quoque
2191 4939 2374 5010 populi
2403 4936 2714 4992 Judmorum
2741 4936 3063 5007 disperdidit
3082 4980 3096 4998 .
3133 4937 3372 5010 illudque
3389 4940 3497 5010 jam

1946 5030 2127 5087 desiit.
2157 5029 2224 5084 Et
2252 5046 2437 5101 equum
2465 5030 2528 5085 de
2549 5028 2849 5084 Jerusalem
2867 5045 2885 5083 :
2906 5028 3010 5085 hoc
3040 5036 3146 5092 est,
3174 5045 3387 5087 omnem
3411 5047 3504 5086 eo-

1947 5139 2068 5178 rum
2091 5123 2428 5195 priucipatus
2451 5122 2763 5193 superbiam
2785 5121 2977 5176 humili
2997 5123 3146 5193 pullo
3167 5138 3287 5179 suo.
3314 5121 3499 5186 Porro,

1946 5214 2115 5271 Jacob
2143 5230 2267 5270 cum
2301 5213 2643 5269 benediceret
2660 5213 2875 5279 Judam,
2909 5212 3215 5286 factamque
3236 5214 3303 5269 ad
3326 5214 3503 5270 Abra-

1947 5306 2071 5369 ham
2119 5320 2184 5360 ac
2217 5306 2367 5361 Isaac
2395 5311 2579 5376 patres
2613 5320 2745 5361 suos
2770 5304 3226 5373 benedictionem,
3257 5319 3377 5376 quae
3418 5314 3502 5359 est

1944 5396 2196 5458 Christus
2239 5397 2575 5461 .declararet,
2608 5398 2723 5461 ait:
2756 5397 3002 5465 Altinates
3015 5398 3088 5454 ad
3116 5399 3273 5457 vitem
3296 5397 3499 5467 pullum

352 5549 395 5582 "
436 5548 593 5604 Rom.
628 5566 680 5616 ν,
716 5550 768 5618 1,
801 5551 854 5605 2.
930 5553 974 5583 "
1012 5552 1144 5608 ibid.
1179 5552 1244 5619 3,
1276 5554 1330 5610 5.
1403 5552 1450 5585 ⁸³
1488 5550 1712 5619 Philum.
1758 5569 1830 5620 Dr.

1996 5543 2065 5587 ’(⁸
2102 5553 2293 5609 Matth.
2327 5568 2462 5622 xm,
2500 5541 2585 5609 Π.
2661 5554 2709 5587 ⁸⁸
2745 5553 2909 5609 Zach.
2947 5569 3031 5620 Ix,
3069 5551 3155 5608 10.

349 5726 461 5801 (⁷2)
490 5728 716 5787 Αὐτῶν.
745 5731 899 5803 Apud
930 5732 1237 5791 Matthmum
1266 5751 1377 5801 XXI,
1409 5734 1464 5801 8,
1487 5733 1709 5789 ἑαυτῶν.

2003 5732 2111 5805 (75)
2145 5734 2254 5792 Καὶ
2278 5737 2441 5805 θεωρ.
2474 5733 2640 5791 Forte
2674 5735 2767 5789 καί
2794 5731 2931 5799 πρὸς
2960 5731 3128 5795 Ρεωρ.
