4038 6288
595 355 737 415 12⁸15

1736 343 1875 399 TITI
1908 339 2340 397 BOSTRENSIS
2376 338 2676 395 EPISCOPI

3685 335 3786 391 1276

596 490 752 530 “mm
776 474 845 527 αι.
886 470 968 525 Ad
1009 467 1173 522 vitem
1211 464 1358 520 enim
1389 463 1456 519 de
1490 461 1730 535 Egypto
1760 459 2085 516 translatam
2105 459 2175 524 ⁵⁸,

2283 457 2463 512 αὐτῶν
2513 455 2689 529 ἀρχῆς
2720 452 2809 508 διὰ
2846 451 2941 507 τοῦ
2976 448 3230 506 ταπεινοῦ
3274 435 3437 503 αύτοῢν
3463 446 3646 501 πωλου.
3677 449 3723 503 ’0
3745 450 3787 504 δι

550 550 561 563 ’
600 579 831 637 quaeque
863 570 1033 616 totam
1061 557 1307 628 implevit
1331 564 1534 610 terram
1565 570 1665 627 per
1694 552 2001 608 doctrinam
2033 566 2177 620 pro-

600 659 888 729 phetarum
925 654 1046 723 ejus
1095 661 1259 721 atque
1286 648 1587 718 justorum,
1642 646 1931 701 universas
1983 650 2176 715 gentes

599 748 861 820 alligavlt.
898 744 1032 799 Nam
1080 743 1264 813 pullus
1299 742 1355 797 in
1386 742 1507 811 lege
1543 737 1861 792 immundus
1920 744 2061 799 erat,
2095 734 2175 789 uti

597 852 653 897 et
691 852 900 911 gentes.
951 836 1196 904 Alligans
1246 833 1314 886 ad
1360 835 1515 888 vitem
1557 830 1763 900 pullum
1816 844 1991 883 suum.
2031 824 2175 893 Quid

597 934 714 988 ita?
751 931 819 986 Ut
849 931 919 985 ab
942 945 1005 985 ea
1037 929 1211 999 legem
1246 942 1308 980 ac
1348 927 1647 997 prophetas
1676 939 1740 978 ac
1790 924 1843 978 in
1880 923 1960 977 eis
1997 922 2175 975 laten-

596 1033 709 1103 tem
745 1023 843 1078 Dei
878 1021 1163 1078 scientiam
1198 1019 1507 1090 acciperent
1535 1038 1547 1074 :
1577 1018 1680 1072 hoc
1719 1022 1822 1080 est,
1857 1013 2174 1078 Christum;

597 1118 690 1188 qui
741 1123 826 1171 est
872 1114 1184 1170 benedictio
1237 1126 1301 1166 ac
1352 1110 1609 1182 purgatio
1646 1108 1911 1180 gentium.
1965 1104 2178 1176 Quippe

597 1209 714 1262 ait:
746 1205 815 1261 Et
866 1205 933 1260 ad
975 1207 1192 1261 helicem
1238 1205 1444 1275 pullum
1485 1203 1651 1256 asinw
1689 1216 1822 1255 sum.
1871 1197 1967 1253 Est
2008 1196 2174 1260 helix,

598 1300 747 1372 quod
777 1316 842 1356 ex
866 1300 976 1356 vite
1002 1301 1273 1371 germinat
1298 1317 1311 1352 :
1346 1297 1603 1352 Christus
1627 1295 1908 1356 nimirum,
1944 1291 2039 1361 qui
2064 1305 2180 1361 ger-

598 1394 826 1448 minavit
869 1409 936 1449 ex
987 1395 1099 1448 vite
1150 1407 1425 1465 synagoga
1475 1390 1741 1445 translata
1789 1388 1857 1443 de
1897 1385 2173 1455 Egypto;

598 1484 1057 1556 quemadmodum
1086 1485 1319 1554 ipsemet
1341 1483 1408 1536 ad
1439 1497 1565 1538 eum
1594 1480 1765 1536 Jacob
1796 1478 1907 1533 ait:
1938 1476 2023 1530 Ea:
2055 1491 2175 1546 ger-

599 1578 760 1641 mine,
795 1576 878 1647 ﬁli
908 1577 1001 1641 mi,
1026 1575 1313 1630 ascendiin
1344 1574 1551 1645 :inque
1581 1588 1646 1629 eo
1672 1581 1860 1644 gentes
1887 1567 2172 1624 insolubili

599 1671 823 1726 vinculo
856 1672 1091 1743 alligata:
1113 1678 1264 1734 sunt.

601 1761 806 1817 πῶλον
828 1762 938 1832 τῆς
973 1763 1115 1818 ὄνου
1144 1763 1350 1818 αὑτοῦ.
1382 1761 1537 1828 Ἔλιξ
1573 1763 1691 1816 ἐστὶ
1714 1761 1775 1815 τὸ
1806 1759 2097 1832 βλάστημα
2124 1755 2185 1809 τὸ

2282 550 2625 622 πατριάρχης
2658 546 2875 612 Ἰακὼϐ,
2903 543 3139 614 εὐλογῶν
3165 544 3255 598 τὸν
3292 542 3506 605 Ἰούδαν,
3534 543 3621 595 καὶ
3644 544 3788 622 ἐκφαξ.

2281 616 2408 697 νων-
2432 616 2557 713 ν
2581 616 2836 709 εὐλογίαν
2888 640 2986 711 τὴν
3035 637 3172 708 πρὸς
3224 637 3349 698 τοὺς
3390 634 3621 705 πατέρας
3666 616 3788 691 αὕτσῦ

2297 736 2548 808 Ἀϐραὰμ
2591 736 2684 789 καὶ
2723 734 2928 797 Ἰσαὰκ,
2953 733 3075 802 ἦτις
3123 731 3269 784 ἐστὶν
3298 731 3327 783 ὁ
3365 728 3609 799 Χριστὸς,
3650 729 3786 796 λέγει·

2278 830 2593 900 Δεσμεύων
2626 827 2775 897 πρὸς
2809 826 3081 897 ἄμπελον
3110 824 3216 878 τὸν
3236 822 3440 877 πῶλον
3470 821 3658 875 αὑτοῦ.
3686 823 3792 894 Πρδς

2278 927 2386 999 γὰρ
2419 925 2517 996 τὴν
2558 922 2802 994 ἄμπελον
2834 921 2932 993 τὴν
2975 920 3317 990 μεταστᾶσαν
3347 914 3407 980 ἐξ
3432 914 3700 983 Αἰγύπτου,
3721 916 3792 986 τὴν

2281 1018 2389 1089 πλη
2399 1017 2651 1090 ρώσασαν
2674 1019 2853 1069 πᾶσαν
2873 1013 2974 1085 τὴν
2992 1013 3093 1084 γῆν
3114 1009 3222 1066 ἀπὸ
3242 1010 3338 1079 τῆς
3363 1007 3579 1078 διδαχῆς
3596 1008 3687 1062 τῶν
3704 1025 3793 1080 προ

2282 1109 2470 1182 φητῶν
2496 1109 2668 1177 αὐτῆς
2698 1106 2793 1160 καὶ
2812 1103 3052 1165 δικαίων,
3082 1100 3379 1170 ἐδέσμευσε
3409 1096 3577 1149 πάντα
3599 1095 3660 1148 τὰ
3682 1094 3792 1166 ἔθνη.

2293 1200 2351 1253 Ὁ
2390 1197 2498 1268 γὰρ
2542 1196 2719 1260 πῶλος
2754 1193 3060 1264 ἀκάθαρτος
3106 1192 3255 1243 ἐστιν
3295 1191 3354 1243 ὲν
3394 1186 3471 1258 τῷ
3508 1186 3667 1257 νόμῳ·
3690 1184 3795 1238 οὕτω

2281 1294 2377 1347 καλ⁸
2400 1292 2466 1345 τὰ
2498 1289 2646 1361 ἔθνη.
2681 1287 2992 1353 Δεσμεύιιηρ
3023 1283 3172 1352 πρὸς
3199 1281 3473 1352 ἄμπελον
3505 1277 3604 1331 τὸν
3638 1276 3797 1331 πῶλον

2281 1380 2486 1436 αὐτοῦ.
2513 1380 2611 1433 Διὰ
2632 1379 2718 1444 τί;
2746 1378 2864 1431 Ἵνα
2889 1374 3142 1440 δέξωνται
3168 1373 3297 1444 παρ’
3332 1369 3494 1425 αὐτοῦ
3522 1368 3622 1439 (74)
3646 1368 3797 1422 τὺννὸ-

2285 1490 2385 1544 μον
2425 1473 2520 1526 καὶ
2557 1472 2684 1535 τοὺς
2715 1470 3018 1541 προφήτας,
3054 1466 3149 1519 καὶ
3183 1464 3283 1535 τὴν
3321 1465 3380 1516 ἐν
3422 1461 3595 1523 αὐτοῖς
3620 1460 3797 1528 θεογνω-

2284 1565 2437 1617 σίαψ
2482 1562 2726 1616 τουτέστι
2778 1560 2866 1614 τὸν
2906 1557 3161 1631 Χριστὸν,
3208 1556 3266 1619 ὃς
3308 1548 3456 1608 ἐστιν
3499 1550 3691 1619 εὐλογία
3718 1550 3797 1605 τῶν

2283 1657 2451 1711 ἐθνῶν
2492 1657 2587 1710 καὶ
2612 1655 2899 1727 κάθαρσις.
2945 1653 3083 1724 Φησὶ
3125 1652 3265 1722 γάρ·
3293 1648 3405 1703 Καὶ
3458 1645 3530 1715 τῇ
3559 1646 3692 1701 ἕλικι
3718 1644 3797 1697 τὸν

2230 1754 2291 1819 ἐξ
2316 1753 2561 1825 ἀμπέλου
2579 1769 2593 1783 ·
2627 1752 2686 1815 ὃς
2719 1752 2866 1804 ἐστιν
2890 1750 2918 1802 ὁ
2943 1746 3199 1819 Χριστὸς,
3229 1746 3287 1811 ἐξ
3317 1741 3560 1814 ἀμπέλου
3590 1739 3673 1811 τῆς
3703 1756 3795 1791 aw-

600 1858 822 1930 αγωγῆς
847 1860 947 1930 τῆς
986 1857 1044 1923 ἐξ
1072 1857 1346 1927 Αἰγύπτου
1394 1856 1721 1928 βλαστήσας,
1759 1854 1940 1919 καθὼς
1982 1851 2146 1916 αὐτὸς
2196 1853 2225 1905 ὁ
2282 1846 2476 1903 Ἰακώϐ
2529 1864 2663 1919 φησι
2696 1843 2834 1918 πρὸς
2867 1843 3027 1898 αὐτόν
3049 1859 3063 1872 ·
3118 1842 3221 1895 Ἐκ
3256 1836 3556 1904 βλαστοῦ,
3587 1835 3668 1891 υἱέ
3692 1853 3795 1906 μου,

601 1948 850 2020 ἀνέϐης·
881 1951 975 2003 καὶ¹
999 1950 1404 2022 ὲδεσμεύθησαν
1437 1948 1506 2001 τὰ
1532 1947 1656 2019 ἔθνη
1685 1950 1743 2001 ὲν
1774 1945 1924 2017 αὐτῷ
1950 1944 2179 2006 ἁλύτως.

671 2040 784 2096 Vll.
821 2040 887 2095 Et
908 2057 1011 2097 nos
1034 2019 1218 2112 itaque
1247 2019 1614 2097 insolubiliter
1634 2039 1855 2097 Christo
1881 2038 2185 2108 alligemur.

2363 2025 2570 2082 Οὐκοῦν
2618 2022 3004 2096 δεσμευθῶμεν
3045 2021 3138 2076 καὶ
3177 2021 3340 2092 ἡμεῖς
3386 2021 3466 2083 εἰς
3501 2019 3586 2076 τὸν
3622 2022 3798 2093 Χρισυδν

604 2133 885 2204 Siquidem
907 2134 1131 2189 omnino
1155 2134 1225 2188 ab
1240 2134 1361 2202 ejus
1384 2132 1821 2189 solemnitatibus
1842 2132 2070 2187 salutem
2088 2131 2190 2186 ob-

602 2230 779 2282 tinere
819 2227 1241 2292 contendimus;
1270 2242 1373 2281 nos
1406 2240 1627 2296 quoque
1658 2226 1774 2296 ipse
1798 2241 1907 2279 una
1936 2240 2058 2279 cum
2083 2222 2189 2278 La-

603 2337 753 2382 zaro,
806 2338 840 2374 a
884 2322 1108 2376 mortuis
1160 2320 1402 2390 operibus
1422 2322 1466 2353 ⁸⁷
1497 2321 1701 2375 nostris
1777 2336 1895 2391 quae
1929 2321 2042 2374 sine
2079 2318 2185 2373 Deo

602 2421 726 2468 sunt
755 2412 898 2482 facta
920 2453 935 2475 ,
963 2413 1335 2469 suscitaturus
1366 2420 1451 2468 est
1472 2413 1541 2466 ⁸³.
1580 2412 1673 2467 Sic
1706 2413 1811 2484 ipsi
1840 2412 1895 2466 in
1924 2411 2188 2466 Bethania

605 2505 1083 2570 concmnabimus,
1129 2521 1294 2575 quam
1337 2506 1741 2576 interpreteris,
1795 2504 2013 2557 domum
2065 2502 2189 2556 obe-

604 2596 839 2653 dientiw.
889 2596 982 2652 Sic
1026 2612 1055 2650 a
1088 2597 1406 2667 captivitate
1450 2598 1743 2652 oblivionis
1785 2596 1955 2649 animi
1987 2595 2191 2665 pariter

606 2705 673 2745 ac
717 2692 966 2761 corporis
998 2705 1197 2746 sensus
1229 2672 1355 2761 apte
1403 2691 1744 2760 colligemus,
1792 2687 2091 2743 clamantes
2125 2700 2190 2740 ac

607 2779 889 2836 dicentes:
918 2777 1174 2833 Hosanna
1204 2780 1258 2832 in
1293 2779 1572 2833 altissimis
1597 2792 1615 2831 :
1640 2775 1957 2831 Benedictus
1984 2775 2077 2846 qui
2108 2790 2192 2828 ve-

609 2873 687 2926 nit
715 2875 769 2926 in
808 2872 1015 2926 nomine
1060 2871 1311 2936 Domini;
1342 2872 1397 2925 in
1435 2886 1591 2927 suam
1624 2870 1741 2941 ipse
1771 2866 2074 2923 Jerusalem
2105 2866 2192 2919 in-

610 2981 905 3036 gressurus
938 2983 951 3018 :
979 2981 1091 3020 non
1124 2967 1235 3035 jam
1280 2972 1341 3018 ut
1378 2966 1636 3035 patiatur,
1681 2965 1760 3017 uti
1804 2971 1971 3027 tunc;
2005 2958 2100 3015 sed
2128 2965 2191 3013 ut

610 3058 783 3113 salvet
831 3073 972 3124 eam,
1012 3055 1373 3127 Salvatorque
1415 3056 1483 3111 ab
1527 3072 1590 3111 ea
1640 3053 1998 3126 gluriﬁcetur,
2051 3067 2192 3123 quo-

610 3150 775 3205 modo
820 3149 991 3204 David
1036 3164 1156 3205 eam
1193 3149 1531 3219 compellans
1571 3148 1691 3203 ait:
1724 3146 1938 3212 Lauda,
1964 3144 2194 3201 Jerusa-

612 3244 735 3308 lem,
770 3242 1093 3309 Dominum;
1139 3241 1303 3297 lauda
1350 3241 1515 3297 Deum
1563 3250 1733 3306 tuum,
1780 3239 1910 3295 Sion
1932 3240 1999 3294 '°.
2047 3238 2194 3292 Dixit

611 3337 846 3392 iterum:
884 3334 1072 3390 Lauda
1117 3351 1180 3390 ac
1222 3335 1419 3401 lauda;
1471 3335 1653 3388 animo
1700 3334 1903 3404 pariter
1946 3346 2009 3387 ac
2066 3346 2194 3385 cor-

611 3444 761 3498 pore.
824 3427 1088 3494 Quoniam
1133 3429 1465 3498 confirmavil
1513 3437 1676 3482 vectes
1736 3436 2015 3496 portarum
2075 3434 2196 3477 tua-

612 3537 726 3574 rum
751 3521 794 3552 ⁶⁶
826 3537 1061 3591 :nempe
1116 3520 1299 3585 ﬁdem,
1342 3536 1492 3592 spem
1545 3528 1597 3574 et
1639 3519 1988 3582 charitatem,
2025 3514 2196 3570 medi-

616 3615 876 3669 tationem
913 3629 978 3668 ac
1006 3613 1248 3677 studium
1282 3615 1530 3678 caeleste,
1563 3609 2061 3680 longanimitatem,
2092 3622 2191 3677 pa-

615 3708 890 3762 tientiam.
918 3705 1197 3760 Benedixit
1216 3705 1343 3776 ﬁliis
1365 3707 1469 3758 tuis
1489 3705 1543 3758 in
1565 3713 1612 3758 te
1628 3704 1669 3736 “
1696 3716 1927 3770 :nempe
1971 3699 2195 3753 infanti-

612 3800 717 3857 bus
746 3799 1126 3870 ﬁdelibus,'qui
1144 3798 1432 3854 Dominum
1452 3813 1576 3854 cum
1606 3797 1774 3859 ramis
1801 3802 2192 3864 susceperunt;

612 3908 738 3946 cum
783 3893 940 3948 novis
986 3895 1175 3963 utique
1221 3890 1541 3946 fructibus:
1585 3888 1911 3954 infantibus,
1945 3887 2192 3963 inquam,

613 3985 940 4055 sugentibus
970 3987 1058 4040 lac
1087 3974 1356 4039 doctrinae
1378 3983 1606 4039 Christi.
1632 3982 1933 4037 Credentes
1963 3981 2105 4038 enim
2135 3979 2193 4034 in

614 4087 762 4134 eum,
797 4087 923 4126 mox
955 4071 1200 4136 laudant,
1229 4072 1373 4127 sicut
1401 4072 1670 4142 scriptum
1712 4079 1835 4126 est:
1871 4068 1955 4124 Ex
1993 4086 2082 4124 ore
2108 4071 2195 4123 inc

616 4165 846 4235 fantium
883 4174 932 4218 et
966 4165 1272 4219 Iaclenlium
1318 4165 1586 4236 perfecisti
1623 4163 1837 4218 laudem
1859 4165 1928 4218 δ’.
1979 4162 2194 4218 Ellicia-

616 4270 740 4308 mur
778 4269 877 4325 pro
907 4255 1189 4310 immundo
1231 4256 1378 4325 pullo
1409 4272 1627 4313 sacrum
1677 4256 1725 4310 ei
1755 4255 2087 4318 vehiculum,
2133 4263 2195 4309 ut

616 4347 672 4400 in
703 4361 803 4401 nos
840 4345 1121 4403 ascendat.
1163 4346 1398 4401 Currum
1444 4347 1493 4401 ei
1545 4355 1862 4402 nostrarum
1905 4347 2193 4418 cogitatio«

614 4425 744 4494 num
773 4439 1093 4510 jnngamus,
1128 4447 1182 4494 et
1214 4437 1452 4510 regnabit
1482 4456 1646 4511 super
1680 4457 1782 4497 nos
1816 4442 1870 4494 in
1892 4440 2110 4504 swcula,
2144 4447 2193 4494 et

615 4533 761 4604 regni
784 4533 899 4603 ejus
935 4549 1038 4586 non
1084 4534 1184 4586 erit
1212 4533 1337 4601 linis
1364 4533 1428 4586 ⁸³.
1471 4533 1712 4588 llilarem
1764 4534 1889 4587 vitae
1923 4533 2192 4586 rationem

614 4642 715 4681 ceu
754 4641 935 4679 ramos
957 4626 1223 4679 olivarum
1253 4640 1621 4687 assumamus,
1647 4632 1705 4679 ut
1732 4623 2191 4695 quemadmodum

614 4719 691 4771 ait
734 4718 917 4788 regius
959 4716 1193 4781 Psaltes,
1223 4715 1442 4771 Faciem
1470 4726 1709 4770 nostram
1738 4716 1793 4768 in
1833 4715 1945 4768 olea
1984 4712 2190 4767 exhila-
2225 4732 2271 4790 D

613 4825 788 4864 remus
812 4811 876 4864 “.
931 4809 997 4862 Et
1038 4810 1235 4865 iterum
1269 4829 1282 4865 :
1312 4807 1514 4865 Servite
1550 4808 1775 4862 Domino
1819 4807 1873 4861 in
1909 4805 2096 4861 (milia
2118 4805 2186 4859 ⁸⁸.

612 4899 863 4954 Divinam
897 4915 1115 4955 rursum
1151 4917 1217 4957 ac
1260 4902 1561 4971 spiritalem
1603 4902 1976 4971 operationem
2021 4898 2078 4952 in
2111 4898 2193 4951 in-

612 4992 800 5048 teriori
837 4993 1056 5048 nomine
1093 5009 1192 5075 ceu
1224 4996 1527 5065 palmarum
1571 5009 1755 5049 ramos
1790 4993 2061 5055 tollentes,
2107 5006 2191 5046 se-

611 5097 869 5153 quamur,
924 5084 1128 5154 gratias
1165 5085 1216 5140 ei
1246 5094 1468 5156 agentes
1499 5105 1510 5139 :
1545 5101 1609 5139 ac
1642 5100 1740 5155 pro
1786 5084 2025 5139 candore
2065 5081 2188 5151 qui-

610 5175 757 5240 dem,
805 5186 1010 5230 rectam
1057 5175 1545 5251 intemeratamque
1587 5194 1651 5233 ac
1686 5178 1988 5247 simplicem
2036 5191 2188 5231 assu-

613 5284 828 5324 mamus
905 5267 1104 5333 ﬁdem;
1160 5283 1259 5337 pro
1315 5270 1557 5339 agilitate
1608 5278 1828 5334 autem,
1890 5269 2185 5340 patientem

610 5373 763 5429 Spem
784 5379 807 5437 ί
828 5377 978 5432 spem
1013 5361 1260 5433 inquam,
1292 5375 1413 5429 quae
1442 5369 1647 5432 pungat
1670 5377 1733 5417 ac
1750 5361 1963 5433 jugulet
1984 5359 2190 5432 cogita-

2221 3390 2264 3446 C

2289 2122 2517 2185 ἁλύτως.
2558 2119 2681 2174 Ἐὰν
2728 2118 2865 2182 ὅλως
2916 2114 3310 2186 ἀγωνιζώμεθα
3353 2114 3448 2168 τοῦ
3492 2114 3700 2185 σωθῆναι
3723 2116 3797 2169 ἀπὸ

2289 2215 2395 2268 τῶν
2422 2211 2623 2284 ἑορτῶν
2644 2209 2832 2273 αὐτοῦ,
2858 2208 2950 2262 καὶ
2980 2208 3143 2270 αὐτὸς
3172 2209 3456 2278 συνεγερεῖ
3483 2208 3617 2277 ἡμᾶς
3635 2206 3697 2277 τῷ
3718 2208 3796 2260 Λα-

2291 2305 2443 2378 ζάρῳ
2494 2302 2612 2359 ἀπὸ
2660 2301 2777 2356 τῶν
2812 2299 3043 2369 νεκρῶν
3074 2299 3230 2372 ἡμῶν
3263 2298 3479 2370 ἔργων,
3523 2297 3630 2353 τῶν
3669 2300 3796 2367 χωρίς

2290 2398 2477 2453 αὑτοῦ
2512 2396 2869 2468 γενομένων.
2914 2392 3070 2447 Οὕτω
3099 2390 3519 2462 συνδειπνοῦμεν
3541 2391 3670 2462 αὐτῷ
3690 2391 3733 2442 ὲν

2291 2491 2551 2563 Βηθανίᾳ,
2574 2491 2695 2561 ἥτις
2720 2487 3079 2560 ἑρμηνεύεται
3107 2482 3266 2551 οἶκος
3295 2484 3409 2554 τῆς
3431 2482 3698 2553 ὑπακοῆς.
3724 2481 3796 2538 0'3-

2289 2596 2399 2642 τως
2433 2577 2702 2649 ἁρμοδίως
2743 2575 3062 2647 συνάγωμεν
3088 2574 3200 2645 (75)
3228 2575 3358 2637 τοὺς
3398 2573 3665 2645 λογισμοὺς
3684 2572 3797 2643 ἡμῶν

2290 2669 2399 2723 ἀπὸ
2422 2669 2520 2739 τῆς
2559 2666 2933 2739 αἰχμαλωσίας
2963 2666 3060 2736 τῆς
3091 2665 3263 2738 λήθης
3296 2664 3438 2735 μετὰ
3475 2665 3577 2718 τῶν
3599 2663 3797 2734 αἰσθητη-

2295 2760 2424 2833 ρίων
2454 2758 2546 2812 τοῦ
2573 2757 2840 2828 σώματος,
2868 2755 3163 2829 κράζοντες
3183 2754 3276 2809 καὶ
3293 2754 3541 2823 λέγοντες
3558 2769 3570 2783 ·
3603 2751 3797 2808 Ὡσαννὰ

2290 2851 2360 2904 ἐν
2390 2848 2515 2914 τοῖς
2553 2848 2870 2916 ὑψίστοις·
2903 2842 3328 2915 Εὐλογημένος
3376 2847 3409 2898 ό
3454 2843 3728 2914 ἐρχόμενος
3749 2842 3798 2895 ἐν

2293 2938 2537 3007 ὀνόματι
2567 2938 2811 3005 Κυρίου,
2843 2934 3100 2988 εἰσελθεῖν
3133 2934 3213 2996 είς
3244 2932 3344 3004 τὴν
3369 2933 3555 2987 ἑαυτοῦ
3597 2934 3797 3004 Ἰερουσα-

2293 3030 2437 3103 λήμ·
2476 3031 2537 3083 οὐ
2571 3029 2659 3083 διὰ
2689 3028 2748 3081 τὸ
2794 3027 3005 3091 παθεῖν,
3045 3025 3230 3098 ὥσπερ
3262 3023 3410 3091 τότε,
3453 3026 3559 3079 ἀλλ’
3585 3025 3658 3079 ἵνα
3692 3021 3797 3094 σώσῃ

2294 3124 2483 3196 αὐτὴν,
2515 3122 2611 3177 καὶ
2636 3120 2868 3192 δοξασθῇ
2918 3120 3010 3173 ὑπ’
3041 3118 3239 3188 αὐτῆς·
3274 3117 3460 3181 καθὼς
3500 3120 3650 3187 φωνεῖ
3677 3113 3796 3182 αὐτὴν

2295 3218 2457 3271 Δα6“ιδ
2483 3217 2688 3285 λέγων·
2730 3215 3009 3274 Ἐπαίνει,
3046 3210 3467 3281 Ἰερουσαλὴμ,
3497 3210 3594 3264 τὸν
3612 3210 3794 3275 Κύριον·

2295 3310 2451 3365 αἴνει
2483 3309 2589 3363 τὸν
2616 3310 2765 3363 Θεόν
2794 3323 2931 3370 σου,
2961 3303 3136 3360 Σιών.
3164 3304 3429 3376 Δεύτερον
3450 3299 3590 3356 εἶπεν
3608 3319 3621 3332 ο
3657 3296 3795 3355 Ἐπαί-

2296 3422 2388 3459 νει
2431 3401 2530 3457 καὶ
2576 3402 2751 3464 αἴνει,
2809 3399 2954 3470 ψυχῇ
2996 3398 3090 3451 καὶ
3135 3395 3373 3467 σώματι.
3416 3395 3541 3450 Ὀτι
3575 3393 3796 3461 ἑνίσχυσε

2296 3496 2439 3561 τοὺς
2461 3493 2730 3564 μοχλοὺς
2754 3490 2870 3545 τῶν
2895 3488 3107 3545 πυλῶν
3131 3503 3246 3543 σου
3265 3505 3278 3519 ⁸
3308 3489 3504 3552 οἵτινές
3531 3488 3625 3540 εἰσι
3654 3483 3795 3542 πίστις,

2296 3587 2470 3650 ἐλπὶς,
2519 3585 2731 3656 ἀγάπη,
2787 3583 3005 3655 μελέτη,
3054 3580 3426 3653 μακροθυμία,
3459 3577 3692 3649 ὑπομονή.
3721 3571 3797 3626 Εὑ-

2294 3682 2525 3750 λόγησε
2552 3678 2692 3744 τοὺς
2730 3677 2899 3743 υἱούς
2931 3690 3047 3729 σου
3073 3674 3143 3728 ὲν
3166 3679 3265 3729 σοι
3290 3691 3304 3703 °
3331 3672 3524 3734 οἵτινές
3554 3672 3646 3724 εἱσι
3666 3666 3717 3720 τὰ
3740 3680 3797 3715 πι-

2298 3772 2400 3826 στὰ
2426 3772 2596 3842 νήπια
2617 3771 2687 3824 τὰ
2711 3770 2974 3841 δεχόμενα
3003 3769 3092 3825 τὸν
3119 3768 3324 3840 Κύριον
3357 3765 3493 3837 μετὰ
3513 3764 3610 3819 τῶν
3628 3759 3796 3816 κλάδων·

2294 3865 2541 3920 τουτέστι
2577 3862 2717 3936 μετὰ
2744 3862 2973 3935 καρπῶν
3012 3860 3147 3915 νέων
3170 3876 3183 3890 °
3217 3859 3288 3914 τὰ
3317 3859 3608 3932 θηλάζοντα
3635 3854 3685 3907 τὸ
3701 3848 3800 3918 γάλα

2294 3960 2393 4031 τῆς
2433 3957 2783 4021 διδασκαλίας
2827 3954 2919 4009 τοῦ
2967 3952 3226 4026 Χριστοῦ.
3266 3952 3611 4013 Πιστεύοντες
3642 3944 3727 4016 γὰρ
3746 3940 3800 4002 εἰς

2299 4052 2481 4117 αὐτὸν,
2514 4049 2715 4112 εὐθέως
2742 4046 2971 4110 αἰνοῦσι,
3011 4043 3192 4109 καθὼς
3223 4045 3558 4116 γέγραπται·
3598 4041 3682 4093 Ἐκ
3701 4032 3800 4086 στό-

2292 4161 2481 4215 ματος
2512 4143 2745 4211 νηπίων
2780 4141 2878 4194 καὶ
2913 4138 3287 4207 θηλαζόντων
3316 4135 3634 4207 κατηρτίσω
3660 4124 3799 4184 αἶνον.

2302 4235 2596 4308 Γενὼμεθα
2629 4233 2776 4305 αύτῷ
2806 4233 2903 4304 δχη
2913 4250 2988 4304 μα
3014 4234 3166 4300 ὄιγιον
3188 4231 3309 4285 ἀντὶ
3338 4229 3629 4300 ἀκαθάρτου
3651 4220 3798 4297 πῶλον.

2296 4331 2383 4384 ἵνα
2426 4307 2588 4400 ἐπιϐῇ
2640 4330 2723 4397 ἐφ’
2754 4328 2919 4398 ἡμᾶς.
2961 4323 3247 4395 Ζεύξωμεν
3291 4322 3440 4393 αὐτῷ
3470 4321 3528 4375 τὸ
3573 4307 3802 4389 appuli»:

2295 4421 2568 4493 λογισμῶν
2595 4419 2774 4492 ἡμῶν,
2819 4419 2913 4473 καὶ
2939 4418 3298 4482 βασιλεύσει
3333 4416 3418 4485 ἐφ’
3451 4414 3588 4485 ἡμᾶς
3611 4412 3683 4473 εἰς
3702 4402 3802 4493 τοὺς

2296 4490 2539 4580 αἰῶνας,
2571 4490 2669 4567 καὶ
2706 4511 2815 4581 τῆς
2847 4510 3171 4576 ,βασιλείας
3210 4506 3399 4562 αὐτοῦ
3418 4507 3543 4559 ιοὺκ
3576 4503 3720 4557 ἔσται
3736 4490 3802 4547 τέ·

2295 4611 2425 4674 λος.
2480 4606 2749 4676 Λὰὁωμεν
2786 4603 2974 4676 ἱλαρὰν
3017 4599 3287 4656 πολιτείαν
3326 4599 3401 4660 6o;
3438 4595 3603 4664 ’κλάδη
3638 4584 3800 4676 ἐλαιῶν,

2304 4673 2413 4753 Tot";
2446 4673 2722 4764 ὶλαρῦναι
2764 4696 2831 4749 τὸ
2872 4673 3197 4763 πρόσωπον
3241 4690 3411 4763 ἡμῶν
3448 4687 3632 4752 ἐλαίῳ,
3670 4673 3801 4735 καθώς

2297 4809 2461 4863 φησιν
2475 4794 2503 4845 ὁ
2525 4789 2846 4861 Ψαλμῳδός·
2867 4788 2959 4841 καὶ
2977 4787 3155 4840 πάλιν·
3177 4785 3547 4839 Δουλεὺσατε
3571 4774 3639 4840 τῷ
3657 4767 3798 4863 Κιψξῳ

2293 4858 2752 4954 ἐίνέὺφροσύνῄ·
2777 4882 2997 4953 ἄρωμεν
3014 4879 3174 4933 πάλιν
3205 4880 3260 4934 ὲν
3275 4876 3352 4949 τῷ
3369 4875 3474 4928 ἔσω
3490 4858 3798 4942 ἀνθρώπῳτῆν

2292 4976 2478 5049 θεῖκὴν
2523 4977 2618 5030 καὶ
2664 4972 3040 5045 πνευματικὴν
3092 4970 3374 5042 ἐργασίαν,
3408 4967 3480 5029 ὡς
3507 4962 3569 5016 τὰ
3598 4957 3689 5010 τῶν

2290 5075 2456 5127 νίκων
2484 5071 2630 5143 βάῖα,
2666 5070 2760 5124 καὶ
2796 5065 3246 5134 ἁκολουθήσωμεν
3290 5053 3703 5143 εὐχαριστοῦντες
3737 5040 3801 5143 “'5'

2291 5164 2395 5237 τῷ·
2444 5131 2537 5218 καὶ
2572 5131 2693 5215 ἀντὶ
2740 5161 2839 5231 μὲν
2873 5158 2971 5229 τῆς
3011 5131 3350 5226 ἀσπρὸτητος
3390 5136 3703 5237 [ἁπλότητοξξ

2294 5230 2460 5332 ὀρθὴν
2496 5257 2592 5311 καὶ
2643 5230 2905 5325 ἀμίαντον
2939 5249 3034 5303 καὶ
3066 5247 3242 5318 ἁπλῆν
3279 5244 3488 5297 πίστιν’
3528 5236 3636 5291 ἀντὶ
3658 5230 3798 5332 ﬁtfit

2295 5328 2554 5424 ὀξύέητοέ
2601 5345 2700 5419 τὴν
2749 5340 3156 5415 ὑπομονητικὴν
3197 5338 3419 5392 ἐλπίδα·
3452 5334 3546 5404 τὴν
3573 5328 3796 5383 amcam

683 5521 726 5553 ⁵⁸
765 5502 964 5575 Genes.
1001 5534 1161 5579 XLIX,
1198 5517 1285 5573 ll.
1360 5518 1406 5549 ⁸⁸
1443 5516 1587 5572 Psal.
1624 5533 1821 5581 LXXIX,
1858 5518 1912 5573 9.
1991 5517 2034 5548 "’
2074 5513 2185 5570 lleb

2276 5511 2366 5571 VI‘.
2404 5509 2455 5581 ir.
2530 5506 2576 5538 ⁸⁸
2613 5503 2767 5581 Joan.
2805 5517 2892 5581 x_I_.
3034 5498 3102 5581 ,⁸³
3142 5495 3514 5581 Psal.£.xt.vn,
3546 5487 3594 5543 l.
3657 5464 3796 5529 ΨΜ

608 5588 665 5643 9.
743 5591 785 5621 “
826 5591 959 5645 ibid.
1037 5590 1081 5622 ⁶¹
1121 5587 1266 5645 Psal.
1303 5604 1431 5656 VIII,
1468 5589 1522 5643 5.
1600 5588 1644 5620 ⁸³
1681 5588 1814 5643 Luc.
1852 5605 1902 5655 I,
1933 5588 2033 5652 '52,
2070 5586 2160 5644 53.

684 5811 798 5890 (74)
826 5814 968 5884 Παρ⁸
1002 5813 1208 5871 αὑτοῦ.
1243 5811 1420 5869 Scrlb.
1462 5809 1593 5882 παρ’
1628 5809 1817 5880 αὐτῆς.

2713 5572 2741 5602 .‘3
2835 5571 2884 5602 σο

2238 5564 2467 5636 δίιίεαι.
2506 5592 2636 5640 CIII,
2674 5572 2760 5627 13.
2835 5571 2884 5602 ⁸⁸
2924 5568 3070 5625 Psal.
3107 5583 3264 5633 xCIx,
3296 5564 3349 5620 2.

2374 5802 2485 5874 (75)
2516 5805 2561 5857 Σ
2567 5799 2890 5872 υνὰγωμεν.
2928 5798 3089 5857 Forte
3119 5797 3430 5867 συνάξομεν.
