4038 6288
262 377 398 434 1277

1329 379 1583 435 ORATIO
1611 380 1677 434 IN
1704 379 1940 435 RAMOS
1965 378 2372 436 PALMARUM.

3343 375 3480 432 1278

261 497 356 550 καὶ
389 495 693 564 σφάζουσαν
719 497 892 552 πάντα
926 498 1182 569 λογισμὸν
1207 498 1581 570 ἐπαιρόμενον,
1613 501 1814 570 αἰχμα-

1928 502 2121 554 tionem
2181 515 2400 554 omnem
2451 497 2800 554 extollentem
2855 512 2914 552 se
2937 495 3004 558 “,
3061 501 3118 548 ut
3171 509 3271 548 nos
3319 506 3350 544 a
3387 490 3480 545 Dei

260 588 525 642 λωτεῦσαι
559 589 705 658 ἡμᾶς
735 588 840 642 ἀπὸ
865 591 963 660 τῆς
989 589 1239 659 γνώσεως
1263 589 1357 643 τοῦ
1387 589 1548 642 Θεοῦ·
1583 593 1675 644 καί
1704 593 1823 644 ἀντὶ

261 681 360 752 τῆς
379 679 714 751 γλυκύτητος
759 681 850 734 τοῦ
892 683 1130 750 φοίνικος
1165 681 1264 754 τὴν
1300 681 1555 750 γλυκεῖαν
1581 683 1820 754 ἀγάπην,

261 773 360 842 τὴν
403 773 796 843 συνισταμένην
835 775 898 826 ὲκ
937 773 1046 828 τῶν
1101 773 1513 845 προρρηθέντων
1569 775 1835 838 πίστεως,⁴

263 867 359 920 καὶ
397 865 633 929 ἐλπίδος,
677 868 767 919 καὶ
798 867 903 920 τῶν
945 867 1164 932 λοιπῶν,
1194 867 1281 919 ἵνα
1326 865 1580 938 πληρωθῇ
1605 868 1661 919 ὲν
1694 868 1824 936 ἡμῖν

263 956 324 1008 τὸ
349 956 512 1025 ῥηθέν
529 973 541 986 ·
569 956 801 1020 Δίκαιος
819 955 898 1020 ὡς
917 954 1113 1023 φοίνιξ
1139 953 1387 1019 ἀνθήσει
1405 970 1417 982 ·
1445 953 1584 1006 ὡσεὶ
1616 951 1824 1019 κέδρος

263 1045 411 1112 ήοέν
437 1045 517 1110 τῷ
549 1044 776 1112 Λιϐάνῳ
800 1044 1300 1111 πληθυνθήσεται.
1350 1042 1824 1112 Ἀκολουθήσωμεν

266 1136 413 1207 αὑτῷ
446 1139 523 1200 είς
539 1137 636 1208 τὴν
661 1138 818 1205 ἁγίαν
849 1137 998 1194 πόλιν
1018 1156 1030 1166 ο
1055 1135 1379 1205 εἰσέλθωμεν
1399 1134 1513 1204 μετ’
1553 1132 1716 1187 αὑτοῦ
1741 1133 1821 1194 εἰς

266 1229 325 1281 τὸ
343 1229 502 1299 ἱερὸν,
531 1229 617 1283 ἵνα
640 1229 736 1290 τὰς
766 1229 1039 1299 τραπέζας
1067 1227 1174 1280 τῶν
1209 1230 1265 1280 ὲν
1294 1229 1424 1297 ἡμῖν
1463 1224 1822 1278 κολλυϐιστῶν

267 1320 638 1392 καταστρέψῃ,
677 1321 769 1373 καὶ¹
809 1321 932 1382 τοὺς
958 1319 1213 1390 δαίμονας
1239 1320 1364 1380 τοὺς
1403 1317 1708 1379 πωλοῦντας
1727 1315 1825 1378 τὰς

269 1410 614 1480 περιστερὰς,
632 1411 755 1472 τοὺς
774 1411 831 1462 ὲν
849 1409 1022 1482 πλάνῃ
1039 1409 1363 1478 πετομένους
1384 1407 1827 1476 λογισμοὺς,ἁπο-

267 1501 432 1573 διώξῃ
469 1502 559 1570 ἀφ’
587 1500 741 1571 ἡμῶν
759 1501 896 1571 μετὰ
928 1501 1140 1553 πάντων
1159 1499 1268 1551 τῶν
1289 1498 1604 1552 πωλούντων
1623 1499 1678 1550 ὲν
1695 1499 1824 1567 ἡμῖν

270 1595 366 1648 καὶ
397 1592 769 1664 ἀγοραξόντων
789 1609 804 1624 ·
834 1593 926 1645 καὶ
955 1592 1074 1644 ἀντὶ
1107 1591 1366 1660 σπηλαίου
1393 1589 1601 1661 λῃστῶν
1625 1591 1825 1660 ποιήσῃ

267 1686 416 1755 ἡμᾶς
440 1683 580 1737 κατὰ
616 1683 704 1736 τὸν
730 1684 952 1752 ἀρχαῖον
987 1681 1128 1753 ἱερὸν
1171 1680 1291 1734 ναὸν
1321 1680 1493 1748 ἅγιον,
1524 1683 1580 1733 ὲν
1613 1673 1658 1747 ᾧ
1692 1682 1830 1732 οἰκεῖ

269 1776 364 1829 ita).
403 1777 690 1847 περιπατεῖ
732 1772 996 1844 Χριστός·
1018 1774 1103 1826 ἵνα
1135 1774 1246 1834 τοῖς
1274 1772 1488 1840 τυφλοῖς
1531 1771 1685 1841 ἡμῶν
1715 1770 1829 1840 φῶς

1923 594 2151 648 scientia
2203 593 2477 661 eaptivet:
2506 606 2606 661 pro
2658 591 2852 660 palma:
2895 587 3109 642 demum
3162 585 3478 646 dulcedine,

1923 684 2138 739 dulcem
2175 683 2520 748 cbaritatem,
2564 697 2686 752 quae
2729 697 2796 734 ex
2830 679 3086 750 praefatis,
3121 679 3245 742 ﬁde,
3294 693 3388 746 spe
3419 691 3484 731 ac

1924 775 2147 845 reliquis
2180 782 2417 836 constat,
2466 781 2526 827 ut
2568 775 2622 827 in
2679 773 2837 826 nobis
2870 771 3158 840 impleatur
3215 768 3358 838 quod
3399 767 3485 821 di-

1924 874 2068 921 ctum
2092 876 2174 922 est
2202 884 2215 920 :
2241 866 2430 920 Justus
2451 875 2506 919 ut
2533 867 2712 935 palma
2733 864 2937 933 ﬂorebit
2956 880 2974 926 ,°
2996 862 3129 916 sicut
3158 861 3341 913 cedrus
3369 875 3484 928 qua:

1923 958 1979 1010 in
2009 958 2207 1012 Libano
2236 967 2332 1023 est,
2365 959 2803 1028 multiplicabitur
2823 958 2889 1011 °".
2923 955 3228 1024 Sequamur
3265 958 3484 1006 euntem

1926 1051 1978 1104 in
2011 1039 2254 1105 san‘ctam
2286 1050 2564 1104 civitatem
2594 1069 2606 1103 :
2632 1049 3000 1118 ingrediamur
3027 1061 3148 1100 cum
3177 1059 3240 1098 eo
3266 1045 3320 1096 in
3348 1051 3487 1096 tem-

1925 1142 2095 1211 plum,
2123 1150 2182 1195 ut
2213 1142 2266 1194 in
2300 1141 2458 1196 nobis
2493 1157 2709 1196 mensas
2738 1139 3223 1194 nummulariorum
3257 1135 3485 1191 subver-

1923 1240 2001 1285 tat
2019 1232 2098 1296 ⁸⁸,
2159 1247 2223 1286 ae
2282 1231 2558 1288 daemones
2601 1233 2898 1286 vendentes
2945 1229 3487 1295 columbasznempe

1925 1322 2282 1392 cogitationes
2322 1321 2378 1375 in
2406 1337 2592 1376 errore
2622 1323 2887 1385 volantes,
2930 1336 3054 1373 cum
3097 1318 3349 1373 omnibus
3391 1314 3486 1386 qui

1925 1415 1982 1469 in
2029 1415 2187 1469 nobis
2219 1423 2408 1469 emunt
2442 1415 2809 1484 venduntque,
2845 1429 2874 1466 a
2910 1412 3068 1466 nobis
3117 1411 3351 1480 expellat
3377 1449 3391 1470 ,
3422 1422 3488 1462 ac

1926 1520 2026 1574 pro
2055 1503 2312 1572 spelunca
2357 1504 2651 1568 latronum,
2689 1518 2903 1556 sacrum
2937 1516 3036 1555 nos
3079 1501 3356 1570 templum,
3407 1498 3487 1552 uti

1929 1598 2212 1666 antiquum
2236 1595 2391 1660 illud,
2423 1596 2476 1649 in
2498 1611 2604 1664 quo
2629 1595 2880 1648 Christus
2905 1593 3109 1646 habitet
3139 1608 3201 1645 ac
3223 1590 3487 1645 deambu—

1927 1687 2024 1751 let,
2060 1686 2258 1753 faciat;
2307 1702 2417 1756 quo
2444 1686 2600 1740 caecis
2648 1685 2852 1740 nostris
2886 1683 3147 1753 largiatur
3179 1682 3377 1745 visum,
3425 1695 3489 1734 ac

1933 1775 2128 1830 surdos
2163 1775 2325 1829 faciat
2357 1775 2567 1839 audire,
2623 1782 2678 1828 et
2723 1773 3000 1826 ambulare
3049 1771 3296 1830 claudos,
3344 1785 3489 1824 mor-

269 1868 576 1938 χαρίσηται,
623 1865 715 1919 καὶ
764 1867 889 1928 τοὺς
938 1864 1152 1933 κωφοὺς
1205 1864 1400 1935 ποιήσῃ
1448 1861 1696 1926 ἀκοῦσαι,
1734 1863 1826 1915 καὶ

1931 1875 2165 1935 tuosque
2196 1882 2320 1921 cum
2352 1865 2559 1920 Lazaro
2596 1865 2905 1920 resuscitet.
2942 1862 3040 1917 Ubi
3074 1863 3217 1916 enim
3258 1861 3365 1915 vita
3395 1861 3490 1914 ha-

266 1959 392 2020 τοὺς
416 1958 619 2027 χωλοὺς
644 1956 1030 2027 περιπατῆσαι,
1054 1955 1145 2009 καὶ
1169 1954 1294 2017 τοὺς
1321 1953 1545 2024 νεκροὺς
1569 1952 1708 2024 μετὰ
1727 1954 1831 2005 Λα-

269 2046 435 2118 ζάρου
474 2047 679 2118 ἐγείρῃ.
720 2048 891 2100 Ὅπου
924 2045 1032 2116 γάρ
1059 2047 1199 2099 οἰκεῖ
1226 2044 1359 2115 ζωὴ.
1393 2047 1506 2097 ἐκεῖ
1538 2043 1829 2108 ἀνάστασίς

269 2135 444 2188 ἐστιν·
487 2135 574 2187 ἵνα
614 2135 751 2204 μετὰ
793 2135 1064 2207 Λαζάρου,
1098 2135 1190 2188 καὶ
1226 2134 1333 2188 τῶν
1365 2133 1535 2204 ὄχλων
1578 2135 1672 2188 καὶ
1720 2133 1828 2188 τῶν

274 2223 529 2293 μαθητῶν
575 2223 761 2286 αὑτοῦ,
800 2223 937 2294 μετὰ
974 2225 1178 2293 νηπίων
1211 2224 1301 2277 καὶ
1346 2223 1703 2293 θηλαζόντων,
1737 2223 1830 2276 καὶ⁹

273 2315 408 2384 μετὰ
422 2313 528 2368 τῶν
545 2315 710 2382 ἁγίων
727 2315 967 2384 ἀγγέλων
986 2314 1272 2385 κράξωμεν
1291 2313 1517 2383 βοῶντες
1531 2331 1546 2344 ο
1575 2314 1832 2368 Ὡσαννὰ

267 2405 336 2459 ἐν
368 2406 490 2471 τοῖς
525 2407 806 2474 ὑψίστοις
827 2422 839 2434 ·
870 2404 1285 2474 Εὐλογημένος
1331 2407 1364 2457 ὁ
1403 2405 1721 2474 ἐρχόμενος
1761 2407 1831 2458 ἐν

271 2497 510 2564 ὀνόματι
538 2498 785 2565 Κυρίου⁹
815 2496 1044 2567 Χριστὸς
1065 2495 1266 2566 Κύριος
1303 2495 1396 2548 καὶ
1429 2497 1458 2550 ὁ
1486 2495 1616 2559 Θεὸς
1648 2497 1824 2566 ἡμῶν,

271 2585 616 2650 όβασιλεὺς
650 2586 768 2640 τῶν
797 2587 1041 2640 αἰώνων.
1069 2585 1225 2655 Αὐτῷ
1251 2585 1398 2650 δόξα,
1433 2585 1588 2655 τιμὴ,
1629 2589 1828 2657 κράτος

1932 1956 2092 2020 bitat,
2129 1956 2202 2011 ibi
2231 1957 2564 2011 resurrectio
2593 1964 2677 2010 est
2706 1973 2719 2009 :
2753 1961 2812 2006 ut
2838 1968 2960 2007 cum
2995 1951 3200 2005 Lazaro
3232 1959 3286 2005 et
3315 1951 3491 2005 turbis

1931 2060 1996 2100 ac
2034 2046 2320 2116 discipulis
2367 2045 2507 2115 ejus,
2554 2059 2787 2113 cumque
2831 2043 3128 2097 infantibus
3173 2055 3237 2094 ac
3289 2039 3492 2110 angelis

1932 2139 2138 2193 sanctis
2171 2139 2469 2192 clamemus
2496 2137 2740 2190 dicentes
2767 2153 2778 2188 :
2809 2134 3064 2189 Hosunna
3098 2135 3151 2186 in
3179 2133 3492 2186 altissimis:

1933 2227 2240 2281 Benedictus
2281 2229 2371 2292 qui
2414 2230 2544 2282 venit
2588 2229 2641 2282 in
2685 2228 2890 2280 nomine
2939 2225 3151 2278 Domini
3189 2239 3201 2278 :
3239 2222 3493 2278 Christus

1936 2317 2197 2374 Dominus
2240 2326 2294 2372 et
2340 2318 2482 2374 Deus
2527 2328 2742 2383 uoster,
2791 2332 2881 2370 rea:
2945 2317 3258 2370 saeculorum
3280 2314 3346 2368 “.
3384 2313 3492 2382 ipsi

1935 2410 2126 2480 gloria,
2159 2412 2352 2477 honor,
2396 2419 2637 2482 potestas
2681 2419 2735 2466 et
2779 2410 3044 2473 adoratio,
3093 2423 3216 2462 cum
3247 2405 3406 2460 Patre
3438 2412 3494 2456 et

1939 2501 2146 2571 Spiritu
2193 2512 2405 2566 sancto,
2440 2494 2587 2558 nunc
2615 2511 2668 2558 et
2715 2519 2949 2573 semper,
2979 2510 3031 2556 et
3067 2499 3123 2553 in
3159 2498 3354 2553 saecula
3393 2511 3494 2550 sa:-

1931 2594 2198 2650 culorum.
2232 2595 2426 2650 Amen.

271 2679 366 2736 κιιί
395 2679 781 2750 προσκύνησις,
821 2681 935 2750 ἅμα
973 2679 1050 2750 τῷ
1082 2678 1256 2749 Πατρὶ
1294 2677 1389 2732 καὶ
1415 2677 1493 2749 τῷ
1527 2679 1666 2750 ἁγίῳ
1696 2681 1994 2755 Πνεύματι,
2032 2688 2127 2744 νῦν
2158 2689 2252 2743 καὶ
2281 2690 2389 2754 ἀεὶ,
2427 2689 2522 2742 καὶ
2589 2691 2669 2753 εἰς
2699 2689 2822 2751 τοὺς
2853 2687 3050 2750 αἰῶνας
3085 2685 3194 2739 τῶν
3263 2681 3491 2737 αἰώνων.

285 2773 476 2842 Ἀμήν.

346 2970 392 3002 ⁸⁸
428 2967 472 3022 ll
501 2969 631 3025 Cor.
661 2982 734 3036 ι,
767 2970 821 3026 Β.
895 2972 917 3002 ⁸
977 2969 1122 3025 Psal.
1155 2985 1275 3036 ιρι,
1309 2970 1397 3028 15.
1473 2969 1520 3002 ⁸⁸
1555 2967 1742 3025 Matth.
1775 2987 1826 3025 ιι

1937 2970 2027 3028 12.
2101 2973 2146 3004 ⁶⁹
2185 2971 2206 3026 l
2245 2971 2385 3030 Tim.
2421 2989 2461 3039 I,
2498 2973 2585 3027 17.

292 3169 3489 3219 m

1429 3369 1568 3410 ANNO
1600 3369 1786 3408 DOIINI
1824 3369 2244 3410 CCCXIV-CCCLXX
2253 3370 2324 3409 IV.

381 3576 1318 3806 MIRCELLUS
1424 3577 2379 3945 ANCYIIANUS
2490 3580 3376 3811 EPISCM’US

1543 4067 2228 4186 DIATRIBA

1225 4311 1332 4372 DE
1374 4310 1623 4372 CAUSA
1671 4313 2079 4375 MARCELLI
2122 4314 2530 4376 ANCYRANI

1280 4473 1664 4537 (Ἀθη-πωροι,
1699 4472 1921 4525 Bibliotlt.
1942 4488 2065 4526 nova
2087 4477 2308 4538 Patrum,
2351 4476 2388 4536 Ι,
2413 4476 2496 4539 u.)

1873 4635 1944 4648 -ι-

1353 4777 1748 4834 ΡΒΟαΞΜΙυΜ
1785 4777 1875 4832 ΕΤ
1919 4777 2168 4834 DIVISIO
2204 4776 2467 4836 OPERIS.

347 4929 423 4984 De
451 4926 692 4983 Marcelli
715 4924 991 4998 Ancyrani
1015 4923 1288 4988 doctrina,
1318 4925 1420 4980 etsi
1451 4925 1519 4979 ab
1543 4925 1662 4994 ipso
1689 4925 1930 4980 Marcelli
1966 4941 2083 4980 aevo
2111 4923 2178 4978 ad
2211 4925 2316 4979 hoc
2347 4939 2523 4993 usque
2557 4930 2772 4992 tempus
2795 4922 2862 4977 ab
2900 4923 3206 4995 insignibus
3238 4926 3370 4983 viris
3392 4927 3504 4986 dis-

277 5036 547 5096 ceptatnm
585 5026 675 5087 sit,
727 5038 815 5078 res
853 5029 1034 5076 tamen
1075 5021 1253 5075 adhuc
1285 5021 1338 5074 in
1370 5020 1592 5089 ancipiti
1617 5031 1797 5074 manet
1837 5039 1850 5074 :
1885 5022 1975 5074 alii
2003 5037 2239 5090 namque
2284 5020 2439 5073 illum
2476 5029 2748 5096 temeratae
2796 5019 2915 5074 ﬁdei
2959 5037 3110 5076 reum
3152 5032 3353 5093 agunt,
3410 5026 3502 5078 alii

280 5093 514 5176 ut—recta:
543 5119 666 5173 ﬁdei
699 5117 972 5173 vindicem
1002 5115 1449 5194 defendunttalii
1479 5116 1798 5186 quaestionis
1827 5115 2150 5170 difﬁcultate
2189 5100 2470 5177 deterriti,
2490 5093 2621 5168 non.
2642 5113 2841 5194 audent
2881 5115 2937 5168 in
2983 5119 3248 5173 utramvis
3295 5125 3501 5186 parte

277 5216 422 5271 ferre
446 5215 733 5283 judicium.
764 5213 844 5268 Ad
877 5221 1184 5283 postremos
1205 5219 1385 5265 autem
1427 5212 1810 5266 incunctanter
1841 5212 2180 5278 accederem,
2201 5211 2309 5265 nisi
2340 5226 2404 5267 ex
2436 5225 2520 5272 eo,
2560 5210 2705 5280 quod
2755 5212 2865 5280 jam
2919 5213 3149 5282 primum
3175 5214 3500 5283 publicatur,

277 5307 548 5377 opusculo
579 5323 718 5362 nova
753 5307 1119 5362 Marcellianis
1143 5307 1308 5360 rebus
1335 5306 1422 5359 lux
1461 5305 1722 5359 oriretur.
1757 5304 1929 5374 Hujus
1959 5304 2294 5360 adminiculo
2325 5319 2435 5358 non
2470 5305 2587 5359 sine
2619 5319 2714 5374 spe
2743 5305 3060 5368 enodandas,
3101 5307 3156 5357 in
3190 5305 3374 5358 multis
3394 5305 3504 5356 sal-

276 5407 409 5462 tem,
443 5399 520 5453 rei
550 5398 819 5453 hactenus
855 5398 1125 5467 perplexas
1153 5405 1208 5450 et
1234 5395 1522 5461 intricatur,
1559 5393 1684 5447 huic
1713 5391 1966 5449 Diatribae
1990 5410 2212 5447 manum
2246 5392 2622 5455 admovemus,
2651 5399 2927 5462 totamque
2955 5393 3068 5446 haec
3096 5392 3149 5445 in
3183 5393 3362 5460 capita
3385 5391 3502 5444 dis-

277 5491 590 5546 tribuimus.
635 5488 797 5543 Praait
831 5488 1239 5558 compendiaria
1262 5487 1329 5544 de
1365 5487 1478 5542 vita
1515 5487 1754 5558 Marcelli
1779 5486 2058 5552 narratio;
2089 5486 2218 5540 hinc
2239 5485 2566 5556 exquiritur,
2591 5485 2683 5555 qui
2712 5485 2874 5539 fuerit
2905 5485 2993 5538 ille
3029 5483 3280 5539 Marcello
3302 5485 3504 5540 ascris-

280 5591 406 5654 ptus
431 5596 622 5647 error;
675 5589 788 5636 tum
816 5596 885 5635 an
917 5579 972 5635 in
1005 5579 1125 5649 ejus
1172 5587 1367 5634 contra
1395 5579 1671 5636 Asterium
1704 5579 1846 5634 libro
1879 5577 2215 5648 deprehendi
2239 5577 2507 5647 potuerit;
2558 5577 2754 5633 deinde
2785 5591 2914 5631 num
2952 5590 3193 5630 errorem
3245 5575 3396 5630 illum
3446 5577 3504 5632 in

279 5674 517 5728 decursu
548 5673 672 5729 vitae
695 5673 863 5729 verbo
885 5674 970 5728 vel
998 5674 1206 5743 scripto
1229 5671 1546 5737 tradiderit;
1569 5671 1807 5740 itemque
1829 5685 1898 5724 an
1930 5670 1999 5724 ab
2015 5669 2312 5725 Athanasio
2335 5685 2364 5724 a
2379 5670 2770 5726 communione
2794 5674 3037 5721 remotus
3065 5665 3263 5734 fuerit;
3283 5667 3504 5726 demum

281 5766 459 5834 agitur
487 5778 555 5824 ae
586 5766 826 5824 Maccelli
853 5775 906 5823 et
926 5765 1182 5825 Ecclesiae
1212 5765 1515 5832 Ancyrana
1541 5761 1609 5818 ad
1639 5761 1997 5821 Athanasium
2030 5762 2318 5830 legatione,
2354 5777 2517 5828 quam
2561 5776 2705 5816 nunc
2741 5759 2972 5822 primum
3009 5757 3243 5832 edimus.
