4038 6288
614 353 751 410 1279

1119 472 1347 528 CAPUT
1381 475 1673 535 PRIMUM.

758 621 1152 662 COIPENDIARIA
1184 627 1249 664 DE
1283 629 1404 666 VITA
1443 631 1707 671 IIARCELL!
1737 634 2028 674 NARBATIO.

684 735 786 801 Qui
819 751 964 790 anno
993 738 1098 791 574
1134 741 1325 795 saltem
1355 746 1704 800 centenarius
1733 762 1764 802 e
1795 748 1937 804 vivis
1977 764 2175 804 exces-

615 826 705 889 sit,
737 826 1049 895 Marcellus,
1077 847 1221 886 anno
1245 834 1465 890 circiter
1497 836 1624 898 274,
1662 840 1959 894 Aureliano
1995 856 2174 896 rerum

614 916 874 985 potiente,
920 929 1084 975 natus
1121 929 1192 976 sit
1223 932 1459 993 oportet,
1497 928 1687 982 eodem
1720 927 1890 984 ferme
1932 937 2178 1001 tempore

613 1026 722 1078 quo
753 1007 958 1066 Paulus
1008 1011 1426 1081 Samosatenus,
1479 1019 1640 1088 cujus
1684 1019 1916 1076 haresin
1964 1030 2178 1076 restau—

612 1117 766 1158 rasse
798 1103 973 1158 fertur
1001 1105 1309 1173 Marcellus,
1334 1108 1674 1166 Antiochena
1707 1113 1834 1168 sede
1858 1115 2050 1183 pulsus
2069 1123 2174 1171 est.

609 1193 750 1247 Ante
778 1208 981 1248 annum
1000 1197 1102 1250 5M
1123 1197 1176 1250 in
1199 1198 1548 1270 Ancyranum
1568 1201 1883 1272 episcopum
1909 1202 2173 1270 adiectus,

609 1286 913 1356 Ancyrana
937 1288 1148 1357 synodo
1176 1289 1366 1344 eodem
1398 1307 1544 1346 anno
1577 1293 1865 1349 celebrata
1898 1295 2172 1353 interfuit.

609 1373 748 1430 Hinc
771 1377 826 1431 in
857 1375 1075 1433 Nicana
1111 1381 1322 1450 synodo
1351 1381 1405 1435 in
1427 1383 1618 1437 Arium
1646 1393 1700 1438 et
1718 1386 1962 1442 asseclas
1976 1387 2179 1443 acriter

608 1469 877 1533 invectus,
919 1485 1107 1525 eorum
1143 1472 1197 1526 in
1239 1489 1299 1528 se
1345 1474 1703 1530 inﬂammavit
1749 1477 1896 1531 odia.
1928 1477 2177 1533 Excitata

607 1575 736 1616 vero
770 1562 1042 1618 dissensio
1071 1565 1128 1618 in
1151 1573 1397 1634 apertum
1427 1567 1626 1621 bellum
1657 1570 1861 1638 erupit,
1880 1585 2003 1624 cum
2021 1571 2177 1626 Aste-

607 1655 692 1710 rio
718 1656 963 1725 sophista
993 1657 1326 1712 Arianorum
1357 1659 1576 1714 vindice
1607 1660 1662 1713 in
1691 1660 1839 1716 edito
1856 1662 1922 1716 ab
1953 1679 2010 1718 se
2035 1663 2177 1717 libre

605 1748 929 1802 catholicam
949 1748 1104 1803 fidem
1118 1761 1482 1820 oppugnante,
1503 1751 1788 1808 Marcellus
1802 1755 1998 1825 insigni
2013 1770 2178 1825 opere

605 1839 881 1894 Asterium
921 1839 1165 1905 adortus,
1203 1840 1529 1898 Arianorum
1573 1845 1935 1916 primipilares
1981 1862 2174 1902 omnes

605 1931 922 1999 exagitavit.
955 1930 1079 1986 Hac
1106 1933 1369 2004 princeps
1399 1950 1565 1990 causa
1596 1937 1824 2001 irarum,
1845 1936 1898 1989 hi
1925 1938 2053 1992 savi
2085 1936 2175 1993 do-

611 2019 758 2076 lores
788 2021 1139 2089 Arianorum,
1172 2023 1267 2093 qui
1295 2025 1491 2080 exinde
1520 2026 1810 2081 classicum
1858 2027 1914 2081 in
1946 2027 2173 2083 Marcel-

606 2111 716 2166 lum
749 2121 1034 2176 canentes,
1065 2129 1188 2169 eum
1228 2123 1282 2170 et
1312 2116 1533 2186 scriptis
1560 2126 1614 2172 et
1644 2118 2013 2173 moliminibus
2043 2127 2174 2174 sunt

606 2205 871 2275 aggressi.
925 2204 1204 2275 Siquidem
1259 2207 1588 2263 ulciscenda
1630 2209 1845 2279 injuria
1893 2211 2170 2280 cupidine,

605 2298 781 2364 primo
817 2294 1234 2368 Jerosolymam,
1269 2307 1405 2354 teste
1429 2297 1673 2364 Socrate,
1701 2300 2014 2356 Marcellum
2039 2318 2171 2357 evo-

606 2392 754 2446 cant,
791 2400 1013 2440 causam
1044 2387 1356 2456 dicturum;
1390 2389 1585 2444 deinde
1614 2406 1745 2445 vero
1787 2391 2173 2446 Constantino-

605 2477 752 2547 polin
797 2487 1109 2543 accersunt,
1171 2481 1612 2553 abnuentemque
1662 2483 1878 2552 ejurare
1917 2484 2170 2549 haresin,

609 2585 771 2638 quam
803 2569 858 2623 in
885 2571 1023 2623 libro
1064 2571 1182 2640 ejus
1213 2572 1392 2649 ederri
1423 2575 1843 2637 contendebant,
1878 2578 2050 2647 gradu
2076 2578 2173 2632 de-

604 2660 819 2730 iiciunt,
849 2661 1062 2730 ipsique
1105 2661 1363 2716 Basilium
1394 2663 1871 2734 subroganl.Hinc
1902 2665 2171 2722 Eusebius

605 2751 958 2808 Caesariensis
1007 2756 1222 2810 duobus
1272 2765 1462 2810 contra
1510 2756 1826 2812 Marcellum
1875 2760 2030 2815 libris
2072 2761 2172 2814 tri-

606 2845 815 2914 husque
839 2845 962 2902 aliis
994 2847 1146 2900 vario
1173 2847 1332 2902 titulo
1362 2849 1691 2903 Arianorum
1714 2866 1801 2905 res
1831 2851 2124 2906 vindicavit
2154 2870 2167 2907 :

607 2947 774 3008 atque
799 2938 872 2991 ita
898 2939 1210 3013 gregalibus
1239 2941 1354 2995 suis
1388 2941 1569 2995 oblata
1595 2943 1826 2996 crimina
1851 2944 2079 3013 depulit,
2112 2952 2172 2999 ut

606 3045 665 3084 se
697 3029 812 3098 ipse
838 3009 1088 3097 proderet
1122 3030 1407 3086 Arianum.
1437 3030 1573 3086 Tum
1593 3033 1792 3088 ibidem
1824 3042 2012 3088 contra
2030 3035 2174 3089 Mar-

606 3121 803 3176 cellum
835 3136 947 3176 rem
991 3129 1211 3178 strenue
1241 3125 1430 3193 gessit,
1468 3141 1629 3196 quem
1657 3126 1863 3181 violata
1892 3142 2037 3182 sana
2069 3128 2172 3183 do-

606 3213 797 3266 ctrina
832 3227 984 3266 reum
1021 3213 1130 3282 egit
1165 3232 1178 3268 :
1213 3228 1276 3268 ac
1306 3213 1592 3270 instaurati
1623 3216 1871 3270 Pauliani
1900 3228 1954 3272 et
1991 3216 2173 3272 Sabel-

606 3303 739 3357 liani
774 3304 979 3358 erroris
1006 3305 1306 3358 accusavit.
1343 3304 1454 3359 llae
1481 3315 1663 3361 autem
1705 3307 1757 3360 in
1794 3323 1852 3362 re
1878 3324 1987 3364 non
2017 3325 2173 3380 pror-

607 3411 704 3451 sus
733 3395 972 3450 infausto
1005 3403 1208 3450 conatu
1241 3396 1557 3452 Marcellum
1579 3387 1810 3454 adortus.
1828 3411 1902 3455 est
1934 3420 1946 3456 :
1980 3400 2174 3457 exinde

608 3503 850 3556 namque
880 3503 988 3542 non
1021 3489 1180 3541 modo
1210 3488 1427 3544 Arianis
1461 3491 1705 3555 inrisus,
1748 3495 1842 3546 sed
1874 3494 2035 3548 etiam
2070 3494 2174 3547 Ca-

608 3577 935 3632 tholieorum
979 3577 1165 3632 multis
1200 3591 1491 3648 suspectus
1520 3596 1641 3636 esse
1670 3583 1853 3651 carpit.

681 3667 797 3724 Sub
824 3669 941 3723 hac
969 3668 1228 3725 defuncto
1255 3670 1639 3738 Constantino,
1666 3688 1789 3728 cum
1825 3675 1945 3728 aliis
1973 3676 2173 3729 exsuli-

609 3761 713 3816 bus
740 3761 1028 3816 ‘zllarcellus
1052 3761 1166 3816 sedi
1199 3765 1506 3830 restitutus,
1543 3781 1652 3819 non
1687 3766 1805 3821 sine
1847 3768 2080 3821 tumultu
2112 3785 2175 3823 ac

611 3852 853 3908 cadibus
902 3853 1083 3908 locum
1133 3854 1368 3922 repetiit.
1425 3854 1535 3910 Nec
1575 3856 1667 3911 diu
1713 3866 1900 3928 postea
1939 3861 2174 3915 extorris

608 3947 788 4000 denuo
822 3944 1020 4012 factus,
1066 3946 1132 3999 ad
1167 3944 1371 4000 Iulium
1411 3962 1603 4017 papam
1651 3959 1926 4020 receptum
1963 3951 2172 4006 habuit.

611 4037 686 4091 lbi
716 4037 887 4091 ﬁdens
919 4037 1260 4093 adversarios
1290 4047 1550 4109 provocat
1588 4041 1654 4094 ad
1698 4041 1988 4110 judicium,
2031 4042 2174 4099 Julio

613 4127 734 4181 fidei
767 4143 878 4182 sua
909 4128 1194 4184 formulam
1223 4130 1400 4197 offert,
1433 4132 1602 4197 nullo,
1630 4142 1688 4186 ut
1709 4136 1929 4203 planum
1949 4145 2054 4201 est,
2089 4137 2173 4190 vi-

612 4219 690 4272 tio
723 4220 1056 4273 laborantem
1092 4242 1104 4276 :
1145 4238 1302 4302 suum
1343 4231 1534 4277 contra
1554 4225 2046 4282 Asteriumlihrum
2081 4229 2178 4284 de-

612 4309 807 4374 fendit,
843 4318 1067 4365 truncas
1107 4314 1409 4370 sententias
1458 4315 1526 4369 ab
1577 4313 1903 4372 Eusebianis
1948 4335 2173 4388 pravum

614 4401 670 4454 in
697 4415 917 4454 sensum
933 4400 1196 4465 detortas,
1217 4402 1575 4456 adulteratam
1593 4407 1880 4460 verborum
1903 4409 2099 4463 seriem
2118 4411 2172 4462 in

611 4495 855 4548 Romana
883 4493 952 4547 50
979 4492 1362 4562 episcoporum
1407 4495 1615 4564 synodo
1649 4499 1991 4568 comprobat,
2028 4498 2173 4552 dicta

609 4593 795 4639 tuetur
837 4595 884 4640 et
922 4585 1158 4655 explicat
1195 4603 1207 4638 :
1239 4583 1567 4654 demumque
1605 4587 1672 4641 ab
1698 4586 1843 4643 Julio
1877 4600 1930 4644 et
1961 4591 2175 4658 episco-

610 4677 696 4747 pis
727 4677 794 4730 ad
822 4677 1262 4731 communionem
1297 4683 1353 4730 ut
1383 4676 1639 4733 innoxius
1683 4679 1990 4733 admittitur
2031 4697 2174 4736 anno

611 4771 736 4826 542.
765 4772 980 4826 Arianis
1021 4787 1150 4826 vero
1185 4785 1293 4824 non
1339 4769 1769 4839 quiescentibus,
1814 4771 2172 4826 detrectanti-

611 4865 823 4934 busque
863 4863 1165 4918 Romanum
1215 4863 1518 4932 judicium,
1559 4879 1741 4933 parem
1778 4865 1880 4918 sub
1924 4865 2036 4919 hac
2068 4865 2176 4920 for-

613 4963 800 5009 tunam
831 4964 1083 5023 expcrtus
1114 4963 1198 5010 cst
1243 4957 1296 5008 in
1341 4954 1651 5009 Sardicensi
1686 4957 1895 5026 synodo
1936 4972 2177 5012 acume-

613 5049 736 5102 nica
771 5065 782 5100 :
819 5046 910 5099 uhi
945 5054 1228 5116 postquam
1264 5063 1485 5101 causam
1502 5047 1734 5112 dixerat,
1755 5050 2172 5120 purgatusipse,

609 5139 795 5194 Ariani
843 5137 1102 5208 prasules
1147 5138 1388 5193 damnati
1435 5141 1888 5210 anathemateque
1926 5142 2176 5210 percussi

612 5240 758 5288 sunt.
788 5229 908 5284 Jam
937 5243 1105 5298 prona
1135 5227 1388 5284 Marcello
1419 5232 1599 5285 omnia
1623 5241 1781 5286 erant
1815 5251 1826 5286 :
1857 5239 1910 5286 et
1949 5241 2072 5302 post
2100 5234 2179 5287 di-

609 5332 754 5380 ctam
775 5321 1071 5376 secundum
1092 5320 1266 5390 ipsum
1289 5320 1502 5376 duabus
1519 5323 1573 5376 in
1589 5323 1809 5394 synodis
1827 5325 2170 5389 sententiam,

611 5433 737 5488 spes
760 5417 1045 5472 videbatur
1057 5429 1180 5469 esse
1200 5415 1468 5469 neminem
1485 5416 1887 5469 Catholicorum
1912 5432 2175 5471 ausurum

620 5510 763 5562 ultra
797 5508 863 5564 de
881 5510 1092 5563 sincera
1119 5507 1238 5577 ejus
1258 5506 1358 5561 fide
1381 5506 1648 5561 dubitare.
1683 5505 1874 5561 Verum
1902 5524 2062 5564 secus
2089 5524 2176 5563 res

604 5601 779 5654 cessit
816 5617 829 5652 :
859 5617 980 5653 nam
1013 5602 1128 5654 sive
1161 5599 1287 5670 quia
1318 5598 1629 5662 Marcellus,
1675 5615 1794 5668 qua
1824 5600 1876 5652 in
1909 5601 2046 5655 libro
2073 5616 2176 5656 suo

615 5690 689 5746 ita
720 5690 1086 5760 adlemperate
1103 5691 1382 5746 enuntiata
1400 5697 1555 5744 erant
1580 5698 1637 5741 ut
1660 5699 1885 5758 possent
1903 5690 1955 5742 in
1977 5689 2174 5744 bonam

614 5781 879 5837 malamve
913 5791 1118 5849 partem
1155 5783 1386 5851 deﬂecti,
1424 5782 1476 5838 in
1511 5781 1848 5854 quOtidianis
1889 5781 2175 5838 fabulatio-

1867 367 1956 422 DE
2002 368 2156 423 VlTA
2194 368 2282 426 ET
2319 370 2627 426 SCRIPTlS

2198 3168 2242 3228 Ο

3695 371 3798 428 19.ἓο

2211 495 2252 550 Α
2286 486 2447 542 nibus
2479 485 2784 542 secundum
2816 484 3123 539 uareticam
3149 484 3474 539 sententiam
3500 485 3795 556 explicaret;

2280 579 2394 632 sive
2424 580 2554 648 quia
2587 577 2854 631 Photinus
2884 577 3004 646 ejus
3026 577 3331 647 discipulus
3358 591 3544 645 parem
3589 579 3797 646 impieta-

2279 676 2410 733 tem,
2441 668 2551 722 imo
2599 667 2929 739 graviorem,
2971 667 3150 737 palam
3177 674 3230 720 et
3263 667 3319 720 in
3349 666 3593 722 Ecclesia
3630 670 3798 738 deprae-

2276 756 2505 822 dicaret,
2538 773 2646 827 qua
2671 758 2737 812 de
2760 773 2927 813 causa
2955 770 3054 812 nec
3078 758 3168 812 diu
3211 766 3396 826 postea
3423 758 3704 814 damnatus
3729 761 3799 816 de-

2276 850 2602 919 positusque
2653 858 2774 915 est;
2824 849 2952 903 hinc
3009 848 3250 903 Marcelli
3299 849 3442 902 fama
3489 849 3544 902 in
3599 849 3799 909 deterius

2275 955 2432 994 versa
2451 959 2464 994 :
2486 941 2767 994 crescebat
2781 941 2834 993 in
2853 939 2970 995 dies
2984 939 3244 1009 suspicio,
3266 940 3419 992 multi
3436 938 3798 997 Catholicorum

2277 1034 2452 1102 palam
2495 1033 2790 1096 hominem,
2825 1041 2886 1086 ut
2922 1032 3159 1089 Sabellio
3186 1032 3424 1097 affinem,
3459 1032 3796 1092 damnabant:

2276 1139 2478 1194 resque
2510 1124 2605 1178 illo
2629 1124 2863 1179 deducta
2894 1133 2999 1190 est,
3023 1132 3083 1177 ut
3103 1124 3265 1179 etiam
3282 1123 3798 1195 Athanasio,quicn

2279 1216 2384 1286 ipsi
2415 1215 2680 1271 hactenus
2713 1215 3066 1271 necessitudo
3102 1224 3157 1269 et
3197 1213 3547 1270 familiaritas
3577 1218 3797 1274 interces-

2281 1316 2450 1372 serat,
2478 1318 2767 1376 suspectus
2797 1322 2917 1362 esse
2959 1305 3208 1376 coeperit.
3249 1304 3434 1376 Neque
3465 1315 3660 1371 tamen,
3694 1325 3798 1362 nar-

2275 1398 2526 1454 rantibus
2557 1399 2681 1452 licet
2707 1396 2913 1451 Hilario
2933 1406 2987 1452 et
3025 1396 3266 1468 Sulpicio
3311 1395 3533 1463 Severo,
3567 1398 3631 1454 ab
3666 1399 3798 1454 Atha-

2276 1489 2433 1544 nasio
2463 1499 2596 1544 tunc
2641 1488 2952 1553 damnatus,
3003 1495 3058 1542 et
3093 1503 3124 1540 a
3159 1489 3553 1544 communione
3597 1500 3797 1546 remotus

2277 1579 2402 1643 luit,
2429 1589 2489 1635 ut
2526 1595 2649 1633 mox
2679 1578 3221 1635 commonstrabitur.
3241 1577 3541 1633 Postremis
3558 1579 3796 1635 Athanasii

2274 1672 2401 1726 vita
2449 1672 2610 1726 annis
2661 1685 2801 1725 nova
2853 1671 3209 1740 omniumque
3248 1669 3386 1725 forte
3427 1671 3730 1740 gravissima
3755 1675 3796 1728 in

2277 1759 2589 1815 Marcellum
2627 1766 2924 1830 tempestas
2952 1758 3222 1814 excitatur
3257 1777 3272 1813 :
3311 1775 3437 1814 cum
3476 1759 3696 1817 Basilius
3725 1762 3792 1817 ille

2206 1833 2247 1889 Β
2277 1851 2503 1923 Magnus
2533 1861 2588 1906 et
2610 1851 2702 1906 alii
2735 1851 2871 1906 bene
2897 1851 3056 1906 multi
3085 1851 3259 1906 coorti
3285 1859 3436 1916 sunt,
3461 1853 3689 1907 etvirum
3714 1854 3790 1906 im-

2273 1942 2493 2012 pietatis
2526 1957 2694 1998 causa
2733 1941 3104 1996 damnandum
3150 1941 3452 2011 pradicant
3481 1962 3493 1998 :
3522 1951 3630 1997 tum
3659 1943 3790 1998 Atha-

2272 2037 2430 2091 nasio
2461 2043 2716 2090 auctores
2747 2042 2896 2100 sunt,
2927 2045 2984 2089 ut
3031 2035 3305 2090 hominem
3349 2051 3380 2089 a
3425 2037 3681 2091 catholica
3715 2038 3793 2093 fide

2271 2128 2505 2184 alienum
2541 2128 2608 2184 ab
2652 2127 2906 2184 Ecclesia
2947 2129 3334 2183 communione
3362 2129 3618 2200 depellat.
3647 2128 3791 2184 Sensit

2273 2219 2564 2275 Marcellus
2600 2221 2683 2274 vir
2731 2219 3132 2274 annosissimus
3185 2228 3239 2276 et
3291 2235 3433 2290 pene
3471 2223 3789 2283 centenarias,

2267 2309 2380 2379 jam
2415 2311 2721 2380 proximum
2753 2324 2876 2364 esse
2898 2317 2956 2363 ut
2981 2309 3315 2366 Athanasius
3343 2312 3462 2375 ille,
3481 2312 3604 2365 olim
3624 2313 3789 2369 amicus

2271 2408 2325 2455 et
2364 2399 2708 2455 fortunarum
2750 2415 3002 2467 consors,
3067 2404 3398 2457 sententiam
3448 2404 3712 2460 adversum
3747 2420 3790 2460 se

2271 2492 2499 2558 diceret,
2530 2500 2585 2546 et
2617 2507 2742 2546 cum
2774 2493 2885 2560 jam
2926 2492 3228 2561 periculum
3254 2493 3683 2564 portenderetur,
3721 2493 3783 2548 sui

2270 2593 2323 2641 et
2343 2589 2509 2641 totius
2540 2585 2845 2656 Ancyrana
2877 2584 3133 2640 Ecclesia
3149 2588 3369 2640 nomine
3389 2585 3673 2657 Eugenium
3695 2587 3783 2639 dia-

2270 2693 2468 2733 conum
2522 2677 2771 2748 aliosque
2829 2678 2897 2732 ad
2947 2678 3306 2734 Athanasium
3359 2690 3606 2734 oratores
3643 2679 3782 2740 mittit,

2270 2770 2732 2825 commendatitiis
2775 2770 3162 2839 episcoporum
3218 2771 3445 2824 Gracia
3489 2779 3543 2826 et
3581 2769 3781 2824 Macedo-

2271 2857 2394 2920 nia,
2423 2858 2752 2927 quibuscum
2782 2860 2968 2928 pacem
2989 2867 3044 2914 et
3067 2859 3382 2916 societatem
3433 2859 3782 2918 fovebatAtha-

2270 2949 2481 3014 nasius,
2518 2949 2717 3004 litteris
2757 2949 3056 3004 instructos
3091 2969 3103 3004 :
3135 2953 3230 3019 qui
3281 2951 3514 3005 recitata
3556 2936 3782 3006 fidei'suze

2272 3037 2530 3103 formula,
2569 3040 2774 3094 erroris
2813 3040 2880 3094 ab
2911 3057 2969 3096 se
3010 3049 3064 3096 et
3109 3057 3287 3112 prava
3337 3042 3610 3112 Opinionis
3645 3039 3782 3110 snspio

2272 3125 2483 3181 cionem
2516 3125 2854 3181 dimoverent
2891 3145 2905 3181 :
2937 3127 3065 3195 quia
3094 3143 3225 3182 vero
3263 3128 3379 3182 hac
3417 3128 3535 3183 fidei
3565 3125 3781 3197 professio

2273 3215 2327 3268 in
2355 3215 2610 3270 omnibus
2646 3217 2762 3272 suis
2795 3218 3038 3286 partibus
3066 3219 3330 3274 catholica
3359 3231 3470 3284 est,
3517 3220 3780 3288 ascriptam-

2273 3323 2380 3378 que
2413 3306 2670 3362 Marcello
2706 3307 2935 3362 haresin
2969 3311 3314 3365 anathemate
3349 3311 3498 3378 ferit,
3552 3311 3612 3364 ab
3653 3309 3777 3361 Atha-

2273 3401 2429 3456 nasio
2486 3409 2540 3454 et
2586 3399 2858 3472 Aigyptiis
2904 3402 3176 3473 episcopis
3223 3403 3490 3472 admissa,
3536 3415 3777 3471 eorumque

2272 3489 2544 3560 sulIragiis
2576 3489 2784 3542 munita
2817 3497 2920 3544 cst.
2955 3488 3376 3544 Halluciuantur
3411 3509 3540 3564 ergo
3565 3493 3645 3561 qui
3671 3489 3776 3543 Mar-

2272 3581 2468 3635 cellum
2524 3589 2715 3651 putant
2771 3581 2840 3636 ab
2892 3579 3192 3637 Athanasio
3242 3581 3433 3638 Basilii
3487 3582 3778 3653 instigatione

2272 3673 2611 3735 damnatum,
2637 3689 2667 3728 e
2700 3688 2930 3743 quorum
2966 3689 3194 3729 numero
3229 3673 3620 3730 Tillemontius.
3656 3672 3775 3732 Nam.

2273 3775 2334 3819 ut
2360 3767 2416 3818 in
2445 3765 2546 3818 hoc
2579 3765 2796 3835 egregio
2821 3767 3088 3836 opusculo
3119 3765 3324 3830 videas,
3358 3766 3692 3824 Athanasius,
3711 3760 3776 3829 qui

2273 3857 2532 3913 Ecclesia
2566 3857 2869 3929 Ancyraua
2901 3859 3212 3912 oratoribus
3237 3861 3514 3928 postulata
3554 3853 3777 3911 concedit,

2274 3964 2572 4019 eorumque
2603 3950 2723 4005 ﬁdei
2743 3949 2989 4004 formula
3005 3950 3352 4018 astipulatur,
3379 3952 3542 4006 etiam
3561 3963 3660 4011 eas,
3675 3959 3776 4014 quas

2273 4047 2555 4106 expetunt,
2580 4039 3052 4094 commendatitias
3087 4041 3298 4094 litteras
3351 4039 3497 4093 haud
3536 4038 3679 4092 dubie
3709 4033 3778 4086 de-

2273 4129 2416 4184 derit
2453 4145 2678 4184 necesse
2705 4137 2806 4185 est.
2840 4127 2953 4183 Sub
2982 4129 3095 4182 hac
3134 4139 3311 4185 autem
3352 4130 3496 4185 diem
3532 4129 3650 4183 obiit
3672 4125 3777 4178 Mar-

2275 4221 2466 4284 cellus,
2496 4221 2654 4275 annis
2675 4221 2892 4274 circiter
2922 4221 3137 4276 duobus
3171 4229 3464 4290 antequam
3496 4214 3777 4289 Epiphanius

2274 4312 2342 4366 de
2369 4311 2735 4366 Marcellianis
2770 4313 2824 4366 in
2865 4310 3105 4366 Panario
3145 4313 3428 4377 scriberet,
3463 4310 3652 4366 scilicet
3669 4318 3776 4359 anno

2275 4401 2502 4456 circiter
2521 4401 2644 4456 574.
2666 4401 2820 4466 Nam,
2848 4417 2970 4455 cum
2995 4402 3328 4473 Epiphanius
3356 4402 3633 4455 Pana-rium
3653 4408 3773 4452 suum

2204 4503 2250 4562 ι)
2277 4493 2347 4546 sit
2376 4507 2536 4547 orsus
2560 4507 2702 4547 anno
2733 4493 2856 4560 575,
2885 4502 2945 4548 ut
2977 4494 3297 4549 testiﬁcatur
3326 4495 3461 4565 ipse,
3495 4503 3546 4548 et
3565 4505 3688 4544 anno
3712 4502 3776 4539 se-

2274 4593 2476 4656 quente
2507 4584 2610 4639 376
2637 4584 2704 4639 ad
2732 4584 3147 4640 Mauichaorum
3166 4586 3649 4657 haresin‘(numero
3665 4577 3774 4646 tm)

2275 4679 2575 4742 devenerit,
2621 4689 2674 4733 ut
2709 4679 2906 4734 ibidem
2944 4681 3100 4750 legis,
3137 4680 3324 4736 eodem
3363 4696 3502 4734 anno
3528 4672 3777 4730 Marcellia-

2276 4786 2471 4826 norum
2499 4771 2728 4825 haresin
2753 4770 3002 4842 (numero
3042 4773 3210 4841 LXXII)
3254 4772 3540 4842 scripsisse
3584 4766 3772 4821 videtur.

2275 4863 2369 4918 ubi
2403 4872 2590 4917 narrat
2623 4878 2652 4916 a
2683 4863 2898 4918 duobus
2932 4865 3158 4918 circiter
3189 4865 3347 4918 annis
3378 4864 3576 4916 obiisse
3591 4853 3773 4913 Marcel-

2276 4956 2408 5009 lum.
2441 4955 2570 5008 Erat
2603 4971 2763 5024 porro
2795 4963 2906 5009 tum
2941 4955 3251 5023 Marcellus,
3288 4964 3346 5009 ut
3386 4955 3608 5014 videtur,
3635 4957 3774 5002 cente-

2274 5049 2430 5102 nario
2456 5048 2649 5115 major,
2689 5057 2872 5118 utpote
2892 5048 2984 5117 qui
3019 5048 3129 5116 jam
3152 5065 3292 5102 anno
3311 5049 3411 5102 556
3431 5050 3771 5108 senex,canus.

2275 5152 2330 5197 et
2361 5143 2416 5195 in
2447 5143 2764 5210 episcopatu
2793 5141 3153 5195 consenuisse
3202 5141 3413 5195 dicatur
3457 5139 3524 5192 ab
3562 5129 3768 5188 Eusebio.

2275 5234 2568 5302 itidemque
2599 5233 2667 5286 ab
2705 5232 3005 5288 Athanasio
3047 5253 3057 5287 :
3091 5250 3209 5303 qua
3245 5235 3496 5303 frequens
3532 5220 3770 5286 senectutis

2273 5324 2523 5393 repetitio
2575 5324 2933 5392 sexagenario
2983 5324 3245 5391 majorem
3293 5333 3535 5396 spectare
3573 5324 3765 5390 putaui"-

2272 5415 2404 5471 Post
2437 5415 2676 5470 Marcelli
2701 5417 3007 5481 decessum,
3043 5417 3297 5485 discipuli
3344 5417 3492 5485 ejus,‘
3523 5414 3767 5480 Ancyram!

2273 5507 2529 5563 Ecclesia
2556 5508 2763 5570 clerici,
2803 5507 2868 5560 ad
2895 5509 3183 5578 episcopos
3217 5515 3270 5562 et
3303 5505 3628 5561 confessores
3675 5493 3766 5546 Dio‘

2274 5615 2522 5654 casarea
2547 5606 2769 5668 agentes
2799 5599 3072 5663 adierunt,
3119 5600 3449 5670 prolatiSque
3477 5581 3767 5681 commenda“-

2275 5691 2410 5745 titiis
2440 5690 2744 5755 Athanasii,
2770 5707 2929 5761 quem
2951 5692 3343 5763 τρισμακάριον
3368 5695 3571 5751 vocant,
3593 5681 3762 5734 litteris.

2277 5781 2511 5852 dataque
2546 5782 2665 5838 ﬁdei
2700 5783 2930 5840 formula
2974 5785 3101 5840 huic
3139 5800 3246 5840 non
3277 5779 3523 5843 absimili,
3563 5771 3644 5830 sed
3673 5769 3765 5822 ιπε·
