4038 6288
329 290 458 346 1281
1552 298 1865 353 MARCELI.

1965 301 2309 353 ilVClliANlt
3424 307 3562 360 1282

327 408 489 470 viori,
521 408 927 467 communionis
958 411 1274 469 societatem
1312 414 1600 486 rogabant,
1627 430 1752 487 tqua
1789 415 1890 471 im-
1918 419 1965 477 Α
1989 430 2055 469 ea:
2118 417 2379 471 diametro
2436 414 2729 484 oppositam
2788 415 2918 469 Ario
2974 416 3288 485 impietatem
3337 421 3522 475 extulit
3546 452 3560 472 .

328 504 559 570 petrata,
598 507 962 555 recesserunt.
1009 500 1346 575 Demumque
1392 503 1649 571 Basilius,
1696 506 1890 562 horum
1999 510 2235 579 atquein
2281 509 2450 578 ipsam
2482 506 2749 578 Unigeniti
2783 506 2999 562 deitatis
3021 510 3379 564 exsistentiam
3408 513 3564 581 impie

325 592 574 662 exemplo
601 599 657 649 et
683 595 1013 652 auctoritate
1044 604 1248 662 motus,
1299 596 1429 655 licet
1451 613 1614 671 aegre,
1652 598 1892 656 Marcelli
1993 601 2118 672 egit,
2191 600 2438 672 Verbique
2481 600 2882 671 appellationem
2936 600 3072 654 male
3126 603 3360 670 accepit,
3411 605 3560 658 nulla

325 683 530 738 clerum
562 691 618 739 et
657 683 773 755 ipse
800 686 1170 742 communioni
1209 702 1323 743 sua:
1368 688 1679 746 restituisse
1712 691 1893 747 credi-
1995 694 2328 747 accusatione
2378 694 2630 762 impetunt
2675 693 2813 763 :qui
2845 690 3174 763 Unigenitum
3218 695 3424 766 quidem
3452 698 3560 753 dici

324 781 436 827 tur.
467 773 544 828 En
571 777 760 846 paucis
786 783 973 832 'totam
1005 777 1071 833 de
1099 777 1354 835 Marcello
1395 780 1784 836 narrationem.
1831 780 1887 838 Si
2001 782 2223 838 Verbum
2242 783 2423 848 tradit,
2450 785 2706 855 quatenus
2735 783 2804 837 ad
2847 799 2997 837 usum
3030 793 3080 838 et
3108 784 3177 837 ad
3213 795 3408 854 tempus
3436 804 3558 858 pro-

323 865 457 935 quid
478 881 609 922 vero
645 879 841 937 praeter
882 871 1158 941 vulgarem
1193 872 1531 928 eruditorum
1575 874 1886 945 opinionem
1987 875 2089 938 dit,
2143 892 2204 929 ac
2234 891 2419 930 rursus
2472 874 2541 929 ad
2568 891 2683 931 eum
2731 890 2795 929 ea:
2833 891 2935 946 quo
2987 875 3181 943 prodiit
3231 879 3504 933 revertitur
3534 895 3556 934 :

328 956 420 1011 hic
455 958 806 1015 enuntiatum
854 961 1254 1032 deprehendas,
1279 963 1335 1020 id
1363 967 1529 1022 certis
1556 965 1887 1023 testimoniis

323 1046 616 1114 asseritur,
643 1057 703 1105 ut
736 1049 789 1104 in
821 1051 1173 1122 sequentibus
1204 1053 1383 1123 palam
1410 1053 1538 1110 erit.

940 1162 1168 1221 CAPUT
1193 1163 1258 1219 ll.

489 1291 579 1340 QUI
618 1292 816 1333 PUERIT
856 1294 1033 1335 ERBOR
1068 1296 1349 1338 HARCELLO
1391 1297 1703 1341 ASCRIP‘I'US.

314 1384 358 1439 1.
389 1383 466 1463 l_)e
497 1387 1034 1463 Marcellisententia
1076 1394 1225 1447 varia
1270 1394 1574 1449 traduntur.
1631 1393 1695 1450 ll.
1740 1395 1883 1463 Quid

389 1456 630 1535 Basilius
663 1459 730 1535 de
750 1459 1006 1535 Murcelli
1020 1478 1203 1535 errore
1230 1466 1396 1518 dicat.
1426 1464 1526 1535 fill.
1572 1465 1715 1532 Quid
1743 1456 1879 1535 Ἐρί-

380 1527 626 1601 phanius.
664 1529 750 1601 IY_.
793 1530 934 1597 Quid
965 1531 1398 1599 Chrysostomus.
1423 1533 1486 1590 ν.
1529 1527 1673 1601 Quid
1704 1527 1876 1592 Theo-

384 1597 599 1668 doretus
628 1640 642 1653 .
698 1599 785 1655 Vl.
831 1602 973 1668 Quid
1033 1597 1295 1660 Eusebius
1345 1597 1711 1664 Caesariensis.
1762 1607 1874 1663 Vll.

384 1667 606 1723 Summa
635 1667 891 1726 doctrina:
925 1670 1313 1730 Marcellianm.

540 1782 580 1834 Ι.
603 1783 680 1834 De
703 1783 922 1835 Marcelli
948 1789 1197 1838 sententia
1216 1790 1341 1839 varia
1367 1790 1640 1841 traduntur.

377 1873 498 1932 Non
546 1893 776 1948 prorsus
812 1879 1133 1940 diliicultate
1155 1894 1330 1951 vacat,
1372 1902 1497 1958 quae
1544 1886 1715 1945 fuerit
1756 1890 1870 1956 illa,

305 1967 375 2026 de
402 1985 511 2042 qua
537 1970 826 2031 Marcellus
866 1974 1249 2044 accusabatur,
1278 1979 1505 2037 haeresis
1537 1983 1675 2039 :etsi
1715 1999 1875 2039 nam-

310 2075 419 2133 que
437 2062 584 2132 apud
641 2062 904 2121 Basilium
954 2076 1010 2123 et
1057 2067 1463 2126 Theodoretum
1517 2071 1875 2135 Marcelliani}:

314 2155 600 2211 sententiae
634 2158 816 2227 capita
848 2174 957 2214 non
997 2161 1233 2219 obscure
1281 2164 1546 2233 ferantur,
1604 2167 1873 2227 Eusebius

308 2254 514 2311 tamen,
550 2249 644 2318 qui
673 2264 795 2304 cum
812 2250 1008 2321 aequali
1037 2267 1139 2308 suo
1164 2253 1529 2326 disceptabat,
1574 2259 1779 2331 quique
1805 2277 1872 2318 ex

306 2335 447 2391 libro
474 2336 711 2394 Marcelli
746 2340 964 2412 singula
987 2344 1278 2414 excerpsit,
1315 2361 1440 2416 quae
1468 2349 1548 2404 vel
1602 2365 1867 2417 errorem,

304 2427 385 2482 vel
421 2428 626 2484 erroris
658 2433 895 2500 speciem
931 2431 1273 2503 praeferrent,
1299 2438 1354 2490 in
1388 2438 1718 2508 quibusdam
1758 2457 1868 2497 non

304 2517 378 2573 ita
437 2519 598 2577 facile
654 2537 780 2577 cum
808 2522 1013 2581 Basilio
1042 2532 1098 2582 et
1129 2525 1480 2585 Theodoreto
1523 2532 1867 2591 conciliatur.

302 2607 511 2666 idcirco
539 2626 570 2667 e
594 2628 655 2667 re
687 2613 867 2669 visum
896 2625 982 2671 est
1014 2614 1151 2685 fore,
1196 2626 1255 2672 ut
1308 2619 1488 2677 allatis
1529 2623 1585 2678 in
1626 2624 1867 2681 medium

303 2700 393 2766 iis,
435 2718 557 2772 quae
588 2703 658 2759 ab
702 2704 898 2760 iisdem
956 2707 1317 2777 scriptoribus
1361 2710 1429 2766 de
1463 2712 1702 2769 Marcelli
1751 2717 1867 2787 opi-

300 2795 465 2851 nioue
513 2806 829 2863 narrantur,
891 2815 1013 2870 quae
1066 2816 1192 2859 vere
1232 2803 1396 2860 fuerit
1440 2806 1534 2861 illa
1578 2808 1868 2882 diligenter

297 2886 663 2943 excutiamus.

513 2989 574 3040 ΙΙ.
600 2992 727 3052 Quid
753 2993 959 3045 Basilius
976 2997 1040 3046 de
1065 2996 1280 3050 Marcelli
1308 3014 1478 3054 errore
1500 3006 1645 3059 dicat.

366 3072 603 3185 Basilius
634 3076 799 3185 igitur
842 3078 895 3185 in
939 3080 1097 3185 epist.
1128 3082 1216 3185 5.2“,
1244 3100 1365 3185 qua;
1392 3097 1476 3144 est
1507 3091 1576 3146 ad
1610 3092 1857 3166 Magnum
1888 3122 1933 3185 ρ

301 3162 689 3233 Athanasium,
721 3167 836 3224 haec
874 3169 1037 3225 habet
1081 3191 1096 3227 :
1157 3174 1520 3248 Ἐπιζητεῖται
1557 3182 1616 3236 δὲ
1651 3162 1869 3245 κάκεῖνο

300 3256 456 3328 παρά
504 3274 666 3312 τινων
708 3260 818 3315 τῶν
849 3261 1095 3316 ἐντεῦθεν
1118 3265 1429 3337 ἀναγκαίως
1461 3272 1537 3337 ὡς
1570 3278 1664 3330 καὶ
1688 3280 1872 3347 αὐτοῖς

306 3349 438 3420 ἡμῖν
458 3350 869 3419 καταφαίνεται,
897 3353 959 3407 τὸ
975 3355 1075 3427 τὴν
1098 3358 1415 3429 Μαρκέλλου
1440 3365 1650 3437 αἵρεσιν
1673 3371 1870 3439 αὐτοὺς

293 3439 372 3504 ὡς
421 3441 663 3514 χαλεπὴν
693 3444 787 3497 καὶ
820 3443 1108 3519 βλαϐερὰν,
1141 3449 1234 3503 καὶ
1274 3452 1376 3523 τῆς
1406 3454 1757 3532 ὑγιαινούσης
1787 3461 1871 3516 πίσ-

298 3533 785 3628 στεως-ἀλλοτρίως
822 3536 1073 3628 ἔχουσαν,
1104 3540 1465 3612 ἐξορίζεσθαι.
1508 3548 1661 3605 Ἐπεὶ
1705 3554 1867 3628 μέχρι

293 3624 388 3678 τοῦ
428 3623 522 3677 νῦν
566 3626 625 3677 ἐν
666 3627 830 3679 πᾶσιν
857 3621 938 3692 οἷς
978 3630 1383 3689 ἐσπιστέλλουσι
1422 3621 1744 3708 γράμμασι,

293 3715 394 3786 μὲν
420 3715 733 3786 δυσώνυμον
758 3718 975 3788 Ἀρειον
1004 3720 1116 3775 ἀνω
1141 3724 1236 3777 καὶ
1259 3726 1407 3780 κάτω
1437 3728 1864 3801 ἀναθεματίζον-

289 3825 379 3872 τες
402 3806 497 3860 καὶ
531 3806 640 3860 τῶν
687 3807 1020 3880 Ἐκκλησιῶν
1043 3811 1377 3883 ἐξορίζοντες
1404 3818 1464 3870 οὑ
1494 3818 1828 3881 διαλείπουσι
1848 3845 1863 3860 ο

292 3898 596 3971 Μαρκέλλῳ
623 3898 701 3964 δὲ,
738 3900 816 3970 τῷ
847 3901 990 3955 κατά
1026 3902 1313 3975 διάμετρον
1343 3908 1537 3981 ἐκείνῳ
1597 3912 1697 3985 τὴν
1740 3916 1867 3970 ἀσέ-

292 3990 442 4044 ϐειαν
484 3990 907 4080 ἐπιδειξαμένῳ,
934 3993 1028 4047 καὶ
1050 3996 1131 4059 εἰς
1164 3995 1334 4068 αὐτὴν
1363 3998 1462 4070 τὴν
1496 4000 1727 4074 ὓπαρξιν
1764 4008 1867 4080 τῆς

295 4080 388 4132 τοῦ
416 4079 754 4149 Μονογενοῦς
784 4081 1034 4153 θεότητος
1065 4084 1414 4158 ἀσεϐήσαντι,
1444 4092 1538 4144 καὶ
1560 4094 1745 4160 κακῶς
1768 4079 1864 4169 την

290 4171 388 4226 τοῦ
410 4173 581 4243 Λόγου
599 4174 965 4246 προσηγορίαν
995 4176 1357 4250 ὲκδεξαμένῳ,
1382 4181 1634 4252 οὐδεμίαν
1661 4187 1864 4258 μέμψιν

286 4265 671 4333 ἐπενεγκόντες
707 4266 1020 4335 φαίνονται·
1052 4266 1111 4331 ὃς
1150 4268 1323 4339 Λόγον
1365 4272 1464 4343 μὲν
1490 4275 1737 4346 εἰρῆσθαι
1773 4278 1863 4333 τὸν

286 4353 562 4424 Μονογενῆ
585 4353 786 4419 δίδωσι,
818 4355 959 4410 κατά
1011 4357 1198 4428 χρείαν
1220 4360 1313 4414 καὶ
1346 4362 1439 4414 ἐπὶ
1473 4364 1664 4435 καιροῦ
1698 4383 1865 4440 προσ-

1990 983 2152 1037 neque
2191 976 2311 1021 ante
2364 983 2667 1045 egressum,
2725 982 2859 1032 esse,
2917 982 3009 1020 nec
3059 976 3174 1034 ροδι
3238 985 3550 1039 regressum,

1984 1059 2269 1115 subsistere
2306 1061 2403 1114 ait.
2432 1058 2597 1129 Cujus
2627 1059 2703 1114 rei
2745 1070 3109 1128 argumentum
3137 1070 3258 1114 sunt
3293 1062 3432 1131 apud
3457 1079 3552 1117 nos

1980 1151 2238 1209 reconditi
2294 1152 2487 1222 iniqua:
2537 1152 2685 1207 illius
2732 1152 3054 1225 Syngraphm
3102 1152 3245 1209 libri.
3305 1154 3553 1210 Attamen

1980 1241 2120 1296 nunc
2148 1243 2450 1297 nullatenus
2499 1243 2793 1313 improbare
2830 1245 2926 1298 visi
2951 1253 3072 1299 sunt
3105 1259 3123 1296 :
3154 1245 3279 1315 quin
3302 1254 3348 1298 et
3375 1246 3428 1300 in
3456 1245 3553 1303 hoc

1980 1334 2252 1405 culpandi,
2285 1334 2422 1406 quod
2457 1352 2574 1389 eum
2609 1353 2641 1389 a
2668 1336 2924 1405 principio
2959 1351 3050 1404 per
3076 1336 3433 1404 ignorantiam
3470 1353 3554 1391 ve-

1980 1429 2156 1481 ritatis
2209 1427 2277 1481 ad
2325 1428 2735 1484 ecclesiasticam
2784 1430 3196 1484 communionem
3241 1432 3550 1500 receperint.

2049 1521 2195 1575 Idem
2243 1519 2478 1576 Basilius
2523 1523 2683 1592 epist.
2719 1522 2809 1589 74,
2841 1523 2906 1576 ad
2944 1521 3305 1586 Eustathium,
3343 1522 3552 1594 Apolli-

1976 1613 2191 1667 narium
2230 1622 2283 1668 et
2311 1610 2625 1678 Paulinum,
2670 1613 2784 1669 hinc
2813 1614 3014 1670 habet:
3060 1614 3116 1668 '0
3148 1614 3327 1685 μέντοι
3349 1613 3551 1667 Παυλῖ-

1976 1720 2066 1768 νος
2109 1706 2158 1759 εί
2196 1704 2296 1777 μέν
2321 1722 2374 1758 τι
2412 1705 2506 1759 καὶ
2550 1706 2680 1778 περὶ
2716 1705 2816 1777 τὴν
2848 1706 3178 1778 χειροτονίαν
3226 1706 3550 1777 ἐπιλήψιμον

1904 1783 1950 1840 Β
1979 1794 2110 1867 ἔχει,
2144 1796 2296 1849 αὑτοὶ
2333 1795 2399 1850 ἂν
2444 1796 2645 1849 εἴποιτε
2664 1812 2677 1826 °
2711 1797 2860 1867 ἡμᾶς
2889 1796 2944 1848 δὲ
2975 1796 3134 1849 λυπεῖ
3162 1797 3274 1859 τοῖς
3304 1795 3552 1867 Μαρκέλ-

1975 1888 2068 1942 λου
2095 1885 2368 1951 πεποιθὼς
2396 1886 2646 1958 δόγμασι,
2690 1888 2784 1941 καὶ
2810 1888 2935 1951 τοὺς
2955 1885 3374 1949 ἀκολουθοῦντας
3402 1883 3549 1957 αὑτῷ

1975 1981 2299 2051 ἀδιακρίτως,
2354 1981 2434 2046 είς
2477 1978 2576 2052 τὴν
2638 1980 2920 2033 κοινωνίαν
2973 1977 3135 2033 αὑτοῦ
3173 1976 3545 2049 προσιέμενος.

1974 2072 2185 2134 Οἴδατε,
2220 2070 2436 2141 ἀδελφοὶ
2465 2068 2802 2142 τιμιώτατοι,
2832 2071 2912 2123 ὅτι
2940 2070 3118 2140 πάσης
3153 2068 3309 2140 ἡμῶν
3333 2068 3431 2138 τῆς
3457 2068 3547 2120 ἐλ-

1974 2160 2127 2226 πίδος
2158 2161 2414 2232 ἀθέτησιν
2453 2160 2565 2233 ἔχει
2597 2159 2658 2214 τὸ
2683 2160 3003 2232 Μαρκέλλου
3026 2161 3234 2231 δόγμα·
3260 2157 3382 2213 οὔτε
3418 2159 3546 2214 Υἰὸν

1972 2254 2030 2307 ἐν
2053 2253 2157 2326 ίδίᾳ
2183 2254 2473 2308 ὑποστάσει
2507 2251 2817 2324 ὁμολογοῦν,
2842 2251 2977 2305 ἀλλὰ
3004 2251 3417 2324 προενεχθέντα,
3451 2251 3548 2306 καὶ

1973 2344 2133 2400 πάλιν
2169 2343 2579 2415 ὑποστρέψαντα
2613 2346 2693 2408 εἰς
2721 2343 2812 2397 τὸν
2849 2343 2970 2397 ὅθεν
2996 2342 3283 2415 προῆλθεν,
3305 2341 3428 2396 οὔτε
3454 2343 3546 2395 τὸν

1970 2433 2325 2506 Παράκλητον
2352 2433 2493 2493 ἰδίως
2517 2433 2879 2504 ὑφεστηκέναι
2902 2432 3245 2513 συγχωροῦνο
3273 2432 3414 2487 ὥστε
3444 2433 3545 2487 οὑκ

1969 2527 2035 2582 ἄν
2075 2544 2157 2591 τις
2190 2525 2427 2598 ἁμάρτοι
2453 2524 2879 2597 Χριστιανισμοῦ
2929 2527 3023 2597 μὲν
3065 2527 3342 2592 παντελῶς
3388 2526 3544 2582 ἀλλο-

1966 2618 2124 2690 τρίαν
2173 2617 2491 2687 ἀποφαίνων
2523 2617 2620 2689 τὴν
2670 2617 2900 2689 αἰρεσιν,
2945 2616 3269 2689 Ἰουδαῖσμὸν
3306 2617 3362 2671 δὲ
3399 2635 3545 2689 παρ-

1966 2706 2307 2778 εφθαρμένον
2340 2705 2508 2777 αὑτὴν
2546 2707 2984 2779 προσαγορεύων.
3023 2704 3137 2760 Hoc
3189 2712 3315 2761 est:
3355 2705 3545 2760 Pauli-

1966 2814 2066 2854 nus
2095 2814 2212 2853 vero
2239 2815 2309 2854 an
2334 2799 2472 2869 quod
2511 2798 2578 2852 ad
2600 2799 2982 2852 ordinationem
3010 2806 3221 2866 spectat,
3251 2795 3543 2866 culpandus

1965 2890 2058 2956 sit,
2082 2907 2170 2945 cos
2192 2891 2293 2959 ipsi
2323 2890 2602 2953 dixeritis;
2634 2906 2727 2944 nos
2754 2906 2881 2944 sane
2903 2892 3206 2953 contristat,
3229 2889 3365 2959 quod
3393 2888 3545 2943 Mar-

1965 2980 2086 3034 celli
2131 2980 2464 3052 dogmatibus
2503 2981 2660 3050 fidem
2695 2980 2901 3043 habeat,
2948 2991 2995 3035 et
3056 2990 3336 3035 sectatores
3396 2980 3543 3037 illius

1966 3074 2079 3127 sine
2123 3072 2425 3127 discrimine
2471 3072 2539 3126 ad
2574 3074 2990 3128 communionem
3042 3074 3305 3127 admittat.
3357 3072 3539 3138 Scitis,

1968 3164 2323 3220 colendissimi
2369 3165 2585 3232 fratres,
2640 3163 2884 3218 Marcelli
2924 3166 3115 3236 dogma
3156 3181 3359 3220 omnem
3400 3180 3541 3234 spem

1968 3267 2202 3311 nostram
2235 3258 2443 3310 irritam
2477 3258 2669 3325 facere,
2713 3257 2851 3328 quod
2893 3274 3053 3328 neque
3086 3257 3285 3312 Filium
3322 3258 3373 3311 in
3417 3274 3540 3326 pro-

1964 3349 2084 3419 pria
2133 3348 2404 3420 hypostasi
2454 3349 2789 3417 conﬁteatur,
2843 3349 2938 3403 sed
2972 3350 3320 3419 productum,
3370 3358 3421 3403 et
3469 3348 3539 3404 ad

1964 3458 2083 3497 eum
2114 3442 2321 3510 ipsum,
2361 3456 2426 3495 ex
2468 3456 2567 3511 quo
2603 3452 2945 3510 processerat,
2985 3443 3174 3497 iterum
3215 3458 3539 3497 reversurum

1965 3532 2129 3588 tradit
2157 3548 2175 3586 :
2208 3547 2367 3600 neque
2404 3530 2743 3586 Paracletum
2774 3532 3038 3601 propriam
3082 3532 3268 3587 habere
3299 3531 3540 3602 hgposta-

1964 3627 2045 3681 sin
2074 3623 2345 3688 concedit;
2394 3624 2469 3678 ita
2491 3632 2549 3677 ut
2591 3639 2917 3694 nequaquam
2949 3621 3151 3677 aberret
3182 3623 3230 3677 si
3259 3622 3374 3691 quis
3402 3622 3539 3675 hanc

1964 3717 2185 3772 literesin
2211 3732 2427 3785 prorsus
2458 3733 2491 3770 a
2518 3714 2928 3771 Christianismo
2965 3715 3193 3770 alienam
3222 3730 3334 3769 esse
3361 3713 3540 3768 decla-

1964 3818 2063 3873 ret,
2083 3824 2296 3879 eamque
2317 3817 2619 3874 corruptum
2642 3807 2917 3879 quemdam
2931 3805 3271 3861 Judaismum
3294 3805 3533 3876 appellet.

1964 3898 2202 3970 Epistola
2224 3914 2351 3953 vero
2377 3897 2464 3963 78,
2487 3897 2602 3952 haec
2624 3898 2785 3952 habet
2806 3896 2872 3952 de
2900 3895 3115 3951 Nicmna
3144 3894 3247 3950 lide
3274 3895 3531 3966 loquens:

1963 3991 2085 4045 Εἰσὶ
2119 3990 2230 4062 γάρ
2266 4007 2430 4054 τινες,
2460 3991 2508 4043 οἱ
2553 3990 2647 4043 καὶ
2673 3991 2730 4045 ἐν
2752 3990 2924 4060 ταύτῃ
2956 3991 3022 4060 τῇ
3050 3989 3229 4042 πίστει
3261 3989 3537 4056 δολοῦντες

1962 4085 2052 4139 τὸν
2077 4084 2231 4153 λόγον
2258 4084 2357 4155 τῆς
2380 4081 2656 4155 ἀληθείας,
2680 4083 2775 4137 καὶ
2801 4083 2938 4154 πρὸς
2969 4082 3028 4136 τὸ
3056 4082 3262 4136 ἑαυτῶν
3289 4081 3534 4154 βούλημα

1962 4176 2053 4231 τὸν
2084 4176 2209 4230 νοῦν
2251 4175 2360 4229 τῶν
2406 4177 2463 4229 ἐν
2504 4176 2640 4246 αὐτῇ
2683 4176 2941 4246 ῥημάτων
2977 4175 3254 4239 ἕλκοντες·
3287 4176 3421 4229 ὅπου
3468 4192 3532 4245 γε

1962 4269 2058 4323 καὶ
2079 4267 2395 4339 Μάρκελλος
2424 4267 2739 4337 ἐτόλμησεν,
2778 4266 2988 4319 ἀσεϐῶν
3014 4267 3093 4329 εἰς
3121 4265 3219 4336 τὴν
3241 4265 3533 4320 ὑπόστασιν

1961 4357 2055 4410 τοῦ
2088 4355 2291 4428 Κυρίου
2324 4353 2483 4425 ἡμῶν
2524 4353 2694 4425 Ἰησοῦ
2723 4353 2991 4425 Χριστοῦ,
3034 4354 3129 4408 καὶ
3169 4354 3321 4424 ψιλὸν
3372 4356 3532 4409 αὑτὸν

286 4442 529 4508 ελθόντα,
559 4444 720 4499 πάλιν
768 4446 827 4499 δὲ
861 4449 941 4512 είς
981 4449 1072 4504 τὸν
1113 4449 1235 4506 ὅθεν
1272 4451 1492 4524 ἐξῆλθεν
1530 4457 1863 4530 ἐπαναστρέ-
1892 4466 1937 4522 ι)
1965 4448 2321 4521 ἐξηγούμενος
2347 4446 2523 4514 λόγον.
2547 4445 2755 4499 ἐκεῖθεν
2781 4445 3215 4517 προφασίσασθαι
3237 4446 3334 4509 τὰς
3358 4446 3532 4516 ἀρχὰς

286 4532 493 4604 ψαντα,
540 4531 664 4588 οὔτε
705 4535 810 4607 πρὸ
844 4537 942 4608 τῆς
988 4537 1166 4603 ἐξόδου
1207 4535 1382 4607 εἶναι,
1422 4541 1546 4596 οὕτε
1585 4544 1721 4615 μετά
1760 4545 1858 4616 τὴν

287 4624 541 4679 ἐπάνοδον
587 4627 900 4695 ὑφεστάναι.
950 4630 1061 4682 Καὶ
1099 4629 1287 4691 τούτου
1333 4632 1606 4700 ἀπόδειξις
1642 4636 1698 4688 αἱ
1729 4651 1858 4707 παρ’

283 4718 414 4791 ἡμῖν
443 4719 801 4790 ἀποκείμεναι
852 4719 1022 4790 βίϐλοι
1078 4722 1176 4791 τῆς
1217 4723 1402 4777 ἀδίκου
1458 4726 1671 4796 ἐκείνης
1725 4745 1859 4798 συγ-

281 4811 497 4884 γραφῆς
519 4812 868 4884 ὑπάρχουσιν.
888 4812 1028 4865 Ἀλλ’
1058 4815 1210 4884 ὅμως
1241 4815 1431 4869 τοῦτον
1461 4818 1713 4888 οὐδαμῶς
1745 4819 1859 4874 δια-

282 4903 567 4969 ϐάλλοντες
591 4904 884 4975 ἐφάνησαν,
910 4906 1004 4959 καὶ
1030 4904 1203 4959 ταῦτα
1232 4906 1409 4961 αἰτίαν
1432 4908 1664 4980 ἔχοντες,
1697 4911 1772 4975 ὡς
1796 4912 1858 4965 τὸ

279 4994 338 5062 ἐξ
382 4996 557 5067 ἀρχῆς
593 4998 714 5049 κατ’
755 4996 975 5064 ἄγνοιαν
1015 4996 1116 5067 τῆς
1152 4997 1408 5069 ἀληθείας
1446 5004 1525 5064 εἰς
1576 5001 1856 5057 κοινωνίαν

282 5089 445 5143 αὑτὸν
475 5087 931 5160 ἐκκλησιαστικὴν
952 5091 1404 5163 παραδεξάμενοι.
1450 5093 1504 5147 Id
1532 5102 1616 5150 est
1651 5115 1664 5149 :
1697 5095 1857 5161 Quaa—

282 5182 420 5235 ritur
451 5190 624 5234 autem
673 5181 756 5234 hic
795 5199 828 5237 a
876 5184 1144 5238 nonnullis
1201 5195 1259 5237 ut
1312 5187 1682 5248 necessarium,
1716 5189 1853 5257 quod

282 5269 462 5325 itidem
489 5270 636 5324 nobis
688 5270 926 5336 videtur;
972 5283 1029 5326 ut
1062 5272 1304 5329 Marcelli
1343 5275 1568 5329 Itseresin
1602 5277 1704 5341 illi,
1736 5287 1856 5331 tan-

281 5378 439 5434 quam
491 5361 689 5415 malam
724 5372 774 5418 et
831 5364 1066 5430 noxiam,
1115 5374 1164 5419 et
1209 5382 1243 5420 a
1286 5382 1418 5420 sana
1477 5364 1582 5436 ﬁde
1626 5367 1853 5423 alienam

281 5454 640 5508 exterminent.
670 5453 930 5519 Quoniam
963 5456 1030 5509 ad
1060 5459 1156 5511 hoc
1185 5475 1345 5530 usque
1376 5470 1573 5530 tempus
1605 5463 1659 5515 in
1681 5463 1852 5517 omni-

283 5546 374 5600 bus
405 5562 537 5617 quas
576 5546 809 5601 scribunt
850 5547 1040 5603 litteris
1078 5551 1456 5604 exsecrandum
1486 5553 1692 5617 Arium,
1728 5571 1850 5607 sur-

283 5653 396 5690 sum
433 5654 495 5690 ac
523 5637 767 5692 deorsum
802 5649 1064 5695 versantes
1099 5641 1565 5708 anathematizare,
1608 5653 1762 5714 atque
1785 5660 1849 5699 ea:

282 5726 529 5786 Ecclesiis
557 5730 831 5787 eliminare
860 5748 965 5788 non
991 5741 1197 5788 cessant
1211 5747 1232 5797 ;
1257 5730 1569 5789 Marcellum
1595 5749 1736 5801 vero,
1757 5734 1848 5802 qui

1961 4540 2260 4611 εἰληφέναι,
2304 4537 2397 4591 τοῦ
2440 4538 2724 4609 όμοουσίου
2775 4539 2872 4603 τὴν
2920 4538 3156 4592 διάνοιαν
3212 4537 3395 4600 κακῶς
3445 4538 3532 4604 ἐξ·

1960 4633 2280 4704 ηγούμενος.
2310 4630 2425 4686 Hoc
2453 4639 2538 4686 est
2569 4647 2582 4684 :
2625 4630 2759 4686 Sunt
2786 4632 2924 4685 enim
2967 4630 3182 4700 quidam
3224 4631 3312 4701 qui
3346 4632 3403 4685 in
3433 4632 3532 4687 hac

1959 4724 2064 4794 fide
2099 4722 2374 4796 [Nica'na]
2400 4739 2688 4778 sermonem
2718 4724 2953 4777 veritatis
2983 4721 3105 4776 dolo
3136 4722 3450 4787 adulterent,
3478 4733 3530 4779 et

1960 4816 2028 4870 ad
2075 4816 2281 4871 libitum
2342 4831 2497 4870 suum
2562 4815 2834 4868 uerborum
2895 4824 3116 4868 mentem
3169 4815 3525 4887 detorqueant.

1959 4907 2398 4979 Quandoquidem
2448 4916 2497 4961 et
2546 4905 2854 4971 Marcellus,
2895 4906 2959 4961 de
3004 4905 3274 4975 hypostasi
3319 4907 3529 4963 Domini

1956 5000 2125 5054 nostri
2149 4998 2279 5055 Jesu
2329 4996 2528 5053 Christi
2566 4999 2722 5066 impie
2751 5000 2995 5064 sentiens,
3032 5016 3094 5052 ac
3134 4999 3330 5053 nudum
3373 5000 3526 5053 illum

1957 5108 2257 5162 merumque
2289 5091 2497 5145 rerbum
2522 5080 2634 5168 esse
2660 5107 2940 5161 exponens,
2986 5090 3134 5145 illinc
3165 5108 3325 5145 ausus
3359 5098 3439 5145 est
3469 5106 3527 5145 se

1956 5202 2146 5240 causas
2190 5186 2472 5255 impietatis
2512 5187 2797 5254 sumpsisse
2838 5198 3139 5253 praetexere,
3165 5180 3526 5238 Consubstan-

1959 5279 2102 5333 tialis
2130 5295 2285 5332 sensu
2308 5293 2577 5347 perperam
2608 5279 2860 5348 exposito.
2895 5277 3020 5333 Haec
3051 5276 3284 5331 Basilius
3314 5274 3382 5330 de
3411 5274 3524 5331 he-

1957 5369 2064 5428 resi
2108 5367 2363 5423 Marcello
2403 5370 2660 5439 ascripta.

2446 5467 2533 5518 Ill.
2560 5470 2684 5529 Quid
2708 5470 3022 5533 Epiphanius.

2024 5547 2358 5620 Epiphanius
2380 5550 2583 5605 veroin
2624 5549 2882 5616 Panario,
2921 5550 3111 5606 haeresi
3139 5566 3308 5616 Lxxu,
3342 5567 3518 5623 pauca

1953 5640 2021 5696 de
2054 5640 2291 5698 Marcelli
2335 5642 2524 5699 haeresi
2572 5642 2755 5707 eﬂ‘ert,
2787 5628 3170 5712 aitque-solum
3202 5643 3378 5714 ipsum
3412 5643 3514 5700 Sa:-

1951 5732 2281 5793 bellianismi
2331 5742 2646 5793 accusatum
2697 5733 2885 5802 fuisse,
2940 5732 3167 5805 ejusque
3215 5735 3513 5810 discipule
