4038 6288
552 350 691 413 1283

1777 354 1864 410 DE
1901 351 2063 410 VITA
2101 353 2189 410 ET
2231 351 2538 412 SCRIPTIS

3658 346 3794 408 ιεεε

465 476 469 483 ’
546 482 662 530 tres
689 472 1008 546 hypostases
1044 469 1286 526 confiteri
1325 470 1567 528 noluisse
1603 490 1614 528 :
1648 466 1834 528 verum
1866 473 1958 528 illo
1987 480 2125 528 tem-
2151 480 2200 535 Α
2229 475 2418 540 fuisse,
2443 473 2628 530 Jesum
2662 472 2945 531 Christum
2977 479 3252 538 vocatum,
3278 476 3575 544 regemque
3610 472 3792 543 appel-

548 580 682 637 pore
710 566 934 620 liberum
957 571 1072 619 erat
1104 563 1184 619 eis
1211 563 1297 618 vel
1323 570 1437 620 tres
1460 565 1544 619 vel
1581 580 1747 619 unam
1784 574 1992 620 tantum
2029 568 2126 638 hy-

548 659 795 727 postasin
846 656 1117 722 conﬁteri,
1164 656 1290 710 dum
1321 665 1527 712 rectam
1559 666 1841 712 servarent
1870 667 2122 714 mentem.

548 749 682 803 Nam
715 748 810 818 qui
856 750 1122 804 Catholici
1171 766 1334 805 unam
1379 750 1698 823 hypostasin
1731 758 1941 806 tantum
1981 768 2127 810 asse-

549 842 776 899 rebant.
819 842 1180 914 hypostaseos
1241 844 1460 898 nomine
1512 844 1871 899 substantiam
1914 844 2123 899 indica-

547 934 697 997 bant,
727 943 891 1004 quam
915 950 1078 988 unam
1116 934 1172 988 in
1203 933 1312 989 Deo
1343 950 1465 989 esse
1497 944 1703 990 certum
1726 946 1810 991 est
1844 954 1857 990 :
1885 936 1975 1006 qui
2009 944 2121 993 tres

542 1027 869 1099 hypostases
897 1028 1293 1098 profitebantur
1315 1069 1328 1090 ,
1353 1027 1441 1083 his
1467 1044 1574 1083 non
1602 1029 1963 1085 substantiam
1982 1074 1996 1099 ,
2023 1032 2119 1087 sed

545 1119 815 1188 cujusque
837 1133 1088 1188 persona
1106 1120 1515 1176 subsistentiam
1538 1122 1911 1193 intelligebant
1927 1143 1940 1179 :
1959 1134 2120 1195 atque

546 1207 623 1261 ita
658 1208 735 1262 illi
770 1203 934 1263 verbo
979 1212 1796 1269 tantumtenus,dissentiebant.
1831 1214 1961 1280 Qua
1990 1232 2118 1271 vero

542 1296 868 1371 Fragmenta
925 1301 1110 1357 Acacii
1158 1304 1511 1360 Casariensis
1565 1313 1754 1361 contra
1804 1306 2117 1363 Marcellum

542 1390 700 1447 aﬂ'ert
727 1390 1086 1463 Epiphanius,
1131 1410 1195 1450 ea
1223 1397 1406 1452 omnia
1447 1412 1546 1453 ceu
1575 1401 1955 1469 compendium
1990 1409 2116 1457 sunt

542 1481 769 1540 fusioris
791 1479 1011 1542 Eusebii
1039 1486 1393 1544 Casariensis
1440 1486 1633 1545 contra
1672 1490 1979 1548 Marcellum
2002 1501 2115 1548 tra-

541 1568 823 1641 ctationis,
850 1576 917 1632 de
937 1594 1057 1664 qua.
1072 1593 1196 1633 mox
1218 1592 1463 1649 agemus.

999 1683 1082 1734 IV.
1114 1685 1238 1744 Quid
1269 1686 1656 1747 Chrysostomus.

613 1764 852 1822 Joannes
905 1768 1326 1840 Chrysostomus
1370 1770 1426 1824 in
1468 1769 1566 1840 Ep.
1605 1772 1673 1825 ad
1716 1771 1880 1826 Hebr.
1940 1786 1992 1827 c.
2057 1790 2107 1836 ι,

540 1856 855 1913 Marcellum
911 1861 1093 1931 culpat
1150 1864 1294 1933 quod
1356 1862 1587 1931 dixerit,
1638 1866 1863 1920 verbum
1922 1867 2112 1920 ἐνυπό-

541 1966 752 2017 στατον,
778 1951 923 2022 quod
946 1953 1019 2006 ita
1050 1955 1341 2026 intelligas,
1364 1957 1518 2025 quasi
1548 1957 1791 2034 ejusdem
1815 1974 1923 2013 non
1950 1959 2113 2014 modo

540 2043 878 2111 substantia,
908 2046 1002 2100 sed
1036 2048 1198 2101 etiam
1241 2048 1550 2119 hypostasis
1592 2051 1664 2105 sit
1714 2061 1879 2122 atque
1912 2051 2108 2106 Pater:

537 2136 789 2190 eumdem
831 2152 960 2191 vero
1006 2137 1315 2194 Marcellum
1339 2181 1353 2202 ,
1391 2142 1550 2212 quasi
1591 2140 1830 2209 Photini,
1866 2144 2109 2208 Sabellii,

536 2225 690 2282 Pauli
743 2229 1083 2287 Samosateni
1134 2233 1408 2303 ὁμόφρονα
1448 2251 1554 2289 non
1593 2238 1760 2291 semel
1813 2238 2114 2294 insectatur

535 2320 761 2387 ibidem,
797 2337 860 2377 ac
891 2338 1014 2378 cum
1049 2324 1426 2380 hareticorum
1450 2327 1707 2398 pessimis
1736 2338 2037 2386 enumerat.

1000 2425 1081 2477 .V.
1112 2425 1237 2487 Quid
1264 2427 1621 2479 Theodoretus.

606 2505 984 2564 Theodoretus
1024 2509 1117 2563 lib.
1170 2525 1208 2563 lt
1264 2509 1653 2565 Ha’reticarum
1699 2512 2004 2582 fabularum
2043 2512 2111 2567 de

532 2596 788 2653 Marcello
863 2599 978 2653 hac
1028 2599 1192 2653 habet
1236 2619 1249 2653 :
1309 2601 1624 2671 Μάρκελλος
1679 2589 1744 2655 δὲ’
1782 2605 1811 2656 ὁ
1865 2602 2111 2673 Γαλάτης

532 2690 709 2762 τούτῳ
745 2691 842 2761 μὲν
888 2691 1282 2763 παραπλησίως
1334 2692 1542 2766 ⁴ἢρνήθη
1599 2693 1707 2746 τῶν
1760 2695 2109 2748 ὑποστάσεων

532 2783 632 2853 τὴν
661 2783 853 2855 τριάδα
871 2801 885 2814 ·
921 2784 1140 2837 ἔκτασιν
1165 2784 1221 2837 δέ
1248 2801 1366 2838 τινα
1386 2789 1483 2857 τῆς
1502 2786 1596 2839 τοῦ
1624 2787 1834 2858 Πατρὸς
1860 2786 2109 2858 θεότητος

535 2873 734 2945 ἔφησεν
768 2875 847 2937 είς
867 2874 956 2928 τὸν
977 2874 1211 2947 Χριστὸν
1242 2875 1575 2947 ἐληλυθέναι,
1611 2878 1705 2931 καὶ
1744 2878 1944 2948 ταύτην
1975 2878 2106 2931 Θεὸν

532 2965 705 3035 Λόγον
751 2968 1013 3021 ἐκάλεσε·
1046 2969 1184 3038 μετὰ
1224 2968 1280 3021 δὲ
1323 2969 1419 3041 τὴν
1461 2970 1754 3040 σύμπασαν
1798 2972 2107 3040 οἰκονομίαν

533 3059 695 3112 πάλιν
726 3060 1157 3132 ἀνασπασθῆναι,
1191 3061 1283 3116 καὶ
1324 3063 1649 3133 συσταλῆναι
1679 3064 1814 3135 πρὸς
1837 3065 1926 3119 τὸν
1952 3064 2101 3129 Θεὸν,

2227 566 2416 634 latum,
2447 567 2574 622 item
2605 566 2896 638 imaginem
2927 562 3023 622 Dei
3070 566 3394 633 invisibilis,
3429 574 3485 622 et
3518 566 3791 636 primoge-

2225 661 2396 714 nitum
2424 660 2603 715 omnis
2629 668 2915 724 creatura,
2958 658 3094 713 nihil
3124 667 3328 715 autem
3384 659 3585 713 hurum
3641 658 3791 729 prius

2222 752 2524 816 exstitisse,
2555 768 2620 808 ac
2656 764 2781 823 post
2801 752 3071 822 judicium
3097 752 3213 809 hac
3242 752 3425 807 omnia
3455 754 3790 808 amissurum

2221 859 2378 910 esse;
2437 845 2728 915 ipsumque
2758 845 2965 899 nudum
2995 859 3121 900 esse
3151 842 3388 900 Verbum
3436 844 3682 899 humano
3714 845 3790 899 si-

2221 935 2348 989 mile
2385 936 2460 1004 (.p.
2497 935 2605 1007 t9),
2639 950 2744 990 non
2782 943 2961 990 autem
2993 933 3189 990 Filium
3220 951 3343 991 esse
3369 935 3464 991 Dei
3517 937 3703 991 vivum
3741 944 3792 991 et

2221 1027 2648 1094 subsistentem;
2693 1044 2799 1082 non
2829 1029 2998 1084 fuisse
3032 1028 3125 1083 Dei
3168 1028 3461 1099 imaginem
3491 1036 3791 1098 antequam

2219 1118 2382 1175 homo
2414 1121 2600 1183 tieret;
2652 1121 2995 1176 existentiam
3028 1119 3261 1192 ὓπαρξιν
3291 1128 3345 1175 et
3374 1120 3679 1174 ὑπόστασιν
3705 1119 3793 1174 Fi-

2218 1209 2276 1262 lii
2304 1208 2399 1265 Dci
2433 1211 2622 1266 tollere
2649 1210 2959 1267 Marcellum
2999 1213 3075 1266 ait
3104 1222 3179 1283 (p.
3213 1214 3301 1274 35.
3334 1214 3423 1277 55,
3457 1214 3572 1282 36),
3605 1229 3671 1268 ac
3707 1214 3791 1268 di-

2216 1316 2341 1357 cere
2380 1302 2557 1373 ipsutn
2594 1301 2763 1359 fuisse
2807 1304 3013 1359 nudum
3049 1306 3395 1360 solummodo
3449 1308 3675 1361 verbum
3721 1307 3790 1361 ad

2211 1394 2366 1462 jussa
2394 1395 2775 1464 exsequenda;
2819 1395 3133 1451 Marcellum
3186 1397 3315 1452 item
3359 1397 3454 1468 qui
3503 1398 3560 1453 in
3598 1398 3793 1455 Sabel-

2214 1487 2347 1541 lium
2380 1487 2675 1551 invehitur,
2706 1487 2943 1543 Sabellio
2974 1489 3126 1558 paria
3155 1489 3389 1555 sentire,
3440 1492 3535 1561 qui
3565 1488 3791 1545 Patrem

2212 1586 2268 1633 et
2321 1577 2561 1635 Verbum
2615 1595 2784 1634 unum
2826 1595 2948 1635 esse
2992 1580 3173 1647 dicat;
3215 1582 3508 1652 ipsumque
3541 1585 3621 1653 (p.
3659 1583 3788 1648 167,

2215 1669 2339 1733 174)
2367 1678 2480 1728 tres
2531 1671 2855 1736 ὑπόστάσεις
2894 1687 3131 1742 negare,
3179 1683 3234 1729 et
3273 1690 3439 1729 unam
3490 1676 3792 1730 ὑπόστασιν

2212 1760 2625 1832 τριπρόσωπον,
2678 1763 2770 1815 καὶ
2814 1760 3174 1833 τρισώνυμον,
3210 1763 3264 1817 id
3304 1774 3389 1821 est
3422 1766 3789 1821 substantiam

2215 1850 2650 1920 tripersonalem,
2678 1861 2733 1909 et
2761 1854 3108 1909 trinominem
3133 1855 3335 1913 dicere.
3362 1855 3489 1912 Hac
3514 1859 3791 1929 pracipue

2213 1943 2270 1997 in
2304 1943 2540 1999 Marcelli
2586 1944 2724 1999 libro
2777 1947 2959 2016 culpat
2990 1947 3256 2004 Eusebius
3286 1967 3301 2003 :
3330 1950 3422 2004 ubi
3478 1952 3747 2006 nonnulla
3771 1989 3789 2017 ,

2212 2035 2440 2106 ipsaque
2468 2037 2783 2092 orthodoxa
2804 2041 3086 2094 sententia
3099 2042 3282 2105 verba,
3309 2051 3494 2111 utpote
3521 2044 3787 2109 Arianus,

2212 2133 2472 2197 tanquam
2519 2127 2773 2183 haretica
2825 2131 3003 2200 carpit
3035 2141 3088 2186 et
3141 2131 3420 2201 coul'utat;
3465 2135 3573 2189 alia
3622 2152 3788 2200 vero,

2212 2235 2332 2289 qua
2362 2235 2492 2277 sane
2526 2228 2586 2276 ut
2623 2237 2851 2278 erronea
2884 2224 3051 2294 probe
3080 2225 3556 2295 reprehenduntur
3578 2268 3595 2293 ,
3639 2229 3788 2284 haud

2210 2312 2284 2366 ita
2307 2314 2453 2368 clare
2480 2314 2536 2368 in
2564 2312 2805 2369 Marcelli
2838 2315 2973 2372 locis
3023 2318 3400 2385 enuntiantur,
3436 2326 3496 2373 ut
3547 2320 3788 2377 inferius

2209 2404 2514 2473 videbitur;
2550 2405 2625 2460 ita
2650 2414 2850 2477 utqua
2871 2409 3076 2464 diserte
3104 2418 3158 2464 et
3191 2410 3337 2464 nulla
3369 2410 3601 2482 ambage
3640 2411 3786 2482 apud

2209 2494 2469 2551 Basilium
2496 2505 2551 2552 et
2567 2496 2969 2554 Theodoretum
2995 2499 3215 2556 eﬂ'ertur
3237 2500 3479 2558 Marcelli
3513 2503 3748 2560 haeresis
3767 2546 3785 2571 ,

2209 2588 2346 2642 adeo
2378 2589 2634 2658 perplexe
2658 2589 2801 2661 apud
2829 2588 3125 2646 Eusebium
3157 2592 3359 2663 jaceat,
3394 2601 3453 2647 ut
3476 2593 3534 2648 in
3565 2599 3785 2651 utram-

2205 2680 2289 2735 vis
2313 2689 2518 2751 partem
2549 2680 2708 2737 facile
2726 2682 3002 2739 deﬂectas.

2515 2783 2619 2834 VII.
2647 2785 2844 2837 Summa
2864 2786 3189 2837 Marcelliana
3209 2786 3461 2838 doctrina.

2275 2862 2353 2918 Ex
2383 2858 2564 2918 allatis
2600 2880 2765 2935 porro
2798 2868 3127 2924 testimoniis
3160 2867 3525 2925 Marcelliana
3548 2878 3781 2928 senten-

2204 2956 2293 3011 tia
2324 2972 2592 3012 summam
2632 2958 2855 3014 duxeris
2887 2977 2902 3015 :
2943 2957 3096 3016 Unus
3126 2961 3194 3015 ab
3225 2969 3433 3017 aterno
3462 2962 3609 3021 Deus
3633 2967 3784 3022 exsi-

2205 3048 2339 3102 stit:
2398 3049 2560 3118 cujus
2596 3048 2772 3118 λόγος,
2831 3065 2925 3106 seu
2972 3051 3154 3117 ratio,
3211 3060 3306 3107 aut
3333 3054 3561 3110 verbum
3591 3098 3607 3122 ,
3649 3073 3779 3113 nam

530 3152 593 3242 ἐξ
619 3145 787 3223 οὗπερ
810 3151 1033 3224 ἐξετάθη
1054 3169 1070 3184 ο
1100 3144 1162 3205 τὸ
1195 3153 1251 3206 δὲ
1282 3152 1792 3232 πανάγιονᾙνεὺμα
1823 3154 2101 3226 παρέκτα-

2206 3148 2437 3210 utroque
2469 3140 2630 3197 modo
2650 3143 3010 3212 exprimitur,
3045 3145 3251 3215 pariter
3294 3155 3583 3213 aternum,
3606 3164 3779 3206 unum

535 3261 619 3296 σιν
641 3244 740 3313 τῆς
767 3245 1040 3309 ἐκτάσεως
1070 3244 1236 3314 λέγει,
1275 3248 1368 3299 καὶ
1403 3247 1605 3317 ταύτην
1642 3249 1749 3310 τοῖς
1767 3246 2103 3309 .ὰποστόλοις

532 3335 962 3406 παρασχεθῆναι.
1007 3336 1117 3389 Καὶ
1141 3336 1475 3402 ἁπαξαπλῶς
1503 3334 1733 3391 ὑπέθετο
1768 3338 1972 3409 Τριάδα
2007 3339 2101 3391 ἐκ·

529 3424 844 3494 σιεινομένην
875 3425 967 3478 καὶ
1011 3422 1434 3496 συστελλομένην
1471 3425 1612 3479 κατὰ
1638 3424 1926 3496 διαφόρους
1956 3426 2102 3476 οἱκο-

530 3516 744 3586 νομίας.
782 3515 836 3571 ld
866 3525 985 3572 est:
1017 3509 1305 3571 Marcellus
1331 3526 1503 3572 autem
1523 3515 1738 3580 Galata,
1763 3516 2008 3570 similiter
2045 3522 2103 3568 ut

530 3606 640 3669 ille,
692 3606 893 3676 negavit
935 3606 1296 3676 hypostasium
1359 3607 1670 3661 trinitatem.
1730 3604 2102 3661 Extensionem

529 3713 650 3751 vero
690 3697 975 3768 quamdam
1029 3700 1242 3753 deitatis
1292 3692 1475 3753 Patris
1517 3700 1571 3752 in
1603 3697 1872 3753 Christum
1904 3700 2102 3753 venisse

529 3787 686 3856 dixit,
711 3801 760 3845 et
783 3791 915 3845 Imm:
948 3784 1112 3846 Deum
1149 3783 1368 3846 Verbum
1405 3793 1684 3862 appellavit
1714 3808 1732 3845 :
1763 3803 1977 3859 peracta
2004 3810 2103 3847 au-

535 3892 636 3936 tem
674 3884 915 3937 universa
954 3885 1258 3947 oeconomia,
1289 3899 1501 3937 rursum
1542 3888 1827 3937 attractam
1856 3901 1988 3948 esse,
2028 3902 2104 3939 re-

530 3990 833 4044 versumque
857 3974 924 4028 ad
954 3973 1144 4039 Deum,
1177 3991 1241 4030 ea;
1275 3992 1375 4046 quo
1404 3985 1621 4029 extensa
1664 3975 1786 4046 fuit.
1838 3976 2101 4043 Spiritum

533 4082 651 4119 vero
703 4077 946 4120 sanctum
1007 4067 1314 4121 ulteriorem
1381 4069 1732 4121 extensionem
1780 4069 2099 4123 extensionis

536 4173 669 4220 esse,
701 4168 750 4209 et
785 4158 920 4211 hanc
960 4157 1212 4226 apostolis
1240 4160 1424 4211 datam
1473 4158 1637 4228 [uisse
1679 4159 1964 4213 secundum
2015 4159 2102 4214 di-

536 4266 710 4305 versas
740 4254 1071 4306 aconomias.

886 4356 968 4406 Vl.
996 4357 1121 4415 Quid
1145 4357 1384 4407 Eusebius
1413 4357 1743 4408 Casariensis.

597 4440 716 4497 Jam
766 4457 832 4497 ex
887 4440 1121 4495 Eusebio
1178 4440 1333 4511 ipso.
1382 4442 1473 4511 qui
1530 4450 1722 4495 contra
1784 4436 2096 4497 Marcellum

2203 3240 2289 3287 est
2316 3246 2439 3286 cum
2472 3230 2582 3289 Deo
2626 3234 2745 3305 ipso
2784 3236 2942 3309 οὐσίᾳ
2981 3237 3076 3291 καὶ
3106 3238 3432 3302 ὑποστάσει,
3467 3242 3779 3298 substantia

2202 3334 2259 3380 et
2289 3325 2591 3396 hypostasi,
2621 3327 2696 3381 ita
2727 3334 2787 3381 ut
2813 3329 2960 3382 nulla
2987 3330 3059 3384 sit
3086 3330 3230 3385 inter
3256 3339 3551 3403 utrumque
3579 3335 3779 3391 distin-

2202 3418 2315 3473 ctio
2352 3437 2366 3473 :
2398 3429 2593 3490 estque
2621 3421 2848 3476 verbum
2888 3420 3089 3488 silens,
3128 3421 3427 3491 internum,
3457 3426 3577 3482 sive
3605 3429 3780 3484 ἐνδιά·

2203 3507 2374 3563 θετον.
2433 3509 2667 3579 Spiritus
2715 3508 2841 3564 item
2895 3520 3123 3566 sanctus
3175 3512 3231 3567 in
3278 3513 3390 3570 Deo
3445 3516 3517 3571 ab
3568 3527 3778 3574 aterno

2201 3602 2323 3667 fuit,
2362 3603 2509 3657 nulla
2540 3603 2792 3659 similiter
2819 3602 2926 3657 nisi
2957 3603 3199 3660 nominis
3232 3614 3286 3661 et
3308 3608 3544 3664 rationis
3572 3610 3779 3665 distin-

2202 3697 2402 3752 ctione.
2432 3696 2569 3751 Cum
2602 3703 2784 3751 autem
2811 3695 2955 3752 Deus
2977 3707 3234 3766 operatur
3257 3707 3311 3754 et
3352 3700 3623 3771 loquitur,
3647 3714 3776 3759 tunc

2202 3786 2442 3844 Verbum
2468 3803 2567 3843 ceu
2598 3787 2845 3858 quatiant
2875 3788 3120 3851 emissio,
3151 3791 3399 3846 extensio
3430 3800 3485 3847 et
3523 3793 3778 3850 dilatatio

2202 3879 2424 3935 deitatis
2452 3881 2658 3950 prodit,
2688 3889 2740 3934 et
2774 3886 2896 3950 post
2928 3887 3141 3950 gestum
3188 3896 3326 3952 opus
3375 3883 3441 3938 ad
3474 3884 3646 3941 Deum
3693 3904 3781 3944 re-

2199 3971 2461 4036 vertitur,
2499 3979 2552 4026 et
2581 3971 2637 4026 in
2667 3971 2901 4041 pristina
2949 3971 3264 4027 conditione
3308 3984 3512 4029 manet.
3563 3975 3779 4033 Pariter

2200 4065 2462 4120 emissum
2486 4062 2588 4118 fuit
2616 4061 2879 4128 Verbum,
2910 4069 2970 4117 ut
2998 4077 3217 4118 carnem
3239 4074 3544 4122 assumeret
3572 4086 3587 4134 ;
3615 4080 3778 4125 tunc-

2200 4174 2308 4229 que
2331 4157 2501 4213 Filius
2529 4156 2623 4212 Dei
2665 4156 2917 4213 eﬂ‘ectum
2969 4165 3057 4239 est
3083 4200 3098 4225 ,
3140 4173 3236 4214 rex
3287 4160 3437 4225 item,
3468 4161 3733 4220 Christus
3756 4208 3772 4230 ,

2199 4250 2378 4321 imago
2413 4248 2509 4305 Dei
2539 4249 2832 4305 invisibilis
2853 4290 2868 4314 ,
2905 4257 2960 4304 et
2990 4250 3383 4320 primogenitus
3418 4255 3602 4312 omnis
3622 4272 3778 4313 crea-

2198 4348 2354 4411 tura,
2377 4359 2501 4399 cum
2533 4354 2689 4398 antea
2713 4343 2848 4397 nihil
2883 4358 3069 4398 eorum
3099 4341 3326 4399 fuisset:
3364 4360 3427 4401 ac
3463 4358 3592 4418 post
3619 4350 3777 4421 judi-

2201 4436 2346 4491 cium
2376 4438 2495 4490 hac
2523 4435 2708 4490 omnia
2736 4434 3088 4499 amissurum,
3119 4444 3282 4505 atque
3315 4444 3374 4490 ut
3417 4439 3573 4508 prius
3597 4458 3774 4498 utrum

529 4536 768 4605 scripsit,
805 4535 925 4588 loca
958 4532 1249 4588 all‘eramus
1282 4532 1348 4586 ad
1378 4531 1776 4587 Marcellianam
1818 4535 1961 4587 illam
1987 4534 2097 4588 ha-
2126 4540 2172 4598 ι)
2198 4544 2322 4584 cum
2356 4528 2515 4583 Patre
2545 4527 2787 4582 futurum
2822 4533 2927 4582 est.
2968 4523 3039 4581 Ut
3069 4538 3248 4583 autem
3278 4528 3518 4586 Verbum
3548 4543 3639 4590 est
3676 4552 3777 4591 ex-

528 4632 677 4684 resin
713 4628 1115 4699 intelligendam
1141 4634 1468 4697 opportuna.
1500 4625 1586 4679 Ait
1617 4628 1799 4698 itaque
1830 4627 1904 4696 (p.
1935 4626 2090 4696 4,5')

528 4714 670 4770 hanc
696 4732 817 4771 esse
849 4716 1083 4769 Marcelli
1115 4715 1450 4785 opinionem,
1474 4712 1711 4770 Verbum
1745 4716 1934 4777 silens.
1967 4725 2093 4770 ante

527 4808 878 4871 creationem,
914 4809 966 4862 in
998 4807 1158 4864 Patre
1194 4807 1384 4873 fuisse,
1420 4824 1587 4862 unum
1615 4823 1737 4863 cum
1763 4807 1874 4863 Deo
1909 4807 2087 4872 Patre,

527 4900 953 4967 sempiternum,
1016 4900 1217 4963 ἀΐδιον,
1272 4913 1379 4953 non
1411 4899 1677 4970 genitum,
1719 4900 1790 4953 ita
1824 4906 1883 4953 ut
1930 4897 2092 4953 Pater

525 4990 744 5061 quidem
780 4998 833 5044 et
866 4989 1036 5045 Filius
1088 4990 1322 5046 diversis
1382 4990 1698 5046 nominibus
1749 4989 2086 5058 ellerantur;

526 5083 622 5138 sed
660 5098 824 5136 unum
852 5090 1031 5135 tamen
1063 5083 1172 5137 sint
1200 5083 1439 5138 essentia
1478 5089 1532 5137 et
1560 5066 1879 5154 hypostasi,
1931 5083 2090 5156 οὐσίᾳ

524 5175 582 5228 δέ
615 5176 707 5229 καὶ
744 5174 1037 5228 ὑποστάσει
1091 5174 1148 5227 ἒν
1206 5168 1367 5239 ὄντα,
1422 5173 1501 5230 uti
1539 5173 1808 5230 Sabellius
1861 5174 2087 5230 docuit:

526 5266 762 5322 Verbum
797 5267 922 5321 item
973 5273 1099 5320 ante
1143 5268 1492 5322 emissionem
1540 5283 1660 5323 esse
1695 5267 1874 5322 simile
1923 5269 2090 5323 verbo

524 5369 717 5415 nostro
765 5359 975 5423 silenti,
1033 5360 1216 5430 ὅμοιον
1235 5358 1311 5428 τῷ
1340 5361 1397 5413 ἐν
1445 5361 1574 5431 ἡμῖν
1626 5359 1931 5414 σιωπῶντι·
1964 5375 2089 5413 cum

523 5453 793 5507 emittitur
823 5467 950 5507 vero
979 5450 1044 5504 ad
1081 5452 1482 5521 operationem,
1532 5467 1653 5507 esse
1698 5453 1874 5508 simile
1921 5453 2088 5508 verbo

523 5551 737 5607 nostro,
772 5560 897 5599 cum
927 5544 1219 5614 loquimur.
1268 5532 1402 5596 illud
1451 5543 1525 5612 (p.
1567 5540 1622 5613 6)
1652 5559 1813 5612 porro
1848 5542 2086 5598 Verbum

524 5650 648 5691 cum
679 5651 897 5691 carnem
943 5636 1259 5706 assumpsit,
1312 5642 1443 5691 tunc
1480 5633 1677 5689 Filium
1730 5635 1822 5691 Dei
1883 5633 2086 5689 factum

2197 4620 2373 4675 tensio
2400 4628 2454 4674 et
2493 4618 2742 4674 dilatatio
2804 4618 2939 4683 Dei,
2992 4619 3072 4675 sic
3127 4628 3182 4675 et
3235 4621 3471 4692 Spiritus
3537 4639 3774 4684 sanctus

2197 4711 2428 4766 ulterior
2453 4712 2700 4766 extensio
2747 4718 2801 4765 et
2846 4711 3094 4767 dilatatio
3123 4719 3245 4779 est,
3297 4716 3641 4787 παρέκτασις
3673 4723 3777 4794 τῆς

2196 4800 2502 4873 ἐκτάσεως;
2539 4806 2630 4875 qui
2667 4806 2870 4875 pariter
2908 4820 2938 4857 a
2975 4805 3082 4860 Deo
3111 4807 3378 4863 emittitur
3407 4818 3461 4865 et
3493 4812 3562 4865 ad
3598 4812 3774 4870 Deum

2195 4898 2488 4953 revertitur
2535 4908 2594 4951 ut
2620 4894 2857 4952 Verbum
2888 4938 2902 4960 ,
2942 4913 3195 4968 unusque
3240 4908 3325 4954 est
3369 4915 3494 4955 cum
3546 4901 3663 4959 Deo
3721 4915 3774 4961 et

2195 4984 2375 5044 Verbo
2404 4988 2523 5043 sine
2551 4988 2659 5042 ulla
2689 4984 3061 5041 distinctione.
3101 4983 3228 5041 Hac
3276 4986 3513 5043 Marcelli
3543 5002 3776 5047 senten-

2192 5082 2269 5136 tia
2295 5090 2401 5146 est,
2435 5079 2732 5136 secundum
2767 5079 2989 5135 Eusebii
3021 5078 3437 5149 explicationem
3465 5120 3481 5145 ,
3521 5083 3637 5144 cui.
3670 5084 3774 5140 sed

2195 5190 2302 5229 non
2336 5174 2409 5229 ita
2440 5175 2606 5239 clare,
2644 5172 3010 5244 astipulantur
3035 5165 3266 5229 Basilius
3286 5180 3340 5228 et
3362 5172 3769 5233 Theodoretus.

2198 5267 2253 5321 Si
2286 5282 2451 5339 porro
2479 5267 2604 5320 talis
2631 5266 2750 5335 ejus
2780 5260 3029 5319 doctrina
3085 5264 3284 5328 fuerit,
3338 5267 3395 5320 in
3441 5270 3597 5324 nullo
3643 5288 3770 5326 vere

2196 5358 2410 5415 differat
2436 5375 2463 5413 a
2494 5357 2732 5414 Sabellio
2753 5363 2804 5411 et
2828 5356 3287 5426 Patripassianis:
3321 5359 3530 5413 nullam
3564 5364 3769 5432 quippe

2193 5448 2600 5503 distinctionem
2654 5453 3012 5517 personarum
3074 5445 3345 5512 admittit,
3393 5456 3448 5503 et
3476 5449 3628 5504 illam
3665 5467 3767 5506 ex-

2195 5541 2496 5596 tensionem
2527 5548 2582 5594 et
2610 5539 2924 5596 ulteriorem
2970 5535 3368 5606 dilatationem,
3400 5544 3611 5599 nullam
3638 5561 3770 5614 pro-

2193 5633 2367 5704 priam
2399 5633 2627 5706 ὕπαρξιν
2653 5641 2705 5689 et
2734 5633 3028 5688 ὑπόστασιν
3047 5672 3063 5696 ,
3101 5633 3475 5689 exsistentiam
3505 5643 3558 5691 et
3591 5637 3770 5710 11)*ρο-

650 5787 883 5864 Ρεεεῇῃεις
908 5791 1159 5864 ἐπιθιιῑεε
1193 5793 1448 5851 editionis
1481 5780 1808 5849 Parisiensis
1835 5802 2068 5862 quarum
2110 5789 2308 5849 seriem
2347 5791 2520 5849 textui
2545 5790 2855 5852 Eusebiano
2886 5792 3233 5853 inserendam
3266 5795 3608 5853 curavimus.
3629 5791 3771 5850 Vide

526 5867 659 5915 tom.
685 5857 852 5915 XXIV
908 5861 1065 5917 Enn.
