4038 6288
287 357 426 411 1285

1541 350 1898 412 MARCELLI
1936 348 2308 407 ANCVRANI.

3391 356 3529 411 1286

288 473 462 528 stasin
486 511 500 536 ,
540 470 742 527 habere
777 471 958 527 docet.
997 471 1224 538 Verum,
1258 475 1303 530 si
1351 473 1593 530 Marcelli
1628 473 1746 530 loca
1798 471 1868 526 ab
1895 475 1941 531 A
1968 479 2078 526 tres
2130 448 2468 526 substantias
2500 477 2782 540 separatas
2813 477 2868 525 et
2914 469 3158 541 dispares
3206 471 3528 542 intelligere,

290 565 524 620 Eusebio
554 565 718 618 allata
737 566 883 620 serio
908 567 1307 636 expendantur,
1338 582 1445 622 non
1478 568 1552 621 ita
1585 564 1745 622 facile
1772 573 1857 622 est

289 658 342 711 in
370 655 684 712 Marcellum
718 659 1044 714 sententiam
1074 660 1277 727 dicere,
1302 668 1363 714 ut
1409 675 1534 716 mox
1576 676 1859 718 common-

287 746 575 801 strabitur.

891 860 1120 916 CAPUT
1164 861 1254 918 Ill.

289 994 356 1033 ΔΝ
385 993 662 1033 κηαειιο
691 994 979 1033 ASCBlPTUS
1010 993 1185 1032 ERROR
1221 994 1272 1033 lN
1306 963 1441 1032 EIUS.
1459 992 1670 1032 CONTRA
1699 993 1856 1033 δετε-

569 1065 699 1104 ιιιῦιι
728 1066 886 1103 LIBBO
915 1065 1248 1104 DEPBEHENDI
1283 1064 1572 1104 POTUEBIT.

291 1167 337 1222 ι.
381 1165 618 1218 Asterius
670 1181 764 1233 pro
808 1164 1024 1217 Arionis
1080 1163 1300 1225 scribit,
1353 1171 1540 1216 contra
1590 1161 1855 1215 Asterium

358 1233 679 1299 Marcellus,
724 1251 870 1306 quem
920 1233 1433 1306 refutatnEusebius.
1461 1235 1548 1306 ill.
1598 1236 1674 1286 An
1706 1233 1858 1306 Mur-

358 1308 518 1360 cellus
573 1302 984 1359 dicat'Patrem
1024 1314 1074 1358 et
1117 1305 1340 1358 Verbum
1386 1305 1515 1358 solis
1561 1302 1858 1358 nominibus

358 1378 633 1444 distingui.
664 1376 745 1430 lll.
787 1376 870 1429 An
913 1376 1106 1428 dixerit
1144 1375 1366 1428 Verbum
1393 1375 1684 1444 ἀγέννητον
1719 1390 1851 1436 esse,

357 1458 407 1500 et
440 1443 642 1500 Filium
675 1463 775 1500 non
801 1447 962 1513 fuisse
995 1455 1114 1500 ante
1144 1445 1394 1499 Mariam.
1439 1445 1522 1499 IV.
1571 1443 1678 1498 Cur
1715 1445 1860 1498 dicat

343 1521 345 1525 ’
371 1517 591 1572 Verbum
623 1529 735 1586 post
765 1518 1179 1570 incarnationem
1205 1527 1406 1569 tantum
1438 1517 1550 1569 esse
1580 1516 1858 1586 imaginem

358 1589 488 1651 Dei,
524 1599 572 1642 et
601 1585 1002 1656 primogenitum
1035 1589 1205 1640 omnis
1253 1597 1529 1640 creaturte.
1585 1587 1645 1640 V.
1685 1585 1748 1656 In
1794 1585 1861 1637 li-

358 1659 450 1713 bro
478 1659 725 1713 Marcelli
753 1655 886 1712 nihil
913 1669 1090 1727 aperte
1118 1674 1394 1712 erroneum
1428 1657 1594 1724 fuisse
1632 1655 1857 1710 videtur.

288 1771 330 1822 Ι.
347 1772 571 1822 Asterius
588 1787 676 1835 pro
691 1772 883 1821 Arianis
905 1772 1090 1826 scribit.
1115 1779 1282 1835 contra
1311 1773 1556 1821 Asterium
1579 1769 1859 1829 Marcellus,

759 1847 906 1896 quem
928 1837 1108 1885 refutat
1130 1834 1389 1884 Eusebius.

351 1929 600 1986 Asterius
618 1933 706 1987 ille
731 1931 977 2001 sophista
1009 1931 1326 1992 circulator,
1357 1929 1469 1999 qui.
1506 1937 1566 1982 ut
1595 1928 1669 1984 ait
1695 1929 1856 1983 Atha-

285 2023 494 2086 nasius,
520 2035 803 2095 grassante
825 2025 880 2078 in
911 2024 1257 2079 Christianos
1300 2022 1618 2086 Maximino,
1649 2020 1852 2076 Christi

283 2115 496 2184 ejurata
542 2115 676 2184 ﬁde,
726 2116 889 2172 idolis
951 2117 1360 2180 immolaverat,
1418 2115 1661 2170 nascenti
1695 2114 1854 2167 Aria-

284 2209 466 2263 nismo
516 2226 714 2266 nomen
767 2209 952 2274 dedit,
1012 2209 1324 2280 librumque
1375 2209 1687 2278 evulgavit,
1742 2223 1852 2278 quo

283 2299 608 2354 catholicam
688 2299 992 2355 doctrinam
1070 2298 1402 2368 impeteret,
1486 2297 1854 2367 Arianamque

283 2392 602 2447 vindicaret.
634 2391 919 2446 Marcellus
955 2407 1082 2446 vero
1130 2391 1354 2446 Arianis
1391 2405 1420 2444 a
1463 2390 1735 2460 principio
1767 2391 1852 2444 in-

284 2481 666 2548 fensissimus,
701 2483 974 2539 Asterium
1033 2483 1180 2538 edito
1234 2484 1497 2553 opusculo
1551 2483 1848 2547 relutavit,

283 2577 722 2647 Arianorumque
779 2577 1055 2647 principes
1118 2575 1413 2632 Eusebium
1470 2576 1851 2631 Nicomedien-

284 2683 420 2730 sem,
448 2667 738 2722 Eusebium
773 2667 1186 2730 Caesariensem,
1218 2665 1508 2720 Paulinum
1540 2664 1688 2736 Tyri,
1713 2664 1850 2717 Nar—

283 2756 488 2810 cissum
537 2755 857 2812 Neroniadis
888 2765 942 2812 et
973 2757 1107 2811 alios
1137 2757 1338 2826 passim
1387 2755 1576 2810 eodem
1610 2756 1662 2808 in
1707 2755 1848 2811 libro

285 2847 604 2902 lacessivit:
657 2863 764 2917 qua
806 2863 866 2903 re
909 2855 1192 2918 permotus
1241 2847 1508 2902 Eusebius
1545 2847 1836 2902 Cmsarien.

284 2943 383 3004 sis,
411 2943 651 3012 quinque
681 2943 851 2997 libros
897 2942 1068 2996 edidit
1095 2960 1108 2996 :
1141 2941 1229 2996 ubi
1263 2936 1588 2995 Arianorum
1623 2955 1844 2994 causam

283 3050 383 3106 pro
411 3035 620 3090 viribus
647 3034 961 3094 defendens.
994 3050 1184 3090 eorum
1214 3035 1604 3104 antesignanos
1639 3047 1669 3086 a
1705 3033 1847 3088 Mar-

284 3127 423 3182 cello
455 3128 753 3198 exagitatos
786 3127 1039 3182 laudibus
1069 3128 1132 3182 ad
1171 3126 1352 3182 sidera
1383 3127 1558 3189 tollit,
1607 3126 1662 3180 in
1703 3126 1846 3180 Mar-

1964 576 2130 614 uuam
2163 568 2372 616 tantum
2406 561 2747 630 hypostasin,
2775 561 2909 622 sive,
2953 567 3010 612 ut
3055 561 3130 614 illi
3163 561 3528 631 explicabant,

1963 654 2326 710 substantiam
2358 653 2413 706 in
2455 651 2563 707 Deo
2593 668 2715 707 esse
2761 653 3192 720 contendebant;
3247 654 3318 708 ita
3348 663 3529 708 tamen

1963 755 2020 799 ut
2049 745 2286 808 Patrem,
2322 743 2519 799 Filium
2561 753 2615 800 et
2665 743 2924 815 Spiritum
2959 754 3230 807 sanctum,
3280 746 3446 798 alium
3476 754 3531 799 et

1961 836 2127 889 alium
2162 846 2215 891 et
2247 838 2412 890 alium
2439 852 2562 892 esse
2591 836 3004 906 proﬁterentur;
3040 837 3130 889 alii
3164 851 3290 890 vero
3323 837 3530 890 formu-

1961 926 2068 980 lam
2099 928 2260 981 trium
2289 929 2661 999 hypostasium
2694 928 2760 982 ad
2791 927 2956 980 trium
2992 927 3398 982 distinctionem
3429 944 3528 997 op-

1962 1028 2248 1087 portunam
2297 1020 2586 1083 admisere,
2623 1019 2749 1072 dum
2803 1035 2962 1072 unam
3024 1021 3228 1089 pariter
3273 1020 3528 1074 substan-

1959 1110 2091 1163 tiam
2136 1111 2189 1164 in
2214 1109 2324 1165 Deo
2355 1126 2476 1166 esse
2502 1111 2764 1166 dicerent.
2797 1111 3128 1166 Athanasius
3155 1120 3334 1165 autem
3365 1112 3526 1166 modo

1962 1215 2148 1265 unam,
2204 1201 2365 1255 modo
2415 1210 2524 1256 tres
2561 1201 2615 1256 in
2672 1201 2782 1256 Deo
2821 1202 3140 1271 hypostases
3175 1202 3340 1268 dicit;
3386 1212 3440 1256 et
3469 1203 3525 1257 in

1962 1290 2171 1360 synodo
2201 1290 2568 1345 Alexandrina
2601 1292 2725 1345 anui
2757 1291 2880 1354 562,
2911 1293 3000 1344 cui
3033 1300 3261 1360 praeerat
3286 1289 3528 1345 Athana-

1962 1383 2097 1446 sius,
2139 1384 2366 1438 liberum
2416 1400 2538 1440 esse
2573 1385 2830 1439 delinitur
2858 1387 2937 1440 vel
2991 1403 3152 1440 unam
3205 1386 3525 1457 hypostasin

1961 1475 2162 1539 dicere,
2202 1477 2329 1530 dum
2363 1477 2526 1530 trium
2558 1477 2837 1532 diStinctio
2871 1489 3134 1542 servetur,
3166 1481 3251 1534 vel
3283 1489 3392 1534 tres
3427 1480 3525 1551 hy-

1961 1575 2208 1637 postases
2259 1568 2540 1638 proﬁteri,
2599 1569 2727 1622 dum
2790 1585 2898 1624 una
2953 1580 3157 1624 tantum
3217 1573 3524 1627 substantia

1961 1657 2194 1712 dicatur.
2235 1658 2352 1713 Non
2392 1660 2693 1730 culpandus
2739 1676 2867 1730 ergo
2899 1661 3203 1725 Marcellus,
3241 1664 3382 1732 quod
3414 1662 3522 1716 Pa-

1963 1756 2101 1804 trem
2136 1757 2189 1804 et
2220 1749 2454 1805 Verbum
2488 1752 2767 1823 hypostasi
2796 1769 2965 1806 unum
2996 1769 3117 1808 esse
3145 1754 3357 1816 dixerit,
3390 1754 3522 1809 dum

1888 1828 1936 1888 B
1964 1841 2129 1894 alium
2178 1850 2231 1896 ct
2261 1843 2425 1897 alium
2457 1858 2578 1898 esse
2611 1845 2893 1914 professus
2938 1845 3029 1908 sit,
3081 1862 3182 1900 nec
3213 1847 3522 1900 distinctio-

1955 1947 2078 1985 nem
2108 1933 2415 1988 abstulerit.
2453 1935 2510 1988 ld
2559 1950 2688 1990 vero
2714 1952 2780 1990 ex
2803 1937 2984 1990 allatis
3013 1937 3078 1992 ab
3120 1936 3353 1993 Eusebio
3379 1939 3521 1992 Mar-

1954 2022 2076 2076 celli
2125 2022 2262 2076 locis
2291 2024 2712 2079 examinandum
2742 2025 2910 2080 venit.
2960 2026 3049 2079 Ait
3092 2027 3256 2096 igitur
3293 2027 3520 2082 Marcel-

1954 2112 2039 2167 lus
2083 2113 2158 2183 (p.
2213 2116 2331 2184 55),
2386 2106 2658 2171 referente
2707 2116 2983 2173 Eusebio:
3016 2119 3222 2172 Οὐκοῦν
3265 2120 3371 2190 πρὸ
3420 2120 3519 2190 μὲν

1951 2207 2042 2259 τοῦ
2074 2209 2390 2276 κατελθεῖν,-
2417 2213 2511 2263 καὶ
2541 2209 2629 2263 διὰ
2661 2210 2758 2279 τῆς
2788 2210 3062 2281 Παρθένου
3097 2210 3369 2281 τεχθῆναι,
3417 2212 3520 2264 Λό-

1950 2315 2046 2366 γος
2084 2296 2151 2370 ἦν
2207 2302 2384 2370 μόνον.
2431 2303 2579 2354 Ἐπεὶ
2604 2303 2656 2354 τί
2689 2302 2875 2372 ἓτερον
2913 2297 3002 2372 ἦν,
3044 2302 3149 2372 πρὸ
3175 2303 3266 2354 τοῦ
3295 2303 3393 2375 τὴν
3434 2304 3521 2356 ἀν-

1952 2391 2224 2464 Θρωπίνην
2254 2393 2540 2446 ἀναλαϐεῖν
2577 2394 2774 2464 σάρκα,
2805 2395 2864 2447 τὸ
2892 2394 3147 2448 κατελθὸν
3177 2397 3262 2447 ἐπ’
3296 2394 3519 2464 ἔσχατον

1947 2483 2056 2535 τῶν
2089 2485 2328 2555 ἡμερῶν,
2357 2487 2433 2547 ὡς
2468 2487 2560 2538 καὶ
2587 2487 2745 2550 αὐτὸς
2767 2487 3026 2560 γέγραφε,
3056 2489 3145 2540 καὶ
3171 2489 3232 2541 τὸ
3264 2488 3518 2559 γεννηθὲν

1949 2578 2012 2628 ὲκ
2045 2577 2144 2647 τῆς
2176 2579 2482 2650 Παρθένου;
2516 2581 2680 2632 Οὐδὲν
2725 2580 2910 2649 ἓτερον
2939 2579 2970 2650 ἦ
3006 2580 3198 2648 Λόγος.
3247 2579 3358 2634 Hoc
3389 2591 3470 2635 est
3497 2600 3512 2636 :

1950 2666 2138 2738 Itaque
2186 2671 2491 2738 priusquam
2532 2670 2882 2736 descenderet,
2933 2680 2982 2726 et
3046 2687 3111 2724 e1:
3165 2671 3373 2742 Virgine
3420 2689 3518 2725 na-

1948 2769 2196 2821 sceretur,
2242 2759 2458 2812 Verbum
2505 2770 2619 2812 erat
2651 2759 3000 2814 solummodo.
3039 2757 3182 2812 Nam
3212 2760 3336 2829 quid
3368 2759 3517 2814 aliud

1946 2859 2084 2913 erat,
2133 2851 2442 2920 priusquam
2500 2852 2785 2904 humanam
2836 2868 3046 2905 carnem
3101 2851 3517 2916 assumerethid

1946 2941 2082 3012 quod
2111 2943 2162 2995 in
2195 2943 2489 2996 novissimis
2545 2943 2726 2996 diebus
2760 2942 3024 2997 descendit
3054 2943 3515 3013 (quemadmodum

1946 3033 2056 3102 ipse
2104 3034 2330 3098 scribit),
2361 3043 2410 3086 et
2450 3036 2586 3104 quod
2617 3039 2679 3088 de
2739 3034 2945 3106 Virgine
2994 3045 3175 3089 natum
3204 3037 3326 3089 est?
3361 3033 3516 3089 Nihil

1949 3125 2095 3178 aliud
2143 3143 2301 3197 quam
2361 3126 2604 3182 Verbum.
2657 3127 2946 3184 Marcellus
2997 3143 3148 3193 sane,
3185 3128 3279 3198 qui
3326 3139 3517 3183 contra

284 3220 590 3288 cellumque
619 3219 1266 3276 Sabellianisminomiue
1301 3219 1502 3274 acriter
1547 3219 1843 3274 invehitur.
1874 3184 1915 3241 ς’
1955 3216 2246 3270 Sabellium
2281 3231 2468 3285 agens,
2509 3216 2724 3271 Patrem
2781 3227 2942 3288 negat
2991 3220 3352 3281 incarnatum,
3403 3219 3518 3272 haec

287 3310 400 3365 Sub
434 3316 546 3366 haec
570 3322 750 3367 autem
782 3313 848 3367 de
876 3312 1111 3368 Marcelli
1178 3313 1448 3368 sententia
1493 3312 1655 3367 etiam
1713 3314 1852 3367 inter

284 3405 594 3462 Catholicos
653 3407 989 3476 disputatum
1046 3414 1167 3461 est:
1206 3407 1326 3461 aliis
1375 3406 1501 3476 jure
1531 3415 1850 3460 accusatum

285 3497 598 3553 Marcellum
657 3499 1058 3570 pugnantibus;
1113 3500 1236 3554 aliis
1301 3515 1490 3555 sanam
1552 3499 1673 3569 ejus
1729 3513 1851 3553 esse

285 3586 446 3642 ﬁdem
500 3589 798 3644 tuentibus.
851 3591 958 3644 Nos
997 3590 1180 3660 igitur,
1234 3590 1548 3659 ponderatis
1589 3590 1752 3645 rebus
1798 3598 1852 3645 et

285 3682 539 3751 expensis
576 3681 794 3736 Eusebii
853 3682 1298 3738 accusationibus
1321 3722 1336 3747 ,
1387 3683 1517 3753 quid
1555 3682 1626 3736 sit
1661 3683 1752 3735 illa
1784 3683 1851 3737 de

286 3789 346 3828 re
375 3773 717 3828 sentiendum
749 3774 1150 3844 indagabimus.

287 3885 347 3937 ΙΙ.
371 3886 449 3936 An
469 3886 726 3936 Marcellus
747 3888 875 3936 dicat
901 3887 1096 3997 Pgtrlem
1123 3893 1176 3962 et
1197 3887 1414 3937 Verbum
1437 3885 1556 3937 solis
1578 3885 1852 3937 nominibus

973 3963 1010 3997 IS
1033 3963 1187 3997 unum.

973 3963 1187 4011 tsungut.

356 4044 507 4098 Hanc
535 4043 711 4113 primo
756 4043 812 4096 in
864 4042 1176 4098 Marcellum
1225 4043 1664 4098 criminationem
1696 4041 1851 4096 aﬂert

287 4134 553 4191 Eusebius
587 4133 662 4204 (p.
715 4135 792 4206 5),
831 4133 977 4203 quod
1011 4133 1232 4198 dixerit,
1281 4132 1518 4189 Verbum
1551 4136 1620 4188 ab
1649 4145 1850 4188 aeterno

288 4245 453 4282 unum
497 4244 618 4283 esse
651 4243 773 4281 cum
823 4226 985 4281 Patre
1014 4227 1168 4297 οὐσίᾳ
1200 4227 1292 4279 καὶ
1324 4227 1636 4289 ὑποστάσει,
1664 4242 1852 4281 essen-

288 4321 362 4373 tia
389 4329 442 4375 et
466 4319 779 4389 hypostasi;
815 4320 887 4373 ita
919 4329 976 4372 ut
998 4320 1129 4374 solis
1155 4319 1466 4374 nominibus
1491 4327 1678 4372 tnutuo
1706 4318 1852 4374 diﬂ'e-

287 4421 412 4466 rant
444 4431 455 4465 :
489 4427 720 4481 esseque
770 4410 1008 4466 Verbum
1070 4423 1328 4466 aeternum
1392 4420 1446 4468 et
1501 4411 1846 4481 ingenitum:

1953 3309 2194 3364 scribere
2241 3324 2349 3362 non
2399 3311 2596 3378 potuit,
2629 3308 2761 3378 quin
2794 3307 3029 3362 Verbum
3065 3325 3094 3362 a
3124 3309 3283 3364 Patre
3321 3310 3516 3365 distin-

1951 3406 2100 3453 ctum
2135 3399 2399 3453 crederet.
2431 3399 2497 3451 Et
2535 3401 2724 3468 paucis
2754 3400 3089 3469 interpositis
3135 3401 3248 3454 haec
3279 3401 3515 3458 Marcelli

1950 3491 2114 3546 verba
2146 3489 2480 3544 aﬁ‘eruntur:
2515 3489 2697 3544 Discat
2726 3491 2906 3560 igitur,
2947 3491 3167 3544 Verbum
3194 3491 3310 3560 Dei,
3330 3509 3433 3545 non
3457 3504 3516 3546 ut

1950 3581 2032 3634 illi
2061 3582 2258 3643 volunt,
2299 3581 2520 3635 Verbum
2551 3582 3005 3652 καταχρηστικῶς
3035 3583 3390 3651 appellatum;
3417 3583 3508 3638 sed

1949 3671 2086 3742 quod
2110 3688 2307 3736 revera,
2329 3672 2404 3734 ὡς
2433 3671 2666 3742 ἀληθῶς,
2687 3673 2988 3735 exsistebat,
3025 3672 3265 3728 Verbum.
3293 3672 3416 3738 libi,
3447 3676 3516 3728 il-

1951 3763 2066 3827 lud,
2097 3780 2298 3826 revera,
2328 3761 2563 3818 Verbum
2607 3764 2885 3818 exstitisse
2929 3780 3051 3819 vere
3077 3773 3130 3819 et
3159 3781 3254 3835 per
3300 3780 3378 3831 se,
3413 3781 3516 3820 nec

1951 3872 2118 3910 unum
2166 3865 2219 3910 et
2270 3855 2412 3910 idem
2460 3871 2583 3911 cum
2630 3855 2791 3911 Patre
2842 3855 3032 3920 fuisse,
3082 3855 3324 3912 denotat.
3370 3857 3514 3911 Alibi

1949 3963 2078 4002 vero
2118 3949 2193 4018 (p.
2229 3947 2318 4017 59)
2352 3949 2427 4000 ait
2473 3947 2761 4003 Marcellus
2793 3948 2942 4019 :Ilpb
2982 3947 3091 4020 γὰρ
3121 3948 3220 4018 τῆς
3261 3947 3518 4019 δημιουρ-

1949 4038 2073 4106 γίας
2103 4039 2316 4108 ἁπάσης
2348 4038 2544 4107 ἡσυχία
2592 4055 2675 4101 τις
2703 4033 2791 4108 ἦν,
2839 4038 2914 4100 ὡς
2948 4038 3114 4101 εἰκὸς,
3162 4038 3221 4089 ὲν
3270 4036 3346 4108 τῷ
3398 4036 3517 4107 Θεῷ

1948 4129 2042 4182 τοῦ
2072 4130 2244 4198 Λόγου
2273 4129 2444 4192 ὄντος.
2470 4129 2580 4184 lloc
2613 4139 2696 4185 est
2721 4149 2733 4183 :
2767 4129 2901 4184 Ante
2925 4147 3128 4183 onmem
3159 4145 3333 4183 rerum
3371 4145 3518 4182 crea-

1952 4224 2143 4276 tionem
2193 4231 2330 4285 erat,
2366 4231 2422 4274 ut
2465 4236 2563 4290 par
2601 4231 2678 4276 est
2717 4223 2945 4285 credere,
2981 4224 3125 4294 quies
3173 4224 3227 4276 in
3265 4223 3396 4303 Deo,
3427 4239 3519 4278 ex-

1949 4315 2160 4367 sistente
2217 4313 2355 4383 apud
2407 4313 2576 4367 Deum
2635 4313 2821 4368 Verbo.
2892 4313 2995 4370 Ubi
3049 4315 3184 4368 nihil
3250 4331 3358 4368 non
3412 4315 3519 4368 Ca-

1951 4404 2211 4458 tholicum
2265 4404 2686 4472 deprehendas:
2721 4420 2844 4459 nam
2891 4404 3037 4475 quod
3086 4405 3221 4458 dicit
3277 4404 3516 4459 Verbum

287 4502 456 4571 quod,
493 4509 551 4557 ut
603 4504 680 4556 ait
742 4503 852 4566 ille,
900 4503 1172 4573 ipsissima
1228 4511 1310 4559 est
1360 4501 1578 4557 Sabellii
1640 4503 1844 4573 opinio.
1880 4520 1924 4575 ι)
1952 4511 2074 4551 esse
2099 4495 2153 4548 in
2173 4496 2280 4551 Deo
2313 4498 2394 4551 vel
2424 4497 2566 4568 apud
2593 4496 2782 4563 Deum,
2805 4496 3030 4552 Joannis
3060 4507 3162 4553 est.
3190 4498 3400 4552 Etenim
3423 4499 3515 4552 alii

288 4595 441 4662 Quod
491 4603 672 4649 autem
716 4593 874 4648 Pater
903 4604 956 4650 et
987 4594 1222 4650 Verbum
1267 4596 1425 4667 οὐσίᾳ
1472 4596 1584 4650 sive
1609 4595 1850 4650 essentia

289 4703 458 4742 unum
491 4695 694 4754 essent,
726 4689 777 4742 id
811 4689 1073 4744 Catholici
1118 4705 1306 4744 omnes
1337 4689 1590 4743 dicebant
1617 4707 1630 4755 ;
1659 4688 1850 4742 Ariani

287 4795 418 4834 vero
456 4780 700 4834 diversas
747 4782 800 4834 iu
834 4780 994 4835 Patre
1029 4790 1083 4836 et
1116 4779 1292 4836 Verbo
1330 4789 1384 4835 et
1416 4789 1695 4850 separatas
1731 4780 1851 4835 dis-

289 4885 555 4940 paresque
607 4872 877 4926 essenlias
915 4886 1036 4925 esse
1069 4870 1472 4924 contendebant
1531 4889 1545 4924 :
1584 4871 1853 4939 idipsum-

288 4977 393 5030 que
420 4970 621 5032 pugnat
653 4962 922 5018 Eusebius
949 4973 1006 5016 ut
1031 4963 1086 5016 in
1114 4961 1566 5031 praeliminarihus
1601 4961 1668 5014 ad
1696 4975 1854 5014 com-

289 5056 555 5108 mentaria
582 5056 638 5107 in
668 5054 911 5109 Psalmos
957 5055 1364 5124 comprobatum
1396 5062 1499 5108 est.
1555 5053 1626 5108 De
1675 5053 1854 5125 hypo-

291 5146 446 5209 stasi,
491 5147 805 5212 ὑποστάσει,
863 5162 990 5200 vero
1039 5150 1266 5216 quaestio
1318 5155 1435 5202 erat
1497 5147 1659 5202 etiam
1707 5147 1848 5200 inter

289 5237 639 5292 Catholicos;
672 5255 902 5308 quorum
943 5239 1036 5293 alii
1084 5250 1194 5295 tres
1227 5241 1548 5311 hypostases
1579 5240 1632 5292 iu
1664 5237 1850 5293 Trini-

293 5339 402 5384 tate
442 5330 853 5399 proﬁtebantur,
886 5331 978 5386 alii
1014 5346 1196 5396 uuam,
1243 5348 1351 5387 non
1394 5348 1471 5396 re,
1505 5331 1599 5386 sed
1629 5333 1849 5386 nomine

293 5434 499 5480 tantum
545 5425 685 5479 inter
712 5441 770 5479 se
803 5425 1196 5496 discrepantes.
1237 5425 1370 5480 Nam
1402 5441 1525 5480 cum
1560 5425 1748 5478 Ariani
1787 5425 1854 5479 ab

291 5530 482 5575 exortu
515 5518 786 5574 haereseos
829 5526 941 5573 tres
980 5519 1301 5590 bypostases
1336 5519 1390 5572 in
1426 5518 1690 5572 Triuitate
1721 5533 1851 5587 pro-

292 5611 426 5666 fessi
466 5617 671 5672 essent,
717 5625 781 5665 ac
833 5611 1146 5674 ὑπόστασις,
1180 5619 1316 5666 teste
1358 5611 1679 5674 Athanasio,
1722 5610 1856 5665 sub-

294 5704 552 5759 stantiam
580 5719 646 5759 ex
679 5719 738 5759 se
776 5703 1078 5776 signiﬁcet;
1107 5703 1262 5756 multi
1302 5701 1710 5757 Catholicorum
1739 5717 1852 5755 non

292 5798 462 5854 nescii
519 5797 774 5868 Arianos,
812 5797 939 5852 dum
989 5803 1101 5854 tres
1152 5795 1470 5864 hvooswses
1517 5793 1849 5861 proferrent,
1893 5868 1932 5884 η

1954 4605 2020 4646 ex
2064 4587 2165 4643 SS.
2194 4589 2467 4653 Patribus,
2515 4590 2567 4644 in
2598 4590 2795 4660 quibus
2823 4591 3156 4644 Athanasius
3199 4590 3423 4659 passim,
3464 4595 3518 4643 et

1952 4683 2311 4754 Augustinus,
2339 4683 2574 4753 idipsum
2603 4699 2746 4748 esse,
2782 4682 2917 4752 πρὸς
2947 4682 3040 4733 τὸν
3066 4681 3196 4735 Θεὸν
3226 4681 3319 4733 καὶ
3358 4682 3414 4732 ὲν
3439 4679 3520 4751 τῷ

1953 4776 2092 4846 Θεῷ,
2120 4774 2258 4843 apud
2289 4774 2457 4828 Deum
2489 4784 2537 4827 et
2569 4774 2619 4827 in
2656 4772 2764 4826 Deo
2795 4788 2917 4827 esse
2946 4771 3236 4838 dicebant;
3268 4771 3358 4826 alii
3391 4787 3518 4825 vero

1953 4881 2006 4926 et
2030 4871 2250 4943 quidem
2286 4884 2483 4938 magno
2509 4885 2756 4931 numero,
2793 4867 2925 4921 illud
2960 4869 3017 4918 ὲν
3040 4867 3116 4938 τῷ
3138 4866 3276 4937 Θεῷ,
3305 4867 3429 4936 quia
3464 4867 3519 4918 in

1953 4962 2245 5032 Evangelio
2265 4963 2334 5015 ita
2352 4978 2458 5015 non
2483 4961 2701 5031 legitur,
2726 4965 3038 5028 suspectum
3057 4957 3331 5012 habebant
3352 4977 3364 5012 :
3395 4971 3517 5009 nam

1954 5057 2098 5128 quod
2121 5055 2385 5118 Pauliani,
2409 5053 2722 5119 Sabelliani,
2762 5051 3114 5115 Marcelliani,
3136 5058 3189 5105 et
3210 5047 3518 5103 Photiniani

1954 5149 2202 5218 forteque
2223 5149 2334 5212 alii,
2372 5148 2550 5202 omnis
2571 5147 2709 5198 inter
2730 5143 2947 5198 Patrem
2974 5154 3027 5197 et
3056 5141 3249 5195 Filium
3273 5138 3520 5194 tollenda:

1954 5242 2326 5299 distinctionis
2355 5255 2544 5302 causa,
2575 5241 2676 5293 hac
2702 5237 2957 5308 loquendi
2992 5238 3202 5290 ratione
3231 5235 3523 5286 abuteren-

1956 5342 2066 5398 tur,
2117 5333 2250 5388 illud
2302 5335 2360 5386 ἐν
2404 5333 2481 5404 τῷ
2528 5332 2666 5404 Θεῷ,
2693 5332 3030 5402 rejiciebant.
3081 5324 3238 5392 Quod
3288 5339 3417 5380 vero
3447 5325 3523 5376 ait

1955 5426 2262 5491 Marcellus,
2304 5434 2429 5481 ante
2453 5427 2783 5481 creationem
2817 5424 2989 5478 fuisse
3032 5421 3268 5490 quietem
3303 5417 3358 5470 in
3392 5414 3522 5480 Deo,

1955 5519 2069 5574 sive
2108 5518 2401 5581 silentium,
2436 5525 2493 5570 ut
2521 5518 2660 5574 alias
2701 5517 2982 5586 loquitur;
3027 5511 3079 5564 id
3129 5523 3314 5563 sanam
3363 5505 3522 5560 ﬁdem

1954 5612 2092 5665 nihil
2121 5610 2282 5665 laedit.
2313 5607 2466 5665 Licet
2500 5611 2643 5665 enim
2673 5609 2727 5662 in
2758 5607 2868 5661 Deo
2902 5604 3048 5658 nulla
3083 5597 3412 5654 conditionis
3440 5598 3524 5654 vel

1956 5710 2133 5759 st-atus
2184 5702 2413 5757 mutatio
2447 5716 2574 5756 vere
2621 5699 2876 5762 exsistat,
2923 5703 2976 5749 et
3017 5691 3258 5748 Verbum
3300 5688 3525 5761 perinde

1957 5803 2106 5855 ante.
2153 5809 2317 5852 uuam
2364 5800 2488 5852 post
2535 5791 2867 5848 creationem
2897 5795 2952 5844 et
2991 5783 3424 5844 incarnationem
3466 5783 3523 5835 in
