4038 6288
565 336 702 392 1‘287

1804 336 1890 390 DE
1929 332 2086 390 VITA
2120 330 2205 387 ET
2241 331 2548 392 SCRIPTIS

3652 332 3791 386 5238

565 452 676 507 Deo
712 452 868 509 Patre
909 454 1168 509 manserit
1196 461 1250 509 et
1276 463 1524 520 maneat;
1570 453 1806 508 humano
1829 460 2008 508 tamen
2043 451 2119 506 lo-
2148 457 2194 508 A
2220 463 2272 508 et
2300 454 2691 517 extensionem,
2725 469 2887 522 quam
2919 453 3216 510 secundum
3267 450 3504 506 Marcelli
3558 461 3785 503 senten-

565 545 763 614 quendi
793 560 958 610 more,
1003 544 1374 607 descendisse,
1402 545 1622 611 exiisse,
1647 559 1929 613 egressum
1975 558 2118 608 esse,

558 627 872 702 'pariterque
892 634 1173 702 quiescere
1194 641 1248 688 et
1271 634 1428 689 silere
1452 635 1670 688 dicitur.
1687 632 1855 687 Paulo
1877 641 1997 703 post
2019 648 2118 688 au-

565 731 670 778 tem
709 729 782 792 (p.
815 723 904 791 40)
942 723 1055 782 hzec
1097 723 1337 780 Marcelli
1380 726 1546 780 verba
1577 725 1920 780 vehementer
1945 724 2121 794 carpit

564 817 870 872 Eusebius:
908 817 1114 874 Sciebat
1137 829 1313 872 autem
1352 819 1484 872 illud
1521 820 1823 882 conducere,
1858 827 1914 872 ut
1942 817 2121 874 crede-

562 921 673 965 rent
736 928 896 965 unum
965 911 1126 965 Deum
1172 929 1304 968 esse.
1341 910 1469 966 Ideo
1519 911 1596 965 sic
1641 928 1760 965 eum
1786 911 2118 980 alloquitur:

567 1023 586 1056 ‹
650 1003 758 1074 Ego
811 1021 928 1059 sum
984 1005 1073 1074 qui
1135 1022 1252 1059 sum
1293 1005 1348 1070 ¹;
1410 1023 1428 1055 ι
1499 1011 1556 1056 ut
1601 1014 1753 1058 extra
1813 1020 1868 1058 se
1914 1005 2117 1058 nullum

561 1097 726 1150 alium
787 1113 898 1150 esse
958 1095 1126 1150 Deum
1201 1095 1428 1152 doceret.
1493 1094 1732 1150 Proclive
1783 1104 1860 1149 est
1920 1104 2117 1159 autem,

560 1200 618 1242 ut
664 1188 915 1251 arbitror,
969 1188 1150 1257 cuique
1194 1187 1458 1257 prudenti,
1501 1187 1555 1240 id
1603 1186 1666 1241 ab
1713 1187 1939 1242 humano
1987 1204 2119 1258 quo-

559 1282 706 1345 dam,
757 1283 943 1351 exiguo
981 1289 1030 1334 et
1073 1280 1259 1333 humili
1315 1279 1548 1346 exemplo
1602 1278 1930 1348 intelligere:
1960 1293 2120 1348 neque

563 1373 698 1426 enim
745 1381 912 1441 potest
959 1372 1233 1441 quisquam
1285 1369 1494 1425 uerbum
1525 1369 1750 1423 hominis
1791 1371 2021 1436 potentia
2069 1378 2118 1422 et

566 1464 860 1520 substantia
892 1478 1154 1527 separare.
1195 1462 1364 1518 Unum
1395 1473 1472 1517 est
1500 1465 1637 1516 enim
1666 1472 1820 1530 atque
1841 1460 1979 1516 idem
2001 1478 2118 1515 cum

565 1557 770 1611 homine
801 1557 1064 1610 Verbum:
1097 1571 1216 1625 qua:
1253 1555 1296 1610 si
1328 1555 1555 1610 seorsim
1598 1555 1665 1608 ab
1696 1555 1816 1608 aliis
1847 1554 2119 1623 accipian-

565 1655 674 1712 tur,
705 1665 734 1702 a
772 1659 920 1704 recta
963 1663 1095 1702 sane
1139 1646 1243 1701 ﬁde
1286 1647 1617 1702 desciscunt.
1659 1644 1858 1700 Verum
1889 1661 1954 1700 ex
1999 1645 2121 1700 aliis

566 1738 805 1793 Marcelli
854 1738 990 1793 locis
1037 1739 1214 1807 palam
1267 1737 1481 1792 videtur
1534 1754 1658 1793 eum
1716 1739 2122 1808 comparatione

567 1829 803 1883 hominis
843 1836 897 1882 et
947 1829 1092 1883 verbi
1139 1830 1221 1884 sui
1255 1831 1365 1893 uti;
1416 1840 1474 1884 ut
1520 1831 1835 1900 comprobet
1885 1830 2121 1886 Verbum

571 1936 732 1975 unam
773 1929 826 1978 et
857 1922 1120 1988 eamdem,
1153 1938 1312 1992 quam
1343 1922 1504 1977 Pater
1534 1923 1717 1987 habet,
1760 1924 2122 1979 substantiam

566 2010 770 2066 habere
797 2031 809 2065 :
839 2027 960 2066 nam
995 2013 1155 2082 paulo
1190 2013 1416 2068 inferius
1446 2014 1559 2068 haec
1593 2013 1828 2069 Marcelli
1855 2015 2014 2069 verba
2046 2015 2124 2069 le-

567 2112 810 2173 guntur:
847 2103 941 2166 Ti;
991 2104 1098 2175 γὰρ
1123 2103 1295 2167 οὕτως
1345 2105 1378 2176 ἢ
1425 2105 1534 2159 τῶν
1584 2106 1751 2174 ἁγίων
1793 2106 2038 2174 ἀγγέλων
2085 2106 2119 2178 ἢ

564 2193 672 2248 τῶν
704 2194 911 2265 ἀνδρῶν
940 2194 1164 2250 δικαίων
1193 2195 1501 2263 ἀξιόπιστος
1525 2193 1612 2268 ἦν,
1639 2198 1735 2268 τὴν
1774 2201 1839 2252 ὲκ
1864 2197 1957 2251 τοῦ
1988 2197 2120 2251 Θεοῦ

565 2281 855 2354 προσώπου
899 2283 1205 2353 ὁρισθεῖσαν
1236 2285 1385 2356 αὐτῷ
1417 2287 1682 2358 τιμωρίαν
1711 2285 1900 2339 λῦσαν
1946 2288 1994 2340 εἰ
2049 2287 2122 2357 μὴ

565 2374 730 2438 αὐτὸς
761 2377 787 2427 ὁ
826 2374 994 2442 Λόγος
1037 2377 1065 2428 ὁ
1109 2376 1411 2448 συμπαρὼν
1454 2379 1547 2431 καὶ
1581 2381 1958 2451 συμπλάττων.
1989 2381 2124 2451 πρὸς

563 2465 622 2518 δν
649 2467 677 2518 ὁ
707 2465 913 2535 Πατὴρ,
947 2465 1294 2536 Ποιήσωμεν
1333 2468 1663 2535 ἄνθρωπον,
1696 2470 1822 2540 ἔφη,
1849 2471 1948 2523 οὐκ
1974 2470 2122 2534 ὄντος

565 2555 752 2626 ἑτέρου
801 2555 933 2608 Θεοῦ
966 2553 1057 2607 τοῦ
1093 2557 1456 2626 συμπλάττειν
1503 2559 1650 2629 αὐτῷ
1693 2560 2023 2630 δυναμένου;
2067 2561 2124 2615 ld

565 2655 648 2700 est
682 2662 696 2698 :
733 2644 865 2709 Quis
911 2649 1048 2698 enim
1094 2655 1242 2698 tanta
1271 2647 1529 2716 dignitate
1561 2651 1683 2716 fuit,
1715 2649 1792 2702 uel
1819 2659 2123 2722 sanctorum

567 2736 894 2806 angelorum,
925 2735 1002 2789 vel
1024 2737 1292 2804 justorum
1323 2739 1573 2801 virorum,
1595 2740 1686 2808 qui
1709 2740 2028 2794 destinatum
2059 2755 2124 2795 ea:

563 2841 786 2894 persona
815 2825 906 2880 Dei
932 2826 1127 2879 homini
1151 2827 1462 2896 supplicium
1490 2830 1728 2894 solveret,
1762 2831 1864 2884 nisi
1902 2830 2122 2885 Verbum

565 2919 758 2980 solum,
783 2917 918 2988 quod
949 2935 1054 2971 una
1085 2918 1190 2972 Deo
1223 2919 1428 2984 aderat,
1461 2931 1510 2974 et
1537 2938 1643 2975 una
1688 2939 1804 2976 cum
1832 2923 1926 2978 illo
1964 2925 2123 2993 e/Tor-

565 3009 744 3062 mabat
773 3008 1072 3062 hominem:
1104 3009 1171 3062 ad
1204 3026 1354 3080 quem
1399 3010 1561 3064 Pater
1592 3011 1834 3068 dicebat:
1870 3031 1888 3063 t
1927 3012 2123 3068 Facia-

2224 547 2353 602 tiam
2385 546 2619 603 Verbum
2655 545 2824 604 fuisse
2865 557 3090 601 narrant
3125 545 3356 600 Basilius
3384 552 3440 598 et
3471 540 3788 595 Theodore-

2221 649 2330 703 tus,
2382 657 2449 696 ne
2493 641 2660 696 semel
2700 641 2916 710 quidem
2976 650 3240 695 memorat
3286 637 3559 692 Eusebius
3606 633 3786 690 Caesa-

2219 733 2417 787 riensis
2446 751 2459 786 :
2493 733 2634 786 unde
2677 734 2854 802 palam
2900 733 2972 788 sit
3020 733 3074 786 in
3125 731 3264 786 libro
3308 729 3549 784 Marcelli
3601 739 3786 782 contra

2219 824 2485 878 Asterium
2516 823 2649 879 nihil
2670 825 2982 894 huiusmodi
3007 823 3402 895 deprehensum
3428 837 3571 877 esse.

2216 938 2303 990 Ill.
2328 939 2404 990 An
2423 937 2607 993 dixerit
2625 939 2837 990 Verbum
2869 952 3209 1051 ἀῖιννῇτονβεςθ,
3235 944 3289 988 et
3307 935 3488 989 Filium
3508 951 3608 988 non
3633 936 3788 986 fuisse

2825 1017 2886 1051 an
2911 1015 2939 1051 e
3007 1015 3169 1051 artam.

2825 1015 2939 1052 ante
2961 1015 3169 1051 matiam.

2287 1106 2367 1161 Ad
2387 1107 2500 1162 haec
2517 1106 2768 1162 Marcello
2790 1107 3004 1161 crimini
3027 1108 3116 1161 dat
3140 1106 3430 1166 Eusebius,
3459 1104 3606 1175 quod
3631 1103 3786 1158 dixe-

2218 1200 2310 1265 rit,
2343 1197 2578 1253 Verbum
2623 1198 2918 1269 ingenitum
2950 1213 3070 1254 esse
3102 1214 3167 1254 ac
3207 1205 3338 1254 tunc
3365 1199 3539 1252 solum
3585 1194 3786 1250 Filium

2219 1289 2314 1345 Dei
2348 1289 2548 1344 factum
2577 1289 2764 1353 fuisse,
2795 1306 2918 1345 cum
2939 1305 3154 1346 carnem
3174 1290 3472 1360 assumpsit
3490 1305 3554 1344 ex
3586 1288 3785 1342 Maria.

2219 1380 2419 1438 Verum
2442 1397 2547 1436 non
2574 1390 2659 1438 sat
2689 1383 2791 1437 sibi
2822 1392 3071 1438 constare
3095 1383 3311 1438 videtur
3331 1381 3630 1437 Eusebius:
3653 1395 3787 1434 nam

2220 1472 2273 1527 in
2305 1472 2574 1542 excerptis
2618 1471 2855 1529 Marcelli
2901 1490 3021 1544 quae
3053 1473 3225 1540 aﬂ‘ert,
3256 1490 3455 1529 nomen
3506 1472 3691 1528 Patris
3734 1482 3788 1526 et

2218 1562 2364 1627 Filii,
2423 1564 2601 1620 Patris
2659 1565 2786 1620 item
2831 1575 2886 1621 et
2939 1564 3139 1629 Verbi,
3189 1567 3352 1621 etiam
3389 1582 3486 1636 pro
3539 1574 3788 1636 tempore

2221 1656 2549 1710 creationem
2593 1655 2942 1712 antecedente
2970 1658 3171 1726 passim
3202 1665 3526 1727 usurpatum
3554 1656 3784 1721 videas;

2225 1747 2327 1801 sub
2358 1747 2569 1800 initium
2599 1761 2730 1816 ergo
2760 1747 2854 1801 lib.
2896 1763 2936 1813 ι,
2975 1763 3029 1817 p.
3065 1747 3099 1801 4
3127 1755 3181 1803 et
3207 1749 3260 1811 5,
3294 1748 3437 1802 hanc
3462 1748 3617 1804 effert
3642 1747 3787 1801 Mar-

2225 1838 2346 1893 celli
2371 1839 2692 1892 sententiam
2720 1857 2734 1890 :
2765 1839 2933 1908 Λόγον
2973 1841 3133 1894 αὐτὸν
3166 1841 3324 1911 μόνον
3354 1843 3529 1905 διδοὺς
3567 1839 3787 1912 ἡνωμέ-

2223 1944 2313 1981 νον
2342 1926 2419 1997 τῷ
2445 1927 2560 1998 Θεῷ
2580 1945 2593 1957 ·
2626 1929 2718 1982 καὶ
2759 1930 2915 1983 τοῦτο
2957 1925 3097 1985 εἶναι
3139 1933 3305 1986 ἀΐδιον
3350 1933 3443 1986 καὶ
3469 1933 3787 2005 ἀγέννητον,

2223 2019 2281 2072 ἓν
2303 2037 2362 2073 τε
2391 2016 2528 2073 εἶναι
2556 2022 2650 2075 καὶ
2677 2023 2838 2076 αὐτὸν
2863 2023 2941 2094 τῷ
2971 2022 3110 2095 Θεῷ,
3143 2025 3366 2096 ὀνόμασι
3394 2026 3490 2096 μὲν
3509 2026 3788 2097 διαφόροις

2224 2114 2434 2181 Πατρὸς
2479 2113 2572 2166 καὶ
2619 2114 2750 2168 Υἱοῢ
2794 2116 3212 2187 χρηματίζοντα,
3246 2118 3402 2190 οὐσίᾳ
3440 2119 3497 2172 δὲ
3533 2121 3628 2173 καὶ
3664 2122 3786 2174 ὐπο-

2226 2207 2407 2260 στάσει
2437 2207 2494 2259 ἓν
2525 2206 2672 2261 ὄντα.
2710 2207 2762 2263 Id
2794 2216 2910 2265 est:
2950 2207 3128 2277 Ipsum
3160 2213 3520 2267 tantummodo
3561 2212 3790 2267 Verbum

2222 2313 2334 2351 esse
2362 2298 2664 2358 concedens,
2694 2298 2798 2354 Deo
2829 2302 3032 2354 unitum
3056 2317 3074 2354 :
3095 2302 3364 2372 ipsumque
3394 2312 3651 2358 teternum
3676 2321 3790 2359 esse

2223 2397 2271 2442 et
2316 2389 2639 2458 ingenitum;
2692 2407 2952 2461 unumque
3001 2409 3110 2446 esse
3136 2409 3253 2445 cum
3306 2394 3436 2456 Deo,
3485 2397 3790 2449 nominibus

2221 2479 2429 2550 quidem
2460 2481 2679 2536 diversis
2735 2481 2915 2537 Patris
2967 2493 3016 2538 et
3069 2483 3199 2538 Filii
3245 2496 3506 2546 uocatum.
3555 2490 3790 2542 essentia

2223 2588 2341 2628 vero
2381 2584 2430 2627 et
2467 2573 2734 2643 hypostasi
2787 2591 2968 2629 unum.
3011 2579 3070 2631 In
3123 2577 3356 2633 Marcelli
3393 2583 3666 2650 excerptis
3721 2582 3793 2637 ab

2223 2660 2459 2717 Eusebio
2491 2663 2690 2727 allatis,
2724 2679 2938 2734 semper
2964 2668 3053 2722 ille
3095 2667 3267 2725 Patris
3289 2679 3343 2726 et
3368 2669 3532 2726 Verbi
3562 2673 3792 2728 nomine

2222 2753 2396 2806 utitur
2440 2771 2452 2807 :
2503 2753 2646 2808 unde
2703 2755 2915 2809 videtur
2975 2755 3242 2814 Eusebius
3295 2775 3362 2816 ex
3425 2764 3791 2832 consequenti

2224 2849 2433 2897 tantum
2463 2844 2603 2898 hanc
2633 2844 2860 2901 haeresin
2889 2847 3140 2904 Marcello
3170 2849 3444 2907 allinxisse
3475 2871 3488 2906 :
3525 2853 3790 2908 nimirum

2223 2935 2304 2991 sic
2335 2935 2424 2990 ille
2457 2935 2773 3006 frequenter
2799 2939 2854 2992 in
2878 2940 3030 2995 libris
3061 2953 3246 2996 contra
3278 2943 3593 2998 Marcellum
3624 2961 3790 3016 argu-

2223 3035 2409 3082 tatur:
2452 3028 2507 3083 Si
2553 3028 2788 3085 Verbum
2836 3039 2918 3087 est
2955 3033 3141 3096 ἀΐδιον,
3190 3037 3613 3106 sempiternum,
3663 3039 3790 3094 inde

564 3115 680 3154 mus
729 3099 988 3154 hominem
1041 3103 1110 3154 ad
1156 3102 1435 3172 imaginem
1482 3113 1531 3156 et
1580 3103 1974 3157 similitudinem
2022 3122 2120 3160 no-
2149 3133 2195 3198 ο
2224 3119 2471 3189 sequitur
2511 3135 2618 3173 ηοη
2655 3119 2824 3175 fuisse
2857 3124 3098 3192 genitum
3130 3143 3142 3180 ε
3176 3099 3473 3196 nam-quod
3520 3099 3783 3198 είέηίηπ,

564 3200 730 3244 stram
755 3205 774 3242 :
807 3208 824 3240 ι
853 3205 969 3243 cum
999 3207 1100 3245 non
1129 3203 1260 3246 esset
1294 3193 1430 3247 alius
1457 3192 1956 3262 Deus,quicumillo
1969 3197 2123 3264 θίγοι·-

565 3299 707 3336 mare
735 3286 950 3351 posset?
977 3282 1115 3338 Hinc
1134 3283 1264 3338 mihi
1297 3285 1514 3355 planum
1547 3286 1781 3352 videtur,
1811 3286 2122 3343 Marcellum

562 3376 970 3431 distinctionem
1023 3377 1163 3431 inter
1189 3376 1404 3432 Patrem
1449 3385 1504 3432 et
1529 3376 1768 3434 Verbum
1812 3379 2120 3448 admisisse,

563 3474 726 3538 atque
762 3469 926 3522 alium
977 3475 1030 3522 et
1066 3468 1230 3521 alium
1283 3469 1624 3524 existimasse
1655 3488 1670 3524 :
1704 3485 1981 3540 unumque
2030 3487 2120 3526 so-

562 3559 839 3614 lummodo
871 3574 1136 3629 negasse;
1166 3558 1413 3615 videlicet
1436 3558 1672 3615 Verbum
1701 3561 1869 3616 alium
1894 3577 1924 3616 a
1959 3562 2122 3620 Patre

561 3649 730 3705 Deum
755 3665 896 3712 esse.
932 3650 1201 3720 aliamque
1230 3650 1590 3705 substantiam
1617 3652 1887 3709 obtinere.
1920 3654 2118 3710 Verum

563 3741 852 3808 Eusebius,
889 3743 1002 3812 qui,
1037 3743 1115 3797 uti
1151 3743 1286 3797 alias
1314 3751 1795 3800 commonstratum
1823 3753 1927 3811 est,
1957 3748 2120 3802 aliam

561 3849 592 3888 a
621 3842 846 3905 paterna
877 3835 1149 3896 deitatem,
1182 3833 1449 3902 aliamque
1479 3834 1834 3891 substantiam
1861 3838 1917 3892 in
1938 3836 2120 3895 Verbo

561 3926 865 3988 constituit,
914 3941 978 3979 ex
1021 3926 1375 3994 consequenti
1417 3925 1728 3982 Marcellum
1782 3929 2120 3986 damnaverit

561 4033 788 4072 necesse
813 4025 916 4078 est,
948 4018 1038 4086 qui
1073 4016 1358 4070 adversam
1405 4016 1532 4072 huic
1571 4019 1876 4087 opinionem
1916 4037 2119 4091 propu-

561 4117 691 4177 gnat
723 4126 735 4160 :
769 4106 913 4177 quod
947 4122 1072 4161 vero
1106 4107 1290 4175 adjicit
1315 4105 1626 4162 Marcellum
1655 4119 1864 4180 putare,
1900 4110 2112 4167 Patrem

562 4208 617 4254 et
646 4199 881 4255 Verbum
912 4217 1077 4254 unum
1103 4208 1156 4254 et
1186 4200 1322 4255 idem
1358 4214 1502 4265 esse,
1541 4203 1780 4271 solisque
1809 4205 2116 4261 nominibus

563 4291 856 4361 distingui;
891 4292 942 4345 id
972 4290 1060 4344 ille
1093 4305 1198 4344 non
1239 4305 1302 4345 ex
1334 4293 1639 4362 perspicuis
1680 4294 1918 4351 Marcelli
1951 4295 2115 4352 dictis

561 4383 878 4454 comprobat
908 4401 920 4437 :
954 4382 1046 4438 sed
1098 4383 1223 4452 quia
1251 4385 1502 4445 aestimat,
1546 4383 1759 4440 Patrem
1790 4396 1845 4442 et
1877 4385 2112 4442 Verbum

560 4477 606 4530 si
637 4491 778 4530 unus
808 4483 861 4530 et
891 4473 1028 4528 idem
1053 4488 1278 4528 numero
1311 4474 1450 4530 Deus
1482 4476 1574 4540 sit,
1599 4492 1764 4530 unum
1797 4478 1960 4533 etiam
1994 4495 2114 4535 esse
2146 4464 2190 4520 D

560 4566 858 4622 secundum
907 4563 1041 4617 alias
1086 4578 1274 4618 omnes
1304 4565 1563 4628 rationes,
1613 4565 1684 4619 ita
1721 4577 1778 4620 ut
1820 4568 1966 4622 nulla
2001 4570 2114 4622 dis-

559 4660 754 4713 tinctio
795 4656 1261 4726 deprehendatur;
1315 4656 1436 4710 ideo
1482 4656 1814 4721 Marcellum,
1873 4661 1964 4728 qui
2008 4660 2112 4714 Pa-

559 4755 693 4802 trem
720 4756 773 4802 et
801 4745 1036 4801 Verbum
1060 4762 1224 4801 unum
1256 4745 1422 4801 Deum
1451 4763 1720 4818 unamque
1747 4751 2111 4806 substantiam

559 4856 680 4896 esse
711 4839 968 4904 defendit,
1017 4841 1222 4894 nullam
1267 4840 1488 4895 omnino
1521 4840 1624 4896 nisi
1669 4843 1946 4896 nominum
2001 4844 2113 4899 dis-

558 4934 869 4988 tinctionem
903 4936 1185 4993 admittere
1216 4937 1513 4992 contendit.
1566 4935 1622 4990 Si
1656 4952 1780 4992 vero
1819 4938 2106 4997 Marcellus

557 5043 682 5081 vere
709 5026 1109 5083 distinctionem
1140 5030 1280 5084 inter
1308 5029 1518 5086 Patrem
1568 5042 1621 5086 et
1663 5031 1899 5088 Verbum
1935 5034 2112 5090 admi-

558 5120 707 5182 serit,
737 5119 860 5172 binc
889 5121 1121 5188 explices
1167 5125 1311 5177 illam
1357 5124 1450 5180 Dei
1511 5122 1687 5182 Patris
1730 5127 2104 5184 dilatationem

555 5221 609 5266 et
651 5213 1044 5277 extensionem,
1093 5230 1250 5283 quam
1285 5215 1591 5272 Marcellum
1622 5218 1875 5276 docuisse
1912 5223 2106 5277 testiﬁ-

555 5311 778 5359 cantur:
804 5302 1061 5373 dicasque
1083 5305 1126 5358 si
1147 5321 1268 5360 vere
1290 5306 1572 5364 Marcellus
1595 5311 1666 5364 ita
1691 5311 1906 5376 dixerit,
1929 5313 2105 5382 ipsum

554 5393 639 5448 his
665 5396 886 5449 vocibus
929 5396 1062 5449 nihil
1093 5396 1238 5450 aliud
1284 5397 1631 5459 intellexisse.
1662 5418 1825 5471 quam
1850 5406 2106 5461 emissio-

555 5497 678 5535 nem
719 5481 837 5537 Filii
868 5484 936 5536 ad
980 5486 1306 5538 creationem
1352 5489 1705 5558 peragendam
1741 5511 1753 5545 :
1791 5509 1952 5562 quam
2001 5495 2105 5551 SS.

552 5569 742 5627 Patres
771 5575 968 5642 passim
1000 5575 1329 5644 exprimunt.
1373 5575 1523 5630 lianc
1566 5593 1695 5634 vero
1725 5581 2097 5641 dilatationem

607 5729 642 5798 ,⁸
677 5727 845 5785 Exod.
877 5748 954 5792 ιιι,
985 5733 1066 5786 Μ.
1144 5737 1163 5765 ³
1189 5733 1318 5790 Gen.
1348 5751 1387 5798 ι,
1418 5733 1508 5788 26.

2224 3210 2492 3278 posterius
2543 3217 2627 3264 est
2671 3210 2764 3264 illo
2812 3212 2905 3280 qui
2935 3214 3124 3283 gignit,
3173 3231 3402 3286 vereque
3441 3217 3647 3271 dicitur
3677 3233 3784 3270 non

2223 3299 2392 3356 fuisse
2416 3307 2706 3371 antequam
2741 3303 3070 3372 gigneretur,
3104 3315 3264 3376 atque
3306 3309 3442 3363 adeo
3469 3310 3642 3364 ἀΐδιον
3670 3312 3785 3369 sive

2223 3397 2610 3466 sempiternum
2639 3412 2761 3452 csse
2783 3399 2987 3468 nequit.
3015 3401 3149 3454 Cum
3177 3417 3306 3472 ergo
3328 3402 3616 3459 Marcellus
3639 3406 3784 3461 dicat

2223 3485 2458 3541 Verbum
2507 3500 2629 3542 esse
2678 3488 2848 3542 ἀΐδιον
2905 3491 3021 3544 sive
3073 3495 3481 3562 sempiternum,
3530 3511 3641 3550 non
3693 3513 3785 3566 ge-

2222 3576 2394 3630 nitum
2427 3577 2596 3634 fuisse
2627 3583 2816 3635 credat
2861 3590 3094 3652 oportet.
3139 3582 3230 3638 Sic
3280 3585 3367 3641 ille
3397 3602 3520 3641 cum
3561 3588 3782 3645 Arianis

2221 3667 2481 3736 loquitur,
2515 3685 2625 3724 non
2657 3671 3092 3730 animadvertetis
3127 3691 3233 3730 non
3271 3678 3442 3748 magis
3473 3695 3784 3751 repugnare

2221 3759 2438 3816 Patrem
2473 3763 2540 3815 ab
2567 3769 2770 3817 aeterno
2802 3765 3040 3835 gignere,
3075 3783 3236 3837 quam
3271 3770 3338 3824 ab
3369 3777 3571 3826 aeterno
3615 3789 3780 3829 esse:

2220 3867 2320 3907 nec
2367 3854 2824 3922 posterioritatem
2879 3858 3043 3911 ullam
3074 3860 3334 3928 temporis
3385 3861 3437 3916 in
3489 3861 3782 3918 Filioinde

2221 3942 2428 4009 inferri,
2464 3946 2609 4015 quod
2638 3948 2889 4017 gignatur
2917 3968 2929 4002 :
2963 3965 3085 4003 nam
3109 3966 3229 4006 esse
3256 3962 3307 4006 et
3334 3955 3555 4023 gignere
3584 3955 3638 4008 in
3668 3955 3780 4008 Deo

2217 4033 2376 4091 Patre
2396 4036 2558 4092 simul
2587 4047 2713 4096 sunt
2741 4050 2793 4094 et
2816 4041 3205 4110 intelliguntur,
3224 4058 3323 4096 nec
3350 4045 3492 4098 aliud
3525 4046 3647 4101 sine
3669 4048 3779 4104 alio

2217 4142 2338 4183 esse
2367 4145 2604 4198 unquam
2649 4131 2858 4200 potuit;
2898 4139 3059 4201 atque
3098 4134 3232 4187 adeo
3281 4134 3476 4189 Filium
3507 4147 3777 4193 teternum

2217 4220 2440 4288 perinde
2484 4230 2645 4291 atque
2686 4220 2897 4276 Patrem
2943 4239 3082 4287 esse,
3118 4235 3174 4278 ut
3215 4241 3426 4296 semper
3470 4228 3657 4284 docuit
3685 4245 3780 4284 ca-

2216 4311 2415 4366 tholica
2429 4309 2691 4368 Ecclesia.
2719 4313 2872 4380 Quod
2899 4323 3075 4370 autem
3105 4326 3312 4387 spectat
3329 4319 3392 4372 ad
3413 4335 3597 4374 vocem
3624 4322 3781 4389 ἀγέν-

2216 4417 2394 4470 νητον,
2431 4419 2532 4457 non
2553 4405 2802 4474 genitum,
2836 4421 2997 4474 quam
3028 4405 3207 4462 Verbo
3235 4410 3433 4464 ascribi
3461 4426 3488 4464 a
3519 4409 3780 4466 Marcello

2222 4493 2540 4548 testificatur
2587 4494 2873 4560 Eusebius,
2920 4497 3030 4551 duo
3059 4499 3402 4568 potissimum
3439 4509 3566 4555 sunt
3596 4505 3782 4557 consi-

2221 4585 2462 4640 deranda
2495 4605 2508 4640 :
2540 4588 2716 4656 primo
2743 4588 2959 4658 quidem
3007 4607 3113 4644 non
3159 4592 3345 4647 haberi
3386 4594 3530 4648 illam
3575 4597 3632 4650 in
3677 4612 3779 4652 ex-

2221 4678 2422 4746 cerptis
2471 4678 2710 4734 Marcelli
2745 4696 2864 4751 qua:
2895 4681 3047 4736 affert
3091 4681 3392 4751 Eusebius;
3440 4686 3668 4754 proinde
3695 4692 3780 4739 vi-

2220 4769 2336 4823 deri
2365 4786 2432 4824 ex
2474 4772 2787 4841 conjectura
2816 4784 2869 4829 et
2897 4778 3278 4846 consequentia
3315 4777 3566 4833 Marcello
3599 4783 3780 4836 ascri-

2219 4869 2365 4930 ptam
2416 4859 2605 4926 fuisse,
2644 4863 2768 4932 quia
2809 4865 3054 4920 videlicet
3105 4884 3173 4922 ex
3224 4867 3439 4924 Eusebii
3483 4872 3780 4928 ratiocinio

2219 4953 2468 5023 superius
2497 4955 2679 5019 allato,
2714 4956 2854 5025 quod
2883 4957 3050 5011 citam
3094 4959 3210 5014 sive
3239 4966 3497 5014 aeternum
3527 4970 3636 5022 est,
3668 4979 3776 5018 non

2217 5052 2393 5113 potest
2437 5061 2556 5100 esse
2600 5048 2861 5117 genitum.
2915 5047 3163 5104 Secundo
3209 5059 3388 5106 autem
3433 5061 3646 5106 certum
3695 5061 3777 5109 est

2216 5137 2444 5192 Arianos
2486 5138 2540 5192 in
2572 5140 2798 5195 vocibus
2839 5141 3117 5213 ἀγένητον,
3154 5159 3256 5197 non
3286 5144 3505 5212 factum,
3530 5154 3586 5200 et
3612 5148 3775 5215 ἀγέν-

2215 5245 2392 5299 νητον,
2440 5247 2538 5284 non
2561 5233 2810 5302 genitum,
2863 5250 3077 5304 semper
3103 5236 3320 5299 lusisse,
3364 5245 3424 5290 ut
3469 5238 3774 5294 sexcenties

2216 5319 2356 5388 apud
2385 5320 2739 5376 Athanasium
2771 5324 3046 5378 observes.
3082 5323 3239 5391 Nam,
3272 5327 3398 5395 quia
3431 5323 3594 5384 Pater
3623 5330 3772 5384 solus

2214 5409 2524 5482 ἀγέννητος,
2575 5416 2688 5468 sive
2724 5431 2826 5467 non
2860 5417 3082 5485 genitus,
3117 5427 3222 5483 est,
3274 5419 3568 5476 fatentibus
3607 5423 3771 5476 etiam

2214 5502 2539 5570 Catholicis;
2589 5506 2663 5558 illi
2705 5523 2833 5562 voce
2860 5510 3150 5582 ἀγέννητος
3187 5519 3243 5565 et
3283 5512 3544 5584 ἀγένητος
3577 5513 3776 5583 promi-

2215 5608 2344 5649 scue
2387 5604 2439 5650 et
2486 5596 2710 5653 subdole
2769 5605 2998 5662 utentes,
3032 5599 3228 5656 Filium
3269 5618 3375 5658 non
3414 5619 3538 5660 esse
3585 5604 3774 5674 ἀγένη-
