4038 6288
311 341 331 394 i
344 340 446 394 9.89

1567 345 1910 403 MARCELLI
1949 347 2320 405 ANCYRANI.

3410 365 3432 420 I
3442 365 3545 423 9.90

308 474 401 510 τον
446 455 561 512 sive
595 473 700 512 non
731 456 956 526 factum,
990 465 1154 531 alque
1195 459 1332 516 adeo
1374 459 1572 516 factum
1605 475 1658 518 et
1689 463 1880 518 condi-
1909 471 1956 524 A
1984 464 2074 521 ille
2103 481 2135 522 a
2158 467 2427 522 catholica
2454 466 2705 523 doctrina
2737 467 3074 538 deflectebat,
3111 480 3170 525 ut
3195 474 3546 543 conspicuum

311 557 426 604 tum
467 549 638 606 fuisse
685 549 959 606 dicebant.
1008 551 1208 607 Eadem
1262 566 1392 608 vero
1439 555 1652 612 ratione
1699 556 1878 627 potuit

311 641 582 698 Eusebius
625 640 881 698 Marcello
915 643 983 698 de
1033 642 1171 698 Filio
1224 644 1469 714 loquenti
1500 662 1687 703 vocem
1716 648 1878 717 ἀγέν-

309 750 490 805 νητον,
535 735 651 790 sive
699 737 1062 806 non-genitum
1102 734 1394 806 aﬂingere;
1445 739 1538 809 qui
1595 741 1877 813 ἀγένητον,

311 829 427 883 sive
458 827 793 897 non-factum
836 829 1083 886 dixisset.
1128 831 1194 886 Et
1222 846 1355 887 sane
1383 831 1477 902 qui
1508 848 1633 888 vere
1661 832 1877 890 Patrem

309 925 364 972 et
404 918 602 974 Filium
634 919 689 973 in
719 918 989 977 Trinitate
1035 920 1296 988 admittit,
1327 930 1388 977 ut
1440 921 1751 992 Marcellus,
1782 942 1878 997 ge-

311 1012 644 1066 nerationem
676 1012 927 1066 admittat
952 1029 1174 1069 necesse
1213 1024 1328 1081 est;
1375 1029 1548 1086 neque
1583 1025 1759 1088 potest
1791 1017 1876 1070 di-

309 1117 432 1158 cere
456 1101 654 1156 Filium
685 1119 808 1160 esse
835 1105 1126 1178 ἀγέννητον
1161 1110 1273 1164 sive
1301 1111 1686 1180 non-genitum.

309 1210 390 1261 ιν.
414 1211 510 1279 Cur
547 1215 677 1279 dicat
706 1215 919 1279 Verbum
963 1224 1073 1279 post
1111 1221 1493 1271 incarnationem
1539 1227 1727 1272 tantum
1765 1237 1876 1273 esse

428 1276 690 1337 imaginem
715 1278 811 1327 Dei
835 1285 888 1326 et
918 1276 1296 1344 primogenitum
1318 1283 1477 1333 omnis
1498 1291 1752 1335 creaturae.

375 1378 576 1449 Adjicit
641 1380 910 1438 Eusebius
970 1384 1176 1442 dixisse
1227 1387 1574 1456 Marcellum,
1638 1390 1876 1446 Verbum

308 1477 438 1525 tunc
464 1473 640 1527 solum
677 1473 968 1545 imaginem
999 1475 1092 1532 Dei
1128 1479 1418 1539 invisibilis
1447 1493 1504 1540 et
1546 1485 1876 1556 primogeni-

307 1571 423 1618 tum
470 1566 647 1620 omnis
694 1579 958 1624 creaturae
995 1570 1203 1627 factum
1257 1574 1450 1640 fuisse,
1487 1591 1614 1631 eum
1656 1593 1876 1633 carnem

307 1657 622 1726 assumpsit.
641 1655 766 1712 Haec
797 1675 925 1715 vero
951 1661 1151 1717 diserte
1172 1663 1334 1720 habet
1357 1665 1642 1721 Marcellus
1658 1665 1735 1738 (p.
1751 1667 1874 1735 24):

308 1746 634 1819 Consequens
681 1765 792 1804 esse
839 1752 1071 1808 arbitror
1112 1756 1294 1825 paucis
1329 1759 1391 1810 de
1444 1758 1670 1827 imagine
1719 1759 1880 1813 disse-

307 1854 450 1904 rere;
490 1842 700 1910 scripsit
734 1845 873 1896 enim
923 1843 1212 1919 [Asterius]
1241 1866 1254 1902 :
1279 1848 1433 1903 Alius
1481 1859 1657 1904 autem
1699 1861 1777 1904 est
1813 1834 1950 1905 ω’Ῑῖ

307 1933 418 2000 ipso
448 1935 673 2003 genitus,
705 1938 794 2005 qui
822 1945 899 1991 est
940 1939 1110 2010 imago
1146 1939 1241 1994 Dei
1269 1941 1567 1996 invisibilis.
1596 1942 1724 1998 Ideo
1750 1945 1880 1999 ima-

305 2024 440 2092 ginis
487 2024 588 2080 Dei
634 2027 912 2083 invisibilis
957 2033 1194 2085 meminit
1242 2033 1517 2100 Asterius,
1567 2044 1626 2088 ut
1667 2037 1872 2100 doceat,

307 2113 472 2167 Deum
523 2132 557 2169 a
608 2115 774 2172 Verbo
835 2130 1038 2174 tantum
1089 2123 1338 2192 diﬁ'erre,
1395 2136 1651 2194 quantum
1696 2127 1876 2198 ili/fert

215 2245 220 2249 .
305 2207 456 2262 homo
481 2208 545 2262 ab
569 2209 922 2280 imaginesua.
949 2213 1015 2267 Et
1038 2217 1316 2272 nonnullis
1338 2218 1644 2288 interjectis
1678 2221 1865 2277 addit:

303 2297 498 2352 Palam
524 2301 686 2370 igitur
712 2314 811 2367 est,
847 2304 1089 2373 Verbum,
1112 2317 1393 2377 antequam
1421 2326 1608 2381 corpus
1635 2323 1873 2370 nostrum

303 2390 690 2458 assumpsisset,
723 2407 813 2460 per
835 2411 890 2448 se
914 2411 1014 2448 non
1043 2398 1306 2452 exstitisse
1323 2399 1604 2470 imaginem
1634 2404 1873 2459 invisibi-

302 2483 371 2534 lis
399 2480 515 2535 Dei.
547 2481 684 2547 Quia
713 2484 878 2555 igitur
905 2487 1092 2543 Ariani
1131 2489 1236 2545 hoc
1263 2489 1564 2562 Scriptura:
1594 2495 1737 2564 loco,
1772 2496 1872 2552 Est

299 2573 471 2644 imago
514 2573 953 2644 Dei-invisibilis,
1001 2580 1068 2634 ad
1110 2596 1266 2637 suam
1313 2585 1598 2641 tutandam
1637 2588 1868 2645 haeresin

299 2665 689 2734 abutebantur;
739 2669 1027 2728 Marcellus
1055 2683 1207 2731 ratus
1231 2677 1520 2748 imaginem
1550 2679 1644 2736 Dei
1678 2682 1871 2739 invisi-

297 2754 441 2820 bilis,
493 2759 760 2817 visibilem
808 2779 951 2830 esse,
979 2780 1080 2820 nec
1111 2781 1226 2822 rem
1265 2768 1590 2826 invisibilem
1619 2773 1871 2845 imaginis

298 2849 563 2905 rationem
601 2853 868 2917 obtinere,
902 2855 1048 2912 hunc
1079 2858 1259 2913 locum
1303 2860 1371 2916 de
1422 2860 1643 2920 Christo
1686 2867 1868 2922 incar-

297 2949 427 2994 nato
457 2937 529 2997 'et
563 2943 764 2999 visibili
817 2945 1048 3016 proferri
1093 2959 1317 3020 pugnat,
1352 2959 1413 3006 ut
1465 2952 1663 3010 Asterii
1707 2972 1870 3029 argu-

297 3040 481 3088 mento
514 3035 766 3092 obsistat.
798 3037 914 3094 Etsi
943 3054 1073 3096 vero
1106 3041 1196 3096 hic
1222 3039 1522 3114 Scriptum
1550 3047 1704 3104 locus
1727 3065 1862 3107 con-

295 3129 584 3197 gruentius
628 3132 800 3201 possit
828 3132 896 3187 ad
943 3135 1334 3204 argutationem
1368 3135 1697 3194 Arianorum
1732 3156 1863 3198 con-

293 3218 572 3276 futandam
627 3224 920 3292 explicari,
975 3241 1041 3282 eo
1088 3234 1270 3283 tamen
1304 3231 1526 3286 nomine
1573 3231 1862 3294 Marcellus
1891 3218 1933 3248 ι’

295 3326 405 3366 non
433 3314 637 3370 erroris
665 3317 1014 3374 accusandus
1056 3327 1161 3384 est,
1191 3320 1320 3376 dum
1348 3338 1418 3378 ne
1447 3323 1861 3384 similitudinem

294 3418 418 3481 cum
464 3403 625 3462 Patre
677 3409 990 3476 sustulerit;
1033 3411 1179 3481 quod
1227 3428 1296 3468 ne
1341 3415 1639 3473 credideris
1692 3419 1867 3475 admi-

296 3480 436 3553 sisse
470 3515 484 3551 :
518 3515 678 3555 nemo
721 3502 866 3556 enim
919 3518 1158 3572 unquam
1194 3502 1507 3562 Marcellum
1541 3510 1683 3566 inter
1713 3512 1864 3566 Ano-

294 3604 469 3646 minos
501 3594 857 3662 computavit.
890 3594 1024 3660 Quae
1052 3611 1183 3650 vero
1215 3597 1378 3654 fuerit
1407 3614 1471 3655 ea
1518 3601 1576 3655 in
1611 3617 1671 3658 re
1703 3605 1862 3674 plana

291 3690 346 3735 et
396 3683 684 3752 perspicua
739 3685 975 3741 Marcelli
1024 3691 1329 3755 sententia,
1382 3706 1448 3747 ex
1502 3695 1696 3763 paucis
1743 3713 1865 3768 qua:

293 3781 586 3843 supersunt
612 3777 904 3846 excerptis,
932 3779 1202 3848 expiscari
1234 3797 1342 3836 non
1379 3798 1674 3852 possumus
1700 3806 1714 3842 :
1736 3805 1862 3845 nam

292 3864 587 3920 verisimile
625 3876 710 3922 est
753 3866 1044 3923 Eusebium
1077 3870 1248 3924 multa
1287 3875 1538 3930 consulto
1568 3879 1809 3936 tacuisse
1845 3901 1858 3936 :

293 3965 504 4012 certum
547 3959 674 4014 item
719 3963 1221 4026 est,.narrantibus
1252 3967 1477 4037 synodis
1523 3967 1770 4028 Romana
1808 3982 1863 4030 ct

294 4049 629 4115 Sardicensi,
662 4052 1114 4109 loca'Eusebium
1147 4056 1376 4114 subdole
1403 4059 1782 4130 detruncasse,
1810 4074 1865 4122 et

293 4143 514 4198 mutilas
541 4147 841 4202 sententias
867 4147 1137 4211 attulisse,
1171 4157 1231 4204 ut
1264 4151 1476 4209 facilius
1515 4165 1702 4224 posset
1724 4157 1865 4212 Mar-—

293 4235 432 4290 cello
465 4235 581 4291 haec
613 4248 666 4292 et
686 4237 776 4292 illa
807 4253 906 4308 pro
937 4238 1160 4296 libidine
1199 4243 1332 4299 vitio
1359 4253 1591 4302 vertere.
1629 4246 1864 4306 Pariter-

292 4342 400 4398 que
447 4328 500 4382 in
555 4329 1008 4401 interpretatione
1055 4331 1188 4387 dicti
1235 4334 1420 4402 illius,
1471 4335 1862 4409 Primogenitus

290 4421 461 4474 omnis
492 4429 748 4476 creaturae
771 4422 811 4487 ³,
846 4422 1269 4490 nihilbatreseos
1287 4425 1681 4496 deprehendas.
1717 4430 1864 4497 Quo-

1980 565 2082 610 est.

1979 679 2036 728 V.
2061 679 2114 729 In
2135 681 2258 732 libro
2282 683 2498 736 Marcelli
2522 686 2642 736 nihil
2668 693 2838 749 aperte
2864 701 3124 738 erroneum
3161 689 3226 739 fui
3254 705 3310 741 se
3334 693 3546 744 videtur.

2053 781 2129 838 Ex
2160 785 2248 842 his
2279 803 2444 857 porro
2466 788 2671 860 liqueat
2701 791 2757 844 in
2783 790 3018 846 Marcelli
3051 801 3244 848 contra
3273 796 3547 852 Asterium

1978 876 2120 932 libro
2144 878 2281 934 nihil
2316 883 2522 938 erroris
2578 894 2672 937 aut
2709 883 2979 939 haeretica:
3009 887 3313 950 sententiae,
3363 898 3550 960 aperte

1979 969 2170 1024 saltem
2225 971 2625 1041 deprehensum
2662 973 2877 1030 fuisse:
2916 991 3041 1030 nam
3103 993 3225 1048 quae
3279 977 3547 1036 Eusebius

1980 1060 2158 1126 affert,
2186 1063 2255 1117 ad
2298 1078 2486 1120 sanam
2521 1066 2824 1122 doctrinam
2874 1069 3059 1124 reduci
3099 1069 3254 1125 facile
3293 1081 3545 1141 possunt.

1977 1150 2183 1217 Quodsi
2235 1155 2366 1225 quid
2417 1157 2643 1213 ulterius
2703 1167 2896 1227 praeter
2975 1168 3177 1214 rectam
3235 1163 3548 1232 Opinionem

1977 1243 2208 1299 dixisset
2254 1245 2578 1314 Marcellus,
2631 1249 2685 1303 id
2735 1265 2867 1304 sane
2918 1266 3024 1306 non
3078 1259 3548 1323 praetermissurus

1978 1347 2096 1391 erat
2129 1337 2416 1408 Eusebius,
2451 1344 2546 1412 qui
2574 1345 2628 1398 in
2655 1344 2966 1400 Marcellum
3016 1359 3324 1408 commotus
3346 1362 3400 1408 et
3434 1357 3550 1409 nul-

1980 1428 2086 1482 lam
2117 1446 2226 1486 non
2261 1435 2500 1491 sectatus
2533 1436 2760 1491 laedendi
2795 1439 2957 1501 viam,
2984 1455 3093 1494 non
3131 1443 3306 1497 solum
3340 1460 3402 1499 ea
3428 1462 3550 1517 quae

1979 1534 2102 1574 cum
2137 1521 2322 1578 colore
2355 1525 2546 1579 saltem
2575 1527 2760 1596 aliquo
2799 1527 2947 1596 carpi
2976 1535 3030 1581 et
3059 1531 3380 1598 reprehendi
3416 1550 3547 1604 pos-

1981 1617 2128 1676 sunt,
2161 1611 2258 1666 sed
2303 1612 2467 1667 etiam
2501 1630 2562 1669 ea
2598 1630 2719 1685 qua:
2769 1630 2900 1672 sana
2946 1624 3001 1672 et
3050 1623 3350 1677 orthodoxa
3393 1637 3544 1688 sunt,

1979 1704 2218 1774 exagitat
2248 1715 2302 1760 et
2337 1707 2629 1776 impietatis
2651 1718 2894 1766 accusat.
2923 1710 3058 1768 Cum
3087 1723 3267 1770 autem
3304 1719 3548 1788 synodus

1979 1795 2224 1851 Romana
2257 1799 2362 1853 sub
2400 1799 2543 1854 Julio
2583 1816 2728 1856 anno
2757 1803 2882 1867 542,
2926 1812 2981 1859 et
3017 1805 3361 1867 Sardicensis
3403 1826 3547 1866 anno

1981 1889 2105 1954 547,
2167 1890 2364 1944 librum
2419 1891 2691 1959 Marcelli,
2746 1897 3070 1952 examinatis
3133 1910 3186 1955 et
3231 1902 3547 1971 ponderatis

1979 1982 2288 2045 sententiis,
2316 1997 2499 2039 errore
2521 2000 2754 2041 vacuum
2785 1988 3204 2056 declaraverint,
3231 2011 3340 2048 non
3368 2004 3550 2066 potest

1978 2075 2034 2127 in
2070 2073 2310 2132 Marcelli
2363 2077 2558 2132 librum
2613 2083 2882 2136 sententia
2919 2085 3045 2139 dici.
3085 2086 3285 2141 Verum
3327 2089 3548 2145 aliunde

1978 2175 2128 2221 tanta
2149 2175 2234 2223 est
2257 2168 2499 2224 virorum
2525 2173 2842 2242 insignium,
2869 2177 2960 2245 qui
2987 2178 3274 2234 adversum
3302 2189 3545 2249 tuentur,

1976 2257 2296 2324 auctoritas,
2316 2268 2376 2314 ut
2397 2261 2488 2316 vix
2509 2278 2776 2320 excusare
2801 2265 3114 2324 Marcellum
3144 2271 3325 2326 liceat.
3351 2271 3549 2338 Quam-

1974 2346 2160 2404 obrem
2193 2351 2470 2418 existimo,
2504 2369 2615 2408 rem
2649 2357 2723 2410 ita
2757 2366 3089 2430 temperasse
3120 2362 3458 2430 Marcellum,
3487 2375 3548 2420 ut

1975 2437 2022 2492 si
2048 2439 2178 2510 quid
2217 2455 2398 2511 pravae
2430 2445 2704 2516 opinionis
2734 2449 2788 2504 in
2831 2451 2968 2506 libro
3001 2469 3102 2509 suo
3137 2455 3454 2519 inseruerit,
3490 2458 3545 2513 id

1973 2531 2262 2586 verborum
2302 2535 2625 2607 ambagibus
2667 2547 2720 2594 et
2760 2541 3175 2603 circuitionibus
3213 2546 3543 2614 involutum,

1972 2619 2133 2678 facile
2180 2627 2421 2694 potuerit
2476 2628 2533 2684 in
2591 2631 2788 2688 bonam
2839 2645 3047 2704 partem
3104 2637 3352 2708 deﬂecti;
3419 2656 3544 2696 cum

1973 2721 2153 2768 autem
2205 2716 2297 2772 ille
2354 2718 2410 2772 in
2466 2717 2829 2779 familiaribus
2879 2727 3168 2798 colloquiis
3203 2729 3269 2784 ad
3322 2747 3543 2801 pravam

1973 2806 2306 2862 sententiam
2342 2809 2490 2865 dicta
2539 2827 2641 2868 sua
2673 2815 2957 2884 derivarit,
2992 2819 3122 2876 hinc
3150 2822 3208 2877 in
3246 2823 3541 2878 multorum

1969 2895 2328 2956 offensionem
2356 2900 2683 2970 incurrisse,
2713 2917 2775 2962 ut
2804 2908 2946 2964 infra
2985 2912 3202 2968 dicitur.

2583 3017 2813 3074 CAPUT
2855 3021 2945 3077 IV.

1967 3139 2076 3181 Νυιι
2114 3143 2430 3187 ιιΑῐιοι-ςιιυε
2467 3148 2717 3190 ERROREM
2757 3153 2823 3190 DE
2864 3155 3036 3195 VERBO
3074 3159 3145 3198 ΕΤ
3184 3161 3326 3201 ι-Ἰιιο
3364 3162 3451 3199 DEI
3493 3163 3544 3201 IN

2057 3213 2298 3257 υεουιιειι
2333 3219 2474 3257 νιτΑε
2513 3219 2648 3259 VOCE
2688 3222 2788 3260 νει
2829 3224 3053 3266 SCRIPTO
3092 3230 3441 3272 TBADIDERIT.

1966 3309 2006 3363 I.
2044 3308 2375 3398 Meroe-llum.
2392 3311 2606 3398 Pliotini
2623 3316 2872 3398 discipuli
2897 3319 3112 3398 [twresis
3129 3327 3183 3380 in
3198 3333 3543 3398 suspicionem

2036 3379 2393 3470 adduxit.
2570 3379 2845 3470 colloquiis
2891 3392 3000 3460 ipse
3035 3379 3544 3470 erroiés'"§,3;r'i§3;'é

2033 3459 2272 3533 putatur.
2300 3452 2388 3533 Il_l.
2412 3452 2738 3533 titanasius
2768 3477 2885 3533 e_u_m
2907 3452 3003 3530 pro
3026 3452 3545 3533 suspecto,Dasilius

2033 3535 2153 3602 pro.
2171 3522 2415 3602 bteretico
2434 3525 2636 3602 habuit.
2670 3527 2756 3583 IV.
2777 3522 3064 3602 Marcellus
3101 3522 3152 3590 et
3203 3522 3544 3602 Marcelliani

2035 3593 2088 3644 in
2114 3591 2238 3662 ﬁdei
2265 3596 2680 3665 professionibus
2725 3601 2978 3657 cat/taliae
3026 3591 3329 3677 loquuntur.

1965 3702 2004 3752 Ι.
2052 3703 2336 3754 Marcellum
2379 3705 2577 3757 Photini
2615 3709 2843 3824 disicélipuilti
2883 3713 3084 3768 haeresis
3120 3719 3173 3768 in
3215 3725 3545 3784 suspicionem

2639 3786 2665 3820 a
2737 3788 2796 3823 ux
2846 3813 2859 3824 .

2639 3786 2859 3824 aGCIlIXIl.

2037 3869 2326 3926 Marcellus
2386 3875 2720 3945 synodorum
2783 3877 3042 3939 Romanae
3098 3895 3152 3941 et
3203 3887 3545 3951 Sardicensis

1961 3959 2174 4030 judicio
2201 3962 2508 4029 absolutus,
2543 3973 2604 4020 ut
2634 3967 2843 4025 dictum
2875 3980 2981 4038 est,
3006 3982 3282 4050 utcunque
3317 3983 3542 4050 sarcito,

1967 4054 2114 4122 quod
2149 4054 2206 4108 in
2248 4054 2392 4110 fama
2439 4057 2658 4125 tulerat,
2689 4060 3036 4132 detrimento,
3066 4067 3179 4138 jam
3232 4075 3545 4144 suspicione

1968 4142 2107 4199 liber
2145 4153 2201 4200 et
2247 4161 2457 4203 vacuus
2492 4149 2793 4207 videbatur.
2845 4153 3045 4213 Verum
3073 4175 3174 4215 nec
3198 4163 3291 4218 diu
3331 4142 3542 4236 postea,

1968 4237 2125 4292 novis
2147 4238 2307 4292 etiam
2336 4239 2744 4298 Catholicorum
2794 4251 3239 4310 accusationibus
3266 4256 3544 4329 impetitus

1967 4336 2072 4384 est.
2104 4329 2335 4387 Occasio
2367 4331 2472 4387 fuit
2515 4343 2703 4390 exorta
2749 4336 2968 4396 Photini
3012 4343 3278 4402 haeresis:
3311 4349 3360 4404 is
3396 4351 3542 4407 enim

1971 4420 2074 4476 sub
2131 4421 2372 4478 Marcelli
2425 4425 2712 4497 disciplina
2765 4430 3088 4503 institutus,
3140 4452 3204 4492 ac
3245 4439 3439 4497 deinde
3487 4443 3543 4499 in

292 4512 459 4578 circa,
487 4513 702 4578 sicille,
742 4516 1135 4570 sanctissimum
1184 4517 1327 4572 istud
1370 4518 1592 4574 Verbum
1633 4539 1737 4576 non
1775 4522 1864 4576 di-
1899 4533 1941 4587 ι)
1973 4513 2326 4576 Sirmiensem
2381 4519 2696 4592 episcopum
2753 4526 3020 4597 adleClUS.
3071 4547 3231 4601 quem
3282 4536 3544 4606 magistro

292 4605 506 4660 cebatur
567 4617 688 4662 ante
756 4609 1208 4676 incarnationem,
1254 4611 1632 4682 primogenitus
1694 4617 1863 4670 omnis

291 4707 568 4753 creaturae.
597 4697 738 4752 Nam
757 4700 1016 4770 quomodo
1038 4702 1157 4771 ﬁeri
1175 4712 1400 4771 poterat,
1434 4714 1486 4756 ut
1518 4705 1585 4769 is,
1614 4706 1703 4774 qui
1727 4724 1861 4760 sem-

291 4804 382 4855 per
427 4803 572 4856 erat,
614 4791 841 4861 alicujus
884 4801 1016 4846 esset
1061 4795 1491 4864 primogenitus?
1528 4795 1617 4850 sed
1654 4799 1864 4867 primus

290 4881 382 4935 ille
406 4898 567 4936 novus
596 4881 770 4946 homo,
810 4883 863 4937 in
891 4900 1046 4954 quem
1070 4889 1248 4938 omnia
1275 4885 1478 4940 volebat
1501 4886 1641 4942 Deus
1665 4889 1868 4943 instau-

292 4990 432 5039 rare,
465 4991 635 5028 sacra:
665 4973 958 5045 Scriptura:
984 4977 1388 5047 primogenitum
1415 4979 1585 5033 omnis
1609 4990 1868 5036 creatura:

295 5066 578 5133 appellant.
618 5065 884 5122 Nimirum
917 5067 1104 5121 Ariani
1140 5068 1241 5122 hoc
1289 5069 1517 5136 dictum,
1556 5073 1870 5143 primogeni-

294 5166 404 5209 tum
448 5158 614 5211 omm’s
657 5168 933 5224 creaturae,
966 5160 1034 5212 ad
1074 5175 1232 5214 suum
1263 5161 1331 5216 de
1364 5161 1544 5218 Verbo
1582 5163 1674 5218 Dei
1709 5172 1871 5220 tuen-

293 5246 421 5300 dum
475 5263 716 5304 errorem
764 5251 1101 5320 usurpabant
1137 5271 1150 5306 :
1184 5268 1250 5308 eo
1297 5255 1440 5308 enim
1490 5265 1870 5323 processerant

294 5336 586 5406 impietatis
621 5347 680 5392 ut
713 5338 979 5399 dicerent.
1012 5337 1258 5395 Verbum
1292 5341 1388 5395 Dei
1419 5341 1564 5396 inter
1596 5359 1683 5399 res
1711 5360 1866 5400 crea-

292 5437 377 5485 tas
421 5429 654 5500 primum
703 5446 843 5486 esse.
898 5430 1081 5498 Quare
1140 5431 1430 5490 Marcellus
1481 5436 1537 5490 in
1589 5436 1863 5494 hominem

293 5523 574 5579 Christum
601 5523 734 5578 dicti
759 5525 922 5592 hujus
954 5525 1459 5596 interpretationem
1494 5529 1777 5585 derivabat
1808 5543 1866 5587 ut

291 5615 493 5672 Asterii
538 5624 918 5687 argumentum
970 5618 1306 5688 depelleret;
1348 5638 1455 5692 qua
1514 5623 1569 5678 in
1620 5641 1678 5680 re
1731 5626 1865 5680 nihil

367 5771 386 5802 ³
427 5771 639 5828 Coloss.
669 5789 707 5836 I,
737 5773 823 5825 15.

613 5867 883 5928 Parum.
918 5867 1034 5929 Gn.
1074 5869 1298 5933 XVIII.

1972 4622 2073 4662 suo
2150 4611 2484 4680 ascripserat
2531 4612 2802 4673 Eusebius
2855 4635 3093 4676 errorem
3133 4624 3240 4679 late
3288 4641 3546 4698 spargere

1971 4701 2157 4770 coepit,
2184 4701 2460 4758 Christum
2495 4721 2601 4761 non
2645 4717 2771 4764 ante
2805 4719 2981 4766 ortum
3028 4731 3092 4770 ex
3127 4715 3294 4771 Maria
3325 4717 3546 4792 Virgine

1974 4791 2170 4846 Filium
2206 4792 2303 4849 Dei
2349 4795 2521 4852 fuisse
2559 4798 2860 4858 dictitans:
2895 4819 3065 4874 quare
3118 4807 3208 4864 ille
3256 4791 3446 4866 multis
3489 4830 3544 4867 ιιι

1975 4883 2200 4952 synodis
2222 4885 2512 4943 damnatus
2540 4888 2936 4963 abdicatusque
2961 4903 3045 4951 est
3073 4916 3085 4952 :
3125 4896 3192 4952 Et
3223 4899 3319 4955 hoc
3351 4919 3542 4972 ipsum,

1975 4975 2151 5046 inquit
2183 4976 2456 5048 Sulpicius
2486 4980 2740 5050 Severus,
2777 4983 3091 5043 Marcellum
3117 4995 3392 5062 gravabat,
3419 4999 3544 5066 quia

1975 5067 2234 5124 Photinus
2265 5071 2479 5126 auditor
2510 5074 2624 5141 eius
2649 5075 2815 5145 fuisse
2843 5079 2898 5132 in
2933 5080 3290 5139 adolescentia
3336 5087 3544 5140 videbu-

1975 5169 2080 5213 tur.
2114 5159 2380 5217 Haustum
2412 5179 2443 5217 a
2477 5163 2710 5221 Photino
2739 5183 2805 5222 ex
2829 5167 3065 5226 Marcelli
3109 5175 3420 5244 magisterio
3442 5193 3544 5232 er—

1975 5265 2153 5308 rorem
2199 5253 2569 5323 opinabantur
2617 5259 2818 5314 multi:
2858 5278 2982 5317 cum
3029 5267 3283 5326 maxime,
3318 5265 3443 5321 licet
3486 5267 3542 5322 in

1975 5359 2075 5398 suo
2107 5343 2369 5401 adversus
2402 5345 2678 5404 Asterium
2713 5351 2852 5408 libro
2879 5354 3147 5424 ejusmodi
3192 5355 3330 5410 nihil
3357 5366 3546 5426 aperte

1972 5437 2352 5509 proﬁteretur;
2383 5440 2566 5511 aliqua
2608 5451 2790 5499 tamen
2836 5453 3041 5508 essent,
3071 5461 3192 5515 qua:
3227 5447 3546 5503 viderentur

1972 5547 2093 5586 eam
2134 5534 2190 5587 in
2226 5541 2433 5604 partem
2471 5537 2830 5606 propendere.
2865 5536 3178 5607 lmportune
3222 5539 3390 5610 igitur
3423 5556 3544 5594 ma-

1971 5627 2146 5701 gistro
2186 5627 2410 5708 accidit,
2459 5636 2518 5682 ut
2562 5645 2726 5699 quam
2777 5631 2863 5684 ille
2911 5630 3216 5686 doctrinam
3258 5633 3546 5691 tradidisse

3195 5882 3266 5943 ιιι
