4038 6288
558 339 686 395 1291

1789 344 1879 400 DE
1908 338 2073 399 VITA
2110 342 2198 397 ET
2241 343 2561 400 SCRIPIIS

3624 360 3732 416 129?.

554 466 847 515 accusatus
891 458 1089 523 fverat,
1122 458 1366 513 eamdem
1398 456 1700 527 discipulus
1744 458 1922 527 palam
1946 458 2127 511 disse-
2158 462 2203 516 A
2230 454 2349 510 Non
2380 457 2552 511 alium
2588 472 2720 514 sane
2763 458 2966 513 libram
3012 460 3229 516 videtur
3261 476 3479 531 carpere
3507 468 3728 528 Basilius:

555 553 808 605 minaret.
874 548 1011 604 Hinc
1057 549 1244 603 multis
1303 556 1591 618 suspectus
1656 548 1944 603 Marcellus
2005 564 2127 604 esse

554 642 745 712 coepit,
776 640 919 711 quod
950 646 1209 711 putarent
1237 637 1531 693 Pbotinum
1556 654 1743 694 eorum
1774 639 2126 708 interpretem

509 725 514 730 ’
552 748 732 805 agere,
783 748 904 803 quae
951 731 1242 787 Marcellus
1290 731 1482 785 doctor
1530 730 1757 785 obscure
1803 736 1857 784 et
1900 729 2127 785 subdole

551 826 889 896 scripsisset.

784 937 846 987 ll.
871 936 926 985 In
947 937 1203 999 colloquiis
1226 948 1421 985 errores
1439 935 1675 997 sparsisse
1694 940 1907 997 putatur.

619 1041 737 1095 "Alia
772 1042 902 1096 item
925 1041 1216 1096 intervenit
1235 1038 1550 1109 suspicandi
1567 1038 1815 1106 occasio;
1835 1037 2123 1092 Marcellus

550 1134 700 1191 enim
719 1151 851 1189 nova
872 1132 1114 1205 quaedam
1139 1136 1374 1196 miscere,
1396 1142 1445 1186 et
1461 1131 1718 1202 ambiguis
1732 1130 2123 1200 prwdicationi~

551 1227 668 1291 bis,
713 1225 826 1295 ejus
866 1226 919 1279 in
952 1241 1109 1296 quam
1155 1224 1414 1279 Photinus
1450 1225 1642 1291 erupit,
1672 1222 1929 1276 doctrina:
1981 1224 2119 1277 viam

555 1333 782 1392 quwrere
808 1318 1154 1390 deprehensus
1198 1326 1275 1370 est
1304 1317 1403 1387 (i).
1437 1315 1611 1370 Homo
1636 1316 1837 1386 quippe
1867 1314 2119 1385 garrulus

549 1418 606 1466 et
634 1392 1077 1480 loquacissimus,
1129 1414 1190 1461 ut
1246 1406 1408 1461 habet
1468 1405 1757 1470 Eusebius,
1792 1412 1847 1458 et
1897 1420 1963 1459 ex
1997 1403 2118 1472 ejus

544 1518 669 1572 qua:
697 1507 994 1571 supersunt
1021 1498 1340 1569 fragmentis
1385 1495 1571 1551 videre
1598 1509 1703 1560 ρει,
1739 1495 1867 1549 dum
1898 1495 1953 1548 in
1989 1509 2120 1565 quo-

543 1594 769 1649 tidianis
825 1589 1254 1645 fabulationibus
1301 1596 1356 1643 et
1397 1588 1707 1656 colloquiis,
1730 1586 2021 1642 obscurius
2060 1586 2116 1640 in

543 1685 727 1740 libello
756 1684 957 1738 tradita
989 1683 1330 1752 explanaret,
1358 1681 1427 1735 ad
1450 1696 1568 1735 eam
1601 1695 1765 1750 quam
1809 1681 1863 1734 in
1896 1678 2116 1752 synodis

544 1777 791 1832 Romana
818 1784 873 1830 et
908 1772 1231 1828 Sardicensi
1252 1772 1654 1842 repudiaverat,
1686 1771 1999 1840 Opinionem
2029 1786 2117 1826 re—
2148 1801 2190 1855 Β

539 1868 726 1923 cidere
753 1866 890 1921 forte
906 1865 1360 1935 comperiebatur.
1397 1861 1535 1917 Hinc
1566 1863 1693 1926 late,
1724 1877 1818 1931 per
1836 1859 2113 1916 Orientem

539 1962 797 2026 maxime,
842 1975 1070 2030 sparsus
1121 1972 1310 2011 rumor
1342 1955 1658 2011 Marcellum
1690 1955 1855 2023 impie
1884 1953 1952 2008 de
1976 1952 2114 2008 Filio

539 2054 635 2109 Dei
658 2053 881 2116 sentire,
908 2049 1206 2120 eademque
1239 2050 1357 2118 ipsa
1395 2047 1593 2102 docere
1629 2060 1751 2115 qua:
1789 2046 1845 2099 in
1883 2045 2113 2100 Ariano-

536 2160 662 2198 rum
713 2140 1159 2197 accusationibus
1210 2138 1548 2193 ferebantur.
1606 2134 1724 2190 Non
1777 2150 1886 2189 una
1932 2144 2112 2190 tamen

535 2238 641 2293 fuit
673 2237 918 2292 omnium
956 2234 1024 2288 de
1056 2231 1311 2303 Marcello
1347 2229 1652 2294 sententia;
1691 2243 1840 2294 nam,
1875 2228 2110 2299 Epipha-

534 2331 628 2386 nio
668 2336 828 2391 teste,
877 2326 1032 2381 multi
1081 2340 1178 2396 pro
1230 2323 1487 2378 Marcello
1520 2322 1783 2389 stabant,-,
1808 2322 1863 2375 in
1907 2320 2114 2391 quibus

532 2423 800 2479 Paulinus
846 2419 1223 2475 Antiochenus
1280 2416 1574 2487 episcopus
1619 2433 1633 2469 :
1682 2414 1846 2484 idque
1893 2414 2109 2484 signum

532 2525 616 2572 cst
650 2514 1027 2575 manifestum,
1074 2525 1186 2566 non
1230 2510 1407 2580 palam
1451 2516 1505 2562 et
1550 2513 1737 2576 aperte
1796 2504 2108 2561 Marcellum

532 2608 696 2677 impia
723 2603 1019 2676 protulisse
1042 2602 1295 2672 dogmata
1315 2618 1330 2668 ;
1349 2599 1443 2655 sed
1467 2599 1542 2652 ita
1570 2598 1823 2669 perplexe
1843 2598 2107 2665 locutum,

532 2710 593 2756 ut
619 2699 748 2753 hinc
778 2697 1097 2767 opinionum
1143 2693 1288 2747 facta
1312 2692 1430 2747 ’sint
1466 2690 1731 2756 divortia;
1761 2690 1880 2745 aliis
1929 2690 2112 2745 catho-

530 2795 653 2856 lice,
684 2804 937 2862 perverse
975 2795 1029 2842 et
1075 2786 1238 2857 impie
1283 2785 1406 2840 aliis
1448 2784 1872 2864 sentirelvirum
1919 2791 2111 2854 putan-

530 2885 700 2939 tibus.

529 3016 615 3068 Ill.
640 3018 936 3070 Athanasius
975 3007 1094 3066 eum
1126 3020 1504 3127 prohiqsuqqcto,
1528 3015 1739 3065 Basilius
1762 3028 1851 3078 pro
1872 3016 2107 3065 haeretico

600 3161 794 3218 Gravis
832 3163 959 3216 item
985 3159 1241 3215 Marcello
1271 3161 1401 3216 hinc
1444 3170 1597 3231 parta
1621 3158 1824 3215 invidia
1862 3160 2096 3226 videtur,

528 3272 652 3311 cum
689 3254 798 3308 duo
841 3253 1097 3309 Ecclesia:
1147 3253 1352 3307 lumina
1401 3252 1735 3308 Athanasius
1770 3260 1825 3307 et
1864 3252 2099 3308 Basilius

526 3363 711 3403 errore
743 3346 1003 3401 infecwm
1035 3346 1309 3400 hominem
1342 3345 1607 3415 suspicati
1639 3352 1786 3400 sunt.
1833 3343 1909 3401 De
1937 3344 2100 3398 Atha-

526 3440 685 3495 nasio
717 3441 917 3510 quippe
944 3439 1060 3494 bzec
1096 3439 1418 3495 testificatur
1459 3438 1794 3509 Epiphanius
1822 3438 2096 3510 εἮρόμην

523 3535 580 3588 δὲ
608 3533 768 3597 αὐτὸς
798 3533 908 3602 ἐγὼ
933 3534 1107 3604 χρόνῳ
1129 3534 1238 3587 τινὶ
1268 3533 1357 3585 τὸν
1386 3533 1693 3603 μακαρίτην
1719 3532 1904 3585 πάπαν
1942 3530 2097 3584 Ἀθα-

525 3627 706 3680 νάσιον
732 3628 859 3698 περὶ
879 3625 1068 3679 τούτου
1097 3623 1191 3678 τοῦ
1221 3623 1564 3696 Μαρκέλλου,
1590 3624 1706 3687 πῶς
1738 3623 1802 3676 ἂν
1830 3622 1940 3694 ἔχοι
1966 3622 2094 3693 περὶ

523 3716 710 3771 αὐτοῦ.
770 3717 829 3769 Ὁ
869 3716 925 3769 δὲ
971 3715 1093 3769 οὔτε
1149 3713 1701 3787 ὑπεραπελογήσατο,
1759 3711 1880 3765 οὔτε
1933 3712 2095 3765 πάλιν

523 3809 660 3881 πρὸς
689 3807 850 3864 αὑτὸν
874 3808 1127 3877 ἀπεχθῶς
1154 3806 1359 3877 ἠνέχθη
1377 3823 1389 3835 ·
1416 3805 1575 3876 μόνον
1608 3805 1663 3858 δὲ
1686 3804 1774 3859 διὰ
1800 3803 1894 3856 τοῦ
1927 3820 2095 3875 προσ-

520 3901 668 3955 ώπου
718 3901 999 3973 μειδιάσας
1064 3900 1330 3971 ὑπέφηνε,
1395 3897 1696 3970 μοχθηρίας
1751 3896 1827 3967 μὴ
1879 3895 2093 3966 μακρὰν

521 3991 681 4044 αὑτὸν
729 3985 887 4053 εἶναι,
918 3990 1012 4043 καὶ
1046 3989 1121 4052 ὼς
1151 3987 1632 4058 ἀπολογησάμενον
1673 3984 1806 4057 εἶχε.
1861 3986 1918 4039 ld
1965 3995 2090 4040 est:

520 4080 656 4136 Cum
690 4080 976 4150 aliquando
1020 4080 1229 4133 beatum
1256 4096 1449 4150 papam
1488 4079 1833 4133 Athanasium
1866 4079 2093 4131 interro-

515 4186 722 4244 garem,
750 4169 873 4240 quid
902 4169 966 4224 de
995 4169 1249 4225 Marcello
1284 4172 1634 4235 existimaret,
1665 4170 1756 4224 ille
1780 4186 1939 4240 neque
1960 4186 2090 4239 pur-

519 4264 658 4331 gavit
693 4260 974 4327 hominem,
1016 4278 1175 4331 neque
1208 4280 1323 4317 vero
1360 4265 1596 4335 asperius
1623 4264 1822 4318 notavit
1853 4279 1871 4316 :
1900 4264 1990 4318 sed
2018 4264 2091 4317 le-

520 4356 657 4412 niter
698 4353 961 4418 arridens,
1010 4370 1115 4408 non
1163 4356 1384 4409 multum
1420 4356 1484 4408 ab
1526 4356 1857 4425 improbitate
1901 4356 2092 4410 ablwr-

518 4451 691 4505 ruisse
732 4447 1051 4520 signiﬁcavit
1081 4463 1100 4502 :
1131 4458 1181 4501 et
1210 4449 1263 4503 in
1310 4465 1488 4502 eorum
1529 4449 1663 4517 loco,
1697 4451 1788 4520 qui
1825 4466 1934 4503 sese
1961 4465 2091 4518 pur-

518 4549 751 4612 gassent,
785 4539 991 4595 habuit.
1039 4538 1222 4612 Longe
1254 4542 1435 4596 acrior
1463 4540 1723 4605 Basilius,
1772 4540 2086 4597 Marcellum

518 4648 621 4705 pro
669 4635 924 4690 haeretico
975 4634 1159 4702 habet,
1217 4634 1337 4705 ejus
1379 4634 1710 4705 impietatem
1760 4635 1975 4689 Arianae
2020 4649 2088 4689 ex

519 4725 787 4781 diametro
834 4727 1142 4796 oppositam
1187 4726 1443 4793 arstimat,
1492 4726 1862 4780 damnandum
1910 4726 2085 4780 homi-
2129 4755 2132 4758 ~

517 4817 723 4872 minem
757 4825 965 4884 censet,
995 4820 1122 4889 quia
1151 4819 1475 4889 unigenitum
1508 4819 1717 4891 quidem
1745 4819 1852 4872 dici
1878 4819 2088 4872 verbum

519 4909 705 4974 tradit,
741 4918 996 4979 quatenus
1028 4911 1099 4965 ad
1144 4928 1298 4966 usum
1344 4920 1394 4966 et
1442 4910 1511 4966 ad
1557 4920 1756 4982 tempus
1790 4910 1985 4981 prodit,
2027 4927 2088 4963 ac

515 5018 704 5057 rarsus
735 5001 801 5054 ad
829 5018 946 5054 eum
967 5018 1033 5055 ex
1063 5020 1162 5072 quo
1195 5004 1388 5073 prodiit
1419 5005 1695 5059 revertitur
1720 5020 1738 5059 .'
1771 5020 1931 5074 neque
1969 5012 2089 5057 ante

514 5110 802 5167 egressum,
837 5109 972 5159 esse,
1020 5111 1109 5148 nec
1137 5106 1254 5164 post
1302 5113 1617 5168 regressum,
1659 5097 1943 5152 subsistere
1988 5098 2085 5152 ait.

518 5187 683 5256 Cuius
709 5188 784 5242 rei
811 5194 1179 5257 argumentum
1215 5198 1337 5242 sunt
1368 5191 1563 5261 iniqua:
1591 5191 1738 5244 illius
1769 5189 2086 5262 syngraphw

517 5279 664 5338 libri.
696 5282 903 5337 Caetera
947 5279 1202 5350 superius
1244 5281 1405 5336 allata
1452 5290 1600 5338 sunt.
1628 5281 1747 5337 Jam
1776 5297 1905 5337 vero
1938 5298 2090 5353 quae-

478 5358 674 5430 ratur
706 5391 833 5431 num
868 5374 1057 5445 iniqua
1105 5373 1196 5427 illa
1248 5377 1558 5447 συγγραφή,
1607 5391 1771 5445 quam
1824 5383 2090 5430 memorat

519 5466 953 5531 Basilius,’idem
1006 5469 1123 5540 ipse
1155 5468 1294 5523 liber
1329 5468 1419 5530 sit,
1470 5466 1568 5537 qui
1613 5469 1666 5521 in
1715 5468 1938 5539 synodis
1980 5467 2088 5522 Ro-

518 5576 679 5617 mana
721 5572 773 5617 et
814 5561 1128 5619 Sardicensi
1169 5577 1358 5618 errore
1387 5576 1594 5617 vacuus
1626 5563 1934 5620 declaratus
1980 5571 2084 5620 est.

585 5763 663 5832 (1)
701 5762 871 5820 Hilar.
906 5765 1121 5835 Fragm.

2231 560 2339 599 non
2384 548 2582 615 legitur
2641 550 2788 603 enim
2840 549 3157 605 Marcellum
3213 552 3379 606 alium
3431 552 3640 612 edidisse
3681 563 3728 614 li-

2228 636 2409 701 brum,
2461 653 2623 708 quam
2671 641 2822 694 illum
2859 652 3052 697 contra
3099 643 3396 708 Asterium,
3437 646 3517 699 cui
3560 649 3730 711 titulus.

2228 727 2304 781 De
2324 731 2651 799 subjectione
2684 732 2919 798 Domini,
2954 743 3094 790 teste
3140 734 3366 791 Hilario.
3412 736 3593 794 Verum
3623 742 3737 798 dicet

2225 822 2523 892 quispiam,
2567 839 2638 878 an
2681 825 2917 883 Basilius
2951 828 3269 883 haereticum
3315 844 3379 882 ac
3420 830 3733 888 damnandum

2226 911 2426 965 librum
2470 920 2712 977 censeat,
2746 917 2838 984 qui
2878 916 2933 969 iu
2974 917 3201 988 synodis
3232 917 3472 972 Romana
3503 930 3551 975 et
3585 922 3736 980 Sardi-
3773 911 3777 915 ’

2224 1003 2374 1057 censi
2433 1011 2494 1056 ut
2555 1004 2892 1061 orthodoxus
2935 1009 3208 1065 admissus
3240 1008 3419 1065 fuerit.
3453 1011 3573 1066 lluic
3607 1030 3735 1086 argu-

2224 1102 2408 1149 mento
2450 1104 2509 1150 ut
2565 1110 2892 1153 occurratur
2918 1141 2932 1164 ,
2980 1103 3273 1172 repetenda
3316 1104 3407 1157 illa
3455 1121 3563 1174 qua:
3604 1124 3736 1179 supra

2222 1187 2484 1255 diximus,
2524 1188 2839 1246 Marcellum
2890 1194 3145 1249 videlicet
3191 1196 3268 1250 ita
3329 1212 3440 1251 rem
3483 1207 3737 1270 temperare

2222 1276 2487 1343 potuisse,
2528 1285 2586 1331 ut
2609 1279 2911 1361 dicta.ejus
2942 1293 3164 1352 possent
3196 1285 3249 1338 in
3286 1285 3479 1339 bonam
3518 1263 3739 1345 malama-

2221 1377 2429 1435 partem
2466 1367 2697 1425 deflecti.
2732 1371 2870 1426 Cum
2897 1381 3077 1429 autem
3100 1375 3191 1430 ille
3221 1376 3546 1446 synodorum
3570 1379 3735 1448 judicio

2219 1473 2460 1527 praesens
2489 1477 2711 1523 causam
2749 1464 3088 1531 defenderet,
3122 1476 3175 1522 et
3212 1484 3403 1523 sanam
3440 1471 3735 1528 catholicam.

2218 1567 2325 1620 que
2355 1552 2629 1607 dictorum
2656 1563 2891 1610 mentem
2923 1564 3205 1626 tueretur;
3253 1557 3358 1612 SS.
3394 1557 3593 1624 Patres,
3622 1564 3739 1632 quod

2219 1646 2423 1699 nullam
2457 1646 2595 1702 liber
2629 1648 2961 1718 impietatem
2990 1651 3165 1720 palam
3198 1659 3251 1706 et
3282 1667 3396 1721 prae
3428 1668 3486 1708 se
3508 1652 3670 1719 ferret,
3699 1665 3741 1709 et

2218 1738 2378 1793 effata
2408 1740 2529 1807 ejus
2551 1740 2823 1795 catholice
2852 1749 3102 1810 possent,
3140 1750 3195 1796 ut
3241 1741 3529 1799 Marcellus
3551 1753 3738 1799 conten-

2214 1831 2398 1894 debat,
2424 1832 2619 1901 aceipi,
2653 1840 2713 1886 ut
2744 1833 3015 1887 insontem
3047 1849 3172 1889 cum
3202 1835 3344 1888 libro
3380 1851 3479 1890 suo
3511 1837 3739 1892 hominem

2216 1922 2528 1978 absolutum
2579 1923 2926 1979 dimiserunt.
2976 1925 3113 1980 Nam
3167 1927 3295 1997 quid
3330 1944 3457 1983 vere
3502 1930 3553 1983 in
3593 1931 3741 1987 animo

2213 2015 2457 2071 volveret
2488 2016 2801 2084 Marcellus,
2847 2020 2979 2089 quid
3019 2020 3131 2074 imo
3174 2031 3398 2090 pectore
3437 2023 3666 2089 sentiret,
3696 2026 3742 2081 il

2214 2107 2379 2163 unius
2413 2106 2508 2163 Dei
2528 2108 2740 2178 judicio
2770 2111 3208 2180 permittebatur.
3237 2110 3351 2167 Sub
3378 2115 3509 2178 base,
3536 2122 3588 2169 ut
3620 2115 3739 2172 arbi-

2213 2200 2499 2255 trabantur
2558 2202 2758 2268 multi,
2811 2217 2937 2257 cum
2994 2203 3049 2256 in
3084 2203 3447 2261 familiaribus
3498 2207 3742 2277 colloquiis

2214 2288 2504 2344 Marcellus
2534 2290 2682 2345 dicta
2721 2306 2820 2346 sua
2856 2290 3158 2347 secundum
3203 2292 3516 2349 bereticam
3546 2302 3739 2350 mentem

2212 2382 2500 2453 discipulis
2532 2384 2873 2453 explanaret,
2920 2385 3153 2457 ejusque
3194 2386 3274 2440 rei
3310 2386 3456 2441 fama
3488 2387 3589 2441 late
3619 2402 3741 2457 vaga-

2211 2482 2385 2539 retur,
2420 2483 2551 2530 tunc
2582 2475 2803 2530 domum
2837 2478 3065 2533 subdole
3093 2489 3276 2532 actum
3320 2477 3571 2534 Marcello
3601 2480 3740 2533 credi-

2212 2575 2325 2620 tum
2354 2573 2460 2628 est,
2495 2566 2721 2637 ipseque
2752 2568 2836 2621 sui
2864 2568 3136 2637 interpres
3170 2570 3372 2623 librum
3404 2585 3567 2638 prava
3600 2582 3746 2624 meme

2210 2658 2585 2727 conscriptum
2617 2658 2930 2715 declarasse
2961 2661 3197 2715 videtur.
3244 2659 3365 2716 Etsi
3395 2677 3555 2732 porro
3586 2677 3661 2716 res
3698 2661 3740 2713 in

2210 2749 2376 2805 dubio
2403 2763 2672 2814 versetur,
2695 2768 2826 2805 num
2858 2769 2984 2808 vere
3012 2752 3300 2808 Marcellus
3331 2755 3389 2808 in
3411 2770 3548 2819 eam,
3582 2753 3639 2808 de
3658 2770 3743 2823 qua

2208 2842 2530 2914 plerumque
2568 2856 2858 2901 accusatus
2911 2845 3033 2910 fuit,
3094 2847 3437 2917 impietatem
3478 2847 3737 2903 deciderit:

2209 2951 2333 2990 nam
2362 2951 2486 2991 cum
2519 2937 2857 3008 Epiphanius
2887 2938 3141 2994 Marcello
3172 2941 3427 3010 :rqualis,
3462 2941 3632 2996 varias
3664 2940 3744 2993 hac

2206 3028 2276 3082 de
2313 3044 2372 3084 re
2401 3029 2832 3084 orthodoxorum
2866 3031 3169 3087 sententias
3216 3040 3352 3087 tunc
3385 3032 3555 3089 fuisse
3585 3030 3741 3087 testiﬁ-

2129 3142 2173 3199 ο
2208 3127 2383 3183 cetur,
2425 3137 2530 3177 nec
2556 3123 2755 3177 audeat
2784 3125 2900 3192 ipse
2929 3124 3250 3178 alterutram
3297 3125 3357 3179 in
3391 3135 3593 3196 partem
3641 3138 3745 3178 con—

2208 3213 2420 3277 cedere,
2459 3214 2592 3283 quid
2618 3230 2912 3283 possumus
2944 3231 3046 3271 nos
3076 3224 3156 3270 tot
3185 3217 3254 3271 ab
3284 3218 3417 3273 inde
3445 3217 3637 3287 elapsis
3667 3229 3744 3270 saa-

2205 3306 2346 3361 culis
2378 3308 2696 3362 aestimare?
2737 3322 2901 3378 grave
2932 3316 3113 3363 tamen
3166 3321 3557 3379 argumentum
3586 3317 3744 3363 contra

2205 3396 2518 3452 Marcellum
2547 3398 2675 3452 hinc
2705 3400 2939 3464 eruitur,
2988 3400 3135 3469 quod
3170 3404 3308 3455 tanti
3344 3402 3595 3458 doctores
3624 3400 3743 3454 Basi-

2203 3488 2313 3544 lius
2362 3496 2417 3543 et
2466 3489 2824 3556 Athanasius,
2863 3491 3067 3561 quibus
3098 3507 3206 3546 non
3253 3493 3423 3551 facile
3468 3502 3582 3549 erat
3612 3492 3745 3547 verba

2202 3580 2355 3647 dare,
2386 3595 2510 3636 eum
2565 3583 2651 3636 vel
2685 3598 2913 3653 prorsus
2962 3586 3308 3651 haereticum,
3366 3587 3449 3641 vel
3492 3583 3743 3641 admodum

2203 3681 2517 3743 suspectum
2557 3675 2867 3730 habuerint.

2199 3804 2280 3855 IV.
2308 3805 2569 3856 Marcellus
2600 3813 2653 3856 et
2683 3808 2982 3876 Marcelliani
3026 3814 3075 3859 in
3105 3813 3219 3861 fidei
3251 3813 3640 3876 professionibus
3676 3823 3743 3860 csa

2743 3872 2924 3921 thoiice
2948 3875 3236 3934 loquuntur.

2273 3996 2342 4051 Ut
2409 4006 2470 4053 ut
2531 4000 2603 4054 sit
2648 4001 2716 4056 de
2785 4002 3026 4058 Marcelli
3074 4006 3377 4072 Opinione,
3437 4008 3745 4078 exploratum

2200 4105 2332 4145 sane
2375 4102 2459 4146 est
2504 4108 2628 4148 cum
2655 4095 2852 4159 'illum,
2902 4105 3017 4150 tum
3065 4090 3373 4170 discipulos
3415 4102 3537 4170 ejus
3570 4102 3621 4154 in
3647 4096 3749 4151 fidei

2198 4179 2452 4239 formulis
2497 4201 2635 4255 quas
2679 4187 2947 4253 obtulere,
2989 4190 3082 4244 ubi
3128 4193 3232 4247 sibi
3270 4195 3579 4264 ascriptum
3619 4204 3749 4246 erro-

2198 4290 2311 4328 rem
2339 4276 2601 4332 damnant
2632 4287 2685 4334 et
2716 4282 3027 4351 repudiant,
3057 4300 3167 4339 non
3200 4288 3591 4355 pmnitentium
3620 4293 3667 4338 et
3690 4298 3749 4334 re-

2199 4364 2576 4435 sipiscentium
2617 4386 2770 4428 more
2834 4375 2888 4428 id
2937 4391 3128 4447 agere;
3188 4378 3285 4433 sed
3329 4379 3517 4434 addita
3563 4387 3754 4446 semper

2198 4465 2454 4521 cautione
2494 4469 2936 4526 adversariorum
2982 4475 3290 4531 calumnias
3343 4477 3637 4546 depellere.
3668 4486 3749 4526 nec

2193 4571 2252 4611 se
2275 4557 2348 4610 ita
2379 4560 2613 4615 sentisse
2668 4563 3014 4619 confiteri.”
3049 4568 3306 4623 observes
3345 4569 3496 4638 apud
3540 4565 3752 4638 Epipha-

2188 4645 2339 4699 nium
2391 4649 2444 4702 in
2494 4647 2748 4706 Formula
2780 4653 2901 4709 fidei
2950 4655 3212 4724 Marcelli,
3240 4656 3395 4714 Julio
3440 4659 3638 4718 oblata,
3678 4653 3751 4707 ubi

2190 4741 2237 4794 is
2269 4755 2328 4794 se
2352 4740 2426 4795 ita
2457 4743 2699 4799 sensisse
2732 4757 2896 4816 negat
2926 4755 2984 4801 ut
3008 4748 3198 4803 Ariani
3229 4750 3566 4805 dictitabant
3596 4769 3608 4804 :
3639 4757 3687 4802 et
3708 4748 3751 4798 in

2190 4832 2470 4888 luculenta
2502 4833 2623 4891 fidei
2660 4836 2892 4893 formula
2937 4841 2992 4894 in
3022 4841 3291 4912 legatione
3327 4842 3585 4914 Eugenii,
3611 4852 3754 4910 quam

2189 4940 2339 4981 nunc
2367 4928 2604 4997 primum
2635 4947 2666 4985 e
2700 4932 2938 4988 tenebris
2970 4936 3237 5000 eruimus,
3271 4935 3360 4990 sic
3391 4936 3629 5007 legitur:
3663 4929 3750 4984 Ne-

2188 5034 2286 5088 que
2326 5020 2465 5073 enim
2514 5037 2780 5076 censemus
2820 5025 2988 5078 alium
3035 5042 3147 5081 esse
3177 5024 3410 5091 Filium,
3464 5027 3629 5080 alium
3662 5036 3753 5076 esse

2202 5109 2449 5177 Verbum,
2487 5126 2544 5165 ut
2576 5114 2790 5184 quidam
2836 5132 2931 5171 nos
2974 5118 3169 5172 sentire
3202 5119 3419 5172 mentiti
3452 5127 3577 5173 sunt
3606 5133 3623 5169 :
3648 5117 3750 5169 item

2192 5204 2248 5257 in
2285 5203 2643 5275 Expositione
2684 5208 2809 5264 fidei
2860 5209 2928 5264 ad
2979 5210 3450 5270 Dioczrsarienses
3491 5215 3752 5284 episcopos

2191 5297 2395 5363 oblata,
2433 5299 2587 5353 aiunt
2635 5300 2975 5358 Marcelliani
3024 5320 3085 5360 se
3128 5306 3369 5361 libenter
3392 5306 3651 5362 Patribus
3684 5319 3752 5357 re

2191 5390 2467 5459 spondere
2507 5393 2941 5460 sciscitantibus,
2979 5404 3039 5451 ut
3073 5397 3213 5452 falso
3251 5399 3447 5455 oblata
3479 5400 3582 5454 sibi
3609 5407 3749 5451 teme-

2191 5490 2325 5538 ratae
2372 5485 2656 5556 religionis
2691 5486 2925 5542 crimina
2955 5491 3371 5560 propulsarent,
3417 5492 3512 5548 διὰ
3548 5490 3749 5563 μάλιστα

2190 5574 2316 5640 τοὺς
2340 5575 2698 5646 βουλομένους
2736 5579 2984 5649 ματαίως
3013 5579 3259 5652 θρυλλεῖν
3296 5583 3437 5654 περὶ
3468 5579 3624 5655 ήμῶν
3650 5590 3748 5632 τινα
