4038 6288
304 386 328 437 1
338 385 446 439 9-93

297 596 669 651 orthodoxam
706 598 1034 652 sententiam
1061 597 1184 653 ﬁdei
1213 597 1478 654 formulas
1510 615 1638 654 suas
1664 616 1878 670 semper

298 688 715 751 concinnarint,
763 699 815 742 et
861 690 1083 745 aliunde
1116 705 1147 745 a
1190 691 1380 746 multis
1416 701 1731 748 sanctorum
1776 693 1880 748 Pa-

298 799 454 838 trum
489 782 744 836 Marcello
794 783 1086 854 aequalium
1124 799 1222 853 pro
1252 783 1527 839 haereticis
1558 786 1642 838 vel
1686 801 1878 854 suspe-

296 879 415 934 etis
442 877 612 931 habiti
647 876 871 940 fuerint,
902 893 1013 931 non
1048 875 1246 930 mirum
1278 877 1324 932 si
1361 885 1514 931 tanta
1542 876 1704 930 fuerit
1730 877 1878 931 circa

295 968 551 1022 Marcelli
605 968 763 1021 fidem
823 968 1216 1022 sententiarum
1272 967 1550 1031 varietas,
1618 973 1876 1036 quantam

293 1061 527 1117 exhibet
558 1060 919 1132 Epiphanius.

919 1195 1150 1252 CAPUT
1197 1196 1262 1251 ν.

838 1325 1158 1365 HARCELLUH
1199 1327 1411 1374 UNQUAM
1466 1328 1498 1366 Δ
1535 1326 1874 1367 CONHUNIONE

859 1398 956 1437 SUA
996 1396 1325 1437 REHOVEBIT.

299 1328 416 1367 NUII
458 1327 788 1366 ATHANASIUS

308 1517 349 1572 Ι.
392 1517 714 1571 Athanasius
762 1515 1078 1569 Marcellum
1126 1535 1159 1569 a
1206 1519 1568 1572 communione
1624 1537 1722 1572 sua
1774 1537 1877 1573 non

377 1586 685 1642 removerat'
715 1597 834 1639 ante
871 1604 1075 1658 annum
1130 1588 1254 1643 558.
1307 1589 1371 1643 ll.
1426 1587 1540 1642 Nec
1590 1591 1878 1658 instigante

373 1669 555 1726 postea
587 1658 793 1712 Basilio
825 1655 878 1710 id
910 1659 1030 1727 egit.

304 1770 346 1821 Ῑ.
371 1771 664 1822 Athanasius
687 1770 965 1818 Marcellum
990 1785 1015 1818 a
1041 1772 1381 1819 communione
1408 1786 1493 1821 sua
1515 1786 1610 1820 non
1650 1785 1874 1822 remove-

551 1840 625 1882 rat
648 1839 761 1881 ante
784 1845 962 1880 annum
985 1832 1092 1880 558.
1121 1833 1315 1895 Fragm.
1345 1834 1392 1891 2,
1418 1848 1466 1896 p.
1496 1834 1626 1882 I500.

372 1952 728 2014 Athanasius,
775 1953 867 2021 qui
913 1952 1102 2006 multis
1149 1951 1309 2006 annis
1353 1950 1608 2007 Marcello
1639 1951 1877 2008 fortuna-

300 2062 424 2101 rum
452 2061 681 2101 consors
710 2054 764 2100 et
803 2045 1011 2100 amicus
1041 2045 1240 2110 fuerat,
1286 2045 1504 2101 demum
1537 2046 1745 2115 sparsis
1783 2061 1877 2100 ru-

297 2137 573 2198 moribus.
610 2144 664 2191 et
713 2138 988 2190 clarorum
1022 2136 1305 2190 hominum
1346 2136 1678 2190 testimoniis
1708 2135 1878 2190 abdu-

297 2237 448 2293 ctus,
481 2241 643 2296 quem
675 2227 829 2296 prius
857 2241 958 2295 pro
989 2224 1252 2280 facultate
1295 2225 1638 2290 defenderat,
1684 2240 1877 2295 suspe-

296 2327 451 2373 ctum
486 2317 687 2371 habere
717 2317 902 2385 ccepit.
928 2315 986 2370 Id
1023 2315 1327 2386 Epiphanio
1360 2323 1501 2372 teste
1536 2316 1873 2372 ediscimus:

295 2409 410 2471 cui,
446 2417 636 2477 utpote
684 2406 752 2460 ab
816 2406 1121 2462 Athanasio
1171 2407 1293 2476 ipso
1355 2407 1541 2461 audita
1602 2408 1874 2470 narranti,

296 2498 468 2553 ﬁdem
523 2498 788 2568 derogare
832 2514 942 2552 non
976 2498 1121 2554 licet.
1174 2498 1374 2553 Verum
1413 2497 1686 2563 Hilarius,
1745 2500 1875 2554 item

294 2588 554 2657 aequalis,
606 2603 671 2642 eo
731 2598 953 2642 ventum
1013 2604 1137 2644 esse
1184 2589 1534 2654 testiﬁcatur,
1593 2601 1654 2644 ut
1709 2590 1874 2646 etiam

296 2680 562 2735 Marcello
605 2682 1044 2736 communionem
1095 2683 1426 2740 Athanasius
1481 2692 1724 2755 negaret.
1772 2685 1874 2740 Sed

296 2791 394 2828 cur
452 2774 728 2845 abnegata:
785 2775 1193 2838 communionis,
1254 2777 1334 2830 sic
1386 2777 1501 2840 ille,
1549 2778 1875 2830 Athanasius

295 2883 416 2920 reus
455 2884 567 2921 esse
604 2866 951 2922 rescribitur?
983 2865 1238 2936 Nunquid
1275 2875 1486 2937 propter
1529 2867 1652 2920 libri
1692 2868 1875 2922 vitium

294 2959 594 3014 Marcellus
623 2959 890 3013 abstentus
915 2962 1034 3015 est?
1062 2958 1239 3013 Testes
1264 2961 1364 3028 ipsi
1388 2969 1532 3026 sunt,
1561 2975 1628 3015 ea:
1656 2961 1876 3014 institu-

296 3056 365 3108 tis
387 3055 511 3123 ejus
533 3053 817 3106 Photinum
840 3053 1198 3121 perversitatis
1221 3055 1378 3108 istius
1393 3055 1546 3107 initia
1567 3055 1870 3122 sumpsisse.

295 3145 452 3200 Nam
513 3155 702 3216 negata
749 3145 853 3199 sibi
903 3144 966 3198 ab
1023 3146 1313 3200 Athanasio
1359 3148 1740 3210 communione,
1792 3146 1874 3200 in-

292 3255 489 3312 gressu
533 3255 646 3292 sese
687 3237 921 3292 ecclesia:
967 3236 1252 3292 Marcellus
1297 3239 1569 3292 abstinuit.
1603 3237 1693 3292 Ita
1733 3255 1876 3291 com-

289 3331 488 3384 munio
521 3345 642 3382 cum
687 3346 746 3383 eo
784 3330 839 3382 in
890 3329 996 3381 ista
1029 3329 1133 3397 ﬁde
1170 3329 1233 3383 de
1262 3329 1580 3396 subiectione
1613 3341 1662 3383 et
1707 3329 1880 3383 tradi-

288 3425 428 3479 tione
497 3423 642 3492 regni
703 3421 850 3475 docet
901 3439 917 3474 :
965 3431 1153 3490 negata
1212 3439 1424 3475 rursum
1475 3423 1736 3490 pravitate
1784 3421 1880 3477 do-

291 3518 490 3570 ctrina:
536 3515 757 3569 alterius
808 3515 1057 3569 ostendit.
1109 3513 1188 3568 Ex
1239 3514 1470 3580 Hilario,
1528 3523 1588 3569 ut
1639 3516 1875 3578 videtur,

296 3616 584 3662 mutuatus
627 3605 905 3677 Sulpicius
959 3606 1215 3669 Severus,
1273 3607 1507 3676 idipsum
1560 3615 1749 3660 narrat
1794 3607 1882 3662 his

301 3700 479 3755 verbis
510 3717 522 3751 :
554 3697 837 3766 Interjecto
881 3697 1066 3750 deinde
1116 3708 1362 3766 tempore,
1387 3698 1710 3752 Athanasius
1760 3716 1879 3752 cum

301 3789 617 3844 Marcellum
668 3804 857 3857 parum
897 3805 1043 3841 sana:
1091 3789 1216 3856 ﬁdei
1257 3806 1367 3843 esse
1425 3791 1792 3858 comperisset,
1846 3808 1879 3844 a

301 3882 666 3934 communione
696 3876 988 3947 suspendit.
1021 3877 1324 3948 llabuitque
1345 3879 1438 3932 ille
1463 3881 1599 3933 hanc
1635 3898 1879 3936 verecun-

301 3973 467 4036 diam,
496 3981 554 4024 ut
586 3973 722 4024 tanti
754 3972 853 4023 viri
869 3971 1075 4040 judicio
1101 3980 1315 4024 notatus
1345 3982 1526 4038 sponte
1554 3974 1874 4030 concederet.

301 4063 568 4119 Caeterum
618 4071 775 4115 antea
815 4062 1088 4126 innocens,
1121 4069 1305 4130 postea
1335 4061 1676 4131 deprauatus,
1715 4065 1880 4119 videri

301 4166 512 4228 poterat
547 4155 666 4224 jam
710 4165 820 4207 tum
874 4171 1060 4208 nocens
1095 4155 1282 4223 fuisse,
1329 4172 1449 4209 cum
1502 4156 1566 4210 de
1613 4175 1672 4210 eo
1704 4157 1879 4225 fuerat

303 4249 622 4316 iudicatum.
661 4247 766 4302 Sed
798 4247 914 4302 haec
948 4246 1210 4310 Hilarius,
1246 4263 1407 4317 quem
1453 4245 1730 4318 Sulpicius
1773 4266 1878 4304 au-o

303 4348 515 4396 clorem
543 4340 722 4402 habet,
758 4355 826 4394 ex
860 4339 1053 4409 synodi
1095 4337 1434 4403 Sirmiensis,
1467 4339 1522 4393 in
1555 4356 1662 4410 qua
1691 4340 1880 4396 Photi-

304 4449 411 4488 nus
445 4447 590 4486 anno
619 4431 722 4486 549
779 4431 1071 4485 damnatus
1110 4441 1212 4494 est,
1257 4432 1524 4501 rescripto
1571 4441 1874 4488 mutuatur.

304 4523 442 4579 Cum
469 4533 650 4579 autem
687 4524 827 4576 hanc
857 4523 1124 4593 synodum
1156 4523 1345 4578 Ariani
1371 4524 1714 4581 solummodo
1739 4543 1880 4596 pra:-

305 4617 454 4672 sules
506 4615 926 4680 celebraverint,
969 4616 1120 4669 nulla
1160 4616 1226 4670 iis
1278 4616 1412 4672 ﬁdes
1468 4617 1738 4684 habenda,
1780 4620 1874 4689 qui

305 4717 564 4764 sexcenta
597 4708 797 4763 similia
837 4715 1028 4762 contra
1057 4707 1417 4763 Athanasium
1448 4718 1502 4764 et
1537 4711 1872 4776 Marcellum,

304 4812 421 4857 tum
456 4803 622 4857 verbo
659 4812 772 4855 tum
804 4803 1027 4872 scripto,
1063 4816 1319 4872 spargere
1349 4804 1620 4860 solebant.
1652 4806 1733 4859 Ad
1761 4807 1875 4860 haec

303 4896 640 4952 Athanasius
687 4897 878 4952 saltem
928 4895 996 4948 ad
1029 4910 1232 4949 annum
1286 4911 1458 4965 usque
1491 4897 1614 4961 558,
1651 4897 1877 4954 Marcel-

304 4989 417 5042 lum
454 4999 512 5043 ut
541 4992 812 5045 insontem
856 4997 910 5043 et
952 4988 1238 5044 fraudibus
1269 4989 1598 5044 Arianorum
1639 4990 1876 5046 circum-

303 5090 525 5136 ventum
558 5082 822 5147 defendit,
856 5091 916 5136 ut
945 5082 1132 5138 videre
1181 5091 1267 5138 est
1297 5084 1352 5137 in
1385 5084 1643 5154 Apologia
1691 5095 1876 5139 contra

303 5177 560 5239 Arianos,
594 5177 648 5229 in
682 5176 945 5246 Apologia
989 5175 1052 5229 de
1082 5177 1228 5246 fuga,
1261 5185 1315 5231 et
1345 5177 1396 5230 in
1428 5175 1670 5231 Historia
1710 5178 1874 5232 Aria-

299 5280 496 5317 norum
533 5268 601 5319 ad
631 5268 912 5321 monachos
939 5283 956 5321 :
981 5268 1126 5322 unde
1152 5267 1432 5338 propalam
1466 5269 1536 5323 sit
1574 5284 1682 5322 non
1714 5270 1875 5325 modo

297 5358 714 5413 communionis
767 5359 1082 5414 societatem
1147 5374 1271 5413 cum
1335 5359 1428 5412 illo
1487 5360 1720 5427 fovisse;
1780 5361 1876 5416 sed

293 5446 456 5498 etiam
514 5448 756 5503 nondum
802 5451 856 5504 in
890 5451 1036 5504 illam
1084 5452 1300 5506 venisse
1332 5458 1521 5505 contra
1565 5452 1874 5507 Marcellum

293 5538 704 5607 suspicionem,
746 5557 908 5613 quam
953 5553 1216 5598 memorat
1249 5543 1607 5614 Epiphanius.
1643 5545 1708 5598 Et
1746 5560 1877 5600 sane

302 5645 545 5688 concors
587 5644 672 5689 est
705 5652 843 5704 pene
891 5638 1135 5691 omnium
1172 5638 1466 5700 sententia,
1513 5637 1639 5691 huic
1684 5636 1872 5692 Hilarii

310 5725 647 5790 testimonio,
684 5737 872 5798 utpote
901 5729 968 5784 ab
993 5729 1213 5787 Arianis
1246 5737 1491 5800 accepto,
1523 5731 1726 5788 nullam
1753 5746 1875 5787 esse

309 5814 463 5871 ﬁdem
497 5818 825 5878 habendam.

1605 385 1950 443 MARCELLI
1989 388 2362 446 ANCYRANI.

298 505 495 574 ψευδῆ.
527 503 662 559 Cum
692 511 870 558 autem
903 501 1193 561 Marcellus
1219 512 1272 560 et
1296 505 1550 575 discipuli
1575 508 1873 562 secundum
1906 515 1951 568 Α

3413 388 3548 453 1294

2318 508 2378 558 ΙΙ.
2409 507 2511 556 Nec
2531 507 2794 570 instigante
2820 509 2999 559 Basilio
3023 511 3072 559 id
3090 511 3210 573 egit.

2053 622 2170 678 Non
2223 617 2422 678 desunt
2468 625 2558 692 qui
2600 623 2913 678 Marcellum
2967 625 3186 694 quidem
3225 627 3278 679 in
3306 637 3551 697 tempore

1979 728 2075 781 per
2141 711 2404 768 Hilarium
2472 721 2763 777 annotato,
2834 714 3077 768 nondum
3136 716 3204 768 ah
3253 715 3550 770 Athanasio

1980 805 2299 859 damnatum
2334 805 2505 862 fuisse
2535 806 2854 860 existiment
2888 824 2902 872 ;
2947 797 3038 860 sed
3082 805 3279 860 deinde
3308 822 3549 860 commo-

1978 904 2141 951 vente
2177 895 2403 962 Basilio,
2443 897 2512 952 ab
2556 899 2855 952 Athanasio
2894 895 3208 952 Marcellum
3237 904 3290 950 et
3321 896 3548 950 Marcel-

1979 989 2161 1044 lianos
2202 1004 2231 1042 a
2279 990 2666 1044 communione
2705 999 2942 1044 remotos
2993 989 3162 1044 fuisse
3191 989 3546 1042 arbitrentur.

1979 1079 2046 1135 Et
2075 1081 2191 1136 haec
2223 1081 2352 1135 item
2390 1089 2473 1136 est
2502 1076 2834 1136 Tillemontii
2863 1082 3066 1152 Opinio.
3096 1079 3294 1134 Verum
3325 1081 3548 1150 ignora-

1978 1171 2112 1225 bant
2139 1172 2216 1224 illi
2247 1171 2566 1226 Marcellum
2597 1181 2650 1226 et
2683 1174 2923 1228 asseclas
2954 1171 3181 1244 Eugenii
3216 1182 3270 1227 et
3311 1173 3546 1228 aliorum

1978 1265 2327 1335 deputatione
2365 1265 2646 1321 Athanasii
2691 1265 2963 1336 judicium
3010 1266 3372 1335 praevertisse.
3413 1264 3546 1319 Cum

1979 1356 2124 1408 enim
2160 1355 2389 1411 instaret
2415 1355 2667 1419 Basilius,
2703 1363 2960 1426 urgerent
2995 1356 3084 1408 alii
3125 1357 3368 1426 episcopi
3397 1355 3550 1410 dam-

1978 1443 2327 1516 nandumque
2394 1445 2701 1501 Marcellum
2744 1448 3040 1503 Athanasio
3095 1449 3433 1513 dictitarent,
3489 1463 3550 1502 re

1977 1547 2278 1608 comperta,
2317 1536 2629 1602 Marcellus,
2683 1550 2742 1593 ut
2794 1549 2985 1594 eorum
3023 1549 3252 1595 conatus
3296 1549 3350 1595 et
3392 1541 3551 1594 moli-

1978 1630 2127 1683 mina
2195 1630 2592 1699 interpellaret,
2654 1640 2902 1704 oratores
2967 1633 3060 1701 qui
3123 1648 3343 1686 causam
3406 1634 3549 1702 apud

1977 1719 2337 1778 Athanasium
2391 1741 2546 1778 suam
2599 1735 2843 1796 agerent,
2895 1741 2957 1780 ac
3005 1727 3088 1780 sui
3137 1728 3551 1797 Ancyranaeque

1906 1855 1948 1908 Β
1980 1813 2240 1870 Ecclesiae
2295 1818 2518 1872 nomine
2575 1816 2698 1872 ﬁdei
2756 1817 3154 1887 professionem
3207 1819 3546 1881 emitterent,

1977 1908 2260 1981 delegavit.
2295 1910 2543 1982 Cumque
2576 1912 2876 1981 legatorum
2910 1912 3143 1968 formula
3167 1927 3354 1968 sanam
3388 1925 3548 1981 pror-

1978 2018 2074 2057 sus
2104 2011 2159 2058 et
2201 2004 2565 2060 orthodoxam
2599 2005 2762 2060 ﬁdem
2799 2005 3102 2076 praferret,
3145 2007 3272 2060 huic
3308 2005 3551 2060 Athana-

1978 2098 2095 2153 sius
2135 2114 2258 2152 cum
2305 2100 2428 2155 aliis
2473 2100 2568 2171 qui
2617 2101 2842 2154 aderant
2881 2101 3156 2171 episcopis
3197 2101 3547 2171 astipulatus.

1977 2191 2191 2246 litteras
2214 2192 2696 2250 commendatitias
2724 2194 3041 2264 rogantibus
3071 2193 3365 2249 concessit.
3393 2189 3549 2259 Quod

1973 2283 2086 2352 jam
2125 2283 2397 2338 neminem
2435 2282 2648 2337 inﬁcias
2678 2284 2882 2338 iturum
2922 2283 3176 2338 arbitror.

2601 2419 2830 2474 CAPUT
2869 2419 2956 2475 Vl.

1975 2541 2040 2579 DE
2092 2541 2356 2580 MARCELLI
2409 2542 2479 2580 ET
2529 2542 2802 2581 ECCLESIAE
2859 2543 3144 2580 ANCYRANA-Z
3198 2543 3264 2579 AD
3311 2531 3550 2582 nusqu

2082 2611 2206 2652 SIUII
2247 2612 2576 2662 LEGATIONE,
2609 2613 2752 2660 QUAI
2801 2613 2936 2652 NUNC
2980 2614 3182 2652 PRIMUM
3225 2613 3440 2653 Ευιιιυε.

1974 2709 2016 2764 1.
2051 2709 2227 2779 Hujus
2261 2711 2537 2781 legationis
2578 2712 2848 2779 exemplar
2888 2710 3024 2781 unde
3057 2709 3295 2781 prodeat.
3332 2711 3393 2762 ll.
3429 2710 3548 2776 Qua

2045 2780 2320 2836 occasione
2377 2791 2427 2835 et
2479 2798 2580 2850 quo
2617 2799 2759 2834 anno
2805 2781 2951 2849 facta
3000 2780 3191 2850 legatio
3235 2780 3415 2847 fuerit.
3461 2781 3547 2834 Ill.

2044 2851 2122 2904 De
2149 2851 2274 2920 fidei
2297 2852 2621 2920 professione
2654 2851 2897 2905 Marcelli
2945 2854 3154 2903 nomine
3188 2851 3430 2904 recitata.
3457 2851 3548 2906 IV.

2046 2921 2123 2976 De
2181 2923 2653 2991 subscriptionibus
2697 2921 3069 2992 Afgyptiorum
3121 2922 3429 2988 prwsulum.
3484 2921 3546 2976 ν.

2047 2993 2152 3058 Qui
2182 2993 2343 3061 fuerit
2373 2993 2568 3063 negotii
2595 2995 2784 3046 exitus.

2159 3105 2196 3154 Ι.
2223 3105 2380 3168 Hujus
2404 3105 2667 3168 legationis
2691 3105 2945 3165 exemplar
2969 3104 3099 3152 unde
3123 3103 3342 3166 prodeat.

1901 3213 1944 3270 C.
2047 3207 2256 3264 Prodiit
2303 3225 2366 3262 ex
2416 3209 2744 3264 bibliotheca
2785 3203 3119 3263 Scorialensi
3163 3207 3360 3278 legatio
3407 3205 3549 3259 Mar-

1980 3301 2105 3356 celli
2151 3309 2208 3356 et'
2260 3300 2407 3355 Eccl.
2464 3301 2766 3371 Ancyranaa
2826 3298 2894 3353 ad
2938 3299 3320 3354 Athanasium.
3373 3295 3550 3367 Hujus

1979 3403 2160 3448 autem
2200 3395 2476 3462 exemplar
2503 3391 2790 3446 Mediolani
2820 3393 2874 3447 in
2901 3391 3151 3450 biblioth.
3185 3390 3549 3444 Ambrosiam.

1981 3484 2127 3539 inter
2175 3485 2394 3540 codices
2422 3485 2640 3540 Graecos
2677 3485 2881 3540 recenti
2935 3500 3100 3538 manu
3147 3482 3412 3552 scriptum
3454 3482 3544 3536 de-

1979 3577 2395 3648 prehendimus.
2426 3577 2630 3649 Estque
2674 3593 2902 3632 aureum
2933 3577 3038 3630 hoc
3068 3575 3392 3646 opusculum
3429 3589 3547 3627 om-

1980 3670 2141 3725 nibus
2191 3671 2306 3724 suis
2355 3671 2596 3726 numeris
2633 3678 2689 3727 et
2728 3670 2975 3742 partibus
3020 3669 3326 3723 absolutum
3365 3687 3379 3721 :
3416 3667 3550 3722 sub-

1980 3763 2309 3832 scriptiones
2358 3770 2540 3817 tamen
2573 3762 2950 3833 Aigyptiorum
3006 3760 3299 3853 praesulum
3347 3761 3400 3814 in
3441 3762 3548 3816 ﬁne

1980 3853 2260 3917 subnexae,
2310 3861 2598 3918 truncatas,
2661 3862 2720 3908 ut
2760 3855 3028 3925 liquidum
3082 3863 3186 3918 est,
3231 3868 3294 3907 ac
3343 3853 3548 3907 mutila:

1980 3954 2146 4011 sunt;
2201 3945 2274 3998 ita
2317 3955 2374 3999 ut
2418 3945 2593 4015 ipsius
2640 3945 2928 4001 Athanasii
2971 3961 3193 4011 nomen,
3229 3943 3375 4014 quod
3423 3944 3548 3996 aliis

1980 4037 2123 4090 haud
2151 4036 2316 4092 dubie
2345 4039 2688 4106 praemissum
2719 4045 2856 4101 erat,
2898 4037 3184 4093 exciderit.
3228 4035 3354 4090 Haec
3382 4052 3546 4106 porro

1981 4127 2446 4198 subscriptionum
2486 4145 2608 4185 sors
2637 4129 2758 4195 fuit,
2795 4137 2855 4184 ut
2886 4130 3300 4184 amanuensium
3335 4128 3546 4182 incuria

1979 4220 2223 4289 perirent
2270 4239 2283 4275 :
2335 4224 2463 4290 quia
2521 4212 2600 4276 illi
2645 4235 2797 4277 mera
2850 4223 3072 4276 nomina
3131 4221 3200 4276 ad
3251 4238 3365 4278 rem
3411 4223 3548 4278 nihil

1980 4313 2253 4382 pertinere
2300 4313 2713 4368 arbitrabantur
2770 4314 2950 4369 :inde
3006 4321 3110 4378 est,
3162 4313 3308 4384 quod
3367 4313 3552 4368 Sardi-

1980 4419 2174 4460 censes
2252 4404 2685 4476 subscriptiones
2745 4407 2952 4461 mutila:
3021 4406 3166 4469 sint,
3232 4406 3552 4476 pariterque

1981 4498 2366 4553 Alexandrinae
2397 4499 2525 4552 anni
2557 4485 2682 4552 321.
2717 4501 2774 4554 In
2799 4499 3197 4554 contestatione
3231 4505 3413 4552 autem
3448 4515 3548 4570 pos

1983 4590 2096 4659 puli
2139 4590 2495 4644 Alexandrini
2539 4605 2680 4645 anno
2723 4590 2827 4645 556
2868 4591 3032 4656 facta,
3089 4589 3547 4659 subscriptiones,-

1978 4697 2098 4750 qum
2173 4697 2370 4752 magno
2425 4697 2655 4738 numero
2710 4689 2900 4746 erant,
2959 4696 2991 4735 a
3042 4680 3280 4737 librariis
3331 4684 3548 4755 penitus

1977 4773 2192 4827 omissae
2237 4779 2384 4827 sunt.
2442 4772 2528 4827 Nil
2570 4788 2699 4843 ergo
2739 4773 2936 4828 mirum
2985 4773 3076 4827 hic
3115 4770 3548 4845 subscriptiones

1978 4881 2202 4920 maneas
2224 4875 2278 4922 et
2305 4867 2528 4922 mutilas
2561 4867 2767 4921 haberi.

2091 4981 2148 5030 ll.
2177 4981 2279 5040 Qua
2301 4981 2555 5028 occasione
2576 4984 2746 5040 et-quo
2766 4991 2893 5027 anno
2913 4977 3037 5027 facta
3061 4978 3245 5042 legatio
3267 4980 3430 5030 fuerit.

2049 5086 2182 5152 Quae
2226 5100 2414 5149 causa,
2460 5099 2648 5154 quaeve
2678 5085 2899 5140 occasio
2933 5084 3102 5154 hujus
3152 5085 3434 5141 mittendae
3468 5087 3540 5139 le-

1979 5179 2216 5250 gationis
2263 5175 2520 5231 Marcello
2570 5175 2755 5237 fuerit,
2804 5175 2950 5230 haud
2989 5175 3205 5232 diﬁicile
3249 5185 3334 5232 est
3370 5192 3541 5246 augu-

1979 5273 2110 5328 rari.
2158 5270 2295 5326 Cum
2345 5269 2489 5324 enim
2535 5285 2677 5324 anno
2730 5269 2949 5324 circiter
2977 5269 3074 5323 571
3105 5268 3341 5323 Basilius
3365 5277 3420 5322 et
3453 5267 3545 5321 alii

1978 5362 2221 5433 episcopi
2280 5360 2422 5430 apud
2461 5359 2819 5413 Athanasium
2851 5359 2904 5413 id
2943 5360 3283 5424 molirentur,
3312 5365 3373 5411 ut
3403 5357 3538 5413 Mar-

1979 5456 2176 5510 cellum
2197 5462 2456 5521 tanquam
2481 5466 2635 5506 nova:
2655 5451 2925 5507 hmreseos
2943 5449 3160 5504 Arianis
3187 5465 3251 5504 ex
3276 5448 3546 5504 diametro

1979 5546 2242 5616 opposita:
2310 5551 2624 5606 auctorem,
2695 5544 2764 5598 ab
2829 5541 3088 5596 Ecclesiae
3157 5542 3551 5598 communione

1981 5640 2366 5696 submoverent
2424 5655 2435 5689 :
2479 5652 2584 5690 non
2627 5637 2851 5691 nescius
2908 5633 3195 5687 Marcellus
3235 5633 3288 5688 id
3335 5650 3432 5691 eos
3488 5636 3546 5691 in

1981 5730 2278 5800 perniciem
2324 5714 2479 5784 suam
2547 5727 2876 5788 machinari,
2920 5734 2980 5778 ut
3024 5727 3333 5796 proximum
3403 5730 3548 5798 peri-

1981 5825 2164 5878 cu‘um
2217 5822 2554 5888 declinaret,
2627 5818 3107 5894 commendatitias
3159 5822 3548 5892 episcoporum
