4038 6288
561 327 700 384 5.295

1784 319 1870 371 DE
1911 319 2068 373 VITA
2102 317 2186 372 ET
2228 316 2535 373 SCRIPTIS

3606 322 3715 379 ἥξιὸ

562 443 780 496 Achaiae
840 447 893 495 et
946 436 1271 494 Macedoniae
1347 436 1414 490 ad
1482 435 1842 491 Athanasium
1910 434 2289 499 litterasAiis
2334 435 2740 490 communionis
2800 433 3058 504 expetiit,
3112 438 3167 486 et
3216 430 3536 501 impetravit,
3593 442 3713 509 queis

562 530 875 603 etllagitavit
914 545 930 582 :
962 543 1085 582 nam
1123 543 1245 582 cum
1277 527 1363 581 his
1415 527 1649 582 maxime
1680 527 1979 582 Athanasio
2021 526 2124 581 do-

566 626 757 679 ctrinas
786 620 1122 675 consortium
1149 629 1203 674 et
1232 620 1542 689 epistolaris
1589 618 1933 673 familiaritas
1956 619 2124 672 inter-

563 716 784 769 cedebat
824 731 837 768 :
874 712 981 765 Καὶ
1007 710 1196 764 τούτου
1256 711 1350 764 τοῦ
1408 711 1692 780 δόγματος,
1748 711 1924 780 inquit
1977 710 2126 764 Basi-

564 808 670 861 lius
714 805 792 877 (2)
822 806 889 859 de
932 805 1249 867 Athanasio,
1282 804 1569 866 κοινωνούς
1604 821 1691 875 μοι
1725 804 2120 875 παρεχομένου,

560 898 683 960 τούς
711 914 766 949 τε
791 897 889 968 τῆς
912 895 1270 959 Μακεδονίας,
1296 896 1389 948 καὶ
1420 895 1518 965 τῆς
1554 894 1769 964 Ἀχαΐας
1794 895 2122 955 ἐπισκόπους

563 990 828 1054 ἅπαντας.
892 989 988 1046 His
1047 989 1351 1058 impetratis
1402 989 1596 1043 litteris
1654 987 1945 1043 Marcellus
2006 996 2122 1041 tum

560 1098 682 1145 suo,
728 1093 839 1136 tum
889 1083 1058 1139 totius
1108 1082 1381 1153 Ancyrani
1423 1081 1556 1135 cleri
1605 1081 1846 1146 nomine,
1874 1087 2121 1134 oratores

561 1175 726 1228 mittit
772 1175 836 1229 ad
888 1174 1288 1241 Athanasium;
1342 1173 1647 1244 Eugenium
1683 1173 1893 1227 scilicet
1935 1172 2123 1226 diaco-

562 1281 712 1331 num,
743 1266 1006 1336 aliosque,
1035 1267 1126 1337 qui
1156 1266 1334 1320 oblata
1377 1266 1477 1320 sibi
1507 1265 1734 1319 crimina
1769 1264 2118 1335 depellerent,

559 1366 613 1412 et
669 1359 789 1412 ﬁdei
849 1358 1243 1427 professionem
1294 1374 1476 1413 coram
1517 1357 1816 1412 Athanasio
1858 1365 1910 1411 et
1954 1354 2122 1426 [Egy-

559 1450 687 1518 ptiis
726 1451 1049 1518 przesulibus
1112 1452 1422 1506 recitarent.
1464 1448 1587 1504 llaec
1614 1466 1779 1520 porro
1822 1449 2018 1520 legatio
2063 1448 2118 1501 in

559 1555 760 1595 annum
811 1541 915 1594 572
968 1542 1252 1596 commode
1316 1541 1605 1606 referatur,
1657 1542 1816 1610 cujus
1875 1540 2117 1610 computi

559 1634 697 1688 ratio
740 1634 841 1689 hoc
891 1636 1053 1688 modo
1102 1635 1381 1689 statuitur.
1442 1633 1677 1690 Basilius
1719 1648 1864 1688 anno
1906 1632 2010 1686 570
2059 1633 2116 1686 in

558 1725 952 1781 Caesariensem
1003 1728 1320 1797 episcopum
1376 1734 1662 1797 cooptatus
1701 1733 1785 1781 est
1829 1744 1841 1779 :
1878 1725 1968 1779 cui
2009 1723 2116 1779 fre-

558 1835 730 1888 quens
761 1835 884 1873 cum
909 1820 1204 1876 Athanasio
1237 1821 1589 1890 epistolarum
1617 1835 1750 1875 usus
1782 1817 1905 1885 fuit,
1943 1818 1999 1872 in
2026 1832 2119 1872 ea-

560 1925 676 1963 rum
714 1926 836 1981 quae
875 1920 1168 1981 supersunt
1205 1920 1478 1981 postrema
1513 1910 1581 1966 de
1620 1910 1929 1965 damnando
1973 1908 2116 1963 Mar-

555 2003 697 2056 cello
725 2004 923 2074 agitur,
971 2019 1198 2073 eamque
1224 2019 1324 2058 nos
1353 2004 1409 2058 in
1453 2018 1653 2058 annum
1692 2002 1790 2057 571
1827 2000 2116 2057 conferen-

556 2093 678 2147 dam
704 2103 979 2164 putamus.
1023 2094 1196 2165 llujus
1239 2104 1420 2150 autem
1467 2094 1757 2149 occasione
1802 2099 2115 2163 susceptam

556 2186 876 2256 legationem
913 2196 965 2242 et
1006 2188 1294 2242 adventum
1343 2186 1569 2259 Eugenii
1613 2185 1999 2242 Alexandriam
2060 2184 2115 2238 in

556 2291 869 2350 sequentem
935 2296 1138 2336 annum
1201 2282 1548 2352 conjicimus,
1600 2281 1727 2352 quia
1790 2288 1873 2335 tot
1926 2277 2115 2335 missis

556 2372 698 2425 ultro
753 2373 1002 2442 citroque
1041 2372 1227 2427 Basilii
1286 2371 1354 2427 ad
1397 2374 1778 2437 Athanasium,
1829 2368 2113 2424 Athanasii

555 2464 623 2517 ad
662 2463 921 2521 Basiliam
972 2465 1191 2537 litteris,
1234 2464 1363 2518 anni
1403 2463 1504 2519 570
1540 2464 1723 2528 ﬁnem,
1753 2470 1807 2519 et
1834 2463 2114 2532 sequentis

557 2555 846 2610 maximam
898 2542 1104 2626 partem
1133 2557 1372 2625 elapsam
1415 2565 1691 2627 putamus.
1736 2555 1794 2609 Id
1829 2563 2011 2610 autem
2045 2569 2111 2608 ex

555 2648 868 2719 conjectura
904 2658 1111 2703 tantum
1135 2649 1393 2713 dicimus,
1429 2652 1552 2718 quia
1580 2649 1918 2719 exploratum
1961 2646 2111 2702 vide-

556 2747 647 2791 tur
692 2738 743 2792 id
787 2741 1047 2795 extremis
1086 2740 1368 2796 Athanasii
1411 2741 1536 2796 vitae
1569 2740 1750 2804 annis,
1791 2749 1844 2795 et
1878 2739 2113 2795 fortasse

556 2830 832 2885 mensibus
869 2838 1047 2885 actum
1079 2847 1219 2888 esse.
1251 2832 1501 2889 Attamen
1522 2834 1742 2890 nonnisi
1766 2832 2109 2904 augurando,

555 2921 859 2974 litterarum
905 2923 1045 2978 ultro
1094 2925 1340 2994 citroque
1378 2925 1666 2981 missarum
1726 2927 1900 2996 Spatia
1955 2926 2111 2980 meti.

554 3026 696 3064 mur.
724 3010 944 3067 Certum
989 3013 1347 3070 nihilominus
1385 3015 1600 3071 videtur
1627 3016 1695 3070 ab
1726 3031 1869 3070 anno
1901 3014 2000 3068 571
2042 3014 2106 3068 ad

2144 1783 2193 1842 B

2230 525 2472 578 munitos
2526 525 2731 594 legatos
2802 538 2933 578 suos
2987 520 3055 575 ad
3093 519 3441 575 Athanasium
3482 523 3629 581 misit.
3669 528 3713 583 In

2224 614 2328 669 hac
2375 621 2555 670 autem
2612 614 2877 686 legatione
2922 612 3105 669 omnia
3156 610 3377 667 miriﬁce
3426 615 3661 682 quadrant
3701 641 3710 675 :

2228 719 2355 758 nam
2407 712 2605 774 praeter
2639 704 2759 759 illas
2797 718 2827 757 a
2862 700 3191 757 Macedoniae
3222 708 3273 755 et
3310 700 3515 757 Achaiae
3547 706 3716 775 episco-

2224 796 2329 865 pis,
2382 811 2490 865 quo
2541 803 2784 867 tempore
2827 796 2904 848 illi
2970 808 3094 848 cum
3155 791 3442 848 Athanasio
3484 792 3544 848 de
3586 797 3715 853 rebus

2225 881 2352 936 ﬁdei
2398 882 2706 951 conjunctis
2754 882 2953 938 animis
3013 881 3342 943 tractabant,
3385 885 3620 952 expetitas
3650 887 3719 940 lit--

2224 982 2418 1039 teras;
2467 974 2521 1028 in
2583 973 2706 1027 ﬁdei
2756 973 3099 1043 professione
3164 973 3414 1044 legationi
3452 976 3714 1047 subjuncta,

2221 1069 2419 1113 contra
2462 1061 2761 1116 Anommos
2807 1052 3063 1124 maxime,
3096 1061 3254 1131 quasi
3289 1070 3414 1118 tunc
3440 1068 3720 1123 tumultuan-

2222 1159 2309 1206 tes
2354 1154 2567 1222 agitcr,
2618 1153 2765 1222 quod
2810 1153 3049 1222 apprime
3094 1154 3270 1209 eidem
3318 1160 3534 1228 tempori
3558 1175 3716 1219 conve-

2222 1242 2374 1309 niat;
2430 1250 2484 1296 et
2543 1255 2665 1313 post
2721 1243 2843 1299 ﬁdei
2926 1242 3216 1298 formulam
3269 1263 3297 1300 a
3348 1248 3525 1319 legatis
3571 1267 3718 1309 coram

2220 1331 2519 1387 Athanasio
2591 1335 2914 1400 recitatam,
2993 1336 3465 1396 commendatitias
3528 1340 3616 1411 ipsi
3667 1347 3718 1398 ab

2218 1423 2520 1479 Athanasio
2556 1423 2767 1479 litteras
2804 1427 3104 1496 postulant,
3146 1443 3284 1498 quas
3325 1428 3630 1499 impetratas,
3654 1450 3719 1505 sy-

2219 1514 2362 1569 nodo
2400 1514 2817 1572 Diocazsariensi
2857 1518 3223 1587 protulerunt,
3253 1529 3312 1572 ut
3343 1519 3479 1572 infra
3512 1520 3718 1578 dicimus.

2323 1626 2411 1676 IlI.
2433 1627 2509 1677 De
2532 1628 2644 1677 ﬁdei
2667 1628 2969 1690 professione
2994 1629 3212 1679 Marcelli
3230 1631 3425 1680 nomine
3441 1634 3634 1683 recitata.

2289 1733 2641 1799 Athanasius,
2682 1741 2738 1788 ut
2763 1736 2856 1805 qui
2898 1735 3193 1789 multorum
3236 1743 3289 1790 et
3328 1734 3505 1791 Basilii
3537 1738 3723 1792 maxime

2220 1832 2444 1878 narratu
2481 1826 2773 1891 abductus,
2809 1837 3119 1896 suspectam
3146 1826 3385 1881 Marcelli
3420 1827 3565 1882 ﬁdem
3591 1828 3721 1883 hahe-

2221 1921 2334 1979 ret,
2395 1925 2642 1971 oratores
2685 1915 2753 1970 de
2795 1915 3045 1971 doctrina
3094 1924 3463 1988 percontatur.
3515 1916 3585 1971 llli
3630 1916 3718 1971 ﬁdei

2211 2004 2510 2060 formulam
2577 2007 2785 2074 edunt,
2860 2008 3146 2078 primoque
3216 2008 3447 2064 haresin
3514 2011 3721 2064 Arianam

2215 2097 2479 2151 damnant
2516 2098 2859 2153 anathemate
2879 2140 2892 2161 ,
2927 2113 2991 2153 ac
3023 2099 3085 2153 τὸ
3118 2100 3400 2170 ὀμοούσιον
3435 2101 3719 2171 proﬁtentur.

2212 2186 2357 2243 Hinc
2408 2188 2515 2244 sibi
2557 2190 2854 2260 ascriptam
2892 2189 3014 2247 Filii
3059 2202 3108 2246 et
3153 2191 3320 2249 Verbi
3373 2192 3720 2248 distinctionem

2214 2280 2536 2351 repudiant,
2589 2280 2973 2352 afﬁrmantque
3014 2284 3382 2354 sycophantas
3419 2299 3550 2348 esse,
3581 2284 3724 2354 quise

2213 2386 2278 2427 ea
2303 2371 2371 2427 de
2401 2386 2457 2427 re
2489 2374 2547 2427 in
2584 2374 2793 2429 crimen
2836 2382 3101 2429 vocarent
3139 2394 3151 2428 :
3196 2373 3492 2431 Sabellium
3534 2375 3722 2445 proscri-

2214 2467 2372 2525 bunt,
2408 2475 2632 2536 tresque
2658 2467 2712 2520 in
2748 2466 3016 2524 Trinitate
3039 2469 3404 2525 subsistentes
3432 2466 3719 2522 conﬁtentur.

2213 2555 2288 2608 Οὐ
2311 2554 2440 2626 γὰρ,
2471 2555 2746 2625 inquiunt,
2778 2555 3144 2611 ἀνυπόστατον
3169 2557 3272 2628 τὴν
3293 2557 3493 2629 Τριάδα
3511 2555 3721 2625 λέγομεν·

2212 2646 2323 2699 ἀλλ’
2356 2649 2413 2699 ὲν
2450 2648 2741 2702 ὑποστάσει
2785 2648 2953 2719 αὐτὴν
3008 2649 3384 2721 γινώσκομεν⁸
3433 2649 3484 2705 id
3507 2658 3595 2711 est,
3630 2647 3722 2701 Non

2209 2738 2349 2790 enim
2377 2737 2693 2792 Trinitatem
2722 2739 2837 2794 sine
2868 2738 3167 2793 substantia
3204 2739 3316 2794 sive
3356 2738 3603 2810 hypostasi
3625 2737 3724 2790 dici-

2210 2848 2325 2885 mus
2367 2849 2479 2887 esse
2504 2876 2518 2901 ,
2555 2848 2729 2887 verum
2770 2834 2825 2887 in
2870 2833 3139 2904 {typostasi
3181 2833 3356 2902 ipsam
3400 2832 3720 2903 cognoscimus.

2210 2922 2314 2979 Ubi
2339 2925 2780 2981 animadvertere
2807 2932 2892 2981 est
2927 2924 3243 2980 Marcellum
3291 2940 3393 2996 pro
3434 2931 3626 2980 assueto
3648 2918 3725 2975 sibi

2209 3032 2363 3074 more
2384 3033 2549 3073 unam
2579 3025 2792 3074 tantum
2828 3018 3152 3090 hypostasin
3193 3019 3253 3073 in
3297 3018 3550 3074 Trinitate
3574 3012 3723 3070 admit-

553 3106 658 3159 575
693 3121 802 3174 quo
848 3106 1179 3163 Athanasius
1220 3124 1250 3163 e
1283 3109 1418 3165 vivis
1470 3109 1727 3174 excessit,
1783 3108 2108 3179 legationem
2137 3124 2178 3181 ε
2212 3115 2348 3173 tere,
2406 3109 2538 3178 quia
2589 3108 2887 3162 ὑπόστασιν
2937 3123 3036 3178 pro
3089 3108 3408 3166 substantia
3465 3103 3724 3177 accipiebat.

553 3214 676 3253 esse
710 3198 925 3253 factam.

624 3288 692 3342 Ut
750 3297 930 3345 autem
990 3306 1111 3344 cum
1176 3290 1376 3362 negotii
1416 3292 1608 3355 series,
1652 3301 1766 3345 tum
1822 3292 2109 3362 legationis

550 3381 838 3453 γνησιότης
873 3385 1111 3452 apertior
1149 3384 1363 3447 evadat,
1396 3385 1660 3439 nonnulla
1694 3384 1784 3438 hic
1815 3385 2111 3440 observare

551 3488 732 3542 operae
804 3476 1038 3543 pretium
1107 3474 1291 3529 fuerit.
1364 3474 1633 3529 Nimirum
1700 3491 1809 3546 quo
1866 3483 2110 3547 tempore

551 3566 887 3623 Athanasius
938 3578 992 3623 et
1020 3568 1277 3634 Basilius,
1314 3570 1498 3625 missis
1540 3571 1796 3641 utrinque
1839 3570 2108 3640 epistolis,

552 3659 619 3711 de
656 3658 820 3714 rebus
864 3659 1255 3715 ecclesiasticis
1309 3660 1562 3731 agebant,
1612 3662 1824 3716 scilicet
1857 3662 1925 3716 ab
1969 3677 2111 3716 anno

551 3746 655 3800 570
696 3747 761 3801 ad
797 3749 901 3803 575
948 3761 1191 3804 mutuam
1245 3751 1373 3806 item
1427 3752 1727 3807 Athanasio
1768 3751 1937 3807 fuisse
1987 3766 2110 3806 cum

554 3830 796 3902 Epicteto
847 3834 1095 3890 Corinthi
1142 3846 1195 3893 et
1253 3838 1374 3894 aliis
1420 3840 1636 3894 Achaiae
1677 3848 1730 3896 et
1782 3841 2115 3897 Macedoniae

548 3924 820 3995 episcOpis
858 3927 1159 3983 litterarum
1211 3928 1279 3985 de
1327 3930 1490 3985 rebus
1530 3931 1687 3986 ﬁdem
1742 3935 2114 4003 spectantibus

554 4017 1021 4081 consuetudinem,
1070 4027 1130 4072 ut
1171 4020 1226 4074 in
1269 4021 1498 4091 epistola
1541 4021 1825 4080 Athanasii
1874 4026 1941 4081 ad
1987 4025 2113 4097 Epi-

553 4112 755 4160 ctetum
785 4107 1034 4163 Corinthi
1069 4126 1211 4166 anno
1247 4112 1345 4166 571
1398 4114 1565 4169 missa
1606 4114 1789 4169 videre
1818 4125 1922 4183 est,
1958 4116 2105 4171 item-

553 4213 660 4267 que
696 4214 758 4252 cx
786 4201 948 4253 allato
975 4217 1138 4271 supra
1177 4202 1363 4258 Basilii
1392 4206 1512 4262 loco
1539 4209 1946 4277 comprobatur.
1976 4208 2111 4264 Cum

555 4286 686 4361 ergo
714 4292 837 4345 novi
883 4292 1161 4362 quidpiam
1205 4294 1273 4349 dc
1322 4297 1594 4352 catholica
1627 4299 1729 4355 ﬁde
1765 4299 1819 4353 in
1856 4299 2115 4357 Ecclesiis

554 4382 770 4438 Achaiae
821 4394 875 4439 et
922 4383 1250 4441 Macedoniae
1297 4390 1615 4458 agitaretur,
1673 4407 1763 4447 res
1823 4394 2003 4447 statim
2049 4394 2114 4449 ad

2212 3197 2331 3264 Qua
2356 3197 2426 3253 de
2456 3206 2518 3252 re
2555 3204 2736 3252 actum
2772 3205 2857 3253 est
2890 3198 2944 3251 in
2991 3198 3204 3269 synodo
3231 3196 3585 3253 Alexandrina
3616 3204 3724 3246 anno

2212 3289 2338 3355 562,
2372 3289 2462 3343 ubi
2488 3288 2673 3343 allatis
2709 3288 2852 3343 ultro
2896 3288 3152 3358 citroque
3187 3288 3512 3354 rationibus,
3555 3295 3645 3340 tam
3676 3281 3725 3334 iis

2212 3383 2307 3450 qui
2342 3396 2507 3435 unam
2541 3389 2775 3449 tantum,
2815 3397 2846 3437 e
2873 3397 3107 3453 quorum
3145 3397 3378 3438 numero
3410 3374 3724 3436 Marcelliani;

2212 3489 2374 3545 quam
2405 3474 2472 3530 iis
2501 3474 2593 3544 qui
2623 3482 2736 3531 tres
2756 3476 3080 3546 hypostases
3114 3474 3530 3545 proﬁtebantur,
3557 3476 3611 3526 ut
3632 3481 3727 3523 snas

2213 3565 2316 3620 sibi
2348 3565 2612 3621 formulas
2641 3567 2944 3622 retinerent
2975 3582 3307 3623 concessum
3338 3574 3456 3634 est;
3483 3556 3723 3628 dumiiqui

2215 3672 2403 3722 unam,
2437 3659 2601 3714 trium
2652 3658 3104 3727 distinctionem;
3147 3660 3184 3715 ii
3218 3675 3352 3717 vero
3401 3659 3491 3730 qui
3536 3665 3632 3711 tres
3656 3652 3720 3721 bl"

2213 3755 2459 3817 postases
2525 3747 2806 3811 dicebant,
2867 3747 3131 3803 unitatem
3178 3746 3496 3805 substantiae
3558 3740 3724 3813 proli“?

2214 3848 2424 3895 rentur.
2463 3839 2576 3895 Sub
2622 3840 2736 3895 haec
2782 3848 2961 3896 autem
3004 3848 3198 3897 contra
3240 3843 3533 3897 Anomteos
3573 3834 3728 3904 agitur.

2214 3933 2307 4004 qui
2346 3930 2541 3987 Filium
2577 3933 2725 3987 Patri
2773 3932 3114 3997 dissimilem,
3164 3931 3437 4002 Spiritum
3492 3943 3611 3985 vero
3633 3938 3725 3979 san-

2216 4031 2364 4077 ctum
2392 4029 2700 4077 creaturam
2726 4039 2849 4079 esse
2875 4023 3149 4079 dicebant.
3193 4022 3337 4079 Hinc
3373 4019 3659 4093 proceditur
3680 4011 3728 4065 ad

2215 4127 2410 4168 eorum
2452 4112 2846 4185 repudiandam
2892 4115 3239 4181 sententiam,
3283 4113 3378 4184 qui
3418 4101 3728 4166 dicerentFi-

2217 4203 2350 4258 lium
2401 4201 2497 4260 Dei
2544 4204 2599 4258 in
2646 4212 2890 4259 sanctum
2937 4204 3210 4259 hominem
3264 4219 3335 4260 ex
3386 4200 3545 4256 Maria
3586 4204 3730 4252 natum

2224 4292 2452 4362 perinde
2488 4300 2651 4363 atque
2684 4294 2737 4348 in
2767 4293 3001 4365 aliquem
3040 4310 3104 4350 ex
3139 4294 3422 4366 praphetis
3450 4287 3729 4347 advenisse:

2220 4398 2381 4455 quam
2411 4384 2643 4440 haeresin
2673 4400 2705 4438 a
2741 4383 2911 4440 Paulo
2956 4383 3339 4451 Samosateno,
3383 4392 3441 4440 ut
3470 4381 3730 4455 putabatur.

554 4477 913 4532 Athanasium
937 4476 1302 4545 deferebatur,
1335 4488 1393 4534 ut
1426 4483 1562 4535 tanti
1605 4483 1845 4540 doctoris
1872 4487 2115 4542 auctori-
2146 4462 2191 4517 ί)
2219 4486 2427 4546 ortam,
2471 4491 2662 4549 poswa
2701 4479 3090 4551 redintegravit
3134 4478 3445 4542 Ncstorius.
3474 4491 3572 4549 qua
3607 4472 3663 4527 de
3692 4482 3731 4521 κ

556 4577 683 4632 tate,
707 4570 752 4625 si
782 4570 912 4641 quid
944 4571 1069 4628 novi
1100 4586 1131 4624 a
1155 4574 1464 4628 temerariis
1496 4575 1823 4643 hominibus,
1854 4577 1947 4649 qui
1978 4578 2117 4634 bene

555 4661 713 4715 multi
751 4663 840 4715 illa
892 4673 1210 4735 tempestate
1246 4674 1424 4731 erant,
1469 4667 1617 4722 circa
1651 4668 1857 4725 Christi
1910 4670 2116 4726 doctri-

556 4765 681 4805 nam
719 4752 1055 4822 proferretur
1093 4756 1147 4810 in
1185 4756 1423 4811 medium
1457 4775 1472 4825 ;
1527 4759 1711 4813 statim
1748 4760 1829 4814 vel
1875 4763 2115 4831 compri-

556 4850 818 4905 meretur,
875 4845 952 4898 vel
1002 4845 1400 4913 eonfutaretur,
1452 4864 1521 4903 ne
1574 4850 1852 4920 vulgatum
1911 4853 2115 4906 malum

555 4933 720 4987 latius
754 4943 1016 5003 serperet.
1046 4936 1124 4993 Ne
1167 4941 1354 5005 multa,
1393 4942 1537 4997 inter
1583 4943 1867 5014 episcopos
1895 4944 2116 5000 Achaia:

552 5032 607 5079 et
648 5024 1006 5081 Athanasium
1056 5031 1191 5082 mira
1241 5039 1362 5087 erat
1419 5034 1682 5089 doctrinae
1732 5044 1785 5090 et
1833 5037 2113 5108 religionis

554 5117 934 5173 consonantia.
958 5117 1094 5172 Cum
1123 5136 1251 5192 ergo
1279 5124 1566 5182 Marcellus
1605 5144 1664 5183 se
1696 5143 1725 5181 a
1763 5127 1986 5193 Basilio,
2019 5132 2112 5200 qui

554 5210 682 5263 item
740 5227 933 5283 magna
987 5219 1106 5265 erat
1152 5214 1296 5283 apud
1353 5217 1711 5274 Athanasium
1764 5223 2109 5287 auctoritate,

554 5302 751 5357 acriter
800 5305 1104 5376 impetitum
1140 5316 1414 5371 cerneret,
1461 5325 1525 5364 ac
1572 5311 1870 5383 instigante
1907 5313 2110 5369 Basilio

554 5409 613 5448 se
645 5395 714 5450 ab
752 5395 1051 5454 Athanasio
1080 5399 1449 5454 damnandum
1484 5401 1599 5459 fore
1636 5406 2016 5475 prospiceret;
2054 5415 2113 5461 ut

555 5484 690 5537 tanti
740 5488 966 5556 periculi
1009 5489 1231 5554 molem,
1265 5489 1643 5561 episcoporum
1671 5493 1890 5550 Achaiae
1916 5504 1972 5551 et
2004 5495 2116 5550 Ma-

519 5575 795 5651 cedoniae
848 5579 1343 5645 commendatione,
1399 5580 1726 5647 declinaret,
1775 5584 1991 5640 litteras
2048 5585 2116 5641 ab

2221 4568 2408 4638 gravia
2452 4569 2505 4623 in
2548 4567 2769 4625 Oriente
2807 4568 3035 4624 dissidia
3071 4570 3309 4624 excitata
3353 4577 3478 4625 sunt
3509 4586 3521 4621 :
3557 4565 3733 4619 demum

2221 4659 2477 4714 damnata
2535 4659 2685 4714 Pauli
2733 4657 3072 4716 Samosateni
3116 4666 3172 4716 et
3221 4659 3442 4715 Photini
3483 4654 3731 4726 impietate.

2220 4750 2495 4806 clauditur
2531 4750 2654 4807 ﬁdei
2688 4750 2940 4817 formula,
2968 4768 3076 4822 qua
3114 4753 3321 4808 nullam
3362 4758 3551 4823 quarto
3576 4743 3735 4803 seculo

2221 4840 2635 4896 luculentiorem
2658 4882 2674 4906 ,
2710 4841 2941 4913 ﬁdeique
2978 4842 3275 4899 Catholica;
3304 4838 3732 4914 congruentiorem

2219 4934 2481 5004 reperias.

2355 5023 2431 5074 iV.
2455 5025 2531 5076 De
2553 5025 2990 5088 subscriptionibus
3010 5026 3352 5090 .Egyptiorum
3376 5026 3637 5091 praesulatu.

2288 5126 2402 5183 Hac
2442 5127 2586 5184 edita
2620 5128 2999 5191 confessione.
3029 5138 3279 5187 oratores
3317 5120 3731 5186 eommendatitias

2220 5218 2429 5275 litteras
2459 5220 2528 5274 ab
2556 5218 2858 5276 Athanasio
2880 5222 3158 5292 postulant
3185 5223 3596 5294 impetrantque.
3628 5214 3729 5269 Tum

2217 5312 2549 5368 Athanasius
2590 5314 2903 5384 caeterique,
2931 5314 3023 5384 qui
3064 5314 3357 5369 conventui
3402 5310 3750 5368 interfuerant;

2221 5402 2345 5459 ﬁdei
2391 5403 2786 5474 professionem
2837 5404 3111 5476 suffragiis
3142 5413 3194 5461 et
3233 5402 3626 5475 subscriptione
3660 5406 3726 5451 sm

2221 5495 2495 5551 muniunt.
2531 5494 2625 5550 Hae
2651 5511 2816 5567 porro
2858 5497 3289 5567 subscriptiones
3335 5495 3539 5551 mutila;
3570 5490 3628 5544 ad
3658 5496 3727 5539 ηοξ

2225 5586 2591 5654 devenerunt;
2632 5589 2709 5643 ita
2749 5596 2807 5645 ut
2835 5589 3120 5646 Athanasii
3154 5602 3382 5658 nomen,
3411 5585 3553 5660 quod
3575 5576 3725 5641 suffra-

610 5731 688 5800 (2)
721 5731 889 5801 Epist.
928 5737 1012 5793 75.
1056 5737 1188 5793 Vide
1225 5738 1350 5792 item
1374 5739 1534 5808 epist.
1572 5737 1850 5794 Athanasii
1887 5739 1952 5795 ad
1984 5734 2285 5808 Epictetum
2320 5742 2585 5799 Corinthi.
