4038 6288
299 347 321 399 ί
334 344 432 402 '297

1534 352 1875 409 MARCELLI
1907 352 2040 409 ANC
2054 353 2255 407 YﬂANl

3389 357 3516 411 1‘298

293 463 403 534 giis
440 460 582 515 haud
608 460 771 516 duhie
791 465 1129 534 prmmissum
1168 467 1360 533 fuerat,
1386 486 1493 525 non
1529 482 1859 541 compareat.
1891 478 1936 531 Α
1964 489 2066 526 non
2101 482 2275 527 tamen
2322 474 2534 530 licuisse
2582 478 2721 531 vobis
2767 479 2893 545 ipsis
2930 493 3037 531 rem
3089 477 3223 529 tanti
3274 488 3517 529 momenti

297 562 645 625 quatuorque
695 563 902 611 tantum
945 560 1239 628 prmsulum
1298 563 1520 616 nomina
1560 565 1857 635 supersint.

297 646 517 700 Primus
564 653 650 702 est
690 645 1005 704 Tht'0;ittlus
1055 650 1372 724 Oxyrinchi,
1409 655 1569 724 cujus
1610 656 1861 726 nuspiam

302 740 571 795 memoria
631 742 893 797 occurrit.
955 744 1102 799 Alter
1147 753 1261 810 est,
1321 745 1513 805 Plcnes
1573 749 1864 819 episcopus

300 832 622 897 liermothi,
667 834 782 889 sive
817 834 1115 903 Hermethi,
1158 838 1204 893 is
1241 838 1377 909 ipse,
1418 847 1475 893 ut
1509 841 1743 905 videtur,
1771 842 1865 911 qui

301 927 378 980 ab
418 925 729 982 Alexandro
772 928 1077 993 ordinatus.
1116 932 1184 986 ab
1212 932 1430 987 Arianis
1463 933 1518 987 in
1550 933 1866 989 Ammonia-

301 1033 426 1075 cam
474 1018 749 1090 relegatus
803 1021 975 1077 fuerat
1031 1037 1176 1077 anno
1215 1025 1339 1090 556,
1385 1027 1587 1096 quique
1636 1027 1750 1097 jam
1813 1028 1867 1081 in

303 1110 629 1181 episcopatu
695 1124 1078 1170 consenuerat.
1147 1114 1364 1173 Tertius
1437 1126 1523 1173 est
1589 1117 1869 1189 lschyrion

303 1201 599 1271 episcopus
632 1200 861 1268 Leonto,
896 1204 1010 1259 sive
1033 1203 1381 1277 Leontopoiis
1416 1228 1427 1261 :
1469 1207 1608 1263 idem
1638 1209 1871 1265 fortasse

306 1292 404 1362 qui
446 1292 501 1345 in
533 1292 744 1363 synodo
776 1292 938 1365 Tyria
985 1309 1207 1351 causam
1245 1297 1533 1353 Athanasii
1577 1316 1701 1353 cum
1749 1301 1871 1355 aliis

311 1383 583 1456 zEgyptiis
619 1385 943 1454 praesulibus
973 1396 1193 1444 strenue
1221 1390 1409 1461 gessit.
1441 1389 1754 1447 Postremus
1790 1401 1873 1447 est

312 1474 466 1529 Isaac
506 1475 818 1545 episcopus.
858 1473 1029 1539 Cujus
1067 1478 1306 1535 nominis
1345 1480 1565 1551 quidam
1607 1482 1876 1552 reperitur

314 1568 458 1620 inter
483 1564 763 1637 Egyptios
799 1571 1087 1638 episcopos
1130 1568 1189 1624 in
1228 1570 1723 1643 subscriptionibus
1747 1570 1877 1626 Sar-

314 1653 651 1710 dicensibus.
680 1655 785 1709 Alii
813 1656 1229 1714 interciderunt.

724 1809 781 1859 V.
808 1810 900 1869 Qui
921 1810 1065 1862 fuerit
1086 1816 1273 1878 negotii
1296 1816 1475 1868 exitus.

384 1950 504 2005 Jam
535 1967 663 2009 vero
695 1961 884 2021 restat,
914 1964 975 2010 ut
1009 1958 1104 2028 qui
1134 1959 1270 2013 tanti
1314 1962 1518 2032 negotii
1556 1964 1733 2021 exitus
1761 1964 1879 2023 fue-

316 2047 383 2097 rit
420 2046 750 2116 aperiamus.
786 2048 1118 2106 Athanasius
1140 2066 1284 2108 anno
1313 2052 1420 2108 575
1438 2054 1727 2113 defunctus
1759 2069 1874 2113 est:

318 2136 610 2193 Marcellus
659 2154 788 2194 vero
838 2142 1084 2209 sequenti
1114 2142 1219 2196 574
1260 2150 1319 2197 ut
1350 2144 1553 2199 dictum
1605 2156 1707 2202 est.
1754 2146 1881 2203 Post

313 2225 439 2293 ejus
468 2225 700 2292 obitum,
750 2226 914 2296 paulo
962 2236 1252 2300 antequam
1282 2230 1350 2287 de
1394 2230 1644 2289 Marcello
1674 2237 1880 2291 scribe-

315 2325 398 2370 ret
433 2315 787 2386 Epiphanius,
826 2334 951 2373 nam
992 2335 1108 2376 rem
1172 2322 1262 2376 ille
1290 2323 1580 2379 admodum
1616 2342 1882 2396 nuperam

316 2425 446 2465 esse
494 2410 837 2476 testificatur,
865 2412 1087 2483 quidam
1119 2413 1390 2486 Ancyrani
1422 2433 1488 2472 ex
1519 2417 1755 2475 Marcelli
1801 2422 1883 2477 di-

318 2501 568 2572 scipulis,
621 2500 808 2557 Patres
858 2502 1208 2562 Diocesarea:
1256 2522 1355 2577 pro
1414 2509 1517 2564 fide
1576 2511 1885 2568 exsulantes

319 2594 615 2662 adierunt;
672 2594 926 2652 videlicet
979 2595 1275 2663 Photinus,
1338 2599 1691 2668 Eustathius,
1749 2605 1887 2660 alter

320 2689 624 2751 Photinus,
682 2687 945 2758 Sigerius,
998 2690 1337 2761 presbyteri;
1396 2690 1641 2763 Hyginus
1707 2694 1889 2750 diaco-

320 2795 464 2844 nus,
517 2779 828 2835 Heraclides
883 2779 1283 2846 subdiaconus,
1335 2782 1597 2854 Cyriacus
1654 2788 1887 2858 προστά-

320 2888 446 2942 της,
470 2871 523 2925 id
548 2878 663 2936 est,.
685 2880 949 2942 patronus
980 2874 1063 2928 vel
1085 2871 1359 2939 defensor,
1387 2876 1722 2946 prolatisque
1746 2892 1890 2932 com-

322 2962 663 3018 mendatitiis
711 2972 765 3018 et
804 2963 1307 3019 communieatoriis
1360 2965 1643 3021 Athanasii
1693 2967 1888 3024 litteris

320 3067 467 3122 (ptas
512 3068 543 3106 a
576 3053 769 3124 legatis
802 3054 1099 3124 postulatas
1134 3054 1557 3126 impetratasque
1590 3072 1753 3128 supra
1784 3074 1889 3114 me-

1961 566 2291 632 permittere;
2338 567 2428 620 sed
2471 570 2764 633 oportuisse
2792 585 2970 623 eorum
3006 570 3093 637 qui
3131 579 3237 621 tam
3280 569 3334 621 in
3374 567 3496 623 Occi

1963 653 2134 718 dente,
2183 672 2337 724 quam
2373 659 2426 711 in
2469 658 2682 714 Oriente
2711 671 2892 713 vestris
2930 658 3308 712 cnnmunionis
3348 668 3520 713 erant.

1964 746 2199 803 calculos
2243 757 2295 802 et
2340 752 2653 805 sententiam
2692 742 2841 805 'circa
2890 751 3266 806 restitutionem
3315 749 3519 803 illorurr

1964 850 2284 907 exspectare.
2327 839 2451 896 litae
2504 841 2780 909 Basilius;
2836 844 2919 897 vel
2969 843 3225 913 ignorans
3272 856 3356 903 ea,
3406 855 3521 909 qua

1966 928 2307 985 Alexandria:
2355 928 2409 982 in
2457 930 2686 999 gratiam
2725 930 2958 985 Marcelli
3000 939 3054 985 et
3097 930 3425 985 asseclarunt
3460 928 3522 982 ah

1967 1020 2265 1075 Athanasio
2297 1028 2448 1091 gesta
2489 1020 2737 1086 fuerant;
2769 1022 2873 1084 vel,
2910 1031 2968 1075 ut
2995 1037 3123 1076 vero
3153 1021 3405 1083 similius,
3447 1036 3503 1073 ra

1968 1120 2058 1167 tus
2092 1111 2405 1167 Marcellum
2455 1120 2509 1166 et
2564 1111 2941 1168 Marcellianos
2993 1114 3045 1166 in
3094 1112 3214 1168 ﬁdei
3258 1111 3524 1172 formulis,

1969 1218 2107 1274 quas
2155 1202 2454 1257 Athanasio
2506 1209 2561 1258 et
2618 1202 3133 1260 Diocmsaricnsibus
3184 1203 3527 1265 obtulerant,

1972 1293 2199 1348 subdole
2226 1301 2279 1348 ct
2313 1293 2685 1350 fraudulenter
2714 1297 2909 1367 egisse.
2955 1296 3067 1352 Etsi
3098 1310 3224 1349 vero
3264 1294 3522 1349 Dioceesa-

1971 1382 2233 1437 ricnsium
2266 1381 2334 1436 ad
2364 1382 2622 1438 Basilium
2656 1400 2977 1453 responsum
3014 1400 3281 1454 nusquam
3313 1397 3518 1453 compa-

1973 1481 2124 1540 reat,
2171 1489 2293 1528 cum
2337 1475 2499 1530 rebus
2532 1476 2685 1545 ipsis,
2731 1486 2842 1530 tum
2878 1476 3336 1546 subsequentibus
3367 1476 3530 1546 gestis

1974 1568 2355 1636 suadentibus,
2411 1569 2753 1639 exploratum
2814 1569 3043 1632 videtur,
3086 1567 3531 1622 Diocaasariense.=

1978 1657 2185 1714 Basilio
2209 1659 2518 1731 reposuisse
2550 1679 2564 1714 :
2592 1676 2702 1715 non
2738 1660 2956 1717 licuisse
2985 1661 3086 1716 sibi
3123 1659 3207 1720 iis,
3236 1659 3328 1727 qui
3348 1670 3532 1712 omnes

1980 1750 2235 1806 Marcello
2272 1751 2565 1806 attributes
2592 1767 2809 1806 errores
2865 1751 3300 1821 proscripserant
3321 1746 3527 1801 anathe-

1978 1857 2227 1913 mateque
2251 1843 2597 1907 damnarant,
2631 1845 2834 1914 quique
2870 1843 3099 1915 symboli
3134 1840 3338 1896 Nicaeni
3380 1838 3534 1894 fidem

1974 1935 2228 2006 professi,
2278 1938 2501 2006 insuper
2532 1951 2561 1990 a
2598 1951 2793 2005 magno
2826 1935 2917 1989 illo
2959 1934 3257 1988 Athanasio
3291 1932 3523 2002 aliisque

1978 2021 2248 2097 Aéigyptiis
2280 2027 2549 2096 episcopis
2598 2028 2799 2097 recepti
2847 2026 3179 2094 admissique
3217 2023 3450 2085 fuerant,
3481 2029 3539 2075 ut

1976 2116 2218 2186 ejusdem
2252 2117 2534 2172 Athanasii
2558 2118 2751 2172 litteras
2787 2116 2942 2172 fidem
2982 2117 3271 2177 faciebant,
3299 2128 3539 2170 comant-

1978 2208 2196 2262 nionem
2254 2208 2681 2264 ecclesiasticam
2730 2208 3015 2278 denegare.
3068 2207 3162 2264 liis
3202 2207 3439 2263 demum.
3482 2214 3540 2260 ut

1978 2299 2201 2355 credere
2250 2307 2354 2363 est,
2405 2300 2684 2370 mitigatus
2750 2299 3024 2362 Basilius.
3077 2299 3203 2354 licet
3250 2314 3424 2369 aegre,
3474 2297 3541 2351 ad

1981 2388 2356 2445 Marcellianos
2384 2389 2722 2459 recipiendos
2750 2392 2991 2445 animum
3023 2390 3248 2460 appulit,
3275 2404 3338 2445 ea
3361 2397 3541 2444 tamen

1980 2482 2233 2536 cautione
2256 2489 2311 2536 nt
2324 2497 2393 2537 ne
2409 2481 2683 2538 videretur
2696 2498 2754 2539 se
2780 2482 2845 2537 ad
2863 2481 3236 2537 Marcellianos
3249 2481 3543 2536 accessisse

1983 2571 2080 2627 sed
2112 2570 2492 2628 Marcellianos
2518 2572 2571 2627 in
2600 2571 2902 2628 Ecclesiam
2933 2571 3026 2626 Dei
3069 2572 3323 2627 reductos
3353 2570 3541 2626 fuisse.

1984 2661 2111 2718 Hzec
2135 2662 2337 2734 quippe
2371 2663 2566 2721 scribit
2597 2663 2781 2734 (epist.
2806 2665 2931 2729 52H
2966 2664 3031 2717 ad
3066 2663 3279 2717 Petrum
3314 2662 3545 2716 Alexan-

1984 2754 2204 2810 drinum
2235 2756 2521 2826 prtcsulem
2545 2775 2557 2811 :
2582 2756 2847 2821 Πολλάκις
2872 2752 2961 2812 οὖν
2988 2754 3232 2826 ὀχληθεὶς
3267 2754 3415 2825 παρὰ
3442 2754 3547 2808 τῶν

1986 2845 2259 2909 Γαλατῶν,
2310 2847 2562 2901 οὐδέποτε
2607 2848 2874 2918 ἠδυνήθην
2922 2849 3103 2911 αὐτοῖς
3158 2845 3548 2916 ἀποκρίνασθαι

1987 2937 2269 3008 ἀναμένων
2325 2939 2424 3002 τὰς
2478 2939 2748 3011 ὑμετέρας
2805 2940 3103 3011 ἐπικρίσεις
3160 2935 3547 3010 ίὰποκρίσειςῖ.

1989 3026 2099 3079 Καὶ
2127 3024 2240 3088 νῦν,
2266 3026 2359 3081 ἐὰν
2391 3029 2419 3079 ὁ
2443 3028 2645 3099 Κύριος
2669 3027 2763 3098 δῷ,
2789 3029 2882 3081 καὶ
2910 3027 3203 3100 θελήσωσιν
3226 3030 3387 3099 dvas)
3400 3025 3550 3082 ἐσθαι

323 3147 613 3211 minimus,
660 3146 784 3203 fidei
830 3145 1228 3203 confessionem
1278 3149 1445 3203 edunt
1469 3116 1578 3220 '(l),
1619 3116 1707 3204 cui
1741 3167 1887 3222 sym-

1992 3116 2166 3188 ήμῶν,
2203 3116 2492 3188 ἐλπίζομεν
2522 3118 2611 3172 τὸν
2639 3119 2765 3173 λαὸν
2798 3119 3084 3192 προσάξειν
3112 3122 3177 3190 τῇ
3220 3119 3515 3188 Ἐκκλησία
3534 3136 3546 3148 ο

321 3239 514 3293 bolum
552 3237 827 3292 Nicaenum
875 3238 1226 3293 subnectunt.
1265 3238 1358 3292 Est
1404 3247 1586 3293 autem
1616 3239 1889 3294 confessio

320 3343 436 3383 non
475 3327 739 3383 absimilis
792 3328 842 3382 ei
881 3344 1043 3398 quam
1084 3328 1381 3383 Athanasio
1411 3329 1763 3383 obtulerant:
1797 3345 1889 3385 ve-

318 3435 456 3476 rum
486 3420 542 3474 in
571 3420 672 3474 hac
698 3420 921 3488 diserte,
950 3421 1075 3493 τρία
1101 3420 1387 3492 πρόσωπα,
1430 3420 1546 3476 sive
1572 3428 1683 3476 tres
1713 3435 1892 3490 perso-

318 3530 417 3570 nas
480 3513 536 3567 in
589 3511 854 3567 Trinitate
895 3511 1241 3579 confitentur,
1282 3512 1423 3582 quod
1460 3526 1594 3567 sane
1649 3510 1892 3582 magistri

324 3603 410 3657 sui
458 3601 701 3656 Marcelli
747 3601 987 3671 opinioni
1017 3601 1262 3670 apprime
1294 3606 1560 3654 consonat
1591 3617 1604 3653 :
1635 3614 1761 3652 nam
1804 3597 1894 3651 ille

332 3694 504 3750 Deum
554 3693 953 3763 τριπρόσωπον,
990 3692 1104 3747 sive
1137 3690 1546 3760 tripersonalem
1580 3704 1702 3745 esse
1740 3689 1891 3752 dicit,

334 3801 442 3855 qua
473 3784 541 3839 de
590 3800 649 3837 re
695 3792 983 3837 accusatus
1032 3783 1100 3836 ab
1144 3781 1377 3837 Eusebio
1412 3781 1589 3837 fuerat
1623 3800 1637 3835 :
1678 3794 1895 3836 errores

335 3891 464 3931 vero
511 3872 870 3928 Marcellianis
904 3873 1170 3943 ascriptos
1203 3874 1550 3928 anathemate
1610 3874 1892 3927 damnant.

340 3966 433 4020 Itis
458 3964 766 4035 conspectis
794 3962 1243 4019 Dioczesarienses
1272 3963 1634 4032 confcssores,
1662 3965 1754 4035 qui
1785 3965 1897 4035 ple-

338 4059 493 4128 rique
528 4072 716 4112 omnes
744 4057 1040 4111 Athanasio
1075 4055 1367 4113 familiares
1393 4056 1627 4122 fuerant,
1657 4059 1806 4128 ipsos
1828 4058 1897 4113 ad

338 4149 775 4203 communionem
824 4147 1113 4216 recipiunt.
1162 4149 1232 4202 At
1285 4146 1516 4205 Basilius
1552 4149 1734 4222 (epist.
1773 4149 1896 4220 295)

338 4240 616 4297 ardentior
656 4237 1041 4296 ecciesiastica:
1069 4239 1189 4293 fidei
1236 4222 1575 4296 vindicandae
1623 4240 1895 4311 cupidine,

338 4334 465 4401 quia
499 4332 665 4387 semel
692 4339 1012 4401 conceptam
1057 4331 1124 4385 de
1173 4329 1409 4385 Marcelli
1457 4332 1738 4403 impietate
1781 4333 1901 4401 opi-

340 4427 558 4480 nionem
595 4424 685 4480 vix
721 4424 940 4479 missam
988 4423 1166 4480 facere
1197 4431 1429 4495 poterat,
1463 4440 1586 4479 cum
1630 4422 1900 4479 Diocsesa-

339 4517 616 4572 riensihus
673 4516 922 4585 patribus
968 4532 1076 4570 non
1129 4516 1317 4571 leviter
1372 4515 1697 4584 expostulat.
1752 4513 1895 4584 quod

340 4606 718 4663 Marcellianos
774 4607 843 4661 ad
897 4609 1335 4664 communionem
1397 4607 1718 4661 inconsultis
1781 4605 1900 4660 aliis

345 4698 619 4768 episcopis
648 4697 965 4753 admiserint
995 4717 1008 4752 :
1044 4699 1120 4753 ait
1150 4713 1317 4753 vero:
1349 4698 1495 4761 Τέως
1552 4698 1609 4751 δὲ
1642 4697 1736 4750 νῦν
1767 4713 1899 4750 κατ-

343 4789 608 4853 αξιώσατε
659 4791 790 4860 ἡμῖν
832 4790 1146 4845 ἀποστεῖλαι
1179 4791 1278 4854 τὰς
1307 4788 1629 4859 προτάσεις,
1681 4789 1765 4856 ἐφ’
1816 4782 1903 4850 αἷς

343 4878 595 4944 ἐδέξασθε
635 4883 762 4943 τοὺς
809 4879 1163 4952 Μαρκέλλουσ
1202 4883 1374 4934 ἐκεῖνο
1405 4880 1622 4946 εἰδότες,
1665 4881 1767 4946 ὅτι,
1802 4880 1904 4933 κᾶν

344 4970 485 5021 πάνυ
526 4970 588 5023 τὸ
620 4969 740 5022 καθ’
771 4970 996 5033 ἑαυτοὺς
1038 4970 1429 5041 ἀσφαλίσησθε,
1467 4970 1649 5040 μόνοις
1692 4971 1905 5031 ἑαυτοῖς

343 5060 629 5130 ἐπιτρέψαι
661 5063 891 5133 πρᾶγμα
927 5060 1176 5115 τοσοῦτον
1209 5063 1307 5114 οὐκ
1338 5062 1618 5130 depelli-:15"
1641 5061 1773 5114 ἀλλὰ
1800 5062 1905 5132 χρὴ

346 5150 595 5216 καὶτοὺς
640 5154 699 5205 ἐν
732 5157 797 5223 τῇ
844 5152 1012 5219 δύσει,
1054 5154 1146 5206 καὶ
1178 5154 1302 5217 τοὺς
1347 5154 1487 5207 κατὰ
1518 5152 1614 5224 τὴν
1647 5151 1907 5223 ἀνατολὴν

346 5244 697 5307 κοινωνικοὺς
749 5244 1071 5315 συμψήφους
1117 5244 1294 5299 αὐτῶν
1346 5248 1411 5316 τῇ
1469 5245 1907 5299 ἀποκαταστάσει

346 5332 630 5397 γενέσθαι·
686 5335 742 5389 id
790 5346 873 5391 est
905 5354 918 5391 :
956 5336 1044 5390 Vel
1088 5353 1223 5390 nunc
1268 5338 1453 5391 saltent
1504 5337 1653 5392 nobis
1704 5338 1909 5392 mittere

346 5422 632 5490 dignemini
662 5428 893 5480 rationes
928 5438 981 5480 et
1007 5444 1218 5493 causas,
1250 5428 1434 5499 quibus
1477 5428 1544 5481 ad
1590 5426 1907 5498 recipiendos

352 5511 594 5569 Marcelli
628 5518 860 5589 gregales
902 5518 1101 5573 inducti
1126 5520 1249 5574 estis
1282 5536 1299 5574 :
1332 5537 1433 5575 non
1481 5521 1663 5583 nescii,
1698 5521 1909 5574 etiamsi

353 5622 429 5661 res
470 5619 667 5665 vestras
716 5621 826 5664 tuto
863 5621 913 5665 et
950 5611 1273 5667 considerate
1315 5614 1561 5668 statuisse
1608 5611 1906 5678 videamini,

424 5744 497 5803 (ll
541 5744 804 5809 Epiphan.
843 5763 895 5808 ι).
930 5746 1050 5801 845.

1991 3209 2066 3271 ὡς
2087 3208 2158 3279 μὴ
2175 3210 2368 3271 αὐτοὺς
2395 3212 2540 3279 ἡμᾶς
2565 3210 2911 3274 ὀνειδίζεσθαι
2929 3211 3349 3282 Μαρκελλιανοῐς
3382 3227 3551 3282 προα-

1992 3301 2383 3371 κεχωρηκέναι,
2417 3300 2530 3354 ἁλλ’
2575 3301 2814 3365 ἐκείνους
2850 3302 2983 3373 μέλη
3026 3302 3274 3370 γενέσθαι
3306 3302 3397 3356 τοῦ
3450 3301 3552 3356 σώ-

1997 3408 2163 3462 ματος
2197 3392 2296 3462 τῆς
2356 3392 2680 3463 Ἐκεῖλησίας
2710 3391 2803 3445 τοῦ
2836 3393 3103 3464 Χριστοῦ·
3153 3392 3292 3446 ὥστε
3328 3394 3418 3447 τὸν
3452 3411 3550 3446 πο-

1992 3485 2151 3555 νηρὸν
2186 3484 2349 3554 ψόγον
2387 3484 2479 3539 τὸν
2520 3484 3020 3541 κατασκεδασθέντα
3062 3488 3126 3540 ἐκ
3175 3487 3266 3558 τῆς
3296 3487 3554 3557 αἱρέσεως

1992 3575 2412 3646 ὲναφανισϐῆναι
2432 3579 2498 3647 τῇ
2530 3576 2773 3647 ἡμετέρᾳ
2798 3576 3116 3649 προσλήψει,
3163 3578 3254 3631 καὶ
3300 3579 3374 3651 μὴ
3406 3581 3553 3648 ἡμᾶς
3628 3596 3631 3605 ·

1994 3669 2450 3739 καταισχυνοῆναι
2477 3670 2552 3733 ὡς
2591 3670 3010 3741 προσθεμένους.
3040 3669 3227 3727 Craeca
3256 3670 3447 3729 aii'erre
3474 3672 3554 3725 vi—

1996 3777 2114 3817 sum
2141 3772 2243 3826 est,
2289 3763 2414 3831 quia
2461 3762 2687 3833 insignis
2735 3762 2823 3815 hic
2863 3762 3014 3817 locus
3060 3778 3091 3815 a
3127 3760 3339 3815 Micraeo
3385 3762 3553 3817 inter-

1998 3860 2148 3921 prete
2172 3859 2497 3922 praapostere
2519 3868 2708 3907 versus
2732 3851 2907 3907 fuerat
2937 3872 2949 3906 :
2988 3853 3069 3907 sic
3106 3867 3208 3907 nos
3238 3852 3551 3907 reddimus:

1998 3941 2203 3996 Galatis
2236 3941 2530 4012 frequenter
2565 3951 2613 3996 et
2654 3942 2862 3998 moleste
2895 3942 3219 4012 urgentibus,
3258 3942 3427 3997 adhuc
3453 3959 3555 3995 non

1995 4034 2142 4103 potui
2167 4034 2451 4105 quidquam
2494 4034 2819 4103 respondere.
2862 4034 2999 4106 quod
3042 4044 3265 4089 vestram
3297 4042 3557 4103 exspecta-

1998 4143 2106 4181 rem
2136 4128 2541 4196 responsionem.
2576 4125 2731 4181 Nunc
2757 4136 2951 4191 autem,
2983 4130 3029 4182 si
3065 4128 3251 4198 [atterit
3282 4128 3555 4193 Dominus,

1999 4220 2247 4289 nobisque
2283 4220 2383 4286 ipsi
2419 4219 2659 4289 morigeri
2698 4234 2810 4272 esse
2844 4219 3019 4284 velint,
3049 4236 3316 4288 speramus
3344 4236 3436 4274 nos
3460 4235 3556 4287 po-

1999 4312 2180 4381 pulum
2214 4313 2266 4364 in
2304 4310 2593 4364 Ecclesiam
2639 4309 2944 4364 rcducturos
2988 4328 3132 4373 esse;
3177 4321 3233 4364 ut
3269 4328 3331 4364 ne
3357 4298 3559 4379 possint

2003 4406 2136 4460 illud
2170 4408 2319 4461 nobis
2352 4404 2688 4474 exprobrare,
2720 4422 2813 4460 nos
2849 4404 2917 4459 ad
2951 4404 3416 4459 Marcellianorum
3444 4420 3561 4472 paro

2003 4506 2079 4549 tes
2112 4495 2533 4559 accessisse;sed
2556 4512 2668 4549 vere
2687 4492 2897 4548 dicatur
2917 4495 3035 4548 illos
3063 4495 3295 4549 membra
3324 4509 3558 4563 corporis

2003 4586 2249 4640 Ecclesia:
2262 4585 2459 4640 Christi
2475 4586 2640 4654 factos
2653 4603 2790 4649 esse;
2810 4588 2883 4639 ita
2898 4596 2953 4638 ut
2969 4589 3364 4656 circumquaque
3379 4601 3565 4654 sparsa

2001 4679 2254 4733 Itwreseos
2274 4679 2419 4731 illius
2438 4679 2678 4746 infamia,
2696 4695 2785 4746 per
2812 4694 2990 4731 eorum
3007 4677 3075 4731 ad
3093 4694 3185 4731 nos
3217 4679 3562 4733 accessionem

2003 4772 2471 4840 admissionemque
2487 4770 2550 4823 de
2569 4769 2734 4823 medio
2759 4771 2996 4831 tollatur,
3017 4786 3175 4839 neque
3194 4787 3286 4824 nos
3317 4780 3562 4841 tanquam

2005 4861 2073 4915 ad
2097 4870 2271 4932 partes
2300 4878 2477 4916 eorum
2507 4861 2827 4925 accedentes,
2860 4860 3055 4928 pudore
3082 4879 3141 4914 at.
3172 4861 3418 4916 dedecore
3450 4864 3562 4931 afﬁ-

2005 4954 2229 5028 ciantur.
2262 4950 2385 5006 Haec
2402 4952 2664 5015 conditio,
2682 4951 2769 5005 hic
2801 4950 2993 5007 modus
3028 4967 3057 5005 a
3090 4946 3290 5007 Basilio
3318 4968 3415 5023 pro
3432 4952 3566 5004 Mar-

2006 5043 2254 5098 cellianis
2290 5041 2620 5112 recipiendis
2667 5042 2995 5112 prepositus,
3044 5050 3097 5097 et
3130 5040 3289 5097 Petro
3336 5041 3567 5095 Alexan-

2006 5131 2166 5187 drino
2212 5130 2493 5186 Athanasii
2527 5132 2852 5197 successori,
2913 5141 2969 5186 ut
3025 5132 3314 5188 verisimile
3357 5139 3460 5195 est,
3516 5139 3570 5185 et

2011 5220 2392 5286 Marcellianis,
2432 5222 2527 5291 qui
2577 5237 2765 5291 pacem
2808 5230 2857 5277 et
2906 5222 3340 5277 communionem
3388 5229 3567 5275 tanto-

2009 5327 2138 5382 pere
2183 5310 2518 5381 llagitabant,
2557 5319 2841 5381 pergratus
2876 5328 3077 5382 perque
3114 5312 3389 5381 jucundus
3447 5310 3566 5365 fuit.

2010 5402 2146 5458 Nam
2177 5403 2280 5459 sub
2301 5405 2415 5459 haec
2446 5406 2593 5460 nulla
2614 5405 2681 5460 de
2711 5404 2963 5460 Marcello
2979 5405 3061 5459 vel
3093 5403 3314 5459 asseclis
3343 5404 3570 5473 quaestio

2012 5497 2269 5551 occurrit.
2305 5496 2458 5552 Hunc
2495 5497 2766 5563 ordinem,
2800 5506 2854 5553 et
2885 5499 3088 5553 exitum
3120 5495 3453 5551 Marcelliani
3484 5503 3574 5551 tu-

1996 5590 2216 5647 multus
2246 5589 2415 5646 fuisse
2446 5605 2655 5646 mecum
2691 5604 2850 5660 spero
2882 5588 3195 5643 fatebuntur
3222 5587 3441 5643 eruditi.
