4038 6288
571 393 709 449 nos
1778 375 2135 454 MARCELLI
2172 371 2523 431 ANCYRANI
3635 351 3749 409 ποι

571 518 735 575 porro
765 504 831 558 de
863 503 1020 558 nobis
1063 501 1354 572 loquimur,
1395 500 1682 554 universos
1725 497 1853 552 item
1897 493 2166 565 p0pulosi

2156 493 2201 550 Α
2226 489 2424 552 λαντας
2460 488 2605 559 ἡμᾶς
2650 484 2853 545 πάντας
2887 479 3067 543 λαούςο
3102 477 3161 532 ού
3203 473 3311 546 γὶρ
3342 471 3528 541 ὀλίγοι,
3558 468 3748 525 ἀλκὰν-

572 596 664 666 qui
698 610 798 650 nos
833 594 1119 659 miserunt,
1162 594 1254 664 qui
1288 608 1396 647 non
1428 591 1586 662 pauci
1619 604 1772 652 sane,
1806 588 1901 643 sed
1934 583 2138 656 ingenti

1364 609 1396 646 n
1428 591 1586 662 pauci
1619 604 1772 652 sane,
1806 588 1901 643 sed
1934 583 2138 656 ingenti
2238 579 2533 651 αρίθμητον
2573 573 2774 646 πλῆθός
2802 576 2958 626 εἰσιν.

575 685 918 741 multitudine
944 695 1096 749 sunt,
1128 685 1411 739 nobiscum
1443 694 1889 737 annumeramus.

644 779 699 832 2.
741 774 851 833 Nos
894 776 1059 847 igitur
1104 775 1158 829 in
1205 775 1395 842 primis
1429 772 1780 827 anathemate
1812 770 2139 823 damnamus

2308 780 2362 834 2.
2416 781 2609 850 Ἡμεῖς
2649 792 2824 830 τοινυν
2868 768 3288 846 προηγουμένως
3332 763 3429 835 μὲν
3472 759 3749 831 ἀναθεματί-

574 872 829 926 Arianam
860 868 1142 936 haeresim;
1172 867 1576 937 credimusque,
1613 861 2067 935 quemadmodum
2088 868 2143 913 et

2241 871 2405 944 ζομεν
2440 873 2540 943 τὴν
2584 869 2862 940 Ἀρειανὴν
2899 866 3128 939 αἵρεσιν·
3158 856 3482 925 πιστεύομεν
3518 851 3590 916 δὲ,
3628 851 3692 915 ὡς
3715 853 3751 904 οἱ

575 962 764 1019 Patres
812 963 987 1018 nostri
1040 961 1097 1015 in
1143 960 1358 1015 Nicasna
1419 956 1629 1030 synodo
1694 954 1933 1011 confessi
1988 959 2138 1019 sunt,

2243 965 2483 1037 Πατέρες
2513 962 2671 1035 ἡμῶν
2703 960 3056 1032 ὡμολόγησαν
3086 958 3143 1008 ὲν
3176 954 3243 1022 τῇ
3268 946 3409 1003 κατὰ
3441 944 3655 1037 Νίκαιαν
3683 960 3753 1037 γε·

574 1074 642 1113 ex
672 1055 978 1112 substantia
1010 1054 1195 1109 Patris
1226 1067 1350 1109 esse
1381 1051 1578 1106 Filium
1612 1056 1667 1105 et
1694 1046 2145 1105 consubstantiao

2243 1032 2442 1128 νομένῃ
2739 1054 2803 1105 ὲκ
2839 1050 2938 1122 τῆς
2964 1047 3151 1108 οὐσίας
3180 1041 3274 1097 τοῦ
3301 1037 3512 1109 Πατρδς
3539 1032 3662 1089 εἶναι
3683 1033 3754 1128 τὸν

575 1149 680 1203 lem
707 1146 879 1209 Patri,
912 1147 1199 1216 ipsumque
1224 1160 1400 1214 neque
1429 1157 1543 1198 rem
1563 1147 1800 1197 creatam
1825 1154 2001 1209 neque
2027 1153 2142 1193 rem

2245 1152 2371 1204 Υίὺν
2396 1127 2490 1204 καὶ
2511 1145 2791 1217 ὁμοούσιον
2814 1142 2891 1214 τῷ
2922 1139 3117 1211 Πατρὶ,
3149 1137 3243 1191 καὶ
3267 1135 3405 1206 μήτε
3435 1129 3622 1199 κτίσμα
3649 1127 3755 1217 μήπ

579 1237 774 1291 factam
804 1250 927 1292 esse
953 1254 966 1288 :
1001 1248 1187 1289 verum
1210 1233 1391 1287 omnia
1420 1229 1637 1302 opiﬁcia
1667 1244 1765 1298 per
1791 1229 1969 1300 ipsum
2000 1226 2146 1281 facta

2245 1242 2454 1313 ποίημα
2476 1216 2611 1293 εἶναι
2649 1236 2828 1291 αὐτόν·
2854 1232 2988 1287 ἀλλὰ
3017 1231 3083 1284 δι’
3112 1225 3276 1283 αὑτοῦ
3304 1225 3481 1279 πάντα
3509 1216 3756 1313 γενητὰ

579 1330 767 1385 fuisse.
816 1327 1002 1398 Neque
1048 1326 1192 1383 enim
1232 1339 1523 1381 censemus
1561 1322 1726 1377 alium
1765 1336 1891 1377 esse
1923 1319 2144 1383 Filium,

2245 1306 2588 1404 γεγενῆσθαι.
2624 1330 2699 1402 (5)
2732 1328 2806 1383 Οὐ
2833 1325 2941 1397 γὰρ
2963 1323 3119 1378 ἄλλον
3146 1320 3235 1373 τὸν
3267 1316 3398 1369 Υίδν
3426 1312 3517 1366 καὶ
3536 1309 3671 1404 ἁλλον
3687 1306 3757 1404 τον

578 1422 746 1476 alium
772 1435 895 1476 esse
918 1418 1178 1484 Verbum,
1212 1425 1272 1472 ut
1302 1413 1524 1486 quidam
1558 1429 1662 1469 nos
1691 1412 1898 1469 sentire
1930 1410 2147 1466 mentiti

2246 1398 2416 1493 Ᾰόγον
2430 1398 2766 1494 φρονοῦμεν,
2810 1417 2886 1479 ὥς
2922 1431 3068 1479 τινες
3091 1413 3237 1483 ἡμᾶς
3256 1405 3520 1468 διέϐαλον,
3548 1399 3665 1456 ἀλλὰ

580 1519 745 1576 sunt;
779 1509 874 1566 sed
910 1511 1090 1579 ipsum
1131 1485 1368 1561 Verbum
1401 1520 1522 1561 esse
1554 1502 1772 1567 Filium,
1799 1501 2144 1573 sapientiam,

2249 1485 2417 1587 Λόγον
2444 1485 2580 1570 εἶναι
2610 1485 2758 1578 Ῠὶὸν,
2799 1509 3007 1579 σοφίαν,
3039 1504 3264 1574 δύναμιν
3294 1499 3388 1553 τοῦ
3428 1494 3641 1566 Πατρδς,
3665 1485 3759 1587 ὲνῇ

578 1605 836 1657 virtutem
869 1599 1067 1664 Patris,
1106 1601 1162 1653 in
1201 1613 1308 1669 qua
1340 1597 1544 1664 omnia,
1574 1603 1633 1650 ut
1664 1609 1766 1650 nos
1790 1593 1978 1649 docuit
2003 1594 2151 1663 Apo-

2248 1610 2316 1664 τὰ
2337 1583 2547 1673 νπὰντα,
2592 1606 2667 1671 ὼς
2708 1601 2945 1668 ἐδίδαξεν
2979 1602 3008 1653 ὁ
3058 1594 3396 1656 Ἀπόστολος,
3437 1588 3505 1642 τά
3539 1604 3593 1640 τε
3626 1583 3758 1655 ὁρατὰ

583 1696 758 1750 stolus
781 1696 798 1727 ¹
846 1708 973 1748 cum
1003 1692 1264 1753 visibilia,
1296 1698 1411 1745 tum
1451 1687 1768 1753 invisibilia,
1798 1686 1913 1743 sive
1943 1685 2148 1751 throni,

2249 1703 2343 1757 καὶ
2381 1701 2451 1755 τὰ
2483 1700 2708 1771 ἀόρατα,
2756 1696 2867 1749 εἴτε
2915 1693 3112 1764 θρόνοι,
3160 1691 3269 1743 εἴτε
3312 1684 3638 1755 κυριότητες,
3676 1676 3757 1771 εἴτε

584 1787 700 1842 sive
716 1783 1141 1847 dominationes,
1161 1782 1276 1838 sive
1294 1780 1653 1852 principatus,
1674 1778 1791 1834 sive
1816 1784 2148 1847 potestates;

2186 1853 2221 1865 h
2250 1794 2434 1865 ἁρχαὶ,
2473 1770 2582 1845 εἴτε
2615 1789 2873 1859 ἐξουσίαι,
2907 1786 2975 1840 τὰ
3003 1783 3180 1838 πάντα
3206 1780 3273 1835 δι’
3305 1775 3470 1833 αὐτοῦ
3498 1774 3585 1828 καὶ
3687 1770 3759 1823 αὐο

584 1881 771 1933 omnia
810 1877 1025 1933 demum
1059 1890 1155 1946 per
1184 1875 1361 1945 ipsum
1393 1880 1447 1928 et
1475 1873 1530 1927 in
1563 1866 1740 1942 ipsum
1778 1877 1960 1926 creata
2000 1876 2149 1925 sunt.

2184 1853 2224 1908 Β
2378 1853 2849 1940 ἐκτίσθαιίοῦτω
2884 1880 2941 1933 δὲ
2988 1874 3306 1950 φρονοῦντες
3352 1863 3759 1939 ἀναθεματίζψεν

586 1971 723 2025 Cum
756 1971 827 2025 ita
864 1984 1026 2040 porro
1060 1967 1381 2029 sentiamus,
1417 1964 1766 2020 anathemate
1799 1961 2024 2018 ierimus
2054 1976 2153 2016 no-

2252 1982 2346 2036 καὶ⁸
2376 1978 2435 2045 ἐξ
2454 1978 2718 2049 meum;
2741 1975 2831 2028 τὸν
2855 1971 3213 2026 ἀσεϐέστατον
3235 1964 3543 2023 Σαϐἐλλιον,
3569 1958 3651 2013 καὶ
3674 1954 3759 2049 μετ’

588 2062 835 2116 minatim
857 2060 1245 2131 impiissimum
1269 2057 1591 2120 Sabellium,
1623 2064 1826 2112 etcum
1856 2054 1978 2123 ipso
1998 2061 2158 2123 quot-

2254 2064 2417 2126 αὐτοῦ
2447 2048 2572 2134 τοὺς
2599 2068 2667 2123 τὰ
2697 2067 2903 2122 ἐκείνου
2938 2064 3286 2137 φρονοῦντας,
3315 2057 3411 2113 καὶ
3434 2054 3665 2123 λέγοντας
3688 2048 3758 2101 αὒ-

588 2159 724 2223 quot
760 2150 878 2221 ejus
908 2149 1173 2205 doctrinae
1203 2147 1593 2217 astipulantur,
1623 2154 1678 2200 et
1716 2143 1927 2207 dicunt,
1980 2143 2159 2212 ipsum

2255 2166 2346 2218 τὸν
2371 2164 2464 2218 τὸν
2499 2163 2718 2235 Πατέρα
2745 2158 2882 2216 εἶναι
2900 2161 3045 2214 Υίόν·
3080 2158 3174 2211 καὶ
3202 2157 3292 2208 ὅτε
3323 2153 3419 2225 μὲν
3443 2149 3632 2219 γίνεται
3651 2143 3759 2206 Υίδςς

587 2242 802 2297 Patrem
829 2256 950 2296 esse
979 2239 1206 2306 Filium;
1242 2238 1530 2309 ipsumque
1580 2235 1800 2308 quando
1847 2232 2017 2291 Filius
2045 2233 2159 2289 efﬁ-

2263 2256 2336 2329 μὴ
2369 2253 2508 2311 εἶναι
2539 2232 2660 2310 τότε
2692 2255 2853 2310 αὐτὸν
2880 2253 3121 2325 Πατέρα·
3156 2251 3243 2305 ὅτε
3273 2248 3332 2301 δὲ
3366 2245 3565 2316 γίνεται
3598 2240 3760 2309 Πατὴρ,

590 2338 754 2401 citur,
791 2350 898 2389 non
933 2333 1164 2388 ulterius
1192 2346 1317 2387 esse
1354 2329 1607 2395 Patrem;
1641 2338 1696 2385 et
1724 2328 1943 2401 quando
1984 2328 2041 2383 lit
2058 2327 2163 2382 Pa-

2372 2343 2511 2405 εἶναι
2530 2349 2651 2403 τότε
2676 2348 2824 2402 Υἰόν.
2856 2347 3047 2419 Ἡμεῖς
3071 2343 3178 2418 γὰρ
3209 2334 3568 2412 ὁμολογοῦμεν
3597 2331 3760 2402 Πατέρα

589 2436 694 2491 ter,
729 2441 835 2481 non
864 2440 987 2481 esse
1022 2433 1151 2479 tunc
1183 2420 1399 2477 Filium.
1445 2420 1559 2477 Nos
1600 2422 1799 2493 quippe
1842 2419 2165 2476 conﬁtemur

2164 2442 2165 2445 “
2263 2419 2453 2504 ἁῖδιον,
2481 2437 2610 2492 Υίοῦ
2638 2437 2808 2492 ἀϊδίου
2834 2437 2987 2501 ὄντος
3022 2436 3114 2490 καὶ
3142 2431 3468 2504 ὑφεστῶτοςε
3487 2427 3574 2482 καὶ
3593 2422 3759 2491 Πνεῦμα

590 2517 807 2575 Patrem
836 2525 1122 2580 aeternum,
1157 2514 1295 2569 Filio
1330 2520 1537 2570 aeterno
1574 2522 1828 2569 exstante
1873 2528 1939 2569 ac
1983 2511 2167 2570 subsi-

2264 2529 2415 2598 ἆγιον
2452 2528 2636 2592 ἁῖδίως
2670 2528 2730 2582 ὂν
2774 2527 2869 2581 καὶ
2902 2523 3148 2596 ύφεστός.
3188 2523 3264 2576 Οὐ
3306 2518 3417 2589 γὰρ
3460 2514 3762 2570 ἀνυπόστατον

595 2619 808 2677 stente;
844 2609 1107 2680 Spiritum
1154 2623 1374 2679 quoque
1420 2614 1671 2663 sanctum
1713 2605 2041 2676 sempiteme
2071 2621 2167 2660 ex-

2262 2622 2361 2695 τὴν
2405 2621 2611 2694 Τριὰδα
2650 2621 2914 2692 λέγομενο
2958 2618 3036 2689 (4)
3085 2615 3196 2670 ἀλλ’
3233 2616 3291 2667 ὲν
3337 2609 3612 2665 ὑποστάσει
3642 2601 3762 2673 αὐτὴν

595 2711 828 2759 stantem
858 2711 1020 2771 atque
1047 2699 1457 2756 subsistentem.
1487 2695 1605 2753 Non
1653 2697 1799 2751 enim
1841 2694 2165 2751 Trinitatem

597 2797 717 2850 sine
731 2792 1087 2850 subsistentia
1101 2791 1215 2846 sive
1239 2791 1520 2862 hypostasi
1548 2790 1783 2845 dicimus
1800 2804 1921 2845 ϐεδε
1940 2829 1955 2854 ,
1978 2804 2167 2844 verum

598 2886 652 2937 in
688 2881 965 2954 hypostasi
995 2882 1172 2951 ipsam
1199 2879 1610 2950 cognoscimus.

668 2976 722 3028 5.
764 2971 893 3037 Sed,
919 2972 1135 3027 etiamsi
1179 2970 1295 3025 haec
1331 2970 1468 3026 satis
1503 2969 1609 3025 sint
1631 2969 1699 3023 ad
1731 2977 2172 3024 commonstran~

2167 2999 2172 3008 '
2341 2982 2394 3035 3.
2435 2981 2542 3034 Καὶ
2564 2982 2614 3034 εί
2638 2979 2886 3050 αὐτάρκη
2905 2978 3080 3033 ταῦτα
3095 2977 3264 3045 δείξαι
3291 2978 3391 3050 τὴν
3414 2977 3543 3049 πρὸς
3559 2977 3665 3039 τοὺς
3685 2977 3762 3029 Πα-

598 3069 727 3122 dum
750 3064 937 3121 eadem
973 3079 1075 3119 nos
1106 3070 1270 3133 atque
1296 3061 1482 3119 Patres
1512 3063 1683 3118 nostri
1711 3061 1980 3117 sententia
2013 3075 2136 3116 esse
2154 3101 2167 3125 ,

2272 3075 2434 3145 τέρας
2471 3073 2628 3145 ἡμῶν
2672 3072 3063 3145 ὁμοφροσύνην·
3104 3073 3272 3145 ὅμως,
3315 3072 3498 3145 ἐπειδή
3540 3087 3660 3134 τινες
3692 3067 3763 3130 τῶ)

601 3168 842 3214 attamen
863 3157 991 3228 quia
1018 3155 1268 3211 nonnulli
1302 3162 1451 3218 sunt,
1483 3157 1576 3226 qui
1609 3171 1732 3211 cum
1763 3154 2172 3210 dissimulanter

2168 3170 2172 3182 ’
2199 3196 2242 3237 η
2274 3164 2756 3237 ἐπαγγελλομένων
2798 3164 2871 3236 μὴ
2918 3165 3129 3235 φρονεῖν
3161 3163 3229 3217 τὰ
3277 3162 3508 3232 ’Δρείου,
3544 3159 3763 3231 ὑποκρινό·

604 3253 960 3325 proﬁteantur
992 3266 1051 3305 se
1089 3248 1311 3303 minime
1341 3265 1465 3304 cum
1505 3249 1633 3303 Ario
1665 3249 1888 3313 sentire,
1923 3247 2062 3302 idem
2092 3254 2167 3299 ta-

2199 3228 2243 3253 u
2277 3228 2442 3332 pavor
2460 3228 2735 3333 φρονοῦσι,
2759 3228 3006 3328 λέγοντες
3032 3257 3121 3312 τὸν
3153 3257 3253 3328 μὲν
3281 3228 3409 3311 Υίον
3433 3257 3654 3328 ἀνόμοιον
3668 3228 3767 3307 εἶναι

601 3361 725 3401 men
747 3346 891 3415 quod
917 3344 1008 3399 ille
1040 3343 1322 3409 sentiunt;
1364 3349 1527 3412 atque
1566 3341 1779 3404 dicunt,
1813 3339 2009 3394 Filium
2046 3339 2171 3408 qui-

2273 3351 2367 3405 τοῦ
2407 3353 2636 3425 Πατρὸς,
2670 3352 2739 3405 τὸ
2772 3351 2829 3405 δὲ
2862 3349 3086 3421 Πνεῦμα
3122 3349 3182 3403 τὸ
3215 3351 3372 3418 ἅγιον
3410 3350 3599 3419 κτίσμα
3632 3347 3705 3401 καὶ
3729 3345 3766 3397 ἓν

602 3436 725 3491 dem
747 3434 1065 3491 dissimilem
1091 3448 1212 3488 esse
1232 3431 1402 3497 Patri,
1430 3431 1691 3503 Spiritum
1714 3440 1894 3487 autem
1921 3440 2173 3487 sanctum

2172 3476 2173 3479 η
2274 3442 2381 3495 τῶν
2414 3442 2730 3512 ποιημάτων
2760 3441 2958 3494 ὲστίν”
2982 3437 3470 3509 ἁναΘεματίζομεν,
3488 3439 3630 3509 ἡμεῖς
3649 3435 3767 3488 τεκαὶ

603 3545 727 3585 esse
764 3544 873 3583 rem
909 3534 1168 3591 creatam,
1202 3540 1475 3595 unamque
1518 3540 1585 3579 ex
1631 3525 1795 3579 rebus
1826 3524 2016 3590 lactis;
2048 3538 2173 3577 cum

2275 3535 2325 3588 οί
2368 3532 2780 3594 ἀποστείλαντες
2820 3534 2988 3604 ἡμᾶς,
3030 3533 3127 3595 τὰς
3159 3531 3399 3605 αἱρέσεις
3437 3531 3639 3593 ταύτας.
3674 3525 3768 3580 Οὔτε

604 3638 727 3683 nos.
757 3631 869 3675 tum
897 3619 1055 3689 ii.qui
1095 3632 1195 3673 nos
1227 3616 1334 3671 huc
1357 3617 1699 3688 delegarunt,
1728 3615 2040 3685 hujusmodi
2069 3616 2177 3668 ha:-

2173 3645 2177 3654 '
2277 3629 2384 3698 γὰρ
2422 3625 2671 3696 ἀνόμοιος
2701 3627 2729 3678 ὁ
2763 3625 2893 3689 Υἱὸς
2926 3624 3004 3696 τῷ
3040 3626 3239 3696 Πατρὶ,
3281 3624 3398 3678 ἀλλ’
3423 3621 3672 3694 ὁμοούσιός
3692 3619 3768 3671 ἐστι

605 3729 757 3768 rcses
791 3712 1135 3766 anathemate
1170 3709 1414 3765 ierimus.
1456 3707 1643 3779 Neque
1673 3709 1819 3764 enim
1854 3705 2027 3763 Filius
2058 3707 2175 3763 dis-

2278 3716 2355 3787 τῷ
2398 3717 2591 3788 Πατρὶ·
2628 3715 2753 3770 οὔτε
2785 3717 2847 3769 τὸ
2887 3716 3111 3787 Πνεῦμα
3145 3716 3206 3769 τὸ
3243 3717 3398 3785 ἆγιον
3436 3715 3648 3777 κτιστὸν,
3685 3708 3770 3781 ἦέει

607 3803 805 3860 similis
829 3810 913 3858 est
934 3800 1102 3867 Patri,
1127 3803 1220 3856 sed
1252 3800 1741 3856 consubstantialis
1768 3798 1870 3869 ipsi
1894 3798 2044 3852 Patri
2070 3806 2174 3865 est;

2278 3809 2387 3863 τῶν
2410 3810 2725 3881 ποιημάτων
2762 3809 2929 3874 ἐστὶν,
2965 3809 3101 3864 ἀλλὰ
3132 3810 3231 3881 τῆς
3254 3809 3419 3879 ἁγίας
3446 3807 3650 3881 Τριάδος
3676 3800 3771 3855 ἐστί·

608 3909 785 3965 neque
810 3892 1047 3964 Spiritus
1079 3899 1300 3948 sanctus
1332 3907 1418 3947 res
1460 3897 1546 3947 est
1585 3897 1789 3954 creata,
1835 3900 1928 3944 aut
1961 3905 2071 3943 una
2111 3906 2179 3944 ex

2176 3936 2179 3941 ›
2280 3900 2373 3954 καὶ
2395 3900 2835 3972 τεθαρῤήκαμεν,
2861 3900 2943 3953 ὅτι
2973 3900 3124 3955 οὐδὲν
3153 3900 3474 3953 ἐπείσακτον
3502 3898 3609 3952 οὐδὲ
3627 3894 3771 3961 κτίσμα

610 3988 773 4043 rebus
805 3983 1058 4050 conditis,
1116 3985 1217 4039 sed
1257 3989 1460 4039 sancta:
1503 3980 1792 4037 Trinitatis
1823 3988 1907 4037 est
1955 4002 1967 4036 :
2018 3993 2180 4052 atque

2177 4005 2180 4031 ι
2282 3992 2428 4046 ἐστὶν
2457 3994 2514 4046 ὲν
2553 3994 2619 4064 τῇ
2662 3992 2867 4064 Τριάδι.
2909 3991 3133 4063 Πνεῦμα
3171 3992 3279 4064 γὰρ
3329 3991 3620 4062 ἁγιωσύνης
3653 3983 3772 4041 ἐστίν·

611 4078 946 4132 conﬁdenter
976 4075 1314 4145 proﬁtemur,
1347 4073 1487 4128 nihil
1521 4073 1740 4128 aliunde
1774 4072 2060 4128 inductum
2086 4081 2182 4127 aut

2181 4112 2182 4120 ι
2281 4085 2381 4155 οὐχ
2420 4083 2797 4155 ἁγιαζόμενον,
2835 4084 2948 4139 ἀλλ’
2990 4086 3047 4139 ἐν
3086 4084 3235 4156 αὐτῷ
3284 4086 3498 4140 πάντων
3534 4082 3627 4137 τῶν
3655 4077 3776 4147 ἁγίων

613 4179 855 4223 creatum
905 4170 957 4222 in
1000 4176 1190 4223 sancta
1237 4164 1503 4221 Trinitate
1554 4180 1695 4221 esse.
1748 4163 1882 4219 Nam
1942 4162 2182 4236 Spiritus

2181 4205 2182 4212 ‘
2284 4176 2678 4247 ἁγιαζομένων.
2711 4178 2821 4230 Καὶ
2848 4176 2956 4247 γὰρ
2999 4179 3032 4247 ἡ
3072 4176 3347 4248 τελειότης
3384 4175 3531 4248 ἡμῶν
3568 4176 3617 4227 ὲν
3650 4166 3776 4237 Πατρδ

616 4260 924 4316 sanctitatis
974 4267 1077 4322 est,
1136 4274 1243 4312 non
1308 4257 1403 4327 qui
1463 4255 1859 4320 sanctiﬁcetur,
1893 4271 2080 4311 verum
2127 4257 2183 4310 in

2182 4304 2183 4307 η
2285 4268 2379 4320 καὶ
2403 4266 2520 4337 Υίῷ
2543 4268 2639 4321 καὶ
2657 4267 2798 4340 ἁγίῳ
2823 4267 3100 4338 Πνεύματι
3120 4268 3343 4332 δίδοται,
3376 4268 3466 4322 καὶ
3489 4268 3684 4334 γίνεται.
3704 4259 3777 4314 Καὶ

615 4370 726 4424 quo
765 4367 953 4408 omnes
989 4354 1167 4407 sancti
1192 4350 1623 4405 sanctiﬁcantur.
1653 4347 1922 4404 Perfectio
1975 4350 2179 4420 quippe

2290 4359 2385 4430 μία
2420 4360 2600 4425 πίστις
2640 4361 2789 4413 ἐστὶν
2822 4362 2901 4423 είς
2929 4360 3025 4413 ἕνα
3056 4359 3188 4413 Θεὸν
3219 4360 3287 4414 δι’
3314 4359 3442 4413 Υίοῦ
3476 4360 3529 4411 ὲν
3564 4352 3778 4421 Πνεύματι

617 4456 804 4502 nostra
850 4447 903 4498 in
946 4443 1107 4497 Patre
1142 4449 1197 4496 et
1247 4438 1385 4495 Filio
1427 4450 1484 4497 et
1528 4437 1738 4511 Spiritu
1786 4446 1979 4495 sancto
2023 4441 2187 4497 datur

2183 4458 2187 4470 '
2286 4450 2444 4521 ἁγίῳ.
2480 4450 2652 4522 ’Υπὲρ
2687 4451 2926 4515 πλείονος
2950 4451 3078 4520 γοῦν
3111 4451 3434 4524 μαρτυρίας,
3458 4441 3778 4516 ἀναθεματίξο·

618 4549 782 4610 atque
819 4536 1070 4593 eﬁicitur.
1121 4532 1351 4602 Unaque
1395 4530 1527 4585 ﬁdes
1566 4538 1651 4586 est
1692 4532 1749 4590 in
1784 4546 1952 4586 unum
2010 4531 2182 4591 Deum

2218 4530 2261 4588 Ῑ)
2292 4559 2392 4613 μεν
2414 4544 2539 4605 τοὺς
2568 4542 2893 4612 φρονοῦντας
2923 4543 3018 4596 καὶ⁴
3048 4543 3322 4612 λέγονταςο
3352 4539 3457 4595 'Hv
3486 4555 3603 4593 ποτε
3619 4533 3781 4607 μονὰς,

620 4647 717 4700 per
774 4628 973 4685 Filium
1032 4628 1089 4682 in
1147 4624 1352 4697 Spiritu
1408 4630 1619 4680 sancto.
1680 4622 1953 4681 Plenioris
2001 4626 2189 4696 itaque

2185 4651 2189 4674 λ
2294 4634 2368 4705 μὴ
2397 4633 2549 4698 ὄντος
2578 4634 2728 4687 Υἷοῖν
2771 4637 2864 4689 καὶ
2900 4632 2968 4707 ἦν
3007 4653 3135 4689 ποτε
3172 4635 3341 4702 δυὰς,
3387 4635 3457 4707 μὴ
3500 4634 3635 4694 ὗντος
3671 4625 3780 4695 ἁγίου

606 4723 955 4795 maiorisque
1021 4718 1315 4811 testimonii
1391 4732 1592 4781 causa,
1651 4717 1997 4772 anathemate
2061 4719 2191 4779 leri-

2184 4748 2191 4757 '
2291 4724 2622 4797 Πνεύματος·
2663 4726 2830 4781 ἀΐδιον
2869 4728 2977 4800 γὰρ
3011 4729 3106 4782 καὶ
3140 4728 3432 4783 ἀειτελείαν
3475 4726 3686 4795 οἴδαμεν,
3719 4714 3779 4770 111‘-

622 4828 746 4867 mus
781 4826 878 4868 eos
908 4810 1000 4882 qui
1044 4805 1286 4867 sentiunt
1320 4824 1385 4865 ac
1421 4806 1613 4863 dicunt
1658 4824 1673 4861 :
1720 4805 1846 4862 Fuit
1887 4807 2187 4879 aliquando

2172 4827 2187 4866 ι
2292 4814 2551 4882 ὡσαύτως
2581 4818 2808 4889 ἔχουσαν
2840 4819 2937 4892 τὴν
2971 4820 3132 4890 ἁγίαν
3170 4821 3395 4894 Τριὰδα.
3434 4819 3521 4873 Διὸ
3557 4811 3767 4871 καὶ·ἁλλο

622 4918 830 4968 manas,
870 4903 986 4962 sive
1014 4902 1214 4967 unitas,
1263 4916 1387 4957 cum
1431 4897 1672 4957 nondum
1713 4907 1861 4954 esset
1892 4896 2100 4968 Filius;
2135 4909 2190 4958 et

2185 4940 2190 4950 -
2291 4907 2473 4978 τρίους
2501 4909 2599 4978 τῆς
2639 4909 2965 4980 Ἐκκλησίας
3001 4910 3197 4982 ἔχομεν
3238 4913 3363 4975 τοὺς
3397 4906 3691 4983 φρονοῦντας
3720 4898 3780 4953 κα¹

624 4995 728 5049 iuit
750 4992 1041 5065 aliquando
1065 4993 1218 5063 duas,
1246 4992 1402 5063 quasi
1424 4991 1639 5047 dicatur
1665 4989 1868 5055 duitas,
1893 5006 2018 5047 cum
2045 5009 2184 5049 non-

2293 4999 2566 5069 λέγοντας·
2599 4997 2706 5056 Ἦν
2732 5019 2861 5057 ποτε
2887 5004 2977 5058 ὅτε
3003 5004 3104 5058 οὐκ
3130 5000 3200 5076 ἣν
3230 5005 3258 5058 ὁ
3283 5005 3429 5068 Υίδς,
3450 5004 3538 5056 καὶ
3558 5001 3629 5055 ὅτι
3647 4995 3697 5060 ἐξ
3716 4993 3780 5045 σὺν

624 5086 753 5142 dum
785 5093 930 5143 esset
956 5083 1192 5154 Spiritus
1223 5091 1467 5141 sanctus.
1503 5081 1720 5138 Scimus
1753 5082 1900 5138 enim
1929 5095 2181 5142 sanctam

1753 5082 1900 5138 enim
1929 5095 2181 5142 sanctam
2293 5091 2460 5147 ὄντων
2486 5093 2701 5163 ἐγένετο
2729 5095 2790 5150 τὸ
2816 5095 3038 5167 Πνεῦμα
3068 5094 3130 5151 τὸ
3159 5096 3332 5166 ἅγιον.

626 5181 945 5239 Trinitatem
971 5180 1376 5250 sempiternam,
1407 5195 1620 5251 semper
1645 5178 1939 5250 perfectam
1970 5179 2161 5249 fuisse,
2198 5200 2262 5243 ac
2284 5188 2472 5245 eodem
2524 5190 2684 5246 modo
2724 5206 2783 5248 se
2816 5192 3093 5248 habuisse.
3161 5192 3521 5259 Quamobrem
3556 5186 3618 5243 ab
3651 5176 3778 5234 Εεειθ

626 5275 708 5328 sia
754 5274 1025 5330 catholica
1070 5272 1274 5328 alienos
1317 5276 1630 5345 reptnamus
1676 5290 1772 5331 eos
1809 5278 1902 5346 qui
1968 5281 2215 5337 sentiunt
2252 5289 2413 5354 atque
2441 5285 2665 5347 dicunt:
2717 5284 2845 5343 Fuit
2878 5304 3003 5343 cum
3052 5305 3160 5345 non
3194 5296 3339 5346 esset
3370 5285 3556 5350 Filius,
3585 5289 3717 5349 atque
3738 5284 3778 5326 ex

627 5385 736 5428 non
764 5370 1106 5427 exstantibus
1136 5366 1311 5423 factus
1342 5376 1425 5423 est
1458 5367 1692 5439 Spiritus
1715 5378 1961 5431 sanctus.

702 5467 719 5496 ⁸
747 5464 962 5522 Coloss.
997 5482 1037 5531 ι,
1072 5464 1159 5518 l6.

723 5586 778 5725 5k
805 5585 943 5669 Vide
969 5586 1264 5642 Diatribam
1298 5594 1539 5640 nostram
1572 5584 1638 5640 de
1668 5583 1939 5641 Marcello.
2290 5594 2417 5657 teri,
2447 5593 2575 5649 dum
2604 5601 2715 5649 tres
2764 5606 3010 5662 persona:
3040 5591 3363 5648 exsistentes
3399 5594 3451 5641 et
3496 5578 3780 5640 subsisthes

698 5588 759 5778 ξε
794 5655 1041 5737 _Licitum
1072 5666 1189 5711 erat
1221 5658 1322 5738 hoc
1356 5664 1594 5726 tempore
1642 5656 1973 5737 hypostasim
2020 5671 2183 5711 unam
2291 5661 2743 5734 intelligerentur.
2799 5660 2935 5718 Vide
2990 5663 3044 5716 in
3101 5661 3331 5733 epistola
3358 5658 3425 5713 ad
3464 5647 3778 5711 Antiwbeﬂos’

767 5734 982 5778 rimtate
1006 5726 1269 5778 conﬁteri.
1301 5726 1428 5778 dum
1466 5730 1773 5778 Iwnostasus
1802 5741 1899 5778 nro
1921 5726 2183 5778 substan-
2290 5738 2421 5778 inm,
2448 5731 2466 5778 1
2497 5733 2734 5778 (inm-nm
2763 5731 3067 5778 Athanasii-

632 5742 688 5782 ιιι

794 5655 1041 5738 'Licitum
1072 5666 1189 5738 erat
1221 5658 1331 5738 hoc.
1356 5664 1594 5738 tempore
1642 5656 2183 5738 hypostasimiunam
2291 5647 2935 5738 intelligereritur.'_v_ide
2990 5663 3044 5738 in
3101 5647 3331 5733 epistola
3358 5658 3425 5713 ad
3464 5647 3778 5711 Antiocheam:

767 5727 982 5804 rinitate
1006 5726 1276 5804 conﬁteri,
1301 5726 1428 5781 dum
1466 5727 1773 5804 Iiypostasis
1802 5741 1899 5794 pro
1921 5726 2183 5804 substan:
2290 5738 2423 5789 tom.
2448 5726 2734 5804 l'Operum
2761 5731 3067 5789 Athanasii.

632 5796 706 5844 tia
757 5794 1084 5854 haberetur:
1116 5799 1473 5864 similiterque
1508 5794 1623 5851 tres
1669 5797 1988 5868 liypostascs
2028 5795 2197 5853 conﬁ-

2266 2713 2624 2784 γινώσκομεν.
