4038 6288
303 389 319 441 ί
330 385 432 441 505

1293 381 1654 439 EXPOSITIO
1688 379 1871 434 FIDEI
1903 377 1995 431 AD
2023 377 2496 434 ATHANASIUM.

3373 383 3396 438 1
3407 384 3508 439 506

365 506 421 558 4.
450 505 566 556 Ἵνα
589 502 643 555 δὲ
671 503 742 573 μή
766 502 850 566 τίς
883 519 1009 556 ποτε
1035 503 1180 572 ἡμᾶς
1203 501 1292 554 καὶ
1321 501 1447 573 περὶ
1473 501 1570 571 τῆς
1599 500 1860 572 ἐνσᾶρκου

2031 497 2084 550 4.
2124 496 2202 552 Ne
2235 500 2357 568 quis
2388 513 2514 553 vero
2548 496 2681 554 falsa
2715 498 2971 567 iactitans
3003 515 3101 556 nos
3135 499 3336 556 frustra
3361 501 3513 558 incu-

301 595 598 670 παρουσίας
626 593 717 647 τοῦ
745 595 992 665 Σωτῆρος
1017 593 1170 665 ἡμῶν
1199 592 1423 664 διαϐάλῃ
1452 593 1819 662 ματαιολογῶν
1839 608 1854 623 ·

302 683 611 752 ἀναγκαίως
651 682 742 734 καὶ
775 684 902 754 περὶ
928 683 1113 735 τούτου
1143 681 1443 752 γράφομεν,
1474 683 1554 734 ὅτι
1587 685 1614 735 ό
1653 682 1860 753 Κύριος

303 775 394 827 καὶ⁹
420 771 606 842 Σωτὴρ
627 771 779 842 ἡμῶν
797 773 824 824 ό
849 773 1097 843 Χριστὸς,
1126 772 1224 843 οὐχ
1248 771 1433 842 ὥσπερ
1466 775 1545 836 είς
1572 774 1697 836 τοὺς
1724 791 1858 845 προ-

304 866 479 936 φήτας
513 865 759 934 ἐγίνετο,
783 863 953 927 οὓτως
981 863 1073 918 καὶ
1101 863 1192 916 ἐπὶ
1216 864 1487 936 συντελείᾳ
1514 865 1622 918 τῶν
1651 865 1858 920 αἰώνων

303 953 463 1026 ἦλθεν
484 957 562 1018 είς
584 957 735 1024 ἆγιον
761 955 1060 1025 ἄνθρωπον.
1085 954 1245 1008 Ἀλλὰ
1259 955 1604 1026 πιστεύομεν,
1622 957 1702 1010 ὅτι
1719 959 1859 1012 κατὰ

305 1047 392 1099 τὸν
437 1045 686 1116 Ἰωάννην
720 1048 748 1099 ό
777 1045 944 1114 Λόγος
973 1045 1106 1117 σὰρξ
1149 1045 1382 1114 ἐγένετο,
1429 1047 1523 1100 καὶ
1578 1049 1718 1102 κατὰ
1769 1051 1860 1103 τὸν

319 1136 632 1189 Ἀπόστολον
681 1138 737 1191 ἐν
773 1139 948 1209 μορφῇ
986 1137 1120 1191 Θεοῦ
1172 1138 1428 1209 ὑπάρχων
1475 1139 1631 1192 ἔλαϐε
1679 1140 1860 1194 δούλου

311 1227 539 1298 μορφὴν,
568 1226 629 1279 τὸ
654 1225 794 1280 κατὰ
817 1227 992 1298 σάρκα
1019 1227 1293 1297 γεννηθεὶς
1317 1230 1379 1280 ἐκ
1407 1229 1624 1300 Μαρίας
1653 1229 1862 1300 ἄνθρω-

309 1337 407 1383 πος
431 1319 497 1372 δι’
530 1321 674 1390 ἡμᾶς
691 1335 703 1346 ·
729 1319 815 1372 ίνα
855 1319 930 1382 ὡς
960 1313 1110 1374 εἶπεν
1131 1320 1311 1384 αὐτὸς,
1337 1320 1594 1394 τελειώσῃ
1618 1322 1678 1375 τὸ
1707 1321 1863 1392 ἔργον

308 1408 397 1460 τοῦ
423 1410 662 1480 Πατρός·
686 1410 776 1462 καὶ
812 1408 983 1473 οὕτως
1013 1411 1072 1463 τὸ
1102 1410 1434 1482 ἀνθρώπινον
1457 1412 1608 1479 γένος
1641 1415 1698 1466 ἐν
1719 1413 1864 1484 αύτῷ

309 1496 595 1561 τελειώσας
621 1497 712 1550 καὶ
743 1497 980 1567 συνάψας
1001 1501 1064 1569 τῇ
1091 1498 1322 1571 θεότητι,
1354 1499 1622 1573 εἰσαγάγῃ
1656 1503 1733 1562 είς
1766 1502 1864 1570 τὴν

315 1587 581 1656 βασιλείαν
611 1587 715 1641 τῶν
735 1588 998 1659 οὐρανῶν.
1024 1591 1130 1643 Καὶ
1163 1594 1210 1644 εἰ
1231 1591 1404 1646 ταῦτα
1436 1591 1594 1645 πάλιν
1621 1593 1864 1664 αὐτάρκη

309 1679 474 1745 δεῖξαι
498 1680 596 1750 τὴν
626 1679 759 1750 πρὸς
802 1679 890 1732 τὸν
938 1680 1139 1753 Κύριον
1183 1683 1337 1752 ἡμῶν
1391 1681 1595 1752 Ἰησοῦν
1634 1682 1866 1754 Χριστὸν

311 1769 518 1823 πίστιν·
548 1771 693 1840 ὅμως
713 1771 856 1840 ὑπὲρ
880 1769 1120 1835 πλείονος
1151 1773 1446 1840 ἀσφαλείας
1473 1773 1867 1844 ἀναλαμϐάνον-

305 1877 394 1924 τες
427 1861 595 1914 ταῦτα
619 1861 865 1933 λέγομεν,
906 1863 1000 1916 καὶ
1035 1863 1500 1935 ἀναθεματίζομεν
1532 1864 1655 1928 τοὺς
1682 1864 1866 1933 λέγον-

302 1968 398 2013 τας
433 1953 525 2005 καὶ
553 1953 896 2023 φρονοῦντας,
922 1956 1050 2008 ποτὲ
1078 1955 1167 2008 τὸν
1185 1955 1402 2026 Πατέρα
1423 1951 1558 2008 εἶναι
1585 1958 1752 2026 χωρὶς
1771 1954 1863 2008 τοῦ

301 2042 460 2106 Υίοῢ,
513 2045 605 2097 καὶ
649 2045 776 2098 ποτέ
806 2045 895 2098 τὸν
940 2047 1156 2118 Πατέρα
1179 2047 1272 2099 καὶ
1295 2046 1385 2100 τὸν
1432 2045 1560 2100 Υίὸν
1583 2048 1748 2118 χωρὶς
1771 2047 1866 2100 τοῦ

298 2133 462 2200 ἁγίου
495 2135 826 2206 Πνεύματος.
858 2134 1082 2208 Πνεῦμα
1105 2138 1213 2207 γὰρ
1236 2138 1368 2191 Θεοῦ
1404 2141 1539 2201 ἐστι,
1568 2139 1659 2191 καὶ
1689 2138 1866 2191 τελεία

296 2227 384 2279 καὶ
439 2227 608 2290 ἀϊδιός
647 2229 858 2298 ἐστινὴ
907 2229 1092 2300 Τριάς.
1144 2229 1627 2301 Ἀναθεματίζομέν
1674 2247 1732 2284 τε
1777 2231 1869 2284 καὶ⁴

293 2321 434 2382 τοὺς
461 2317 554 2371 νῦν
585 2317 912 2384 ἐξελθόντας,
931 2320 1025 2374 καὶ
1053 2319 1376 2392 λεγομένους
1411 2322 1720 2392 Ἀνομοίους
1739 2336 1752 2349 °
1772 2324 1868 2377 καὶ

297 2412 393 2464 σὺν
437 2409 618 2474 αὐτοῖς
651 2409 746 2480 τὴν
770 2409 865 2464 τοῦ
901 2411 1256 2482 Σαμοσατὲως
1280 2411 1370 2464 καὶ
1391 2413 1654 2466 Φωτείνου
1690 2431 1869 2485 παρα-

303 2500 601 2572 φροσύνην,
625 2501 719 2554 καὶ
747 2501 874 2564 τοὺς
903 2501 971 2554 τὰ
997 2502 1134 2556 αὐτὰ
1168 2502 1492 2574 φρονοῦντας
1522 2503 1720 2568 αὐτοῖς.
1749 2505 1870 2559 Ὅτι

313 2590 387 2661 μὴ
407 2590 626 2658 λέγουσι
649 2590 741 2643 τὸν
762 2590 854 2643 τοῦ
877 2589 1011 2643 Θεοῦ
1035 2592 1204 2659 Λόγον
1227 2591 1402 2656 ζῶντα
1423 2593 1593 2660 Λόγον
1617 2589 1754 2647 εἶναι
1778 2596 1872 2650 καὶ

311 2680 530 2752 ἐνεργῆ,
563 2679 628 2733 δι’
657 2675 716 2735 οὗ
741 2681 811 2734 τὰ
845 2682 1020 2736 πάντα
1048 2682 1280 2751 ἐγένετο,
1316 2683 1450 2737 ἀλλὰ
1473 2684 1549 2748 ὡς
1585 2684 1870 2756 ἀνθρώπου

310 2770 465 2838 λόγον
497 2771 829 2842 προφορικδν
882 2773 1072 2843 μόνον·
1103 2775 1198 2828 καὶ
1237 2774 1317 2828 ὅτι
1371 2776 1444 2846 μὴ
1495 2776 1746 2848 φρονοῦσι
1783 2778 1872 2832 τὸν

311 2862 442 2915 Υίὺν
463 2861 557 2914 τοῦ
585 2862 718 2915 Θεοῦ
736 2863 895 2916 αὐτὸν
921 2858 1058 2917 εἶναι
1081 2864 1170 2919 τὸν
1191 2865 1360 2934 Λόγον
1376 2881 1388 2894 ⁸
1418 2866 1551 2920 ἀλλὰ
1576 2867 1872 2940 διαιροῦσιν

1897 1839 1937 1892 Β

1961 599 2043 644 set
2085 590 2228 644 circa
2271 591 2542 644 carnalem
2596 587 2899 646 Servatoris
2947 591 3257 658 adventum,
3292 608 3515 649 necesse

1960 696 2174 750 quoque
2209 679 2371 735 fuerit
2407 688 2464 734 ut
2501 695 2563 735 ea
2602 681 2668 736 de
2700 695 2759 733 re
2796 682 3039 750 quazdam
3091 683 3284 738 litteris
3331 687 3514 740 consi-

1961 788 2220 841 gnemus;
2251 772 2395 842 quod
2425 773 2642 827 scilicet
2679 772 2940 828 Dominus
2969 781 3021 827 et
3055 772 3304 828 Salvator
3332 783 3516 830 noster

1961 861 2232 926 Christus,
2268 879 2376 917 non
2407 863 2859 933 quemadmodum
2901 865 2965 918 ad
3012 865 3300 934 prophetas
3343 865 3514 934 factus

1962 962 2058 1015 est,
2091 951 2164 1006 ita
2199 953 2252 1007 in
2289 955 2755 1010 consummatione
2788 955 3108 1008 saeculorum
3159 956 3436 1010 advenerit
3462 960 3514 1010 in

1961 1051 2212 1097 sanctum
2249 1045 2542 1099 hominem.
2581 1043 2684 1100 Sed
2701 1046 2996 1110 credimus,
3021 1047 3187 1116 quod,
3218 1047 3516 1101 secundum

1958 1131 2222 1188 Joannem
2247 1137 2289 1198 ³,
2309 1133 2544 1189 Verbum
2578 1151 2705 1191 caro
2741 1136 2939 1191 factum
2981 1138 3074 1201 sit,
3123 1146 3175 1192 et
3221 1137 3517 1192 secundum

1963 1225 2285 1294 Apostolum
2303 1225 2342 1291 ³,
2372 1225 2514 1296 quod
2549 1242 2670 1281 cum
2702 1228 2753 1282 in
2785 1227 2956 1282 forma
2990 1229 3079 1282 Dei
3107 1237 3270 1291 esset,
3303 1235 3519 1297 propter

1962 1333 2064 1373 nos
2093 1318 2364 1385 acceperit
2387 1317 2529 1371 servi
2564 1315 2814 1382 formam,
2845 1317 3143 1373 secundum
3181 1333 3400 1373 carnem
3427 1334 3520 1388 ge-

1962 1408 2113 1462 nitus
2143 1407 2303 1462 homo
2348 1423 2413 1462 ex
2446 1407 2613 1460 Maria
2656 1407 2912 1478 Virgine;
2952 1416 3032 1472 ut,
3068 1408 3517 1478 quemadmodum

1963 1501 2080 1571 ipse
2129 1499 2202 1552 ait
2224 1499 2266 1564 δ,
2319 1499 2598 1568 perliceret
2646 1515 2783 1568 opus
2830 1498 3044 1566 Patris;
3092 1505 3254 1567 atque
3287 1499 3358 1552 ita
3397 1513 3520 1553 cum

1963 1611 2133 1666 genus
2192 1595 2486 1648 humanum
2544 1592 2601 1647 in
2662 1594 2840 1663 seipse
2895 1593 3217 1663 perfecerit,
3284 1607 3347 1647 ac
3399 1608 3521 1648 cum

1965 1685 2246 1740 divinitate
2295 1684 2661 1754 coniunxerit,
2716 1684 2893 1752 ipsum
2955 1682 3262 1736 introducat
3328 1683 3379 1735 in
3437 1697 3525 1736 re-

1967 1795 2131 1848 gnum
2180 1779 2467 1832 calorum.
2515 1779 2588 1831 Ac
2639 1776 2851 1830 etiamsi
2903 1777 3090 1830 isthasc
3130 1776 3263 1830 satis
3301 1775 3408 1828 sint
3457 1774 3523 1828 ad

1967 1869 2353 1924 declarandam
2402 1869 2561 1923 ﬁdem
2599 1869 2653 1922 in
2708 1867 2994 1922 Dominum
3046 1873 3292 1921 nostrum
3339 1863 3523 1920 Jesum

1966 1957 2245 2014 Christum
2273 1999 2288 2023 ,
2354 1965 2591 2012 attamen
2627 1957 2851 2026 majoris
2898 1955 3207 2011 securitatis
3242 1968 3368 2024 ergo
3412 1953 3526 2016 haec

1967 2052 2260 2122 repetimus
2282 2064 2344 2104 ac
2364 2049 2618 2114 dicimus,
2650 2058 2812 2120 atque
2833 2048 3173 2102 anathemate
3205 2046 3526 2100 damnamus

1967 2157 2062 2198 eos
2095 2143 2186 2214 qui
2223 2142 2412 2197 dicunt
2446 2149 2500 2197 et
2533 2141 2782 2205 credunt,
2827 2139 3042 2196 Patrem
3092 2138 3382 2208 aliquando
3411 2139 3528 2193 sine

1969 2234 2106 2290 Filio
2136 2234 2344 2303 fuisse;
2378 2235 2706 2304 Patremque
2731 2249 2793 2287 ac
2818 2232 3014 2286 Filium
3043 2230 3335 2301 aliquando
3363 2229 3529 2284 fuisse

1970 2331 2088 2386 sine
2123 2327 2330 2398 Spiritu
2361 2333 2574 2382 saneto.
2607 2325 2844 2396 Spiritus
2874 2325 3016 2379 enim
3048 2322 3136 2378 Dei
3178 2329 3282 2383 est,
3315 2336 3380 2374 ac
3407 2336 3530 2390 per-

1970 2423 2122 2478 fecta.
2159 2432 2322 2492 atque
2363 2419 2693 2488 sempiterna
2741 2425 2826 2471 est
2865 2415 3123 2470 Trinitas.
3177 2413 3531 2467 Anathemate

1971 2529 2188 2585 quoque
2231 2515 2553 2569 damnamus
2589 2526 2683 2565 eos
2733 2508 2826 2578 qui
2873 2521 3046 2575 nuper
3085 2505 3258 2560 exorti
3298 2511 3446 2566 sunt,
3477 2509 3532 2557 et

1968 2605 2218 2661 Anoutmi
2277 2605 2551 2668 dicuntur,
2613 2618 2677 2658 ac
2729 2616 2851 2656 cum
2897 2599 3030 2669 ipsis
3091 2595 3428 2651 Samosateni
3477 2605 3533 2651 et

1972 2697 2188 2754 Photini
2218 2697 2480 2752 Insaniam
2503 2735 2519 2760 ,
2562 2709 2774 2750 necnon
2809 2708 2903 2748 eos
2934 2693 3024 2761 qui
3068 2693 3218 2760 paria
3246 2687 3531 2758 cumipsis

1973 2789 2235 2845 sentiunt.
2284 2786 2420 2853 Quia
2466 2799 2574 2839 non
2622 2784 2828 2848 dicunt,
2879 2781 3113 2837 Verbum
3164 2779 3280 2844 Dei,
3309 2779 3531 2834 verbum

1971 2895 2095 2935 esse
2123 2880 2312 2934 vivens
2345 2884 2398 2932 et
2423 2875 2632 2940 efﬁcax,
2670 2890 2768 2945 per
2796 2874 2941 2944 quod
2973 2873 3155 2928 omnia
3184 2871 3326 2926 facta
3363 2877 3490 2926 sunt
3516 2887 3530 2923 :

311 2951 540 3020 ἀλόγως,
577 2951 668 3004 καὶ
709 2953 880 3024 ἀρχὴν
907 2952 985 3023 τῷ
1005 2952 1117 3023 Υἱῷ
1150 2953 1380 3006 διδοῦσιν
1413 2955 1518 3008 ἀπὸ
1544 2956 1640 3027 τῆς
1666 2957 1731 3008 ἐκ
1757 2958 1871 3010 Μα-

1974 2970 2070 3026 sed
2095 2969 2252 3040 quasi
2286 2967 2522 3023 hominis
2549 2967 2774 3021 verbum
2808 2964 3139 3035 prolatitium
3165 2963 3452 3024 duntaxat,
3481 2967 3538 3014 et

317 3039 432 3109 ρίας
460 3039 601 3093 κατὰ
625 3041 802 3109 σάρκα
821 3042 1106 3110 γενέσεως,
1132 3043 1572 3115 βλασφημοῦντες
1590 3063 1602 3078 ο
1627 3045 1708 3098 ὅτι
1740 3047 1871 3119 μηδὲ

1976 3039 2247 3133 quianon
2284 3059 2620 3114 arbitrantur
2670 3056 2868 3112 Filium
2913 3055 3005 3111 Dei
3047 3057 3221 3126 ipsum
3265 3069 3386 3108 esse
3414 3066 3536 3106 ver—

311 3139 442 3193 Θεὸν
467 3141 715 3212 ἀληθινὸν
747 3145 906 3199 αὑτὸν
929 3141 1080 3200 κεῖναι
1109 3148 1468 3203 πιστεύουσιν.

1981 3155 2142 3214 bum;
2197 3166 2385 3206 verum
2430 3157 2632 3204 temere
2672 3156 2725 3203 et
2766 3149 2882 3203 sine
2915 3147 3127 3201 ratione
3167 3145 3434 3208 dividunt,
3485 3148 3538 3196 et

313 3250 640 3319 principium
671 3251 808 3307 Filio
841 3267 871 3307 a
934 3256 1213 3313 nativitate
1276 3259 1570 3313 secundum
1601 3274 1818 3315 carnem
1849 3277 1914 3316 ex
1957 3261 2123 3316 Maria
2153 3259 2468 3329 blaspheme
2507 3271 2600 3312 ore
2631 3255 2897 3317 tribuunt,
2944 3255 3070 3322 quia
3110 3253 3234 3306 item
3270 3268 3377 3306 non
3416 3265 3538 3305 crc-

312 3340 447 3396 dunt
471 3343 647 3412 ipsum
689 3360 869 3399 verum
905 3360 1026 3402 esse
1057 3347 1246 3402 Deum.

383 3435 435 3490 5.
473 3437 656 3490 Ταῦτα
707 3439 993 3510 τοιγαροῦν
1048 3439 1387 3511 φρονοῦντες,
1443 3441 1538 3495 καὶ
1587 3441 1871 3513 ἐγγράφως

2053 3438 2102 3491 5.
2147 3434 2268 3489 Haec
2295 3433 2476 3501 itaque
2497 3445 2618 3485 cum
2657 3428 2954 3484 sentiamus
2989 3436 3149 3498 atque
3185 3429 3388 3500 scripto
3415 3447 3540 3500 pro-

314 3525 720 3595 ὁμολογοῦντες,
747 3528 1208 3601 διαϐεϐαιούμενοί
1243 3549 1302 3584 τε
1331 3532 1502 3587 ταῦτα
1546 3536 1758 3605 φρονεῖν
1784 3533 1878 3587 καὶ

313 3619 438 3680 τοὺς
487 3617 904 3682 ἀποστείλαντας
945 3621 1108 3690 ἡμᾶς,
1152 3619 1406 3690 ἀξιοῦμεν
1439 3620 1536 3691 τὴν
1572 3622 1668 3693 σὴν
1694 3621 1876 3674 θεοσέ-

317 3708 467 3760 ϐειαν
493 3707 686 3777 μηκέτι
707 3710 980 3762 πιστεύειν
1000 3713 1110 3773 τοῖς
1131 3710 1250 3763 καθ’
1270 3711 1423 3781 ἡμῶν
1446 3711 1690 3780 λέγουσιν
1709 3729 1722 3742 ·
1747 3713 1881 3766 ἀλλὰ

321 3797 521 3868 μᾶλλον
552 3801 661 3860 τοῖς
699 3798 1076 3852 ἀποστείλασιν
1104 3801 1248 3870 ἡμᾶς
1277 3801 1447 3854 ταῦτα
1472 3801 1752 3872 γνωρίσαι,
1789 3803 1881 3856 καὶ

317 3889 529 3960 γράψαι
571 3890 663 3941 καὶ
694 3885 773 3953 οἷς
805 3889 870 3943 ἂν
901 3889 1171 3962 γινώσκῃς
1203 3891 1498 3962 όρθοδόξοις
1535 3893 1879 3957 ἐπισκόποις·

319 3979 425 4043 ἵνα,
460 3979 512 4030 εί
540 3978 786 4050 καὶπρὸς
811 3979 1004 4042 αὐτοὺς
1026 3981 1059 4050 ή
1082 3978 1204 4033 καθ’
1226 3979 1383 4050 ἡμῶν
1407 3980 1625 4052 διαϐολὴ
1647 3981 1878 4050 ἐγένετο,

323 4069 584 4138 μαθόντες
627 4069 724 4140 τὴν
770 4069 1054 4140 ὁμολογίαν
1102 4070 1257 4141 ἡμῶν
1305 4071 1523 4142 ταύτην,
1572 4073 1880 4141 καταγνῶσι

320 4159 427 4212 τῶν
453 4160 789 4230 θελησάντων
817 4162 944 4230 ήμῖν
967 4160 1152 4225 ἁπλῶς
1185 4160 1374 4230 φθόνον
1401 4162 1636 4232 κινῆσαι.
1663 4163 1883 4216 Θεόδου-

324 4249 412 4314 λος
440 4251 731 4315 ἐπίσκοπος
766 4251 1113 4323 Ὀξυρύγχου.
1132 4253 1348 4324 Πλήνης
1369 4254 1662 4317 ἐπίσκοπος
1697 4253 1887 4324 Ἑρμο-

327 4341 430 4408 θιέ,
477 4344 748 4415 ’ἰσχυρίων
774 4343 1065 4408 ἐπίσκοπος
1085 4344 1317 4412 Λεοντῶ,
1360 4343 1545 4398 Ἰσαὰκ
1567 4345 1883 4408 ἐπίσκοπος.

345 4430 395 4486 ’Λ
405 4435 531 4504 μήν.

400 4591 418 4618 ¹
448 4588 605 4643 Joan.
645 4590 792 4652 ι,14.
870 4592 890 4622 ³
930 4591 1120 4661 Philip.
1159 4607 1216 4658 II,
1246 4590 1299 4656 6,
1337 4591 1387 4648 7.
1465 4591 1486 4622 ’⁵
1516 4592 1672 4646 Joan.
1711 4607 1784 4657 tv,
1815 4591 1905 4645 ⁸54.

402 4743 478 4813 (5)
515 4743 584 4798 De
625 4744 708 4816 his
742 4745 1232 4816 subscriptionibus
1274 4744 1394 4816 vide
1445 4745 1499 4798 in
1545 4745 1882 4816 Diatriba'de

335 4811 604 4887 Mareello.
656 4813 749 4868 Hae
793 4811 973 4887 porro'
1006 4815 1431 4887 subscriptiones
1489 4817 1692 4868 mutila:
1739 4815 1882 4869 haud

333 4882 493 4937 dubie
525 4893 668 4950 sunt,
707 4882 826 4939 cum
864 4886 1144 4939 Athanasii
1175 4882 1370 4938 nomen
1406 4899 1516 4938 non
1551 4894 1881 4953 compareat,

334 4953 422 5022 qui
457 4969 588 5008 sane
619 4954 743 5008 huic
775 4954 893 5008 ﬁdei
935 4955 1262 5009 confessioni
1297 4953 1610 5022 suffragium
1649 4954 1797 5008 dedit
1823 4969 1886 5007 ac

336 5021 686 5092 subscripsit;
719 5025 854 5079 alias
881 5040 1028 5090 vero,
1062 5023 1371 5092 refragante
1399 5024 1721 5085 Athanasio,
1763 5038 1884 5076 eam

335 5089 567 5148 minime
593 5095 930 5162 probassent,
977 5089 1264 5163 additoque
1304 5095 1520 5149 nomine
1567 5093 1890 5148 confirmas-

1985 3523 2251 3584 fiteamur,
2276 3532 2694 3584 asseramusque
2723 3515 2954 3585 idipsum
2988 3518 3190 3572 sentire
3212 3533 3304 3573 eos
3329 3519 3418 3588 qui
3443 3537 3542 3575 nos

1983 3614 2162 3669 isthuc
2193 3613 2454 3667 miserunt
2483 3629 2493 3663 :
2535 3618 2677 3663 tuam
2711 3623 2962 3678 rogamus
2994 3609 3265 3676 pietatem,
3293 3626 3360 3664 ne
3385 3610 3538 3663 ﬁdem

1983 3706 2049 3762 iis
2080 3704 2280 3759 habeas
2316 3703 2405 3771 qui
2445 3716 2545 3755 nos
2580 3700 2931 3764 insimulant;
2969 3698 3131 3767 idque
3163 3700 3230 3754 iis
3271 3701 3542 3770 significes

1981 3796 2071 3866 qui
2109 3811 2208 3849 nos
2251 3795 2357 3848 huc
2409 3793 2756 3863 delegarunt;
2799 3790 3068 3844 rescribas
3119 3791 3245 3844 item
3300 3791 3365 3846 iis
3403 3808 3542 3862 quos

1981 3885 2311 3942 orthodoxos
2334 3885 2617 3954 episcopos
2646 3897 2768 3936 esse
2792 3882 3038 3946 noveris;
3073 3889 3131 3934 ut
3161 3881 3206 3936 si
3235 3881 3303 3935 ad
3335 3897 3429 3937 eos
3451 3897 3544 3936 ca-

1984 3979 2188 4033 lumnia
2215 3977 2500 4032 adversum
2524 3992 2623 4031 nos
2651 3974 2879 4030 conflata
2902 3975 3225 4044 pervenerit,
3251 3982 3540 4044 conspecta

1984 4070 2089 4124 hac
2115 4077 2303 4123 nostra
2329 4067 2450 4122 fidei
2476 4066 2838 4130 confessione,
2863 4067 3121 4120 malitiam
3142 4081 3328 4120 eorum
3361 4065 3541 4136 depre-

1985 4158 2247 4221 hendant,
2276 4157 2371 4226 qui
2411 4162 2613 4210 temere
2657 4155 2916 4210 invidiam
2959 4157 3116 4209 nobis
3166 4169 3382 4208 movere
3431 4163 3546 4208 stu-

1986 4248 2336 4319 duerunt(5).
2381 4246 2696 4300 Theodulus
2730 4247 3016 4316 episcopus
3071 4243 3545 4317 Oxyrynchi,Ple-

1987 4356 2085 4396 nes
2107 4339 2396 4409 episcopus
2426 4336 2728 4405 Hermothi,
2758 4337 3034 4409 lsehyrion
3071 4335 3549 4410 episcopusLeon-

1988 4443 2066 4500 to,
2107 4433 2258 4488 Isaac
2282 4433 2586 4506 episcopus.
2619 4431 2809 4486 Amen.

1985 4753 2105 4820 sent
2147 4745 2385 4820 episcopi
2440 4745 2541 4820 bic_
2579 4745 2881 4800 memorati.
2933 4740 3240 4820 Verisimile
3285 4741 3410 4795 item
3438 4747 3550 4820 .est

1985 4812 2430 4890 alios/ngptios
2459 4815 2763 4890 episcopos,
2785 4829 3015 4890 quorltm
3035 4812 3280 4890 cecidere
3306 4812 3548 4890 nomina,

1986 4881 2385 4958 eamdem'li'dei
2413 4881 2817 4958 confessionem
2827 4883 3100 4958 suffragio
3129 4898 3230 4958 suo
3260 4881 3546 4958 _muniissc.

1990 4955 2208 5010 Solebat
2240 4956 2384 5009 enim
2414 4955 2740 5008 Athanasius
2775 4954 2840 5006 ad
2881 4955 3011 5008 tanti
3047 4952 3305 5024 ponderis
3339 4952 3551 5020 negotia

1989 5041 2018 5081 e
2048 5026 2399 5079 vicinioribus
2430 5025 2633 5078 multos
2665 5039 2968 5080 accersere.
