4038 6288
277 356 411 413 1509

268 569 367 632 τὰς
388 566 538 632 θείας
562 568 815 638 δυνάμεις
840 567 1195 637 ἀπειληφότα,
1217 566 1309 620 καὶ
1325 567 1426 637 γῆν
1436 566 1497 620 τὸ
1510 566 1620 620 τῶν
1635 566 1843 636 θνητῶν

269 660 606 731 οἰκητήριον·
651 659 746 712 καὶ
779 655 992 730 οὐρανῷ
1035 658 1131 728 μὲν
1176 657 1414 721 ἀκούειν,
1453 659 1523 728 γῇ
1565 657 1623 711 δὲ
1661 657 1848 712 ἐνωτί-

271 748 461 815 ζεσθαι
502 747 963 820 παρακελεύεται,
996 747 1061 801 δι’
1087 746 1264 800 αὐτῶν
1294 745 1394 810 τὰς
1431 748 1659 816 ἀφανεῖς
1687 746 1847 801 δυνά-

276 855 399 910 μεις
467 838 526 891 ὲν
585 837 768 901 αὐτοῖς
816 836 1267 907 ἀνακαλούμενος.
1322 836 1435 889 Καὶ
1501 837 1617 907 μετ’
1666 833 1841 904 ὀλίγα,

269 926 460 999 ἐπειδὴ
500 926 722 1000 κέντρον
772 928 991 999 μνήμης
1029 925 1404 997 παρασχέσθαι
1450 926 1632 989 αὐτοῖς
1681 925 1844 996 ἠϐού-

267 1022 393 1075 λετο
410 1019 520 1073 τῶν
541 1016 845 1090 λεγομένων
868 1021 896 1072 6
920 1018 1221 1089 προφήτης,
1243 1016 1539 1087 ἀναγκαῖον
1560 1015 1650 1071 τοῦ
1676 1018 1841 1088 οὐρα-

268 1115 359 1169 νοῦ
385 1115 480 1167 καὶ
506 1113 608 1185 γῆς
634 1111 934 1184 μαρτυρίαν
960 1098 1394 1184 παραλαμϐάνει·
1420 1110 1527 1176 ἴνα,
1552 1110 1652 1164 κᾶν
1671 1110 1841 1183 λήθην

269 1204 599 1275 ποιήσωνται
631 1201 742 1256 τῶν
770 1200 1066 1272 λεχθέντων
1098 1201 1247 1273 παρά
1285 1200 1381 1255 τοῦ
1420 1202 1718 1274 προφήτου,
1753 1200 1843 1253 οὐ·

272 1295 433 1366 ρανδς
454 1295 548 1348 καλ⁸
572 1297 644 1367 γῇ
678 1291 939 1366 ὁρώμενοι
969 1295 1424 1366 ὑπομιμνήσκωσι
1449 1293 1556 1347 τῶν
1579 1292 1672 1346 τοῦ
1706 1290 1839 1345 Θεοῦ

271 1388 532 1460 ῥημάτων

340 1478 485 1533 Υἰῶν
507 1479 725 1551 μνήμην
748 1477 1058 1549 πεποίηται,
1083 1479 1176 1532 καὶ
1199 1479 1582 1551 γεγεννηκέναι
1617 1479 1837 1549 φάσκει,

265 1571 501 1635 δεικνὺς,
523 1570 598 1634 ὡς
623 1571 722 1623 οὐκ
747 1569 1055 1642 ἀλλοτρίους
1078 1572 1475 1642 εἰσεποιήσατο,
1507 1571 1620 1626 ἀλλ’
1649 1571 1724 1635 ὡς
1744 1572 1839 1624 αὐ-

268 1664 362 1718 τοῦ
403 1664 561 1727 ὄντας
599 1665 901 1735 ποιήματα,
939 1662 1208 1734 πατρικῆς
1254 1663 1573 1735 κηδεμονίας
1615 1663 1835 1733 ἠξίωσε·

268 1757 362 1810 καὶ
400 1756 671 1827 ὑψωκέναι
709 1756 766 1809 δὲ
803 1756 949 1825 λέγει
992 1756 1422 1826 ὑπομιμνήσκων
1461 1756 1560 1826 τῆς
1590 1757 1684 1809 ἀπ’
1722 1757 1835 1809 Ἀἰ-

1746 352 1813 407 IN
1850 351 2123 429 lSAIAM.l

160 491 167 501 '
270 486 467 529 εκτικα
505 472 646 546 μέρη
680 490 773 527 του
813 488 1009 536 παντός
1051 473 1273 544 κόσμου,
1321 465 1546 546 οὖρανὺν
1570 472 1730 527 αὐτὸν
1758 486 1834 527 τοι

1957 472 2049 529 Dei
2101 491 2383 533 sermones
2416 490 2680 538 convocat
2722 485 3019 555 propheta,
3073 489 3270 545 caelum
3307 490 3518 548 scilicet

3382 373 3519 427 1510

1948 568 2163 626 divinas
2189 572 2428 629 virtutes
2456 578 2844 646 complectens,
2892 590 2946 635 et
2981 588 3179 635 terram
3208 597 3236 634 a
3268 585 3516 638 mortali-

1947 662 2050 717 bus
2078 672 2421 733 occupatam.
2458 666 2593 721 Dum
2624 678 2801 723 autem
2829 671 3026 727 coelum
3052 671 3240 727 audire
3261 672 3437 741 jubet,
3461 681 3517 730 et

1946 760 2149 806 terram
2183 756 2407 812 auribus
2438 761 2736 830 percipere,
2772 761 3002 816 latentes
3033 763 3086 814 in
3108 762 3242 832 ipsis
3271 772 3514 832 potesta-

1945 850 2029 900 tes
2056 845 2396 905 adhortatur.
2432 849 2497 904 Et
2529 851 2690 920 paulo
2731 862 2854 923 post
2883 872 2896 906 :
2932 853 3344 908 lncitamentum
3367 871 3516 925 quae—

1943 938 2085 991 renti
2116 941 2394 1009 prophetae
2414 958 2522 1013 quo
2547 942 2764 1001 Iudaeos
2804 944 2870 1000 ad
2895 944 3163 1000 dictorum
3195 947 3512 1001 memoriam

1943 1030 2278 1097 concitaret,
2316 1033 2701 1103 proferendum
2736 1044 2854 1090 erat
2894 1036 3019 1090 caeli
3048 1044 3102 1090 et
3145 1043 3306 1091 terra:
3358 1037 3513 1092 testi—

1910 1123 2225 1200 .monium,
2266 1132 2358 1191 ut,
2403 1125 2619 1181 etiamsi
2654 1126 2857 1181 fuerint
2886 1127 3187 1197 prophetici
3241 1129 3511 1184 sermonis

1942 1211 2119 1277 obliti,
2158 1215 2467 1284 conspectis
2513 1216 2654 1270 coelo
2715 1225 2768 1271 et
2820 1224 2988 1282 terra,
3020 1217 3182 1272 verba
3210 1214 3302 1273 Dei
3347 1219 3514 1273 remi-

1942 1303 2302 1362 niscerentur.

2015 1478 2182 1534 Vens.
2239 1478 2294 1535 2.
2344 1479 2626 1551 {Filiorum
2685 1489 3011 1537 mentionem
3064 1481 3194 1536 facit
3246 1480 3509 1537 Dominus

1942 1580 1996 1627 et
2030 1588 2126 1628 eos
2154 1573 2409 1644 genuisse
2454 1573 2686 1638 fatetur,
2721 1574 2969 1630 indicans
3016 1590 3123 1629 non
3170 1575 3375 1630 alienos
3410 1576 3509 1631 ad-

1940 1661 2296 1732 optivosque,
2346 1663 2438 1718 sed
2489 1674 2771 1720 creaturas
2829 1681 2956 1719 suas
2992 1673 3216 1736 paterna
3258 1681 3387 1719 cura
3433 1665 3511 1720 fu-

1940 1748 2106 1804 visse.
2158 1747 2497 1805 Exaltavisse
2538 1767 2633 1807 eos
2669 1752 2803 1806 dicit
2855 1769 3112 1822 quoque,
3163 1752 3393 1807 reditum
3439 1769 3504 1807 ex

266 1845 473 1914 γύπτου
507 1846 715 1911 ἐξόδου,
747 1845 969 1899 καὶτῶν
1000 1847 1057 1899 ἐν
1087 1845 1236 1917 μέσῳ
1268 1846 1580 1916 θαυμάτων,
1608 1847 1700 1899 καί⁵
1724 1846 1830 1901 τῶν

1940 1833 2174 1906 Ᾱῖιεῖριο
2204 1836 2462 1902 innuens,
2494 1847 2547 1893 et
2578 1841 2837 1917 miracula
2875 1849 3005 1894 tunc
3050 1826 3312 1910 temporis
3343 1842 3505 1905 edita,

255 1939 465 2009 ἑφεξῆς
487 1940 667 2002 αὐτοῖς
699 1938 959 1992 δοθέντων
982 1940 1112 2010 παρ’
1141 1937 1325 1993 αὑτοῦ·
1365 1938 1621 2010 ἀθέτησιν
1659 1938 1713 1992 δὲ
1745 1957 1839 1993 κυ-

256 2030 400 2103 ρίως
439 2029 594 2084 καλεῖ
623 2030 722 2101 τὴν
751 2030 929 2084 αὐτῶν
958 2032 1324 2095 ἀποστασίαν,
1361 2032 1454 2085 καὶ
1492 2032 1590 2103 τὴν
1617 2033 1744 2103 περὶ
1770 2032 1840 2086 τὰ

261 2123 456 2177 εἴδωλα
476 2123 758 2196 πλάνησιν.

332 2218 597 2287 Σημαίνει
625 2218 725 2289 τὴν
763 2217 997 2287 παντελῆ
1045 2217 1225 2271 αὐτῶν
1260 2218 1553 2290 ἀκαρπίαν·
1594 2219 1699 2282 ἕως
1738 2220 1838 2289 μὲν

260 2310 368 2383 γὰρ
426 2309 655 2382 καρπῶν
710 2309 928 2387 ἀγαθῶν
977 2308 1329 2382 πεπλήρωται
1378 2309 1637 2382 ἀμπελῶν
1664 2348 1678 2373 ,
1743 2311 1836 2365 τὸν

257 2403 598 2476 φρουροῦντα
622 2403 713 2456 καὶ
737 2402 1069 2472 φυλάττοντα
1092 2402 1376 2475 κέκτηται,
1398 2402 1475 2470 ὂς,
1505 2402 1706 2474 σκηνὴν
1731 2421 1836 2476 πη-

256 2494 520 2566 ξάμενος,
560 2493 763 2549 ἇνωθεν
799 2495 890 2563 ἀφ’
921 2492 1125 2564 ὑψηλοῦ
1155 2495 1355 2564 ἀφορᾷ,
1391 2495 1485 2548 καὶ
1512 2500 1835 2566 περισκοπεῖ

256 2588 350 2641 καὶ
370 2586 627 2658 φυλάττει
642 2587 733 2640 τὸν
751 2586 1064 2657 ἀμπελῶνα·
1097 2590 1144 2641 εἰ
1163 2587 1219 2642 δὲ
1239 2587 1425 2641 τούτου
1443 2589 1650 2659 καρπὸς
1671 2589 1835 2659 ἀφαι-

257 2677 466 2749 ρεθείη.
497 2679 796 2751 τηνικαῦτα
822 2681 851 2732 ὁ
878 2678 1081 2748 φύλαξ,
1108 2681 1184 2743 ὡς
1217 2681 1303 2757 μὴ
1324 2682 1402 2744 είς
1429 2681 1653 2750 μάταιον
1686 2681 1833 2751 κάμ-

254 2788 355 2835 νοι,
381 2773 483 2845 τὴν
512 2772 717 2845 σκηνὴν
745 2773 949 2845 ἔρημον
978 2772 1277 2839 ἀπολιπὼν,
1312 2775 1583 2846 ἀναχωρεῖ
1608 2776 1705 2845 τῆς
1733 2792 1834 2845 φυ-

257 2878 452 2932 λακης.

335 2956 556 3028 Ἐπειδὴ
590 2956 697 3028 γὰρ
719 2957 747 3009 6
778 2957 874 3029 μὲν
905 2957 1118 3029 Ἰσραὴλ
1151 2957 1312 3011 αὐτὸν
1341 2958 1442 3013 οὐκ
1475 2957 1645 3029 ἔγνω,
1682 2956 1773 3011 καὶ
1801 2959 1829 3011 6

249 3048 379 3112 λαὸς
430 3046 595 3101 αὐτὸν
633 3048 692 3104 οὐ
745 3047 974 3118 συνῆκε,
1011 3048 1073 3101 τὸ
1114 3049 1171 3102 δὲ
1216 3048 1276 3114 ἐξ
1320 3049 1498 3105 αὐτῶν
1539 3049 1759 3120 σπέρμα
1801 3048 1832 3099 ό

249 3143 609 3207 ἀποστολικὸς
646 3144 804 3215 χορὸς
837 3145 1036 3216 συνῆκέ
1068 3163 1126 3198 τε
1169 3146 1330 3199 αὐτὸν
1362 3148 1455 3199 καὶ
1488 3144 1720 3215 ἐπέγνω·
1752 3147 1826 3199 εί-
1860 3164 1907 3224 ο

251 3235 427 3300 κότως
458 3235 776 3306 ἀφορίζεται
812 3234 906 3287 τοῦ
936 3234 1191 3306 πλήθους·
1229 3235 1427 3290 ἄτοπον
1459 3236 1568 3306 γὰρ
1594 3237 1653 3289 τὸ
1678 3237 1830 3306 νομί-

250 3326 361 3389 ζειν
394 3327 527 3389 τοὺς
560 3325 891 3388 ἀποστόλους
922 3325 1030 3379 τῶν
1057 3324 1268 3380 ἀσεϐῶν
1299 3327 1521 3399 σπέρμα
1544 3327 1828 3397 λέγεσθαι,

249 3418 377 3488 περί
420 3410 499 3470 ὧν
543 3418 799 3489 ἀνωτέρω
828 3416 1000 3485 ἔλεγε·
1037 3437 1056 3468 ι
1086 3418 1159 3471 Τὸ
1197 3419 1416 3491 σπέρμα
1455 3420 1689 3493 πονηρὸν
1724 3420 1831 3472 υἱοὶ

244 3510 464 3580 ἐνομοι·
497 3528 515 3559 ι
550 3510 750 3581 πρέπει
790 3509 846 3563 δὲ
882 3509 989 3562 τῶν
1034 3510 1330 3584 προφητῶν
1378 3512 1599 3584 σπέρμα
1636 3512 1834 3572 αὐτοὺς

244 3599 384 3656 εἶναι
414 3601 690 3674 ἡγεῖσθαι.

325 3697 400 3750 Οὐ
450 3696 695 3768 λουτροῖς
733 3700 845 3761 τοῖς
885 3697 1202 3768 καθαίρουσι
1239 3696 1336 3768 τὴν
1379 3696 1697 3766 ἐπιφάνειαν
1737 3696 1830 3750 τοῦ

249 3787 526 3859 σώματος·
554 3787 675 3840 οὐδὲ
698 3788 806 3859 γὰρ
832 3787 987 3840 τοῦτο
1012 3787 1335 3841 ὲ6έ6λαπτο·
1371 3787 1506 3842 ἀλλά
1536 3804 1831 3858 πνευματι-

247 3883 363 3945 κοῖς
386 3880 710 3951 δυναμένοις
739 3880 997 3949 ἀφανίσαι
1026 3881 1122 3951 μὲν
1153 3880 1347 3949 γνόφον
1379 3880 1792 3952 ἁμαρτημάτων
1813 3920 1829 3945 ,

245 3975 497 4048 καθᾶραι
521 3972 578 4026 δὲ
603 3972 779 4047 ψυχῆς
817 3972 986 4027 κακὸν
1027 3972 1279 4037 συνειδός·
1320 3973 1415 4026 καὶ
1446 3972 1618 4027 ταῦτα
1657 3978 1830 4028 ποιεῖν

244 4065 338 4134 ἀφ’
366 4052 603 4120 ἑαυτῶν.

315 4155 729 4219 Καταλιπόντες
768 4156 876 4228 γὰρ
907 4156 997 4211 τὸν
1033 4157 1327 4229 εὐεργέτην
1363 4174 1422 4210 τε
1465 4158 1560 4211 καὶ
1591 4159 1828 4231 σωτῆρα,

241 4248 561 4321 ὲπήλπισαν
590 4253 700 4315 τοῖς
732 4250 959 4320 ἀψύχοις
992 4250 1088 4303 καὶ
1124 4250 1483 4321 ἀναισθήτοις·
1525 4251 1603 4305 διὸ
1633 4252 1831 4322 γυμνοὶ

246 4338 438 4411 πάσης
461 4338 671 4411 ἀγαθῆς
692 4339 849 4411 δόξης
875 4339 1167 4410 ἐτύγχανον
1187 4381 1201 4405 ,
1236 4341 1391 4410 δίκην
1432 4341 1684 4395 στυπείου
1733 4360 1831 4396 κα-

251 4434 745 4505 τακαυθησόμενοι,
788 4434 882 4487 καὶ
915 4434 1196 4487 οὐκέσται
1238 4435 1266 4487 ό
1307 4434 1547 4489 σϐέσων·
1587 4436 1671 4499 τίς
1717 4436 1829 4509 γὰρ

253 4525 529 4601 ἐξελέσθαι
550 4528 790 4592 δυνατὸς,
818 4527 908 4587 τοῦ
930 4527 1063 4587 Θεοῦ
1088 4527 1185 4600 τὴν
1208 4530 1326 4581 κατ’
1354 4527 1532 4582 αὐτῶν
1555 4529 1825 4598 ἀπόφασιν

252 4616 653 4700 ἐξενηνοχότοςς
679 4621 788 4691 Τὴν
820 4621 878 4675 ἐν
897 4624 963 4699 τῇ
992 4620 1335 4692 αἰχμαλωσίᾳ
1364 4621 1538 4681 τοίνυν
1566 4620 1825 4691 αἰσχύνην

251 4711 544 4787 αἰνίττεται
580 4714 607 4766 ό
638 4712 814 4783 λόγος·
850 4713 1066 4768 πάντων
1103 4712 1342 4767 ἐκποδὼν
1374 4713 1683 4785 γενομένων
1716 4714 1825 4771 τῶν

251 4803 683 4878 ὲπιθυμημάτων
719 4806 918 4859 αὐτῶν·
962 4806 1359 4877 ματαιωθείσης
1391 4807 1447 4860 δὲ
1483 4808 1573 4860 καὶ
1603 4808 1703 4878 τῆς
1738 4806 1826 4860 ἑλ-

251 4896 401 4962 πίδος
437 4900 613 4955 αὐτῶν
640 4902 737 4971 τῆς
770 4903 863 4955 ἐπὶ
881 4906 991 4965 τοῖς
1021 4901 1277 4965 εἰδώλοις.

322 4989 439 5044 Κᾶν
463 4992 640 5060 λόγος,
672 4991 775 5057 κᾶν
805 4992 990 5062 δρασις
1019 4990 1277 5062 λέγηται,
1305 4992 1457 5045 οὐδὲν
1487 4991 1694 5045 διοίσει·
1730 4992 1823 5046 καὶ

250 5081 358 5152 γὰρ
393 5074 450 5137 ἔν
484 5084 637 5154 ὄψεσί
665 5102 716 5137 τι
749 5084 996 5154 φαίνεται
1018 5100 1033 5114 ·
1059 5083 1231 5147 οὕτως
1263 5085 1296 5154 ἡ
1322 5083 1521 5153 γνῶσις
1559 5083 1824 5137 διαϐαίνει

249 5175 330 5236 είς
351 5173 551 5247 ψυχὴν,
584 5178 660 5229 ὅτ’
688 5176 754 5230 ἂν
798 5176 930 5248 Θεὸς
967 5175 1205 5249 δεικνύῃ,
1245 5176 1319 5240 ὡς
1357 5175 1654 5248 δεξαμένης
1683 5177 1824 5232 κατά

247 5263 488 5323 διάνοιαν
517 5272 640 5333 τοὺς
672 5270 875 5323 τούτων
907 5269 1118 5338 λόγους·
1160 5268 1263 5324 κᾶν
1300 5270 1388 5324 διὰ
1424 5270 1596 5340 λόγων
1629 5270 1820 5344 ἀκούῃ,

245 5354 418 5420 οὕτως
446 5359 757 5429 βεϐαιοῦται
778 5360 876 5432 τὴν
896 5360 1132 5414 διάνοιαν
1152 5400 1167 5424 ,
1194 5362 1271 5425 ὡς
1294 5362 1501 5435 ἀθρόως
1532 5362 1823 5433 δεχομένης

245 5447 344 5517 τὴν
372 5447 592 5505 πάντων
624 5451 844 5520 γνῶσιν.
875 5485 940 5495 -
970 5452 1230 5507 Ἐνταῦθα
1248 5455 1308 5508 οὐ
1330 5454 1476 5524 λέγει
1498 5453 1657 5518 κατὰ,
1688 5453 1825 5507 αλλά

248 5542 392 5611 περὶ,
428 5542 668 5607 δεικνὺς,
714 5543 790 5608 ὡς
824 5546 941 5599 ἐκεῖ
975 5546 1072 5618 μὲν
1111 5545 1299 5616 ἐδήλου
1341 5546 1437 5620 τὴν
1479 5549 1599 5602 κατ’
1645 5546 1822 5601 αὐτῶν

246 5630 519 5709 ἐσομένην
547 5638 642 5693 καὶ
668 5637 778 5710 τῶν
804 5637 984 5697 τόπων
1015 5638 1309 5711 ἐρήμωσιν.

1940 1925 2024 1979 vel
2055 1934 2242 1995 postea
2277 1925 2476 1983 Iudaeis
2504 1916 2791 1985 concessa.
2832 1930 3211 2001 Contempth
3256 1933 3380 2002 jure
3411 1948 3509 1986 vo-

1940 2016 2406 2072 catdefectioncm
2430 2020 2647 2093 illorum
2676 2029 2728 2076 et
2756 2022 2900 2077 circa
2930 2023 3220 2077 simulacra
3243 2039 3504 2081 errorem.

1933 2223 1941 2236 .
2010 2188 2176 2244 Vens.
2231 2191 2283 2244 8.
2323 2189 2603 2261 Significat
2645 2209 2908 2246 summam
2960 2192 3267 2250 Iudaeorum
3307 2197 3508 2252 steriii-

1936 2292 2125 2340 tatem.
2166 2284 2345 2339 Donec
2375 2286 2522 2339 enim
2554 2286 2714 2341 bonis
2745 2286 3015 2344 fructibus
3052 2290 3309 2344 exuberat
3334 2291 3462 2346 vitis
3487 2333 3502 2357 ,

1937 2389 2039 2429 nec
2068 2390 2097 2427 a
2130 2376 2475 2447 vigilantibus
2528 2379 2878 2444 destituitur,
2930 2397 3031 2435 nec
3072 2397 3101 2434 a
3145 2383 3503 2438 custodienti-

1936 2465 2061 2532 bus,
2083 2469 2199 2536 qui,
2239 2468 2593 2524 tabernaculo
2624 2470 2943 2535 constituto,
2965 2470 3198 2542 desuper
3222 2489 3252 2529 e
3283 2475 3503 2529 sublimi

1937 2559 2320 2627 speculantur,
2369 2571 2423 2615 et
2472 2561 2952 2633 circumspiciunt,
3006 2572 3058 2619 et
3104 2564 3268 2619 vitem
3327 2576 3508 2621 custo-

1936 2648 2128 2716 diunt;
2163 2650 2431 2708 fructibus
2480 2662 2659 2709 autem
2695 2655 2956 2718 sublatis,
3006 2673 3072 2712 ne
3107 2657 3161 2712 in
3196 2673 3395 2712 vanum
3426 2660 3505 2713 la-

1933 2741 2087 2798 boret
2117 2751 2323 2809 custos,
2357 2744 2630 2800 desertum
2664 2746 2950 2818 dereliquit
2982 2749 3417 2816 tabernaculum,
3451 2760 3505 2806 et

1933 2830 1999 2887 de
2026 2834 2260 2889 statione
2282 2835 2516 2891 decedit.

2007 2922 2172 2982 Vens.
2203 2928 2255 2982 9.
2292 2929 2426 2984 Cum
2454 2929 2620 2987 Israel
2650 2931 2820 2987 Deum
2844 2949 2952 2987 non
2969 2934 3302 3003 cognoverit,
3329 2950 3506 3004 neque
3566 2960 3568 2963 τ

1932 3031 2057 3071 eum
2090 3020 2322 3091 populus
2358 3021 2703 3092 intellexerit,
2736 3025 2830 3081 sed
2869 3042 2935 3080 ex
2987 3027 3118 3096 ipsis
3144 3042 3351 3093 semen,
3375 3044 3506 3099 apo-

1937 3111 2163 3167 stolicus
2193 3115 2417 3180 chorus,
2456 3132 2578 3173 eum
2624 3126 2679 3172 et
2710 3125 3023 3191 cognoverit
3059 3131 3114 3178 et
3152 3126 3500 3191 intellexerit,

1937 3203 2136 3257 merito
2168 3220 2197 3257 a
2221 3207 2378 3274 plebe
2411 3207 2781 3279 distinguitur.
2836 3210 3021 3283 Inepte
3058 3216 3258 3288 quippe
3291 3218 3503 3274 diceres

1935 3295 2215 3363 apostolus
2244 3311 2428 3352 semen
2461 3297 2631 3354 fuisse
2667 3300 2985 3370 impiorum,
3013 3305 3081 3361 de
3105 3309 3306 3376 quibus
3337 3313 3503 3367 modo

1932 3383 2138 3438 dictum
2170 3383 2359 3455 (Vens.
2384 3387 2441 3457 4)
2473 3407 2484 3441 :
2519 3408 2537 3439 ι
2589 3387 2783 3445 Semen
2809 3408 3038 3463 nequam
3065 3396 3157 3451 filii
3190 3400 3437 3456 scelesti-
3477 3423 3496 3455 ι

1935 3475 2114 3544 aptius
2141 3491 2236 3532 eos
2267 3492 2450 3533 semen
2487 3479 2873 3549 prophetarum
2918 3488 3217 3543 vocaveris.

2005 3653 2170 3712 Vens.
2208 3655 2296 3713 l6.
2337 3656 2455 3712 Non
2513 3659 2580 3715 iis
2634 3660 2975 3735 (lavamini)
3020 3664 3334 3730 lotionibus,
3381 3682 3504 3736 quae

1930 3747 2179 3817 corporis
2212 3756 2389 3803 cutem
2425 3749 2742 3819 emundant,
2780 3767 2889 3807 non
2919 3753 3062 3808 enim
3093 3755 3220 3809 huic
3272 3758 3504 3811 munda-

1931 3843 2081 3897 tione
2105 3859 2273 3914 opus;
2298 3845 2391 3900 sed
2419 3846 2814 3917 spiritualibus,
2839 3864 2959 3920 quae
2979 3862 3328 3920 peccatorum
3368 3854 3504 3909 eali;

1934 3935 2112 4004 ginem
2148 3937 2366 3991 auferre
2395 3937 2630 4007 possint,
2656 3946 2711 3993 et
2740 3942 2935 3996 sordes
2965 3942 3132 3996 animi
3162 3944 3382 4000 abluere
3406 3963 3420 4012 ;
3450 3956 3504 4001 et

1932 4027 2332 4097 malaquaeque
2358 4030 2550 4098 procul
2578 4030 2863 4100 depellere.
3386 4026 3395 4045 ‘

2004 4118 2170 4174 Vens.
2218 4119 2308 4174 29.
2354 4119 2490 4175 Nam
2543 4121 2801 4178 derelicto
2839 4123 3186 4181 benefactore
3223 4136 3277 4182 et
3314 4126 3504 4183 Salva-

1931 4219 2069 4277 tore,
2102 4213 2263 4269 idolis
2295 4214 2487 4271 confisi
2540 4223 2669 4271 sunt
2712 4217 2890 4271 anima
2935 4226 2990 4273 et
3035 4226 3216 4274 mente
3265 4220 3504 4275 carenti-

1932 4309 2033 4363 bus
2057 4327 2070 4375 ;
2114 4308 2318 4363 idcirco
2334 4311 2481 4364 omni
2507 4310 2647 4365 bona
2668 4292 2812 4370 fama
2841 4310 3106 4378 destituti,
3134 4313 3213 4367 vel
3231 4320 3500 4384 utstuppa

1931 4400 2550 4470 comburentur(Vens.
2589 4404 2697 4474 51)
2737 4422 2754 4455 ι
2792 4413 2847 4457 et
2894 4420 3002 4459 non
3036 4405 3140 4460 erit
3171 4406 3264 4476 qui
3293 4407 3502 4461 exstin—

1858 4504 1902 4560 ι)
1930 4501 2079 4562 guat.
2128 4511 2147 4544 ι
2200 4491 2336 4558 Quis
2370 4492 2515 4547 enim
2548 4503 2731 4564 posset
2757 4510 2852 4549 eos
2885 4497 3127 4565 eripere,
3182 4495 3292 4551 Deo
3340 4496 3499 4550 incu-

1930 4584 2127 4639 sante?
2156 4582 2336 4640 lnnuit
2360 4585 2526 4656 igitur
2553 4601 2735 4641 sermo
2766 4586 3146 4642 confusionem
3181 4588 3235 4641 in
3267 4590 3498 4659 captivi-

1929 4682 2039 4728 tate
2097 4673 2375 4740 futuram,
2428 4691 2551 4730 cum
2612 4677 2754 4733 bono
2801 4694 3018 4748 quoque
3074 4677 3245 4734 Judaei
3299 4681 3500 4736 fuerint

1926 4768 2075 4820 exuti
2103 4808 2116 4830 ,
2162 4775 2216 4822 et
2260 4784 2356 4838 spe
2415 4769 2669 4841 depulsi,
2727 4786 2888 4840 quam
2943 4772 2998 4825 in
3062 4771 3222 4827 idolis
3262 4775 3501 4830 colloca—

1928 4868 2134 4915 verant.

1997 4954 2126 5010 Car.
2157 4954 2223 5020 ll,
2250 4954 2417 5012 Vens.
2452 4956 2503 5010 l.
2546 4954 2652 5011 Seu
2679 4956 2936 5024 verbum,
2968 4972 3063 5013 seu
3094 4957 3230 5013 visio
3255 4958 3490 5023 dicatur,

1927 5048 2060 5103 nihil
2112 5051 2376 5114 interest;
2419 5064 2543 5102 nam
2593 5057 2647 5104 ct
2685 5051 2986 5106 visionibus
3019 5052 3221 5123 aliquid
3256 5054 3493 5109 auditur.

1932 5140 2162 5208 Quando
2200 5139 2345 5195 Deus
2384 5139 2516 5211 quid
2563 5142 2739 5198 oculis
2767 5143 3019 5213 subiicit,
3057 5147 3372 5217 cognitione
3411 5146 3494 5199 in-

1932 5235 2165 5288 struitur
2195 5233 2432 5297 animus,
2467 5234 2611 5289 haud
2638 5251 2798 5291 secus
2840 5252 2903 5290 ac
2944 5237 2991 5292 si
3016 5245 3197 5293 mente
3219 5237 3492 5291 visionum

1928 5341 2234 5381 sermonem
2262 5327 2602 5397 perciperet;
2629 5340 2684 5384 et
2712 5329 2898 5383 audito
2919 5331 3084 5385 verbo
3108 5369 3123 5393 ,
3174 5328 3249 5382 ita
3288 5327 3493 5382 illumi-

1925 5426 2091 5472 natur
2135 5433 2326 5486 mens,
2374 5419 2528 5488 quasi
2578 5435 2688 5474 uno
2731 5421 2929 5474 intuitu
2962 5432 3284 5473 cunctorum
3318 5419 3495 5473 sciens

1929 5513 2060 5566 tiam
2093 5498 2567 5582 complecteretur.
2598 5544 2669 5563 ψ-
2696 5512 2797 5567 Hic
2819 5514 2934 5582 jam
2964 5527 3071 5566 non
3103 5519 3291 5566 contra
3320 5512 3497 5581 loqui-

1927 5615 2034 5669 tur,
2069 5608 2164 5663 sed
2195 5608 2264 5675 de
2294 5606 2676 5679 (Jerusalem),
2727 5609 2974 5663 indicans
3005 5622 3063 5661 se
3095 5608 3247 5677 prius
3273 5608 3496 5662 calami-

1928 5706 2072 5755 tates
2096 5700 2507 5759 denuntiavisse
2540 5706 2731 5757 contra
2769 5715 2862 5755 eos
2898 5699 3108 5755 futuras
3160 5708 3214 5757 et
3249 5701 3500 5769 locorum

1927 5791 2303 5855 vastationem.
