4038 6288
650 385 781 442 1511

1842 375 1932 430 ΤΗ
1940 371 2190 432 EODORI
2230 365 2746 424 HERACIEENSIS

3721 369 3819 427 i312

720 499 888 558 Vens.
914 503 967 558 5.
994 500 1177 571 ipsum
1213 496 1514 556 Salvatoris
1567 492 1742 549 nostri
1788 506 2091 549 sermonem
2139 488 2219 541 le-
2250 489 2293 545 Α

2250 489 2293 545 Α
2392 480 2571 551 Νόμον
2599 480 2656 534 δὲ
2683 481 2838 534 καλεῖ
2868 480 2963 534 καὶ
2995 478 3151 548 λόγον
3183 478 3277 532 τοῦ
3308 479 3552 547 Σωτηρος
3573 476 3726 546 ημῶν·
3752 494 3816 537 και

649 610 769 666 gem
806 592 1057 649 vocavit:
1093 590 1293 661 quippe
1346 588 1437 658 qui
1489 587 1559 642 de
1604 586 1904 641 Jerusalem
1937 581 2215 654 profectus

647 694 895 743 errantes
922 692 1115 756 gentes
1167 684 1383 755 arguit,
1428 699 1536 738 non
1566 683 1820 753 judicans
1867 682 2094 749 dociles,
2119 682 2215 736 sed

646 792 874 833 munera
900 777 1140 848 largiens
1171 775 1597 847 agnoscentibus
1624 789 1765 830 eum.

714 866 886 923 Vens.
923 867 1012 922 l8.
1057 865 1324 921 Malorum
1372 880 1537 921 causa
1593 865 1885 935 (idolorum
1931 864 2213 937 eversio):

645 973 779 1015 tunc
818 958 1125 1030 intelligent
1183 974 1243 1015 se
1293 957 1498 1013 frustra
1555 955 1723 1012 Deum
1763 956 2113 1022 deseruisse,
2162 965 2217 1013 et

645 1053 940 1110 inservisse
988 1053 1331 1119 simulacris;
1383 1067 1509 1106 nam
1537 1060 1837 1121 agnoscent
1883 1049 2218 1121 vespertilio-

645 1158 744 1199 nes
796 1144 900 1200 sibi
942 1144 1123 1215 potius
1178 1145 1433 1200 colendas
1488 1143 1658 1199 fuisse
1699 1157 1864 1199 sensu
1920 1142 2213 1212 praeditas,

644 1250 807 1305 quam
841 1235 1109 1306 imagines
1133 1251 1320 1291 eorum
1339 1252 1503 1292 sensu
1526 1242 1795 1292 carentes.
1820 1231 1992 1298 Tunc,
2018 1235 2214 1304 inquit,

646 1329 950 1386 imminenti
979 1329 1212 1401 judicio,
1253 1345 1361 1385 non
1388 1336 1603 1386 astante
1628 1330 1723 1400 qui
1757 1329 2048 1394 liberaret,
2103 1345 2218 1383 me-

646 1422 753 1477 rito
782 1438 843 1479 se
873 1423 927 1477 in
978 1432 1160 1494 petras
1191 1422 1554 1486 abscondent,
1586 1421 1654 1478 de
1687 1422 1911 1493 quibus,
1943 1423 2038 1486 ait,
2072 1421 2215 1477 idola

648 1514 753 1569 sibi
780 1512 1198 1570 fabricaveram.
1225 1512 1342 1569 Non
1368 1513 1621 1584 poteritis
1655 1513 1823 1576 enim,
1850 1512 2057 1582 adjicit,
2080 1513 2215 1566 iram

646 1604 742 1661 Dei
770 1605 825 1661 in
854 1620 953 1662 vos
983 1614 1312 1660 commotam
1335 1603 1585 1667 suﬂerre,
1618 1604 1715 1660 sed
1747 1602 2217 1659 demonstrabitur

646 1696 913 1769 fragilitas
947 1703 1148 1764 vestra,
1182 1696 1275 1753 Dei
1306 1713 1434 1753 vero
1460 1697 1716 1769 maiestas
1738 1696 2039 1768 apparebit.

714 1959 843 2015 Car.
876 1959 967 2029 1V,
1003 1960 1171 2019 Vens.
1200 1963 1253 2018 4.
1294 1963 1504 2030 Quibus
1530 1963 1708 2019 verbis
1742 1964 1997 2021 salutaris
2030 1973 2217 2021 noster

648 2052 952 2123 baptismus
985 2053 1362 2124 significatur,
1396 2071 1492 2126 per
1519 2072 1682 2127 quem
1709 2057 2010 2128 praesertim
2037 2059 2215 2114 denuo

647 2145 834 2200 mundi
862 2146 1282 2216 conspiciemur.

714 2234 843 2290 Car.
876 2234 938 2301 V,
985 2235 1151 2292 Vens.
1187 2239 1238 2293 t.
1282 2237 1456 2295 Voces
1491 2239 1608 2296 ista:
1645 2259 1664 2292 ι
1702 2242 1755 2297 in
1786 2257 1979 2307 cornu,
2005 2242 2059 2297 in
2097 2243 2216 2299 loco

646 2329 853 2401 pingui,
886 2349 906 2383 ι
934 2331 1193 2386 selectum
1232 2331 1402 2388 fuisse
1442 2333 1619 2389 locum
1675 2335 1989 2401 declarant,
2021 2335 2218 2392 distin-

645 2431 919 2493 ctumque.
964 2422 1140 2479 Vitem
1193 2425 1433 2495 sepsisse
1478 2426 1632 2491 dicit,
1670 2438 1725 2483 et
1786 2429 2105 2495 vallavisse,
2163 2438 2218 2485 et

645 2513 1011 2584 plantavisse,
1067 2523 1123 2570 et
1161 2515 1519 2573 aedificavisse
1568 2519 1801 2584 turrim,
1846 2527 1906 2573 ut
1955 2529 2219 2576 memoret

645 2606 833 2675 quanti
882 2605 1101 2663 Judmos
1152 2605 1375 2675 fecerit,
1411 2618 1618 2679 quanta
1669 2610 1992 2666 custodierit
2040 2627 2213 2677 cura,

644 2706 851 2767 quanto
876 2699 1059 2755 studio
1101 2715 1199 2770 per
1238 2701 1536 2771 prophetas
1569 2701 1839 2759 docuerit.
1876 2702 1954 2757 ita
1983 2704 2219 2761 excultis

646 2803 755 2842 non
787 2788 956 2859 spina:
982 2789 1219 2845 ferenda:
1246 2800 1422 2857 erant,
1467 2791 1564 2847 sed
1596 2791 1899 2863 condignus
1931 2792 2142 2849 fructus
2163 2800 2219 2849 et

646 2881 926 2938 laboribus
950 2883 1301 2940 conveniens.
1338 2885 1527 2939 Talem
1555 2893 1739 2941 autem
1769 2885 2009 2941 fructum
2042 2886 2109 2941 ab
2135 2887 2217 2942 eis

649 2986 755 3025 non
786 2971 957 3029 fuisse
981 2973 1186 3029 editum
1216 2983 1449 3029 testatur
1492 2977 1664 3047 spina:
1700 2992 1903 3032 corona
1949 2976 2219 3034 Salvatori

650 3064 905 3135 imposita
927 3104 943 3132 ,
979 3065 1151 3136 ﬁgura
1189 3067 1470 3138 spinarum
1507 3069 1564 3122 in
1611 3069 1809 3127 animis
1839 3070 2144 3126 latentium.

711 3265 841 3321 Car.
876 3266 1066 3332 XXIII,
1099 3267 1265 3325 Vens.
1306 3269 1393 3325 17.
1450 3269 1700 3342 (Tyrum)
1728 3271 1862 3327 dicit
1895 3287 1925 3326 a
1954 3271 2063 3328 Deo
2093 3280 2217 3344 post

648 3366 897 3430 acceptas
944 3375 1137 3431 poenas
1176 3360 1505 3417 visitandam
1538 3378 1662 3419 esse
1688 3404 1704 3430 ,
1755 3372 1809 3419 et
1841 3365 1895 3420 in
1937 3366 2215 3436 antiquam

646 3453 845 3507 famam
886 3454 1302 3522 restituendam,
1330 3465 1389 3510 ut
1422 3455 1532 3511 Deo
1562 3457 1757 3527 opibus
1810 3458 2096 3521 inserviat,
2122 3472 2219 3528 per

646 3548 1069 3619 negotiationem
1114 3550 1434 3620 requisitis:
1474 3566 1594 3621 quae
1621 3548 1921 3607 Jerusalem
1969 3552 2219 3608 habitan-

647 3639 792 3695 tibus
838 3640 1122 3711 perutilia.
1179 3649 1239 3695 ut
1270 3641 1327 3696 in
1361 3640 1663 3713 Scripturis
1697 3643 1872 3700 sacris
1899 3683 1914 3709 ,
1956 3656 2218 3716 regnante

646 3732 833 3787 lliram
853 3772 869 3798 ,
909 3733 1208 3804 contigisse
1240 3743 1495 3789 narratur
1527 3736 1564 3788 ⁸.

713 3824 844 3881 Car.
881 3823 1072 3890 XXVI,
1092 3824 1256 3881 Vens.
1293 3826 1346 3881 9.
1387 3827 1612 3883 Animas
1640 3828 1713 3883 ita
1741 3827 2037 3899 dispositas
2079 3830 2217 3887 dicit

645 3932 805 3974 mane
842 3933 1173 3991 consurgere
1207 3919 1276 3974 ad
1308 3921 1648 3977 exhibendas
1685 3921 1752 3978 de
1806 3925 2093 3993 praeteritis
2127 3941 2217 3981 re-

648 4010 749 4065 bus
793 4009 999 4080 gratias
1028 4028 1041 4064 :
1078 4025 1253 4080 neque
1284 4010 1431 4065 enim
1460 4026 1591 4076 nox,
1626 4011 1832 4066 homini
1871 4012 1939 4067 ad
1964 4028 2219 4068 recrean-

647 4103 776 4157 dum
809 4118 1011 4174 corpus
1035 4104 1184 4171 data,
1217 4104 1553 4163 dormientes
1604 4105 1828 4162 reficere
1870 4116 2078 4178 posset,
2109 4106 2217 4162 nisi

647 4192 841 4249 fuisset
870 4194 973 4249 hoc
1001 4208 1033 4247 a
1062 4192 1173 4250 Deo
1197 4196 1587 4261 constitutum;
1612 4196 1814 4266 optime
1841 4196 2005 4266 igitur
2028 4205 2082 4251 et
2103 4211 2219 4250 ma-

648 4281 885 4337 tutinum
946 4292 1161 4354 tempus
1220 4292 1455 4357 occupat,
1503 4286 1626 4342 talis
1682 4287 1895 4350 anima,
1940 4295 1995 4340 ut
2054 4294 2107 4341 et
2151 4286 2218 4341 de

648 4374 941 4447 praeteritis
982 4376 1149 4432 rebus
1196 4378 1400 4447 gratias
1451 4378 1693 4445 referat,
1727 4387 1782 4433 et
1821 4378 1887 4433 ad
1924 4379 2066 4434 diem
2102 4378 2218 4449 jam

647 4470 985 4526 exorientem
1037 4484 1194 4541 opem
1255 4469 1480 4542 ﬂagitet.
1521 4470 1814 4542 Praeceptis
1860 4470 1950 4527 Dei
1985 4481 2216 4528 mentem

2321 585 2430 649 γαρ
2478 575 2585 629 ἀπὸ
2620 569 2977 645 Ἰερουσαλὴμ
3014 570 3218 641 φανεὶς,
3266 568 3457 639 ήλεγξε
3504 568 3592 638 μὲν
3635 570 3693 622 τὰ
3727 572 3815 646 ἔθνη

2318 666 2676 738 πλανώμενα⁶
2733 666 2795 718 ού
2852 661 3198 734 κατακρίνων
3251 659 3692 732 ὁμολογήσαντας,
3738 663 3814 717 ἀλλ’

2318 760 2697 830 ἐπεγνωκότας
2716 755 3036 830 εὐεργετῶν.

2387 874 2469 928 Τά
2500 872 2608 928 τῶν
2652 871 2835 927 κακῶν
2872 872 3042 926 αῐτια·
3082 873 3163 934 εἰς
3202 866 3541 938 συναίσθησιν
3578 868 3812 939 ἐρχόμενοι,

2315 968 2394 1021 ὅτι
2428 966 2517 1035 δὴ,
2551 966 2725 1036 μάτην
2763 964 3147 1026 καταλιπόντες
3188 962 3275 1015 τὸν
3323 959 3485 1024 Θεὸν,
3515 960 3675 1023 αὐτοῖς
3696 979 3814 1033 προσ-

2317 1058 2561 1114 εκύνουν’
2596 1057 3003 1127 ἀναλογίσονται
3034 1055 3143 1127 γὰρ
3166 1095 3180 1119 ,
3198 1054 3280 1107 ὅτι
3307 1051 3372 1123 δὴ
3394 1049 3579 1123 μᾶλλον
3603 1055 3815 1125 νυκτερίσι

2318 1147 2686 1221 προσεκύνουν
2711 1151 2829 1212 ταῖς
2850 1150 2906 1202 ἐν
2930 1146 3138 1210 τούτοις
3169 1141 3601 1216 ἐμφωλευούσαις
3624 1143 3815 1214 αἴσθησιν

2318 1240 2682 1312 κεκτημέναις
2718 1238 2751 1311 ἢ
2785 1241 2896 1303 τοῖς
2923 1238 3127 1292 τούτων
3163 1233 3523 1305 καταγωγίοις
3545 1234 3816 1305 ἀναισθήτοις

2316 1327 2456 1387 οὖσι.
2494 1332 2604 1403 Τῆς
2634 1329 2821 1402 δίκης,
2852 1329 3037 1401 φησὶν,
3061 1329 3204 1400 ὑμᾶς
3243 1324 3652 1395 καταλαϐούσης,
3677 1326 3750 1379 καὶ
3766 1326 3815 1397 μή

2319 1423 2469 1489 ὄντος
2490 1422 2583 1477 τοῦ
2610 1422 2995 1494 βοηθήσαντος,
3023 1420 3311 1475 ἀκόλουθον
3339 1420 3419 1483 είς
3441 1417 3536 1482 τὰς
3557 1417 3727 1490 πέτρας
3750 1436 3815 1471 κα-

2316 1513 2745 1588 τακρύπτεσθαι·
2780 1512 2841 1579 ἐξ
2878 1506 3062 1584 ὧνπερ
3083 1554 3098 1575 ,
3126 1513 3278 1584 φησὶ,
3314 1511 3410 1565 καλ⁵
3437 1511 3503 1563 τὰ
3533 1509 3697 1564 εἴδωλα
3727 1511 3813 1563 tle-

2321 1606 2566 1673 ξεύσατε’
2591 1606 2712 1660 οὐδέ
2738 1604 2846 1676 γὰρ
2872 1604 3094 1673 ἐνέγκαι
3123 1599 3440 1673 δυνήσεσθε,
3464 1599 3605 1669 φησὶ,
3631 1599 3710 1671 τὴν
3731 1598 3812 1653 καθ’

2318 1698 2471 1770 ὑμῶν
2502 1697 2812 1768 κινηθεῖσαν
2846 1695 2997 1766 παρά
3026 1693 3120 1763 τοῦ
3151 1691 3288 1746 Θεοῦ
3318 1693 3502 1763 ὀργήν·
3543 1690 3659 1744 ἀλλὰ
3680 1692 3727 1743 τὸ
3747 1690 3812 1761 μὲν

2321 1790 2583 1861 ὑμέτερον
2612 1786 2834 1851 ἀσθενὲς
2856 1784 3342 1857 ὁμολογηθήσεται·
3375 1784 3605 1852 φανεῖται
3635 1781 3723 1852 δὲή
3749 1798 3810 1851 μι-

2313 1880 2592 1951 γαλειότης
2622 1879 2715 1934 τοῦ
2744 1878 2878 1932 Θεοῦ

2389 1973 2462 2025 Τὸ
2492 1972 2612 2025 καθ’
2643 1973 2790 2043 ἡμᾶς
2822 1971 3093 2041 σωτήριον
3131 1968 3419 2039 βάπτισμα
3463 1966 3732 2038 σημαίνεται
3750 1966 3807 2017 διὲι

2314 2062 2548 2117 τούτων’
2574 2063 2640 2117 δι’
2672 2054 2732 2115 οὗ
2761 2062 2998 2134 μάλιστα
3030 2059 3265 2131 καθαροὶ
3297 2058 3355 2125 ἐξ
3393 2058 3624 2129 ὑπαρχῆς
3661 2056 3804 2110 evade:-

2316 2153 2562 2225 κνύμεθα

2387 2268 2460 2321 Τὸ
2500 2268 2578 2335 δὲ,
2622 2287 2641 2319 ι
2665 2269 2724 2321 ἐν
2752 2268 2966 2341 κέρατι,
2997 2269 3055 2320 ἐν
3083 2267 3235 2337 τόπῳ
3276 2265 3441 2332 πίονι,
3482 2284 3500 2316 ι
3530 2264 3584 2316 τὸ
3608 2262 3803 2332 ἐξαίρετον

2318 2358 2412 2411 καὶ
2457 2358 2861 2431 κεχωρισμένον
2906 2356 3000 2410 τοῦ
3046 2358 3212 2410 τόπου
3243 2355 3411 2427 δηλοῖ.
3436 2353 3663 2427 Φραγμὸν
3682 2351 3802 2405 δὲκαὶ

2321 2448 2569 2519 χάρακας
2594 2449 2688 2501 καὶ
2713 2446 2965 2517 φύτευμα
2986 2447 3078 2499 καὶ
3093 2445 3386 2517 οἰκοδομὴν
3412 2444 3552 2513 λέγει
3577 2445 3661 2513 τήν
3683 2458 3726 2494 τε
3742 2438 3802 2492 τοῦ

2318 2539 2505 2607 γένους
2558 2539 2906 2610 περιποίησιν
2938 2538 3033 2591 καὶ
3072 2538 3171 2609 τὴν
3218 2536 3390 2591 αὐτοῦ
3428 2535 3643 2609 φρουρὰν
3663 2531 3802 2586 mihi

2324 2629 2617 2700 προφητῶν
2653 2629 2990 2700 ἐπιμέλειαν,
3025 2629 3093 2683 δι’
3125 2622 3199 2683 ὧν
3242 2629 3459 2682 πάντων
3489 2624 3800 2697 γεωργούμενοι

2319 2719 2419 2772 ούκ
2442 2719 2684 2785 ἀκάνθας
2720 2721 2904 2792 φέρειν
2941 2720 3221 2791 ἠδύναντο,
3274 2719 3410 2773 ἀλλά
3440 2721 3525 2774 τὸν
3547 2718 3723 2783 ἐπάξιον
3742 2716 3801 2768 καὶ

2326 2813 2676 2884 προσήκοντα
2710 2812 2819 2866 τῶν
2855 2812 3033 2867 πόνων
3076 2815 3312 2885 καρπόν.
3346 2813 3462 2866 Ὀτι
3490 2812 3540 2864 δὲ
3562 2806 3800 2867 οὐτοιοῦτος

2322 2904 2351 2955 ό
2376 2904 2657 2976 κομισθεὶς
2680 2906 2808 2979 παρ’
2844 2905 3024 2960 αὐτῶν
3054 2904 3295 2977 καρπὸς,
3323 2905 3575 2976 μαρτυρεῖ
3600 2903 3624 2954 ὁ
3645 2899 3703 2970 τῷ
3728 2899 3799 2951 Μ-

2321 2995 2449 3067 τῆρι
2486 2996 2644 3067 ἡμῶν
2694 2995 2964 3061 ἐπιτεθεὶς
3009 2996 3304 3060 ἀκάνθινος
3348 2995 3609 3066 στέφανος,
3635 2990 3797 3060 gum-

2319 3103 2468 3141 πτων
2513 3086 2605 3141 τὸν
2631 3088 2811 3160 ἀφανῆ
2854 3091 2911 3143 ἐν
2960 3087 3160 3159 ψυχαῖς
3216 3087 3501 3158 ἀκανθώδη
3540 3081 3685 3140 αὐτῶν
3716 3080 3797 3152 τρὸ-

2238 3191 2284 3250 c
2322 3196 2420 3233 πον
2459 3179 2554 3252 (ε).

2401 3293 2514 3363 Τὴν
2575 3293 2862 3364 ἐπίσκεψιν
2916 3294 3009 3348 τοῦ
3052 3295 3187 3349 Θεοῦ
3236 3298 3335 3370 τὴν
3391 3292 3521 3368 μετά
3547 3292 3628 3363 τὴν
3654 3286 3796 3357 πληγὴν

2325 3386 2623 3457 γενομένην
2649 3387 2818 3456 λέγει,
2850 3388 2926 3452 ὡς
2954 3391 3033 3452 είς
3054 3389 3151 3460 τὴν
3179 3390 3417 3461 ἀρχαίαν
3449 3383 3671 3455 ἐπανήξει
3693 3376 3795 3442 δόξαν

2322 3476 2707 3548 δωροφοροῦσα
2753 3478 2829 3549 τῷ
2863 3479 2983 3549 Θεῷ
3030 3480 3096 3532 ἐκ
3126 3479 3220 3533 τοῦ
3267 3476 3681 3548 ἐπισυναγομένου
3706 3471 3792 3538 αὐτῇ

2325 3567 2527 3637 σπόρου
2553 3569 2618 3621 ἐκ
2662 3569 2761 3640 τῆς
2800 3571 3091 3642 ἐμπορίας,
3116 3569 3150 3624 δι
3182 3569 3338 3624 ἔσται
3366 3574 3471 3634 τοῖς
3492 3571 3545 3622 ἐν
3574 3569 3629 3638 τῇ
3664 3565 3794 3632 Ἰερου-

2324 3660 2507 3732 σαλὴμ
2564 3660 2879 3715 κατοικοῦσι
2930 3662 3228 3733 πρόσοδος·
3275 3662 3458 3733 ὥσπερ
3497 3656 3579 3715 οὖν
3628 3656 3699 3711 καὶ
3736 3651 3795 3704 ἐπὶ

2321 3750 2415 3804 τοῦ
2445 3752 2661 3823 Χειράμ.
2683 3752 2964 3825 ἱστόρηται
2999 3751 3150 3824 παρὰ
3177 3754 3282 3825 τῆς
3313 3754 3458 3816 θείας
3497 3748 3694 3823 Γραφῆς-

2410 3843 2726 3897 Ἀκόλουθον
2754 3844 2852 3907 τὰς
2877 3842 3019 3897 οὕτω
3063 3843 3412 3916 διακειμένας
3436 3840 3597 3914 ψυχὰς
3624 3832 3794 3891 σπεύδειν

2324 3934 2381 3986 ἐν
2404 3936 2516 3996 τοῖς
2566 3933 2780 4006 ὅρθροις
2819 3935 3125 3989 ἀποδιδόναι
3169 3937 3268 4000 τὰς
3297 3933 3617 4006 εὐχαριστίας
3635 3927 3703 3981 ἐπὶ
3724 3922 3795 3976 τῶν

2325 4025 2775 4098 παρεληλυθότων
2794 4046 2807 4058 ο
2847 4028 2967 4085 οὐδὲ
2996 4029 3103 4101 γὰρ
3136 4028 3236 4093 νὺξ
3266 4031 3298 4098 ή
3335 4030 3413 4092 εἰς
3442 4022 3705 4081 ἀνάπαυλαν
3727 4014 3794 4069 τῶν

2326 4115 2592 4187 σωμάτων
2634 4116 2847 4170 δοθεῖσα
2881 4117 3191 4173 ἀναπαῦσαι
3231 4118 3506 4190 δυνήσεται
3532 4114 3608 4168 τὸν
3643 4111 3687 4161 ἐν
3707 4103 3794 4169 αὐτῇ

2326 4207 2693 4274 ὑπνώττοντα,
2753 4211 2800 4263 εἰ
2853 4212 2926 4282 μή
2978 4209 3078 4263 πού
3123 4228 3186 4278 γε
3242 4209 3448 4263 ἐκείνου
3488 4204 3695 4273 σύνθημα
3726 4194 3793 4262 εἴη·

2338 4300 2674 4370 Ἀναγκαίως
2724 4297 2878 4373 οῦνή
2920 4302 3141 4373 τοιαύτη
3201 4302 3348 4373 ψυχὴ
3378 4300 3593 4359 καὶτοὺς
3636 4290 3794 4361 δρθρους

2327 4391 2718 4463 προλαμϐάνει,
2744 4393 2829 4448 ἴνα
2847 4393 2940 4446 καὶ
2972 4396 3097 4465 περὶ
3118 4394 3226 4448 τῶν
3264 4387 3668 4464 παρεληλυθότων
3688 4379 3793 4447 εῧλφ

2331 4484 2581 4556 ριστήσῃ,
2617 4486 2711 4537 καὶ
2741 4467 2995 4556 περὶτῆς
3031 4485 3333 4556 μελλούσης
3358 4483 3509 4538 αὑτὸν
3541 4466 3792 4562 διαδέξασθαξ

649 4565 862 4634 piorum
923 4563 1242 4629 illuminari,
1308 4561 1685 4631 manifestum;
1757 4579 1883 4618 nam
1950 4569 2009 4618 ut
2065 4565 2210 4619 omni

2198 4565 2210 4616 ί
2246 4558 2289 4612 D
2326 4575 2538 4645 ἡμέρας
2559 4577 2933 4647 παρακαλέσῃ.
2973 4577 3108 4630 Ὑπὸ
3139 4576 3196 4632 δὲ
3214 4577 3321 4630 τῶν
3340 4567 3715 4649 προσταγμάτων
3732 4558 3789 4612 τσᾶ

649 4655 818 4710 verbo
842 4654 937 4712 Dei
968 4657 1132 4712 alitur
1170 4656 1351 4712 anima
1374 4658 1416 4723 ’,
1446 4656 1520 4710 ita
1547 4668 1602 4713 et
1626 4657 1773 4711 omni
1798 4665 2067 4727 praecepto
2095 4657 2219 4712 illu-

650 4753 855 4811 stratur
882 4755 935 4803 et
966 4749 1326 4805 illuminatur.

723 5008 887 5066 Vsus.
927 5011 1010 5066 IO.
1046 5013 1238 5070 Studio
1268 5016 1435 5089 igitur
1455 5018 1650 5088 cuique
1694 5018 1765 5075 sit
1789 5026 1843 5073 et
1869 5036 2033 5087 curae,
2056 5022 2217 5092 justi-

652 5104 783 5157 tiam
815 5101 1047 5174 discere.
1080 5105 1198 5160 Non
1227 5109 1373 5163 enim
1411 5110 1629 5180 justitia
1649 5151 1662 5176 ,
1713 5114 1868 5183 quasi
1905 5122 2091 5170 nostra
2121 5131 2219 5170 na-

652 5207 772 5256 tura
799 5195 1106 5263 inhaereret,
1130 5198 1203 5252 ita
1221 5200 1379 5256 nobis
1397 5202 1557 5259 insita
1584 5212 1689 5271 est,
1715 5213 1775 5260 ut
1802 5221 1919 5263 eam
1952 5209 2033 5263 vel
2064 5209 2217 5265 ineu~

722 5348 822 5404 ‘lll
853 5350 979 5423 Reg.
1016 5368 1094 5420 xi,
1133 5353 1192 5407 Η
1224 5369 1349 5425 sqq.
1422 5358 1655 5417 ’Matth.
1690 5376 1762 5425 iv,
1794 5361 1849 5420 4.

727 5509 805 5581 (2)
847 5511 1166 5584 Sequuntur
1203 5514 1450 5584 ingentes
1485 5515 1539 5570 in
1577 5515 1900 5574 Heracleota
1931 5529 2119 5576 nostro
2147 5522 2225 5576 la—

652 5595 805 5635 cunas
835 5591 948 5653 tum
973 5583 1028 5637 in
1055 5583 1157 5639 hoc
1189 5583 1300 5639 tum
1334 5584 1388 5639 in
1419 5588 1614 5649 altero,
1641 5604 1801 5653 quem
1834 5592 2109 5653 consului,
2132 5607 2225 5647 ca—

653 5659 792 5732 tena:
834 5650 901 5706 ad
933 5652 1137 5732 Isaiam
1168 5669 1271 5709 ms.
1291 5656 1621 5732 exemplari.
1656 5650 1720 5712 Et
1764 5660 1984 5732 quidem
2017 5650 2114 5731 par
2140 5670 2224 5717 cst

655 5724 942 5801 utriusque
966 5724 1171 5801 codicis
1203 5727 1362 5793 ratio,
1394 5724 1547 5782 ita—ut
1574 5730 1712 5785 alter
1732 5724 1805 5801 ex,
1830 5731 2001 5801 altero
2020 5724 2224 5785 exscri-

655 5798 780 5869 ptus
808 5792 1075 5847 videatur.
1099 5793 1209 5849 Cur
1239 5792 1417 5854 autem
1444 5807 1592 5855 tanta
1619 5800 1849 5857 omissio
1873 5803 1883 5839 τ
1932 5799 2217 5857 Heracleo-

2320 4666 2455 4718 Θεοῦ
2485 4664 2815 4736 φωτίζεσθαι
2849 4667 2947 4739 τὴν
2983 4668 3220 4723 διάνοιαν
3248 4668 3355 4722 τῶν
3385 4662 3597 4720 εὐσεϐῶν
3619 4652 3787 4739 εὔδηλσῖν

2321 4755 2510 4827 ὥσπερ
2535 4755 2640 4829 γὰρ
2670 4758 2727 4811 ἐν
2767 4736 2931 4810 παντλ
2972 4760 3176 4830 ῥήματι
3206 4758 3341 4824 Θεοῦ
3377 4756 3608 4827 τρέφεται
3628 4749 3653 4817 ἡ
3675 4736 3786 4830 illum

2320 4846 2494 4911 οὕτως
2520 4849 2613 4902 καὶ
2653 4849 2710 4901 ἐν
2760 4850 2919 4904 παντὶ
2950 4848 3331 4923 προστάγματι
3372 4826 3788 4912 καταυγάξεταικαἱ

2322 4939 2631 5008 φωτίζεται.

2396 5033 2605 5105 Σπουδὴ
2631 5034 2805 5116 τοίνυν
2837 5033 3084 5088 ἑκάστων
3115 5034 3228 5087 ἐστὶ
3258 5032 3349 5086 καὶ
3380 5028 3558 5103 μελέτη
3584 5020 3773 5116 dim?“

2326 5124 2491 5194 σύνην
2551 5110 2741 5195 μαθεῖν
2767 5142 2782 5157 “
2834 5125 2955 5178 οὐδὲ
3013 5126 3120 5198 γὰρ
3156 5125 3229 5188 ὠς
3258 5122 3315 5176 ἓν
3336 5139 3387 5175 τι
3420 5118 3517 5173 τῶν
3540 5117 3589 5168 ὲν
3614 5111 3665 5179 τῇ
3685 5110 3782 5198 φὺξῖί

2324 5190 2593 5285 κειμένων
2659 5215 2751 5269 καὶ
2789 5214 2945 5269 τοῦτο
2994 5190 3122 5288 ἡμῖν
3163 5216 3520 5285 συμπέφυκεν.
3556 5205 3629 5257 ἵνα
3662 5190 3785 5266 ἀμελε-

2335 5531 2444 5577 tam
2477 5524 2715 5615 lquidem
2766 5523 3037 5615 integrum
3094 5500 3779 5615 commentariummmm

2336 5609 2441 5681 non
2472 5582 2698 5681 dubito;
2720 5592 2823 5681 sed
2846 5582 3052 5649 catena:
3074 5588 3460 5681 auctorrodi‘ee
3478 5582 3779 5681 allflgggﬂg

2334 5646 2573 5719 fortasse
2590 5646 2916 5728 “utebatur;
2946 5646 3163 5733 'héqué'
3194 5662 3336 5733 enim
3387 5665 3462 5713 tot
3502 5646 3756 5709 commenti!

2333 5742 2517 5802 partes
2547 5742 2740 5804 sponte
2781 5731 3190 5804 prsetcrmisissc
3228 5731 3455 5786 videtur.
