4038 6288
277 354 415 410 1515

1748 365 1809 422 ΙΝ
1853 367 2105 429 ιδΑιΑΜ.

3373 381 3510 438 1514

268 470 452 541 τήτως
506 468 639 521 αὐτὸ
670 469 903 541 ἔχωμεν,
943 473 1130 548 ὥσπερ
1176 472 1266 531 οῦν
1295 479 1355 532 τὸ
1387 480 1602 550 βλέπειν
1630 483 1663 553 ἢ
1694 483 1825 555 βαδί-

1949 486 2078 543 riosi
2111 502 2534 560 consequamur,
2559 490 3014 560 quemadmodum
3045 493 3219 548 oculis
3233 493 3509 550 intuemur

270 560 388 625 ζειν
412 576 425 589 ·
453 558 568 612 ἀλλ’
588 561 799 633 ἑκάστῳ
824 566 982 635 χρεία
1011 569 1260 640 σπουδῆς,
1296 570 1433 642 πρὸς
1458 572 1520 625 τὸ
1539 574 1840 647 ἀποστῆσαι

269 652 371 722 μὲν
393 651 493 723 τὴν
524 652 761 709 διάνοιαν
782 656 1013 723 ἀδικίας,
1037 662 1361 732 προσλαϐεῖν
1386 665 1443 719 δὲ
1473 666 1836 742 δικαιοσύνην·

271 743 383 797 ἰδοὺ
417 744 525 816 γὰρ
551 744 600 798 οί
627 747 684 800 ἐν
710 748 934 823 ἀσεϐείᾳ
962 750 1225 822 ζήσαντες
1263 755 1506 810 ἐκποδὼν
1531 761 1835 831 γεγόνασιν·

264 836 389 888 οὐδὲ
412 837 521 908 γὰρ
558 834 667 892 οἷόν
694 840 755 893 τέ
794 843 940 896 ἐστιν
965 843 1220 915 ἀληθείας
1271 852 1507 923 ἐργάτην
1552 854 1838 925 εὑρεθῆναι

265 928 358 981 τὸν
406 928 480 1000 μὴ
508 929 853 1003 δικαιοσύνην
878 933 1265 1008 μελετήσαντα.
1302 974 1370 982 -
1408 942 1838 1015 Ἐκλαμϐάνεται

264 1020 443 1072 ταῦτα
471 1021 565 1073 καὶ
587 1023 668 1084 είς
695 1022 785 1077 τὸν
815 1023 1077 1091 διάϐολον,
1123 1030 1217 1082 καὶ
1249 1033 1329 1096 εἰς
1360 1035 1485 1098 τοὺς
1517 1037 1837 1109 ἀγνώμονας

276 1110 596 1178 Ἰουδαίους,
655 1114 750 1181 ὡς,
805 1117 1012 1171 πολλῶν
1065 1121 1389 1194 εὐεργεσιῶν
1430 1128 1702 1197 τυχόντες,
1757 1129 1836 1183 ἔτι

265 1200 532 1271 ἐπέμενον
574 1202 634 1255 τὸ
666 1204 819 1275 ὄμμα
848 1208 945 1278 τῆς
987 1209 1226 1277 διανοίας
1261 1218 1679 1287 κεκαμμυκότες
1702 1237 1714 1248 ·
1739 1220 1836 1273 τοῦ

265 1292 376 1362 γὰρ
422 1294 627 1366 Κυρίου
663 1297 816 1367 ἡμῶν
860 1300 1030 1373 Ἰησοῦ
1079 1303 1315 1376 Χριστοῦ
1376 1308 1832 1381 ἐπιδημήσαντος,

269 1381 363 1433 καὶ
419 1383 524 1437 τῶν
572 1383 740 1439 ἐθνῶν
773 1390 1196 1456 πιστευσάντων,
1241 1388 1384 1450 οὗτοι
1419 1397 1480 1449 οὐ
1513 1399 1670 1468 μόνον
1708 1401 1836 1472 περὶ¹

267 1470 358 1523 τὸν
385 1473 676 1544 εὐεργέτην
718 1475 1028 1549 ἀγνώμονες
1060 1485 1367 1551 γεγόνασιν,
1406 1486 1539 1540 ἀλλὰ
1575 1488 1670 1541 καὶ
1691 1470 1835 1560 ζήλῳ

269 1561 488 1633 πονηρῷ
502 1564 863 1636 ἐκκαιόμενοι,
884 1570 1232 1642 περίκαυστω.
1253 1576 1505 1644 γενέσθαι
1522 1579 1831 1649 ἠϐούλοντο,

269 1649 414 1721 ήπερ
436 1654 567 1725 ὁρᾷν
596 1654 666 1708 τὰ
692 1654 815 1727 ἔθνη
843 1658 1142 1730 σωζόμενα.
1219 1708 1225 1717 .

350 1741 609 1797 Ἐνταῦθα
659 1745 755 1817 τὴν
809 1749 1158 1806 ἀνταπόδοσιν
1194 1754 1363 1823 λέγει,
1400 1758 1498 1829 τὴν
1517 1762 1639 1813 κατ’
1677 1761 1834 1829 ἀξίαν

265 1829 374 1881 τῶν
435 1834 846 1908 ἁμαρτημάτων
871 1843 1201 1914 ἐπαχθεῖσαν
1238 1846 1394 1919 δίκην
1417 1867 1431 1879 ·
1472 1853 1694 1907 ἐκείνων
1724 1855 1831 1928 γάρ

263 1923 503 1991 πάντων,
558 1931 739 2000 φησὶν,
794 1935 924 2005 ἡμῖν
978 1937 1202 2001 δικαίως
1237 1940 1703 2000 άνταποδοθέντων
1738 1923 1832 2001 καὶ

260 2011 452 2085 ῶσπερ
485 2016 642 2088 χρέος
672 2020 1025 2088 ἐκτισάντων,
1055 2024 1252 2090 ἀπόδος
1276 2029 1409 2098 ἡμῖν
1442 2028 1533 2082 τὸν
1566 2032 1830 2103 μονογενῆ

260 2106 389 2161 Υίόν
446 2125 538 2161 σου
560 2126 572 2139 ·
608 2109 729 2164 οὐδὲ
756 2112 864 2185 γὰρ
919 2114 1077 2179 ἄλλος
1099 2119 1183 2181 τίς
1206 2120 1353 2174 ἐστιν
1390 2118 1528 2191 ίαμα
1559 2120 1715 2192 ἡμῶν
1740 2123 1772 2196 ἢ
1803 2126 1832 2179 ὁ

261 2201 558 2270 μονογενής
585 2217 677 2253 σου
702 2201 830 2266 Υἱὸς
854 2208 1297 2279 παραγενόμενος
1345 2211 1438 2265 ἐπὶ
1464 2213 1587 2283 γῆς.

327 2291 453 2345 Ὅτι
517 2293 614 2362 μὲν
647 2296 678 2367 ή
727 2296 939 2352 πάντων
976 2299 1260 2356 δεσποτεία
1299 2305 1542 2376 προσῆκε
1583 2308 1661 2379 τῷ
1689 2309 1824 2381 Θεῷ,

254 2380 421 2434 παντὶ
468 2381 643 2452 δῆλον,
699 2387 793 2439 καὶ
827 2387 925 2440 οὐκ
954 2388 1019 2443 ἄν
1050 2408 1134 2455 τις
1162 2392 1509 2464 ὑπονοήσειεν
1549 2398 1706 2462 ἐκτὸς
1732 2380 1829 2471 τῆς

253 2473 572 2538 δεσποτείας
597 2475 690 2529 τοῦ
708 2477 842 2531 Θεοῦ
868 2476 1006 2534 εἷναί
1025 2500 1166 2538 τινα.
1191 2485 1264 2539 Τὸ
1279 2481 1390 2552 οὖν,
1420 2487 1635 2559 Κτῆσαι
1657 2492 1824 2562 ἡμᾶς,

252 2564 487 2617 ἐνταῦθα
539 2564 807 2635 λέλεκται,
841 2569 921 2623 ὄτι
957 2570 1044 2625 διὰ
1076 2573 1177 2645 τῆς
1205 2575 1298 2628 τοῦ
1347 2580 1665 2649 μονογενοῦς
1696 2582 1826 2637 Υίοῦ

255 2670 349 2707 σου
405 2658 712 2728 παρουσίας
756 2659 1172 2735 λυτρωσάμενος
1214 2669 1388 2739 ἡμᾶς,
1441 2671 1683 2742 ᾠκείωσε
1734 2677 1826 2731 καὶ

253 2749 611 2821 περιεποίησε
642 2751 1012 2823 νεκρωθέντας
1042 2760 1162 2821 ταῖς
1194 2760 1506 2833 ἁμαρτίαις.

322 2840 386 2891 Οί
434 2838 545 2911 γάρ
581 2844 971 2914 νενεκρωμένοι
1025 2851 1142 2913 ταῖς
1191 2850 1486 2923 ἁμαρτίαις
1517 2855 1576 2907 οὐ
1617 2857 1825 2928 μήποτε

253 2929 542 2986 θεάσονταί
593 2950 687 2988 σε’
713 2936 921 3007 νεκρῶν
961 2938 1070 3011 γὰρ
1132 2940 1300 2996 ὅντων
1346 2943 1453 2997 τῶν
1486 2945 1625 2999 κατά
1664 2947 1825 3016 φύσιν

251 3023 564 3095 γενομένων
621 3026 849 3098 νεκρῶν,
907 3030 1002 3084 καὶ
1046 3030 1256 3103 νεκρῶν
1287 3032 1394 3086 τῶν
1438 3036 1824 3107 νεκρωσάντων

1942 591 2035 633 aut
2088 580 2319 651 pedibus
2368 582 2705 650 incedimus;
2752 581 2849 638 sed
2904 584 3088 638 studio
3119 585 3316 654 cuique
3370 601 3508 658 opus

1940 677 2063 736 est,
2106 680 2166 726 ut
2212 670 2496 740 iniustitiae
2535 686 2758 727 sensum
2791 670 2942 742 prius
2970 679 3151 739 exuat,
3187 682 3241 727 et
3268 673 3393 729 dein
3423 675 3508 729 iu-

1939 758 2075 814 duat
2101 760 2394 835 justitiam.
2439 763 2576 821 Ecce
2609 773 2793 821 autem
2822 765 2989 820 ablati
3020 774 3149 822 sunt
3175 767 3362 838 impii;
3394 785 3507 826 non

1939 851 2085 906 enim
2141 860 2317 922 potest
2355 854 2492 921 ﬁeri,
2523 865 2582 910 ut
2641 857 2917 913 veritatem
2958 857 3161 925 faciat,
3199 860 3294 930 qui
3341 861 3507 930 justi-

1941 943 2068 996 tiam
2097 958 2204 998 non
2230 943 2502 1015 didicerit.
2534 946 2866 1003 Referuntur
2906 950 3021 1005 haec
3053 966 3269 1022 quoque
3298 951 3356 1006 in
3385 950 3505 1006 dia-

1938 1029 2143 1096 bolum,
2177 1039 2233 1087 ct
2262 1032 2318 1087 in
2356 1035 2600 1105 ingratas
2645 1034 2882 1105 Iudaeos,
2912 1040 3006 1110 qui
3040 1041 3168 1096 licet
3200 1041 3502 1098 innumeris

1938 1121 2143 1178 fuerint
2171 1123 2449 1182 beneﬂciis
2475 1128 2643 1192 aucti,
2672 1144 2896 1187 aversos
2927 1138 3110 1188 tamen
3138 1133 3337 1189 mentis
3364 1149 3492 1189 ocu-

1936 1212 2019 1269 los
2068 1214 2430 1286 reﬂexerunt;
2482 1235 2610 1275 nam
2665 1221 2987 1279 adveniente
3038 1223 3266 1281 Domino
3311 1233 3501 1282 nostro

1934 1304 2063 1362 Jesu
2093 1307 2332 1376 Christo,
2365 1312 2618 1382 gentibus
2647 1315 2714 1370 ad
2746 1315 2906 1371 ﬁdem
2936 1320 3236 1384 conversis,
3268 1320 3362 1376 isti
3391 1336 3500 1376 non

1935 1399 2098 1454 modo
2121 1403 2365 1472 ingratos
2396 1419 2454 1460 se
2483 1406 2831 1476 praebuerunt
2877 1408 2934 1463 in
2981 1407 3314 1466 Salvatorem
3338 1451 3354 1479 ,
3403 1413 3500 1468 scd

1934 1506 2102 1561 pravo
2125 1494 2240 1548 zelo
2261 1492 2550 1565 ﬂagrantes
2579 1498 2680 1566 ipsi
2716 1499 2965 1554 comburi
2998 1502 3308 1558 maluerunt
3335 1517 3497 1573 quam

1936 1592 2126 1652 gentes
2158 1586 2475 1656 conspicere
2506 1588 2681 1643 salute
2703 1589 2952 1646 donatas.

2008 1761 2173 1819 Vsus.
2230 1763 2317 1820 i2.
2376 1764 2474 1819 Hic
2535 1763 2704 1821 Deum
2761 1767 3066 1825 reddidisse
3110 1769 3269 1836 dicit,
3308 1785 3498 1841 poenas

1935 1853 2145 1909 scilicet
2171 1854 2394 1909 meritas
2417 1869 2514 1925 pro
2542 1858 2780 1926 peccatis
2804 1877 2821 1926 ;
2851 1874 2975 1913 cum
3005 1860 3150 1915 enim
3183 1863 3365 1917 omnia
3386 1877 3498 1918 no-

1932 1946 2018 2002 bis
2043 1988 2058 2010 ,
2094 1948 2300 2018 inquit,
2353 1947 2477 2017 jure
2508 1948 2829 2016 reddidisti,
2877 1958 2933 2006 et
2960 1956 3116 2022 quasi
3141 1953 3382 2010 debitum
3412 1962 3509 2011 re-'

1931 2035 2163 2101 misisti,
2223 2035 2292 2090 da
2341 2038 2503 2094 nobis
2533 2041 2873 2111 unigenitum
2904 2040 3103 2096 Filium
3159 2053 3347 2112 tuum;
3388 2060 3496 2101 non

1930 2128 2076 2183 enim
2102 2135 2186 2185 est
2214 2129 2355 2187 alius
2397 2131 2556 2187 nobis
2607 2132 2793 2202 saluti,
2823 2133 2930 2190 nisi
2960 2134 3277 2207 unigenitus
3324 2135 3498 2194 Filius

1932 2229 2058 2277 tuus
2084 2222 2139 2276 in
2173 2231 2373 2277 terram
2409 2221 2686 2293 delapsus.

1998 2313 2165 2370 Vatis.
2201 2316 2288 2371 l5.
2319 2313 2513 2371 Omnia
2568 2313 2625 2370 in
2671 2316 2926 2372 manibus
2962 2315 3054 2371 Dei
3086 2331 3242 2381 esse,
3297 2332 3495 2388 cuique

1928 2405 2314 2475 perspicuum,
2348 2420 2451 2460 nec
2487 2405 2855 2476 suspicaberis
2909 2422 3235 2477 quemquam
3284 2422 3348 2463 ex
3399 2407 3493 2462 Dei

1929 2497 2156 2567 imperio
2186 2511 2296 2551 non
2347 2497 2601 2567 pendere.
2653 2496 2752 2552 llic
2796 2497 2960 2569 igitur
2996 2514 3059 2553 ea
3088 2500 3155 2555 de
3184 2514 3351 2555 causa
3394 2515 3494 2554 nos

1926 2585 2191 2655 renidere
2218 2586 2438 2652 dicitur,
2477 2586 2622 2656 quod
2651 2588 2914 2657 unigeniti
2962 2586 3086 2643 Filii
3111 2588 3229 2659 ejus
3257 2589 3492 2645 adventu

1926 2678 2263 2748 puriﬁcatos,
2288 2684 2345 2735 et
2380 2678 2447 2734 de
2478 2686 2653 2734 morte
2685 2687 3035 2749 peccatorum
3078 2679 3357 2747 liberatos,
3389 2682 3493 2738 sibi

1926 2770 2263 2840 comparavit
2290 2777 2345 2825 et
2374 2769 2635 2825 devinxit.

1995 2859 2160 2917 Vens.
2199 2860 2285 2915 14.
2326 2858 2615 2930 Nunquam
2665 2860 2806 2916 enim
2865 2862 3125 2917 videbunt
3173 2872 3227 2919 te
3269 2873 3492 2936 peccato

1926 2951 2159 3019 mortui;
2192 2950 2316 3006 nam
2346 2950 2548 3005 mortui
2582 2959 2732 3018 sunt,
2764 2951 2965 3022 quibus
3012 2967 3212 3024 corpus
3247 2953 3490 3021 interiit;

1923 3042 2125 3098 mortui
2151 3050 2279 3099 sunt
2305 3050 2360 3097 et
2393 3042 2484 3096 alii
2517 3041 2613 3113 qui
2643 3044 2884 3099 membra
2903 3059 3001 3099 sua
3026 3043 3222 3100 mediis
3249 3044 3306 3099 in
3331 3044 3484 3100 volu-

249 3114 316 3166 τὰ
344 3112 560 3166 ἑαυτῶν
592 3114 726 3186 μέλη
747 3117 804 3170 ἐν
829 3120 950 3182 ταῖς
983 3119 1222 3190 ἡδοναῖς,
1260 3123 1353 3176 καὶ
1383 3124 1453 3178 τὰ
1505 3125 1651 3180 κακά
1702 3128 1821 3183 δια-

1927 3134 2168 3205 ptatibls
2199 3140 2474 3200 coercent,
2509 3112 2565 3189 et
2591 3132 2816 3189 aﬂ‘ectus
2849 3150 3045 3205 pravos
3079 3135 3245 3190 animi
3269 3136 3491 3207 impios—

247 3207 501 3276 νοήματα
544 3206 613 3260 τὰ
635 3208 779 3262 κατά
810 3210 940 3264 Θεὸν
970 3214 1382 3285 νεκρωσάντων.
1425 3218 1692 3275 Ἐνταῦθα
1715 3220 1823 3277 τῶν

1927 3241 2030 3297 que
2065 3235 2439 3296 compescunt.
2477 3225 2577 3282 Hic
2630 3237 2819 3283 contra
2866 3228 2933 3283 de
2975 3228 3082 3284 illis
3125 3206 3353 3299 agitur,
3397 3230 3489 3299 qui

245 3300 513 3353 ἐναντίων
562 3301 854 3373 μέμνηται,
914 3304 1023 3358 τῶν
1062 3306 1472 3365 ἀποϐαλλόντων
1498 3313 1595 3383 μὲν
1645 3315 1823 3370 πᾶσαν

244 3392 492 3462 ζωτικῆς
531 3393 945 3467 δικαιοπραγίας
988 3397 1153 3472 ζωὴν,
1177 3404 1567 3475 νεκρωσάντων
1597 3406 1653 3460 δὲ
1695 3409 1823 3462 ἑαυ-

239 3486 364 3549 τοὺς
378 3483 471 3555 τῷ
494 3485 610 3558 Θεῷ
630 3487 734 3542 ὑπὸ
762 3488 857 3542 τοῦ
887 3490 1124 3563 πλήθους
1147 3495 1256 3547 τῶν
1290 3496 1574 3568 ἁμαρτιῶν
1607 3499 1702 3553 καὶ
1724 3517 1822 3554 κα-

243 3577 559 3651 κοπραγίας
582 3579 1027 3651 ἀποϐεϐληκότας
1046 3585 1144 3656 τὴν
1172 3586 1432 3651 ζωοποιὸν
1455 3589 1818 3663 δικαιοσύνην·

249 3669 330 3722 διὸ
366 3671 461 3722 καὶ
497 3670 828 3742 φειδόμενος,
862 3676 889 3727 ὁ
924 3675 1075 3742 Θεὸς,
1112 3679 1205 3732 καὶ
1231 3681 1526 3752 ἀγαθότητι
1567 3685 1820 3757 κινούμε-

250 3780 357 3827 νος,
378 3761 641 3830 ἐνέκοψας
665 3764 1084 3849 ἁμαρτάνουσι.⁹
1158 3823 1161 3827 ,

318 3853 605 3925 Σημαίνει,
656 3855 737 3907 ὃτι
781 3856 1092 3927 φειδόμενος
1133 3861 1160 3913 ὁ
1185 3860 1317 3925 Θεὸς
1344 3863 1439 3917 τοῦ
1459 3864 1693 3935 Χριστοῦ
1723 3868 1821 3938 τῆς

251 3943 394 4016 ζωῆς
420 3944 603 3998 αὐτῶν
653 3945 974 4018 ὑπετέμετο,
1029 3950 1116 4004 ἵνα
1164 3952 1238 4024 μὴ
1281 3954 1360 4018 είς
1393 3955 1583 4026 χρόνον
1615 3959 1820 4030 μακρὸν

249 4033 660 4105 παραμένοντες
694 4038 1267 4108 συμπαρεκτείνωνται
1297 4045 1362 4115 τῇ
1392 4044 1579 4117 κακίᾳ,
1612 4048 1705 4101 καὶ
1731 4047 1820 4102 αὖ·

250 4124 411 4190 ξωσιν
443 4126 624 4182 αὐτῶν
647 4129 747 4201 τὴν
773 4130 1035 4202 πονηρίαν
1055 4148 1067 4162 ’
1095 4133 1182 4188 διὰ
1218 4135 1327 4208 γάρ
1356 4137 1663 4209 ἀγαθότητα
1689 4142 1819 4207 Θεὸς

248 4221 340 4274 καὶ
380 4222 607 4293 χρόνους
651 4223 823 4295 ὁρίζει
867 4226 947 4289 εἰς
986 4222 1254 4300 τιμωρίαν
1284 4248 1297 4261 ·
1341 4231 1498 4287 τοῦτο
1546 4234 1643 4306 μὲν
1679 4236 1820 4307 μετά

249 4310 442 4365 ἑκατὸν
466 4310 671 4365 εἴκοσιν
728 4312 844 4385 ἔτη,
901 4315 1088 4386 ὥσπερ
1151 4312 1242 4373 οῦν
1283 4321 1376 4375 καὶ
1411 4323 1504 4376 ἐπὶ
1536 4324 1628 4378 τοῦ
1652 4343 1820 4383 κατα-

249 4401 517 4473 κλυσμοῦ,
567 4403 724 4458 τοῦτο
770 4405 827 4459 δὲ
862 4406 1143 4481 ἐξήκοντα.
1188 4412 1299 4466 Καὶ
1330 4414 1400 4467 δι’
1426 4415 1588 4472 αὐτοῦ
1630 4418 1817 4474 τούτου

1925 3333 2115 3375 omnes
2144 3325 2413 3373 exuerunt
2448 3306 2639 3372 vitalis
2685 3317 2916 3388 justitia:
2954 3333 3170 3383 mores,
3227 3319 3321 3389 qui
3385 3318 3490 3373 Deo

1922 3412 2124 3467 mortui
2151 3420 2297 3476 sunt,
2345 3416 2569 3481 propter
2612 3407 3015 3463 multitudinem
3059 3415 3406 3478 peccatorum
3435 3415 3489 3463 et

1922 3503 2321 3574 nequitiarum,
2361 3502 2511 3556 vitali
2545 3499 2759 3572 justitia
2797 3498 3017 3570 spoliati
3053 3497 3296 3554 :idcirco
3326 3498 3488 3553 mise-

1922 3594 2159 3650 ricordia
2190 3593 2357 3659 Deus,
2386 3601 2440 3648 et
2464 3591 2798 3663 benignitate
2832 3594 3100 3654 movetur,
3123 3587 3340 3659 quando
3362 3600 3488 3657 pec-

1921 3685 2199 3741 catoribus
2229 3683 2428 3738 obstat.

1991 3867 2157 3923 Vens.
2192 3867 2278 3921 l4.
2318 3865 2528 3920 lndicat
2549 3860 2755 3919 Christi
2790 3860 2936 3915 Deus
2961 3876 3020 3915 se
3052 3872 3150 3929 per
3178 3856 3485 3927 benignita-

1919 3966 2029 4015 tem
2062 3958 2225 4013 vitam
2262 3972 2448 4012 eorum
2494 3954 2814 4018 rescidisse,
2848 3967 2915 4006 ne
2945 3950 3152 4005 diutius
3192 3948 3482 4009 durantes,

1919 4050 2125 4105 malitia
2172 4064 2269 4105 sua
2318 4055 2542 4103 caeteros
2585 4045 2858 4107 iuiiciant,
2935 4034 3201 4110 suamque
3254 4047 3484 4109 augeant

1919 4141 2245 4211 nequitiam;
2278 4153 2402 4193 nam
2426 4152 2522 4208 per
2554 4133 2943 4205 benignitatem
2980 4130 3123 4186 Deus
3152 4137 3207 4185 et
3236 4137 3487 4198 tempora

1920 4233 2107 4291 deﬁnit
2139 4232 2193 4287 in
2226 4244 2440 4302 pmnam
2482 4247 2494 4282 :
2557 4241 2705 4281 nunc
2757 4230 2883 4296 post
2934 4231 3153 4279 centum
3184 4227 3238 4277 et
3289 4219 3482 4291 viginti

1920 4339 2094 4380 annos
2125 4332 2177 4377 ut
2212 4319 2546 4391 temporibus
2574 4315 2762 4372 diluvii
2788 4314 2847 4382 ³;
2882 4327 3028 4368 nunc
3058 4317 3185 4383 post
3203 4309 3484 4380 sexaginta

1920 4417 2036 4490 (aut
2068 4414 2247 4485 potius
2265 4411 2602 4483 septuaginta
2620 4407 2698 4479 ⁸).
2716 4405 2803 4461 Fit
2823 4406 3006 4470 etiam,
3035 4403 3224 4460 eodem
3248 4408 3486 4458 testante

247 4493 644 4566 τοῦ-προφήτου
675 4497 771 4550 καὶ
802 4498 907 4570 πρὸ
930 4502 1029 4573 τῆς
1050 4503 1383 4575 προθεσμίας
1410 4507 1605 4578 ἐπάγει
1622 4510 1721 4582 τὴν
1748 4511 1820 4565 δί-

1927 4509 2184 4581 propheta
2213 4545 2229 4571 ,
2302 4512 2362 4560 ut
2422 4503 2508 4558 vel
2577 4507 2703 4556 ante
2760 4507 2974 4569 tempus
3038 4510 3230 4567 poenas
3275 4499 3485 4563 repetat

249 4599 372 4654 κην,
400 4584 683 4654 ἐγκόπτων
718 4586 896 4642 αὐτῶν
942 4593 1054 4654 τοῖς
1082 4592 1462 4667 ἁμαρτήμασι,
1500 4598 1595 4653 καὶ
1628 4599 1816 4655 παύων

248 4673 445 4740 αὐτοὺς
472 4676 572 4746 τῆς
601 4678 963 4750 παρανομίας,
1008 4683 1354 4758 ἀμετανόητα
1388 4688 1677 4756 νοσοῦντας
1694 4708 1708 4722 ⁸
1736 4691 1815 4747 διό

249 4785 411 4839 φησιν
468 4771 498 4824 ὁ
554 4772 918 4840 πεντηκοστὸς
944 4774 1204 4847 τέταρτος
1244 4777 1456 4851 ψαλμός
1479 4798 1492 4812 ·
1532 4800 1551 4832 ι
1591 4782 1815 4855 Ἀνδρες

249 4860 495 4931 αἱμάτων
518 4861 611 4915 καὶ
642 4861 947 4935 δολιὸτητος
986 4864 1045 4918 οὐ
1074 4865 1149 4936 μὴ
1179 4867 1515 4938 ήμισεύσωσι
1547 4873 1646 4937 τὰς
1677 4875 1814 4946 ἠμέ-

251 4967 380 5020 ρας·
427 4971 445 5005 ι
490 4954 584 5008 καὶ
630 4954 822 5009 πάλιν·
867 4974 884 5006 ι
915 4955 1006 5027 Μὴ
1048 4957 1330 5033 ἀναγάγῃς
1377 4978 1444 5033 με
1512 4964 1570 5017 ἐν
1629 4965 1815 5031 ήιιίσει

248 5042 491 5114 ἡμερῶν.
529 5064 548 5097 ι

330 5133 597 5190 Ἐνταῦθα
661 5136 806 5190 κακά
835 5136 982 5206 λέγει
1034 5138 1156 5209 οὐχ).
1187 5139 1256 5193 τὰ
1297 5142 1353 5194 ἐν
1385 5143 1614 5215 πράξεσι
1650 5149 1813 5216 κακά,

246 5222 383 5313 ἀλλὰ
434 5224 505 5313 τά
558 5229 840 5284 κακωτικά
861 5246 874 5260 ·
914 5229 1056 5284 οὕτω
1086 5230 1195 5303 γὰρ
1236 5235 1329 5287 καὶ
1355 5235 1431 5290 ὅτ’
1459 5235 1523 5291 ἂν
1555 5238 1811 5313 ἀκούσῃς,

252 5330 269 5361 ι
293 5310 353 5362 '0
368 5309 565 5398 κτίζων
592 5315 756 5379 κακά,
787 5336 804 5367 ι
833 5316 1164 5388 ἐκλάμϐανε.
1193 5321 1301 5393 Τὴν
1319 5323 1500 5377 τοίνυν
1530 5309 1815 5398 ὑπερηφα-

244 5398 363 5451 νίαν
417 5397 525 5453 τῶν
577 5401 884 5474 λεγομένων
942 5404 1165 5474 ἐνδόξων
1202 5409 1289 5464 διὰ
1344 5410 1451 5465 τῶν
1492 5397 1813 5472 κακωτικῶν

244 5489 734 5565 καθαιρεθήσεσθαι
784 5498 1058 5569 σημαίνει.

1925 4600 2085 4664 Deus,
2116 4597 2335 4653 modum
2362 4595 2600 4666 peccatis
2623 4606 2814 4648 eorum
2852 4597 3117 4653 statuens,
3149 4600 3337 4641 eorum
3378 4582 3486 4638 ini-

1919 4691 2151 4761 quitates
2189 4685 2441 4742 inhibens
2472 4684 2685 4740 insania
2716 4680 3102 4736 laborantium.
3138 4676 3260 4731 Ideo
3290 4675 3486 4746 legitur

1920 4783 1974 4838 in
2014 4783 2224 4854 psalmo
2253 4797 2361 4848 Liv,
2391 4778 2463 4833 24
2492 4796 2506 4832 :
2546 4795 2565 4829 ι
2607 4774 2724 4831 Viri
2758 4774 3086 4846 sanguinum
3132 4777 3186 4825 et
3221 4768 3484 4824 dolosita-

1918 4875 2010 4939 tis,
2035 4890 2144 4930 non
2177 4872 2541 4929 dimidiahunt
2573 4869 2689 4924 dies
2729 4881 2895 4932 suos;
2936 4883 2955 4916 ι
2989 4870 3043 4920 et
3077 4862 3268 4917 iterum
3296 4879 3310 4915 :
3352 4879 3371 4912 ι
3405 4858 3485 4915 Ne

1922 4980 2146 5022 revoces
2170 4980 2256 5020 me
2288 4964 2344 5019 in
2371 4960 2597 5018 dimidio
2625 4959 2834 5014 dierum
2857 4968 3100 5011 meorum
3136 4953 3235 5008 ⁸..»

1990 5143 2157 5198 Vens.
2188 5140 2276 5197 {5.
2336 5138 2436 5194 Hic
2476 5153 2570 5209 per
2612 5135 2754 5190 mala
2784 5149 2894 5189 non
2922 5146 3091 5203 opera
3123 5131 3264 5185 mala
3298 5131 3483 5183 inten-

1920 5233 2022 5299 dit,
2072 5232 2167 5288 sed
2211 5230 2515 5301 supplicia;
2566 5238 2689 5282 nam
2736 5233 2791 5282 et
2844 5224 2901 5279 in
2948 5224 3108 5279 istam
3158 5217 3481 5276 sententiam

1917 5323 2158 5380 eamdem
2179 5338 2362 5379 vocem
2378 5327 2641 5391 usurpat,
2659 5333 2781 5373 cum
2805 5316 2967 5373 dicit:
2991 5333 3011 5366 ι
3034 5312 3240 5367 Croans
3255 5306 3438 5362 mala‘.
3452 5325 3475 5359 ι

1926 5414 2174 5471 Declarat
2221 5414 2388 5485 igitur
2428 5428 2488 5470 se
2529 5428 2626 5484 per
2658 5411 2928 5482 supplicia
2955 5407 3259 5479 superbiam
3287 5415 3476 5460 eorum

1919 5508 2014 5578 qui
2046 5506 2280 5578 gloriosi
2311 5506 2580 5563 habentur
2609 5504 3011 5576 depressurum.

316 5773 488 5832 'Gen.
522 5797 596 5843 vi.
623 5781 675 5836 3.
754 5782 940 5839 ‘Psal.
982 5800 1203 5853 Lxxxu,
1236 5786 1320 5841 l0.
1389 5788 1408 5820 ³
1434 5786 1579 5845 Psal.
1614 5804 1685 5856 ει,
1717 5789 1806 5847 25.
1886 5788 2030 5845 ‘lsa.
2066 5805 2185 5856 ιιν,
2226 5789 2275 5843 7.
