4038 6288
612 341 754 400 1515

685 460 851 518 Vens.
898 463 982 516 16.
1044 461 1242 515 Iratum
1283 461 1448 516 Deum
1488 462 1557 516 ad
1599 463 1994 517 convertendos
2054 463 2173 515 aui--
2203 468 2252 522 Α

615 570 736 611 mos
778 564 997 608 nostros
1026 554 1325 623 ,‘minaciter
1365 556 1551 625 loqui;
1601 571 1710 609 non
1758 570 1891 609 vero
1925 564 2173 608 acturum

612 652 1073 714 operaturumque
1120 644 1359 711 indicat;
1410 660 1535 698 nam
1585 654 1806 714 propter
1867 645 2178 714 benignita-

617 743 722 787 tem
744 734 920 787 minas
951 733 1203 801 intendit,
1223 742 1281 787 ut
1305 743 1622 804 peccatores
1653 735 1949 799 deterreat,
1983 744 2037 791 et
2067 750 2177 806 pa:-

612 825 896 877 nitentiam
931 835 1152 895 agentes
1192 827 1528 881 imminentia
1560 829 1702 882 mala
1735 835 2011 893 avertant;
2063 844 2174 882 non

609 916 751 968 enim
804 925 979 971 morte
1037 925 1223 972 nostra
1269 918 1488 987 gaudet,
1549 934 1660 973 non
1717 927 1998 974 creaturas
2046 934 2174 973 suas

609 1006 887 1068 abhorret,
916 1022 1024 1062 non
1054 1018 1200 1063 creat
1224 1018 1282 1062 ut
1306 1010 1501 1064 habeat
1542 1025 1681 1080 quos
1705 1011 1927 1080 puniat,
1975 1012 2175 1081 quippe

613 1099 727 1163 cui,
769 1099 814 1153 si
845 1100 969 1154 talis
1001 1109 1166 1165 esset,
1199 1101 1381 1156 silenti
1424 1103 1757 1172 puniendum
1796 1112 1932 1158 erat.
1978 1102 2174 1157 Omnia

606 1206 738 1245 vero
771 1193 1123 1261 prmuuntiat,
1160 1205 1213 1249 et
1237 1195 1398 1250 minis
1425 1196 1756 1251 omnimodis
1786 1198 2013 1252 aﬂ‘cctus
2043 1213 2173 1252 suos

606 1282 864 1345 declarat,
903 1292 963 1337 ut
994 1284 1278 1340 audientes
1301 1301 1421 1355 quae
1443 1286 1799 1341 reformidare
1826 1288 2087 1352 solemus,
2118 1295 2173 1342 et

607 1372 870 1441 supplicia
906 1382 1289 1442 pnevertentes
1320 1377 1616 1431 salvezuur.

681 1658 841 1716 Vens.
872 1661 953 1714 l7.
1000 1659 1098 1714 Hic
1154 1661 1410 1715 dilectum
1466 1668 1623 1715 vocat
1680 1660 2017 1716 Salvatorem
2070 1678 2169 1717 no-

606 1760 799 1805 strum.
839 1751 915 1804 Ex
951 1768 1060 1821 quo
1086 1753 1231 1805 enim
1261 1752 1419 1821 juxta
1450 1754 1767 1822 prophetam
1804 1751 1971 1823 Virgo
2001 1769 2168 1824 pepe-

608 1844 746 1899 risse
797 1845 1021 1906 dicitur,
1069 1846 1269 1914 ubique
1304 1857 1610 1915 opportune
1646 1846 1929 1915 parvulum
1959 1862 2167 1901 memo-

604 1943 730 1999 rat;
764 1937 983 2005 quando
1015 1936 1182 2005 igitur
1206 1951 1269 1990 ea
1309 1937 1382 1992 sit
1427 1938 1708 1991 hominum
1740 1938 2002 2007 nequitia,
2048 1954 2168 2007 qua:

602 2042 712 2081 non
747 2027 853 2082 nisi
886 2027 1231 2097 gravissimis
1263 2028 1441 2098 pmnis
1481 2031 1688 2100 expiari
1727 2033 1920 2102 possit,
1969 2033 2167 2087 dilecto

602 2126 693 2171 tuo
735 2119 894 2173 nobis
921 2135 1057 2190 opus
1087 2128 1224 2186 erat,
1264 2123 1441 2193 gratia
1473 2138 1572 2179 sua
1604 2139 1705 2178 nos
1743 2125 1810 2180 de
1834 2126 2160 2180 calamitati-

599 2211 700 2266 bus
724 2211 1041 2266 liberatum.

663 2318 832 2377 Vsus.
864 2323 951 2377 18.
991 2323 1268 2389 Quantum
1294 2325 1456 2381 nobis
1498 2329 1711 2396 prosint
1757 2328 1937 2393 minae,
1979 2335 2165 2382 osten-

595 2409 710 2475 dit;
744 2425 868 2463 nam
900 2417 1162 2465 terrorem
1194 2422 1345 2466 tuum
1376 2413 1525 2468 velut
1569 2414 1772 2469 bonum
1803 2431 1991 2471 semen
2015 2418 2163 2472 acci-

593 2500 805 2569 pientes
858 2510 911 2555 et
958 2503 1364 2572 parturientes,
1420 2513 1665 2574 tempore
1719 2507 1868 2573 dato,
1931 2508 2160 2564 salutem

592 2594 1334 2663 consequemur;‘.quandiu
1384 2596 1529 2649 enim
1578 2605 1779 2651 terram
1837 2600 2159 2665 incolimus,

596 2691 811 2751 tempus
841 2685 1179 2750 paenitentia
1205 2686 1442 2756 largiris,
1471 2702 1580 2742 non
1602 2690 1796 2742 merita
1826 2704 1927 2744 nos
1946 2690 2163 2760 justitia

592 2774 797 2834 aufers.
822 2776 916 2831 sed
946 2778 1202 2834 concedis
1234 2786 1294 2833 ut
1328 2783 1575 2837 conversi
1595 2781 2159 2839 salvemur.—Vitale

592 2867 760 2937 igitur
792 2883 915 2922 cum
944 2885 1128 2925 semen
1171 2876 1568 2942 acceperimus,
1624 2883 1830 2931 terrore
1876 2876 2157 2942 commoti,

592 2974 787 3028 paanas
838 2975 1027 3016 omnes
1072 2962 1432 3033 eﬂ'ugiemus;
1486 2980 1612 3021 nam
1647 2967 1742 3037 qui
1771 2967 1926 3037 prius
1956 2968 2157 3021 mortui

589 3050 868 3107 fueramus
895 3060 1118 3122 peccato
1169 3062 1223 3109 et
1259 3056 1678 3125 cupiditatibus,
1712 3074 1859 3112 nunc
1896 3060 2053 3127 quasi
2088 3060 2157 3114 de

587 3143 996 3207 monumentis,
1067 3153 1121 3199 te
1177 3147 1628 3216 reprehendente,
1679 3148 2153 3219 expergiscemur;
2183 3177 2225 3234 ε

587 3247 697 3303 qua
752 3235 1174 3303 reprehensione
1226 3238 1607 3304 immutamur,
1644 3254 1674 3293 a
1705 3240 1864 3296 malis
1897 3241 2153 3312 operibus

586 3324 959 3393 abstinentes;
1004 3344 1218 3399 semper
1257 3333 1401 3385 enim
1436 3331 1869 3387 misericordiam
1895 3342 1950 3388 tu
1971 3351 2056 3389 am
2082 3336 2151 3390 ad

585 3431 707 3482 nos,
738 3418 894 3487 quasi
924 3435 1104 3475 rorem
1127 3422 1421 3477 salutarem
1447 3424 1706 3479 demittis.

655 3614 807 3670 CAP.
838 3615 1077 3682 XXVIII,
1124 3617 1289 3675 Vens.
1324 3621 1371 3675 1.
1412 3621 1590 3677 Casus
1619 3621 1875 3692 Ephraim
1908 3632 1962 3679 et
1989 3624 2152 3678 ruina

585 3707 841 3762 omnibus
884 3709 1189 3778 apparebit,
1245 3712 1394 3765 velut
1451 3728 1616 3782 super
1662 3720 1900 3768 montem
1943 3715 2153 3769 altissi-

582 3814 730 3852 mum
762 3839 776 3865 ,
817 3788 1094 3858 ionmibus
1150 3804 1361 3859 scilicet
1408 3813 1460 3860 et
1512 3807 1874 3877 undequaque
1926 3808 2149 3879 conspi-

580 3906 766 3945 cuum.

650 3981 816 4040 Vens.
871 3985 928 4038 2.
993 3985 1163 4043 Poma
1216 4003 1310 4044 eos
1357 3989 1490 4044 dicit
1548 3990 1743 4045 merito
1807 3990 2143 4058 alliciendos,

579 4089 743 4142 quam
799 4076 902 4146 ipsi
947 4078 1060 4147 jam
1122 4080 1499 4136 sulferre-nou
1530 4092 1791 4151 possunt;
1838 4099 1948 4153 quo
1998 4085 2146 4139 enim

581 4166 742 4221 modo
766 4170 984 4236 apricus
1008 4185 1160 4241 ager,
1190 4174 1341 4228 nullo
1368 4174 1607 4243 tegmine
1629 4174 1912 4241 defensus,
1939 4177 2147 4232 irruen-

581 4259 652 4313 tis
700 4260 982 4329 grandinis
1022 4264 1248 4318 verbera
1279 4265 1453 4321 vitare
1491 4268 1700 4336 nequit,
1757 4268 1833 4321 ita
1876 4284 1978 4323 nec
2007 4270 2141 4339 ipsi;

577 4366 708 4405 nam
758 4352 870 4407 Deo
920 4367 1112 4422 pmnas
1165 4365 1466 4425 repetente,
1520 4360 1668 4413 omni
1716 4375 1819 4430 ope
1850 4359 2143 4417 destitutos

579 4459 740 4499 nemo
768 4448 971 4515 estqui
995 4461 1098 4501 nos
1126 4451 1340 4519 eripere
1368 4454 1562 4519 possit.

642 4625 810 4683 Vens.
857 4630 911 4694 3,
956 4629 1010 4684 4.
1054 4629 1264 4697 ρυῗιιυε
1318 4647 1412 4687 eos
1453 4632 1693 4690 hostium
1740 4636 1972 4706 imperio
2013 4652 2139 4706 pre-

573 4719 800 4775 mendos
848 4722 1159 4788 denuntiat,
1204 4734 1258 4781 et
1306 4727 1528 4797 indigna
1572 4743 1800 4799 quaeque
1830 4720 1884 4784 in
1906 4732 2138 4799 ‘captivi-

571 4811 683 4858 tate
738 4822 1031 4879 passuros;
1089 4829 1199 4867 non
1240 4823 1499 4884 poterunt
1524 4817 1666 4871 enim
1701 4819 1890 4884 latere,
1924 4820 2135 4890 inquit,

570 4896 656 4950 vel
680 4899 838 4967 pauci
863 4916 925 4955 ex
949 4905 1269 4973 captivitate
1294 4908 1516 4978 reliqui,
1554 4911 1649 4966 sed
1680 4912 1755 4966 ita
1786 4913 1855 4967 ab
1876 4915 2132 4970 omnibus

569 4989 766 5046 vicinis
815 4992 1309 5067 deprchendemur,
1355 5003 1430 5057 ita
1477 5004 1805 5060 videbuntur
1846 5007 2130 5077 suppliciis

567 5081 770 5150 aﬂlicti,
837 5092 896 5138 ut
949 5085 1164 5146 facilius
1213 5093 1403 5151 lateret
1468 5096 1524 5150 in
1575 5097 1885 5154 summitate
1928 5100 2131 5155 montis

569 5186 894 5243 praematura
957 5177 1113 5244 licus,
1173 5200 1293 5253 quae
1334 5203 1442 5243 una
1497 5204 1563 5245 ex
1613 5191 1870 5247 omnibus
1916 5200 2130 5247 matura

569 5270 969 5326 transeuntium
992 5273 1181 5328 oculos
1214 5277 1271 5330 in
1299 5294 1359 5334 se
1385 5283 1673 5337 convertit.

633 5531 800 5589 Vsus.
844 5535 897 5590 5.
947 5535 1127 5592 Verba
1177 5537 1292 5592 haec
1344 5539 1409 5594 ad
1454 5554 1548 5595 eos
1599 5551 1866 5612 spectant,
1922 5545 2014 5616 qui
2061 5557 2127 5601 eo

564 5627 765 5693 ruentis
786 5638 1044 5685 venerant
1078 5640 1137 5685 ut
1176 5639 1429 5702 putarent
1462 5649 1621 5687 .mnm
1653 5650 1822 5703 genus
1851 5638 1999 5693 omni
2024 5652 2125 5707 ope

566 5713 886 5772 destitutum
942 5720 1206 5777 radicitus
1262 5737 1383 5779 esse
1445 5725 1789 5793 tollendum;
1848 5744 1917 5783 ne
1974 5729 2118 5784 enim

1806 342 2151 405 THEODURI
2190 341 2713 398 HERACLEENSIS

3659 356 3756 411 ιῦἱῦ

2347 463 2458 533 Τὴν
2489 462 2593 525 ’ἐως
2624 461 2856 531 ἀπειλῆς
2894 458 3061 530 ὀργὴν
3091 458 3240 530 παρά
3266 460 3354 514 τοῦ
3377 460 3498 515 Θεοῦ
3529 464 3756 539 ἐκφερομέ.

2279 570 2378 624 νην
2429 553 2563 623 πρὸς
2612 550 2948 623 ἐπιστροφὴν
3020 547 3129 601 τῶν
3171 549 3439 620 ἡμετέρων
3488 552 3664 623 ψυλῶνν
3706 563 3757 632 μὴ

2282 639 2465 709 μέντοι
2488 641 2567 701 εἰς
2598 638 2795 710 πρᾶξιν
2819 638 2951 709 μηδὲ
2970 639 3051 700 είς
3074 636 3232 708 ἔργον
3261 639 3522 711 χωροῦσαν
3537 646 3754 713 σημαίνει·

2280 731 2658 800 φιλάνθρωπος
2694 731 2801 803 γὰρ
2830 729 2905 784 ὢν
2934 730 3165 794 ἀπειλεῖ,
3195 730 3299 794 ἵνα,
3343 731 3416 802 τῷ
3444 733 3577 805 φόϐῳ
3595 737 3759 805 χαλινα-

2277 824 2555 892 γωγήσας,
2597 824 2957 893 μετανοήσασι
2995 821 3069 893 μὴ
3121 822 3380 890 ἐπαγάγοι
3409 823 3499 893 τὴν
3524 831 3757 899 τιμωρίαν·

2276 915 2397 967 ούδέ
2438 914 2547 986 γὰρ
2572 913 2752 985 χαίρει
2785 915 2877 967 ἐπὶ
2906 912 2984 985 τῷ
3009 914 3260 985 ἡμετέρῳ
3290 913 3512 986 θανάτῳ,
3537 919 3639 971 οὐδὲ
3667 922 3763 974 ἀπο-ι

2274 1005 2534 1060 διάκειται
2586 1008 2723 1079 πρὸς
2746 1006 2813 1059 τὰ
2861 1004 3052 1059 ἑαυτοῦ
3097 1006 3393 1076 ποιήματα,
3422 1007 3530 1060 οὐδὲ
3563 1013 3681 1062 ποιεῖ
3703 1012 3763 1064 ἵνα

2274 1095 2370 1169 ἔχῃ
2423 1098 2548 1161 τοὺς
2596 1097 3058 1169 τιμωρουμένους.
3110 1096 3282 1167 Εἴπερ
3325 1097 3429 1169 γὰρ
3469 1095 3529 1169 ἦν
3560 1102 3763 1167 τοιοῦτος,

2274 1187 2402 1256 ἐνῆν
2426 1187 2587 1239 αὐτὸν
2606 1190 2784 1259 σιωπῇ
2818 1187 2909 1240 καὶ
2937 1187 3034 1257 τὴν
3058 1185 3327 1256 τιμωρίαν
3352 1189 3646 1257 ἐπαγαγεῖν’
3666 1192 3763 1246 ἀλλὰ

2275 1280 2453 1333 πάντα
2486 1279 2657 1349 λέγει,
2720 1280 2815 1333 καὶ
2857 1279 2964 1332 ἀπὸ
2999 1279 3214 1332 πάντων
3244 1279 3351 1331 τῶν
3384 1280 3601 1349 φοϐερῶν
3625 1283 3765 1336 ἐαυτὸν

2272 1368 2610 1439 γνωρίζεσθαι
2623 1388 2640 1422 ι
2659 1369 2896 1431 σπεύδει,
2920 1368 2986 1420 ἶν’
3002 1369 3179 1438 ἡμεῖς,
3199 1368 3476 1432 ἀκούοντες
3496 1369 3528 1422 ἃ
3545 1370 3765 1441 εἰθίσμεθα

2273 1458 2571 1527 φοϐεῖσθαι,
2604 1460 2711 1530 πρὸ
2754 1461 2849 1531 τῆς
2878 1459 3030 1529 δίκης
3071 1459 3487 1530 ἐπιστρέψαντες
3524 1461 3655 1531 (Cod.
3679 1464 3764 1515 ἐπι-

2272 1551 2595 1621 γράψαντες)
2630 1551 2785 1605 σωθῶ
2792 1569 2910 1623 μεν.

2353 1662 2658 1733 ’Δγαπητὸν
2698 1662 2931 1716 ἐνταῦθα
2965 1662 3113 1731 λέγει
3136 1663 3229 1717 τὸν
3259 1662 3481 1733 Σωτῆρα
3525 1662 3680 1732 ἡμῶν·
3700 1665 3766 1715 καὶ

2271 1754 2378 1825 γὰρ
2404 1754 2495 1822 ἀφ’
2521 1749 2581 1809 οὗ
2598 1755 2738 1807 κατά
2767 1753 2865 1824 τὴν
2906 1754 3245 1826 προφητείαν
3272 1756 3305 1824 ἡ
3328 1752 3586 1825 Παρθένος
3610 1752 3765 1822 λέγεται

2270 1846 2583 1908 τετοκέναι,
2627 1843 2943 1914 ἁπανταχοῦ
3003 1843 3331 1913 εὐαφόρμως
3381 1842 3673 1912 μνημονεύει
3702 1845 3765 1897 τοῦ

2269 1934 2500 1988 παιδίου.
2548 1934 2764 2005 Ἐπειδὴ
2802 1934 2983 1988 τοίνυν
3018 1935 3088 1987 τά
3117 1935 3364 2005 ἡμέτερα
3401 1932 3625 1998 τοιαῦτα,
3653 1937 3764 2004 φησὶ,

2265 2027 2490 2094 γέγονεν
2537 2026 2615 2089 ὡς
2651 2025 2737 2078 διὰ
2779 2026 3028 2096 μεγάλων
3065 2024 3345 2097 τιμωριῶν
3385 2024 3444 2077 τδ
3482 2025 3623 2094 χρέος
3644 2029 3770 2080 ἐκτιν-

2264 2117 2437 2183 νύναι,
2492 2116 2650 2188 χρεία
2703 2117 2763 2170 τὸ
2821 2116 3006 2170 λοιπὸν
3051 2117 3144 2170 τοῦ
3183 2114 3469 2185 ἀγαπητοῦ
3496 2131 3601 2183 σου,
3635 2118 3767 2189 χάριτι

2263 2211 2395 2280 ἡμῖν
2428 2208 2643 2273 λύοντος
2670 2207 2767 2271 τὰς
2799 2209 3105 2279 συμφοράς.
3145 2213 3159 2228 ⁸

2331 2318 2441 2389 Τὴν
2479 2319 2543 2370 ἐκ
2591 2319 2689 2389 τῆς
2739 2318 2968 2389 ἀπειλῆς
3008 2319 3281 2388 ὠφέλειαν
3317 2323 3591 2393 ἐμφαίνει·
3633 2323 3767 2393 ὥσπερ

2261 2409 2370 2478 γὰρ
2401 2410 2622 2480 σπέρμα
2653 2408 2945 2479 δεξάμενος
2991 2408 3196 2478 ἀγαθὸν
3253 2410 3348 2464 τὸν
3394 2413 3549 2480 φόϐον
3584 2430 3679 2477 σου,
3706 2412 3771 2464 καὶ

2260 2499 2447 2553 τοῦτον
2476 2501 2934 2571 κυοφορήσαντες,
2962 2501 3020 2552 ἐν
3049 2500 3232 2572 καιρῷ
3265 2502 3343 2572 τῷ
3363 2502 3529 2556 δέοντι
3558 2503 3772 2573 σωτηρίαν

2260 2590 2722 2662 ἐκαρπωσάμεθα.
2763 2592 2884 2645 Ἔτι
2913 2590 3021 2663 γὰρ
3062 2592 3235 2645 ὄντων
3268 2593 3427 2664 ἡμῶν
3451 2596 3537 2647 ἐπὶ
3558 2595 3662 2665 γῆς,
3690 2610 3775 2647 και-

2264 2681 2353 2754 ρὸν
2419 2682 2705 2754 μετανοίας
2753 2683 3016 2754 ἐχαρίσω,
3081 2685 3156 2755 μὴ
3222 2686 3537 2757 προανελὼν
3590 2689 3645 2757 τῇ
3684 2681 3772 2738 κατ’

2259 2774 2414 2838 ἀξίαν
2440 2773 2583 2845 δίκῃ,
2623 2773 2737 2827 ἀλλ’
2771 2774 3075 2840 ἐνδεδωκὼς
3107 2778 3549 2849 ἐπιστρέψαντας
3571 2777 3773 2846 σωθῆναι.

2260 2894 2328 2905 ——
2355 2864 2649 2935 Δεξάμενοι
2697 2866 2877 2918 τοίνυν
2908 2866 2978 2919 τὰ
3023 2868 3322 2938 σπέρματα
3354 2868 3425 2922 τὰ
3454 2867 3681 2933 ζωοποιά,
3707 2864 3775 2919 καί

2257 2956 2347 3009 τὸν
2375 2956 2537 3025 φόϐον
2559 2957 2916 3028 κτησάμενοι,
2935 2957 3341 3031 διαφευξόμεθα
3360 2961 3535 3013 πᾶσαν
3545 2959 3773 3030 τιμωρίαν

2257 3050 2307 3101 οἱ
2369 3049 2478 3120 γάρ
2534 3067 2663 3102 ποτε
2714 3050 2898 3122 νεκροὶ
2946 3050 3097 3115 ὄντες
3152 3055 3268 3111 τοῖς
3304 3051 3684 3121 παραπτώμασι
3709 3048 3774 3100 καὶ

2257 3143 2377 3203 ταῖς
2398 3139 2711 3210 ἐπιθυμίαις
2741 3139 2835 3193 νῦν
2861 3141 3281 3212 ἐγερθησόμεθα
3312 3142 3390 3205 ὡς
3403 3142 3509 3195 ἀπὸ
3538 3138 3774 3212 μνημείων.

2257 3233 2354 3303 τῆς
2384 3232 2533 3303 παρά
2566 3229 2660 3283 σοῦ
2689 3231 3023 3302 ἀντιλήψεως
3062 3234 3324 3304 τυχόντες
3349 3251 3363 3264 ·
3390 3234 3478 3303 ὑφ’
3505 3228 3773 3305 ᾖάντιλὴψει

2255 3321 2711 3394 ἀγαλλιασόμεθα,
2751 3324 3087 3394 ἠρεμοῦντες
3126 3327 3243 3380 ἀπὸ
3268 3326 3381 3380 τῶν
3417 3323 3595 3379 κακῶν
3617 3323 3773 3393 ἔργων·

2254 3412 2341 3465 ἀεὶ
2372 3412 2480 3484 γάρ
2514 3414 2573 3466 τὸ
2605 3412 2753 3476 ἔλεός
2798 3430 2890 3466 σου
2917 3413 3089 3479 οὔτως
3126 3418 3447 3488 ἐκπέμπεις
3471 3417 3550 3484 ἐφ’
3583 3415 3701 3484 ἡμᾶς
3724 3411 3778 3471 ὡς

2253 3505 2438 3577 δρόσον
2475 3508 2742 3579 ἰατρικήν.

2321 3616 2426 3670 Τοῦ
2450 3618 2740 3691 πτώματος
2773 3622 2936 3674 αὐτοῦ
2956 3622 3046 3675 τοῦ
3084 3624 3357 3697 Ἐφραῒμ,
3383 3625 3477 3679 καὶ
3502 3624 3595 3694 τῆς
3613 3616 3778 3674 ἐκπτώ-

2254 3726 2390 3774 σεως
2413 3714 2649 3783 φανερᾶς
2670 3715 2803 3766 πᾶσι
2833 3715 3154 3785 γενομένης,
3185 3715 3383 3788 ὥσπερ
3414 3718 3506 3769 ἐπὶ
3532 3716 3670 3785 ὅρους
3688 3711 3783 3779 ὺὲη·

2250 3797 2496 3865 λοτάτου,
2527 3802 2699 3855 ταῦτα
2728 3804 2831 3856 ὑπὸ
2878 3804 3077 3868 παντὸς
3101 3806 3196 3858 καὶ
3232 3809 3354 3870 τοῖς
3376 3809 3510 3861 πᾶσι
3538 3802 3782 3873 κατάδηλον

2250 3908 2313 3961 γε
2320 3911 2378 3946 νο
2383 3894 2544 3966 μένου
2556 3933 2571 3948 .

2320 3985 2430 4057 Τὴν
2458 3988 2804 4058 ἐπαγομένην
2833 3987 3054 4053 δικαίως
3100 3990 3295 4055 αὐτοῖς
3325 3991 3614 4062 τιμωρίαν,
3636 3989 3690 4058 ἣν
3711 4000 3784 4053 ονχ

2246 4073 2348 4131 οἷοί
2391 4096 2450 4131 τε
2485 4081 2742 4149 γεγόνασι
2786 4080 3082 4152 διαδρᾶναι,
3126 4083 3403 4154 σημαίνει
3427 4102 3441 4113 ο
3467 4082 3645 4151 ὥσπερ
3667 4077 3787 4147 γὰρὸ

2246 4166 2455 4242 χαλάζῃ
2502 4168 2789 4222 ὑποπεσὼν
2843 4167 3108 4241 ὕπαιθρος
3159 4172 3224 4223 οὐ
3277 4171 3567 4242 διαφεύγει
3619 4168 3704 4229 τὰς
3739 4167 3784 4216 ἐκ

2244 4259 2447 4331 ταύτης
2477 4259 2654 4331 βολάς,
2678 4261 2903 4333 μηδενὸς
2933 4262 3085 4325 ὄντος
3109 4262 3207 4315 τοῦ
3243 4265 3621 4327 σκεπάζοντος
3643 4257 3785 4313 αὐτόν·

2245 4351 2417 4416 οὕτως
2470 4353 2563 4406 καὶ
2608 4346 2782 4405 οὗτοι·
2831 4352 2965 4405 Θεοῦ
3021 4353 3334 4421 ἐπάγοντος
3396 4355 3495 4426 τὴν
3545 4350 3787 4423 τιμωρίαν,

2245 4441 2535 4514 ἀϐοήθητοί
2567 4446 2753 4514 ἐσμεν,
2783 4443 3006 4515 μηδενὸς
3023 4444 3183 4508 ὄντος
3218 4446 3323 4500 τοῦ
3351 4446 3645 4515 ἐπαμύνειν
3669 4442 3791 4495 δυνα-

2174 4538 2217 4592 Ῐ)
2250 4536 2429 4606 μένου.

2318 4628 2427 4699 Τὴν
2478 4630 2542 4681 ἐκ
2580 4628 2688 4681 τῶν
2734 4628 3007 4700 πολεμίων
3056 4629 3432 4701 ἐπικράτειαν
3475 4627 3692 4685 ἐνταῦθα
3716 4642 3789 4694 ση-

2249 4720 2461 4789 μαίνει·
2497 4721 2588 4773 καὶ
2635 4721 2716 4773 ὅτι
2750 4721 2929 4790 πάσης
2962 4720 3185 4791 ἀτιμίας
3228 4723 3469 4793 ἔμπλεοι
3501 4715 3788 4791 γένοιντοτῇ

2244 4808 2589 4880 αίχμαλωσίᾳ
2650 4809 3035 4873 ὑποπεσόντες,
3089 4811 3268 4883 δηλοῖ.
3321 4816 3437 4868 Καὶ
3480 4813 3606 4885 γάρ,
3644 4808 3789 4880 φησὶν,

2243 4900 2363 4954 οὐδὲ
2409 4902 2456 4953 οί
2509 4903 2572 4956 ἐκ
2606 4903 2705 4975 τῆς
2734 4904 3107 4975 αἰχμαλωσίας
3152 4905 3338 4975 ὀλίγοι
3370 4902 3787 4979 παραλειφθέντες

2242 4991 2421 5047 λαθεῖν
2481 4992 2816 5065 δυνήσονται,
2861 4995 2975 5048 ἀλλ’
3028 4996 3203 5060 οῦτως
3258 5000 3423 5071 παρὰ
3466 5001 3674 5054 πάντων
3712 4990 3792 5047 τῶν

2240 5084 2530 5156 περιοίκων
2554 5084 2987 5156 φωραθήσονται,
3011 5087 3102 5139 καί¹
3130 5089 3443 5161 κατάδηλοι
3471 5091 3673 5144 ἔσονται
3692 5087 3788 5138 ὑπο-

2238 5174 2554 5246 ϐαλλόμενοι
2600 5178 2665 5247 τῇ
2727 5180 2982 5250 τιμωρίᾳ,
3028 5180 3104 5242 ὼς
3149 5181 3260 5234 οὐκ
3305 5183 3497 5237 ἔνεστι
3529 5183 3697 5236 λαθεῖν
3726 5177 3790 5231 τὸν

2236 5266 2323 5319 ἐπ’
2354 5267 2522 5338 ἄκρου
2555 5268 2715 5340 ὅρους
2737 5268 2864 5323 ὄντα
2902 5271 2934 5342 ἢ
2963 5271 3278 5343 πρόδρομον
3312 5273 3511 5340 σύκου,
3543 5273 3570 5326 ὃ
3606 5274 3666 5325 ἐκ
3689 5268 3785 5321 πᾶν·

2235 5374 2344 5411 των
2370 5357 2478 5411 τῶν
2511 5358 2683 5413 ἄλλων
2724 5360 2884 5431 μόνον
2911 5361 3167 5433 πέπειρον
3204 5365 3532 5420 ἐπισπᾶται
3562 5366 3655 5427 τάς
3677 5363 3786 5433 ὄψεις

2234 5447 2342 5499 τῶν
2373 5448 2644 5519 ὁρώντων.

2303 5540 2445 5610 Πρὸς
2488 5542 2613 5605 τοὺς
2670 5542 2808 5597 κατά
2853 5542 3091 5598 διάνοιαν
3138 5543 3465 5621 λογισμοὺς
3518 5545 3786 5617 κινηθέντες

2232 5636 2434 5699 αὐτοῖς,
2467 5638 2547 5690 ὅτι
2593 5636 2657 5708 δὴ
2699 5639 2778 5702 είς
2819 5637 3090 5710 ἐξάλειψιν
3132 5641 3331 5697 αὐτῶν
3386 5644 3521 5698 ἐστι
3552 5642 3610 5697 τὸ
3649 5637 3787 5708 γένος,

2232 5727 2457 5797 μηδενὸς
2486 5729 2925 5801 ἀντιποιουμένου
2973 5732 3170 5800 αὐτῶν,
3212 5736 3319 5790 καὶ
3367 5738 3442 5792 τὰ
3486 5735 3710 5805 παρόντα
3731 5724 3787 5779 λέ⁸
