4038 6288
277 386 416 444 m7
1745 383 1814 438 1N
1851 382 2105 442 lSAlAM.
2814 357 2821 361 ’
3377 394 3512 455 ista

274 503 493 556 λεκται·
532 499 620 554 ἴνα
648 499 755 570 γὰρ
785 500 860 573 μὴ
896 500 975 564 εῑς
1012 500 1359 554 ἀνελπιστίαν
1412 497 1644 571 παντελῆ
1693 517 1804 553 κατι

1907 505 2104 571 ispem
2156 517 2375 560 omnem
2430 506 2707 574 abjiciant,
2759 507 3106 563 liberatorem
3157 516 3508 582 praenuntiat,

279 591 881 663 πέσωσι,προαγορεύει
909 591 1000 646 τὸν
1035 591 1293 663 μέλλοντα
1341 593 1432 644 ἐπὶ
1469 591 1710 661 σωτηρία
1748 608 1804 642 το

1952 594 2018 646 ad
2060 595 2380 649 salvandum
2428 611 2599 666 genus
2621 608 2928 661 venturum,
2967 598 3069 653 hoc
3088 610 3191 668 est,
3220 600 3510 658 Dominum

279 687 464 756 γένους
495 682 1027 755 παραγενησόμενον,
1060 682 1304 735 τουτέστι
1342 681 1431 734 τὸν
1460 680 1653 752 Κύριον
1688 680 1804 752 ήμῶ

1949 692 2195 739 nostrum
2217 685 2404 740 Jesum
2439 687 2715 743 Christum
2746 688 3083 744 Salvatorem
3112 700 3383 759 nostrum,
3414 695 3509 765 qui

286 775 494 847 Ἰησοῦν
527 775 618 828 τὸν
646 773 877 845 Χριστὸν
926 774 1015 827 τὸν
1044 774 1309 846 ἡμέτερον
1354 774 1600 846 Σωτῆρα,
1634 773 1691 837 ὃς
1725 774 1804 825 στέ

1949 777 2201 832 omnibus
2247 794 2447 833 corona
2492 780 2605 850 spei
2644 782 2767 845 erit,
2804 782 2917 846 ubi,
2949 797 3113 838 carne
3153 791 3338 840 nostra
3384 801 3510 842 sus-

275 887 442 941 φανος
462 870 560 940 τῆς
594 865 751 939 δόξης
787 867 938 921 ἔσται
980 868 1136 932 πᾶσι,
1181 866 1367 936 φανεὶς
1407 867 1464 919 ἐν
1514 866 1702 937 κόσμῳ
1749 884 1804 919 κο

1948 879 2123 939 cepta,
2148 870 2289 925 inter
2310 872 2556 927 homines
2587 873 2920 942 apparuerit.

275 956 557 1019 ἀναλαϐὼν
587 960 686 1031 τὴν
719 960 994 1032 ἡμετέραν
1033 960 1230 1031 σάρκα.

343 1053 456 1124 Τὴν
504 1052 598 1105 τοῦ
658 1051 791 1104 Θεοῦ
852 1051 1166 1115 ἐποπτείαν,
1215 1053 1306 1104 καὶ
1359 1052 1458 1122 τὴν
1491 1053 1703 1107 δικαίαν
1745 1055 1841 1107 αύ-
2017 1042 2180 1099 VERS-
2222 1044 2276 1099 6·
2320 1045 2411 1101 θεῖ
2457 1049 2854 1117 ριόνίάθηιῖίιῐη
2885 1058 2939 1106 et
2968 1052 3176 1120 ,ίυείυῐη
3213 1052 3333 1123 eius
3360 1053 3505 1123 juai‘

274 1142 370 1196 τοῦ
398 1140 577 1214 κρίσιν
609 1141 778 1213 δηλοῖ,
813 1141 889 1203 ὡς
934 1141 1033 1194 οὐκ
1076 1141 1313 1213 ἀκρίτως
1356 1142 1555 1206 πάντες
1583 1144 1632 1195 οἱ
1662 1161 1804 1214 παρα

1947 1134 2090 1187 cium
2140 1135 2405 1205 declarat,
2459 1153 2584 1193 cum
2631 1155 2741 1193 non
2793 1156 2988 1195 omnes
3026 1143 3126 1207 illi,
3164 1145 3254 1213 qui
3292 1144 3506 1201 fuerant

275 1233 518 1296 δοθέντες
554 1236 617 1305 τῇ
652 1231 992 1303 αἰχμαλωσίᾳ
1030 1231 1443 1298 ἀποθανοῦνται,
1494 1233 1606 1286 ἀλλ’
1643 1235 1804 1288 ἐκεῖνι

1945 1223 1999 1279 in
2054 1228 2425 1295 captivitatem
2477 1229 2724 1293 redacti,
2777 1231 3093 1286 indistincte
3165 1234 3506 1300 moriantur;

276 1322 817 1395 περιποιηθήσονται,
843 1320 936 1384 οὒς
961 1321 1039 1392 τῷ
1067 1321 1184 1392 Θεῷ
1212 1322 1338 1394 δόξῃ
1370 1323 1655 1389 σώζεσθαι,
1683 1325 1804 1395 ἡμῶ

1945 1318 2246 1373 liberentur
2291 1336 2420 1375 vero
2453 1337 2593 1392 quos
2642 1322 2748 1377 Deo
2796 1339 3014 1379 servare
3057 1325 3343 1394 placuerit,
3380 1328 3507 1381 licet

282 1416 356 1486 μὴ
383 1414 688 1484 δυναμένων
727 1412 1022 1484 ἀνιχνεύειν
1067 1413 1189 1476 τοὺς
1225 1413 1413 1482 λόγους
1449 1415 1514 1468 δι’
1543 1415 1636 1480 οὒς
1679 1433 1804 1488 περι

1944 1410 2046 1480 ipsi
2098 1425 2199 1465 nos
2257 1413 2565 1482 perspicere
2616 1428 2726 1467 non
2749 1414 3063 1483 possimus,
3098 1430 3203 1485 qua
3246 1416 3313 1471 de
3341 1431 3503 1471 causa

279 1506 682 1578 ποιηθήσονται.

1942 1501 2260 1555 liberantur.

349 1599 542 1668 Φάσμα
571 1597 675 1669 γὰρ
713 1595 807 1649 καὶ
836 1594 1096 1665 ἔκπληξις
1122 1593 1266 1647 τοῦτ’
1294 1595 1360 1648 ἂν
1393 1595 1476 1666 εἴη
1519 1597 1742 1668 κυρίως,
1777 1615 1804 1650 τ

2011 1591 2179 1648 Vens.
2218 1593 2272 1648 7.
2311 1592 2545 1649 Phasma
2599 1610 2731 1650 sane
2781 1605 2926 1651 esset
2978 1604 3030 1651 et
3080 1607 3407 1663 monstrum,
3455 1601 3502 1655 si

277 1688 515 1751 τούτους,
568 1687 736 1751 οὕτως
784 1686 1294 1758 παιδαγωγηθέντας
1350 1688 1500 1758 παρά
1543 1689 1636 1741 τοῦ
1678 1689 1804 1743 Θεοῦ

1942 1685 2017 1738 ita
2052 1700 2080 1738 a
2129 1684 2239 1740 Deo
2282 1685 2519 1749 educati,
2569 1688 2734 1743 tantis
2776 1689 2920 1743 aucti
2966 1690 3264 1754 beneﬁciis,
3297 1691 3353 1745 iu
3379 1699 3503 1745 tan-

277 1779 369 1831 καὶ
388 1772 656 1846 τοσούτων
687 1776 1100 1839 ἀπολαύσαντας
1130 1775 1237 1829 τῶν
1268 1776 1506 1846 ἀγαθῶν,
1541 1780 1622 1841 εἰς
1650 1779 1804 1832 τοσαί

1942 1782 2050 1828 tam
2080 1776 2405 1845 impietatem
2437 1777 2838 1832 delaberentur.

212 1930 221 1943 '
272 1886 373 1939 την
404 1869 744 1940 παρανομίαν
776 1867 1043 1938 χωρῆσαι.
1378 1887 1382 1891 η
1868 1857 1911 1912 Β

342 1960 532 2031 Θλίψιν
560 1958 790 2012 ἐνταῦθα
818 1958 964 2026 λέγει
1011 1958 1079 2011 τὰ
1109 1961 1164 2012 ἐν
1188 1962 1250 2030 τῇ
1276 1959 1621 2031 αἰχμαλωσίᾳ
1659 1960 1804 2014 δεινά

2012 1950 2178 2007 Vens.
2246 1954 2333 2009 10.
2389 1955 2821 2010 'l'ribulationem
2854 1957 2944 2011 hic
2973 1966 3133 2013 vocat
3163 1960 3503 2016 calamitates

273 2050 588 2121 προσθήκην
619 2050 676 2103 δέ
707 2049 938 2119 θλίψεως
977 2049 1076 2119 τὴν
1110 2050 1458 2120 συναίσθησιν
1487 2049 1594 2102 τῶν
1629 2050 1804 2104 αἰτίων

1941 2045 2185 2114 captivos
2232 2047 2542 2112 invasuras,
2585 2049 2988 2103 tribulationem
3028 2064 3159 2103 vero
3188 2067 3351 2121 super
3396 2055 3500 2107 tri-

270 2142 335 2197 δι’
365 2143 434 2206 ἃς
461 2144 553 2195 καὶ
612 2141 677 2194 τὰ
715 2141 859 2194 κακά
907 2142 1088 2203 αὐτοῖς
1142 2142 1530 2210 ἐπενήνεκται·
1573 2142 1694 2212 ἥτις
1739 2144 1804 2195 ἐπ

1938 2134 2304 2201 bulationem,
2361 2140 2752 2194 conscientiam
2793 2141 3106 2204 criminum,
3152 2142 3352 2212 quibus
3394 2144 3498 2198 sibi

268 2234 486 2305 ωφελὴς
515 2235 607 2287 καὶ
632 2235 890 2303 ὀνήσιμος
924 2233 1102 2294 αὐτοῖς
1125 2231 1348 2300 ἐγίνετο,

1938 2226 2045 2280 ista
2094 2228 2238 2281 mala
2268 2240 2724 2299 promeruerunt;
2757 2246 2878 2301 quae
2906 2240 2961 2286 et
2990 2231 3141 2287 utilis
3172 2233 3283 2288 illis
3314 2232 3414 2287 l'uit
3445 2241 3500 2289 et

1937 2320 2215 2375 salutaris.

336 2412 454 2486 Τὴν
503 2413 712 2468 δικαίαν
767 2414 916 2486 παρά
983 2432 1076 2469 του
1150 2415 1283 2468 Θεοῦ
1339 2414 1690 2469 ἀνταπόδοσιν
1740 2418 1804 2469 ἐπ

2007 2410 2172 2467 Vens.
2201 2413 2286 2467 Η.
2326 2413 2483 2468 Justa
2526 2429 2622 2470 eos
2667 2430 2696 2468 a
2738 2412 2847 2469 Deo
2894 2415 3133 2470 vindicta
3181 2415 3497 2486 plectendos

264 2505 654 2575 ενεχθήσεσθαι
691 2506 874 2569 αὐτοῖς
899 2506 1168 2575 προλέγει·
1186 2504 1399 2577 γλώττῃ
1426 2505 1523 2576 μὲν
1544 2505 1804 2574 φαυλισάν

1937 2510 2314 2575 praenuntiat:
2353 2506 2536 2575 lingua
2575 2507 2704 2576 quia
2750 2506 2917 2561 Deum
2960 2507 3274 2573 irriserunt,
3312 2509 3496 2579 lingua

264 2613 373 2649 των
400 2597 463 2649 τὸ
490 2596 662 2660 θεῖον,
688 2598 744 2650 ἐν
776 2597 834 2650 δὲ
866 2600 930 2668 τῇ
961 2595 1173 2670 γλώττῃ
1209 2598 1510 2668 δεχομένων
1530 2597 1626 2668 τὴν
1658 2615 1802 2668 τιμω

1934 2610 2124 2666 poenas
2157 2596 2400 2663 dabunt;
2450 2598 2649 2652 etenim
2695 2598 2750 2652 in
2798 2599 3168 2668 captivitatem
3214 2600 3492 2665 abductis,

267 2689 390 2760 ρίαν
419 2703 432 2719 ’
467 2689 571 2741 ὑπὸ
604 2688 710 2758 γὰρ
748 2686 1122 2758 αἰχμαλωσίαν
1158 2688 1518 2758 πράττοντες,
1558 2688 1740 2742 οὐκέτι
1769 2706 1804 2741 τε

1928 2686 2040 2756 jam
2074 2702 2184 2742 non
2223 2688 2400 2758 patrio
2431 2704 2684 2744 sermone
2728 2690 2883 2745 licuit
2929 2692 3027 2755 uti,
3078 2691 3172 2746 sed
3217 2692 3335 2762 ipsa
3378 2691 3497 2746 odi-

268 2779 489 2851 συνήθει
518 2779 776 2849 διαλέκτῳ
819 2780 1133 2851 ἐκέχρηντο,
1164 2779 1298 2833 ἀλλὰ
1327 2782 1391 2850 τῇ
1432 2778 1539 2833 τῶν
1574 2777 1804 2851 κρατούν

1933 2779 2133 2833 scenda
2165 2778 2270 2832 fuit
2295 2779 2691 2833 dominantium
2722 2779 2924 2850 lingua.

265 2885 370 2921 των
394 2870 546 2939 φωνῇ
583 2867 759 2921 λαλεῖν
782 2868 1168 2938 ἠναγκάζοντο.
2430 2942 2433 2943 ν

333 2977 442 3029 Τὸν
478 2976 542 3028 ἐκ
570 2974 679 3027 τῶν
708 2975 883 3027 πόνων
928 2976 1111 3036 αὐτοῖς
1158 2973 1550 3045 ἐπιγενηθέντα
1598 2974 1804 3048 καρπὸν

2014 2972 2183 3031 Vens.
2227 2976 2314 3033 12.
2371 2975 2632 3032 Fructum
2686 2980 2818 3050 ipsis
2869 2995 2936 3034 ex
2980 2980 3260 3034 laboribus
3312 2989 3490 3035 ortum

261 3066 319 3120 ὃν
348 3066 642 3139 ἐριστικῶς
691 3067 871 3130 αὐτοῖς
904 3065 1259 3119 ἐπιδείκνυσιν
1291 3069 1319 3119 ὁ
1361 3068 1663 3137 προφήτης,
1700 3067 1802 3121 ἀνά

1940 3068 2145 3123 indicat
2174 3069 2437 3139 propheta
2486 3071 2711 3137 ironice,
2747 3072 2873 3126 dum
2904 3072 3145 3141 requiem
3176 3087 3364 3142 poenas
3394 3088 3490 3142 ap-

262 3173 467 3209 παυσιν
489 3155 585 3228 τὴν
609 3156 875 3226 τιμωρίαν
894 3156 1072 3209 καλῶν
1093 3173 1105 3186 υ
1131 3150 1233 3208 ’Ὧν
1254 3156 1380 3226 γὰρ,
1408 3159 1587 3227 φησὶν,
1614 3160 1804 3211 ἐαυτοῖγ

1929 3158 2094 3227 pellat
2130 3159 2298 3225 :Quae
2349 3162 2518 3223 enim,
2554 3162 2749 3230 inquit,
2795 3162 2951 3216 vobis
2994 3162 3488 3226 thesaurizavistis.

258 3246 696 3319 ἐθησαυρίσατε,
759 3247 961 3300 τούτων
1027 3248 1101 3311 ὡς
1161 3249 1218 3300 ὲν
1273 3248 1430 3319 ἡδονῇ
1493 3248 1790 3302 ἀπολαύετε

1933 3249 2052 3304 istis
2084 3248 2343 3304 fruamini
2377 3259 2435 3304 ut
2469 3252 2524 3304 in
2562 3252 2782 3322 gaudio,
2809 3253 3096 3322 suppliciis
3125 3253 3329 3307 amicti.

259 3339 673 3411 συντριϐόμενω
698 3340 754 3392 ἐν
783 3342 902 3403 ταῖς
933 3342 1244 3411 τιμωρίαις.

322 3453 445 3525 Τὴν
494 3456 557 3505 ἐκ
607 3454 704 3523 τῆς
751 3453 996 3517 παιδείας
1042 3454 1307 3523 ὠφέλειαν
1368 3454 1661 3525 γενομένην
1707 3456 1804 3506 ταῖς

2010 3445 2176 3501 Vens.
2210 3449 2297 3501 15.
2352 3447 2469 3514 Qua
2503 3450 2714 3503 ratione
2754 3448 3040 3519 disciplina
3081 3451 3253 3519 prosit
3288 3451 3484 3504 animis

249 3543 459 3614 ψυχαῖς
495 3544 672 3597 αὐτῶν
701 3544 871 3613 λέγει·
909 3545 1193 3616 λαϐόμενοι
1228 3544 1335 3616 γὰρ
1372 3546 1600 3611 ἑαυτῶν,
1633 3546 1715 3615 ἐφ’
1744 3542 1804 3599 οἷ

1926 3554 2135 3602 eorum,
2172 3539 2382 3606 innuit;
2429 3555 2553 3593 nam
2588 3539 2915 3609 cupiditates
2951 3539 3330 3607 refrenantes,
3363 3543 3484 3612 qui-

255 3635 638 3707 διεπράξαντο,
666 3637 763 3705 τὴν
794 3637 1050 3706 ἐπικερδῆ
1094 3641 1213 3700 ταῖς
1247 3637 1441 3706 ψυχαῖς
1486 3638 1668 3690 αὐτῶν
1701 3638 1804 3690 όδύ·

1925 3629 2028 3683 bus
2058 3630 2448 3696 inserviebam,
2481 3631 2771 3684 salutarem
2804 3631 2989 3684 animo
3018 3631 3261 3687 dolorem
3290 3635 3484 3687 conci-

260 3744 356 3796 νην
386 3744 447 3780 τε
482 3726 573 3778 καὶ
622 3726 795 3795 θλίψιν
839 3727 1013 3797 ἔσχον,
1071 3728 1453 3799 συνεργοῦντος
1501 3729 1682 3793 αὐτοῖς
1728 3730 1804 3782 τοί

1925 3721 2081 3790 piunt
2117 3729 2171 3776 et
2213 3722 2654 3788 tribulationem;
2690 3721 2799 3776 Deo
2831 3723 3148 3791 adiuvante,
3178 3734 3230 3778 et
3259 3724 3482 3780 insanos

259 3816 391 3869 Θεοῦ
437 3817 530 3869 καὶ
566 3817 956 3878 ἁνακόπτοντος
997 3816 1174 3871 αὐτῶν
1216 3816 1311 3881 τὰς
1355 3818 1580 3887 ἀλόγους
1607 3820 1782 3889 ὁρμάς

1925 3819 2107 3867 motus
2147 3812 2500 3882 reprimente,
2532 3820 2591 3866 ut
2620 3820 2842 3883 propter
2870 3812 2976 3865 vim
3011 3828 3281 3882 pressurae
3319 3814 3478 3883 quasi

257 3904 344 3959 ἵνα
375 3908 442 3977 τῇ
480 3904 571 3976 βίᾳ
597 3906 694 3974 τῆς
722 3904 1166 3969 ἀντανακλάσεως
1200 3906 1685 3977 παιδαγωγηθῶσιν
1724 3909 1804 3977 ὀψε

1921 3902 2252 3970 repercussi,
2283 3901 2496 3955 discant
2520 3899 2737 3955 tandem
2766 3900 2954 3954 oculos
2987 3902 3052 3954 ad
3084 3902 3340 3956 sublimia
3365 3905 3472 3957 eri-

258 4012 408 4060 ποτε,
445 3998 525 4059 εἰς
564 3995 694 4064 ὓψος
736 3993 965 4065 ἄραντες
1001 3995 1128 4057 τοὺς
1161 3995 1488 4067 όφθαλμοὴ,
1527 3997 1804 4066 ἐπιγνῶναι

1920 4008 2065 4063 gere,
2094 3992 2382 4047 Dominum
2407 4007 2565 4048 suum
2589 4006 2890 4063 agnoscere
2919 4001 2970 4045 et
2996 3990 3335 4048 Creatorem.

255 4089 344 4141 τὸν
373 4086 582 4142 ἑαυτῶν
604 4084 925 4157 δημιουργόν
946 4103 1003 4138 τε
1037 4085 1130 4140 καὶ
1166 4088 1412 4158 ποιητήν.

324 4200 480 4253 Μετὰ
507 4200 604 4271 τὴν
636 4199 741 4254 τῶν
775 4199 1019 4270 φοϐερῶν
1060 4199 1286 4270 ἀπειλὴν
1318 4194 1391 4253 ὧν
1424 4200 1560 4265 ἄξιοι
1593 4200 1804 4272 ἐτύγχα-

1987 4191 2157 4248 Vens.
2191 4190 2276 4246 l6.
2333 4191 2678 4246 Denuntiatis
2730 4189 3315 4264 calamitatibus’quas
3371 4196 3473 4251 sibi

252 4306 361 4357 νον,
405 4290 565 4344 πάλιν
628 4290 1058 4360 ἀνακαλούμενος
1103 4290 1297 4354 αὐτοὺς
1352 4293 1379 4343 ό
1423 4292 1551 4355 Θεὸς
1605 4292 1678 4363 μὴ
1738 4294 1804 4356 είς

1916 4294 2352 4356 promeruerant,
2376 4286 2623 4351 hortans,
2654 4301 2748 4339 eos
2778 4282 2922 4340 Deus
2951 4301 3019 4340 ne
3049 4285 3103 4340 in
3135 4286 3474 4357 desperatio-

252 4380 599 4435 ἀνελπιστίαν
647 4384 993 4444 καταπεσεῖν,
1036 4383 1101 4451 τῇ
1142 4380 1197 4434 δὲ
1237 4381 1400 4434 αὐτοῦ
1442 4383 1804 4453 φιλανθρωπίᾳ

1916 4393 2038 4430 nem
2072 4374 2335 4440 ferantur,
2372 4375 2546 4445 ipsius
2574 4391 2703 4430 vero
2728 4374 3155 4430 misericorditer
3175 4376 3470 4442 conﬁdant,

251 4472 638 4545 προσδραμεῖν,
678 4473 930 4543 προλέγει
967 4472 1028 4524 τὸ
1073 4472 1260 4543 μέλλον
1297 4475 1804 4546 οἰκονομηθήσεσθαι

1915 4467 2148 4536 explicat
2184 4466 2313 4536 quid
2350 4467 2404 4520 in
2438 4482 2626 4521 eorum
2657 4468 2885 4520 salutem
2922 4469 3205 4523 statuerit:
3240 4468 3469 4536 Mittam,

1916 4560 2089 4578 εηης.
2516 4556 2705 4578 mg“-
2982 4558 3028 4578 ες
3091 4576 3202 4578 --ρ
3297 4577 3304 4578 ,
3384 4573 3394 4578 -

250 4563 331 4625 είς
371 4564 644 4635 σωτηρίαν
685 4562 896 4616 αὐτῶν·
953 4562 1260 4617 Ἀποστελῶ
1301 4564 1410 4636 γὰρ
1435 4610 1448 4629 ,
1507 4567 1671 4637 φησὶ,
1719 4566 1804 4620 τὸν

1916 4560 2114 4629 inquit,
2139 4559 2475 4628 unigenitum
2516 4556 2712 4613 Filium
2756 4575 2932 4614 meum
2982 4558 3035 4612 in
3080 4576 3246 4615 carne
3275 4573 3460 4616 ventu-

253 4657 516 4727 μονογενῆ
577 4656 692 4709 Υἱόπ
765 4673 863 4727 μου
919 4658 976 4709 ἐν
1034 4658 1195 4728 σαρκὶ
1245 4658 1613 4729 φανησόμενον
1643 4676 1656 4689 ⁸
1721 4659 1804 4711 ού-

1912 4665 2033 4703 rum
2057 4668 2095 4714 ;.
2126 4650 2261 4704 nihil
2293 4650 2439 4704 aliud
2467 4666 2497 4703 a
2526 4644 2687 4704 vobis
2715 4649 2995 4720 deposcet,
3021 4651 3126 4706 nisi
3166 4659 3225 4705 ut
3257 4653 3309 4707 iu
3338 4669 3462 4707 eum

247 4743 334 4798 δὲν
367 4748 550 4820 ἕτερον
581 4749 956 4818 ἀπαιτήσαντα
990 4748 1133 4818 ὑμᾶς
1162 4748 1195 4818 ἢ
1236 4749 1417 4803 πίστιν
1458 4749 1555 4820 τὴν
1592 4753 1671 4814 είς
1710 4752 1804 4804 αύ-

1911 4738 2166 4806 credatis,
2203 4749 2257 4794 et
2307 4741 2539 4795 salutem
2592 4740 2667 4793 ita
2717 4740 3021 4809 excipiatis,
3064 4740 3218 4806 Quod
3253 4743 3299 4796 si
3340 4744 3467 4798 hinc

245 4835 359 4900 τὸν,
399 4839 491 4893 καὶ
517 4839 885 4909 ἅντιδέχεσθαι
922 4840 1065 4909 ὑμᾶς
1091 4840 1362 4910 σωτηρίαν
1384 4856 1396 4867 ·
1431 4840 1490 4894 τὸ
1527 4842 1634 4913 γάρ
1663 4842 1804 4896 λίθον

1911 4828 2150 4898 lapidem
2181 4828 2480 4899 pretiosum
2509 4837 2683 4890 vocet,
2714 4829 2969 4891 electum,
2992 4826 3347 4899 singularem,
3363 4832 3465 4887 ho-

244 4927 532 5001 πολυτελῆ,
584 4930 855 4995 ἐκλεκτὸν,
909 4932 1317 5001 ἀκρογωνιαῖον,
1373 4931 1606 5003 ἔντιμον,
1655 4933 1804 4986 οὐδὲν

242 5015 427 5088 ἕτερόν
456 5022 602 5073 ἐστιν
640 5021 672 5092 ἢ
706 5021 922 5084 ἔπαινος
957 5021 1109 5091 παρά
1151 5021 1364 5093 Πατρὸς
1406 5023 1485 5085 εἰς
1510 5023 1635 5075 Υίὸν
1662 5008 1804 5091 γινό-

1907 5012 2070 5068 Patre
2118 5011 2260 5065 Filio
2306 5011 2559 5066 tributas.
2593 5010 2763 5077 Quem
2797 5013 2941 5066 enim
2972 5012 3199 5068 decebat
3229 5014 3295 5069 de
3324 5013 3461 5068 Filio

244 5125 433 5177 μενος·
486 5113 591 5166 τίνι
641 5113 749 5185 γάρ
799 5113 1001 5183 ἔπρεπε
1051 5117 1347 5184 μαρτυρεῖν
1398 5114 1474 5185 τῷ
1525 5120 1804 5185 μονογενεῖ

1907 5105 2122 5167 testari,
2152 5104 2256 5157 nisi
2284 5103 2459 5173 ipsius
2492 5102 2745 5157 Patrem?
2770 5135 2840 5143 —
2863 5106 3102 5175 Apparet
3128 5120 3345 5175 quoque
3372 5106 3462 5158 hic

238 5198 356 5268 Υἱῷ
394 5201 428 5272 ἢ
480 5204 654 5275 Πατρὶ
710 5204 789 5275 τῷ
838 5205 1037 5271 αύτοῦ;
1075 5236 1141 5246 -
1187 5205 1258 5258 Τὸ
1304 5207 1529 5278 ἀκριϐὲς
1570 5208 1668 5279 τῆς
1704 5208 1797 5262 τοῦ

1911 5209 2072 5263 quam
2131 5201 2445 5246 accuratum
2501 5193 2571 5247 sit
2616 5192 2707 5248 Dei
2744 5192 3050 5263 judicium;
3107 5211 3213 5249 non
3264 5209 3460 5249 omnes

235 5288 371 5342 Θεοῦ
402 5293 726 5364 κηδεμονίας
760 5293 992 5347 ἐνταῦθα
1036 5295 1216 5366 δηλοῖ·
1265 5296 1346 5349 ὃτι
1390 5297 1453 5368 δὴ
1493 5298 1552 5350 οὐ
1597 5299 1797 5363 πάντες

1907 5285 2041 5340 enim
2075 5284 2508 5338 misericordiam
2548 5282 2639 5339 Dei
2669 5295 3096 5356 consequentur,
3129 5285 3223 5340 sed
3258 5284 3295 5338 ii
3324 5292 3450 5340 tan-

232 5379 623 5454 ἀξιωθήσονται
647 5385 742 5439 τοῦ
767 5386 948 5449 ἐλέους
976 5387 1070 5440 τοῦ
1101 5388 1256 5463 Θεοῦ,
1286 5390 1411 5443 ἀλλ’
1438 5392 1485 5443 οἱ
1528 5394 1608 5455 είς
1633 5393 1794 5447 αὑτὸν
1898 5385 2033 5437 ῑυῖην
2064 5376 2158 5446 (ιυί
2188 5392 2336 5445 Spem
2363 5392 2517 5430 suam
2555 5374 2612 5428 ίη
2638 5392 2761 5431 eum
2796 5379 3095 5447 Ροειιθτίηισ

227 5472 293 5541 τῇ
324 5471 497 5528 ἐλπίδι
523 5476 880 5547 ἀνακείμενοι.

227 5599 231 5620 ί
305 5586 525 5663 Ἐπειδὴ
545 5591 673 5663 γὰρ,
711 5592 893 5665 φησὶν,
921 5593 1132 5662 ἐδόξατε
1159 5596 1416 5667 δαίμονας
1457 5598 1787 5668 τεθεραπευ-

1960 5594 2126 5650 Vens.
2166 5596 2248 5649 Π.
2305 5595 2534 5661 Quando
2582 5598 2748 5659 enim,
2798 5595 2992 5664 inquit,
3038 5594 3312 5648 daemones
3358 5608 3452 5650 co—

226 5672 377 5732 κέναι
407 5683 543 5755 πρὸς
568 5684 1009 5756 ἀποτροπιασμὺν
1040 5686 1148 5742 τῶν
1170 5687 1351 5741 κακῶν
1369 5687 1542 5758 ὑμῶν,
1570 5690 1663 5743 καὶ
1695 5692 1786 5743 ἐπὶ

1915 5689 2076 5743 uistis
2107 5687 2171 5740 ad
2201 5689 2548 5758 depellendas
2592 5690 2928 5743 calamitates
2956 5694 3188 5750 vestras,
3219 5694 3271 5739 et
3291 5700 3454 5747 vana:

225 5768 287 5835 τῇ
326 5775 529 5849 ματαίᾳ
559 5776 727 5847 ταύτῃ
768 5776 940 5830 ἐλπίδι
972 5778 1329 5842 ὲπεποίθειτε,
1362 5778 1676 5848 γινώσκετε,
1704 5781 1778 5843 ὡς

1907 5782 2024 5838 huic
2074 5784 2185 5853 spei
2236 5783 2560 5849 conﬁdistis,
2598 5785 2786 5840 sciatis
2813 5798 2909 5838 vos
2942 5782 3076 5837 nihil
3112 5796 3299 5837 eorum
3327 5795 3455 5852 qum

1907 4922 2229 4982 norabilem,
2285 4921 2399 4974 haec
2446 4916 2582 4974 nihil
2633 4919 2779 4974 aliud
2812 4929 2939 4974 sunt
2968 4929 3165 4990 prteter
3211 4921 3402 4977 laudes
3433 4938 3465 4977 a
3564 4988 3567 4993 ι
