4038 6288
598 348 735 404 1519

1774 334 2125 393 THEODORI
2164 333 2688 394 HERACLEENSIS

3646 353 3749 411 {5%

596 467 753 524 vobis
835 464 1118 521 imminent
1168 459 1490 531 vitaturos,|
1537 465 1856 529 tempestate
1915 470 2044 513 vero
2110 462 2159 510 et

2266 454 2419 510 οὐδὲν
2442 457 2550 510 τῶν
2586 457 2941 528 ἐπαγομένων
2976 454 3341 526 διαφεύξεσθε,
3366 460 3428 530 τῇ
3460 476 3513 514 τε
3536 468 3751 537 καταιγίδι

596 567 773 614 morte
805 554 1189 628 opprimendos
1213 568 1356 609 esse.

665 646 835 702 Vsls.
864 644 948 700 l9.
994 643 1093 699 llic
1137 641 1511 697 misericordia
1541 649 1818 712 permotus
1858 647 2123 710 prapneta
2150 677 2165 701 ,

597 745 651 792 et
679 734 1015 790 calamitates
1057 732 1378 788 recordatus
1406 732 1513 787 illis
1544 731 1911 794 imminentes,
1937 744 2166 784 monen-

597 828 695 882 dos
723 840 818 880 eos
856 825 1117 894 suscipit,
1151 831 1208 877 ut
1244 838 1391 878 nunc
1430 822 1724 893 prudenter
1766 821 2023 888 audiant;
2055 836 2162 875 non

596 919 739 974 enim
774 917 885 972 ﬁeri
920 925 1120 989 potest,
1151 925 1211 971 ut
1244 917 1409 971 tantis
1454 917 1806 988 voraginibus
1852 916 2163 980 submersi,

596 1014 763 1068 tantis
785 1010 1029 1082 oppressi
1057 1009 1483 1079 calamitatibus,
1507 1008 1617 1065 Deo
1642 1009 1995 1076 resistamus;
2030 1014 2164 1062 tunc

594 1106 736 1158 enim
772 1119 871 1158 nec
894 1111 1109 1159 nosmet
1145 1102 1293 1172 ipsos
1321 1118 1538 1157 movere
1573 1101 1895 1166 valebimus,
1926 1102 2030 1156 nisi
2061 1102 2165 1155 im-

592 1197 825 1266 pellente
855 1194 983 1249 Deo.

658 1377 822 1432 Vens.
856 1376 948 1430 21.
994 1379 1135 1431 lram
1177 1375 1270 1430 Det
1322 1391 1446 1431 cum
1488 1384 1672 1432 monte
1702 1391 1993 1448 impiorum
2029 1391 2163 1433 con-

592 1468 738 1533 fert,
773 1469 826 1521 in
856 1483 915 1523 se
940 1468 1169 1522 invicem
1207 1470 1671 1537 consurgentium.
1715 1468 1869 1534 Quod
1898 1469 1944 1524 si
1981 1468 2162 1525 furere

591 1558 812 1621 dicitur,
836 1568 888 1613 et
925 1557 1306 1613 amaritudinis
1328 1572 1468 1627 opus
1504 1557 1702 1622 facere,
1727 1574 1796 1613 ne
1820 1559 2026 1614 idcirco
2057 1558 2163 1614 Do-

592 1651 1226 1705 minumincuses:non
1286 1650 1430 1704 enim
1477 1649 1660 1706 furore
1705 1650 1941 1721 agitatur
1979 1651 2159 1718 Deus,

591 1758 714 1798 cum
748 1751 943 1796 natura
979 1742 1238 1798 immotus
1270 1750 1550 1798 remaneat
1591 1751 1646 1799 et
1688 1743 1903 1799 atl‘ectu.
1936 1743 2156 1799 Amari-

590 1835 833 1889 tudinem
862 1834 1079 1904 quidem
1134 1834 1227 1889 isti
1276 1836 1542 1901 sentient,
1592 1851 1716 1890 cum
1773 1837 2151 1908 corrigentur;
2190 1824 2235 1883 Β

590 1926 709 1997 ipse
758 1934 940 1981 autem
982 1925 1126 1981 Deus
1159 1927 1535 1982 misericordia
1584 1943 1679 1984 eos
1725 1938 1779 1983 et
1827 1929 2159 2000 benignitate

590 2017 852 2087 corrigit,
895 2024 953 2070 ut
990 2018 1168 2088 poenis
1205 2017 1476 2085 deterriti,
1512 2033 1610 2090 per
1646 2018 2021 2089 paenitentiam
2053 2021 2158 2076 sibi

590 2109 821 2164 salutem
844 2116 1159 2179 operentur.

660 2200 825 2256 Vens.
868 2201 959 2255 22.
996 2201 1186 2256 Sermo
1237 2201 1327 2256 hic
1374 2202 1440 2257 ad
1477 2201 1751 2258 lsraelitas
1784 2218 2003 2274 quoque
2035 2219 2159 2274 spe-

588 2299 717 2354 ctat,
743 2291 978 2346 maxime
1008 2306 1137 2345 vero
1169 2289 1233 2343 ad
1267 2298 1478 2361 gentes.
1518 2289 1794 2347 lsraelitas
1813 2293 2031 2362 quidem
2061 2292 2158 2346 ad-

590 2390 814 2447 monet,
860 2397 928 2437 ne
974 2390 1321 2451 peccatorum
1350 2385 1629 2454 voluptate
1661 2382 2047 2448 detineantur,
2091 2401 2158 2440 ne

588 2476 801 2532 delictis
828 2475 1205 2545 Opprimantur
1227 2515 1241 2538 ,
1273 2483 1367 2529 aut
1395 2477 1806 2543 devinciantur,
1844 2479 1939 2534 sed
1970 2478 2036 2534 ad
2067 2478 2155 2548 ju-
2190 2517 2208 2530 .

589 2569 791 2623 dicium
834 2583 994 2623 aures
1043 2566 1422 2632 intendentes,
1481 2569 1644 2623 saluti
1692 2586 1807 2625 suae
1847 2572 2153 2627 consulant.

588 2659 856 2716 Gentibus
886 2675 1013 2715 vero
1040 2659 1302 2725 declarat,
1329 2661 1445 2716 illis
1472 2677 1580 2717 non
1622 2677 1744 2718 esse
1777 2662 1845 2718 de
1876 2663 2152 2718 Israelita—

588 2769 710 2808 rum
744 2754 1025 2825 suppliciis
1072 2754 1360 2811 laetandum
1381 2797 1397 2823 ,
1432 2772 1555 2812 cum
1583 2763 1637 2812 et
1669 2755 1805 2827 ipsis
1833 2757 2155 2813 immineant

589 2862 761 2918 poena:
790 2862 885 2918 pro
910 2849 1150 2918 peccatis
1166 2848 1381 2905 debitae.

656 3029 786 3084 CAP.
817 3028 1006 3094 XXIX,
1037 3028 1202 3084 νεκς.
1245 3029 1333 3084 ιι.
1371 3029 1456 3085 Ab
1486 3012 1726 3101 Assyriis
1764 3044 1859 3086 eos
1903 3030 1960 3085 in
1984 3030 2157 3100 capti-

585 3125 804 3179 vitatem
856 3123 1202 3179 deducendos
1252 3138 1375 3178 esse
1425 3123 1659 3189 nuntiat,
1688 3122 1833 3194 quod
1892 3123 1948 3178 in
2004 3124 2153 3178 cultu

586 3214 680 3270 Dei
710 3231 1024 3286 permanere
1053 3217 1373 3280 noluerunt,
1430 3215 1496 3271 ad
1554 3216 1701 3271 idola
1747 3231 1876 3271 vero
1930 3214 2156 3272 deﬂexe-

586 3314 714 3360 runt
763 3305 1120 3371 Quamobrem
1153 3307 1267 3376 ipse
1312 3321 1407 3362 eos
1435 3305 1735 3361 transferre
1759 3322 1869 3361 non
1903 3306 2153 3372 dubitat,

586 3396 740 3467 quasi
769 3397 836 3452 de
868 3397 986 3453 loco
1021 3398 1075 3452 in
1118 3399 1284 3452 alium
1332 3398 1536 3465 locum,
1567 3413 1631 3453 ac
1661 3414 1726 3454 eo
1756 3399 1974 3472 quidem
2007 3415 2156 3454 sum-

585 3504 727 3542 mam
756 3489 1039 3559 prolitetur
1071 3489 1506 3545 misericordiam
1532 3507 1546 3558 ;
1572 3490 1772 3561 quippe
1801 3506 1943 3560 quos
1978 3491 2156 3561 patria

584 3595 780 3650 pravos
812 3581 1111 3650 praebuerat
1159 3580 1211 3634 in
1267 3580 1496 3635 alienam
1553 3587 1755 3635 terram
1790 3579 2154 3636 transferendi

584 3678 759 3737 erant,
790 3679 848 3725 ut
872 3670 1031 3736 forte,
1055 3671 1276 3727 mutatis
1296 3671 1451 3736 locis,
1487 3678 1836 3727 mutarentur
1864 3679 1919 3725 et
1943 3686 2143 3725 mores-

658 3848 821 3904 Vens.
872 3849 957 3901 17.
1010 3848 1262 3904 Chermel
1314 3863 1472 3904 mons
1525 3855 1647 3913 est,
1702 3847 1791 3903 cui
1847 3846 2150 3903 Jerusalem

585 3956 753 4010 prope
781 3941 1096 4011 subjacebat
1115 3980 1131 4005 ,
1182 3956 1340 4011 quem
1372 3940 1631 3996 Israelita:
1662 3941 1914 3997 colebant
1941 3960 1956 4010 ;
1985 3921 2157 4014 .Liba:

586 4048 716 4086 num
752 4048 880 4087 vero
913 4042 1152 4086 montem
1204 4034 1463 4088 tenebant
1493 4040 1702 4103 gentes.
1735 4031 1994 4088 Testatur
2021 4049 2154 4105 ergo

585 4122 676 4176 hic
708 4122 846 4178 Deus
874 4124 1039 4179 lsrael
1069 4124 1426 4195 rejicicndum
1452 4140 1575 4181 esse
1610 4134 1832 4197 propter
1864 4127 2149 4182 innumera

584 4220 804 4282 peccata
852 4222 905 4268 et
946 4215 1274 4284 impietatem
1318 4232 1493 4282 suam,
1529 4232 1593 4271 ac
1638 4218 1801 4274 unius
1830 4218 1949 4273 loco
1975 4218 2153 4288 gentis

584 4310 812 4359 cunctas
871 4314 1058 4375 gentes
1103 4307 1377 4377 eligendas
1434 4323 1557 4364 esse
1604 4320 1658 4364 et
1714 4324 1746 4363 a
1800 4309 1913 4364 Dco
1973 4310 2150 4365 susci-

583 4395 829 4466 piendas.

651 4487 815 4585 Vens.
848 4488 900 4543 8.
943 4487 1210 4585 Loquitur
1238 4497 1291 4544 et
1318 4490 1512 4585 iterum
1544 4491 1617 4564 (4)
1647 4491 1713 4548 de
1742 4494 1955 4564 signato
1987 4495 2147 4563 libro,
2177 4525 2229 4585 ο

582 4594 690 4647 quo
724 4577 1023 4634 Salvatoris
1074 4578 1365 4634 adventum
1415 4579 1611 4635 innuit.
1666 4602 1685 4635 ‹
1718 4583 1951 4641 Audient
1991 4587 2144 4642 surdi

582 4671 748 4726 verba
778 4672 936 4737 libri,
972 4691 990 4723 ι
1027 4673 1129 4727 hcc
1160 4681 1281 4737 est,
1323 4672 1414 4742 qui
1444 4688 1551 4728 non
1585 4686 1945 4732 occurrerunt
1971 4678 2140 4749 lapidi

584 4762 823 4817 scandali
843 4764 886 4829 ",
913 4765 1004 4834 qui
1037 4780 1144 4820 non
1180 4764 1568 4820 dubitaverunt
1594 4768 1796 4822 asta‘nti
1827 4769 2107 4838 signaculo
2127 4812 2143 4837 ,

581 4853 799 4909 Christo
850 4855 1078 4921 scilicet,
1128 4857 1370 4912 credere.
1412 4855 1549 4911 Nam
1600 4857 1657 4912 in
1693 4859 1931 4916 tenebris
1981 4869 2034 4916 et
2084 4861 2141 4916 in

580 4947 780 5002 nebulo
813 4947 1089 5018 degentes,
1131 4949 1185 5003 in
1213 4949 1592 5019 excipiendum
1623 4951 1921 5007 Salvatoris
1942 4953 2146 5008 adven-

578 5050 692 5094 tum
716 5039 1080 5109 prospicient;
1109 5051 1162 5096 et
1182 5042 1274 5112 qui
1304 5040 1493 5111 (Vens.
1522 5043 1608 5105 19)
1639 5044 1829 5115 inopes
1851 5044 2131 5111 dicuntur,

577 5131 1040 5203 perlapparentem
1073 5130 1349 5189 Christum
1375 5135 1697 5191 dilabuntur
1731 5155 1744 5191 :
1790 5152 1982 5193 omnes
2037 5139 2141 5192 im-

576 5225 866 5297 plebuntur
892 5223 1075 5279 laetitia
1106 5226 1417 5299 quicunque
1447 5228 1503 5283 in
1533 5244 1658 5284 eum
1691 5230 2046 5286 crediderint.

2269 547 2361 600 καὶ
2384 546 2461 618 τῷ
2486 547 2699 620 θανάτῳ
2728 548 3178 621 ὑποϐαλλόμενοι.

2335 640 2431 704 Et;
2486 640 2827 711 συμπάθειαν
2877 639 3250 712 ὲπικαμφθεὶς
3300 640 3328 694 ὁ
3379 646 3649 717 προφήτης,
3684 653 3752 707 καὶ

2266 728 2407 782 κατά
2426 729 2548 782 νοῦν
2570 728 2750 784 λαϐὼν
2774 730 2844 784 τὰ
2888 731 3148 803 μέλλοντα
3181 731 3371 795 αὐτοὺς
3395 735 3753 809 καταλήψεσθαι,

2269 819 2651 892 συμϐουλεύειν
2696 821 2965 895 προήχθη,
3023 823 3104 876 ὅτι
3144 822 3263 876 Κᾶν
3305 822 3395 877 νῦν
3444 827 3561 896 γοῦν
3590 832 3755 885 συνέσει

2265 913 2533 967 ἀκούσατε
2552 930 2565 943 ⁸
2615 914 2736 967 οὐδὲ
2796 914 2907 987 γὰρ
2958 911 3067 970 οἷόν
3116 915 3175 968 τέ
3224 918 3392 981 ἐστιν,
3440 920 3513 982 εἰς
3561 922 3758 977 τοσοῦτον

2267 1002 2424 1074 βυθὸν
2468 1005 2612 1075 ὑμᾶς
2652 1005 2836 1059 κακῶν
2876 1006 3233 1078 ἐμπεσόντας,
3271 1007 3363 1061 καὶ
3394 1015 3759 1084 στενοχωρουμέο

2264 1112 2389 1158 νους
2432 1097 2552 1159 ταῖς
2585 1098 2910 1167 συμφοραῖς,
2954 1096 3306 1151 ἀνθίστασθαι
3341 1097 3471 1169 Θεῷο
3508 1101 3645 1154 ὁπότε
3671 1104 3761 1158 οὐδὲ

2267 1186 2558 1258 ίσχύσομεν
2621 1189 2850 1252 ἑαυτοὺς
2913 1189 3137 1257 συνάξαι
3193 1188 3321 1242 ἄνευ
3375 1192 3470 1261 τῆς
3530 1193 3610 1246 τοῦ
3659 1195 3760 1249 Θεοῦ

2264 1279 2456 1351 ῥοπῆς-

2337 1372 2450 1443 Τὴν
2480 1371 2632 1444 παρά
2656 1372 2753 1426 τοῦ
2784 1373 2918 1427 Θεοῦ
2966 1373 3156 1445 ὀργὴν,
3210 1374 3288 1437 ὡς
3339 1376 3417 1439 είς
3450 1375 3562 1448 ὅρος
3600 1379 3763 1433 ἀσεϐῶν

2264 1464 2382 1518 κατ’
2426 1463 2605 1517 αὐτῶν
2651 1465 3003 1536 ἐπαγομένων
3045 1464 3228 1536 δηλοῖ-
3283 1465 3450 1536 θυμοῦ
3479 1467 3531 1520 δὲ
3580 1470 3762 1536 ἀκούων,

2263 1557 2356 1608 καὶ
2406 1555 2631 1627 πικρίαν
2684 1556 2852 1629 ὀργὴν
2912 1556 3018 1627 (5),
3060 1557 3133 1629 μὴ
3191 1556 3333 1610 κατά
3404 1558 3493 1611 τοῦ
3550 1562 3763 1616 Δεσπότου

2262 1652 2545 1724 γυμνάσῃς
2581 1649 2814 1723 μέμψιν·
2852 1650 2972 1704 οὐδὲ
3022 1649 3129 1721 γὰρ
3162 1649 3236 1713 ὡς
3268 1651 3326 1702 ἐν
3359 1649 3509 1721 θυμῷ
3545 1655 3762 1724 τραπήσε-

2262 1760 2348 1796 ται
2391 1742 2545 1806 Θεὸς,
2607 1742 2856 1813 μένοντος
2902 1739 3067 1794 αὑτοῦ
3118 1739 3386 1812 ἀτρέπτου
3430 1730 3585 1809 ,φύσει
3618 1761 3665 1796 τε
3698 1747 3765 1798 καὶ

2259 1831 2449 1904 γνώμῃ
2475 1850 2487 1862 ·
2536 1831 2654 1884 ἀλλ’
2712 1831 2796 1884 ὅτι
2843 1832 3064 1902 πικρίας
3102 1822 3248 1884 οὗτοι
3309 1830 3636 1902 αἰσθήσονται
3676 1851 3766 1887 παι-

2259 1920 2567 1991 δευόμενοι·
2597 1919 2684 1973 διὰ
2726 1918 2891 1990 φειδὼ
2929 1920 2985 1973 δὲ
3019 1921 3111 1972 καὶ
3137 1920 3535 1992 φιλανθρωπίαν
3568 1922 3646 1976 τοῦ
3668 1924 3766 1978 Θεοῦ

2258 2012 2601 2077 παιδεύοντος
2646 2011 2841 2077 αὐτούς
2866 2030 2880 2044 ·
2922 2013 3030 2078 ἵνα,
3080 2013 3435 2085 συσχεθέντες
3473 2018 3577 2080 τοῖς
3604 2015 3764 2081 δεινοῖς,

2257 2105 2345 2160 διὰ
2389 2105 2674 2177 μετανοίας
2716 2107 2927 2170 ἑαυτοῖς
2965 2106 3238 2179 σωτηρίαν
3283 2108 3766 2179 πραγματεύσωνται.

2344 2200 2594 2273 Ἀρμόζει
2621 2202 2649 2253 ό
2681 2200 2837 2270 λόγος
2870 2201 2965 2254 καὶ
3003 2199 3140 2271 πρὸς
3170 2201 3301 2265 τοὺς
3328 2201 3394 2255 ἐκ
3435 2200 3525 2254 τοῦ
3574 2202 3766 2274 Ἰσραήλ·

2257 2294 2317 2347 οὐ
2350 2293 2456 2364 μὴν
2486 2292 2623 2347 ἀλλὰ
2668 2293 2764 2346 καὶ
2807 2293 2940 2363 πρὸς
2977 2291 3044 2346 τὰ
3084 2291 3210 2364 έθνη
3231 2309 3246 2322 ·
3310 2294 3405 2369 καὶ
3441 2294 3529 2347 ἐπὶ
3577 2295 3660 2364 μὲν
3694 2293 3770 2347 τῶν

2270 2384 2615 2457 Ἰσραηλιτῶν
2644 2386 2719 2457 μὴ
2740 2386 3018 2456 ἐπιμένειν
3051 2387 3247 2450 αὐτοὺς
3291 2386 3631 2458 συμϐουλεύει
3651 2390 3704 2458 τῇ
3725 2389 3770 2439 ἐκ

2256 2476 2363 2530 τῶν
2393 2478 2803 2550 ἁμαρτημάτων
2834 2478 3016 2550 ἡδονῇ,
3051 2479 3186 2550 μηδὲ
3223 2479 3569 2549 ἑπισφίγγειν
3601 2480 3768 2541 ἑαυτοὺς

2256 2570 2374 2632 ταῖς
2410 2569 2722 2640 ἁμαρτίαις,
2775 2570 2907 2641 μηδὲ
2952 2569 3358 2642 ὲπιδεσμεύειν,
3406 2571 3535 2626 ἀλλὰ
3574 2570 3687 2645 πρὸς
3703 2571 3772 2642 τὴν

2257 2661 2427 2731 ἀκοὴν
2453 2663 2553 2733 τῆς
2593 2663 2827 2737 κρίσεως
2860 2662 3249 2729 συσταλέντας,
3284 2664 3596 2736 ἐπιμέλειαν
3617 2662 3773 2718 ἑαυτῶν

2258 2752 2590 2825 ποιήσασθαι
2617 2771 2629 2786 ι
2681 2755 2794 2818 τοῖς
2836 2752 2893 2806 δὲ
2936 2753 3165 2820 ἔθνεσιν,
3219 2754 3310 2808 ὅτι
3359 2755 3419 2809 οὐ
3472 2754 3573 2826 χρὴ
3616 2752 3775 2825 χαίρειν

2260 2847 2403 2918 ὑμᾶς
2436 2847 2528 2900 ἐπὶ
2572 2848 2636 2917 τῇ
2665 2845 2774 2899 τῶν
2814 2836 3488 2920 Ἰσραηλιτῶντιμωρίῳ
3528 2846 3777 2917 διαϐήσεται

2257 2940 2365 3011 γὰρ
2398 2943 2490 2995 καὶ
2520 2942 2601 3005 είς
2631 2941 2774 3012 ὑμᾶς
2799 2939 2868 2995 τὰ
2895 2942 2992 3014 τῆς
3020 2942 3213 3005 τίσεως
3250 2942 3663 3014 ἁμαρτάνοντας.

2329 3031 2439 3103 Τὴν
2467 3034 2548 3096 είς
2591 3032 2908 3105 Ἀσσυρίους
2935 3033 3323 3105 αἰχμαλωσίαν
3360 3033 3537 3088 αὐτῶν
3558 3032 3699 3104 δηλοῖ,
3726 3029 3778 3100 μὴ

2258 3121 2598 3193 θελησάντων
2658 3124 2836 3178 αὐτῶν
2900 3124 2999 3196 μὲν
3057 3126 3325 3198 ἐμμεῖναι
3385 3128 3496 3192 τοῖς
3549 3124 3633 3180 τοῦ
3681 3119 3778 3175 Θεοῦ

2259 3216 2663 3288 προστάγμασι,
2710 3215 3094 3287 μεταθεμένων
3135 3217 3191 3271 δὲ
3235 3220 3321 3283 είς
3368 3214 3778 3287 εἰδωλολατρείαν·

2256 3303 2375 3357 ὅθεν
2397 3305 2490 3358 καὶ
2520 3304 2845 3377 μεταθήσειν
2873 3306 3071 3370 αὐτοὺς
3096 3309 3125 3360 ὁ
3149 3306 3292 3371 Θεὸς
3315 3307 3481 3374 ἀξιοῖ,
3504 3306 3575 3370 ὡς
3608 3303 3694 3358 ἀπὸ
3715 3301 3779 3353 τό·

2257 3412 2356 3448 που
2417 3398 2497 3462 είς
2547 3397 2741 3451 τόπον
2790 3398 2884 3452 καὶ
2940 3397 3098 3452 τοῦτο
3170 3399 3521 3471 άγαθότητος
3567 3392 3779 3465 ὑπερὸολῇ

2257 3485 2458 3539 ποιῶν·
2507 3485 2601 3550 οὓς
2650 3487 2759 3560 γὰρ
2798 3489 3106 3560 μοχθηροὺς
3149 3488 3360 3557 ἔδειξεν
3403 3492 3439 3562 ἡ
3475 3489 3577 3561 γῆ,
3609 3484 3780 3540 ἀχόλω·

2257 3577 2347 3632 θον
2373 3577 2594 3644 τούτους
2623 3581 2703 3643 εἰς
2737 3583 2932 3653 έτέραν
2976 3582 3325 3654 μεταχθῆναι
3352 3584 3480 3655 γῆν,
3518 3582 3569 3634 εἴ
3599 3597 3681 3633 που
3704 3577 3783 3645 ἄρα

2255 3673 2320 3742 τῇ
2372 3670 2654 3742 μεταθέσει
2696 3672 2803 3726 τῶν
2854 3673 3033 3728 τόπων
3078 3674 3386 3746 ἀμείψουσι
3424 3676 3519 3729 καὶ
3554 3673 3660 3735 τοὺς
3690 3666 3782 3739 τρό-

2256 3779 2409 3828 πους.

2326 3859 2399 3913 Τὸ
2425 3860 2642 3933 Χερμὲλ
2670 3862 2794 3934 ὅρος
2822 3858 2889 3934 ἦν
2914 3864 3320 3935 προσκείμενον
3353 3869 3424 3938 τῇ
3466 3858 3787 3937 Ἰερουσαλὴμ-ν

2254 3953 2283 4006 ὃ
2307 3957 2556 4027 κατεῖχον
2576 3958 2626 4010 οί
2648 3958 2755 4011 υίοὶ
2798 3957 3011 4030 Ἰσραήλ
3031 3976 3045 3989 ·
3080 3962 3108 4012 ὁ
3146 3960 3204 4013 δὲ
3242 3962 3488 4025 Λίϐανος
3525 3960 3641 4031 ὅρος
3671 3953 3740 4028 ἦν,
3771 3953 3791 4005 δ

2254 4049 2499 4117 κατεῖχον
2527 4048 2594 4102 τά
2637 4048 2792 4119 ἔθνηο
2844 4050 2993 4121 δηλοῖ
3038 4050 3221 4105 τοίνυν
3273 4053 3374 4107 διὰ
3433 4053 3651 4115 τούτων,
3684 4045 3791 4113 ὡςδ

2267 4139 2479 4211 Ἰσραὴλ
2504 4141 2807 4214 ἀπόϐλητος
2829 4144 3069 4214 ἐγεγόνει
3091 4144 3177 4200 διὰ
3210 4145 3323 4210 τὰς
3353 4148 3466 4219 πλη
3476 4143 3792 4218 μμεληϐείσας

2253 4229 2430 4284 αὐτῶν
2464 4235 2804 4304 παρανομίας
2841 4236 2933 4289 καὶ
2962 4236 3215 4291 ἀσέϐειαν
3250 4240 3359 4310 τὴν
3400 4241 3482 4304 εἰς
3511 4238 3662 4292 Θεόν·
3692 4236 3792 4288 ἀντ-

2252 4321 2686 4394 εισενεχθήσεται
2719 4324 2777 4378 δὲ
2826 4327 2946 4380 ἀντὶ
2973 4327 3165 4381 τούτου
3208 4329 3314 4382 τοῦ
3350 4330 3543 4393 ἔθνους
3569 4328 3724 4381 πάντα
3748 4324 3795 4375 τὰ

2252 4410 2400 4483 ἔθνη,
2428 4414 2520 4467 καὶ
2548 4414 2988 4487 ἀντιδεχθήσεται
3014 4419 3161 4491 παρά
3193 4419 3297 4473 τοῦ
3323 4421 3491 4477 Θεοῦ.

2338 4503 2550 4573 ’Λνάγει
2586 4506 2679 4561 τὸν
2717 4507 2872 4576 λόγον
2906 4509 3001 4563 καὶ
3032 4506 3188 4574 αὖθις
3224 4513 3330 4565 ἐπὶ
3367 4513 3433 4566 τὸ
3471 4504 3797 4581 ἐσφραγισῴ-

2252 4610 2341 4647 νον
2376 4593 2598 4665 βιϐλίον,
2647 4598 2714 4650 δι’
2742 4591 2802 4652 οὗ
2827 4601 3080 4672 σημαίνει
3111 4603 3212 4675 τὴν
3263 4605 3366 4660 τοῦ
3401 4605 3649 4677 Σωτῆρος
3688 4613 3797 4668 παρ’

2251 4684 2468 4738 ουσίανο
2499 4704 2519 4737 ι
2559 4687 2906 4744 ’Λκούσονται
2938 4691 3048 4764 γὰρ
3080 4694 3262 4763 κωφοὶ
3305 4696 3512 4766 λόγους
3548 4693 3747 4765 βιϐλίου,
3782 4705 3795 4736 ι

2248 4774 2522 4830 τουτέστιν
2552 4779 2600 4830 οἱ
2635 4778 2709 4849 μὴ
2743 4780 3112 4850 προκόψαντες
3145 4783 3227 4854 τῷ
3259 4783 3408 4856 λίθῳ
3448 4782 3545 4838 τοῦ
3573 4777 3799 4853 προσκόμ-

2253 4882 2450 4936 ματοςο
2471 4869 2521 4922 oi
2546 4872 2612 4941 τῇ
2647 4872 2974 4946 ἐπικειμένῃ
3003 4875 3290 4944 σφραγῖδι,
3327 4878 3394 4940 ὃς
3426 4878 3545 4929 ἐστι
3588 4871 3797 4943 Χριστδςν

2253 4957 2328 5030 μὴ
2360 4963 2824 5031 προφασισάμενοι
2860 4963 3178 5017 πιστεῦσαι·
3206 4967 3264 5018 οἱ
3300 4967 3420 5039 γὰρ
3443 4969 3503 5021 ἐν
3544 4965 3709 5033 σκότῳ
3732 4956 3799 5014 καὶ

2248 5049 2439 5120 ἀγνοίᾳ
2477 5050 2752 5120 διάγοντες
2791 5054 3203 5126 ἀναϐλέψουσιν,
3262 5058 3445 5129 ἡνίκα
3479 5059 3546 5113 ἂν
3599 5056 3689 5126 τὴν
3731 5049 3798 5103 τοῦ

2248 5140 2497 5214 Σωτῆρος
2563 5145 2972 5216 παραδέξωνται
3027 5148 3376 5219 παρουσίαν·
3439 5149 3540 5206 καὶ
3592 5148 3640 5203 οἱ
3694 5160 3799 5197 mw

2248 5232 2495 5302 χεύοντες
2540 5237 2599 5289 ὲν
2637 5235 2714 5306 τῷ
2750 5235 2891 5308 λόγῳ
2933 5238 3308 5308 πλουτήσουσι
3350 5241 3449 5296 διὰ
3486 5242 3580 5296 τὸν
3617 5236 3797 5309 φανέντα

2162 5334 2187 5349 ·“
2248 5325 2509 5395 Χριστόν·
2546 5326 2640 5380 καὶ
2671 5330 2870 5392 πάντες
2905 5330 3249 5402 εὐφροσύνης
3285 5333 3735 5406 πληρωθήσονται
3765 5321 3798 5375 σί

647 5499 789 5570 ³⁷15³.
823 5530 941 5577 vm,
973 5515 1070 5582 ll;
1102 5516 1122 5571 l
1161 5514 1303 5571 Pctr.
1346 5536 1376 5581 ι,
1407 5520 1457 5577 8.

649 5668 722 5738 (5)
756 5667 915 5753 Forte
953 5673 1424 5753 legendiqnﬁupbv
1449 5675 1503 5728 δὲ
1535 5676 1745 5732 ἀκούων
1770 5682 1863 5734 καὶ
1894 5682 2122 5753 πικρίας

577 5738 757 5806 ἔργον,
799 5750 856 5794 ιιι
877 5738 1106 5797 innuunt
1135 5741 1295 5801 LXX.

2250 5417 2327 5478 είς
2356 5417 2516 5471 αὐτὸν
2549 5420 2948 5485 πιστεύσαντες.

2308 5682 2383 5765 (4)
2424 5681 2546 5741 Vid.
2575 5700 2771 5770 supra,
2804 5702 2950 5745 vers.
2982 5685 3071 5743 ll.
