4038 6288
275 324 407 382 ίόἓί

1703 317 1768 372 ΙΝ
1806 315 2061 371 ISAIAM.

3368 315 3392 367 i
3403 315 3508 369 522

332 443 524 513 Θλίψιν
549 442 779 498 ἐνταῦθα
805 442 952 512 λέγει
995 442 1093 514 τὴν
1135 441 1321 511 ἔφοδον
1350 440 1458 494 τῶν
1515 441 1836 512 ’Λσσυρίων,

2011 436 2138 490 Cap.
2173 435 2336 498 XXX,
2373 433 2534 490 Vens.
2566 435 2620 489 6.
2653 434 2753 489 Per
2782 432 3188 488 tribulationem
3219 429 3308 485 hic
3337 429 3506 502 Assy-

267 539 326 592 ἑν
421 534 763 606 συνεχόμενοι
813 535 913 600 τὰς
952 534 1282 605 ἀνηκέστους
1321 533 1592 604 ὑπέμενον
1633 548 1842 602 συμφο-

267 631 404 703 ράς·
439 627 663 692 τούτους
689 628 868 681 τοίνυν
907 625 994 680 διά
1016 626 1113 696 τὴν
1146 626 1435 680 κακόνοιαν
1478 623 1587 676 τῶν
1626 623 1843 694 τρόπων

264 720 371 773 καὶ
409 718 626 782 λέοντας
665 718 758 771 καὶ
806 716 1077 786 σκύμνους
1122 715 1347 768 λεόντων
1387 713 1573 767 ἐκάλει
1620 713 1716 767 καὶ
1754 711 1841 765 ἐκ·

261 827 406 882 γονα
449 809 709 866 ἀσπίδων.
755 811 964 880 Ὥσπερ
1009 805 1102 862 οὖν
1154 806 1301 860 καὶὸ
1337 805 1604 878 μακάριος
1666 804 1844 857 Ἰωάν-

257 919 390 975 νης,
423 903 452 954 ὁ
488 901 792 973 πρόδρομος
821 900 914 954 τοῦ
945 898 1214 970 ἡμετέρου
1249 897 1520 968 Σωτῆρος,
1553 895 1706 965 ὄφεις
1749 895 1842 948 καὶ

263 995 587 1064 γεννήματα
612 992 834 1062 ἐχιδνῶν
869 992 1083 1060 ἔλεγεν·
1118 991 1179 1043 οὐ
1227 989 1333 1061 μὴν
1374 988 1508 1042 ἀλλὰ
1559 989 1650 1042 κα)⁸
1687 988 1841 1040 ἵπποι

271 1083 599 1156 θηλυμανεῖς
653 1081 1010 1153 ἐγενήθησαν,
1059 1079 1154 1133 καὶ
1207 1081 1318 1141 τοῖς
1361 1077 1538 1140 ἄλλοις
1586 1075 1842 1145 ὀνόμασιν

271 1178 476 1243 ἐκάλει,
517 1176 732 1239 δεικνὺς
760 1175 856 1246 τὴν
879 1173 1101 1227 ἐκείνων
1146 1172 1345 1226 κακίαν
1369 1189 1381 1201 ·
1427 1170 1572 1224 οὓτω
1617 1168 1710 1222 καὶ
1747 1166 1842 1223 νῦν

273 1265 683 1340 χαρακτηρίζων
727 1264 904 1318 αὐτῶν
945 1265 1072 1325 τοὺς
1113 1262 1370 1334 τρόπους,
1416 1261 1583 1332 θηρία
1624 1261 1836 1328 ἐλεγενο

271 1360 480 1420 οἵτινες
536 1355 642 1409 ὑπὸ
687 1355 794 1408 τῶν
845 1353 1034 1407 δεινῶν
1087 1353 1450 1422 συνεχόμενοι,
1485 1352 1583 1404 οὐκ
1625 1351 1716 1402 ἐπὶ
1751 1350 1840 1402 τὸν

272 1447 404 1501 Θεὸν
427 1445 758 1515 κατέφευγον
783 1443 874 1497 τὸν
897 1423 1004 1496 τῶν
1032 1442 1211 1497 καλῶν
1241 1443 1429 1505 αἴτιον,
1459 1440 1557 1512 τὴν
1583 1439 1693 1494 τῶν
1715 1441 1842 1508 ἀγα-

273 1537 380 1590 θῶν
408 1537 618 1608 πηγήν·
656 1535 768 1588 ἀλλ’
803 1534 1080 1598 ἐπιθέντες
1124 1534 1214 1588 ἐπὶ
1243 1533 1395 1595 ὅνους
1434 1533 1528 1586 καὶ
1563 1531 1841 1602 καμήλους

271 1630 362 1682 τὸν
408 1627 613 1682 ἑαυτῶν
677 1627 934 1691 πλοῦτον,
983 1625 1273 1697 πρεσϐείαν
1330 1625 1466 1697 πρὸς
1513 1624 1840 1694 Αἰγυπτίους

269 1721 710 1777 ἀποστέλλουσιν.

339 1855 534 1910 Φθάνει
567 1853 698 1916 Θεὸς
721 1851 816 1905 καὶ
845 1848 950 1921 πρὸ
977 1849 1076 1919 τῆς
1111 1846 1218 1901 τῶν
1259 1863 1597 1918 πραγματων
1641 1848 1838 1919 πείρας

265 1946 731 2019 διαμαρτύρεσθαι
760 1945 850 1999 τὸν
888 1944 1192 2014 προφήτην,
1241 1940 1315 2004 ὡς
1342 1941 1491 1995 οὐδὲν
1535 1942 1717 2012 ὀνήσει
1745 1941 1842 1994 αύ-

264 2042 387 2104 τοὺς
429 2041 464 2111 ἡ
505 2037 818 2092 ἑλπισθεῖσα
856 2034 984 2105 παρ’
1037 2033 1215 2088 αὐτῶν
1253 2031 1566 2104 ἀνθρωπίνη
1602 2030 1839 2103 βοήθεια,

261 2133 336 2186 ὅτ’
369 2132 445 2186 ἂν
493 2130 703 2203 ἀπείπῃ
749 2129 784 2198 ὴ
829 2125 923 2179 τοῦ
966 2123 1100 2178 Θεοῦ
1152 2124 1312 2195 ῥοπή.
1352 2155 1422 2164 —
1453 2123 1563 2176 Καὶ
1612 2121 1842 2176 ἐνταῦθα

259 2223 441 2295 πολλὴ
470 2225 504 2294 ή
530 2221 624 2275 τοῦ
656 2219 790 2274 Θεοῦ
817 2217 1084 2288 ἀγαθότης
1120 2215 1415 2286 μηνύεται·
1473 2215 1690 2286 Ἐπειδὴ
1712 2213 1841 2286 γὰρ,

258 2317 410 2387 φησὶ,
462 2315 618 2382 λόγος
653 2312 713 2365 οὐ
753 2310 1003 2364 τοσοῦτον
1035 2307 1369 2361 καθικνεῖται
1411 2307 1519 2360 τῶν
1562 2306 1842 2361 νουθετου-

260 2410 450 2481 μένων
497 2407 572 2471 ὡς
618 2404 891 2476 ἔγγραφος
943 2401 1113 2473 φωνὴ,
1162 2400 1451 2472 ἐγγράφως
1495 2401 1690 2464 αὐτοὺς
1730 2400 1844 2453 δια-

258 2499 608 2572 μαρτύρεται
642 2497 868 2569 γράφων
910 2494 978 2548 τὰ
1015 2493 1272 2564 μέλλοντα
1312 2493 1506 2556 αὐτοὺς
1547 2490 1847 2562 καταλήψε-

255 2592 378 2648 σθαι
401 2593 499 2654 ei;
525 2588 714 2656 πυξίον
747 2586 838 2641 καὶ¹
869 2586 948 2649 εἰς
979 2583 1200 2654 βιϐλίον.

347 2723 576 2794 Ἐπειδὴ
605 2723 714 2795 γὰρ
757 2721 853 2776 καὶ
902 2719 1038 2791 μετά
1065 2719 1162 2792 τὴν
1203 2720 1406 2773 τούτων
1450 2717 1842 2789 προαγόρευσιν

272 2819 384 2884 τοῖς
438 2820 622 2883 αὐτοῖς
679 2817 1023 2888 ἐπεμείνατε,
1076 2816 1212 2886 μήτε
1261 2814 1354 2883 ἀφ’
1413 2813 1618 2866 ἑαυτῶν
1674 2830 1842 2867 κατα-

272 2911 565 2982 νοήσαντες
591 2909 658 2963 τά
703 2908 1068 2980 συμφέροντα,
1111 2907 1245 2977 μήτε
1293 2904 1445 2976 παρά
1481 2904 1593 2959 τῶν
1627 2921 1837 2976 προφη-

268 2998 381 3052 τῶν
438 2999 762 3069 θελήσαντες
820 2996 1213 3069 όμματωθῆναι
1261 2998 1342 3060 εἰς
1386 2995 1638 3067 θεωρίαν,
1707 3013 1838 3049 κατ-

270 3089 534 3160 εδράμετε
573 3091 628 3143 δὲ
665 3092 742 3154 είς
774 3089 1045 3158 Αἴγυπτον
1077 3088 1151 3152 ὼς
1183 3089 1260 3151 είς
1305 3087 1526 3158 ἰσχυρὰν
1566 3086 1837 3157 βοήθειαν’

269 3181 358 3234 διὰ
389 3181 548 3235 τοῦτο
579 3183 672 3236 καὶ
725 3181 792 3234 τὰ
843 3184 960 3236 κατ’
1011 3181 1280 3248 Αἴγυπτον
1315 3179 1583 3234 ἀκούσατε
1607 3195 1620 3209 ·
1658 3181 1692 3250 ή
1731 3178 1838 3250 γὰρ

269 3274 587 3328 ἐλπισθεῖσα
633 3276 764 3346 παρ’
792 3274 944 3346 ὑμῶν
985 3274 1166 3344 ἄμυνά
1211 3289 1269 3326 τε
1319 3273 1412 3326 καὶ⁵
1441 3271 1658 3343 βοήθεια
1683 3273 1840 3342 γενή-

273 3365 460 3421 σεσθαι
525 3367 651 3437 ύμῖν
711 3365 882 3430 οὕτως
924 3366 1073 3420 ἔσται
1125 3365 1374 3434 ἀσθενὴς,
1435 3364 1622 3436 ὥσπερ
1647 3362 1842 3432 τεῖχος

269 3457 506 3521 πόλεως
533 3458 752 3510 πίπτων
775 3457 1154 3527 παραχρῆμα.

340 3593 450 3663 Οὐχ
484 3592 515 3644 ὁ
554 3591 866 3655 ἐπιπόλαιος
895 3592 1194 3663 στεναγμὸς
1229 3592 1322 3644 καὶ
1355 3594 1388 3662 ή
1423 3591 1515 3644 τοῦ
1550 3589 1838 3663 προσώπου

267 3681 591 3752 ἀποστροφὴ
637 3681 894 3750 ὀνίνησιν,
934 3681 1047 3733 ἀλλ’
1092 3683 1124 3751 ή
1165 3682 1272 3733 τῶν
1313 3680 1530 3752 τρόπων
1573 3678 1840 3750 μεταϐολὴ

269 3771 363 3823 καὶ
421 3773 448 3843 ή
513 3769 620 3824 τῶν
674 3771 1086 3841 ἁμαρτημάτων
1157 3769 1500 3840 ἀναχώρησις
1571 3771 1841 3840 σωτηρίαν

267 3862 744 3934 πραγματεύεται.
787 3891 833 3900 -
867 3861 978 3932 Τὴν
1025 3860 1162 3934 μετὰ
1207 3863 1306 3930 τὴν
1350 3860 1694 3932 ἀναχώρησιν
1731 3859 1840 3913 τῶν

269 3954 687 4026 ἁμαρτημάτων
751 3953 996 4025 καθαρὰν
1040 3953 1388 4024 συναίσθησιν
1435 3952 1665 4022 φάσκειο
1720 3950 1840 4005 τότε

263 4047 372 4118 γάρ
419 4064 517 4110 τις
561 4045 888 4116 ἐπιγνώμων
935 4044 1126 4098 ἑαυτοῦ
1183 4045 1414 4116 ἀκριϐὴς
1440 4044 1610 4107 ἔσται,
1649 4044 1724 4097 ὅτ’
1751 4043 1838 4110 ἂν,

265 4135 454 4209 ῶσπερ
485 4136 647 4191 νόσου
677 4136 820 4198 τινὸς
849 4134 948 4206 τῆς
982 4135 1173 4206 ἡδονῆς
1197 4153 1258 4188 τε
1287 4136 1380 4190 καὶ
1402 4135 1839 4206 είδωλολατρείας

272 4228 630 4299 ἀπαλλαγεὶς,
684 4226 1062 4298 καθαρώτερον
1095 4227 1162 4281 τά
1195 4228 1299 4298 πρὸ
1341 4227 1528 4282 τούτου
1561 4227 1710 4298 αὐτῷ
1748 4244 1842 4281 πε-

274 4316 715 4390 πλημμελημένα
732 4318 826 4372 καὶ
849 4317 1163 4389 ἠσεϐημένα
1191 4317 1411 4371 κατίδοι.

345 4431 454 4503 Τὴν
483 4435 564 4496 είς
608 4432 756 4486 οὐδὲν
807 4432 996 4503 ὄφελος
1027 4433 1212 4496 ἀὐτοῖς
1261 4431 1549 4502 κληθεῖσαν
1593 4431 1840 4504 βοήθειαν

1943 529 2148 583 riorum
2188 528 2444 583 incursus
2479 526 2741 592 intendit,
2783 525 2986 595 quibus
3012 522 3261 594 oppressi
3285 523 3504 594 gravis-

1943 619 2111 675 simas
2137 619 2475 674 calamitates
2499 618 2861 688 pertulerunt.
2892 617 3045 686 ipsos
3069 615 3255 686 igitur,
3287 623 3508 687 propter

1942 725 2153 766 morum
2201 697 2555 782 pravitatem,
2613 719 2666 766 et
2715 710 2902 766 leones
2949 718 3138 771 vocat,
3187 715 3242 762 et
3285 708 3498 762 catulos

1941 804 2158 858 leonum
2180 842 2194 866 ,
2233 811 2287 858 et
2319 803 2593 874 genimina
2623 803 2894 874 aspidum.
2929 803 3002 857 Ita
3033 811 3087 857 et
3117 804 3308 858 beatus
3339 803 3505 858 Joan-

1943 911 2060 960 nes,
2095 895 2392 951 Salvatoris
2424 896 2596 951 nostri
2629 911 2954 967 praecursor,
2987 895 3204 950 Iudaeos
3229 907 3504 966 serpentes

1941 986 2094 1052 dicit,
2125 995 2178 1042 et
2210 986 2483 1058 genimina
2510 987 2816 1057 viperarum
2836 987 2879 1040 ⁸.
2913 985 3048 1058 (Ubi
3073 987 3224 1041 verba
3260 986 3369 1041 ha’c
3403 1002 3506 1040 non

1941 1098 1974 1135 a
2016 1080 2225 1136 Joanne
2256 1080 2344 1136 sed
2401 1081 2464 1136 ab
2517 1082 2629 1150 ipso
2685 1081 2897 1136 Christo
2949 1081 3318 1150 usurpantur.)
3360 1078 3506 1134 Prte-

1942 1175 2127 1228 sertim
2157 1189 2287 1230 vero
2326 1175 2600 1230 libidinosi
2644 1175 2769 1244 equi
2801 1173 3153 1238 exstiterant,
3187 1181 3240 1228 et
3277 1173 3382 1226 alia
3406 1187 3506 1226 no-

1941 1267 2085 1320 mina
2117 1267 2544 1335 usurpabantur,
2587 1267 2787 1338 quibus
2829 1267 3138 1322 declaretur
3169 1281 3357 1321 eorum
3388 1279 3506 1318 ma-

1941 1357 2078 1412 litia.
2129 1355 2222 1411 Sic
2272 1365 2326 1412 et
2359 1373 2507 1412 nunc
2556 1372 2736 1412 mores
2782 1372 2972 1412 eorum
3021 1355 3319 1419 deﬁniens,
3359 1353 3504 1410 feras

1939 1464 2033 1504 eos
2057 1457 2217 1503 vocat
2244 1449 2337 1518 qui
2368 1447 2776 1502 calamitatibus
2807 1447 3074 1517 oppressi,
3108 1460 3217 1500 non
3242 1445 3311 1500 ad
3334 1443 3502 1499 Deum

1940 1539 2328 1611 confugerunt,
2353 1541 2484 1594 doni
2511 1540 2777 1610 cujusque
2805 1547 3104 1604 auctorem,
3129 1539 3505 1607 honorumque

1941 1629 2180 1697 fontem;
2229 1631 2322 1686 sed
2374 1631 2429 1685 in
2483 1631 2669 1686 asinos
2718 1638 2773 1685 et
2823 1630 3062 1685 camelos
3109 1628 3328 1685 divitias
3377 1642 3502 1684 suas

1941 1727 2298 1797 imponentes,
2317 1726 2638 1796 legationem
2666 1725 2736 1782 ad
2768 1725 3050 1798 :Egyptios
3081 1726 3361 1781 miserunt.

2013 1837 2177 1894 Vens.
2207 1839 2259 1894 8.
2289 1837 2594 1895 Confestim
2619 1847 2674 1896 et
2700 1849 2991 1911 antequam
3019 1855 3110 1896 res
3138 1848 3334 1896 eventu
3355 1853 3504 1895 com-

1942 1933 2221 2004 probetur,
2252 1933 2404 2004 jubet
2448 1933 2610 1999 Deus,
2656 1941 2891 1989 testante
2930 1934 3227 2004 propheta,
3259 1933 3395 1987 nihil
3422 1931 3503 1988 eis

1943 2025 2310 2097 profecturum
2339 2027 2620 2093 auxilium,
2639 2027 2780 2098 quod
2812 2027 2881 2082 ab
2909 2025 3218 2081 hominibus
3248 2025 3350 2082 sibi
3378 2039 3504 2096 spe-

1945 2126 2220 2183 raverunt,
2249 2118 2339 2173 ubi
2368 2118 2509 2174 Deus
2537 2134 2693 2188 Opem
2729 2118 3096 2190 denegaverit.
3125 2117 3502 2174 —Commen-

1917 2211 2106 2265 -datur
2151 2226 2369 2281 quoque
2409 2211 2499 2265 hic
2551 2225 2745 2283 magna
2787 2210 2882 2266 Dei
2932 2211 3344 2278 misericordia;
3378 2226 3502 2266 cum

1943 2303 2086 2358 enim
2109 2343 2123 2368 ,
2161 2303 2373 2373 inquit,
2409 2319 2514 2358 vox
2551 2319 2661 2359 non
2703 2310 2914 2358 tantum
2951 2304 3128 2359 valeat
3166 2303 3233 2358 ad
3258 2318 3502 2358 commo-

1943 2394 2150 2450 vendos
2183 2396 2396 2450 animos
2417 2434 2432 2459 ,
2479 2403 2744 2466 quantum
2775 2395 3122 2466 conscriptus
3154 2409 3366 2462 sermo,
3407 2411 3503 2466 per

1943 2485 2146 2555 scripta
2187 2498 2283 2540 eos
2325 2494 2633 2541 commonet
2663 2494 2718 2540 et
2748 2484 3094 2541 imminentes
3121 2483 3256 2556 ipsis
3282 2485 3504 2540 calami-

1944 2585 2083 2633 tates
2116 2593 2282 2648 super
2311 2577 2516 2633 buxum
2541 2585 2596 2634 et
2625 2579 2683 2633 in
2706 2578 2848 2634 libro
2873 2577 3154 2634 describit.

2013 2713 2181 2771 Vatis.
2216 2715 2303 2770 i2.
2334 2713 2584 2782 Quando,
2617 2715 2701 2770 his
2730 2715 3025 2786 praedictis,
3058 2715 3418 2770 nihilominus
3447 2714 3502 2769 in

1943 2806 2133 2862 iisdem
2165 2808 2556 2878 perseverastis
2576 2849 2590 2875 ,
2621 2824 2722 2865 nec
2757 2816 2952 2880 sponte
2985 2808 3141 2863 utilia
3174 2810 3500 2873 sentientes,

1943 2915 2042 2955 nec
2075 2901 2222 2970 passi
2271 2917 2370 2957 vos
2409 2917 2506 2973 per
2550 2902 2937 2973 prophetarum
2977 2901 3212 2956 visiones
3254 2901 3499 2965 edoceri;

1943 2992 2009 3047 ad
2059 2992 2342 3065 JEgyptios
2395 3010 2522 3050 vero
2573 2993 2934 3066 confugistis,
2981 2994 3128 3049 velut
3172 2994 3237 3048 ad
3290 2993 3502 3048 tirmum

1945 3085 2239 3154 auxilium;
2273 3086 2476 3142 idcirco
2502 3094 2555 3142 et
2579 3083 2954 3159 JEgyptioi‘um
2993 3087 3101 3140 fata
3133 3087 3334 3142 audite.
3364 3086 3504 3142 Ecce

1945 3177 2230 3247 imperium
2274 3178 2406 3232 illud
2438 3193 2470 3232 a
2494 3194 2602 3248 quo
2633 3179 2954 3234 muniendos
2989 3195 3085 3234 vos
3125 3179 3504 3250 juvandosque

1945 3268 2263 3338 speravistis
2288 3309 2302 3333 ,
2337 3278 2446 3323 tam
2481 3268 2644 3323 inane
2665 3269 2807 3335 erit,
2842 3284 3005 3339 quatn
3055 3285 3235 3323 murus
3261 3269 3502 3324 decidens

1944 3363 2118 3415 subito
2152 3361 2378 3415 civitatis
2415 3358 2605 3432 (Vens.
2636 3361 2744 3431 15).

2013 3581 2181 3638 Vens.
2218 3583 2305 3637 15.
2352 3582 2472 3638 Non
2505 3583 2772 3638 clamores
2788 3584 2886 3639 tibi
2919 3583 3239 3655 proderunt,
3271 3600 3373 3643 nec
3408 3603 3502 3658 ge-

1943 3679 2131 3741 mitus,
2162 3691 2263 3732 nec
2292 3679 2404 3731 oris
2433 3676 2740 3731 immutatio
2763 3719 2778 3744 ,
2808 3677 2902 3732 sed
2933 3679 3214 3734 conversis
3236 3680 3499 3746 moribus,

1942 3770 2200 3825 derelicta
2234 3777 2580 3840 peccatorum
2612 3771 2698 3824 via
2717 3811 2734 3837 ,
2765 3771 2998 3825 salutem
3039 3775 3409 3844 consequeris.
3435 3805 3501 3819 —-

1944 3861 2264 3934 Repudiatis
2288 3863 2550 3934 peccatis,
2575 3872 2720 3920 recte
2745 3863 2875 3918 dicit
2896 3873 3132 3919 mentem
3164 3865 3460 3920 illuminari
3484 3885 3498 3933 ;

1943 3972 2066 4012 nam
2112 3964 2242 4012 tunc
2270 3964 2561 4012 accuratus
2588 3957 2700 4012 eris
2735 3957 2812 4011 tui
2848 3958 3020 4028 ipsius
3058 3958 3258 4028 judex,
3309 3976 3431 4013 cum
3471 3975 3501 4012 a

1942 4049 2306 4120 cupiditatum
2355 4049 2585 4119 imperio
2623 4057 2678 4104 et
2725 4049 2992 4104 idolorum
3048 4051 3229 4115 cultu,
3275 4052 3421 4107 velut
3472 4070 3501 4106 ιι

1940 4141 2132 4196 morbo
2183 4141 2477 4206 liberatus,
2532 4141 2727 4196 melius
2754 4156 2816 4196 ea
2843 4141 3136 4212 perspicies
3178 4157 3299 4213 quae
3351 4145 3500 4214 prius

1942 4233 2059 4304 ipse
2091 4233 2394 4305 neglexeris
2422 4242 2476 4289 et
2502 4234 2816 4306 deliqueris.

2015 4435 2180 4490 Vens.
2213 4435 2302 4490 16.
2351 4435 2604 4490 Prtedicit
2650 4436 2788 4491 nihil
2819 4436 2900 4493 eis
2947 4438 3310 4508 profecturam
3339 4456 3502 4511 quam

271 4524 671 4596 προαγορεύει·
707 4524 820 4578 ἀλλ’
865 4527 930 4578 ἐκ
973 4525 1065 4579 τοῦ
1113 4525 1350 4579 ἐναντίου
1401 4525 1609 4594 ἑφόδιον
1660 4525 1840 4588 αὐτοῖς

1945 4528 2304 4599 implorabant
2341 4541 2498 4598 Opem
2541 4547 2556 4582 :
2609 4528 2854 4598 quinimo
2887 4531 3154 4584 malorum
3185 4531 3388 4586 fontem
3421 4532 3504 4586 fu-

273 4615 462 4670 κακῶν
493 4617 810 4688 γενομένην,
851 4617 1038 4689 ὥσπερ
1072 4618 1158 4670 ἐπ’
1190 4619 1399 4671 ἐκείνου
1432 4616 1842 4688 καταφευξόμε-

272 4723 374 4770 νοι,
410 4713 521 4776 τοῖς
572 4728 631 4764 τε
686 4710 872 4774 ἵπποις
913 4711 1119 4764 ἑαυτῶν
1160 4712 1482 4784 χρησόμενοι
1514 4713 1593 4774 εἰς
1645 4711 1843 4780 φυγὴν,

274 4796 466 4869 ἔμενον
510 4802 775 4856 ἀνένδοτοι
827 4802 922 4855 καὶ
976 4803 1194 4874 ἀνήκοοι
1242 4805 1377 4875 πρὸς
1422 4804 1492 4857 τὰ
1541 4804 1693 4875 παρὰ
1736 4805 1844 4859 τῶν

275 4894 571 4964 προφητῶν
599 4894 889 4966 λεγόμενα’
929 4893 1050 4948 ὅθεν
1082 4893 1374 4962 γνώσεσθε,
1411 4895 1488 4958 ὡς
1519 4897 1715 4950 ἐκεῖνοι
1744 4899 1843 4950 αύ-

273 4982 429 5034 τοὶοί
476 4985 560 5053 ἐφ’
596 4986 738 5055 ὑμᾶς
792 4983 1023 5048 ἐξιόντες
1067 4983 1350 5055 ταχύτεροι
1394 4986 1486 5037 καὶ
1528 4989 1843 5058 κουφότεροι

275 5070 508 5139 ἔσονται,
543 5077 791 5148 σύνθημα
829 5079 1225 5149 συγχωρήσεως
1261 5076 1412 5149 παρά
1441 5077 1534 5130 τοῦ
1570 5078 1678 5132 τῶν
1708 5080 1843 5132 ὅλων

272 5163 406 5217 Θεοῦ
443 5167 758 5240 δεξάμενον
804 5170 960 5240 ὑμεῖς
1009 5170 1066 5223 δέ
1114 5169 1284 5240 δειλίᾳ
1336 5169 1838 5242 κατασχεθήσεσθεο

269 5252 442 5322 τόλμα
474 5258 585 5330 γὰρ
614 5263 705 5314 καὶ
732 5261 903 5315 δειλία
925 5263 1054 5332 παρ’
1093 5261 1256 5314 αὑτοῦ
1281 5261 1734 5334 χορηγηθήσεται.

336 5367 490 5421 Μετὰ
517 5375 722 5437 τοίνυν,
751 5375 901 5444 φησὶ,
927 5374 995 5428 τὰ
1017 5374 1381 5446 ἀπειλούμενα
1406 5374 1677 5440 ἐκδέξεται
1701 5377 1842 5447 ὑμᾶς

269 5457 299 5510 ὁ
331 5458 482 5524 Θεὸς,
516 5466 616 5518 καὶ
661 5468 920 5537 ἀναμενεί
955 5470 1034 5531 είς
1055 5464 1255 5528 οἶκτον,
1289 5469 1380 5523 ἐάν
1424 5486 1529 5542 περ
1583 5473 1841 5540 μετανοή-

274 5563 404 5620 σητε
426 5568 438 5582 ·
469 5555 518 5606 εἰ
545 5555 600 5609 δὲ
647 5559 950 5628 ἑπιμενεῖτε
986 5562 1052 5630 τῇ
1097 5558 1303 5613 ἑαυτῶν
1331 5560 1515 5633 κακίᾳ,
1562 5562 1840 5633 ἀσυγγνώ-

348 5707 578 5770 ‘Matth.
624 5735 710 5781 ιιι,
747 5719 941 5784 7;xtt,
972 5720 1058 5786 ὄις
1091 5737 1249 5786 mit,
1285 5723 1373 5778 53.

551 5813 822 5874 Parnm.
856 5817 972 5876 (in.
1001 5815 1231 5880 XVIII.

1941 4630 2120 4676 turam
2143 4661 2156 4687 ,
2197 4619 2342 4690 quod
2374 4621 2430 4674 in
2460 4635 2578 4676 eam
2613 4621 2803 4676 conﬁsi
2839 4629 2892 4677 et
2916 4624 3074 4692 quasi
3104 4624 3260 4693 equis
3287 4627 3404 4680 suis
3435 4626 3503 4678 ad

1942 4715 2124 4788 fugam
2149 4715 2300 4769 usuri
2321 4753 2335 4776 ,
2375 4713 2608 4768 indocile
2636 4723 2690 4768 et
2719 4715 3024 4768 contumaci
3059 4716 3241 4770 animo
3270 4717 3504 4787 prophe-

1943 4817 2123 4863 tarum
2171 4809 2334 4864 verba
2379 4807 2747 4862 fastidierunt.
2800 4806 2927 4861 Ideo
2975 4809 3318 4878 cognoscetis
3364 4811 3504 4866 celeo

1944 4902 2118 4956 riores
2165 4901 2378 4955 futuros
2411 4909 2466 4955 et
2507 4900 2771 4962 leviores,
2813 4900 2908 4969 qui
2938 4917 3035 4956 vos
3069 4913 3503 4973 persequentur;

1945 4991 2062 5062 ipse
2106 4991 2252 5046 enim
2296 5005 2390 5046 eos
2434 4991 2643 5059 juvabit
2691 5006 2976 5060 supremus
3026 5008 3206 5048 rerum
3263 4996 3503 5050 omnium

1947 5082 2244 5148 Dominus,
2293 5097 2391 5136 vos
2435 5090 2614 5136 autem
2651 5083 2867 5138 invadet
2913 5093 3124 5151 metus;
3191 5103 3317 5142 nam
3364 5086 3503 5142 Deus

1947 5175 2176 5237 animos,
2202 5179 2359 5242 prout
2390 5172 2626 5237 libuerit,
2656 5173 2824 5244 eriget
2851 5182 2944 5228 aut
2975 5176 3258 5246 deprimet.

2017 5377 2185 5435 Vens.
2221 5379 2306 5435 i8.
2357 5379 2644 5437 lntentatis
2688 5383 2852 5452 igitur
2883 5385 3084 5447 minis,
3130 5385 3362 5455 excipiet
3408 5400 3502 5439 vos

1949 5471 2093 5527 Deus
2116 5512 2133 5535 ,
2171 5473 2380 5544 inquit,
2415 5482 2468 5528 et
2499 5476 2876 5532 misericordia
2925 5477 3128 5532 fovebit
3170 5477 3299 5532 dum
3331 5479 3479 5549 poeni

1949 5566 2172 5622 tentiam
2207 5567 2463 5641 egeritis;
2498 5570 2644 5640 quod
2690 5569 2734 5626 si
2781 5579 2957 5625 autem
2993 5571 3046 5624 in
3079 5571 3281 5626 malitia
3323 5586 3497 5642 ρει-εθ-

3193 5820 3267 5881 Ιιί).
