4038 6288
628 277 764 330 1525

1815 275 2163 335 THEODORI
2203 276 2716 334 HERACLEENSIS

3645 307 3743 366 1524

624 391 942 448 veraveritis
986 398 1195 456 vestra,
1251 389 1752 445 nornisericorditer
1817 393 2022 450 meritis
2080 409 2164 449 vos

2237 424 2250 454 ι
2281 411 2423 488 στως.
2449 395 2504 446 ἐν
2529 396 2592 488 τῇ
2603 392 2802 488 ῌκρίσει
2823 391 2927 488 τιῖιν
2951 395 3076 488 ὑμῖν
3106 396 3501 488 έτοιμασῡέντων
3527 409 3747 488 ἐκδέξησθε

625 484 803 556 panis
832 483 1022 537 alliciet
1049 501 1061 536 :
1092 480 1261 561 Judex
1290 481 1433 535 enim
1464 481 1703 536 omnium
1738 480 1897 538 Deus.

698 666 861 720 Vens.
897 665 984 722 l9.
1035 663 1266 718 Sanctos
1300 670 1459 717 vocat
1500 661 1622 716 illos
1662 662 1754 730 qui
1789 675 1883 729 per
1916 660 2182 729 paeniten-

626 761 757 813 tiam
808 757 1149 812 sanctitatem
1199 755 1301 809 sibi
1331 761 1814 822 comparaverunt.
1874 750 2180 805 Plorantem

619 850 920 907 Jerusalem
947 848 1098 918 ﬁngit
1123 847 1404 917 propheta,
1439 845 1581 917 quod
1609 859 1726 899 eam
1759 843 1936 913 reipsa
1967 843 2180 912 plorare

621 942 934 998 misericors
967 941 1181 994 animus
1212 944 1443 995 ootaret.

690 1056 856 1111 Vens.
884 1055 974 1108 20.
1008 1055 1328 1113 Jerusalem,
1361 1050 1444 1104 vel
1473 1048 1537 1103 ad
1572 1057 1782 1118 tempus
1809 1047 1973 1101 breve
1999 1044 2176 1098 tribu-

619 1148 916 1205 lationibus
958 1145 1185 1208 amicta,
1230 1151 1286 1198 te
1317 1142 1604 1211 {intelligas
1646 1139 1752 1193 Deo
1801 1140 2030 1192 alienam
2057 1149 2178 1190 csse

621 1241 854 1304 factam;
891 1238 956 1291 de
987 1251 1094 1306 quo
1121 1235 1212 1289 ubi
1247 1233 1424 1304 egeris
1454 1229 1830 1301 paenitentiam
1859 1267 1873 1292 ,
1905 1227 1972 1280 ab
2001 1226 2177 1280 homi-

621 1333 783 1387 nibus
813 1328 1134 1384 liberaberis
1169 1325 1262 1398 qui
1297 1336 1349 1382 te
1374 1325 1670 1395 decipiunt.

624 1420 628 1431 λ
690 1447 854 1501 Vens.
886 1430 997 1499 2L.
1028 1443 1300 1497 llluminat
1341 1440 1637 1496 Jerusalem
1688 1435 1754 1490 ad
1802 1431 2176 1505 agnoscendos

619 1552 866 1602 errores;
915 1533 1187 1591 vaticiniis
1245 1533 1392 1585 enim
1453 1529 1651 1584 ﬁdebat
1702 1541 1799 1597 per
1859 1525 2175 1592 deceptores

620 1629 867 1700 prolatis.
901 1627 1035 1681 Cum
1068 1627 1152 1679 via
1195 1624 1261 1677 ad
1287 1624 1560 1678 dexteram
1595 1620 1692 1674 tibi
1731 1625 1908 1680 esset,
1941 1617 2008 1670 ad
2038 1617 2206 1670 sini-'

621 1729 788 1775 stram
849 1719 1150 1782 dellexisti,
1201 1719 1282 1788 ab}
1328 1717 1448 1771 istis
1501 1713 1752 1776 seducta,
1803 1709 1935 1765 mihi
1995 1717 2173 1763 autem

621 1824 896 1895 nunquam
951 1807 1269 1873 credidisti,
1318 1817 1597 1875 nunquam
1642 1817 1725 1857 me
1777 1802 1832 1855 in
1883 1800 2169 1855 consilium

615 1902 717 1958 tibi
747 1900 1055 1956 adhibuisti.

690 2082 849 2137 Vens.
865 2082 953 2136 2:2.
982 2079 1336 2134 lllustrandos
1364 2077 1565 2133 indicat
1600 2090 1688 2131 res
1723 2071 1918 2127 animis
1943 2082 2169 2123 conver-

615 2175 721 2241 sis;
742 2175 851 2242 jam
885 2190 1015 2238 non,
1041 2173 1235 2242 inquit,
1257 2171 1493 2225 vanitate
1519 2168 1784 2223 idolorum
1802 2159 2165 2232 decipiemini,

614 2265 707 2319 sed
741 2264 1002 2334 dejicietis
1042 2278 1126 2327 ea,
1165 2269 1218 2316 et
1241 2259 1634 2315 conculcabitis
1665 2272 1727 2312 ea
1749 2295 1764 2320 ,
1813 2263 1866 2310 et
1893 2251 2169 2323 apparebit

612 2371 799 2410 eorum
843 2355 1200 2421 imbecillitas,
1229 2364 1282 2408 et
1309 2360 1552 2407 stercore
1579 2349 1770 2405 viliora
1800 2345 2164 2400 habebuntur.

682 2469 844 2525 Vens.
878 2470 966 2525 25.
1001 2468 1278 2524 Converso
1308 2467 1506 2537 populo
1537 2473 1590 2520 et
1628 2463 1896 2535 justitiam
1937 2467 2161 2530 agente,

611 2563 890 2617 solventur
949 2576 1288 2630 quaecunque
1365 2568 1682 2629 peccantem
1762 2552 2164 2624 opprimebant.

611 2655 860 2721 Quandiu
899 2655 1041 2708 enim
1071 2663 1292 2722 peccato
1324 2658 1378 2706 et
1409 2651 1567 2704 idolis
1608 2647 1947 2711 indulsislis,
1995 2643 2168 2697 fames

610 2762 707 2801 vos
748 2754 800 2800 et
843 2746 1278 2801 necessariorum
1328 2743 1510 2812 inopia
1540 2741 1851 2811 premebat;
1899 2739 1974 2792 ita
2021 2750 2166 2791 nunc

609 2852 732 2892 cum
761 2836 904 2891 idola
964 2835 1200 2905 fregistis
1221 2875 1235 2899 ,
1272 2841 1326 2888 et
1357 2834 1413 2887 in
1445 2832 1594 2886 nullo
1628 2830 1802 2901 pretio
1860 2827 2164 2890 habuistis,

610 2926 969 2982 servientibus
1001 2925 1104 2979 sibi
1135 2924 1286 2978 dabit
1315 2922 1457 2977 Deus
1497 2920 1651 2976 vobis
1692 2919 1928 2989 pluviam
1965 2916 2165 2971 bonam

609 3029 662 3073 et
694 3017 875 3089 fruges
903 3032 1092 3073 omnes
1118 3025 1274 3070 terra:
1299 3015 1351 3068 in
1379 3028 1537 3069 usum
1565 3019 1836 3075 vestrum;
1870 3024 1990 3079 quae
2010 3007 2166 3063 vobis

2284 484 2350 536 τά
2400 482 2688 554 ἀμοιϐαῖα·
2730 483 2922 554 κριτὴς
2966 483 3073 554 γὰρ
3106 485 3210 539 τῶν
3256 490 3452 545 πάντων
3498 482 3749 564 καθιεῖτιιιὸ

2283 573 2504 645 Κύριος.

2363 665 2574 732 Ἀγίους
2599 666 2754 718 καλεῖ
2769 665 2894 729 τοὺς
2917 666 3004 721 διὰ
3032 668 3131 738 τῆς
3160 673 3428 739 μετανοίας
3451 676 3530 729 τόν
3546 680 3747 754 ἁγιασμόν

2282 754 2773 825 ἐφελκυσαμένους’
2803 755 3092 809 κλαίουσαν
3127 757 3183 810 δὲ
3215 763 3309 831 τήν
3345 763 3651 840 Ἰερουσαλὴμ
3681 776 3750 826 εἰσ.

2279 845 2401 912 ἀγει
2433 847 2460 896 ὁ
2490 848 2789 916 προφήτης,
2824 847 3214 917 προανατυπῶν
3243 850 3400 922 αὐτὴν
3420 857 3636 928 τοιαύτην
3652 865 3750 917 κατά

2279 933 2403 988 νοῦν
2433 934 2624 988 ἑαυτοῦ
2659 940 2768 1000 τοῖς
2793 937 2892 1007 τῆς
2925 938 3261 1010 συμπαθείας
3285 943 3594 1015 σπλάγχνοις.

2352 1050 2486 1113 Ἵνα,
2519 1049 2620 1103 κᾶν
2645 1049 2774 1119 γοῦν
2821 1052 2954 1122 πρὸς
2987 1052 3162 1122 ὀλίγον
3205 1053 3454 1121 θλιϐεἰσα,
3484 1061 3634 1132 εὕροις
3664 1068 3752 1122 ἑαυ-

2277 1138 2374 1210 τὴν
2408 1140 2688 1212 ἀλλοτρίαν
2744 1141 2876 1194 Θεοῦ
2923 1147 3310 1214 πεποιηκυῖαψ
3347 1149 3425 1216 ἐφ’
3461 1145 3531 1213 οἷς
3557 1170 3753 1227 μεταναη.

2279 1232 2450 1303 σάσης
2479 1249 2591 1298 σου,
2617 1232 2971 1306 ἀπαλλαγήσῃ
2995 1234 3102 1289 τῶν
3131 1236 3444 1292 πλανώντων
3469 1258 3537 1296 σε.

2360 1431 2623 1500 ,Ομματοῖ
2655 1430 2751 1502 τὴν
2802 1432 3152 1506 Ἰερουσαλὴμ
3180 1400 3324 1507 τπρὸς
3371 1441 3650 1512 κατανόησιν
3683 1448 3752 1516 τῆς

2282 1520 2415 1584 ἰδίας
2445 1522 2616 1592 αὐτῆς
2666 1522 2870 1594 πλάνης
2895 1542 2908 1554 ο
2943 1527 3129 1597 ὑπεῖχε
3161 1527 3268 1598 γὰρ
3311 1527 3496 1601 ἑαυτὴν
3537 1538 3628 1598 τοῖς
3657 1539 3746 1606 μάν-

2277 1630 2392 1666 τεσι
2431 1608 2757 1668 πιστεύουσα
2795 1619 2906 1681 τοῖς
2934 1621 3064 1691 παρ’
3101 1620 3322 1675 ἐκείνων
3368 1622 3667 1695 λεγομένοις
3690 1632 3755 1683 καὶ

2207 1735 2247 1790 Β
2275 1705 2394 1758 ὁδοῦ
2423 1723 2503 1759 σοι
2541 1709 2906 1780 προκειμένης
2927 1710 3020 1763 ἐπὶ
3052 1710 3118 1764 τά
3150 1711 3316 1779 δεξιὰ,
3345 1715 3673 1786 ἀνεκάμπτετε
3691 1724 3754 1774 ἐπὶ

2272 1796 2341 1850 τὰ
2370 1798 2650 1870 ἀριστερὰ,
2691 1800 2914 1854 ἐκείνων
2961 1803 3430 1873 συμϐουλευόντων
3471 1825 3573 1860 σοι·
3603 1812 3754 1881 ὲμοὶὸὲ

2276 1888 2477 1958 σαυτὴν
2519 1889 2772 1943 οὐδέποτε
2815 1890 3028 1956 ἀνέθου,
3067 1893 3186 1946 οὐδὲ
3216 1893 3503 1966 σύμϐουλον
3530 1896 3618 1949 τῶν
3657 1914 3753 1970 πρα·

2272 1979 2441 2033 κτέων
2464 1979 2671 2043 ἔλαϐες.

2323 2069 2450 2140 -Τὴν
2495 2071 2632 2140 μετά
2678 2071 2776 2144 τὴν
2805 2073 3099 2142 ἐπίγνωσιν
3143 2076 3484 2148 συναίσθησιν
3533 2079 3748 2150 σημαίνει·

2269 2161 2362 2225 ὡς,
2386 2163 2598 2228 Οὐκέτι,
2624 2165 2804 2234 φησὶν,
2838 2165 3089 2231 ἀνέξεσθε
3119 2168 3220 2239 τῆς
3252 2169 3582 2242 ματαίοτητος
3603 2171 3685 2224 τῶν
3703 2175 3752 2224 εἱ-

2267 2253 2466 2308 δώλων·
2504 2256 2637 2310 ἀλλὰ
2665 2258 3022 2314 καταλάϐετε⁶
3050 2262 3142 2314 καὶ
3163 2262 3493 2334 συντρίψετε,
3518 2264 3572 2316 τὸ
3592 2263 3752 2326 ἀσθενὲς

2268 2346 2443 2400 αὐτῶν
2465 2348 2786 2414 δεικνύντες,
2813 2353 2904 2406 καὶ
2925 2354 3165 2424 κοπρίων
3191 2354 3485 2426 ἀτιμότερα
3511 2356 3750 2427 ἡγούμενοι.

2337 2457 2417 2511 Τὰ
2449 2460 2517 2512 δι’
2550 2461 2821 2533 ἁμαρτίαν
2853 2465 3164 2536 ἐπαγόμενα
3199 2467 3271 2520 δι’
3298 2468 3606 2539 ἐπιστροφῆς
3627 2485 3670 2519 τε
3692 2467 3752 2520 καὶ

2267 2553 2606 2625 δικαιοσύνης
2631 2555 2832 2611 λύεται.
2861 2558 3068 2630 Ὥσπερ
3089 2559 3222 2631 γὰρ,
3247 2562 3632 2634 ἁμαρτανόντων
3648 2557 3754 2629 ὑμῶν

2266 2644 2360 2696 καὶ
2383 2647 2494 2708 τοῖς
2519 2645 2754 2710 εἰδώλοις
2785 2648 3160 2716 δουλευόντων,
3206 2651 3362 2722 λιμὸς
3387 2653 3476 2705 καὶ
3503 2651 3661 2713 σπάνις
3681 2647 3753 2701 τῶν

2267 2733 2574 2802 ἀναγκαίων
2603 2737 2914 2808 ἐπεκράτει·
2940 2739 3129 2805 οὕτως,
3159 2742 3503 2812 ἐκκοψάντων
3523 2741 3582 2794 τὰ
3601 2739 3754 2802 εἴδωλα,

2266 2825 2360 2878 καὶ
2392 2826 2540 2879 οὐδὲν
2571 2828 2750 2881 ἐκεῖνα
2788 2831 3146 2902 ἡγησαμένων
3185 2829 3352 2897 εἶναι,
3387 2832 3513 2886 ἀλλά
3549 2830 3755 2884 δουλευόν-

2264 2933 2370 2970 των
2395 2917 2471 2989 τῷ
2516 2919 2655 2990 Θεῷ,
2691 2919 2848 2974 δώσει
2874 2923 2999 2993 ὑμῖν
3038 2923 3129 2976 καὶ
3170 2924 3328 2978 ὑετὸν
3371 2924 3574 2994 ἀγαθὸν,
3604 2923 3675 2976 καὶ
3710 2923 3756 2974 τὰ

2265 3007 2329 3060 ἐκ
2373 3007 2476 3078 γῆς
2511 3010 2686 3064 πάντα
2738 3012 2873 3084 πρὸς
2909 3012 3204 3067 ἀπόλαυσιν
3261 3015 3538 3087 ὑμετέραν.
3583 3012 3755 3083 Παρέξει

608 3109 982 3179 copiosissime
1014 3107 1290 3177 largietur.
1323 3103 1556 3174 Propter
1597 3115 1693 3157 vos
1733 3116 1856 3155 cum
1891 3101 2002 3156 sint
2049 3097 2164 3152 haec

2267 3072 2532 3171 ydtp't'a'piv
2566 3103 2645 3165 εἰς
2672 3072 2865 3175 κόρόνἐ
2894 3106 2954 3158 οὺ
2988 3105 3143 3176 μόνον
3171 3107 3235 3160 δὲ
3266 3072 3565 3179 alligem
3589 3072 3665 3159 καί
3678 3072 3754 3163 τοῖς

607 3201 824 3264 omnia,
883 3199 1162 3254 vobiscum
1228 3212 1444 3268 quoque
1501 3195 1684 3265 vigent
1735 3202 1828 3246 aut
1883 3190 2163 3246 deﬁciunt.

605 3295 840 3364 Apparet
874 3294 1037 3348 etiam
1083 3307 1148 3347 ex
1197 3291 1282 3346 his
1316 3288 1482 3344 Deum
1523 3303 1645 3343 esse
1691 3301 1873 3340 rerum
1919 3284 2162 3339 omnium

605 3384 952 3448 Creatorem,
980 3398 1089 3438 non
1137 3381 1417 3435 hominum
1467 3379 1658 3444 modo,
1691 3377 1786 3432 sed
1830 3375 2164 3430 omnimodo-

607 3491 726 3531 rum
755 3476 919 3531 etiam
951 3474 1288 3528 animalium.

2267 3191 2517 3260 κτήνεσιν
2555 3193 2739 3263 ὑμῶν’
2775 3194 2841 3248 τὰ
2876 3195 2983 3268 γὰρ
3011 3197 3076 3250 δι’
3112 3198 3262 3269 ὑμᾶς
3291 3201 3544 3270 γενόμενα
3572 3198 3647 3250 καὶ
3672 3212 3756 3246 σνν-

2262 3290 2580 3358 τιμωρεῖται
2611 3288 2705 3342 καὶ
2743 3289 3096 3342 συναπολαύει
3129 3291 3241 3344 τῶν
3278 3291 3512 3360 ἀγαθῶν.
3542 3289 3754 3342 Δείκνδτιιι

2261 3379 2317 3432 δὲ
2348 3381 2443 3434 καὶ
2492 3379 2580 3433 διά
2616 3380 2826 3444 τούτου,
2856 3381 2930 3444 ώς
2959 3383 2987 3433 ὁ
3033 3381 3164 3444 Θεὸς
3209 3382 3321 3435 τῶν
3363 3382 3565 3435 πάντων
3591 3374 3756 3445 ποιητὴς

2263 3471 2618 3542 καθέστηκεν,
2647 3473 2706 3524 οὐ
2736 3473 2895 3542 μόνον
2919 3472 3220 3544 ἀνθρώπων
3243 3473 3380 3527 ἀλλά
3403 3472 3494 3527 καὶ
3517 3470 3643 3536 ζώων
3665 3481 3757 3519 παν-

2167 3570 2172 3576 ’
2259 3565 2522 3618 τοδαπῶν.

687 3650 840 3706 Vens.
872 3650 960 3705 26.
1015 3653 1134 3706 Non
1179 3651 1385 3707 indicat
1431 3650 1522 3704 bic
1564 3650 1740 3703 lucem
1769 3653 2158 3702 eementorum

607 3744 906 3813 augendam
934 3759 1077 3808 esse,
1105 3743 1199 3799 sed
1227 3743 1493 3806 laetitiam,
1521 3757 1640 3812 qua:
1660 3741 1852 3797 diebus
1880 3741 1987 3795 illis
2013 3741 2160 3810 ipsos

605 3836 808 3892 eiTeret.
851 3840 928 3891 Ita
957 3837 1101 3892 enim
1143 3837 1491 3891 exsultabunt
1535 3834 1701 3890 animi
1731 3850 1953 3901 eorum;
1986 3842 2046 3888 ut
2079 3833 2162 3886 lu-

604 3945 730 3984 men
781 3929 888 3984 diei
933 3937 1153 3984 auctum
1186 3929 1452 3994 credant,
1503 3935 1562 3981 ut
1605 3927 1888 3989 illustrior,
1921 3925 2161 3996 splendi-

605 4023 834 4092 diorque
878 4022 995 4076 dies
1043 4021 1222 4075 lucere
1279 4020 1562 4086 videatur;
1625 4017 1967 4075 sanabuntur
2015 4015 2159 4071 enim

605 4115 770 4168 animi
797 4130 981 4169 eorum
1006 4155 1020 4177 ,
1065 4115 1438 4184 spiritualibus
1465 4111 1739 4168 emendati
1781 4109 2161 4181 reprehensio-

606 4205 787 4268 nibus,
821 4220 850 4258 a
879 4203 1080 4259 doloris
1108 4205 1455 4260 tribulatione
1483 4201 1720 4259 liberati.

2342 3657 2603 3711 Ἐνταῦθα
2623 3657 2683 3710 οὑ
2719 3659 3032 3730 προσθήκην
3064 3657 3155 3712 τοῦ
3194 3660 3376 3728 φωτὸς
3409 3663 3512 3710 τῶν
3550 3648 3759 3721 στοιχείων

2255 3749 2425 3820 δηλοῖ,
2454 3749 2587 3804 ἀλλά
2617 3751 2716 3821 τῆς
2760 3751 3211 3821 καταληψομένης
3265 3751 3462 3812 αὐτοὺς
3499 3749 3550 3801 ἐν
3587 3741 3762 3798 ἐκείναις

2259 3844 2379 3904 ταῖς
2413 3841 2646 3912 ἡμέραις
2677 3841 3013 3912 εὐφροσύνης
3033 3857 3045 3869 ⁸
3076 3841 3221 3894 οὕτω
3264 3841 3376 3912 γὰρ
3411 3841 3487 3903 εἰς
3515 3833 3761 3906 ἁγαλλίασιν

2259 3929 2611 3985 ἐπιδώσουσιν
2632 3933 2809 3985 αὐτῶν
2830 3934 2886 3984 αί
2916 3932 3104 4002 ψυχαὶ,
3129 3932 3207 3996 ὡς
3229 3931 3330 3986 καὶ
3353 3929 3644 4001 προσθήκην
3663 3923 3763 3984 ἕξειν

2260 4023 2452 4085 αὐτοὺς
2467 4023 2713 4093 ἡγεῖσθαι
2728 4023 2806 4091 ,τά
2820 4024 2973 4092 φῶτα
3004 4025 3099 4094 τῆς
3126 4024 3368 4094 ἡμέρας,
3387 4024 3480 4074 καὶ
3509 4013 3764 4084 λευκοτέρας

2261 4115 2442 4177 αὐτοῖς
2457 4115 2550 4167 καὶ
2567 4114 2922 4185 φαιδροτέρας
2936 4114 3273 4186 ὀφθήσεσθαι
3295 4114 3392 4178 τὰς
3419 4114 3617 4186 ἡμέρας
3633 4126 3644 4139 ·
3663 4108 3765 4159 ἴασιν

2259 4205 2364 4278 γάρ
2379 4205 2526 4259 ἐπιδέ
2533 4204 2708 4270 ξονται
2731 4205 2869 4258 κατά
2880 4205 3074 4277 ψυχὴν,
3090 4207 3515 4278 θεραπευόμενοι
3531 4203 3641 4265 τοὺς
3652 4201 3767 4270 ψυχι-

2259 4296 2388 4357 Iob;
2403 4294 2487 4366 μώ
2495 4312 2643 4366 μους,
2661 4295 2755 4375 καῖ.
2767 4295 3230 4367 ἀπαλλαττόμενοι
3245 4297 3346 4368 τῆς
3359 4295 3502 4350 θλιϐε
3511 4295 3598 4356 ρᾶς
3607 4289 3765 4356 ὀδύνης.

675 4413 838 4470 Vens.
867 4413 956 4469 28.
1009 4412 1198 4466 Divina
1247 4412 1586 4482 provulentia
1627 4417 1826 4465 cuncta
1863 4409 1974 4479 regi
2024 4421 2154 4461 con-

2329 4410 2440 4482 Τὴν
2467 4411 2606 4464 κατὰ
2632 4411 2848 4464 πάντων
2901 4411 3151 4464 θεοπτίαν
3181 4413 3290 4465 κάν
3331 4411 3503 4480 τούτῳ
3534 4407 3769 4462 δείκνυσιν,

605 4503 820 4559 ﬁrmant
859 4503 962 4558 ista
988 4542 1002 4567 ,
1039 4517 1161 4556 cum
1197 4502 1276 4555 ira
1319 4501 1414 4556 Dei
1448 4515 1558 4555 non
1598 4499 1664 4553 ad
1695 4497 1912 4552 Iudaeos
1944 4504 2154 4550 tantum

605 4603 847 4667 spectet,
889 4595 982 4652 sed
1012 4603 1065 4650 et
1111 4593 1392 4664 suppliciis
1424 4592 1571 4663 ipsas
1603 4599 1792 4660 gentes
1838 4589 2054 4642 alliciat.
2091 4585 2157 4640 Ni

601 4689 739 4747 alios
773 4688 915 4742 enim
961 4687 1433 4757 reprehendisset,
1470 4685 1715 4739 licuisset
1760 4680 2024 4738 lsraelitis
2067 4679 2155 4733 di—

598 4794 729 4838 cere
752 4782 896 4836 solos
922 4790 1140 4852 propter
1166 4789 1384 4851 peccata
1413 4795 1443 4832 a
1467 4778 1576 4833 Deo
1611 4776 1816 4847 puniri.
1849 4774 1964 4828 Hoc
1995 4773 2158 4842 igitur

599 4881 663 4931 nt
689 4883 1003 4942 praecaveat,
1029 4881 1210 4928 monet
1231 4889 1288 4928 se
1313 4880 1500 4943 gentes
1525 4885 1741 4941 quoque
1762 4868 2154 4940 judicaturum,

602 4965 756 5018 etab
799 4965 878 5017 eis
931 4979 1117 5032 poenas
1164 4965 1517 5034 repetiturum
1565 4978 1659 5032 per
1704 4975 1944 5017 errorem
1993 4960 2154 5014 meri-

602 5063 705 5111 ‘35.

669 5235 831 5292 Vens.
862 5233 952 5288 29.
985 5232 1080 5286 llis
1106 5232 1368 5288 discimus
1401 5235 1560 5290 nobis
1589 5249 1700 5288 non
1729 5233 1877 5288 omni
1912 5239 2155 5302 tempore

598 5325 795 5379 latitia:
843 5323 1231 5395 indulgendum
1279 5340 1434 5391 esse;
1500 5326 1612 5380 noli
1663 5325 1806 5379 enim
1857 5331 2049 5393 putare
2101 5330 2154 5374 te

596 5416 878 5487 splendida
928 5418 1066 5473 festa
1128 5417 1485 5484 celebrando,
1538 5426 1592 5472 et
1647 5419 1888 5472 animum
1937 5415 2152 5487 gaudiis

603 5509 962 5574 diﬂuudendo,
981 5510 1278 5566 mercedem
1302 5511 1397 5564 tibi
1421 5511 1862 5579 promeriturum.
1878 5509 1994 5563 Non
2019 5524 2146 5579 pec-

598 5617 718 5657 care
747 5604 963 5672 quidem
993 5605 1204 5659 videtur
1224 5604 1316 5674 qui
1342 5603 1494 5658 festis
1514 5603 1851 5666 convivatur,
1882 5611 1936 5656 at
1957 5601 2152 5658 exinde

597 5695 896 5748 mercedem
947 5697 1101 5750 nobis
1151 5696 1388 5750 futuram
1448 5713 1516 5753 nc
1562 5711 1860 5766 speremus.
1896 5695 2150 5761 Quinimo

2260 4503 2340 4556 ὅτι
2362 4503 2460 4572 οὐχ
2501 4502 2602 4566 ἕως
2643 4502 2845 4555 τούτων
2886 4504 3242 4573 στήσεταιτά
3292 4504 3397 4574 τῆς
3427 4501 3604 4574 ὀργῆς,
3631 4494 3772 4561 διαϐή-

2262 4611 2412 4648 σεται
2438 4595 2494 4648 δὲ
2528 4595 2622 4648 καὶ
2649 4597 2726 4658 είς
2756 4594 2823 4647 τά
2848 4595 2970 4666 ἔθνη
3006 4597 3038 4665 ή
3065 4597 3311 4667 τιμωρία
3331 4613 3342 4623 ·
3372 4596 3458 4648 ἵνα
3486 4592 3587 4665 γὰρ
3614 4589 3676 4661 μὴ
3707 4584 3772 4652 ἒξῇ

2259 4689 2369 4750 τοῖς
2407 4685 2767 4756 Ἰσραηλίταις
2811 4687 2988 4756 μόνοις
3014 4688 3117 4740 ὑπὸ
3151 4688 3248 4740 τοῦ
3284 4687 3423 4740 Θεοῦ
3459 4679 3772 4753 ἐλεγχομένοις

2259 4779 2435 4849 λέγειν
2467 4780 2663 4842 αὐτοὺς
2707 4779 2863 4850 μόνον
2905 4781 2994 4834 τὸν
3021 4780 3153 4833 Θεὸν
3181 4782 3277 4834 ἐπὶ
3323 4785 3438 4844 τοῖς
3474 4776 3773 4850 ἁμαρτήμασι

2258 4873 2634 4945 τιμωρεῖσθαι,
2663 4873 2785 4942 οὐχὶ
2812 4873 2868 4925 δὲ
2894 4874 2987 4927 καὶ
3013 4873 3079 4927 τά
3106 4873 3258 4945 ἔθνη,
3282 4873 3589 4941 ἀναγκαίως
3611 4868 3689 4920 καὶ
3705 4862 3771 4930 τὴν

2259 4966 2351 5018 ἐπὶ
2375 4966 2444 5019 τά
2471 4965 2597 5035 ἔθνη
2623 4965 2971 5035 διαϐήσεσθαι
3002 4965 3246 5020 ἐκδικίαν
3288 4967 3509 5037 φάσκει,
3545 4964 3628 5017 καὶ
3651 4972 3772 5014 κατα-

2258 5057 2522 5128 λήψεσθαι
2551 5057 2746 5119 αὐτοὺς
2771 5056 2868 5127 τὴν
2895 5058 2959 5109 ἐκ
2995 5057 3095 5127 τῆς
3142 5058 3468 5128 πλανήσεως
3501 5055 3642 5122 δίκην
3676 5062 3769 5115 προ-

2258 5149 2526 5219 αγορεύει.

2327 5239 2425 5291 Διά
2446 5237 2645 5291 τούτων
2683 5238 3060 5308 διδασκόμεθα,
3105 5240 3179 5302 ώς
3207 5240 3274 5291 οὐ
3308 5239 3417 5311 χρὴ
3455 5239 3664 5291 πάντοτε
3686 5227 3768 5285 ταῖς

2256 5333 2470 5386 ἀνέσεσι
2495 5332 2701 5402 χαίρειν
2721 5349 2734 5361 ·
2762 5331 2880 5384 οὐδὲ
2910 5331 3018 5402 γὰρ
3044 5334 3099 5384 ἐν
3122 5334 3241 5395 ταῖς
3269 5334 3490 5404 ἑορταῖς
3515 5325 3769 5400 ἀμείϐοντες

2255 5424 2472 5495 ἐσθῆτα,
2508 5424 2600 5476 καὶ
2650 5421 2982 5493 διαχεόμενοι
3032 5421 3128 5494 τὴν
3171 5421 3358 5492 ψυχὴν
3410 5423 3469 5473 ἐν
3501 5411 3764 5486 εὐφροσύνην

2253 5514 2326 5578 ὼς
2359 5513 2545 5586 μισθὸν
2578 5514 2706 5584 ήμῖν
2738 5513 3024 5584 προξενοῦν
3054 5512 3464 5584 μεταδιώξομεν
3483 5528 3494 5540 ·
3526 5508 3629 5563 ἀλλ’
3648 5505 3685 5556 εί
3705 5496 3768 5550 καὶ

2253 5605 2630 5676 ἀναμάρτητον
2658 5604 2802 5657 δοκεῖ
2829 5601 2965 5658 εἶναι
2999 5606 3060 5658 τὸ
3093 5607 3149 5658 ἐν
3180 5609 3306 5668 ταῖς
3338 5606 3554 5676 ἑορταῖς
3599 5589 3769 5659 εὐωχεῖ⁸

2257 5697 2396 5758 σθαι,
2433 5693 2544 5746 ἀλλ’
2578 5692 2694 5745 ούδέ
2719 5711 2820 5746 που
2849 5694 2920 5758 ὡς
2954 5695 3140 5765 μισθὸν
3171 5694 3344 5748 αὑτοῦ
3372 5695 3558 5748 τούτου
3577 5681 3768 5757 ληψόμεο
