4038 6288
310 300 334 354 ί
343 299 450 354 3‘25

1742 297 1819 351 ‘IN
1857 298 2107 353 ISAIAM.

3396 312 3419 364 ί
3427 310 3529 365 3'26

303 430 383 465 νοι
415 410 739 482 ὲκδεξόμεθα
758 428 772 443 ο
800 411 960 465 ὁπότε
992 411 1100 465 οἶδε
1134 411 1393 475 πολλάκις
1424 412 1518 464 καὶ
1548 412 1707 484 ἑορτὴ
1737 414 1849 483 ἁμέ

1973 414 2171 483 saepius
2208 415 2372 469 etiam
2422 430 2709 484 peccamus
2751 432 2875 473 cum
2910 421 3085 475 nimia
3134 423 3203 477 ibi
3242 426 3528 497 voluptate

296 519 452 574 τρως
471 504 551 566 είς
575 502 767 572 ἡδονὴν
792 503 1079 573 ἐκχυθεῖσα
1106 502 1200 556 καὶ
1223 503 1495 574 ἁμαρτίαν
1516 502 1861 574 προξενῆσαι.

295 596 402 651 As!
420 590 519 648 οῦν
566 594 817 665 ἀσμένως
865 595 1063 665 μᾶλλον
1089 594 1188 659 τὰς
1230 594 1434 664 θλίψεις
1464 595 1737 662 δέξασθαι,
1792 595 1867 659 ὡς

290 684 605 759 ἐμμίσθους
636 686 915 757 ἐσομένας.

365 779 453 833 ’Τὸ
502 778 823 843 ἐξάκουστον
849 779 948 849 τῆς
976 777 1273 851 μελλούσης
1315 779 1510 842 αὐτοὺς
1556 778 1867 850 καταλήψει

308 874 431 927 σθαι
458 871 613 942 δίκης
631 871 829 943 δηλοῖὸ
866 871 1022 940 λόγος
1044 889 1057 902 ·
1087 871 1206 924 οὐδὲ
1248 870 1357 943 γὰρ
1417 870 1491 934 ὠς
1535 870 1733 936 ἀδίκως
1777 873 1867 925 ἐπ-

306 964 672 1036 αχθησόμενον
705 963 882 1034 κρυφῆ
926 960 1019 1015 καὶ
1051 961 1109 1015 ἐν
1130 961 1299 1040 γωνίᾳ
1327 960 1718 1032 πραχθήσεται,
1749 961 1864 1017 ἀλλ’

307 1054 528 1126 ἔκδηλος
576 1053 725 1107 ἔσται
770 1056 881 1117 τοῖς
930 1053 1122 1123 πᾶσιὴ
1165 1050 1305 1123 μετὰ
1354 1051 1559 1106 δικαίου
1602 1052 1865 1123 κρίματος

303 1146 440 1219 ὀργὴ
467 1145 796 1216 ἐπαγομένη.

374 1237 562 1306 Τοῦτο,
594 1238 735 1293 κατὰ
779 1237 885 1292 τῶν
925 1236 1221 1307 Ἀσσυρίων
1265 1236 1483 1307 ὀλέθρου
1532 1253 1865 1308 προαγορευ·

304 1332 506 1398 θέντος,
531 1331 626 1386 καὶ
652 1331 750 1400 τῆς
775 1332 894 1383 κατ’
922 1328 1085 1383 αὑτοῦ
1117 1329 1270 1401 δίκης
1288 1328 1642 1398 δηλωθείσης,
1669 1329 1864 1383 δικαιό-

302 1438 437 1476 τατα
467 1422 516 1475 οί
563 1420 884 1493 Ἰσραηλῖται
910 1408 1317 1482 ταλανίζονταιο
1351 1419 1486 1491 πρὸς
1536 1420 1635 1490 μὲν
1673 1418 1862 1473 τοῦτον

304 1512 648 1585 ἐπτοημένοι,
687 1511 834 1584 παρὰ
884 1511 941 1564 δὲ
969 1510 1278 1579 Αἰγυπτίων
1306 1509 1660 1582 βοηθήσεσθαι
1705 1528 1866 1582 προσ-

301 1604 581 1668 δοκῶντες,
624 1604 717 1657 καὶ
768 1603 843 1675 μὴ
888 1602 1315 1673 καταφεύγοντες
1344 1603 1438 1655 ἐπὶ
1473 1602 1565 1655 τὸν
1590 1602 1698 1656 τῶν
1727 1602 1860 1656 ὅλων

300 1696 432 1750 Θεόν
464 1716 524 1751 τε
560 1697 651 1751 καὶ
680 1696 928 1767 Σωτῆρα,
957 1696 1016 1749 ὅν
1059 1696 1156 1766 οὐχ
1181 1694 1412 1767 ἡγοῦντο
1445 1695 1582 1768 πρὸς
1610 1695 1709 1765 τὴν
1737 1694 1860 1766 βοή-

300 1789 450 1844 θειαν
491 1787 668 1843 αὐτῶν
716 1789 1087 1861 ἀνταρκέσειν,
1124 1787 1259 1842 ἀλλὰ
1294 1791 1358 1859 τῇ
1407 1789 1516 1841 τῶν
1555 1788 1735 1841 ἵππων
1766 1787 1860 1841 καὶ⁵

296 1882 559 1953 ἁρμάτων
585 1880 785 1952 πληθύῖ
826 1879 1141 1945 πεποιθότες
1183 1880 1312 1952 παρ’
1350 1878 1573 1932 ἐκείνων
1622 1876 1860 1948 σωθήσε-

297 1974 418 2026 σθαι
456 1973 813 2046 προσεδόκων.

362 2066 476 2137 Τὴν
502 2067 680 2136 σοφῶς
707 2067 857 2138 παρὰ
887 2065 980 2120 τοῦ
1020 2065 1155 2119 Θεοῦ
1192 2062 1535 2136 ἁρμόζουσαν
1568 2060 1858 2134 θεραπείαν

289 2156 406 2217 ταῖς
456 2153 654 2224 ψυχαῖς
693 2154 876 2209 αὐτῶν
927 2152 1395 2226 προσαχθήσεσθαι
1440 2154 1732 2224 σημαίνει·
1777 2153 1857 2206 ὅτι

289 2246 383 2300 καὶ
434 2247 576 2300 αὐτὰ
623 2246 793 2300 ταῦτα
842 2246 1144 2311 κακωτικὰ,
1197 2246 1385 2317 ὥσπερ
1421 2245 1627 2314 ἀγαθοῦ
1672 2245 1857 2316 ίατροῦ

287 2339 652 2403 ἐπικόπτοντος
676 2338 828 2393 νόσον
856 2339 949 2392 καὶ
997 2340 1224 2410 ίωμένου
1264 2339 1658 2410 ἁμαρτήματα,
1688 2354 1859 2410 προσ·

288 2430 412 2500 ἁγει
437 2448 452 2461 ο
491 2429 669 2499 σοφῶς
694 2430 788 2484 τοῦ
818 2429 952 2485 Θεοῦ
979 2430 1067 2484 διὰ
1088 2431 1193 2485 τῶν
1213 2430 1509 2485 δοκούντων
1524 2426 1659 2483 εἶναι
1686 2430 1856 2500 λυπη-

288 2522 400 2594 ρῶν
454 2523 873 2593 σωφρονίζοντος
921 2524 1043 2587 τοὺς
1074 2523 1502 2595 ἁμαρτάνοντας,
1543 2524 1637 2577 καὶ⁵
1669 2525 1855 2594 καιρὸν

289 2614 583 2686 μετανοίας
605 2613 980 2685 χαριζομένου.

371 2705 534 2760 Ἀλλὰ
581 2707 673 2760 καὶ
728 2704 1126 2777 μετανοούντων
1173 2706 1501 2777 ὑπερασπιεῖ
1548 2706 1725 2779 ἡμῶν,
1761 2707 1856 2762 καὶ

287 2796 764 2870 ἀντιποιηθήσεται
816 2796 916 2868 τῆς
959 2796 1327 2869 Ἰερουσαλὴμ,
1352 2796 1462 2851 νῐσα
1492 2801 1606 2863 τοῖς
1648 2799 1855 2871 ὀρνέοις

284 2892 397 2953 τοῖς
432 2887 684 2960 βοηθοῦσι
706 2891 817 2953 τοῖς
842 2890 1047 2944 ἑαυτῶν
1078 2891 1309 2953 νεοττοῖς
1327 2907 1341 2920 ·
1372 2890 1465 2944 καὶ
1497 2889 1606 2962 γὰρ
1627 2891 1854 2945 κάκεῖνα

286 2981 417 3051 παρ’
445 2978 608 3032 αὐτοῦ
639 2979 880 3034 δέδεκται
908 2978 1080 3035 ταῦτα
1104 2980 1171 3035 τὰ
1201 2981 1402 3050 φυσικὰ
1431 2981 1762 3052 συνθήματα.

355 3073 498 3136 Τοὺς
521 3074 578 3125 ἐν
601 3074 714 3134 τοῖς
738 3076 923 3137 κακοῖς
951 3068 1353 3145 ἐμϐαθύνοντας
1377 3073 1472 3127 καὶ
1501 3076 1558 3128 ἐν
1578 3076 1688 3137 τοῖς
1714 3074 1851 3128 κατὰ

1973 503 2327 560 detineamur.
2364 504 2765 564 Tribulationes
2817 511 2980 581 igitur
3014 515 3193 582 potius
3235 518 3526 587 suscipias,

1973 601 2156 664 utpote
2186 595 2371 665 plenas
2402 599 2667 654 mercede.

2038 769 2202 826 Vsus.
2235 771 2325 827 50.
2354 771 2606 828 Auditam
2637 776 2846 831 scilicet
2875 777 3036 833 faciat
3061 780 3200 838 Deus
3231 783 3525 841 vindictam

1968 877 2157 925 suam;
2191 865 2389 936 quippe
2419 882 2540 937 qua:
2567 883 2677 923 non
2726 882 2935 925 secreto
2977 882 3031 928 ot
3075 876 3129 929 in
3174 878 3372 947 angulo
3402 879 3522 944 fiet,

1965 954 2121 1023 quasi
2160 965 2307 1012 esset
2339 973 2476 1027 opus
2509 961 2757 1031 iniquum
2779 1003 2794 1027 ,
2826 963 2919 1018 sed
2949 968 3203 1023 omnibus
3239 973 3522 1041 perspicua

1962 1046 2069 1100 erit
2099 1046 2182 1101 ira
2215 1063 2339 1103 cum
2360 1049 2512 1119 justo
2539 1050 2748 1121 judicio
2772 1064 3019 1110 ventura.

2034 1225 2164 1282 CAP.
2199 1227 2400 1296 XXXI,
2437 1231 2600 1287 Vsns.
2637 1234 2688 1286 I.
2722 1235 2857 1290 Cum
2889 1236 3237 1310 Assyriorum
3268 1243 3522 1301 incursus

1962 1319 2297 1388 praedixerit,
2328 1335 2381 1377 et
2412 1324 2707 1379 vindictam
2738 1327 2808 1381 ab
2838 1328 2958 1398 ipso
2992 1334 3382 1402 exercendam,
3408 1353 3520 1392 me-

1960 1411 2066 1465 rito
2110 1410 2251 1468 Deus
2280 1412 2554 1469 Israelitas
2601 1416 2766 1471 dolet.
2813 1418 2945 1473 Nam
2989 1429 3212 1492 stupore
3242 1436 3520 1492 amentes,

1960 1509 2013 1556 et
2030 1503 2292 1557 auxilium
2310 1506 2377 1560 ab
2397 1504 2668 1578 Egyptiis
2702 1517 3104 1578 exspectantes,
3127 1513 3194 1568 ad
3225 1514 3390 1570 Deum
3410 1533 3519 1573 non

1959 1593 2321 1665 confugerunt
2388 1599 2629 1653 omnium
2688 1597 2976 1656 Dominum
3040 1613 3092 1659 et
3150 1606 3518 1673 Salvatorem,

1961 1688 2118 1755 quasi
2149 1686 2342 1744 fuisset
2384 1689 2546 1746 inane
2575 1691 2695 1761 ejus
2734 1695 3080 1763 praesidium;
3125 1699 3220 1753 sed
3257 1715 3520 1770 equorum

1892 1769 1933 1828 Β
1961 1786 2015 1834 et
2044 1795 2304 1834 curruum
2334 1783 2685 1840 multitudine
2711 1786 2922 1855 conﬁsi,
2948 1803 3005 1844 se
3026 1791 3096 1845 ab
3121 1791 3201 1846 eis
3231 1769 3522 1851 salvandos

1959 1882 2083 1923 esse
2112 1883 2482 1940 speraverunt.

2028 2046 2192 2103 Vens.
2223 2048 2281 2104 4.
2316 2050 2544 2109 Animos
2588 2069 2775 2109 eorum
2811 2056 3110 2126 prudenter
3144 2074 3174 2114 a
3205 2059 3315 2116 Deo
3342 2061 3519 2118 infor-

1958 2142 2186 2199 mandus
2232 2159 2355 2200 esse
2412 2145 2685 2217 declarat;
2738 2164 2867 2204 nam
2934 2152 3177 2207 vindicta
3221 2154 3316 2210 Dei
3373 2157 3519 2210 velut

1956 2234 2151 2290 medici
2188 2238 2472 2306 prudentia
2504 2241 2753 2297 morbum
2789 2244 3120 2311 recidentis,
3163 2255 3219 2302 et
3271 2249 3517 2305 saltantis

1955 2325 2209 2395 vulnera;
2259 2329 2533 2399 sapienter
2566 2340 2881 2402 peccatores
2927 2334 2995 2389 ad
3046 2337 3263 2393 saniora
3297 2352 3517 2396 revocat

1955 2414 2099 2472 Deus
2122 2458 2138 2483 ,
2171 2426 2225 2475 et
2254 2429 2469 2494 tempus
2490 2424 2828 2495 paenitentiae
2851 2438 3139 2498 praaparat,
3166 2430 3295 2486 dum
3324 2432 3516 2488 laedere

1954 2508 2188 2567 videtur.

2028 2686 2195 2744 Vens.
2244 2688 2297 2743 5.
2341 2687 2725 2747 Paenitentiam
2781 2703 3002 2765 agentes
3050 2705 3297 2768 proteget
3346 2696 3510 2761 Deus.

1953 2787 2007 2837 et
2040 2779 2339 2837 Jerusalem
2375 2783 2648 2849 defendet,
2695 2785 2876 2841 avium
2924 2788 2998 2842 ad
3049 2803 3296 2843 normam
3339 2790 3515 2859 pullos

1954 2887 2083 2927 suos
2132 2872 2428 2928 foventium
2471 2893 2484 2941 ;
2544 2876 2718 2946 ipsam
2766 2878 2912 2934 enim
2954 2888 3108 2936 tanto
3166 2880 3346 2936 studio
3392 2897 3514 2952 pro-

1953 2964 2217 3033 sequitur.
2769 3018 2776 3033 ,

2024 3053 2190 3109 Vsus.
2234 3054 2287 3108 6.
2322 3055 2479 3113 Malis
2517 3057 2800 3117 demersos
2837 3068 2892 3116 et
2938 3062 3200 3133 impietati
3238 3065 3293 3121 in
3341 3067 3509 3123 Deum

283 3120 427 3215 Θεδν⁷
443 3120 1230 3243 Ξτξιέτςᾷᾇᾷἱᾷῥῖιπῖστῖέφωνρ
1254 3120 1432 3233 λόγος,
1470 3163 1536 3218 τὰ
1566 3120 1687 3219 καθῗ
1725 3166 1849 3219 ἐαυ-

1950 3143 2163 3200 deditos
2211 3149 2504 3213 allocutus,
2537 3160 2597 3205 ut
2647 3152 2754 3206 sibi
2801 3120 3091 3210 consulant
3141 3158 3332 3213 suadet
3380 3175 3506 3228 pro-

279 3254 405 3318 τοὺς
444 3257 672 3328 συνορᾷν
716 3255 1087 3326 συμϐουλεύει,
1135 3255 1371 3322 κακίζων
1420 3256 1597 3311 αὐτῶν
1630 3258 1721 3312 καὶ
1750 3258 1846 3330 τὴν

280 3346 629 3419 πεποίθησιν,
657 3347 722 3420 ἢν
755 3351 839 3402 ἐπ’
870 3349 1198 3418 Αἰγυπτίους
1232 3350 1542 3421 ἐκέκτηντο.

358 3437 530 3492 Ἀλλὰ
552 3439 721 3495 ταῦτα
768 3442 885 3513 μὲν,
916 3443 1037 3496 ὅσον
1063 3438 1195 3515 ἧκεν
1229 3444 1309 3507 είς
1348 3442 1445 3515 τὴν
1483 3443 1739 3516 ἱστορίαν,
1770 3444 1847 3506 εἰς

273 3528 363 3582 τὸν
399 3530 657 3595 Ἐζεκίαν
699 3533 1049 3606 λεχθήσονται
1069 3552 1082 3565 ο
1111 3535 1315 3607 κυρίως
1337 3535 1393 3589 δὲ
1431 3535 1746 3609 νοηθήσεται
1770 3539 1848 3600 εἰς

234 3638 243 3655 ι
270 3621 448 3675 αὐτὸ-ν
472 3622 563 3675 τὸν
589 3624 816 3695 Σωτῆρα
836 3642 851 3656 ·
878 3625 944 3678 ἵν’
986 3625 1202 3695 ἔχοιμεν
1230 3628 1390 3687 νοεῖν,
1417 3626 1499 3679 ὅτι
1537 3625 1597 3678 τὸ
1634 3625 1848 3697 ἀληθῶς

270 3710 557 3782 μκᾶριον
586 3711 736 3766 ἔσται
761 3715 873 3776 τοῖς
903 3714 1263 3785 προκεκοπόσι
1298 3714 1439 3769 κατὰ
1478 3715 1609 3768 Θεὸν
1637 3717 1730 3771 καὶ
1750 3716 1848 3788 τὴν

275 3803 387 3858 ἂνω
414 3800 577 3856 ἐΣιὼν
603 3804 830 3869 οἰκοῦσι,
863 3805 955 3858 καὶ
993 3804 1214 3875 βασιλέα
1261 3809 1720 3880 ἐπιγραφομένοις
1759 3810 1848 3865 τὸν

277 3893 488 3967 Κύριον
510 3892 665 3965 ἡμῶν
698 3892 904 3965 Ἰησοῦν
933 3895 1187 3967 Χριστὸν,
1224 3897 1304 3959 είς
1329 3896 1387 3950 ὃν
1416 3895 1559 3951 κατὰ
1582 3898 1685 3970 γῆν
1712 3901 1849 3971 ἡμε-

278 3984 444 4056 τέραν
466 3984 559 4038 καὶ
593 3986 626 4055 ἡ
655 3983 797 4056 ἄκρα
821 3984 1129 4056 δικαιοσύνη
1159 3986 1495 4058 νοηθήσεται.

349 4077 453 4130 Τὸν
478 4075 581 4139 τὰς
601 4075 819 4140 ἐντολὰς
845 4076 935 4130 τοῦ
960 4076 1092 4130 Θεοῦ
1115 4094 1178 4149 τη
1189 4079 1438 4149 ρήσοντα,
1467 4079 1559 4133 καὶ
1582 4078 1768 4151 ὥσπερ
1789 4081 1846 4135 ὲν

279 4169 457 4242 ἑαυτῷ
481 4168 608 4232 τοὺς
651 4168 840 4238 λόγους
863 4167 957 4222 τοῦ
1004 4168 1138 4222 Θεοῦ
1181 4170 1602 4243 κατακρύψαντα
1646 4172 1737 4224 ἐπὶ
1765 4171 1843 4226 δι-

278 4261 559 4335 καιοσύνῃ,
588 4260 774 4316 τοῦτον
813 4262 907 4315 καὶ
930 4261 1038 4315 ἀπὸ
1065 4262 1235 4334 ὀργῆς
1272 4264 1615 4337 ἐπαγομένης
1644 4281 1845 4319 σκεπα-

280 4353 575 4425 σθήσεσθαι
594 4354 760 4425 δηλοῖ.

1950 3237 2130 3306 pheta,
2156 3246 2210 3293 et
2244 3238 2497 3295 ﬁduciam
2526 3244 2818 3313 exprobrat
2845 3261 2952 3315 qua
2988 3247 3042 3301 in
3074 3247 3343 3321 (Egyptiis
3370 3267 3504 3307 con-

1950 3328 2203 3384 ﬁdebant.

2019 3422 2149 3476 CAP.
2185 3422 2397 3490 XXXII,
2445 3424 2606 3482 Vnus.
2661 3428 2713 3481 1.
2758 3427 3032 3485 IIislorico
3079 3431 3296 3501 quidem
3339 3449 3503 3489 sensu

1948 3514 2061 3569 haec
2101 3512 2169 3569 ad
2208 3513 2494 3572 Ezechiam
2525 3527 2796 3589 spectant,
2827 3531 2973 3577 recte
3004 3531 3185 3580 tamen
3213 3527 3281 3581 ad
3325 3529 3499 3598 ipsum

1949 3604 2283 3664 Salvatorem
2323 3612 2647 3667 referentur.
2683 3614 2896 3672 Sentias
2930 3615 3099 3687 igitur
3144 3635 3269 3675 vere
3318 3620 3503 3678 beatos

1945 3719 2068 3760 esse
2092 3704 2185 3775 qui
2214 3705 2513 3760 secundum
2539 3706 2709 3763 Deum
2740 3709 3108 3780 profecerunt,
3133 3724 3188 3770 et
3208 3732 3502 3787 supernam

1948 3793 2080 3852 Sion
2133 3806 2424 3866 occupant,
2469 3807 2524 3853 et
2574 3815 2758 3872 regem
2809 3802 3011 3858 habent
3060 3804 3348 3861 Dominum
3407 3822 3504 3862 no—

1946 3900 2119 3945 Strum
2194 3888 2380 3945 Iesum
2465 3890 2743 3948 Christum
2803 3895 2891 3949 cui
2958 3895 3123 3950 etiam
3216 3898 3273 3952 in
3345 3899 3501 3956 terris

1945 3994 2157 4034 summa
2180 3979 2391 4049 justitia
2414 3968 2697 4052 'competit.

2015 4068 2177 4126 Vens.
2209 4070 2264 4125 2.
2296 4070 2556 4128 Homines
2591 4074 2686 4144 qui
2720 4086 2938 4131 servant
2975 4077 3070 4134 Dei
3112 4089 3403 4151 praecepta,
3447 4094 3502 4138 et

1942 4161 2037 4218 Dei
2078 4176 2356 4218 sermones
2393 4178 2505 4234 prae
2536 4164 2750 4235 justitia
2779 4167 2834 4222 in
2870 4172 3174 4242 semetipsis
3199 4176 3497 4242 occultant,

1943 4255 2012 4309 ab
2044 4254 2124 4310 ira
2148 4263 2374 4311 ventura
2400 4257 2768 4316 defendendos
2790 4259 3046 4317 declarat.

346 4448 488 4511 Τοὺς
532 4447 845 4521 Ἀσσυρίους
894 4447 1271 4519 ἐπικειμένους
1297 4449 1377 4511 είς
1415 4448 1667 4519 πόλεμον,
1713 4448 1843 4503 ἀκό-

2018 4433 2177 4490 Vsns.
2209 4435 2264 4502 4,
2291 4434 2343 4489 5.
2377 4435 2698 4491 Imminente
2720 4437 3065 4510 Assyriorum
3096 4440 3259 4507 bello,
3287 4458 3501 4513 aequum

276 4536 462 4593 λουθον
487 4533 554 4610 ἦν
579 4538 704 4602 τοὺς
737 4538 871 4609 πρὸς
898 4537 987 4591 τὸν
1019 4538 1149 4592 Θεὸν
1177 4537 1446 4602 τείνοντας
1473 4538 1533 4592 τὸ
1560 4538 1711 4610 ὄμμα
1737 4555 1838 4593 κα-

274 4633 561 4702 ταφρονεῖν
587 4631 682 4701 μὲν
702 4629 802 4701 τῆς
828 4629 1171 4701 ἀνθρωπίνης
1201 4629 1467 4702 βοηθείαςν
1494 4629 1636 4700 λέγω
1658 4630 1720 4703 δὴ
1739 4630 1838 4703 τῆς

272 4720 381 4775 τῶν
405 4721 755 4791 Αἰγυπτίων
783 4720 868 4774 ἐπ’
890 4721 1049 4774 αὑτὸν
1064 4720 1122 4774 δέ
1145 4721 1242 4785 τὰς
1275 4721 1495 4785 ἐλπίδας
1518 4721 1834 4793 κεκτῆσθαι,

275 4814 368 4867 καὶ
391 4814 539 4886 αὑτῷ
566 4813 849 4886 προσέχειν
881 4812 972 4866 τδν
1001 4812 1127 4867 νοῦν
1151 4830 1164 4843 ·
1193 4813 1318 4877 τοὺς
1340 4812 1449 4885 γὰρ
1475 4814 1736 4886 πρότερον
1762 4814 1834 4886 μὴ

272 4903 595 4977 δυναμένους
620 4904 711 4958 τὸν
731 4904 830 4974 τῆς
851 4903 1156 4967 θεοσεϐείας
1181 4902 1508 4975 διαρθρῶσαι
1537 4903 1691 4972 λόγον
1717 4906 1835 4958 τότε

272 4997 397 5069 ἐνῆν
433 4998 558 5051 ἰδεῖν
589 4996 846 5052 δύνασθαι
890 4999 1060 5070 τρανῇ
1090 4999 1155 5068 τῇ
1182 4995 1391 5069 γλώττῃ
1439 4996 1716 5067 ὁμολογεῖν
1745 4998 1836 5053 τὸν

271 5089 367 5159 τῆς
394 5092 614 5162 εἰρήνης
654 5090 975 5163 βραϐευτὴν,
998 5090 1097 5144 καὶ
1119 5088 1298 5142 οὐκέτι
1332 5089 1602 5160 αἱρεῖσθαι
1634 5090 1724 5143 τὸν
1744 5091 1836 5143 Αί-

269 5179 494 5245 γύπτιον
536 5180 714 5234 αὐτῶν
752 5181 958 5253 ἄρχειν,
1005 5179 1064 5233 ὃν
1101 5179 1282 5251 μωρὸν
1328 5177 1550 5242 δικαίως
1580 5181 1613 5250 ἡ
1646 5180 1833 5252 Γραφὴ

269 5268 568 5338 ὠνόμασεν.

334 5358 440 5412 Τοῦ
477 5363 750 5435 τάγματος
794 5365 902 5417 τῶν
960 5365 1168 5435 ἀνδρῶν
1225 5365 1486 5433 ἀνηκοΐαν
1531 5363 1830 5428 νοσοῦντος,

267 5449 493 5518 μετάγει
525 5456 615 5506 τὸν
644 5454 801 5523 λόγον
823 5457 852 5509 ὁ
883 5458 1166 5530 προφήτης
1192 5459 1287 5510 ἐπὶ
1313 5458 1409 5520 τὰς
1431 5458 1715 5526 γυναῖκας,
1739 5456 1834 5510 καὶ

262 5540 572 5611 νομοθετεῖν
623 5543 763 5610 ἀξιοῖ
803 5547 1004 5609 ταύτας
1029 5563 1042 5577 ’
1096 5548 1189 5601 καὶ
1235 5547 1467 5618 μάλιστα
1514 5546 1612 5610 τὰς
1645 5544 1831 5616 κομώ-

262 5647 359 5697 σας
425 5636 664 5709 πλούτῳ,
697 5637 752 5690 αἳ
803 5636 896 5691 τοῦ
957 5639 1054 5710 μὲν
1114 5639 1320 5693 ἑαυτῶν
1382 5639 1586 5711 κόσμου
1633 5638 1830 5708 πολλὴν

258 5722 578 5794 ἐπιμέλειαν
642 5730 996 5802 ἐποιήσαντο,
1062 5730 1242 5796 καθὼς
1306 5731 1401 5785 καὶ
1459 5733 1515 5783 ἐν
1565 5735 1676 5794 τοῖς
1732 5730 1830 5802 ἔμ-

1940 4531 2058 4580 erat
2124 4531 2185 4579 ut
2227 4524 2402 4580 oculis
2437 4526 2493 4580 in
2526 4524 2694 4581 Deum
2739 4525 2954 4594 intenti,
3005 4527 3297 4583 humanam
3342 4544 3500 4600 opem

1941 4628 2312 4686 spernerent;
2359 4633 2515 4688 opem
2569 4619 2693 4675 dico
2745 4619 3164 4692 Egyptiorum;
3214 4620 3270 4674 in
3321 4621 3500 4691 ipsum

1941 4725 2068 4765 vero
2101 4709 2461 4775 conﬁderent,
2504 4726 2671 4765 unum
2714 4727 2837 4766 eum
2880 4713 3244 4769 intuerentur.
3288 4712 3501 4784 Quippe

1939 4806 2029 4873 qui
2093 4804 2246 4873 prius
2288 4803 2384 4859 Dei
2433 4820 2630 4861 nomen
2692 4805 2783 4859 vix
2826 4805 3097 4861 haesitanti
3139 4806 3324 4877 lingua
3382 4808 3499 4863 bal—

1938 4897 2117 4953 butire
2155 4904 2469 4966 potuerant,
2508 4912 2657 4952 nunc
2704 4898 2922 4953 eosdem
2953 4897 3159 4954 videris
3198 4899 3496 4970 principem

1937 4991 2089 5059 pacis
2143 4990 2403 5046 distincta
2455 5005 2591 5045 voce
2642 4990 2957 5056 confessos,
3009 5002 3064 5047 et
3115 4991 3496 5064 Egyptiorum

1938 5083 2225 5153 imperium
2254 5082 2367 5153 jam
2400 5083 2758 5139 abhorrentes
2800 5098 2938 5153 quos
2972 5085 3166 5140 merito
3213 5086 3497 5161 Scriptura

1938 5174 2136 5229 stultos
2176 5180 2350 5229 vocat.

1885 5349 1894 5355 ’
2002 5354 2166 5410 Vsus.
2197 5355 2249 5410 9.
2296 5353 2430 5409 Cum
2476 5355 2717 5411 virorum
2761 5356 2896 5411 ordo
2942 5355 3308 5412 inobedienlia
3338 5355 3494 5408 labo-

1936 5459 2038 5514 ret,
2074 5449 2330 5504 mulieres
2363 5448 2559 5502 aﬁatur
2601 5449 2884 5519 propheta,
2930 5450 3157 5518 illasque
3195 5446 3497 5502 informan-

1934 5540 2034 5596 das
2065 5541 2295 5611 suscipit
2330 5559 2345 5608 ;
2383 5543 2683 5608 praesertim
2716 5558 2847 5598 vero
2892 5540 3097 5595 divitiis
3128 5540 3493 5604 abundantes,

1934 5649 2054 5702 qum
2097 5648 2296 5705 corpus
2335 5649 2495 5689 suum
2537 5649 2752 5689 summo
2784 5633 2967 5687 studio
3008 5633 3381 5697 exornabant,
3416 5635 3496 5687 uti

1934 5736 1987 5782 et
2018 5743 2179 5799 supra
2220 5728 2478 5799 propheta
2515 5727 2896 5783 conﬁrmavit-
2932 5740 3116 5782 verum
3153 5732 3331 5780 autem
3374 5725 3495 5781 cul~
