4038 6288
581 253 602 304 ι
618 250 716 305 εἴ]

1787 241 2129 321 ΤΗΕΟΟΟΒΙ
2170 240 2688 296 HERACLEENSIS

3610 258 3627 309 i
3635 260 3710 313 39.3

575 383 714 436 tum,
771 371 1108 441 spiritualem
1165 368 1395 431 scilicet,
1458 365 1822 436 negligebant,
1863 379 1971 434 quo
2030 363 2170 422 sibi,

2117 363 2131 414 i
2164 370 2206 422 Α
2237 359 2466 430 προσθεν
2499 358 2783 424 κατέλεξεν
2814 363 2841 410 ὸ
2880 358 3192 427 προφήτης·
3227 360 3315 415 τοῦ
3342 361 3395 414 δέ
3422 362 3619 435 ἀληθοῦς
3638 372 3711 440 ψυ.

503 487 517 503 σ
572 467 804 523 salutem
844 463 1074 519 fuissent
1115 467 1441 515 consecutae.
1482 457 1630 523 Quas
1663 457 1826 528 igitur
1862 457 2007 511 velut
2051 470 2136 508 ex-

575 554 975 631 pergefaciens,
1025 561 1079 608 et
1124 552 1373 607 excitans
1412 562 1662 605 sermone
1701 567 1713 603 :
1758 567 1774 598 ι
1806 546 2023 611 Audite,
2052 547 2133 599 in.

574 652 715 720 quit,
751 647 1006 701 mulieres
1039 643 1283 708 divites;
1332 660 1351 693 ι
1395 656 1506 696 non
1545 640 1693 709 ipsas
1741 654 1872 695 sane
1920 638 2136 693 divitias

578 747 912 806 insectatur,
954 745 1144 808 utpote
1180 751 1303 807 qua:
1338 735 1474 805 ipsis
1518 733 1734 788 fuerant
1787 747 1818 786 a
1857 730 1967 786 Deo
2015 745 2138 784 cre-

576 836 720 900 ditae,
758 831 854 887 sed
885 844 1066 884 mores
1095 828 1236 882 male
1265 826 1462 897 opibus
1490 823 1608 880 suis
1632 821 1924 877 utentium.

645 1011 811 1067 Vens.
860 1008 1175 1065 15.1ndicat
1205 1007 1294 1062 hic
1325 1007 1480 1061 locos
1510 1019 1631 1061 esse
1666 1000 2133 1066 vastandos;nam

574 1103 820 1159 Cbermel
852 1116 1008 1155 mons
1039 1106 1123 1154 est
1156 1097 1436 1152 Samaritae.

640 1217 769 1271 Car.
807 1212 1045 1277 XXXIII,
1100 1210 1268 1266 Vens.
1310 1210 1363 1263 2.
1425 1209 1560 1264 Cum
1609 1209 1664 1263 in
1706 1207 1822 1261 dies
1862 1205 2034 1275 magis
2075 1218 2137 1258 ac

577 1309 746 1378 magis
793 1311 1122 1376 augerentur
1167 1300 1363 1372 populi
1404 1307 1649 1370 peccata,
1699 1311 1800 1351 nec
1855 1295 2018 1348 minis
2069 1294 2135 1346 ad

577 1401 946 1470 paenitentiam
994 1395 1258 1458 deterriti,
1292 1408 1389 1448 nec
1436 1408 1531 1462 spe
1574 1392 1838 1446 bonorum
1902 1387 1968 1441 ad
2011 1388 2138 1458 pie-

578 1501 737 1547 tatem
802 1490 1050 1552 excitati,
1094 1486 1471 1542 misericordia
1522 1492 1801 1554 permotus
1844 1482 1958 1550 ipse
2020 1495 2140 1548 pro-

579 1586 760 1657 pheta,
796 1583 939 1638 haud
982 1596 1141 1638 secus
1171 1593 1235 1633 ac
1266 1578 1311 1634 si
1346 1578 1458 1647 jam
1496 1591 1620 1631 eum
1655 1579 1901 1629 cerneret
1930 1571 2136 1626 meritis

581 1675 856 1746 suppliciis
882 1672 1206 1735 contritum,
1244 1668 1471 1723 salutem
1503 1666 1703 1720 civium
1738 1679 1767 1716 a
1801 1662 1908 1717 Deo
1946 1659 2132 1729 depre-

579 1774 749 1821 catur.
783 1762 900 1831 Qua
950 1761 1161 1816 ratione
1197 1759 1436 1815 declarat
1493 1757 1642 1828 ipsos
1689 1754 1764 1808 nil
1812 1754 2134 1808 intentatum

575 1854 1064 1922 intemeratumque
1117 1849 1439 1918 reliquisse,
1490 1861 1591 1901 nec
1637 1841 1783 1898 aliud
1847 1842 1950 1897 sibi
2007 1856 2136 1910 pro-

575 1947 861 2009 meruisse,
894 1944 997 1999 nisi
1033 1957 1241 2013 poenas.
1270 1940 1508 2011 .Equum
1536 1946 1621 1993 est
1661 1944 1719 1991 ut
1754 1934 1915 1990 nobis
1944 1947 2137 2004 parcas

575 2047 627 2095 et
667 2036 978 2094 miserearis
1006 2052 1018 2065 α
1051 2035 1110 2088 in
1147 2042 1200 2088 te
1232 2035 1376 2089 enim
1407 2030 1752 2086 conﬁdimus.

650 2212 810 2269 Vens.
859 2213 913 2268 5.
959 2210 1085 2266 Haec
1113 2209 1245 2264 dicit
1277 2208 1562 2281 propheta,
1594 2221 1704 2262 non
1751 2214 1809 2260 ut
1848 2202 2138 2273 .ndignan-

577 2312 682 2359 tem
716 2303 881 2357 Deum
907 2304 1103 2373 placet,
1138 2301 1231 2357 sed
1258 2310 1312 2354 ut
1340 2301 1597 2371 populum
1632 2299 1844 2363 doceat,
1875 2294 2006 2366 quid
2036 2294 2139 2365 ipsi

578 2395 645 2449 ad
678 2394 1118 2466 consequendam
1147 2394 1377 2448 salutem
1409 2392 1677 2464 agendum
1713 2392 1803 2445 sit.
1835 2387 1965 2455 Quae
1992 2387 2138 2442 enim

579 2488 663 2542 sui
710 2487 935 2542 conscio
977 2486 1176 2556 pepulo
1219 2483 1285 2538 ad
1333 2483 1499 2539 Deum
1541 2481 1813 2537 fundenda
1855 2486 2033 2544 erant,
2072 2491 2139 2532 ea

580 2585 703 2634 vota
752 2576 883 2631 facit
933 2576 1198 2648 propheta
1247 2574 1391 2646 apud
1436 2590 1624 2630 eorum
1674 2572 2010 2638 Dominum;
2065 2569 2140 2623 ita

582 2673 781 2727 docens
830 2686 926 2726 eos
980 2669 1111 2739 quid
1155 2668 1259 2725 sibi
1308 2668 1394 2739 pia
1440 2678 1618 2723 mente
1669 2666 1931 2737 flagitent,
1980 2670 2038 2717 ut
2087 2667 2142 2717 et

582 2764 681 2834 ipsi
727 2763 810 2818 vel
868 2762 1187 2833 prophetam
1235 2760 1466 2824 imitati,
1510 2773 1731 2814 causam
1785 2771 1936 2812 suam
1997 2752 2140 2825 apud

583 2854 746 2908 Deum
786 2861 969 2923 agant.

651 2964 815 3021 Vens.
857 2965 910 3021 5.
961 2964 1319 3035 Progressum
1362 2962 1585 3029 mentis,
1631 2969 1686 3019 et
1723 2962 1923 3017 bonam
1973 2951 2141 3012 animi

2238 450 2391 522 χικοῦ
2414 451 2708 521 κόσμου,ὂς
2732 449 3005 520 σωτηρίαν
3021 451 3206 513 αὐταῖς
3229 452 3495 521 προεξένει,
3511 459 3712 527 ἠμέλουν,

2239 540 2447 612 ’Ὠσπερ
2470 536 2563 593 οὖν
2594 539 2907 608 ἁφυπνίζων
2927 539 3093 601 αύτάς
3114 541 3203 594 καὶ
3224 542 3483 599 διανιστῶν
3506 547 3572 617 τῷ
3592 549 3713 623 λόγῳ,

2242 650 2261 683 ς
2310 633 2618 695 Ἀκούσατε,
2665 630 2891 700 ἔφασκε,
2926 632 3178 698 γυναῖκες
3217 630 3473 690 πλούσιαι·
3511 656 3528 689 ι
3555 639 3637 693 οὐκ
3659 647 3715 708 είς

2236 723 2461 778 πλοῦτον
2490 722 2658 786 αύτὰς
2709 722 3105 786 ἀποσκώπτων,
3137 721 3194 786 ὃς
3217 725 3307 776 καὶ
3332 725 3478 790 αὐτὸς
3502 732 3628 801 παρὰ
3646 736 3716 788 τοῦ

2234 814 2368 868 Θεοῦ
2395 814 2618 880 ἐδέδοτο,
2643 813 2754 866 ἀλλ’
2789 815 2868 877 είς
2891 813 3088 885 τρόπον
3119 812 3224 866 τῶν
3256 816 3426 882 κακῶς
3457 819 3526 890 τῷ
3552 824 3715 897 πλούτῳ

2236 905 2551 978 χρωμένων.

2305 996 2415 1067 Τὴν
2444 995 2887 1067 καταληψομένην
2919 996 3043 1061 τοὺς
3071 998 3267 1062 τόπους
3297 1000 3510 1070 ἐρημίαν
3538 1003 3717 1061 ἐνταῦθα

2239 1088 2492 1160 σημαίνει
2513 1105 2525 1116 ·
2557 1086 2776 1159 Χερμέλ
2807 1092 2915 1160 γὰρ
2939 1088 3062 1160 ὅρος
3082 1089 3198 1142 ἐστὶ
3236 1089 3333 1160 τῆς
3357 1092 3640 1164 Σαμαρείας.

2306 1201 2401 1263 Et;
2426 1199 2704 1272 ἀπέραντα
2754 1200 3190 1273 παρανομοῦντος
3227 1202 3318 1256 τοῦ
3354 1202 3492 1267 λαοῦ,
3521 1207 3597 1259 καὶ
3618 1213 3716 1280 μήτε

2235 1295 2300 1365 τῇ
2328 1292 2437 1345 τῶν
2497 1292 2836 1365 σκυθρωπῶν
2875 1292 3174 1364 ἐπαγγελίᾳ
3215 1295 3581 1364 καμπτομένων
3619 1299 3717 1368 πρὸς

2240 1384 2547 1456 μετάνοιαν,
2582 1386 2719 1455 μήτε
2750 1387 2817 1457 τῇ
2854 1382 2962 1437 τῶν
2995 1382 3243 1456 χρηστῶν
3272 1383 3438 1438 ἐλπίδι
3458 1384 3718 1457 διεγειρομέ-

2237 1489 2340 1527 νων
2374 1471 2508 1544 πρὸς
2540 1471 2866 1539 θεοσέϐειαν,
2895 1474 2973 1536 είς
3017 1472 3352 1543 συμπάθειαν
3395 1474 3719 1545 κατενεχθεὶςὸ

2237 1565 2538 1637 προφήτης,
2561 1565 2638 1628 ὡς
2667 1564 2891 1636 μηδενὸς
2922 1565 3109 1638 ἐτέρου
3131 1564 3441 1635 λειπομένου
3461 1565 3490 1636 ἢ
3516 1570 3718 1638 τιμωρίας

2236 1658 2335 1727 τῆς
2366 1655 2770 1727 ἐπαχθήσεσθαι
2809 1657 2990 1720 αὐτοῖς
3023 1655 3317 1727 μελλούσης
3348 1657 3460 1713 κατ’
3492 1656 3634 1723 ἀξίαν,
3654 1660 3718 1711 εὑ-

2235 1747 2335 1819 χὴν
2364 1749 2503 1820 ὑπὲρ
2523 1748 2702 1802 αὐτῶν
2730 1749 3044 1821 ἀναπέμπει
3073 1749 3210 1820 πρὸς
3230 1748 3318 1801 τὸν
3337 1748 3441 1801 τῶν
3464 1748 3581 1802 ὅλων
3599 1749 3715 1803 Θεόν⁹

2233 1841 2394 1895 τοῦτο
2419 1840 2615 1913 δηλῶν,
2654 1841 2737 1894 ὅτι
2764 1840 2835 1895 τὰ
2866 1841 2963 1913 μὲν
3003 1844 3132 1912 παρ’
3163 1840 3324 1896 αὐτοῦ
3361 1840 3462 1894 τῶν
3487 1842 3556 1904 είς
3577 1842 3717 1894 κακίαν

2239 1932 2726 2003 συμπεπλήρωται,
2771 1933 2865 1986 καὶ
2910 1933 3062 1987 οὐδὲν
3109 1933 3293 2005 ἕτερον
3336 1932 3714 2004 κεχρεωαιιήσεται

2237 2024 2416 2086 αὐτοῖς
2462 2024 2495 2094 ἢ
2525 2022 2647 2093 δίκη
2668 2039 2681 2052 °
2723 2023 2881 2096 χρεία
2907 2023 2964 2078 δέ
2990 2024 3099 2078 τῶν
3123 2023 3232 2079 σῶν
3265 2022 3539 2095 οἰκτιρμῶν
3562 2023 3632 2076 καὶ
3651 2021 3712 2075 τοῦ

2239 2114 2333 2168 σοῦ
2362 2112 2534 2177 ἐλέου,
2569 2114 2644 2177 ὡς
2670 2114 2762 2168 ἐπὶ
2786 2114 2867 2169 σοὶ
2894 2114 3231 2170 πεποιθότων

2309 2206 2492 2261 Ταῦτα
2512 2208 2568 2261 δὲ
2590 2209 2619 2261 ό
2643 2209 2926 2281 προφήτης
2952 2208 3156 2278 ἔλεγεν.
3184 2210 3284 2280 οὐχ
3307 2209 3380 2271 ὼς
3400 2205 3718 2276 ἀγανακτοῦντα

2237 2300 2328 2354 τὸν
2340 2300 2471 2355 Θεὸν
2485 2300 2771 2367 διδάσκων,
2802 2300 2915 2355 ἀλλ’
2941 2300 3016 2366 ὡς
3028 2301 3106 2373 τῷ
3115 2300 3233 2372 λαῷ
3250 2300 3528 2372 προφάσεις
3538 2296 3715 2368 παρέξων

2242 2392 2351 2448 τῶν
2370 2391 2681 2464 ἀρκούντων
2708 2394 2891 2458 αὐτοῖς
2909 2396 2990 2458 είς
3019 2396 3314 2466 σωτηρίαν,
3338 2391 3511 2462 ’Λγάρ
3525 2388 3719 2460 ὲχρῆντὺν

2240 2484 2364 2537 λαὸν
2390 2484 2527 2556 ὑπὲρ
2548 2485 2740 2539 ἐαυτοῦ
2757 2488 2838 2549 είς
2871 2484 3225 2556 συναίσθησιν
3250 2484 3519 2556 ἐρχόμενον
3540 2481 3644 2552 πρὸς
3660 2479 3720 2531 τὸν

2240 2576 2371 2629 Θεὸν
2417 2576 2613 2647 λέγειν,
2643 2577 2794 2631 ταῦθ’
2820 2580 2849 2632 ὁ
2889 2578 3172 2651 προφήτης
3219 2579 3299 2641 είς
3345 2576 3555 2647 ἐπήκοον
3595 2570 3721 2626 αὐτῶν

2241 2668 2530 2740 εὐχόμενος
2566 2669 2843 2724 ἐδίδασκεν
2875 2670 3070 2733 αὐτοὺς
3106 2667 3445 2741 ἐρανίζεσθαι
3475 2665 3551 2720 τὸν
3580 2660 3720 2730 εύσεόἧ

2242 2760 2364 2815 νοῦν
2384 2777 2397 2790 ·
2423 2760 2510 2814 ἴνα
2537 2761 2633 2816 καὶ
2660 2761 2833 2829 αὐτοὶ,
2861 2760 2962 2816 κᾶν
2993 2761 3121 2830 γοῦν
3155 2759 3513 2832 μιμησάμενοι
3534 2755 3607 2809 τὸν
3631 2770 3722 2823 προ-

2243 2857 2436 2929 φήτην,
2467 2857 2606 2928 ὑπὲρ
2638 2856 2841 2911 ἑαυτῶν
2880 2856 3014 2928 πρὸς
3044 2856 3132 2909 τὸν
3165 2855 3302 2908 Θεὸν
3331 2852 3634 2924 φθέγξωνται.

2313 2970 2598 3043 Προκοπὴν
2631 2971 2868 3034 διανοίας
2889 3010 2903 3035 ,
2949 2968 3042 3022 καὶ
3086 2967 3328 3038 δίδαγμα
3373 2965 3533 3037 ψυχῆς
3578 2958 3724 3030 ἀγαθὸν

584 3057 882 3113 doctrinam
937 3056 1140 3110 indicat
1209 3070 1450 3126 praesens
1503 3054 1619 3110 haec
1683 3053 1945 3124 precatio.
2001 3049 2179 3104 Namt

2125 3047 2207 3106 lc
2239 3064 2388 3137 δηλοῖ
2438 3066 2470 3136 ή
2529 3064 2861 3136 προκειμένη
2922 3062 3215 3134 προσευχὴ.
3272 3061 3381 3131 Ούχ
3427 3059 3494 3123 ὡς
3534 3056 3620 3128 γὰρ
3659 3052 3720 3108 τοῦ

584 3153 724 3206 Deus
747 3164 855 3204 non
889 3163 953 3204 eo
989 3149 1134 3218 quod
1177 3146 1434 3219 procedat
1478 3147 1533 3200 in
1582 3145 1892 3208 sanctitate,
1916 3152 2139 3200 sanctus

585 3249 825 3305 vocatur,
879 3245 973 3296 sed
1010 3240 1127 3311 ipse
1160 3239 1251 3309 qui
1297 3245 1553 3310 precatur
1583 3235 1795 3307 proﬁcit
1837 3236 1893 3290 in
1938 3236 2142 3290 sancti-

583 3342 728 3400 tate,
783 3342 836 3390 et
874 3332 1214 3404 maiestatem
1259 3331 1756 3399 sublimitatemque
1797 3327 1893 3384 Dei
1939 3326 2142 3382 intelli-

582 3429 766 3500 gentia
806 3427 1179 3496 consequitur.
1218 3423 1369 3478 Tunc
1397 3422 1543 3477 enim
1586 3420 1889 3492 praesertim
1918 3426 2142 3474 sanctus

584 3534 708 3574 vere
758 3526 812 3573 et
861 3517 1111 3573 sublimis
1157 3529 1280 3570 esse
1329 3512 1471 3570 Deus
1525 3521 1868 3584 agnoscetur,
1926 3508 2143 3579 quando

583 3611 873 3684 perfectior
904 3610 1116 3664 animus
1154 3606 1443 3678 perspiciet
1466 3604 1614 3675 justa
1643 3619 1765 3660 esse
1797 3609 1994 3657 cuncta
2032 3600 2144 3656 veri

584 3704 680 3758 Dei
708 3701 936 3772 judicia.
964 3700 1093 3767 Quae
1126 3699 1344 3771 quidem
1375 3714 1520 3755 nunc
1545 3698 1612 3752 ad
1641 3695 1963 3761 Jerusalem,
1999 3707 2146 3748 nunc

586 3793 653 3847 ad
693 3807 906 3847 omnem
946 3800 1251 3845 creaturam
1283 3796 1547 3860 spectant.
1578 3787 1776 3842 Pmnas
1806 3786 1948 3841 enim
1983 3784 2145 3839 dabat

586 3884 738 3949 urbs,
767 3899 876 3937 non
915 3891 974 3937 ut
1016 3882 1260 3937 funditus
1290 3891 1594 3947 erueretur,
1630 3881 1725 3936 sed
1765 3888 1823 3935 ut
1861 3877 2145 3935 erudiren-

590 3981 700 4036 tur,
742 3980 1295 4043 converterenturque
1327 3972 1515 4027 incolae
1544 3971 1682 4042 ejus.

659 4082 825 4140 Vens.
857 4086 910 4140 9.
942 4085 1115 4143 Locos
1143 4100 1242 4156 pro
1276 4086 1518 4142 locorum
1552 4084 1855 4141 cultoribus
1887 4089 2149 4154 usurpat;

590 4191 756 4232 sensu
789 4178 1033 4230 carentia
1076 4178 1131 4232 in
1163 4178 1399 4234 medium
1442 4175 1672 4250 profert,
1702 4185 1759 4233 ut
1810 4192 1973 4233 sensu
2014 4191 2151 4246 pra:-

591 4268 739 4323 ditos
806 4266 1017 4337 pudore
1076 4267 1318 4335 aiIiciat;
1362 4284 1482 4339 quae
1536 4269 1682 4324 enim
1723 4267 1792 4323 de
1839 4267 2153 4323 hominibus

2241 3156 2375 3210 Θεοῦ
2405 3158 2483 3220 είς
2526 3155 2795 3227 ἀγιασμὸν
2827 3155 3260 3226 προκόπτοντος,
3284 3152 3343 3205 τὸ
3381 3151 3531 3221 ᾶτιος
3550 3148 3720 3216 ἐλέγετο,

2241 3246 2351 3300 ἀλλ’
2401 3243 2564 3300 αὐτοῦ
2601 3244 2693 3297 τοῦ
2726 3242 3157 3315 προσευχομένου
3206 3243 3288 3307 είς
3315 3239 3561 3311 ἀγιασμὸν
3582 3251 3721 3309 προπιε-

2242 3340 2468 3402 κοπότος
2495 3377 2508 3401 ,
2567 3339 2661 3391 καὶ
2723 3337 2783 3390 τὸ
2831 3336 3114 3408 μεγαλεῖον
3149 3336 3251 3390 τοῦ
3288 3335 3418 3390 Θεοῦ
3460 3334 3541 3388 καὶ
3579 3329 3720 3401 ὑψηλὸν

2244 3428 2624 3498 κατειληφότος
2643 3447 2656 3459 ·
2688 3428 2809 3481 τότε
2854 3428 2963 3499 γάρ
3002 3428 3243 3500 μάλιστα
3278 3426 3486 3499 ἀληθῶς
3515 3426 3636 3493 ἅγιος
3661 3421 3725 3473 καὶ

2244 3520 2443 3591 ὑψηλὸς
2469 3518 2684 3592 νοηθείη
2735 3514 2870 3573 εἶναι
2911 3519 3061 3583 Θεὸς,
3090 3520 3167 3574 ὅτ’
3210 3519 3277 3575 ἂν
3319 3517 3603 3591 προκύψασα
3623 3510 3724 3581 φνΧῆ

2244 3609 2403 3664 ἐνίδοι
2441 3609 2531 3664 τὸν
2577 3608 2746 3674 ὅντως
2796 3610 2925 3664 ὄντα
2971 3609 3103 3665 Θεὸν
3154 3609 3384 3674 δικαίως
3430 3606 3637 3680 μετιόντα
3657 3601 3727 3661 τὰς

2243 3703 2479 3775 κρίσεις⁸
2537 3701 2695 3756 τοῦτο
2742 3702 2838 3772 μὲν
2889 3703 2975 3754 ἐπ’
3023 3701 3200 3773 αὐτῆς
3245 3702 3345 3773 τῆς
3419 3695 3728 3771 Ἰερουσαλὴμ.

2243 3792 2399 3848 τοῦτο
2425 3794 2480 3848 δὲ
2529 3795 2620 3847 ἐπὶ
2652 3794 2758 3848 τῶν
2800 3794 3057 3848 καθόλουο
3090 3794 3408 3849 ἐπαιδεύετο
3434 3792 3531 3862 γὰρ
3570 3792 3596 3860 ὴ
3624 3785 3731 3846 πόλις

2244 3887 2342 3940 οὐκ
2385 3889 2464 3950 είς
2513 3887 2747 3957 παντελῆ
2792 3884 3162 3957 ἐξολόθρευσιν
3192 3927 3209 3953 ,
3264 3886 3377 3940 ἀλλ’
3409 3888 3484 3949 είς
3511 3878 3734 3952 θεραπείαν

2198 3988 2204 3994 ·
2246 3977 2341 4030 καὶ
2370 3975 2702 4048 ἐπιστροφὴν
2744 3975 2853 4029 τῶν
2883 3976 3236 4031 ἐνοικούντων
3270 3978 3454 4049 αὐτήν.

2317 4086 2454 4150 Τοὺς
2485 4086 2681 4149 τόπους
2717 4085 2837 4140 ἀντὶ
2885 4085 2991 4140 τῶν
3024 4088 3327 4159 οἰκητόρων
3365 4080 3738 4158 παραλαμϐάνειν

2250 4179 2344 4232 καὶ
2392 4177 2459 4233 τὰ
2492 4176 2790 4248 ἀναίσθητα
2838 4178 3097 4249 αίσχύνην
3123 4178 3234 4231 τῶν
3262 4178 3549 4250 αἰσθητῶν·
3579 4173 3635 4228 τὰ
3663 4168 3741 4239 γὰρ

2249 4268 2554 4341 ἁρμόζοντα
2593 4271 2681 4323 ἐπ’
2719 4269 3019 4341 ἀνθρώπων
3069 4272 3169 4343 τήν
3212 4272 3419 4327 ἑαυτῶν
3448 4268 3631 4340 πληγὴν
3651 4280 3741 4315 πεν-

590 4359 845 4414 valebant
897 4367 1099 4414 sortem
1165 4374 1320 4414 suam
1370 4359 1715 4424 dedentibus,
1764 4374 1827 4416 ea
1881 4359 1950 4414 ad
1998 4359 2185 4415 locos.

2179 4396 2224 4452 Ι)
2253 4360 2484 4415 θούντων
2504 4401 2519 4425 ,
2551 4360 2721 4415 ταῦτα
2758 4363 3064 4434 μετήγαγεν
3092 4364 3120 4414 ὁ
3150 4363 3310 4433 λόγος
3353 4365 3437 4419 ἐπ’
3461 4361 3631 4422 αὐτοὺς
3653 4355 3743 4415 τοὺς

592 4451 741 4522 ipsos
791 4451 957 4508 refert
1008 4452 1445 4524 ingemiscentes,
1486 4452 1895 4524 propemodum,
1936 4459 1988 4509 et
2024 4466 2151 4522 par-

593 4542 880 4608 turientes,
913 4550 969 4597 ut
996 4545 1071 4598 ait
1110 4542 1443 4614 Apostolus“
1472 4561 1487 4611 ;
1538 4558 1768 4614 quorum
1791 4542 1953 4598 simul
1987 4542 2150 4597 deso-

556 4631 851 4715 .lationem
898 4644 1160 4690 memorat
1206 4635 1459 4691 omnibus
1507 4635 1855 4707 perspicuam
1920 4634 2148 4689 manife-

595 4733 842 4796 stamque
871 4727 1126 4782 futuram.

667 4836 831 4893 Vens.
880 4839 962 4893 15.
1009 4838 1274 4908 Populum
1315 4840 1654 4912 opprimente
1702 4838 1809 4895 Deo
1855 4856 1954 4910 per
1986 4841 2152 4912 Assy-

596 4931 733 4996 rios,
770 4946 879 4986 non
915 4930 1109 4986 vicinia
1156 4942 1366 4989 tantum
1404 4934 1719 5005 stupebunt,
1752 4935 1844 4990 sed
1883 4942 1936 4989 et
1962 4935 2053 5004 qui
2086 4935 2153 4989 de

597 5023 755 5093 longe
805 5019 1066 5088 audient;
1136 5025 1542 5082 confundentnr
1602 5027 1754 5097 impii
1824 5027 1880 5081 in
1935 5025 2153 5083 Jerusa-

594 5113 720 5169 lem.

668 5296 795 5351 Car.
827 5292 1067 5359 XXXIV,
1097 5292 1263 5351 Vnus.
1298 5297 1384 5364 12,
1414 5300 1497 5354 1'5.
1524 5299 1837 5372 Rhapsaces
1862 5301 2062 5356 dicitur
2088 5318 2151 5355 ex

598 5386 912 5458 captivitate
954 5386 1123 5444 fuisse
1177 5387 1362 5443 decem
1417 5391 1681 5457 tribuum,
1729 5402 1784 5449 et
1827 5392 1929 5449 hoc
1978 5410 2040 5450 ex
2093 5410 2156 5450 eo

598 5479 999 5549 comprobatur,
1040 5481 1183 5550 quod
1222 5481 1454 5551 potuerit
1482 5480 1704 5541 Judaice
1728 5486 1896 5557 loqui.

672 5636 867 5694 ’Rom.
905 5656 1020 5704 rm,
1062 5640 1149 5694 2'2.

2250 4454 2446 4519 τόπους
2470 4454 2747 4526 μονονουχὶ
2770 4454 3119 4519 στενάζοντας
3140 4458 3236 4511 καὶ
3268 4456 3624 4514 συνωδίνοντας
3643 4443 3746 4501 κατά

2252 4546 2341 4600 τὸν
2381 4546 2700 4599 Ἀποστόλου
2729 4546 2884 4616 λόγον
2903 4563 2916 4577 ⁸
2939 4539 3012 4601 ὧν
3037 4547 3132 4618 τὴν
3152 4549 3431 4619 ἐρήμωσιν
3458 4541 3660 4616 φανερὰν
3678 4534 3745 4592 καὶ

2253 4635 2473 4706 ἔκδηλον
2505 4638 2618 4701 τοῖς
2649 4638 2781 4690 πᾶσι
2818 4635 3032 4707 μηνύει.

2336 4840 2458 4893 Ἐπὶ
2505 4842 2570 4910 τῇ
2622 4838 2892 4912 μελλούσῃ
2925 4839 3074 4911 παρὰ
3128 4838 3222 4893 τοῦ
3279 4839 3416 4893 Θεοῦ
3443 4838 3602 4907 πληγῇ
3638 4827 3747 4900 παρά

2256 4931 2365 4985 τῶν
2419 4932 2715 5003 Ἀσσυρίων
2770 4931 3169 5003 ἐπαχθήσεσθαι
3248 4934 3310 4986 ού
3374 4932 3522 5004 μόνον
3566 4930 3607 4982 οἱ
3655 4924 3750 4990 πλη·

2261 5026 2373 5079 σίον
2423 5023 2590 5096 χῶροι
2639 5010 3102 5098 ἐκπλαγήσονται,
3151 5027 3293 5082 ἀλλά
3321 5027 3412 5081 καὶ
3442 5027 3488 5078 oi
3533 5017 3749 5091 πόρρωθεν

2261 5115 2624 5179 ἀκούσαντες·
2680 5115 2731 5167 oi
2758 5115 2859 5186 τῆς
2897 5117 3249 5189 Ἰερουσαλὴμ
3282 5117 3494 5179 ἀσεϐεῖς
3524 5105 3750 5180 αἰσχυνθή-

2263 5224 2459 5261 σονται.

2344 5300 2401 5353 '0
2446 5298 2720 5369 Ῥαψάκης
2765 5298 2979 5367 λέγεται
3038 5302 3102 5354 ἐκ
3132 5301 3225 5372 τῆς
3272 5297 3625 5372 αἰχμαλωσίας
3657 5284 3749 5343 εἶναι

2262 5389 2371 5444 τῶν
2397 5389 2526 5443 δέκα
2576 5389 2776 5459 φυλῶν,
2830 5392 2925 5445 καὶ
2966 5389 3125 5446 τοῦτο
3165 5393 3461 5464 τεκμήριον
3490 5380 3748 5443 εἷναιτὸεὶ’

2264 5485 2410 5540 δέναι
2448 5483 2609 5537 αὑτὸν
2652 5483 2949 5539 Ἰουδαῖστί.
