  <div class='ocr_page' id='page_1' title='image "/cluster/home/n/w/nwhite01/storage/ocr_20150623/18/mdp.39015008168943/690.png"; bbox 0 0 4038 6288; ppageno 0'>
   <div class='ocr_carea' id='block_1_1' title="bbox 285 468 421 522">
    <p class='ocr_par' dir='ltr' id='par_1_1' title="bbox 285 468 421 522">
     <span class='ocr_line' id='line_1_1' title="bbox 285 468 421 522; baseline 0 0"><span class='ocrx_word' id='word_1_1' title='bbox 285 468 421 522; x_wconf 71' lang='lat'><strong>£529</strong></span> 
     </span>
    </p>
   </div>
   <div class='ocr_carea' id='block_1_2' title="bbox 1740 481 2094 538">
    <p class='ocr_par' dir='ltr' id='par_1_2' title="bbox 1740 481 2094 538">
     <span class='ocr_line' id='line_1_2' title="bbox 1740 481 2094 538; baseline 0 -3"><span class='ocrx_word' id='word_1_2' title='bbox 1740 481 1805 536; x_wconf 79' lang='lat' dir='ltr'><strong>IN</strong></span> <span class='ocrx_word' id='word_1_3' title='bbox 1847 481 2094 538; x_wconf 75' lang='lat' dir='ltr'><strong>ISAIAM.</strong></span> 
     </span>
    </p>
   </div>
   <div class='ocr_carea' id='block_1_3' title="bbox 3374 478 3507 530">
    <p class='ocr_par' dir='ltr' id='par_1_3' title="bbox 3374 478 3507 530">
     <span class='ocr_line' id='line_1_3' title="bbox 3374 478 3507 530; baseline 0.008 -1"><span class='ocrx_word' id='word_1_4' title='bbox 3374 478 3507 530; x_wconf 74' lang='lat' dir='ltr'><strong>I530</strong></span> 
     </span>
    </p>
   </div>
   <div class='ocr_carea' id='block_1_4' title="bbox 351 574 1836 668">
    <p class='ocr_par' dir='ltr' id='par_1_4' title="bbox 351 574 1836 666">
     <span class='ocr_line' id='line_1_4' title="bbox 351 574 1836 666; baseline 0.011 -34"><span class='ocrx_word' id='word_1_5' title='bbox 351 583 711 653; x_wconf 83' lang='grc' dir='ltr'>Σημειωτεον,</span> <span class='ocrx_word' id='word_1_6' title='bbox 745 574 819 650; x_wconf 80' lang='grc' dir='ltr'>ὥς</span> <span class='ocrx_word' id='word_1_7' title='bbox 849 589 904 642; x_wconf 82' lang='grc' dir='ltr'><strong>ὲν</strong></span> <span class='ocrx_word' id='word_1_8' title='bbox 940 591 1002 660; x_wconf 82' lang='grc' dir='ltr'>τῇ</span> <span class='ocrx_word' id='word_1_9' title='bbox 1059 591 1390 664; x_wconf 80' lang='grc' dir='ltr'>προκειμένη</span> <span class='ocrx_word' id='word_1_10' title='bbox 1437 594 1644 666; x_wconf 78' lang='grc' dir='ltr'>ἱστορίᾳ.</span> <span class='ocrx_word' id='word_1_11' title='bbox 1666 594 1756 649; x_wconf 53' lang='lat' dir='ltr'><strong>&quot;sv</strong></span> <span class='ocrx_word' id='word_1_12' title='bbox 1784 601 1836 666; x_wconf 61' lang='grc' dir='ltr'>τῇ</span> 
     </span>
    </p>
   </div>
   <div class='ocr_carea' id='block_1_5' title="bbox 1937 574 3508 668">
    <p class='ocr_par' dir='ltr' id='par_1_5' title="bbox 2019 591 3508 657">
     <span class='ocr_line' id='line_1_5' title="bbox 2019 591 3508 657; baseline -0.003 -6"><span class='ocrx_word' id='word_1_13' title='bbox 2019 597 2147 651; x_wconf 69' lang='lat' dir='ltr'><strong>Car.</strong></span> <span class='ocrx_word' id='word_1_14' title='bbox 2184 593 2467 657; x_wconf 66' lang='lat' dir='ltr'><strong>XXXVIII,</strong></span> <span class='ocrx_word' id='word_1_15' title='bbox 2504 594 2668 649; x_wconf 72' lang='lat' dir='ltr'><strong>Vens.</strong></span> <span class='ocrx_word' id='word_1_16' title='bbox 2706 594 2757 657; x_wconf 84' lang='lat' dir='ltr'><strong>I,</strong></span> <span class='ocrx_word' id='word_1_17' title='bbox 2796 594 2849 648; x_wconf 73' lang='lat'><strong>2.</strong></span> <span class='ocrx_word' id='word_1_18' title='bbox 2903 591 3202 646; x_wconf 80' lang='lat' dir='ltr'><strong>Natandum</strong></span> <span class='ocrx_word' id='word_1_19' title='bbox 3238 600 3321 647; x_wconf 85' lang='lat' dir='ltr'><strong>est</strong></span> <span class='ocrx_word' id='word_1_20' title='bbox 3363 601 3421 645; x_wconf 91' lang='lat' dir='ltr'><strong>ut</strong></span> <span class='ocrx_word' id='word_1_21' title='bbox 3454 595 3508 646; x_wconf 91' lang='lat' dir='ltr'><strong>in</strong></span> 
     </span>
    </p>
   </div>
   <div class='ocr_carea' id='block_1_6' title="bbox 284 673 1841 760">
    <p class='ocr_par' dir='ltr' id='par_1_6' title="bbox 284 673 1841 760">
     <span class='ocr_line' id='line_1_6' title="bbox 284 673 1841 760; baseline 0.01 -34"><span class='ocrx_word' id='word_1_22' title='bbox 284 673 450 744; x_wconf 81' lang='grc' dir='ltr'>βίϐλῳ</span> <span class='ocrx_word' id='word_1_23' title='bbox 493 675 602 729; x_wconf 85' lang='grc' dir='ltr'><strong>τῶν</strong></span> <span class='ocrx_word' id='word_1_24' title='bbox 666 679 1152 752; x_wconf 85' lang='grc' dir='ltr'>Παραλειπομένων</span> <span class='ocrx_word' id='word_1_25' title='bbox 1201 684 1489 756; x_wconf 83' lang='grc' dir='ltr'>δεδήλωται</span> <span class='ocrx_word' id='word_1_26' title='bbox 1522 726 1536 739; x_wconf 94' lang='grc'><strong>.</strong></span> <span class='ocrx_word' id='word_1_27' title='bbox 1567 727 1581 741; x_wconf 94' lang='grc'><strong>.</strong></span> <span class='ocrx_word' id='word_1_28' title='bbox 1609 727 1623 740; x_wconf 93' lang='grc'><strong>.</strong></span> <span class='ocrx_word' id='word_1_29' title='bbox 1653 688 1841 760; x_wconf 86' lang='grc' dir='ltr'>ἀρθέν-</span> 
     </span>
    </p>
   </div>
   <div class='ocr_carea' id='block_1_7' title="bbox 282 767 1838 855">
    <p class='ocr_par' dir='ltr' id='par_1_7' title="bbox 282 767 1838 855">
     <span class='ocr_line' id='line_1_7' title="bbox 282 767 1838 855; baseline 0.012 -36"><span class='ocrx_word' id='word_1_30' title='bbox 282 783 371 829; x_wconf 89' lang='grc' dir='ltr'><strong>τος</strong></span> <span class='ocrx_word' id='word_1_31' title='bbox 400 767 494 820; x_wconf 77' lang='grc' dir='ltr'><strong>καὶ</strong></span> <span class='ocrx_word' id='word_1_32' title='bbox 524 767 916 840; x_wconf 80' lang='grc' dir='ltr'>ὑψηλαυχενίαν</span> <span class='ocrx_word' id='word_1_33' title='bbox 962 777 1285 846; x_wconf 77' lang='grc' dir='ltr'><strong>νοσήσαντος</strong></span> <span class='ocrx_word' id='word_1_34' title='bbox 1312 792 1325 805; x_wconf 84' lang='grc'><em>’</em></span> <span class='ocrx_word' id='word_1_35' title='bbox 1376 778 1679 851; x_wconf 83' lang='grc' dir='ltr'>γέγραπται</span> <span class='ocrx_word' id='word_1_36' title='bbox 1703 783 1838 855; x_wconf 90' lang='grc' dir='ltr'>γάρ·</span> 
     </span>
    </p>
   </div>
   <div class='ocr_carea' id='block_1_8' title="bbox 289 856 1845 943">
    <p class='ocr_par' dir='ltr' id='par_1_8' title="bbox 289 856 1845 943">
     <span class='ocr_line' id='line_1_8' title="bbox 289 856 1845 943; baseline 0.013 -37"><span class='ocrx_word' id='word_1_37' title='bbox 289 873 307 906; x_wconf 81' lang='grc' dir='ltr'><strong>ι</strong></span> <span class='ocrx_word' id='word_1_38' title='bbox 359 856 722 931; x_wconf 88' lang='grc' dir='ltr'>Ἐταπεινώθη</span> <span class='ocrx_word' id='word_1_39' title='bbox 765 861 1010 928; x_wconf 80' lang='grc' dir='ltr'>Ἐζεκίας</span> <span class='ocrx_word' id='word_1_40' title='bbox 1070 866 1178 920; x_wconf 85' lang='grc' dir='ltr'><strong>ἀπὸ</strong></span> <span class='ocrx_word' id='word_1_41' title='bbox 1234 868 1329 920; x_wconf 89' lang='grc' dir='ltr'><strong>τοῦ</strong></span> <span class='ocrx_word' id='word_1_42' title='bbox 1358 867 1522 938; x_wconf 76' lang='grc' dir='ltr'>ὕψους</span> <span class='ocrx_word' id='word_1_43' title='bbox 1561 872 1661 943; x_wconf 80' lang='grc' dir='ltr'><strong>τῆς</strong></span> <span class='ocrx_word' id='word_1_44' title='bbox 1710 890 1845 943; x_wconf 86' lang='grc' dir='ltr'>καρ-</span> 
     </span>
    </p>
   </div>
   <div class='ocr_carea' id='block_1_9' title="bbox 283 943 1844 1029">
    <p class='ocr_par' dir='ltr' id='par_1_9' title="bbox 283 943 1844 1029">
     <span class='ocr_line' id='line_1_9' title="bbox 283 943 1844 1029; baseline 0.014 -34"><span class='ocrx_word' id='word_1_45' title='bbox 283 943 401 1008; x_wconf 90' lang='grc' dir='ltr'>δίας</span> <span class='ocrx_word' id='word_1_46' title='bbox 425 945 659 1001; x_wconf 84' lang='grc' dir='ltr'>αὐτοῦ...</span> <span class='ocrx_word' id='word_1_47' title='bbox 684 967 701 1000; x_wconf 73' lang='grc' dir='ltr'><strong>ι</strong></span> <span class='ocrx_word' id='word_1_48' title='bbox 724 949 847 1005; x_wconf 92' lang='grc' dir='ltr'>νοῦν</span> <span class='ocrx_word' id='word_1_49' title='bbox 861 951 1131 1018; x_wconf 74' lang='grc' dir='ltr'>λαϐόντοςο</span> <span class='ocrx_word' id='word_1_50' title='bbox 1162 957 1245 1009; x_wconf 85' lang='grc' dir='ltr'><strong>ὅτι</strong></span> <span class='ocrx_word' id='word_1_51' title='bbox 1271 956 1333 1029; x_wconf 77' lang='grc' dir='ltr'><strong>δὴ</strong></span> <span class='ocrx_word' id='word_1_52' title='bbox 1356 959 1556 1025; x_wconf 78' lang='grc' dir='ltr'>ἐκεῖνός</span> <span class='ocrx_word' id='word_1_53' title='bbox 1586 963 1719 1016; x_wconf 78' lang='grc' dir='ltr'>ἐστι·</span> <span class='ocrx_word' id='word_1_54' title='bbox 1752 965 1844 1017; x_wconf 69' lang='grc' dir='ltr'><strong>καὶ</strong></span> 
     </span>
    </p>
   </div>
   <div class='ocr_carea' id='block_1_10' title="bbox 283 1039 1843 1121">
    <p class='ocr_par' dir='ltr' id='par_1_10' title="bbox 283 1039 1843 1121">
     <span class='ocr_line' id='line_1_10' title="bbox 283 1039 1843 1121; baseline 0.011 -33"><span class='ocrx_word' id='word_1_55' title='bbox 283 1039 363 1100; x_wconf 83' lang='grc' dir='ltr'><strong>είς</strong></span> <span class='ocrx_word' id='word_1_56' title='bbox 403 1039 591 1092; x_wconf 78' lang='grc' dir='ltr'>ἑαυτὸν</span> <span class='ocrx_word' id='word_1_57' title='bbox 644 1040 713 1094; x_wconf 86' lang='grc' dir='ltr'><strong>τά</strong></span> <span class='ocrx_word' id='word_1_58' title='bbox 747 1083 758 1096; x_wconf 96' lang='grc'><strong>.</strong></span> <span class='ocrx_word' id='word_1_59' title='bbox 782 1082 795 1097; x_wconf 93' lang='grc'><strong>.</strong></span> <span class='ocrx_word' id='word_1_60' title='bbox 823 1083 835 1096; x_wconf 94' lang='grc'><strong>.</strong></span> <span class='ocrx_word' id='word_1_61' title='bbox 894 1043 1149 1112; x_wconf 79' lang='grc' dir='ltr'><strong>ἀγγελίας</strong></span> <span class='ocrx_word' id='word_1_62' title='bbox 1188 1051 1570 1121; x_wconf 80' lang='grc' dir='ltr'><strong>περιστήσεται</strong></span> <span class='ocrx_word' id='word_1_63' title='bbox 1616 1053 1714 1116; x_wconf 83' lang='grc' dir='ltr'>τὰς</span> <span class='ocrx_word' id='word_1_64' title='bbox 1764 1055 1843 1117; x_wconf 81' lang='grc' dir='ltr'><strong>είς</strong></span> 
     </span>
    </p>
   </div>
   <div class='ocr_carea' id='block_1_11' title="bbox 282 1130 1844 1214">
    <p class='ocr_par' dir='ltr' id='par_1_11' title="bbox 282 1130 1844 1214">
     <span class='ocr_line' id='line_1_11' title="bbox 282 1130 1844 1214; baseline 0.011 -33"><span class='ocrx_word' id='word_1_65' title='bbox 282 1130 372 1182; x_wconf 88' lang='grc' dir='ltr'><strong>τὸν</strong></span> <span class='ocrx_word' id='word_1_66' title='bbox 400 1131 622 1203; x_wconf 80' lang='grc' dir='ltr'><strong>Σωτῆρα</strong></span> <span class='ocrx_word' id='word_1_67' title='bbox 648 1132 807 1204; x_wconf 86' lang='grc' dir='ltr'>ἡμῶν</span> <span class='ocrx_word' id='word_1_68' title='bbox 851 1135 1048 1206; x_wconf 88' lang='grc' dir='ltr'>προλεχ</span> <span class='ocrx_word' id='word_1_69' title='bbox 1088 1135 1320 1211; x_wconf 87' lang='grc' dir='ltr'>[θείσας]</span> <span class='ocrx_word' id='word_1_70' title='bbox 1343 1156 1357 1172; x_wconf 77' lang='grc' dir='ltr'><strong>ο</strong></span> <span class='ocrx_word' id='word_1_71' title='bbox 1404 1141 1496 1194; x_wconf 89' lang='grc' dir='ltr'><strong>τοῦ</strong></span> <span class='ocrx_word' id='word_1_72' title='bbox 1527 1141 1638 1213; x_wconf 77' lang='grc' dir='ltr'>γὰρ</span> <span class='ocrx_word' id='word_1_73' title='bbox 1670 1145 1844 1214; x_wconf 77' lang='grc' dir='ltr'>Ἀχαζ</span> 
     </span>
    </p>
   </div>
   <div class='ocr_carea' id='block_1_12' title="bbox 284 1218 1841 1301">
    <p class='ocr_par' dir='ltr' id='par_1_12' title="bbox 284 1218 1841 1301">
     <span class='ocr_line' id='line_1_12' title="bbox 284 1218 1841 1301; baseline 0.012 -31"><span class='ocrx_word' id='word_1_74' title='bbox 284 1218 486 1288; x_wconf 87' lang='grc' dir='ltr'>πατρὸς</span> <span class='ocrx_word' id='word_1_75' title='bbox 510 1218 673 1273; x_wconf 78' lang='grc' dir='ltr'>αὑτοῦ</span> <span class='ocrx_word' id='word_1_76' title='bbox 699 1221 1071 1293; x_wconf 82' lang='grc' dir='ltr'><strong>διαδεξαμένου</strong></span> <span class='ocrx_word' id='word_1_77' title='bbox 1093 1225 1187 1297; x_wconf 81' lang='grc' dir='ltr'><strong>τὴν</strong></span> <span class='ocrx_word' id='word_1_78' title='bbox 1209 1231 1558 1301; x_wconf 82' lang='grc' dir='ltr'>προφητείαν,</span> <span class='ocrx_word' id='word_1_79' title='bbox 1572 1232 1652 1296; x_wconf 83' lang='grc' dir='ltr'><strong>τὸ,</strong></span> <span class='ocrx_word' id='word_1_80' title='bbox 1672 1253 1690 1285; x_wconf 77' lang='grc' dir='ltr'><strong>ι</strong></span> <span class='ocrx_word' id='word_1_81' title='bbox 1714 1235 1841 1289; x_wconf 79' lang='grc' dir='ltr'>Ἰδοὺ</span> 
     </span>
    </p>
   </div>
   <div class='ocr_carea' id='block_1_13' title="bbox 282 1308 1837 1388">
    <p class='ocr_par' dir='ltr' id='par_1_13' title="bbox 282 1308 1837 1388">
     <span class='ocr_line' id='line_1_13' title="bbox 282 1308 1837 1388; baseline 0.011 -27"><span class='ocrx_word' id='word_1_82' title='bbox 282 1311 315 1381; x_wconf 84' lang='grc' dir='ltr'><strong>ή</strong></span> <span class='ocrx_word' id='word_1_83' title='bbox 341 1308 608 1380; x_wconf 82' lang='grc' dir='ltr'>παρθένος</span> <span class='ocrx_word' id='word_1_84' title='bbox 640 1314 697 1365; x_wconf 80' lang='grc' dir='ltr'>ὲν</span> <span class='ocrx_word' id='word_1_85' title='bbox 723 1314 918 1385; x_wconf 82' lang='grc' dir='ltr'>γαστρὶ</span> <span class='ocrx_word' id='word_1_86' title='bbox 942 1314 1200 1387; x_wconf 87' lang='grc' dir='ltr'>λήψεται,</span> <span class='ocrx_word' id='word_1_87' title='bbox 1254 1322 1347 1373; x_wconf 83' lang='grc' dir='ltr'><strong>καὶ</strong></span> <span class='ocrx_word' id='word_1_88' title='bbox 1391 1321 1601 1388; x_wconf 79' lang='grc' dir='ltr'>τέξεται</span> <span class='ocrx_word' id='word_1_89' title='bbox 1632 1325 1776 1378; x_wconf 84' lang='grc' dir='ltr'>υἱόν·</span> <span class='ocrx_word' id='word_1_90' title='bbox 1818 1344 1837 1378; x_wconf 73' lang='grc' dir='ltr'><strong>ι</strong></span> 
     </span>
    </p>
   </div>
   <div class='ocr_carea' id='block_1_14' title="bbox 281 1399 1842 1488">
    <p class='ocr_par' dir='ltr' id='par_1_14' title="bbox 281 1399 1842 1488">
     <span class='ocr_line' id='line_1_14' title="bbox 281 1399 1842 1488; baseline 0.013 -37"><span class='ocrx_word' id='word_1_91' title='bbox 281 1399 558 1471; x_wconf 81' lang='grc' dir='ltr'>τεχθέντος</span> <span class='ocrx_word' id='word_1_92' title='bbox 597 1402 654 1455; x_wconf 86' lang='grc' dir='ltr'>δὲ</span> <span class='ocrx_word' id='word_1_93' title='bbox 686 1403 872 1457; x_wconf 79' lang='grc' dir='ltr'>τούτου</span> <span class='ocrx_word' id='word_1_94' title='bbox 910 1406 1047 1476; x_wconf 88' lang='grc' dir='ltr'><strong>μετά</strong></span> <span class='ocrx_word' id='word_1_95' title='bbox 1100 1409 1199 1480; x_wconf 80' lang='grc' dir='ltr'>τὴν</span> <span class='ocrx_word' id='word_1_96' title='bbox 1256 1414 1587 1483; x_wconf 76' lang='grc' dir='ltr'>προφητείαν</span> <span class='ocrx_word' id='word_1_97' title='bbox 1611 1454 1625 1479; x_wconf 95' lang='grc'><strong>,</strong></span> <span class='ocrx_word' id='word_1_98' title='bbox 1684 1416 1842 1488; x_wconf 80' lang='grc' dir='ltr'>ἔμενε</span> 
     </span>
    </p>
   </div>
   <div class='ocr_carea' id='block_1_15' title="bbox 281 1490 1843 1578">
    <p class='ocr_par' dir='ltr' id='par_1_15' title="bbox 281 1490 1843 1578">
     <span class='ocr_line' id='line_1_15' title="bbox 281 1490 1843 1578; baseline 0.013 -36"><span class='ocrx_word' id='word_1_99' title='bbox 281 1490 423 1543; x_wconf 85' lang='grc' dir='ltr'>τοῦτ’</span> <span class='ocrx_word' id='word_1_100' title='bbox 454 1491 589 1563; x_wconf 81' lang='grc' dir='ltr'>έχων</span> <span class='ocrx_word' id='word_1_101' title='bbox 615 1495 753 1547; x_wconf 82' lang='grc' dir='ltr'>κατὰ</span> <span class='ocrx_word' id='word_1_102' title='bbox 776 1494 1010 1551; x_wconf 87' lang='grc' dir='ltr'>διάνοιαν</span> <span class='ocrx_word' id='word_1_103' title='bbox 1048 1502 1131 1569; x_wconf 80' lang='grc' dir='ltr'>ἐφ’</span> <span class='ocrx_word' id='word_1_104' title='bbox 1161 1502 1350 1555; x_wconf 79' lang='grc' dir='ltr'>ἑαυτοῦ</span> <span class='ocrx_word' id='word_1_105' title='bbox 1378 1544 1393 1567; x_wconf 91' lang='grc'><strong>,</strong></span> <span class='ocrx_word' id='word_1_106' title='bbox 1453 1507 1588 1576; x_wconf 89' lang='grc' dir='ltr'>μήτε</span> <span class='ocrx_word' id='word_1_107' title='bbox 1646 1508 1843 1578; x_wconf 84' lang='grc' dir='ltr'><strong>γάμοις</strong></span> 
     </span>
    </p>
   </div>
   <div class='ocr_carea' id='block_1_16' title="bbox 282 1580 1840 1670">
    <p class='ocr_par' dir='ltr' id='par_1_16' title="bbox 282 1580 1840 1670">
     <span class='ocr_line' id='line_1_16' title="bbox 282 1580 1840 1670; baseline 0.014 -39"><span class='ocrx_word' id='word_1_108' title='bbox 282 1580 486 1651; x_wconf 83' lang='grc' dir='ltr'>ὁμιλῶν</span> <span class='ocrx_word' id='word_1_109' title='bbox 533 1584 626 1636; x_wconf 73' lang='grc' dir='ltr'><strong>καὶ</strong></span> <span class='ocrx_word' id='word_1_110' title='bbox 675 1585 970 1657; x_wconf 77' lang='grc' dir='ltr'>παρθενίαν</span> <span class='ocrx_word' id='word_1_111' title='bbox 1020 1590 1202 1644; x_wconf 87' lang='grc' dir='ltr'>ἀσκῶν</span> <span class='ocrx_word' id='word_1_112' title='bbox 1229 1611 1240 1622; x_wconf 91' lang='grc'><strong>·</strong></span> <span class='ocrx_word' id='word_1_113' title='bbox 1299 1594 1375 1658; x_wconf 85' lang='grc' dir='ltr'>ὡς</span> <span class='ocrx_word' id='word_1_114' title='bbox 1411 1595 1474 1667; x_wconf 85' lang='grc' dir='ltr'>δὴ</span> <span class='ocrx_word' id='word_1_115' title='bbox 1513 1599 1606 1650; x_wconf 79' lang='grc' dir='ltr'><strong>καὶ</strong></span> <span class='ocrx_word' id='word_1_116' title='bbox 1652 1598 1711 1652; x_wconf 86' lang='grc' dir='ltr'><strong>τὸ</strong></span> <span class='ocrx_word' id='word_1_117' title='bbox 1741 1616 1840 1670; x_wconf 85' lang='grc' dir='ltr'>ση-</span> 
     </span>
    </p>
   </div>
   <div class='ocr_carea' id='block_1_17' title="bbox 287 1672 1841 1762">
    <p class='ocr_par' dir='ltr' id='par_1_17' title="bbox 287 1672 1841 1762">
     <span class='ocr_line' id='line_1_17' title="bbox 287 1672 1841 1762; baseline 0.014 -40"><span class='ocrx_word' id='word_1_118' title='bbox 287 1674 436 1740; x_wconf 87' lang='grc' dir='ltr'>μεῖον</span> <span class='ocrx_word' id='word_1_119' title='bbox 464 1672 562 1742; x_wconf 82' lang='grc' dir='ltr'>τῆς</span> <span class='ocrx_word' id='word_1_120' title='bbox 598 1673 857 1740; x_wconf 84' lang='grc' dir='ltr'>πτώσεως</span> <span class='ocrx_word' id='word_1_121' title='bbox 883 1678 989 1732; x_wconf 86' lang='grc' dir='ltr'><strong>τῶν</strong></span> <span class='ocrx_word' id='word_1_122' title='bbox 1020 1687 1134 1750; x_wconf 85' lang='grc' dir='ltr'>ρπε⁹</span> <span class='ocrx_word' id='word_1_123' title='bbox 1168 1682 1418 1753; x_wconf 82' lang='grc' dir='ltr'><strong>χιλιάδων</strong></span> <span class='ocrx_word' id='word_1_124' title='bbox 1444 1687 1704 1755; x_wconf 79' lang='grc' dir='ltr'>ἐγεγόνει,</span> <span class='ocrx_word' id='word_1_125' title='bbox 1744 1689 1841 1762; x_wconf 79' lang='grc' dir='ltr'>τὴν</span> 
     </span>
    </p>
   </div>
   <div class='ocr_carea' id='block_1_18' title="bbox 284 1762 1840 1850">
    <p class='ocr_par' dir='ltr' id='par_1_18' title="bbox 284 1762 1840 1850">
     <span class='ocr_line' id='line_1_18' title="bbox 284 1762 1840 1850; baseline 0.013 -37"><span class='ocrx_word' id='word_1_126' title='bbox 284 1762 477 1816; x_wconf 79' lang='grc' dir='ltr'>ἑαυτοῦ</span> <span class='ocrx_word' id='word_1_127' title='bbox 508 1765 831 1836; x_wconf 84' lang='grc' dir='ltr'>κηδεμονίαν</span> <span class='ocrx_word' id='word_1_128' title='bbox 871 1770 1312 1845; x_wconf 77' lang='grc' dir='ltr'>ἐπιδεικνυμένου</span> <span class='ocrx_word' id='word_1_129' title='bbox 1340 1776 1435 1830; x_wconf 88' lang='grc' dir='ltr'><strong>τοῦ</strong></span> <span class='ocrx_word' id='word_1_130' title='bbox 1478 1778 1612 1831; x_wconf 82' lang='grc' dir='ltr'>Θεοῦ</span> <span class='ocrx_word' id='word_1_131' title='bbox 1633 1819 1648 1843; x_wconf 94' lang='grc'><strong>,</strong></span> <span class='ocrx_word' id='word_1_132' title='bbox 1682 1778 1840 1850; x_wconf 76' lang='grc' dir='ltr'>ἔμενέ</span> 
     </span>
    </p>
   </div>
   <div class='ocr_carea' id='block_1_19' title="bbox 281 1850 1840 1932">
    <p class='ocr_par' dir='ltr' id='par_1_19' title="bbox 281 1850 1840 1932">
     <span class='ocr_line' id='line_1_19' title="bbox 281 1850 1840 1932; baseline 0.015 -31"><span class='ocrx_word' id='word_1_133' title='bbox 281 1866 341 1903; x_wconf 89' lang='grc' dir='ltr'><strong>τε</strong></span> <span class='ocrx_word' id='word_1_134' title='bbox 376 1850 733 1924; x_wconf 81' lang='grc' dir='ltr'>ἀπολέμητος,</span> <span class='ocrx_word' id='word_1_135' title='bbox 778 1859 1147 1929; x_wconf 72' lang='grc' dir='ltr'>τροπουμένω</span> <span class='ocrx_word' id='word_1_136' title='bbox 1197 1863 1290 1918; x_wconf 90' lang='grc' dir='ltr'><strong>τοῦ</strong></span> <span class='ocrx_word' id='word_1_137' title='bbox 1345 1864 1477 1919; x_wconf 82' lang='grc' dir='ltr'>Θεοῦ</span> <span class='ocrx_word' id='word_1_138' title='bbox 1510 1868 1637 1932; x_wconf 82' lang='grc' dir='ltr'>τοὺς</span> <span class='ocrx_word' id='word_1_139' title='bbox 1684 1872 1840 1924; x_wconf 78' lang='grc' dir='ltr'>ἐναν-</span> 
     </span>
    </p>
   </div>
   <div class='ocr_carea' id='block_1_20' title="bbox 1944 683 3509 757">
    <p class='ocr_par' dir='ltr' id='par_1_20' title="bbox 1944 683 3509 757">
     <span class='ocr_line' id='line_1_20' title="bbox 1944 683 3509 757; baseline -0.003 -16"><span class='ocrx_word' id='word_1_140' title='bbox 1944 687 2043 741; x_wconf 91' lang='lat' dir='ltr'><strong>hac</strong></span> <span class='ocrx_word' id='word_1_141' title='bbox 2085 688 2311 743; x_wconf 82' lang='lat' dir='ltr'><strong>historia</strong></span> <span class='ocrx_word' id='word_1_142' title='bbox 2363 701 2482 757; x_wconf 63' lang='lat' dir='ltr'><strong>quae</strong></span> <span class='ocrx_word' id='word_1_143' title='bbox 2531 684 2671 740; x_wconf 90' lang='lat' dir='ltr'><strong>libro</strong></span> <span class='ocrx_word' id='word_1_144' title='bbox 2715 684 3164 754; x_wconf 81' lang='lat' dir='ltr'><strong>Paralipomenon</strong></span> <span class='ocrx_word' id='word_1_145' title='bbox 3213 683 3256 714; x_wconf 87' lang='grc'><strong>¹⁶</strong></span> <span class='ocrx_word' id='word_1_146' title='bbox 3310 700 3509 738; x_wconf 88' lang='lat' dir='ltr'><strong>narra-</strong></span> 
     </span>
    </p>
   </div>
   <div class='ocr_carea' id='block_1_21' title="bbox 1946 774 3503 852">
    <p class='ocr_par' dir='ltr' id='par_1_21' title="bbox 1946 774 3503 852">
     <span class='ocr_line' id='line_1_21' title="bbox 1946 774 3503 852; baseline -0.002 -20"><span class='ocrx_word' id='word_1_147' title='bbox 1946 788 2034 834; x_wconf 90' lang='lat' dir='ltr'><strong>tur</strong></span> <span class='ocrx_word' id='word_1_148' title='bbox 2076 778 2218 852; x_wconf 82' lang='lat'><strong>(5)...</strong></span> <span class='ocrx_word' id='word_1_149' title='bbox 2260 779 2608 850; x_wconf 86' lang='lat' dir='ltr'><strong>superbiente</strong></span> <span class='ocrx_word' id='word_1_150' title='bbox 2651 783 2706 832; x_wconf 92' lang='lat' dir='ltr'><strong>et</strong></span> <span class='ocrx_word' id='word_1_151' title='bbox 2749 776 3075 831; x_wconf 89' lang='lat' dir='ltr'><strong>insolentius</strong></span> <span class='ocrx_word' id='word_1_152' title='bbox 3122 789 3180 829; x_wconf 89' lang='lat' dir='ltr'><strong>se</strong></span> <span class='ocrx_word' id='word_1_153' title='bbox 3228 774 3503 829; x_wconf 84' lang='lat' dir='ltr'><strong>efferentc.</strong></span> 
     </span>
    </p>
   </div>
   <div class='ocr_carea' id='block_1_22' title="bbox 1947 863 3508 941">
    <p class='ocr_par' dir='ltr' id='par_1_22' title="bbox 1947 863 3508 941">
     <span class='ocr_line' id='line_1_22' title="bbox 1947 863 3508 941; baseline -0.003 -17"><span class='ocrx_word' id='word_1_154' title='bbox 1947 869 2219 941; x_wconf 77' lang='lat' dir='ltr'><strong>Scriptum</strong></span> <span class='ocrx_word' id='word_1_155' title='bbox 2266 879 2351 925; x_wconf 90' lang='lat' dir='ltr'><strong>est</strong></span> <span class='ocrx_word' id='word_1_156' title='bbox 2392 871 2536 924; x_wconf 87' lang='lat' dir='ltr'><strong>enim</strong></span> <span class='ocrx_word' id='word_1_157' title='bbox 2565 887 2579 922; x_wconf 90' lang='lat'><strong>:</strong></span> <span class='ocrx_word' id='word_1_158' title='bbox 2612 886 2631 918; x_wconf 86' lang='grc'><strong><em>‹</em></strong></span> <span class='ocrx_word' id='word_1_159' title='bbox 2669 865 3001 921; x_wconf 85' lang='lat' dir='ltr'><strong>Humiliatus</strong></span> <span class='ocrx_word' id='word_1_160' title='bbox 3045 872 3131 920; x_wconf 89' lang='lat' dir='ltr'><strong>est</strong></span> <span class='ocrx_word' id='word_1_161' title='bbox 3182 863 3405 918; x_wconf 86' lang='lat' dir='ltr'><strong>Ezecias</strong></span> <span class='ocrx_word' id='word_1_162' title='bbox 3440 867 3508 919; x_wconf 91' lang='lat' dir='ltr'><strong>ab</strong></span> 
     </span>
    </p>
   </div>
   <div class='ocr_carea' id='block_1_23' title="bbox 1944 952 3547 1030">
    <p class='ocr_par' dir='ltr' id='par_1_23' title="bbox 1944 952 3547 1030">
     <span class='ocr_line' id='line_1_23' title="bbox 1944 952 3547 1030; baseline -0.004 -13"><span class='ocrx_word' id='word_1_163' title='bbox 1944 963 2228 1017; x_wconf 77' lang='lat' dir='ltr'><strong>altitudine</strong></span> <span class='ocrx_word' id='word_1_164' title='bbox 2270 962 2451 1017; x_wconf 81' lang='lat' dir='ltr'><strong>cordis</strong></span> <span class='ocrx_word' id='word_1_165' title='bbox 2495 961 2579 1016; x_wconf 90' lang='lat' dir='ltr'><strong>sui</strong></span> <span class='ocrx_word' id='word_1_166' title='bbox 2635 961 2746 1015; x_wconf 88' lang='grc'>¹¹...</span> <span class='ocrx_word' id='word_1_167' title='bbox 2795 979 2814 1012; x_wconf 74' lang='grc' dir='ltr'><strong>ι</strong></span> <span class='ocrx_word' id='word_1_168' title='bbox 2864 960 3138 1030; x_wconf 82' lang='lat' dir='ltr'><strong>cogitante</strong></span> <span class='ocrx_word' id='word_1_169' title='bbox 3192 976 3206 1012; x_wconf 92' lang='lat'><strong>:</strong></span> <span class='ocrx_word' id='word_1_170' title='bbox 3250 973 3309 1012; x_wconf 86' lang='lat' dir='ltr'><strong>se</strong></span> <span class='ocrx_word' id='word_1_171' title='bbox 3351 958 3505 1011; x_wconf 82' lang='lat' dir='ltr'><strong>Chri-</strong></span> <span class='ocrx_word' id='word_1_172' title='bbox 3541 952 3547 958; x_wconf 88' lang='grc'><em>’</em></span> 
     </span>
    </p>
   </div>
   <div class='ocr_carea' id='block_1_24' title="bbox 1944 1048 3508 1123">
    <p class='ocr_par' dir='ltr' id='par_1_24' title="bbox 1944 1048 3508 1123">
     <span class='ocr_line' id='line_1_24' title="bbox 1944 1048 3508 1123; baseline -0.006 -12"><span class='ocrx_word' id='word_1_173' title='bbox 1944 1062 2087 1111; x_wconf 91' lang='lat' dir='ltr'><strong>stum</strong></span> <span class='ocrx_word' id='word_1_174' title='bbox 2121 1070 2260 1119; x_wconf 88' lang='lat' dir='ltr'><strong>esse,</strong></span> <span class='ocrx_word' id='word_1_175' title='bbox 2304 1054 2370 1107; x_wconf 89' lang='lat' dir='ltr'><strong>ad</strong></span> <span class='ocrx_word' id='word_1_176' title='bbox 2412 1054 2589 1123; x_wconf 92' lang='lat' dir='ltr'><strong>ipsum</strong></span> <span class='ocrx_word' id='word_1_177' title='bbox 2625 1060 2874 1123; x_wconf 86' lang='lat' dir='ltr'><strong>spectare</strong></span> <span class='ocrx_word' id='word_1_178' title='bbox 2916 1049 3174 1104; x_wconf 88' lang='lat' dir='ltr'><strong>vaticinia</strong></span> <span class='ocrx_word' id='word_1_179' title='bbox 3204 1048 3272 1104; x_wconf 87' lang='lat' dir='ltr'><strong>de</strong></span> <span class='ocrx_word' id='word_1_180' title='bbox 3317 1048 3508 1102; x_wconf 72' lang='lat' dir='ltr'><strong>Salva—</strong></span> 
     </span>
    </p>
   </div>
   <div class='ocr_carea' id='block_1_25' title="bbox 1944 1140 3506 1215">
    <p class='ocr_par' dir='ltr' id='par_1_25' title="bbox 1944 1140 3506 1215">
     <span class='ocr_line' id='line_1_25' title="bbox 1944 1140 3506 1215; baseline -0.004 -14"><span class='ocrx_word' id='word_1_181' title='bbox 1944 1155 2066 1201; x_wconf 90' lang='lat' dir='ltr'><strong>tore</strong></span> <span class='ocrx_word' id='word_1_182' title='bbox 2095 1146 2322 1215; x_wconf 89' lang='lat' dir='ltr'><strong>prolata.</strong></span> <span class='ocrx_word' id='word_1_183' title='bbox 2362 1144 2497 1200; x_wconf 90' lang='lat' dir='ltr'><strong>Cum</strong></span> <span class='ocrx_word' id='word_1_184' title='bbox 2538 1145 2682 1200; x_wconf 88' lang='lat' dir='ltr'><strong>enim</strong></span> <span class='ocrx_word' id='word_1_185' title='bbox 2715 1153 2869 1213; x_wconf 89' lang='lat' dir='ltr'><strong>pater</strong></span> <span class='ocrx_word' id='word_1_186' title='bbox 2896 1143 3016 1212; x_wconf 85' lang='lat' dir='ltr'><strong>ejus</strong></span> <span class='ocrx_word' id='word_1_187' title='bbox 3058 1141 3241 1196; x_wconf 83' lang='lat' dir='ltr'><strong>Achaz</strong></span> <span class='ocrx_word' id='word_1_188' title='bbox 3274 1140 3506 1210; x_wconf 90' lang='lat' dir='ltr'><strong>prophe-</strong></span> 
     </span>
    </p>
   </div>
   <div class='ocr_carea' id='block_1_26' title="bbox 1942 1232 3508 1303">
    <p class='ocr_par' dir='ltr' id='par_1_26' title="bbox 1942 1232 3508 1303">
     <span class='ocr_line' id='line_1_26' title="bbox 1942 1232 3508 1303; baseline -0.003 -14"><span class='ocrx_word' id='word_1_189' title='bbox 1942 1235 2072 1290; x_wconf 86' lang='lat' dir='ltr'><strong>tiam</strong></span> <span class='ocrx_word' id='word_1_190' title='bbox 2096 1236 2243 1289; x_wconf 87' lang='lat' dir='ltr'><strong>illam</strong></span> <span class='ocrx_word' id='word_1_191' title='bbox 2275 1234 2539 1290; x_wconf 86' lang='lat' dir='ltr'><strong>audiisset</strong></span> <span class='ocrx_word' id='word_1_192' title='bbox 2573 1254 2585 1288; x_wconf 94' lang='lat'>:</span> <span class='ocrx_word' id='word_1_193' title='bbox 2625 1251 2645 1286; x_wconf 81' lang='grc' dir='ltr'><strong>ι</strong></span> <span class='ocrx_word' id='word_1_194' title='bbox 2690 1232 2831 1288; x_wconf 83' lang='lat' dir='ltr'><strong>Ecce</strong></span> <span class='ocrx_word' id='word_1_195' title='bbox 2859 1232 3012 1303; x_wconf 89' lang='lat' dir='ltr'><strong>virgo</strong></span> <span class='ocrx_word' id='word_1_196' title='bbox 3054 1233 3109 1287; x_wconf 92' lang='lat' dir='ltr'><strong>in</strong></span> <span class='ocrx_word' id='word_1_197' title='bbox 3140 1240 3293 1287; x_wconf 85' lang='lat' dir='ltr'><strong>utero</strong></span> <span class='ocrx_word' id='word_1_198' title='bbox 3322 1232 3508 1285; x_wconf 84' lang='lat' dir='ltr'><strong>conci-</strong></span> 
     </span>
    </p>
   </div>
   <div class='ocr_carea' id='block_1_27' title="bbox 1944 1323 3501 1397">
    <p class='ocr_par' dir='ltr' id='par_1_27' title="bbox 1944 1323 3501 1397">
     <span class='ocr_line' id='line_1_27' title="bbox 1944 1323 3501 1397; baseline -0.003 -18"><span class='ocrx_word' id='word_1_199' title='bbox 1944 1326 2056 1397; x_wconf 80' lang='lat' dir='ltr'><strong>piet</strong></span> <span class='ocrx_word' id='word_1_200' title='bbox 2096 1335 2150 1382; x_wconf 90' lang='lat' dir='ltr'><strong>et</strong></span> <span class='ocrx_word' id='word_1_201' title='bbox 2182 1327 2354 1396; x_wconf 90' lang='lat' dir='ltr'><strong>pariet</strong></span> <span class='ocrx_word' id='word_1_202' title='bbox 2385 1325 2635 1392; x_wconf 80' lang='lat' dir='ltr'><strong>filium“,</strong></span> <span class='ocrx_word' id='word_1_203' title='bbox 2676 1344 2695 1378; x_wconf 69' lang='grc' dir='ltr'><strong>ι</strong></span> <span class='ocrx_word' id='word_1_204' title='bbox 2743 1332 2905 1380; x_wconf 86' lang='lat' dir='ltr'><strong>natus</strong></span> <span class='ocrx_word' id='word_1_205' title='bbox 2941 1323 3164 1379; x_wconf 87' lang='lat' dir='ltr'><strong>Ezecias</strong></span> <span class='ocrx_word' id='word_1_206' title='bbox 3214 1330 3338 1393; x_wconf 80' lang='lat' dir='ltr'><strong>post</strong></span> <span class='ocrx_word' id='word_1_207' title='bbox 3382 1337 3501 1376; x_wconf 89' lang='lat' dir='ltr'><strong>cam</strong></span> 
     </span>
    </p>
   </div>
   <div class='ocr_carea' id='block_1_28' title="bbox 1941 1414 3506 1489">
    <p class='ocr_par' dir='ltr' id='par_1_28' title="bbox 1941 1414 3506 1489">
     <span class='ocr_line' id='line_1_28' title="bbox 1941 1414 3506 1489; baseline -0.003 -16"><span class='ocrx_word' id='word_1_208' title='bbox 1941 1420 2280 1489; x_wconf 89' lang='lat' dir='ltr'><strong>prophetiam</strong></span> <span class='ocrx_word' id='word_1_209' title='bbox 2328 1419 2592 1488; x_wconf 88' lang='lat' dir='ltr'><strong>innuptus</strong></span> <span class='ocrx_word' id='word_1_210' title='bbox 2636 1417 2899 1473; x_wconf 86' lang='lat' dir='ltr'><strong>remansit</strong></span> <span class='ocrx_word' id='word_1_211' title='bbox 2928 1423 2983 1472; x_wconf 90' lang='lat' dir='ltr'><strong>et</strong></span> <span class='ocrx_word' id='word_1_212' title='bbox 3010 1416 3309 1487; x_wconf 83' lang='lat' dir='ltr'><strong>virginitati</strong></span> <span class='ocrx_word' id='word_1_213' title='bbox 3355 1414 3506 1469; x_wconf 89' lang='lat' dir='ltr'><strong>dedi-</strong></span> 
     </span>
    </p>
   </div>
   <div class='ocr_carea' id='block_1_29' title="bbox 1942 1512 3506 1585">
    <p class='ocr_par' dir='ltr' id='par_1_29' title="bbox 1942 1512 3506 1585">
     <span class='ocr_line' id='line_1_29' title="bbox 1942 1512 3506 1585; baseline -0.003 -16"><span class='ocrx_word' id='word_1_214' title='bbox 1942 1522 2052 1579; x_wconf 86' lang='lat' dir='ltr'><strong>tus,</strong></span> <span class='ocrx_word' id='word_1_215' title='bbox 2086 1513 2230 1585; x_wconf 89' lang='lat' dir='ltr'><strong>quod</strong></span> <span class='ocrx_word' id='word_1_216' title='bbox 2263 1514 2419 1568; x_wconf 91' lang='lat' dir='ltr'><strong>istam</strong></span> <span class='ocrx_word' id='word_1_217' title='bbox 2451 1512 2519 1568; x_wconf 90' lang='lat' dir='ltr'><strong>de</strong></span> <span class='ocrx_word' id='word_1_218' title='bbox 2568 1514 2863 1583; x_wconf 88' lang='lat' dir='ltr'><strong>semetipso</strong></span> <span class='ocrx_word' id='word_1_219' title='bbox 2887 1512 3243 1582; x_wconf 82' lang='lat' dir='ltr'><strong>proﬁtebatur</strong></span> <span class='ocrx_word' id='word_1_220' title='bbox 3286 1518 3506 1566; x_wconf 87' lang='lat' dir='ltr'><strong>senten-</strong></span> 
     </span>
    </p>
   </div>
   <div class='ocr_carea' id='block_1_30' title="bbox 1942 1603 3503 1675">
    <p class='ocr_par' dir='ltr' id='par_1_30' title="bbox 1942 1603 3503 1675">
     <span class='ocr_line' id='line_1_30' title="bbox 1942 1603 3503 1675; baseline -0.004 -14"><span class='ocrx_word' id='word_1_221' title='bbox 1942 1606 2093 1661; x_wconf 90' lang='lat' dir='ltr'><strong>tiam.</strong></span> <span class='ocrx_word' id='word_1_222' title='bbox 2133 1604 2235 1661; x_wconf 88' lang='lat' dir='ltr'><strong>Ubi</strong></span> <span class='ocrx_word' id='word_1_223' title='bbox 2287 1615 2468 1660; x_wconf 88' lang='lat' dir='ltr'><strong>autem</strong></span> <span class='ocrx_word' id='word_1_224' title='bbox 2510 1605 2725 1675; x_wconf 84' lang='lat' dir='ltr'><strong>signum</strong></span> <span class='ocrx_word' id='word_1_225' title='bbox 2767 1603 2999 1673; x_wconf 88' lang='lat' dir='ltr'><strong>accepit,</strong></span> <span class='ocrx_word' id='word_1_226' title='bbox 3040 1603 3248 1658; x_wconf 78' lang='lat' dir='ltr'><strong>cladem</strong></span> <span class='ocrx_word' id='word_1_227' title='bbox 3284 1610 3503 1657; x_wconf 86' lang='lat' dir='ltr'><strong>centum</strong></span> 
     </span>
    </p>
   </div>
   <div class='ocr_carea' id='block_1_31' title="bbox 1942 1682 3503 1768">
    <p class='ocr_par' dir='ltr' id='par_1_31' title="bbox 1942 1682 3503 1768">
     <span class='ocr_line' id='line_1_31' title="bbox 1942 1682 3503 1768; baseline -0.006 -15"><span class='ocrx_word' id='word_1_228' title='bbox 1942 1682 2216 1765; x_wconf 77' lang='lat' dir='ltr'><strong>octoginta</strong></span> <span class='ocrx_word' id='word_1_229' title='bbox 2262 1695 2506 1768; x_wconf 89' lang='lat' dir='ltr'><strong>quinque</strong></span> <span class='ocrx_word' id='word_1_230' title='bbox 2554 1695 2785 1749; x_wconf 83' lang='lat' dir='ltr'><strong>millium</strong></span> <span class='ocrx_word' id='word_1_231' title='bbox 2813 1695 2878 1762; x_wconf 74' lang='grc'><strong>³³,</strong></span> <span class='ocrx_word' id='word_1_232' title='bbox 2934 1693 3044 1750; x_wconf 90' lang='lat' dir='ltr'><strong>Deo</strong></span> <span class='ocrx_word' id='word_1_233' title='bbox 3089 1695 3261 1764; x_wconf 88' lang='lat' dir='ltr'><strong>ipsius</strong></span> <span class='ocrx_word' id='word_1_234' title='bbox 3316 1708 3503 1748; x_wconf 89' lang='lat' dir='ltr'><strong>curam</strong></span> 
     </span>
    </p>
   </div>
   <div class='ocr_carea' id='block_1_32' title="bbox 1941 1785 3503 1857">
    <p class='ocr_par' dir='ltr' id='par_1_32' title="bbox 1941 1785 3503 1857">
     <span class='ocr_line' id='line_1_32' title="bbox 1941 1785 3503 1857; baseline -0.002 -16"><span class='ocrx_word' id='word_1_235' title='bbox 1941 1792 2180 1857; x_wconf 81' lang='lat' dir='ltr'><strong>gerente,</strong></span> <span class='ocrx_word' id='word_1_236' title='bbox 2206 1796 2260 1841; x_wconf 89' lang='lat' dir='ltr'><strong>et</strong></span> <span class='ocrx_word' id='word_1_237' title='bbox 2291 1786 2482 1841; x_wconf 90' lang='lat' dir='ltr'><strong>bellica</strong></span> <span class='ocrx_word' id='word_1_238' title='bbox 2515 1786 2757 1855; x_wconf 90' lang='lat' dir='ltr'><strong>pericula</strong></span> <span class='ocrx_word' id='word_1_239' title='bbox 2792 1785 3048 1840; x_wconf 80' lang='lat' dir='ltr'><strong>facillime</strong></span> <span class='ocrx_word' id='word_1_240' title='bbox 3076 1785 3285 1856; x_wconf 84' lang='lat' dir='ltr'><strong>ellugit,</strong></span> <span class='ocrx_word' id='word_1_241' title='bbox 3318 1786 3503 1839; x_wconf 83' lang='lat' dir='ltr'><strong>hostes</strong></span> 
     </span>
    </p>
   </div>
   <div class='ocr_carea' id='block_1_33' title="bbox 1946 1877 3503 1949">
    <p class='ocr_par' dir='ltr' id='par_1_33' title="bbox 1946 1877 3503 1949">
     <span class='ocr_line' id='line_1_33' title="bbox 1946 1877 3503 1949; baseline -0.001 -17"><span class='ocrx_word' id='word_1_242' title='bbox 1946 1877 2165 1949; x_wconf 78' lang='lat' dir='ltr'><strong>fugante</strong></span> <span class='ocrx_word' id='word_1_243' title='bbox 2220 1877 2352 1943; x_wconf 89' lang='lat' dir='ltr'><strong>Deo,</strong></span> <span class='ocrx_word' id='word_1_244' title='bbox 2395 1877 2769 1933; x_wconf 81' lang='lat' dir='ltr'><strong>confirmatior</strong></span> <span class='ocrx_word' id='word_1_245' title='bbox 2809 1877 2971 1933; x_wconf 90' lang='lat' dir='ltr'><strong>etiam</strong></span> <span class='ocrx_word' id='word_1_246' title='bbox 3026 1878 3081 1932; x_wconf 91' lang='lat' dir='ltr'><strong>in</strong></span> <span class='ocrx_word' id='word_1_247' title='bbox 3129 1893 3192 1932; x_wconf 90' lang='lat' dir='ltr'><strong>ea</strong></span> <span class='ocrx_word' id='word_1_248' title='bbox 3237 1877 3503 1932; x_wconf 87' lang='lat' dir='ltr'><strong>sententia</strong></span> 
     </span>
    </p>
   </div>
   <div class='ocr_carea' id='block_1_34' title="bbox 281 1941 1836 2039">
    <p class='ocr_par' dir='ltr' id='par_1_34' title="bbox 281 1941 1836 2039">
     <span class='ocr_line' id='line_1_34' title="bbox 281 1941 1836 2039; baseline 0.016 -46"><span class='ocrx_word' id='word_1_249' title='bbox 281 1941 448 2039; x_wconf 68' lang='grc' dir='ltr'>τίους,</span> <span class='ocrx_word' id='word_1_250' title='bbox 491 1945 689 2039; x_wconf 77' lang='grc' dir='ltr'>μᾶλλον</span> <span class='ocrx_word' id='word_1_251' title='bbox 714 1948 782 2039; x_wconf 83' lang='grc' dir='ltr'>τὰ</span> <span class='ocrx_word' id='word_1_252' title='bbox 809 1949 911 2020; x_wconf 80' lang='grc' dir='ltr'>τῆς</span> <span class='ocrx_word' id='word_1_253' title='bbox 944 1951 1195 2019; x_wconf 83' lang='grc' dir='ltr'>ὑπονοίας</span> <span class='ocrx_word' id='word_1_254' title='bbox 1232 1958 1427 2031; x_wconf 78' lang='grc' dir='ltr'>ἐκύρου</span> <span class='ocrx_word' id='word_1_255' title='bbox 1471 1960 1600 2033; x_wconf 82' lang='grc' dir='ltr'>παρ’</span> <span class='ocrx_word' id='word_1_256' title='bbox 1627 1962 1804 2034; x_wconf 77' lang='grc' dir='ltr'>ἑαυτῷ</span> <span class='ocrx_word' id='word_1_257' title='bbox 1823 2005 1836 2028; x_wconf 94' lang='grc'><strong>,</strong></span> 
     </span>
    </p>
   </div>
   <div class='ocr_carea' id='block_1_35' title="bbox 1937 1941 3497 2039">
    <p class='ocr_par' dir='ltr' id='par_1_35' title="bbox 1942 1968 3497 2039">
     <span class='ocr_line' id='line_1_35' title="bbox 1942 1968 3497 2039; baseline 0 -15"><span class='ocrx_word' id='word_1_258' title='bbox 1942 1969 2119 2025; x_wconf 87' lang='lat' dir='ltr'><strong>factus</strong></span> <span class='ocrx_word' id='word_1_259' title='bbox 2174 1976 2278 2034; x_wconf 90' lang='lat' dir='ltr'><strong>est,</strong></span> <span class='ocrx_word' id='word_1_260' title='bbox 2335 1984 2395 2025; x_wconf 91' lang='lat' dir='ltr'><strong>se</strong></span> <span class='ocrx_word' id='word_1_261' title='bbox 2447 1976 2821 2039; x_wconf 77' lang='lat' dir='ltr'><strong>exspectatum</strong></span> <span class='ocrx_word' id='word_1_262' title='bbox 2893 1969 3044 2023; x_wconf 92' lang='lat' dir='ltr'><strong>illum</strong></span> <span class='ocrx_word' id='word_1_263' title='bbox 3107 1985 3229 2025; x_wconf 89' lang='lat' dir='ltr'><strong>esse</strong></span> <span class='ocrx_word' id='word_1_264' title='bbox 3308 1968 3497 2024; x_wconf 88' lang='lat' dir='ltr'><strong>Deum.</strong></span> 
     </span>
    </p>
   </div>
   <div class='ocr_carea' id='block_1_36' title="bbox 278 2033 1842 2120">
    <p class='ocr_par' dir='ltr' id='par_1_36' title="bbox 278 2033 1842 2120">
     <span class='ocr_line' id='line_1_36' title="bbox 278 2033 1842 2120; baseline 0.013 -33"><span class='ocrx_word' id='word_1_265' title='bbox 278 2033 358 2120; x_wconf 74' lang='grc' dir='ltr'><strong>ώς</strong></span> <span class='ocrx_word' id='word_1_266' title='bbox 386 2035 451 2089; x_wconf 78' lang='grc' dir='ltr'>ἂν</span> <span class='ocrx_word' id='word_1_267' title='bbox 488 2037 692 2103; x_wconf 78' lang='grc' dir='ltr'>ἐκεῖνος</span> <span class='ocrx_word' id='word_1_268' title='bbox 719 2037 796 2093; x_wconf 85' lang='grc' dir='ltr'>ὣν</span> <span class='ocrx_word' id='word_1_269' title='bbox 827 2043 855 2095; x_wconf 87' lang='grc' dir='ltr'><strong>ὁ</strong></span> <span class='ocrx_word' id='word_1_270' title='bbox 886 2045 1331 2118; x_wconf 85' lang='grc' dir='ltr'>προσδοκώμενος</span> <span class='ocrx_word' id='word_1_271' title='bbox 1354 2050 1486 2114; x_wconf 89' lang='grc' dir='ltr'>Θεός</span> <span class='ocrx_word' id='word_1_272' title='bbox 1506 2068 1519 2081; x_wconf 79' lang='grc'><em>’</em></span> <span class='ocrx_word' id='word_1_273' title='bbox 1566 2052 1744 2107; x_wconf 87' lang='grc' dir='ltr'>τοίνυν</span> <span class='ocrx_word' id='word_1_274' title='bbox 1778 2033 1842 2120; x_wconf 61' lang='lat' dir='ltr'><strong>te</strong></span> 
     </span>
    </p>
   </div>
   <div class='ocr_carea' id='block_1_37' title="bbox 277 2118 1841 2215">
    <p class='ocr_par' dir='ltr' id='par_1_37' title="bbox 277 2118 1841 2215">
     <span class='ocr_line' id='line_1_37' title="bbox 277 2118 1841 2215; baseline 0.016 -38"><span class='ocrx_word' id='word_1_275' title='bbox 277 2118 353 2178; x_wconf 79' lang='grc' dir='ltr'>ὧν</span> <span class='ocrx_word' id='word_1_276' title='bbox 378 2125 484 2181; x_wconf 72' lang='grc' dir='ltr'>ἔδει</span> <span class='ocrx_word' id='word_1_277' title='bbox 517 2129 768 2199; x_wconf 81' lang='grc' dir='ltr'>μάλιστα,</span> <span class='ocrx_word' id='word_1_278' title='bbox 816 2135 1160 2208; x_wconf 78' lang='grc' dir='ltr'>ἐπανήγαγεν</span> <span class='ocrx_word' id='word_1_279' title='bbox 1198 2140 1360 2195; x_wconf 82' lang='grc' dir='ltr'>αὑτὸν</span> <span class='ocrx_word' id='word_1_280' title='bbox 1408 2143 1487 2206; x_wconf 87' lang='grc' dir='ltr'><strong>είς</strong></span> <span class='ocrx_word' id='word_1_281' title='bbox 1512 2143 1691 2215; x_wconf 86' lang='grc' dir='ltr'>νῆψιν,</span> <span class='ocrx_word' id='word_1_282' title='bbox 1747 2118 1841 2202; x_wconf 60' lang='grc' dir='ltr'><strong>καί</strong></span> 
     </span>
    </p>
   </div>
   <div class='ocr_carea' id='block_1_38' title="bbox 281 2219 1838 2305">
    <p class='ocr_par' dir='ltr' id='par_1_38' title="bbox 281 2219 1838 2305">
     <span class='ocr_line' id='line_1_38' title="bbox 281 2219 1838 2305; baseline 0.017 -36"><span class='ocrx_word' id='word_1_283' title='bbox 281 2220 392 2282; x_wconf 86' lang='grc' dir='ltr'>τοῖς</span> <span class='ocrx_word' id='word_1_284' title='bbox 417 2219 516 2290; x_wconf 83' lang='grc' dir='ltr'>τῆς</span> <span class='ocrx_word' id='word_1_285' title='bbox 538 2220 752 2290; x_wconf 79' lang='grc' dir='ltr'>φύσεως</span> <span class='ocrx_word' id='word_1_286' title='bbox 780 2228 1178 2299; x_wconf 86' lang='grc' dir='ltr'>συμπτώμασιν</span> <span class='ocrx_word' id='word_1_287' title='bbox 1217 2233 1481 2305; x_wconf 76' lang='grc' dir='ltr'>ἐκέχρητο</span> <span class='ocrx_word' id='word_1_288' title='bbox 1514 2238 1631 2291; x_wconf 88' lang='grc' dir='ltr'>κατ’</span> <span class='ocrx_word' id='word_1_289' title='bbox 1676 2240 1838 2295; x_wconf 80' lang='grc' dir='ltr'>αὐτοῦ</span> 
     </span>
    </p>
   </div>
   <div class='ocr_carea' id='block_1_39' title="bbox 282 2312 1841 2401">
    <p class='ocr_par' dir='ltr' id='par_1_39' title="bbox 282 2312 1841 2401">
     <span class='ocr_line' id='line_1_39' title="bbox 282 2312 1841 2401; baseline 0.015 -39"><span class='ocrx_word' id='word_1_290' title='bbox 282 2312 362 2374; x_wconf 85' lang='grc' dir='ltr'><strong>είς</strong></span> <span class='ocrx_word' id='word_1_291' title='bbox 395 2316 799 2386; x_wconf 85' lang='grc' dir='ltr'>σωφρονισμόν·</span> <span class='ocrx_word' id='word_1_292' title='bbox 833 2318 1233 2392; x_wconf 83' lang='grc' dir='ltr'>μαλακισθῆναι</span> <span class='ocrx_word' id='word_1_293' title='bbox 1258 2323 1367 2397; x_wconf 90' lang='grc' dir='ltr'><strong>γάρ</strong></span> <span class='ocrx_word' id='word_1_294' title='bbox 1396 2326 1556 2381; x_wconf 81' lang='grc' dir='ltr'>αὐτὸν</span> <span class='ocrx_word' id='word_1_295' title='bbox 1610 2330 1841 2401; x_wconf 90' lang='grc' dir='ltr'>συνεχώ-</span> 
     </span>
    </p>
   </div>
   <div class='ocr_carea' id='block_1_40' title="bbox 280 2406 1838 2492">
    <p class='ocr_par' dir='ltr' id='par_1_40' title="bbox 280 2406 1838 2492">
     <span class='ocr_line' id='line_1_40' title="bbox 280 2406 1838 2492; baseline 0.013 -36"><span class='ocrx_word' id='word_1_296' title='bbox 280 2421 387 2473; x_wconf 86' lang='grc' dir='ltr'>ρει,</span> <span class='ocrx_word' id='word_1_297' title='bbox 418 2407 511 2459; x_wconf 79' lang='grc' dir='ltr'>καὶ</span> <span class='ocrx_word' id='word_1_298' title='bbox 556 2406 646 2461; x_wconf 79' lang='grc' dir='ltr'><strong>τὸν</strong></span> <span class='ocrx_word' id='word_1_299' title='bbox 687 2409 818 2462; x_wconf 87' lang='grc' dir='ltr'>πόδα</span> <span class='ocrx_word' id='word_1_300' title='bbox 845 2411 1135 2482; x_wconf 80' lang='grc' dir='ltr'>ὑπομένειν</span> <span class='ocrx_word' id='word_1_301' title='bbox 1174 2414 1343 2485; x_wconf 82' lang='grc' dir='ltr'>σῆψιν</span> <span class='ocrx_word' id='word_1_302' title='bbox 1387 2418 1480 2471; x_wconf 76' lang='grc' dir='ltr'><strong>καὶ</strong></span> <span class='ocrx_word' id='word_1_303' title='bbox 1514 2418 1692 2492; x_wconf 90' lang='grc' dir='ltr'>λώϐην</span> <span class='ocrx_word' id='word_1_304' title='bbox 1741 2423 1838 2475; x_wconf 83' lang='grc' dir='ltr'><strong>αὺ-</strong></span> 
     </span>
    </p>
   </div>
   <div class='ocr_carea' id='block_1_41' title="bbox 278 2497 1838 2588">
    <p class='ocr_par' dir='ltr' id='par_1_41' title="bbox 278 2497 1838 2588">
     <span class='ocr_line' id='line_1_41' title="bbox 278 2497 1838 2588; baseline 0.013 -39"><span class='ocrx_word' id='word_1_305' title='bbox 278 2497 370 2551; x_wconf 76' lang='grc' dir='ltr'><strong>τὸν</strong></span> <span class='ocrx_word' id='word_1_306' title='bbox 406 2499 740 2571; x_wconf 78' lang='grc' dir='ltr'>ἐκδέχεσθαι.</span> <span class='ocrx_word' id='word_1_307' title='bbox 782 2503 838 2557; x_wconf 89' lang='grc'><strong>’0</strong></span> <span class='ocrx_word' id='word_1_308' title='bbox 868 2506 1043 2561; x_wconf 85' lang='grc' dir='ltr'>τοίνυν</span> <span class='ocrx_word' id='word_1_309' title='bbox 1096 2508 1382 2580; x_wconf 85' lang='grc' dir='ltr'>μακάριος,</span> <span class='ocrx_word' id='word_1_310' title='bbox 1419 2514 1498 2576; x_wconf 88' lang='grc' dir='ltr'><strong>είς</strong></span> <span class='ocrx_word' id='word_1_311' title='bbox 1545 2514 1699 2568; x_wconf 87' lang='grc' dir='ltr'>νόσον</span> <span class='ocrx_word' id='word_1_312' title='bbox 1740 2515 1838 2588; x_wconf 82' lang='grc' dir='ltr'>τὴν</span> 
     </span>
    </p>
   </div>
   <div class='ocr_carea' id='block_1_42' title="bbox 280 2591 1836 2680">
    <p class='ocr_par' dir='ltr' id='par_1_42' title="bbox 280 2591 1836 2680">
     <span class='ocr_line' id='line_1_42' title="bbox 280 2591 1836 2680; baseline 0.012 -37"><span class='ocrx_word' id='word_1_313' title='bbox 280 2591 664 2663; x_wconf 81' lang='grc' dir='ltr'>προλεχθεῖσαν</span> <span class='ocrx_word' id='word_1_314' title='bbox 694 2597 1073 2669; x_wconf 80' lang='grc' dir='ltr'>καταστρέψας</span> <span class='ocrx_word' id='word_1_315' title='bbox 1091 2640 1106 2665; x_wconf 92' lang='grc'><strong>,</strong></span> <span class='ocrx_word' id='word_1_316' title='bbox 1142 2600 1355 2672; x_wconf 79' lang='grc' dir='ltr'>ἐδέχετο</span> <span class='ocrx_word' id='word_1_317' title='bbox 1376 2602 1464 2657; x_wconf 86' lang='grc' dir='ltr'><strong>διά</strong></span> <span class='ocrx_word' id='word_1_318' title='bbox 1487 2604 1578 2658; x_wconf 91' lang='grc' dir='ltr'><strong>τοῦ</strong></span> <span class='ocrx_word' id='word_1_319' title='bbox 1624 2610 1836 2680; x_wconf 87' lang='grc' dir='ltr'>προφή-</span> 
     </span>
    </p>
   </div>
   <div class='ocr_carea' id='block_1_43' title="bbox 279 2681 1837 2761">
    <p class='ocr_par' dir='ltr' id='par_1_43' title="bbox 279 2681 1837 2761">
     <span class='ocr_line' id='line_1_43' title="bbox 279 2681 1837 2761; baseline 0.011 -29"><span class='ocrx_word' id='word_1_320' title='bbox 279 2696 372 2732; x_wconf 90' lang='grc' dir='ltr'><strong>του</strong></span> <span class='ocrx_word' id='word_1_321' title='bbox 419 2681 639 2735; x_wconf 80' lang='grc' dir='ltr'>Ἦσαῒου</span> <span class='ocrx_word' id='word_1_322' title='bbox 669 2684 971 2757; x_wconf 78' lang='grc' dir='ltr'>πρόρρησιν</span> <span class='ocrx_word' id='word_1_323' title='bbox 1021 2688 1148 2759; x_wconf 75' lang='grc' dir='ltr'>περὶ</span> <span class='ocrx_word' id='word_1_324' title='bbox 1173 2688 1269 2741; x_wconf 89' lang='grc' dir='ltr'><strong>τοῦ</strong></span> <span class='ocrx_word' id='word_1_325' title='bbox 1301 2689 1707 2761; x_wconf 73' lang='grc' dir='ltr'>καταλήψεσθαι</span> <span class='ocrx_word' id='word_1_326' title='bbox 1736 2696 1837 2749; x_wconf 78' lang='grc' dir='ltr'>αὐ-</span> 
     </span>
    </p>
   </div>
   <div class='ocr_carea' id='block_1_44' title="bbox 280 2772 1833 2855">
    <p class='ocr_par' dir='ltr' id='par_1_44' title="bbox 280 2772 1833 2855">
     <span class='ocr_line' id='line_1_44' title="bbox 280 2772 1833 2855; baseline 0.01 -30"><span class='ocrx_word' id='word_1_327' title='bbox 280 2772 370 2828; x_wconf 82' lang='grc' dir='ltr'><strong>τὸν</strong></span> <span class='ocrx_word' id='word_1_328' title='bbox 414 2773 700 2843; x_wconf 87' lang='grc' dir='ltr'>μέλλοντος</span> <span class='ocrx_word' id='word_1_329' title='bbox 723 2774 953 2832; x_wconf 86' lang='grc' dir='ltr'>θανάτου</span> <span class='ocrx_word' id='word_1_330' title='bbox 980 2793 997 2811; x_wconf 79' lang='grc'><em>’</em></span> <span class='ocrx_word' id='word_1_331' title='bbox 1022 2781 1115 2833; x_wconf 67' lang='grc' dir='ltr'><strong>καλ⁸</strong></span> <span class='ocrx_word' id='word_1_332' title='bbox 1144 2782 1224 2845; x_wconf 87' lang='grc' dir='ltr'><strong>είς</strong></span> <span class='ocrx_word' id='word_1_333' title='bbox 1261 2782 1604 2855; x_wconf 82' lang='grc' dir='ltr'>συναίσθησιν</span> <span class='ocrx_word' id='word_1_334' title='bbox 1645 2786 1833 2851; x_wconf 83' lang='grc' dir='ltr'>ἐλθὼν,</span> 
     </span>
    </p>
   </div>
   <div class='ocr_carea' id='block_1_45' title="bbox 278 2861 1835 2944">
    <p class='ocr_par' dir='ltr' id='par_1_45' title="bbox 278 2861 1835 2944">
     <span class='ocr_line' id='line_1_45' title="bbox 278 2861 1835 2944; baseline 0.006 -28"><span class='ocrx_word' id='word_1_335' title='bbox 278 2861 373 2916; x_wconf 81' lang='grc' dir='ltr'>καὶ</span> <span class='ocrx_word' id='word_1_336' title='bbox 413 2861 502 2916; x_wconf 87' lang='grc' dir='ltr'><strong>διά</strong></span> <span class='ocrx_word' id='word_1_337' title='bbox 532 2862 638 2917; x_wconf 89' lang='grc' dir='ltr'><strong>τῶν</strong></span> <span class='ocrx_word' id='word_1_338' title='bbox 674 2864 861 2920; x_wconf 88' lang='grc' dir='ltr'>παθῶν</span> <span class='ocrx_word' id='word_1_339' title='bbox 892 2867 972 2931; x_wconf 88' lang='grc' dir='ltr'><strong>είς</strong></span> <span class='ocrx_word' id='word_1_340' title='bbox 1014 2869 1338 2941; x_wconf 86' lang='grc' dir='ltr'>κατανόησιν</span> <span class='ocrx_word' id='word_1_341' title='bbox 1378 2870 1480 2941; x_wconf 83' lang='grc' dir='ltr'>τῆς</span> <span class='ocrx_word' id='word_1_342' title='bbox 1506 2872 1699 2926; x_wconf 77' lang='grc' dir='ltr'>ἑαυτοῦ</span> <span class='ocrx_word' id='word_1_343' title='bbox 1735 2873 1835 2944; x_wconf 82' lang='grc' dir='ltr'><strong>φύ-</strong></span> 
     </span>
    </p>
   </div>
   <div class='ocr_carea' id='block_1_46' title="bbox 282 2956 1830 3032">
    <p class='ocr_par' dir='ltr' id='par_1_46' title="bbox 282 2956 1830 3032">
     <span class='ocr_line' id='line_1_46' title="bbox 282 2956 1830 3032; baseline 0.006 -25"><span class='ocrx_word' id='word_1_344' title='bbox 282 2970 418 3019; x_wconf 90' lang='grc' dir='ltr'>σεως</span> <span class='ocrx_word' id='word_1_345' title='bbox 471 2956 732 3027; x_wconf 72' lang='grc' dir='ltr'>ὲναχθεὶς,</span> <span class='ocrx_word' id='word_1_346' title='bbox 768 2976 788 3009; x_wconf 85' lang='grc'><strong>‹</strong></span> <span class='ocrx_word' id='word_1_347' title='bbox 826 2958 1081 3024; x_wconf 83' lang='grc' dir='ltr'>Διάταξαι</span> <span class='ocrx_word' id='word_1_348' title='bbox 1132 2962 1258 3032; x_wconf 76' lang='grc' dir='ltr'>περὶ</span> <span class='ocrx_word' id='word_1_349' title='bbox 1310 2961 1402 3015; x_wconf 90' lang='grc' dir='ltr'><strong>τοῦ</strong></span> <span class='ocrx_word' id='word_1_350' title='bbox 1436 2962 1585 3017; x_wconf 79' lang='grc' dir='ltr'>οἴκου</span> <span class='ocrx_word' id='word_1_351' title='bbox 1648 2982 1739 3018; x_wconf 93' lang='grc' dir='ltr'><strong>σου</strong></span> <span class='ocrx_word' id='word_1_352' title='bbox 1765 3005 1780 3030; x_wconf 96' lang='grc'><strong>,</strong></span> <span class='ocrx_word' id='word_1_353' title='bbox 1812 2984 1830 3016; x_wconf 73' lang='grc' dir='ltr'><strong>ι</strong></span> 
     </span>
    </p>
   </div>
   <div class='ocr_carea' id='block_1_47' title="bbox 278 3047 1836 3127">
    <p class='ocr_par' dir='ltr' id='par_1_47' title="bbox 278 3047 1836 3127">
     <span class='ocr_line' id='line_1_47' title="bbox 278 3047 1836 3127; baseline 0.006 -28"><span class='ocrx_word' id='word_1_354' title='bbox 278 3047 529 3117; x_wconf 72' lang='grc' dir='ltr'>ἤκουσεν,</span> <span class='ocrx_word' id='word_1_355' title='bbox 564 3048 639 3112; x_wconf 83' lang='grc' dir='ltr'>ὡς</span> <span class='ocrx_word' id='word_1_356' title='bbox 681 3049 754 3120; x_wconf 84' lang='grc' dir='ltr'>μὴ</span> <span class='ocrx_word' id='word_1_357' title='bbox 777 3048 989 3119; x_wconf 78' lang='grc' dir='ltr'>ἔχοντος</span> <span class='ocrx_word' id='word_1_358' title='bbox 1026 3050 1117 3105; x_wconf 81' lang='grc' dir='ltr'>τὸν</span> <span class='ocrx_word' id='word_1_359' title='bbox 1152 3051 1519 3125; x_wconf 82' lang='grc' dir='ltr'>διαδεξόμενον</span> <span class='ocrx_word' id='word_1_360' title='bbox 1553 3055 1651 3127; x_wconf 83' lang='grc' dir='ltr'>τὴν</span> <span class='ocrx_word' id='word_1_361' title='bbox 1683 3055 1836 3125; x_wconf 85' lang='grc' dir='ltr'>βασι-</span> 
     </span>
    </p>
   </div>
   <div class='ocr_carea' id='block_1_48' title="bbox 278 3135 1832 3221">
    <p class='ocr_par' dir='ltr' id='par_1_48' title="bbox 278 3135 1832 3221">
     <span class='ocr_line' id='line_1_48' title="bbox 278 3135 1832 3221; baseline 0.01 -32"><span class='ocrx_word' id='word_1_362' title='bbox 278 3135 461 3203; x_wconf 82' lang='grc' dir='ltr'>λείαν,</span> <span class='ocrx_word' id='word_1_363' title='bbox 500 3138 592 3192; x_wconf 73' lang='grc' dir='ltr'><strong>ἐπὶ</strong></span> <span class='ocrx_word' id='word_1_364' title='bbox 622 3139 682 3193; x_wconf 85' lang='grc' dir='ltr'>τὸ</span> <span class='ocrx_word' id='word_1_365' title='bbox 725 3142 1013 3212; x_wconf 88' lang='grc' dir='ltr'>φάρμακον</span> <span class='ocrx_word' id='word_1_366' title='bbox 1070 3144 1171 3215; x_wconf 81' lang='grc' dir='ltr'>τῆς</span> <span class='ocrx_word' id='word_1_367' title='bbox 1229 3147 1514 3216; x_wconf 89' lang='grc' dir='ltr'>μετανοίας</span> <span class='ocrx_word' id='word_1_368' title='bbox 1556 3149 1832 3221; x_wconf 77' lang='grc' dir='ltr'>ἐτρέπετο.</span> 
     </span>
    </p>
   </div>
   <div class='ocr_carea' id='block_1_49' title="bbox 277 3229 1836 3312">
    <p class='ocr_par' dir='ltr' id='par_1_49' title="bbox 277 3229 1836 3312">
     <span class='ocr_line' id='line_1_49' title="bbox 277 3229 1836 3312; baseline 0.008 -30"><span class='ocrx_word' id='word_1_369' title='bbox 277 3229 630 3300; x_wconf 86' lang='grc' dir='ltr'>Περιστείλας</span> <span class='ocrx_word' id='word_1_370' title='bbox 669 3232 777 3304; x_wconf 83' lang='grc' dir='ltr'><strong>γὰρ</strong></span> <span class='ocrx_word' id='word_1_371' title='bbox 809 3232 908 3297; x_wconf 87' lang='grc' dir='ltr'><strong>τάς</strong></span> <span class='ocrx_word' id='word_1_372' title='bbox 934 3233 1127 3288; x_wconf 75' lang='grc' dir='ltr'>ἑαυτοῦ</span> <span class='ocrx_word' id='word_1_373' title='bbox 1181 3237 1460 3311; x_wconf 75' lang='grc' dir='ltr'>αἰσθήσεις</span> <span class='ocrx_word' id='word_1_374' title='bbox 1499 3240 1606 3293; x_wconf 88' lang='grc' dir='ltr'><strong>τῶν</strong></span> <span class='ocrx_word' id='word_1_375' title='bbox 1650 3258 1836 3312; x_wconf 89' lang='grc' dir='ltr'>περιτ-</span> 
     </span>
    </p>
   </div>
   <div class='ocr_carea' id='block_1_50' title="bbox 277 3318 1837 3403">
    <p class='ocr_par' dir='ltr' id='par_1_50' title="bbox 277 3318 1837 3403">
     <span class='ocr_line' id='line_1_50' title="bbox 277 3318 1837 3403; baseline 0.009 -30"><span class='ocrx_word' id='word_1_376' title='bbox 277 3318 387 3373; x_wconf 88' lang='grc' dir='ltr'><strong>τῶν</strong></span> <span class='ocrx_word' id='word_1_377' title='bbox 420 3323 747 3392; x_wconf 84' lang='grc' dir='ltr'>φαντασιῶν,</span> <span class='ocrx_word' id='word_1_378' title='bbox 799 3326 894 3379; x_wconf 72' lang='grc' dir='ltr'>καὶ</span> <span class='ocrx_word' id='word_1_379' title='bbox 919 3326 1106 3399; x_wconf 85' lang='grc' dir='ltr'>ὥσπερ</span> <span class='ocrx_word' id='word_1_380' title='bbox 1140 3330 1472 3403; x_wconf 83' lang='grc' dir='ltr'>είσοικισμδν</span> <span class='ocrx_word' id='word_1_381' title='bbox 1514 3332 1707 3386; x_wconf 78' lang='grc' dir='ltr'>ἑαυτοῦ</span> <span class='ocrx_word' id='word_1_382' title='bbox 1747 3351 1837 3387; x_wconf 78' lang='grc' dir='ltr'>κα·</span> 
     </span>
    </p>
   </div>
   <div class='ocr_carea' id='block_1_51' title="bbox 276 3416 1833 3499">
    <p class='ocr_par' dir='ltr' id='par_1_51' title="bbox 276 3416 1833 3499">
     <span class='ocr_line' id='line_1_51' title="bbox 276 3416 1833 3499; baseline 0.008 -31"><span class='ocrx_word' id='word_1_383' title='bbox 276 3416 585 3482; x_wconf 87' lang='grc' dir='ltr'>τακλείσας,</span> <span class='ocrx_word' id='word_1_384' title='bbox 619 3419 852 3499; x_wconf 81' lang='grc' dir='ltr'>στρέψας</span> <span class='ocrx_word' id='word_1_385' title='bbox 873 3438 931 3475; x_wconf 87' lang='grc' dir='ltr'><strong>τε</strong></span> <span class='ocrx_word' id='word_1_386' title='bbox 967 3422 1027 3475; x_wconf 84' lang='grc' dir='ltr'><strong>τὸ</strong></span> <span class='ocrx_word' id='word_1_387' title='bbox 1073 3423 1359 3495; x_wconf 89' lang='grc' dir='ltr'>πρόσωπον</span> <span class='ocrx_word' id='word_1_388' title='bbox 1390 3426 1482 3479; x_wconf 79' lang='grc' dir='ltr'><strong>ἐπὶ</strong></span> <span class='ocrx_word' id='word_1_389' title='bbox 1517 3426 1606 3479; x_wconf 86' lang='grc' dir='ltr'><strong>τὸν</strong></span> <span class='ocrx_word' id='word_1_390' title='bbox 1637 3429 1833 3498; x_wconf 87' lang='grc' dir='ltr'>τοῖχον,</span> 
     </span>
    </p>
   </div>
   <div class='ocr_carea' id='block_1_52' title="bbox 278 3507 1837 3590">
    <p class='ocr_par' dir='ltr' id='par_1_52' title="bbox 278 3507 1837 3590">
     <span class='ocr_line' id='line_1_52' title="bbox 278 3507 1837 3590; baseline 0.009 -32"><span class='ocrx_word' id='word_1_391' title='bbox 278 3507 464 3578; x_wconf 80' lang='grc' dir='ltr'>καιρὸν</span> <span class='ocrx_word' id='word_1_392' title='bbox 495 3509 661 3564; x_wconf 77' lang='grc' dir='ltr'>ἐδίδου</span> <span class='ocrx_word' id='word_1_393' title='bbox 694 3514 758 3582; x_wconf 86' lang='grc' dir='ltr'>τῇ</span> <span class='ocrx_word' id='word_1_394' title='bbox 794 3512 984 3566; x_wconf 76' lang='grc' dir='ltr'>ἑαυτοῦ</span> <span class='ocrx_word' id='word_1_395' title='bbox 1013 3513 1156 3586; x_wconf 82' lang='grc' dir='ltr'>ψυχῇ</span> <span class='ocrx_word' id='word_1_396' title='bbox 1199 3517 1584 3590; x_wconf 83' lang='grc' dir='ltr'>ὲπανατρέχειν</span> <span class='ocrx_word' id='word_1_397' title='bbox 1619 3519 1710 3572; x_wconf 77' lang='grc' dir='ltr'>ἐπὶ</span> <span class='ocrx_word' id='word_1_398' title='bbox 1743 3518 1837 3572; x_wconf 77' lang='grc' dir='ltr'>τὸν</span> 
     </span>
    </p>
   </div>
   <div class='ocr_carea' id='block_1_53' title="bbox 276 3599 1835 3679">
    <p class='ocr_par' dir='ltr' id='par_1_53' title="bbox 276 3599 1835 3679">
     <span class='ocr_line' id='line_1_53' title="bbox 276 3599 1835 3679; baseline 0.009 -29"><span class='ocrx_word' id='word_1_399' title='bbox 276 3599 474 3671; x_wconf 80' lang='grc' dir='ltr'>ἑαυτῆς</span> <span class='ocrx_word' id='word_1_400' title='bbox 516 3601 820 3673; x_wconf 87' lang='grc' dir='ltr'>Δεσπότην,</span> <span class='ocrx_word' id='word_1_401' title='bbox 874 3605 969 3657; x_wconf 73' lang='grc' dir='ltr'>καὶ</span> <span class='ocrx_word' id='word_1_402' title='bbox 1023 3605 1110 3658; x_wconf 87' lang='grc' dir='ltr'><strong>διά</strong></span> <span class='ocrx_word' id='word_1_403' title='bbox 1150 3608 1456 3679; x_wconf 83' lang='grc' dir='ltr'>προσευχῆς</span> <span class='ocrx_word' id='word_1_404' title='bbox 1498 3610 1835 3678; x_wconf 83' lang='grc' dir='ltr'>καρποῦσθαι</span> 
     </span>
    </p>
   </div>
   <div class='ocr_carea' id='block_1_54' title="bbox 274 3689 1835 3771">
    <p class='ocr_par' dir='ltr' id='par_1_54' title="bbox 274 3689 1835 3771">
     <span class='ocr_line' id='line_1_54' title="bbox 274 3689 1835 3771; baseline 0.007 -27"><span class='ocrx_word' id='word_1_405' title='bbox 274 3690 375 3760; x_wconf 72' lang='grc' dir='ltr'><strong>τὴν</strong></span> <span class='ocrx_word' id='word_1_406' title='bbox 427 3689 520 3743; x_wconf 89' lang='grc' dir='ltr'><strong>τοῦ</strong></span> <span class='ocrx_word' id='word_1_407' title='bbox 560 3691 812 3763; x_wconf 81' lang='grc' dir='ltr'>σώματος</span> <span class='ocrx_word' id='word_1_408' title='bbox 840 3695 983 3749; x_wconf 77' lang='grc' dir='ltr'>ἴασιν</span> <span class='ocrx_word' id='word_1_409' title='bbox 1014 3712 1028 3727; x_wconf 84' lang='grc'><strong>·</strong></span> <span class='ocrx_word' id='word_1_410' title='bbox 1078 3696 1234 3751; x_wconf 88' lang='grc' dir='ltr'>τοῦτο</span> <span class='ocrx_word' id='word_1_411' title='bbox 1276 3699 1394 3751; x_wconf 76' lang='grc' dir='ltr'>ἀντὶ</span> <span class='ocrx_word' id='word_1_412' title='bbox 1439 3699 1835 3771; x_wconf 86' lang='grc' dir='ltr'>δυσωπήματος</span> 
     </span>
    </p>
   </div>
   <div class='ocr_carea' id='block_1_55' title="bbox 275 3780 1836 3865">
    <p class='ocr_par' dir='ltr' id='par_1_55' title="bbox 275 3780 1836 3865">
     <span class='ocr_line' id='line_1_55' title="bbox 275 3780 1836 3865; baseline 0.008 -32"><span class='ocrx_word' id='word_1_413' title='bbox 275 3780 588 3853; x_wconf 80' lang='grc' dir='ltr'>προσάγων,</span> <span class='ocrx_word' id='word_1_414' title='bbox 621 3784 701 3836; x_wconf 81' lang='grc' dir='ltr'><strong>ὅτι</strong></span> <span class='ocrx_word' id='word_1_415' title='bbox 745 3783 833 3838; x_wconf 84' lang='grc' dir='ltr'>Ἐν</span> <span class='ocrx_word' id='word_1_416' title='bbox 862 3786 1089 3858; x_wconf 72' lang='grc' dir='ltr'>ἀφελείᾳ</span> <span class='ocrx_word' id='word_1_417' title='bbox 1114 3787 1288 3859; x_wconf 83' lang='grc' dir='ltr'>ψυχῆς</span> <span class='ocrx_word' id='word_1_418' title='bbox 1318 3790 1413 3842; x_wconf 74' lang='grc' dir='ltr'><strong>καὶ</strong></span> <span class='ocrx_word' id='word_1_419' title='bbox 1452 3789 1675 3862; x_wconf 79' lang='grc' dir='ltr'>ἀληθινῇ</span> <span class='ocrx_word' id='word_1_420' title='bbox 1704 3809 1836 3865; x_wconf 87' lang='grc' dir='ltr'>καρ-</span> 
     </span>
    </p>
   </div>
   <div class='ocr_carea' id='block_1_56' title="bbox 274 3870 1836 3947">
    <p class='ocr_par' dir='ltr' id='par_1_56' title="bbox 274 3870 1836 3947">
     <span class='ocr_line' id='line_1_56' title="bbox 274 3870 1836 3947; baseline 0.01 -25"><span class='ocrx_word' id='word_1_421' title='bbox 274 3870 363 3943; x_wconf 74' lang='grc' dir='ltr'><strong>δίᾳ</strong></span> <span class='ocrx_word' id='word_1_422' title='bbox 410 3872 751 3943; x_wconf 87' lang='grc' dir='ltr'>πεπόρευμαι</span> <span class='ocrx_word' id='word_1_423' title='bbox 793 3871 1020 3929; x_wconf 83' lang='grc' dir='ltr'>ένώπιόν</span> <span class='ocrx_word' id='word_1_424' title='bbox 1077 3893 1190 3931; x_wconf 91' lang='grc' dir='ltr'>σου.</span> <span class='ocrx_word' id='word_1_425' title='bbox 1223 3878 1451 3947; x_wconf 85' lang='grc' dir='ltr'>Λέγεται</span> <span class='ocrx_word' id='word_1_426' title='bbox 1499 3882 1591 3933; x_wconf 75' lang='grc' dir='ltr'><strong>καὶ</strong></span> <span class='ocrx_word' id='word_1_427' title='bbox 1638 3882 1695 3935; x_wconf 82' lang='grc' dir='ltr'><strong>έν</strong></span> <span class='ocrx_word' id='word_1_428' title='bbox 1724 3886 1836 3947; x_wconf 81' lang='grc' dir='ltr'>τοῖς</span> 
     </span>
    </p>
   </div>
   <div class='ocr_carea' id='block_1_57' title="bbox 274 3963 1834 4045">
    <p class='ocr_par' dir='ltr' id='par_1_57' title="bbox 274 3963 1834 4045">
     <span class='ocr_line' id='line_1_57' title="bbox 274 3963 1834 4045; baseline 0.009 -29"><span class='ocrx_word' id='word_1_429' title='bbox 274 3963 459 4026; x_wconf 89' lang='grc' dir='ltr'>τόποις</span> <span class='ocrx_word' id='word_1_430' title='bbox 479 3964 573 4018; x_wconf 79' lang='grc' dir='ltr'><strong>καὶ</strong></span> <span class='ocrx_word' id='word_1_431' title='bbox 608 3965 793 4041; x_wconf 75' lang='grc' dir='ltr'>ἔτερόν</span> <span class='ocrx_word' id='word_1_432' title='bbox 817 3985 888 4029; x_wconf 88' lang='grc' dir='ltr'><strong>τι,</strong></span> <span class='ocrx_word' id='word_1_433' title='bbox 916 3969 996 4022; x_wconf 83' lang='grc' dir='ltr'>ὅτι</span> <span class='ocrx_word' id='word_1_434' title='bbox 1021 4009 1037 4036; x_wconf 92' lang='grc'><strong>,</strong></span> <span class='ocrx_word' id='word_1_435' title='bbox 1076 3970 1170 4024; x_wconf 91' lang='grc' dir='ltr'><strong>τοῦ</strong></span> <span class='ocrx_word' id='word_1_436' title='bbox 1203 3971 1541 4043; x_wconf 85' lang='grc' dir='ltr'>Σολομῶντος</span> <span class='ocrx_word' id='word_1_437' title='bbox 1575 3973 1834 4045; x_wconf 84' lang='grc' dir='ltr'>βασιλέως</span> 
     </span>
    </p>
   </div>
   <div class='ocr_carea' id='block_1_58' title="bbox 276 4053 1834 4137">
    <p class='ocr_par' dir='ltr' id='par_1_58' title="bbox 276 4053 1834 4137">
     <span class='ocr_line' id='line_1_58' title="bbox 276 4053 1834 4137; baseline 0.009 -31"><span class='ocrx_word' id='word_1_438' title='bbox 276 4053 334 4107; x_wconf 77' lang='grc' dir='ltr'>ἐν</span> <span class='ocrx_word' id='word_1_439' title='bbox 389 4054 554 4128; x_wconf 85' lang='grc' dir='ltr'>στήλῃ</span> <span class='ocrx_word' id='word_1_440' title='bbox 598 4057 966 4129; x_wconf 78' lang='grc' dir='ltr'>ἐγγράψαντος</span> <span class='ocrx_word' id='word_1_441' title='bbox 1015 4060 1084 4116; x_wconf 80' lang='grc' dir='ltr'>τὰ</span> <span class='ocrx_word' id='word_1_442' title='bbox 1132 4062 1334 4132; x_wconf 82' lang='grc' dir='ltr'>φυσικὰ</span> <span class='ocrx_word' id='word_1_443' title='bbox 1392 4063 1500 4117; x_wconf 87' lang='grc' dir='ltr'><strong>τῶν</strong></span> <span class='ocrx_word' id='word_1_444' title='bbox 1537 4063 1834 4137; x_wconf 84' lang='grc' dir='ltr'>θεραπειῶν</span> 
     </span>
    </p>
   </div>
   <div class='ocr_carea' id='block_1_59' title="bbox 275 4143 1834 4231">
    <p class='ocr_par' dir='ltr' id='par_1_59' title="bbox 275 4143 1834 4231">
     <span class='ocr_line' id='line_1_59' title="bbox 275 4143 1834 4231; baseline 0.01 -33"><span class='ocrx_word' id='word_1_445' title='bbox 275 4143 367 4199; x_wconf 89' lang='grc' dir='ltr'><strong>τοῦ</strong></span> <span class='ocrx_word' id='word_1_446' title='bbox 397 4145 663 4218; x_wconf 88' lang='grc' dir='ltr'>σώματος,</span> <span class='ocrx_word' id='word_1_447' title='bbox 718 4150 811 4204; x_wconf 75' lang='grc' dir='ltr'><strong>καὶ</strong></span> <span class='ocrx_word' id='word_1_448' title='bbox 863 4152 1063 4226; x_wconf 87' lang='grc' dir='ltr'>ταύτην</span> <span class='ocrx_word' id='word_1_449' title='bbox 1101 4155 1516 4229; x_wconf 87' lang='grc' dir='ltr'>ἀναστήσαντος,</span> <span class='ocrx_word' id='word_1_450' title='bbox 1575 4160 1604 4212; x_wconf 87' lang='grc' dir='ltr'><strong>ό</strong></span> <span class='ocrx_word' id='word_1_451' title='bbox 1658 4161 1834 4231; x_wconf 86' lang='grc' dir='ltr'>μακά-</span> 
     </span>
    </p>
   </div>
   <div class='ocr_carea' id='block_1_60' title="bbox 280 4233 1832 4320">
    <p class='ocr_par' dir='ltr' id='par_1_60' title="bbox 280 4233 1832 4320">
     <span class='ocr_line' id='line_1_60' title="bbox 280 4233 1832 4320; baseline 0.013 -36"><span class='ocrx_word' id='word_1_452' title='bbox 280 4250 391 4303; x_wconf 91' lang='grc' dir='ltr'>ριος</span> <span class='ocrx_word' id='word_1_453' title='bbox 428 4233 692 4303; x_wconf 79' lang='grc' dir='ltr'>Ἐζεκίας,</span> <span class='ocrx_word' id='word_1_454' title='bbox 741 4238 1015 4305; x_wconf 86' lang='grc' dir='ltr'>καθελὼν,</span> <span class='ocrx_word' id='word_1_455' title='bbox 1062 4243 1148 4297; x_wconf 73' lang='grc' dir='ltr'>ἵνα</span> <span class='ocrx_word' id='word_1_456' title='bbox 1209 4244 1283 4317; x_wconf 83' lang='grc' dir='ltr'>μὴ</span> <span class='ocrx_word' id='word_1_457' title='bbox 1329 4247 1357 4298; x_wconf 89' lang='grc' dir='ltr'><strong>ό</strong></span> <span class='ocrx_word' id='word_1_458' title='bbox 1401 4246 1526 4312; x_wconf 87' lang='grc' dir='ltr'>λαὸς</span> <span class='ocrx_word' id='word_1_459' title='bbox 1579 4248 1832 4320; x_wconf 86' lang='grc' dir='ltr'>ἀσχολίαν</span> 
     </span>
    </p>
   </div>
   <div class='ocr_carea' id='block_1_61' title="bbox 274 4320 1833 4410">
    <p class='ocr_par' dir='ltr' id='par_1_61' title="bbox 274 4320 1833 4410">
     <span class='ocr_line' id='line_1_61' title="bbox 274 4320 1833 4410; baseline 0.012 -35"><span class='ocrx_word' id='word_1_460' title='bbox 274 4320 374 4395; x_wconf 71' lang='grc' dir='ltr'><strong>ἔχῃ</strong></span> <span class='ocrx_word' id='word_1_461' title='bbox 422 4323 514 4378; x_wconf 87' lang='grc' dir='ltr'><strong>τοῦ</strong></span> <span class='ocrx_word' id='word_1_462' title='bbox 551 4326 880 4396; x_wconf 88' lang='grc' dir='ltr'>ἀφίστασθαι</span> <span class='ocrx_word' id='word_1_463' title='bbox 928 4330 1019 4383; x_wconf 89' lang='grc' dir='ltr'><strong>τοῦ</strong></span> <span class='ocrx_word' id='word_1_464' title='bbox 1057 4331 1189 4386; x_wconf 88' lang='grc' dir='ltr'>Θεοῦ</span> <span class='ocrx_word' id='word_1_465' title='bbox 1214 4373 1229 4398; x_wconf 94' lang='grc'><strong>,</strong></span> <span class='ocrx_word' id='word_1_466' title='bbox 1267 4335 1324 4387; x_wconf 78' lang='grc' dir='ltr'>ὲν</span> <span class='ocrx_word' id='word_1_467' title='bbox 1368 4335 1446 4407; x_wconf 86' lang='grc' dir='ltr'>τῷ</span> <span class='ocrx_word' id='word_1_468' title='bbox 1481 4337 1671 4391; x_wconf 75' lang='grc' dir='ltr'>ἑαυτοῦ</span> <span class='ocrx_word' id='word_1_469' title='bbox 1703 4339 1833 4410; x_wconf 74' lang='grc' dir='ltr'>οἴκῳ</span> 
     </span>
    </p>
   </div>
   <div class='ocr_carea' id='block_1_62' title="bbox 272 4417 1832 4502">
    <p class='ocr_par' dir='ltr' id='par_1_62' title="bbox 272 4417 1832 4502">
     <span class='ocr_line' id='line_1_62' title="bbox 272 4417 1832 4502; baseline 0.013 -35"><span class='ocrx_word' id='word_1_470' title='bbox 272 4417 355 4477; x_wconf 82' lang='grc' dir='ltr'>εἰς</span> <span class='ocrx_word' id='word_1_471' title='bbox 412 4417 503 4470; x_wconf 80' lang='grc' dir='ltr'><strong>τὸν</strong></span> <span class='ocrx_word' id='word_1_472' title='bbox 540 4422 714 4490; x_wconf 85' lang='grc' dir='ltr'>τοῖχον</span> <span class='ocrx_word' id='word_1_473' title='bbox 756 4423 1028 4496; x_wconf 75' lang='grc' dir='ltr'>ἐντίθησι·</span> <span class='ocrx_word' id='word_1_474' title='bbox 1086 4426 1300 4496; x_wconf 86' lang='grc' dir='ltr'>λέγεται</span> <span class='ocrx_word' id='word_1_475' title='bbox 1332 4425 1446 4496; x_wconf 85' lang='grc' dir='ltr'>οὖν,</span> <span class='ocrx_word' id='word_1_476' title='bbox 1493 4432 1551 4484; x_wconf 81' lang='grc' dir='ltr'>ὲν</span> <span class='ocrx_word' id='word_1_477' title='bbox 1591 4431 1669 4502; x_wconf 85' lang='grc' dir='ltr'>τῷ</span> <span class='ocrx_word' id='word_1_478' title='bbox 1700 4434 1832 4486; x_wconf 84' lang='grc' dir='ltr'>ἀπο-</span> 
     </span>
    </p>
   </div>
   <div class='ocr_carea' id='block_1_63' title="bbox 276 4508 1831 4595">
    <p class='ocr_par' dir='ltr' id='par_1_63' title="bbox 276 4508 1831 4595">
     <span class='ocr_line' id='line_1_63' title="bbox 276 4508 1831 4595; baseline 0.012 -36"><span class='ocrx_word' id='word_1_479' title='bbox 276 4508 502 4578; x_wconf 84' lang='grc' dir='ltr'>στρέψαι</span> <span class='ocrx_word' id='word_1_480' title='bbox 530 4511 691 4565; x_wconf 83' lang='grc' dir='ltr'>αὐτὸν</span> <span class='ocrx_word' id='word_1_481' title='bbox 738 4514 872 4584; x_wconf 84' lang='grc' dir='ltr'>πρὸς</span> <span class='ocrx_word' id='word_1_482' title='bbox 911 4516 1003 4570; x_wconf 87' lang='grc' dir='ltr'><strong>τὸν</strong></span> <span class='ocrx_word' id='word_1_483' title='bbox 1027 4520 1223 4589; x_wconf 79' lang='grc' dir='ltr'>τοῖχον,</span> <span class='ocrx_word' id='word_1_484' title='bbox 1272 4520 1391 4574; x_wconf 71' lang='grc' dir='ltr'>ἀντὶ</span> <span class='ocrx_word' id='word_1_485' title='bbox 1437 4521 1831 4595; x_wconf 87' lang='grc' dir='ltr'>δυσωπήματος</span> 
     </span>
    </p>
   </div>
   <div class='ocr_carea' id='block_1_64' title="bbox 1940 2057 3501 2130">
    <p class='ocr_par' dir='ltr' id='par_1_64' title="bbox 1940 2057 3501 2130">
     <span class='ocr_line' id='line_1_64' title="bbox 1940 2057 3501 2130; baseline -0.001 -19"><span class='ocrx_word' id='word_1_486' title='bbox 1940 2058 2239 2130; x_wconf 84' lang='lat' dir='ltr'><strong>Aptissima</strong></span> <span class='ocrx_word' id='word_1_487' title='bbox 2288 2059 2455 2129; x_wconf 87' lang='lat' dir='ltr'><strong>igitur</strong></span> <span class='ocrx_word' id='word_1_488' title='bbox 2491 2059 2705 2114; x_wconf 89' lang='lat' dir='ltr'><strong>ratione</strong></span> <span class='ocrx_word' id='word_1_489' title='bbox 2758 2072 3024 2113; x_wconf 85' lang='lat' dir='ltr'><strong>revocans</strong></span> <span class='ocrx_word' id='word_1_490' title='bbox 3070 2073 3192 2113; x_wconf 91' lang='lat' dir='ltr'><strong>eum</strong></span> <span class='ocrx_word' id='word_1_491' title='bbox 3238 2057 3380 2112; x_wconf 88' lang='lat' dir='ltr'><strong>Dens</strong></span> <span class='ocrx_word' id='word_1_492' title='bbox 3432 2057 3501 2110; x_wconf 87' lang='lat' dir='ltr'><strong>ad</strong></span> 
     </span>
    </p>
   </div>
   <div class='ocr_carea' id='block_1_65' title="bbox 1937 2149 3499 2219">
    <p class='ocr_par' dir='ltr' id='par_1_65' title="bbox 1937 2149 3499 2219">
     <span class='ocr_line' id='line_1_65' title="bbox 1937 2149 3499 2219; baseline -0.001 -16"><span class='ocrx_word' id='word_1_493' title='bbox 1937 2149 2174 2214; x_wconf 86' lang='lat' dir='ltr'><strong>saniora,</strong></span> <span class='ocrx_word' id='word_1_494' title='bbox 2209 2149 2399 2204; x_wconf 89' lang='lat' dir='ltr'><strong>morbo</strong></span> <span class='ocrx_word' id='word_1_495' title='bbox 2467 2164 2602 2205; x_wconf 88' lang='lat' dir='ltr'><strong>usus</strong></span> <span class='ocrx_word' id='word_1_496' title='bbox 2663 2155 2770 2213; x_wconf 86' lang='lat' dir='ltr'><strong>est,</strong></span> <span class='ocrx_word' id='word_1_497' title='bbox 2842 2163 2951 2219; x_wconf 90' lang='lat' dir='ltr'><strong>quo</strong></span> <span class='ocrx_word' id='word_1_498' title='bbox 3003 2164 3128 2204; x_wconf 90' lang='lat' dir='ltr'><strong>eum</strong></span> <span class='ocrx_word' id='word_1_499' title='bbox 3177 2149 3499 2219; x_wconf 88' lang='lat' dir='ltr'><strong>sapientiam</strong></span> 
     </span>
    </p>
   </div>
   <div class='ocr_carea' id='block_1_66' title="bbox 1938 2238 3502 2310">
    <p class='ocr_par' dir='ltr' id='par_1_66' title="bbox 1938 2238 3502 2310">
     <span class='ocr_line' id='line_1_66' title="bbox 1938 2238 3502 2310; baseline 0.001 -18"><span class='ocrx_word' id='word_1_500' title='bbox 1938 2238 2157 2293; x_wconf 88' lang='lat' dir='ltr'><strong>doceret</strong></span> <span class='ocrx_word' id='word_1_501' title='bbox 2200 2247 2505 2310; x_wconf 70' lang='lat' dir='ltr'><strong>:aagrotare</strong></span> <span class='ocrx_word' id='word_1_502' title='bbox 2555 2255 2675 2294; x_wconf 90' lang='lat' dir='ltr'><strong>eum</strong></span> <span class='ocrx_word' id='word_1_503' title='bbox 2715 2255 2909 2310; x_wconf 91' lang='lat' dir='ltr'><strong>passus</strong></span> <span class='ocrx_word' id='word_1_504' title='bbox 2944 2248 3047 2304; x_wconf 88' lang='lat' dir='ltr'><strong>est,</strong></span> <span class='ocrx_word' id='word_1_505' title='bbox 3078 2247 3131 2294; x_wconf 89' lang='lat' dir='ltr'><strong>et</strong></span> <span class='ocrx_word' id='word_1_506' title='bbox 3182 2240 3345 2310; x_wconf 86' lang='lat' dir='ltr'><strong>pedes</strong></span> <span class='ocrx_word' id='word_1_507' title='bbox 3403 2255 3502 2309; x_wconf 91' lang='lat' dir='ltr'><strong>pu-</strong></span> 
     </span>
    </p>
   </div>
   <div class='ocr_carea' id='block_1_67' title="bbox 1938 2330 3500 2397">
    <p class='ocr_par' dir='ltr' id='par_1_67' title="bbox 1938 2330 3500 2397">
     <span class='ocr_line' id='line_1_67' title="bbox 1938 2330 3500 2397; baseline 0.002 -13"><span class='ocrx_word' id='word_1_508' title='bbox 1938 2331 2145 2388; x_wconf 86' lang='lat' dir='ltr'><strong>tredine</strong></span> <span class='ocrx_word' id='word_1_509' title='bbox 2170 2332 2374 2397; x_wconf 90' lang='lat' dir='ltr'><strong>vitiari,</strong></span> <span class='ocrx_word' id='word_1_510' title='bbox 2411 2339 2465 2386; x_wconf 90' lang='lat' dir='ltr'><strong>et</strong></span> <span class='ocrx_word' id='word_1_511' title='bbox 2489 2334 2717 2388; x_wconf 90' lang='lat' dir='ltr'><strong>summis</strong></span> <span class='ocrx_word' id='word_1_512' title='bbox 2747 2330 2891 2386; x_wconf 86' lang='lat' dir='ltr'><strong>aftici</strong></span> <span class='ocrx_word' id='word_1_513' title='bbox 2920 2332 3276 2387; x_wconf 81' lang='lat' dir='ltr'><strong>cruciatibus.</strong></span> <span class='ocrx_word' id='word_1_514' title='bbox 3304 2331 3500 2387; x_wconf 87' lang='lat' dir='ltr'><strong>Beatus</strong></span> 
     </span>
    </p>
   </div>
   <div class='ocr_carea' id='block_1_68' title="bbox 1936 2420 3498 2491">
    <p class='ocr_par' dir='ltr' id='par_1_68' title="bbox 1936 2420 3498 2491">
     <span class='ocr_line' id='line_1_68' title="bbox 1936 2420 3498 2491; baseline -0.001 -16"><span class='ocrx_word' id='word_1_515' title='bbox 1936 2421 2100 2491; x_wconf 83' lang='lat' dir='ltr'><strong>igitur</strong></span> <span class='ocrx_word' id='word_1_516' title='bbox 2145 2420 2364 2477; x_wconf 87' lang='lat' dir='ltr'><strong>Ezecias</strong></span> <span class='ocrx_word' id='word_1_517' title='bbox 2405 2437 2527 2476; x_wconf 91' lang='lat' dir='ltr'><strong>cum</strong></span> <span class='ocrx_word' id='word_1_518' title='bbox 2568 2421 2828 2491; x_wconf 76' lang='lat' dir='ltr'><strong>praedicto</strong></span> <span class='ocrx_word' id='word_1_519' title='bbox 2873 2423 3065 2477; x_wconf 87' lang='lat' dir='ltr'><strong>morbo</strong></span> <span class='ocrx_word' id='word_1_520' title='bbox 3109 2421 3416 2484; x_wconf 83' lang='lat' dir='ltr'><strong>laboraret,</strong></span> <span class='ocrx_word' id='word_1_521' title='bbox 3467 2436 3498 2474; x_wconf 91' lang='lat' dir='ltr'><strong>a</strong></span> 
     </span>
    </p>
   </div>
   <div class='ocr_carea' id='block_1_69' title="bbox 1938 2512 3497 2583">
    <p class='ocr_par' dir='ltr' id='par_1_69' title="bbox 1938 2512 3497 2583">
     <span class='ocr_line' id='line_1_69' title="bbox 1938 2512 3497 2583; baseline 0.001 -17"><span class='ocrx_word' id='word_1_522' title='bbox 1938 2513 2200 2583; x_wconf 88' lang='lat' dir='ltr'><strong>propheta</strong></span> <span class='ocrx_word' id='word_1_523' title='bbox 2232 2513 2369 2569; x_wconf 89' lang='lat' dir='ltr'><strong>lsaia</strong></span> <span class='ocrx_word' id='word_1_524' title='bbox 2411 2514 2650 2570; x_wconf 89' lang='lat' dir='ltr'><strong>monitus</strong></span> <span class='ocrx_word' id='word_1_525' title='bbox 2694 2522 2777 2569; x_wconf 90' lang='lat' dir='ltr'><strong>est</strong></span> <span class='ocrx_word' id='word_1_526' title='bbox 2808 2512 2874 2569; x_wconf 90' lang='lat' dir='ltr'><strong>de</strong></span> <span class='ocrx_word' id='word_1_527' title='bbox 2916 2512 3213 2568; x_wconf 84' lang='lat' dir='ltr'><strong>imminenti</strong></span> <span class='ocrx_word' id='word_1_528' title='bbox 3251 2513 3362 2582; x_wconf 90' lang='lat' dir='ltr'><strong>jam</strong></span> <span class='ocrx_word' id='word_1_529' title='bbox 3394 2514 3497 2567; x_wconf 86' lang='lat' dir='ltr'><strong>sibi</strong></span> 
     </span>
    </p>
   </div>
   <div class='ocr_carea' id='block_1_70' title="bbox 1936 2604 3499 2675">
    <p class='ocr_par' dir='ltr' id='par_1_70' title="bbox 1936 2604 3499 2675">
     <span class='ocr_line' id='line_1_70' title="bbox 1936 2604 3499 2675; baseline 0.001 -18"><span class='ocrx_word' id='word_1_530' title='bbox 1936 2612 2149 2672; x_wconf 90' lang='lat' dir='ltr'><strong>morte;</strong></span> <span class='ocrx_word' id='word_1_531' title='bbox 2193 2613 2321 2659; x_wconf 89' lang='lat' dir='ltr'><strong>tunc</strong></span> <span class='ocrx_word' id='word_1_532' title='bbox 2346 2606 2431 2661; x_wconf 88' lang='lat' dir='ltr'><strong>sui</strong></span> <span class='ocrx_word' id='word_1_533' title='bbox 2462 2607 2717 2661; x_wconf 90' lang='lat' dir='ltr'><strong>conscius</strong></span> <span class='ocrx_word' id='word_1_534' title='bbox 2748 2606 2949 2668; x_wconf 83' lang='lat' dir='ltr'><strong>factus,</strong></span> <span class='ocrx_word' id='word_1_535' title='bbox 2984 2612 3039 2660; x_wconf 88' lang='lat' dir='ltr'><strong>et</strong></span> <span class='ocrx_word' id='word_1_536' title='bbox 3068 2621 3165 2675; x_wconf 89' lang='lat' dir='ltr'><strong>per</strong></span> <span class='ocrx_word' id='word_1_537' title='bbox 3195 2606 3411 2660; x_wconf 84' lang='lat' dir='ltr'><strong>dolores</strong></span> <span class='ocrx_word' id='word_1_538' title='bbox 3431 2604 3499 2659; x_wconf 82' lang='lat' dir='ltr'><strong>de</strong></span> 
     </span>
    </p>
   </div>
   <div class='ocr_carea' id='block_1_71' title="bbox 1937 2696 3497 2766">
    <p class='ocr_par' dir='ltr' id='par_1_71' title="bbox 1937 2696 3497 2766">
     <span class='ocr_line' id='line_1_71' title="bbox 1937 2696 3497 2766; baseline 0.001 -15"><span class='ocrx_word' id='word_1_539' title='bbox 1937 2706 2128 2752; x_wconf 90' lang='lat' dir='ltr'><strong>natura</strong></span> <span class='ocrx_word' id='word_1_540' title='bbox 2161 2711 2259 2753; x_wconf 89' lang='lat' dir='ltr'><strong>sua</strong></span> <span class='ocrx_word' id='word_1_541' title='bbox 2303 2696 2548 2764; x_wconf 88' lang='lat' dir='ltr'><strong>edoctus,</strong></span> <span class='ocrx_word' id='word_1_542' title='bbox 2599 2696 2785 2752; x_wconf 86' lang='lat' dir='ltr'><strong>domui</strong></span> <span class='ocrx_word' id='word_1_543' title='bbox 2826 2712 2939 2754; x_wconf 63' lang='lat' dir='ltr'><strong>suae</strong></span> <span class='ocrx_word' id='word_1_544' title='bbox 2981 2698 3267 2753; x_wconf 89' lang='lat' dir='ltr'><strong>consulere</strong></span> <span class='ocrx_word' id='word_1_545' title='bbox 3306 2698 3497 2766; x_wconf 85' lang='lat' dir='ltr'><strong>jussus</strong></span> 
     </span>
    </p>
   </div>
   <div class='ocr_carea' id='block_1_72' title="bbox 1936 2786 3498 2858">
    <p class='ocr_par' dir='ltr' id='par_1_72' title="bbox 1936 2786 3498 2858">
     <span class='ocr_line' id='line_1_72' title="bbox 1936 2786 3498 2858; baseline 0.002 -19"><span class='ocrx_word' id='word_1_546' title='bbox 1936 2792 2040 2845; x_wconf 85' lang='lat' dir='ltr'><strong>est.</strong></span> <span class='ocrx_word' id='word_1_547' title='bbox 2071 2793 2124 2841; x_wconf 91' lang='lat' dir='ltr'><strong>et</strong></span> <span class='ocrx_word' id='word_1_548' title='bbox 2155 2786 2439 2842; x_wconf 83' lang='lat' dir='ltr'><strong>deﬁciente</strong></span> <span class='ocrx_word' id='word_1_549' title='bbox 2475 2787 2567 2858; x_wconf 88' lang='lat' dir='ltr'><strong>qui</strong></span> <span class='ocrx_word' id='word_1_550' title='bbox 2595 2802 2821 2857; x_wconf 80' lang='lat' dir='ltr'><strong>regnum</strong></span> <span class='ocrx_word' id='word_1_551' title='bbox 2866 2788 3189 2857; x_wconf 78' lang='lat' dir='ltr'><strong>susciperet,</strong></span> <span class='ocrx_word' id='word_1_552' title='bbox 3217 2787 3282 2842; x_wconf 91' lang='lat' dir='ltr'><strong>ad</strong></span> <span class='ocrx_word' id='word_1_553' title='bbox 3322 2801 3498 2842; x_wconf 87' lang='lat' dir='ltr'><strong>reme-</strong></span> 
     </span>
    </p>
   </div>
   <div class='ocr_carea' id='block_1_73' title="bbox 1935 2877 3497 2949">
    <p class='ocr_par' dir='ltr' id='par_1_73' title="bbox 1935 2877 3497 2949">
     <span class='ocr_line' id='line_1_73' title="bbox 1935 2877 3497 2949; baseline 0.002 -19"><span class='ocrx_word' id='word_1_554' title='bbox 1935 2877 2082 2931; x_wconf 91' lang='lat' dir='ltr'><strong>dium</strong></span> <span class='ocrx_word' id='word_1_555' title='bbox 2119 2879 2446 2947; x_wconf 65' lang='lat' dir='ltr'><strong>posnitentiaa</strong></span> <span class='ocrx_word' id='word_1_556' title='bbox 2474 2879 2737 2949; x_wconf 82' lang='lat' dir='ltr'><strong>confugit.</strong></span> <span class='ocrx_word' id='word_1_557' title='bbox 2761 2877 2893 2931; x_wconf 82' lang='lat' dir='ltr'><strong>Nam</strong></span> <span class='ocrx_word' id='word_1_558' title='bbox 2917 2879 3214 2948; x_wconf 86' lang='lat' dir='ltr'><strong>repudiatis</strong></span> <span class='ocrx_word' id='word_1_559' title='bbox 3246 2879 3497 2933; x_wconf 88' lang='lat' dir='ltr'><strong>sensibus</strong></span> 
     </span>
    </p>
   </div>
   <div class='ocr_carea' id='block_1_74' title="bbox 1935 2967 3494 3038">
    <p class='ocr_par' dir='ltr' id='par_1_74' title="bbox 1935 2967 3494 3038">
     <span class='ocr_line' id='line_1_74' title="bbox 1935 2967 3494 3038; baseline 0.001 -16"><span class='ocrx_word' id='word_1_560' title='bbox 1935 2967 2001 3022; x_wconf 87' lang='lat' dir='ltr'><strong>de</strong></span> <span class='ocrx_word' id='word_1_561' title='bbox 2028 2970 2401 3038; x_wconf 66' lang='lat' dir='ltr'><strong>praestantiore</strong></span> <span class='ocrx_word' id='word_1_562' title='bbox 2421 2977 2615 3025; x_wconf 87' lang='lat' dir='ltr'><strong>natura</strong></span> <span class='ocrx_word' id='word_1_563' title='bbox 2640 2980 2692 3026; x_wconf 90' lang='lat' dir='ltr'><strong>et</strong></span> <span class='ocrx_word' id='word_1_564' title='bbox 2714 2971 2860 3024; x_wconf 86' lang='lat' dir='ltr'><strong>velut</strong></span> <span class='ocrx_word' id='word_1_565' title='bbox 2878 2970 3026 3025; x_wconf 89' lang='lat' dir='ltr'><strong>aditu</strong></span> <span class='ocrx_word' id='word_1_566' title='bbox 3048 2970 3113 3023; x_wconf 91' lang='lat' dir='ltr'><strong>ad</strong></span> <span class='ocrx_word' id='word_1_567' title='bbox 3135 2984 3193 3025; x_wconf 90' lang='lat' dir='ltr'><strong>se</strong></span> <span class='ocrx_word' id='word_1_568' title='bbox 3212 2970 3494 3033; x_wconf 87' lang='lat' dir='ltr'><strong>obstricto,</strong></span> 
     </span>
    </p>
   </div>
   <div class='ocr_carea' id='block_1_75' title="bbox 1934 3062 3499 3134">
    <p class='ocr_par' dir='ltr' id='par_1_75' title="bbox 1934 3062 3499 3134">
     <span class='ocr_line' id='line_1_75' title="bbox 1934 3062 3499 3134; baseline 0.001 -18"><span class='ocrx_word' id='word_1_569' title='bbox 1934 3077 2195 3118; x_wconf 88' lang='lat' dir='ltr'><strong>conversa</strong></span> <span class='ocrx_word' id='word_1_570' title='bbox 2238 3062 2376 3118; x_wconf 85' lang='lat' dir='ltr'><strong>facie</strong></span> <span class='ocrx_word' id='word_1_571' title='bbox 2425 3063 2493 3118; x_wconf 90' lang='lat' dir='ltr'><strong>ad</strong></span> <span class='ocrx_word' id='word_1_572' title='bbox 2544 3064 2835 3134; x_wconf 84' lang='lat' dir='ltr'><strong>parietem,</strong></span> <span class='ocrx_word' id='word_1_573' title='bbox 2874 3064 3048 3119; x_wconf 91' lang='lat' dir='ltr'><strong>locum</strong></span> <span class='ocrx_word' id='word_1_574' title='bbox 3115 3062 3261 3118; x_wconf 85' lang='lat' dir='ltr'><strong>dedit</strong></span> <span class='ocrx_word' id='word_1_575' title='bbox 3316 3066 3499 3117; x_wconf 86' lang='lat' dir='ltr'><strong>animo</strong></span> 
     </span>
    </p>
   </div>
   <div class='ocr_carea' id='block_1_76' title="bbox 1935 3153 3495 3227">
    <p class='ocr_par' dir='ltr' id='par_1_76' title="bbox 1935 3153 3495 3227">
     <span class='ocr_line' id='line_1_76' title="bbox 1935 3153 3495 3227; baseline 0.002 -20"><span class='ocrx_word' id='word_1_576' title='bbox 1935 3153 2221 3210; x_wconf 90' lang='lat' dir='ltr'><strong>Dominum</strong></span> <span class='ocrx_word' id='word_1_577' title='bbox 2292 3172 2450 3212; x_wconf 91' lang='lat' dir='ltr'><strong>suum</strong></span> <span class='ocrx_word' id='word_1_578' title='bbox 2494 3156 2719 3227; x_wconf 78' lang='lat' dir='ltr'><strong>rogandi</strong></span> <span class='ocrx_word' id='word_1_579' title='bbox 2756 3195 2770 3222; x_wconf 87' lang='lat'><strong>,</strong></span> <span class='ocrx_word' id='word_1_580' title='bbox 2821 3163 2875 3212; x_wconf 89' lang='lat' dir='ltr'><strong>et</strong></span> <span class='ocrx_word' id='word_1_581' title='bbox 2923 3156 3200 3212; x_wconf 85' lang='lat' dir='ltr'><strong>obtinendi</strong></span> <span class='ocrx_word' id='word_1_582' title='bbox 3253 3156 3495 3225; x_wconf 74' lang='lat' dir='ltr'><strong>corporis</strong></span> 
     </span>
    </p>
   </div>
   <div class='ocr_carea' id='block_1_77' title="bbox 1936 3247 3233 3301">
    <p class='ocr_par' dir='ltr' id='par_1_77' title="bbox 1936 3247 3233 3301">
     <span class='ocr_line' id='line_1_77' title="bbox 1936 3247 3233 3301; baseline 0.005 0"><span class='ocrx_word' id='word_1_583' title='bbox 1936 3247 2241 3301; x_wconf 87' lang='lat' dir='ltr'><strong>sanitatem.</strong></span> <span class='ocrx_word' id='word_1_584' title='bbox 3228 3250 3233 3253; x_wconf 72' lang='grc'>’</span> 
     </span>
    </p>
   </div>
   <div class='ocr_carea' id='block_1_78' title="bbox 2011 3335 3494 3407">
    <p class='ocr_par' dir='ltr' id='par_1_78' title="bbox 2011 3335 3494 3407">
     <span class='ocr_line' id='line_1_78' title="bbox 2011 3335 3494 3407; baseline 0.001 -18"><span class='ocrx_word' id='word_1_585' title='bbox 2011 3335 2176 3390; x_wconf 78' lang='lat' dir='ltr'><strong>Vens.</strong></span> <span class='ocrx_word' id='word_1_586' title='bbox 2205 3338 2259 3392; x_wconf 78' lang='grc'>5.</span> <span class='ocrx_word' id='word_1_587' title='bbox 2284 3336 2369 3391; x_wconf 88' lang='lat' dir='ltr'><strong>Nil</strong></span> <span class='ocrx_word' id='word_1_588' title='bbox 2408 3338 2553 3392; x_wconf 91' lang='lat' dir='ltr'><strong>aliud</strong></span> <span class='ocrx_word' id='word_1_589' title='bbox 2587 3338 2651 3391; x_wconf 90' lang='lat' dir='ltr'><strong>ad</strong></span> <span class='ocrx_word' id='word_1_590' title='bbox 2692 3336 3015 3407; x_wconf 89' lang='lat' dir='ltr'><strong>placandum</strong></span> <span class='ocrx_word' id='word_1_591' title='bbox 3051 3336 3214 3391; x_wconf 88' lang='lat' dir='ltr'><strong>Deum</strong></span> <span class='ocrx_word' id='word_1_592' title='bbox 3245 3336 3494 3407; x_wconf 87' lang='lat' dir='ltr'><strong>protulit,</strong></span> 
     </span>
    </p>
   </div>
   <div class='ocr_carea' id='block_1_79' title="bbox 1939 3424 3496 3497">
    <p class='ocr_par' dir='ltr' id='par_1_79' title="bbox 1939 3424 3496 3497">
     <span class='ocr_line' id='line_1_79' title="bbox 1939 3424 3496 3497; baseline -0.001 -16"><span class='ocrx_word' id='word_1_593' title='bbox 1939 3427 2043 3482; x_wconf 88' lang='lat' dir='ltr'><strong>nisi</strong></span> <span class='ocrx_word' id='word_1_594' title='bbox 2076 3443 2088 3479; x_wconf 88' lang='lat'><strong>:</strong></span> <span class='ocrx_word' id='word_1_595' title='bbox 2118 3424 2179 3481; x_wconf 87' lang='lat' dir='ltr'><strong>In</strong></span> <span class='ocrx_word' id='word_1_596' title='bbox 2206 3427 2552 3497; x_wconf 87' lang='lat' dir='ltr'><strong>simplicitate</strong></span> <span class='ocrx_word' id='word_1_597' title='bbox 2580 3428 2745 3481; x_wconf 90' lang='lat' dir='ltr'><strong>animi</strong></span> <span class='ocrx_word' id='word_1_598' title='bbox 2779 3437 2832 3482; x_wconf 92' lang='lat' dir='ltr'><strong>et</strong></span> <span class='ocrx_word' id='word_1_599' title='bbox 2862 3428 2916 3481; x_wconf 89' lang='lat' dir='ltr'><strong>in</strong></span> <span class='ocrx_word' id='word_1_600' title='bbox 2949 3427 3112 3480; x_wconf 91' lang='lat' dir='ltr'><strong>corde</strong></span> <span class='ocrx_word' id='word_1_601' title='bbox 3149 3441 3276 3480; x_wconf 86' lang='lat' dir='ltr'><strong>vero</strong></span> <span class='ocrx_word' id='word_1_602' title='bbox 3298 3427 3496 3480; x_wconf 81' lang='lat' dir='ltr'><strong>ambu-</strong></span> 
     </span>
    </p>
   </div>
   <div class='ocr_carea' id='block_1_80' title="bbox 1938 3515 3497 3588">
    <p class='ocr_par' dir='ltr' id='par_1_80' title="bbox 1938 3515 3497 3588">
     <span class='ocr_line' id='line_1_80' title="bbox 1938 3515 3497 3588; baseline -0.001 -17"><span class='ocrx_word' id='word_1_603' title='bbox 1938 3517 2043 3571; x_wconf 89' lang='lat' dir='ltr'><strong>lavi</strong></span> <span class='ocrx_word' id='word_1_604' title='bbox 2076 3531 2259 3572; x_wconf 91' lang='lat' dir='ltr'><strong>coram</strong></span> <span class='ocrx_word' id='word_1_605' title='bbox 2294 3525 2368 3572; x_wconf 91' lang='lat' dir='ltr'><strong>te.</strong></span> <span class='ocrx_word' id='word_1_606' title='bbox 2409 3515 2629 3588; x_wconf 86' lang='lat' dir='ltr'><strong>Legitur</strong></span> <span class='ocrx_word' id='word_1_607' title='bbox 2654 3518 2816 3572; x_wconf 88' lang='lat' dir='ltr'><strong>etiam</strong></span> <span class='ocrx_word' id='word_1_608' title='bbox 2857 3526 2912 3571; x_wconf 90' lang='lat' dir='ltr'><strong>et</strong></span> <span class='ocrx_word' id='word_1_609' title='bbox 2939 3515 3106 3581; x_wconf 91' lang='lat' dir='ltr'><strong>aliud,</strong></span> <span class='ocrx_word' id='word_1_610' title='bbox 3146 3515 3497 3585; x_wconf 81' lang='lat' dir='ltr'><strong>inscripsisse</strong></span> 
     </span>
    </p>
   </div>
   <div class='ocr_carea' id='block_1_81' title="bbox 1937 3607 3496 3680">
    <p class='ocr_par' dir='ltr' id='par_1_81' title="bbox 1937 3607 3496 3680">
     <span class='ocr_line' id='line_1_81' title="bbox 1937 3607 3496 3680; baseline -0.002 -14"><span class='ocrx_word' id='word_1_611' title='bbox 1937 3610 2143 3666; x_wconf 85' lang='lat' dir='ltr'><strong>scilicet</strong></span> <span class='ocrx_word' id='word_1_612' title='bbox 2208 3608 2553 3665; x_wconf 90' lang='lat' dir='ltr'><strong>Salomonem</strong></span> <span class='ocrx_word' id='word_1_613' title='bbox 2606 3624 2787 3680; x_wconf 85' lang='lat' dir='ltr'><strong>regem</strong></span> <span class='ocrx_word' id='word_1_614' title='bbox 2832 3610 2889 3664; x_wconf 90' lang='lat' dir='ltr'><strong>in</strong></span> <span class='ocrx_word' id='word_1_615' title='bbox 2943 3609 3201 3664; x_wconf 89' lang='lat' dir='ltr'><strong>columna</strong></span> <span class='ocrx_word' id='word_1_616' title='bbox 3254 3607 3496 3663; x_wconf 84' lang='lat' dir='ltr'><strong>remedia</strong></span> 
     </span>
    </p>
   </div>
   <div class='ocr_carea' id='block_1_82' title="bbox 1936 3703 3493 3774">
    <p class='ocr_par' dir='ltr' id='par_1_82' title="bbox 1936 3703 3493 3774">
     <span class='ocr_line' id='line_1_82' title="bbox 1936 3703 3493 3774; baseline -0.003 -16"><span class='ocrx_word' id='word_1_617' title='bbox 1936 3704 2134 3774; x_wconf 89' lang='lat' dir='ltr'><strong>quibus</strong></span> <span class='ocrx_word' id='word_1_618' title='bbox 2176 3704 2380 3759; x_wconf 86' lang='lat' dir='ltr'><strong>sanitas</strong></span> <span class='ocrx_word' id='word_1_619' title='bbox 2420 3707 2663 3773; x_wconf 89' lang='lat' dir='ltr'><strong>corporis</strong></span> <span class='ocrx_word' id='word_1_620' title='bbox 2709 3703 3112 3764; x_wconf 86' lang='lat' dir='ltr'><strong>restitueretur,</strong></span> <span class='ocrx_word' id='word_1_621' title='bbox 3150 3711 3203 3756; x_wconf 91' lang='lat' dir='ltr'><strong>et</strong></span> <span class='ocrx_word' id='word_1_622' title='bbox 3231 3716 3352 3757; x_wconf 88' lang='lat' dir='ltr'><strong>eam</strong></span> <span class='ocrx_word' id='word_1_623' title='bbox 3394 3715 3493 3755; x_wconf 78' lang='lat' dir='ltr'><strong>ex-</strong></span> 
     </span>
    </p>
   </div>
   <div class='ocr_carea' id='block_1_83' title="bbox 1937 3789 3494 3864">
    <p class='ocr_par' dir='ltr' id='par_1_83' title="bbox 1937 3789 3494 3864">
     <span class='ocr_line' id='line_1_83' title="bbox 1937 3789 3494 3864; baseline -0.004 -13"><span class='ocrx_word' id='word_1_624' title='bbox 1937 3797 2238 3864; x_wconf 85' lang='lat' dir='ltr'><strong>struxisse;</strong></span> <span class='ocrx_word' id='word_1_625' title='bbox 2281 3795 2526 3851; x_wconf 88' lang='lat' dir='ltr'><strong>eamdem</strong></span> <span class='ocrx_word' id='word_1_626' title='bbox 2587 3808 2714 3849; x_wconf 87' lang='lat' dir='ltr'><strong>vero</strong></span> <span class='ocrx_word' id='word_1_627' title='bbox 2775 3799 2962 3864; x_wconf 88' lang='lat' dir='ltr'><strong>postea</strong></span> <span class='ocrx_word' id='word_1_628' title='bbox 3006 3807 3039 3846; x_wconf 87' lang='lat' dir='ltr'><strong>a</strong></span> <span class='ocrx_word' id='word_1_629' title='bbox 3090 3793 3248 3847; x_wconf 88' lang='lat' dir='ltr'><strong>beato</strong></span> <span class='ocrx_word' id='word_1_630' title='bbox 3302 3789 3494 3845; x_wconf 87' lang='lat' dir='ltr'><strong>Ezecia</strong></span> 
     </span>
    </p>
   </div>
   <div class='ocr_carea' id='block_1_84' title="bbox 1938 3882 3494 3957">
    <p class='ocr_par' dir='ltr' id='par_1_84' title="bbox 1938 3882 3494 3957">
     <span class='ocr_line' id='line_1_84' title="bbox 1938 3882 3494 3957; baseline -0.003 -17"><span class='ocrx_word' id='word_1_631' title='bbox 1938 3887 2104 3941; x_wconf 86' lang='lat' dir='ltr'><strong>fuisse</strong></span> <span class='ocrx_word' id='word_1_632' title='bbox 2152 3887 2407 3951; x_wconf 87' lang='lat' dir='ltr'><strong>ablatam,</strong></span> <span class='ocrx_word' id='word_1_633' title='bbox 2455 3901 2520 3941; x_wconf 92' lang='lat' dir='ltr'><strong>ne</strong></span> <span class='ocrx_word' id='word_1_634' title='bbox 2566 3886 2797 3957; x_wconf 88' lang='lat' dir='ltr'><strong>populus</strong></span> <span class='ocrx_word' id='word_1_635' title='bbox 2839 3884 3033 3940; x_wconf 71' lang='lat' dir='ltr'><strong>exinde</strong></span> <span class='ocrx_word' id='word_1_636' title='bbox 3082 3897 3304 3938; x_wconf 86' lang='lat' dir='ltr'><strong>causam</strong></span> <span class='ocrx_word' id='word_1_637' title='bbox 3361 3882 3494 3936; x_wconf 83' lang='lat' dir='ltr'><strong>deti-</strong></span> 
     </span>
    </p>
   </div>
   <div class='ocr_carea' id='block_1_85' title="bbox 1936 3974 3492 4048">
    <p class='ocr_par' dir='ltr' id='par_1_85' title="bbox 1936 3974 3492 4048">
     <span class='ocr_line' id='line_1_85' title="bbox 1936 3974 3492 4048; baseline -0.004 -15"><span class='ocrx_word' id='word_1_638' title='bbox 1936 3976 2111 4033; x_wconf 90' lang='lat' dir='ltr'><strong>ciendi</strong></span> <span class='ocrx_word' id='word_1_639' title='bbox 2139 3993 2170 4030; x_wconf 90' lang='lat' dir='ltr'><strong>a</strong></span> <span class='ocrx_word' id='word_1_640' title='bbox 2196 3975 2306 4032; x_wconf 85' lang='lat' dir='ltr'><strong>Deo</strong></span> <span class='ocrx_word' id='word_1_641' title='bbox 2330 3986 2568 4048; x_wconf 88' lang='lat' dir='ltr'><strong>caperet,</strong></span> <span class='ocrx_word' id='word_1_642' title='bbox 2603 3986 2658 4032; x_wconf 90' lang='lat' dir='ltr'><strong>et</strong></span> <span class='ocrx_word' id='word_1_643' title='bbox 2688 3977 2743 4031; x_wconf 92' lang='lat' dir='ltr'><strong>in</strong></span> <span class='ocrx_word' id='word_1_644' title='bbox 2774 3977 2946 4047; x_wconf 87' lang='lat' dir='ltr'><strong>ipsius</strong></span> <span class='ocrx_word' id='word_1_645' title='bbox 2964 3977 3124 4031; x_wconf 88' lang='lat' dir='ltr'><strong>domo</strong></span> <span class='ocrx_word' id='word_1_646' title='bbox 3151 3975 3206 4029; x_wconf 91' lang='lat' dir='ltr'><strong>in</strong></span> <span class='ocrx_word' id='word_1_647' title='bbox 3231 3974 3492 4045; x_wconf 87' lang='lat' dir='ltr'><strong>parietem</strong></span> 
     </span>
    </p>
   </div>
   <div class='ocr_carea' id='block_1_86' title="bbox 1935 4068 3494 4141">
    <p class='ocr_par' dir='ltr' id='par_1_86' title="bbox 1935 4068 3494 4141">
     <span class='ocr_line' id='line_1_86' title="bbox 1935 4068 3494 4141; baseline -0.003 -17"><span class='ocrx_word' id='word_1_648' title='bbox 1935 4070 2290 4124; x_wconf 87' lang='lat' dir='ltr'><strong>constitutam</strong></span> <span class='ocrx_word' id='word_1_649' title='bbox 2316 4087 2331 4137; x_wconf 88' lang='lat'><strong>;</strong></span> <span class='ocrx_word' id='word_1_650' title='bbox 2382 4084 2506 4124; x_wconf 92' lang='lat' dir='ltr'><strong>cum</strong></span> <span class='ocrx_word' id='word_1_651' title='bbox 2546 4070 2713 4141; x_wconf 82' lang='lat' dir='ltr'><strong>igitur</strong></span> <span class='ocrx_word' id='word_1_652' title='bbox 2742 4069 2935 4125; x_wconf 87' lang='lat' dir='ltr'><strong>faciem</strong></span> <span class='ocrx_word' id='word_1_653' title='bbox 2971 4069 3040 4123; x_wconf 89' lang='lat' dir='ltr'><strong>ad</strong></span> <span class='ocrx_word' id='word_1_654' title='bbox 3069 4068 3329 4139; x_wconf 85' lang='lat' dir='ltr'><strong>parietem</strong></span> <span class='ocrx_word' id='word_1_655' title='bbox 3359 4080 3494 4120; x_wconf 91' lang='lat' dir='ltr'><strong>con-</strong></span> 
     </span>
    </p>
   </div>
   <div class='ocr_carea' id='block_1_87' title="bbox 1932 4157 3491 4230">
    <p class='ocr_par' dir='ltr' id='par_1_87' title="bbox 1932 4157 3491 4230">
     <span class='ocr_line' id='line_1_87' title="bbox 1932 4157 3491 4230; baseline -0.004 -15"><span class='ocrx_word' id='word_1_656' title='bbox 1932 4167 2190 4226; x_wconf 88' lang='lat' dir='ltr'><strong>verteret,</strong></span> <span class='ocrx_word' id='word_1_657' title='bbox 2213 4159 2279 4214; x_wconf 89' lang='lat' dir='ltr'><strong>ad</strong></span> <span class='ocrx_word' id='word_1_658' title='bbox 2307 4159 2629 4230; x_wconf 88' lang='lat' dir='ltr'><strong>placandum</strong></span> <span class='ocrx_word' id='word_1_659' title='bbox 2659 4158 2826 4214; x_wconf 91' lang='lat' dir='ltr'><strong>Deum</strong></span> <span class='ocrx_word' id='word_1_660' title='bbox 2856 4160 3123 4215; x_wconf 86' lang='lat' dir='ltr'><strong>columnae</strong></span> <span class='ocrx_word' id='word_1_661' title='bbox 3176 4157 3491 4212; x_wconf 89' lang='lat' dir='ltr'><strong>memoriam</strong></span> 
     </span>
    </p>
   </div>
   <div class='ocr_carea' id='block_1_88' title="bbox 1933 4250 3491 4310">
    <p class='ocr_par' dir='ltr' id='par_1_88' title="bbox 1933 4250 3491 4310">
     <span class='ocr_line' id='line_1_88' title="bbox 1933 4250 3491 4310; baseline -0.001 -6"><span class='ocrx_word' id='word_1_662' title='bbox 1933 4266 2190 4307; x_wconf 88' lang='lat' dir='ltr'><strong>revocare</strong></span> <span class='ocrx_word' id='word_1_663' title='bbox 2237 4253 2390 4307; x_wconf 88' lang='lat' dir='ltr'><strong>visus</strong></span> <span class='ocrx_word' id='word_1_664' title='bbox 2431 4261 2535 4309; x_wconf 89' lang='lat' dir='ltr'><strong>est.</strong></span> <span class='ocrx_word' id='word_1_665' title='bbox 2575 4252 2728 4308; x_wconf 86' lang='lat' dir='ltr'><strong>Hanc</strong></span> <span class='ocrx_word' id='word_1_666' title='bbox 2775 4267 2987 4310; x_wconf 89' lang='lat' dir='ltr'><strong>summo</strong></span> <span class='ocrx_word' id='word_1_667' title='bbox 3015 4267 3138 4306; x_wconf 91' lang='lat' dir='ltr'><strong>cum</strong></span> <span class='ocrx_word' id='word_1_668' title='bbox 3177 4250 3358 4306; x_wconf 90' lang='lat' dir='ltr'><strong>studio</strong></span> <span class='ocrx_word' id='word_1_669' title='bbox 3388 4265 3491 4303; x_wconf 89' lang='lat' dir='ltr'><strong>au-</strong></span> 
     </span>
    </p>
   </div>
   <div class='ocr_carea' id='block_1_89' title="bbox 1934 4340 3493 4416">
    <p class='ocr_par' dir='ltr' id='par_1_89' title="bbox 1934 4340 3493 4416">
     <span class='ocr_line' id='line_1_89' title="bbox 1934 4340 3493 4416; baseline -0.001 -21"><span class='ocrx_word' id='word_1_670' title='bbox 1934 4340 2212 4396; x_wconf 89' lang='lat' dir='ltr'><strong>ferendam</strong></span> <span class='ocrx_word' id='word_1_671' title='bbox 2243 4344 2430 4397; x_wconf 89' lang='lat' dir='ltr'><strong>curavi</strong></span> <span class='ocrx_word' id='word_1_672' title='bbox 2458 4360 2527 4399; x_wconf 91' lang='lat' dir='ltr'><strong>ne</strong></span> <span class='ocrx_word' id='word_1_673' title='bbox 2554 4353 2761 4415; x_wconf 89' lang='lat' dir='ltr'><strong>pateret</strong></span> <span class='ocrx_word' id='word_1_674' title='bbox 2788 4343 2986 4416; x_wconf 92' lang='lat' dir='ltr'><strong>populo</strong></span> <span class='ocrx_word' id='word_1_675' title='bbox 3025 4344 3112 4397; x_wconf 90' lang='lat' dir='ltr'><strong>via</strong></span> <span class='ocrx_word' id='word_1_676' title='bbox 3142 4342 3209 4396; x_wconf 89' lang='lat' dir='ltr'><strong>ad</strong></span> <span class='ocrx_word' id='word_1_677' title='bbox 3244 4341 3493 4411; x_wconf 89' lang='lat' dir='ltr'><strong>impieta-</strong></span> 
     </span>
    </p>
   </div>
   <div class='ocr_carea' id='block_1_90' title="bbox 1933 4432 3492 4507">
    <p class='ocr_par' dir='ltr' id='par_1_90' title="bbox 1933 4432 3492 4507">
     <span class='ocr_line' id='line_1_90' title="bbox 1933 4432 3492 4507; baseline -0.001 -19"><span class='ocrx_word' id='word_1_678' title='bbox 1933 4445 2060 4489; x_wconf 91' lang='lat' dir='ltr'><strong>tem.</strong></span> <span class='ocrx_word' id='word_1_679' title='bbox 2123 4432 2429 4490; x_wconf 89' lang='lat' dir='ltr'><strong>Notandum</strong></span> <span class='ocrx_word' id='word_1_680' title='bbox 2489 4451 2705 4507; x_wconf 90' lang='lat' dir='ltr'><strong>quoque</strong></span> <span class='ocrx_word' id='word_1_681' title='bbox 2750 4437 2839 4493; x_wconf 90' lang='lat' dir='ltr'><strong>hic</strong></span> <span class='ocrx_word' id='word_1_682' title='bbox 2892 4452 2999 4491; x_wconf 89' lang='lat' dir='ltr'><strong>una</strong></span> <span class='ocrx_word' id='word_1_683' title='bbox 3042 4451 3177 4491; x_wconf 88' lang='lat' dir='ltr'><strong>voce</strong></span> <span class='ocrx_word' id='word_1_684' title='bbox 3224 4432 3492 4489; x_wconf 81' lang='lat' dir='ltr'><strong>Hebraica</strong></span> 
     </span>
    </p>
   </div>
   <div class='ocr_carea' id='block_1_91' title="bbox 1935 4524 3492 4596">
    <p class='ocr_par' dir='ltr' id='par_1_91' title="bbox 1935 4524 3492 4596">
     <span class='ocr_line' id='line_1_91' title="bbox 1935 4524 3492 4596; baseline 0.001 -18"><span class='ocrx_word' id='word_1_685' title='bbox 1935 4524 2196 4594; x_wconf 86' lang='lat' dir='ltr'><strong>parietem</strong></span> <span class='ocrx_word' id='word_1_686' title='bbox 2245 4532 2300 4580; x_wconf 90' lang='lat' dir='ltr'><strong>et</strong></span> <span class='ocrx_word' id='word_1_687' title='bbox 2351 4526 2661 4582; x_wconf 89' lang='lat' dir='ltr'><strong>columnam</strong></span> <span class='ocrx_word' id='word_1_688' title='bbox 2723 4528 2851 4583; x_wconf 89' lang='lat' dir='ltr'><strong>dici.</strong></span> <span class='ocrx_word' id='word_1_689' title='bbox 2906 4528 3114 4584; x_wconf 90' lang='lat' dir='ltr'><strong>Idcirco</strong></span> <span class='ocrx_word' id='word_1_690' title='bbox 3161 4526 3364 4596; x_wconf 89' lang='lat' dir='ltr'><strong>optime</strong></span> <span class='ocrx_word' id='word_1_691' title='bbox 3415 4525 3492 4579; x_wconf 90' lang='lat' dir='ltr'><strong>ita</strong></span> 
     </span>
    </p>
   </div>
   <div class='ocr_carea' id='block_1_92' title="bbox 274 4597 1836 4688">
    <p class='ocr_par' dir='ltr' id='par_1_92' title="bbox 274 4597 1836 4685">
     <span class='ocr_line' id='line_1_92' title="bbox 274 4597 1836 4685; baseline 0.012 -36"><span class='ocrx_word' id='word_1_692' title='bbox 274 4597 487 4670; x_wconf 66' lang='grc' dir='ltr'>ἔκείνην</span> <span class='ocrx_word' id='word_1_693' title='bbox 515 4601 907 4672; x_wconf 87' lang='grc' dir='ltr'>προϐάλλεσθαι</span> <span class='ocrx_word' id='word_1_694' title='bbox 927 4605 1025 4679; x_wconf 78' lang='grc' dir='ltr'>τὴν</span> <span class='ocrx_word' id='word_1_695' title='bbox 1065 4607 1266 4681; x_wconf 85' lang='grc' dir='ltr'>στήλην</span> <span class='ocrx_word' id='word_1_696' title='bbox 1286 4626 1299 4642; x_wconf 80' lang='grc'><em>’</em></span> <span class='ocrx_word' id='word_1_697' title='bbox 1334 4611 1454 4665; x_wconf 87' lang='grc' dir='ltr'>Ὅτι</span> <span class='ocrx_word' id='word_1_698' title='bbox 1487 4611 1549 4683; x_wconf 83' lang='grc' dir='ltr'>δὴ</span> <span class='ocrx_word' id='word_1_699' title='bbox 1601 4612 1836 4685; x_wconf 84' lang='grc' dir='ltr'>σπουδὴν</span> 
     </span>
    </p>
   </div>
   <div class='ocr_carea' id='block_1_93' title="bbox 1937 4597 3492 4688">
    <p class='ocr_par' dir='ltr' id='par_1_93' title="bbox 1937 4613 3492 4688">
     <span class='ocr_line' id='line_1_93' title="bbox 1937 4613 3492 4688; baseline -0.003 -15"><span class='ocrx_word' id='word_1_700' title='bbox 1937 4632 2130 4673; x_wconf 87' lang='lat' dir='ltr'><strong>sonare</strong></span> <span class='ocrx_word' id='word_1_701' title='bbox 2166 4624 2346 4688; x_wconf 86' lang='lat' dir='ltr'><strong>potest</strong></span> <span class='ocrx_word' id='word_1_702' title='bbox 2389 4621 2676 4676; x_wconf 85' lang='lat' dir='ltr'><strong>conversio</strong></span> <span class='ocrx_word' id='word_1_703' title='bbox 2708 4618 2916 4676; x_wconf 75' lang='lat' dir='ltr'><strong>Ezecite</strong></span> <span class='ocrx_word' id='word_1_704' title='bbox 2953 4620 3021 4674; x_wconf 88' lang='lat' dir='ltr'><strong>ad</strong></span> <span class='ocrx_word' id='word_1_705' title='bbox 3063 4619 3347 4688; x_wconf 90' lang='lat' dir='ltr'><strong>parietem.</strong></span> <span class='ocrx_word' id='word_1_706' title='bbox 3380 4613 3492 4670; x_wconf 84' lang='lat' dir='ltr'><strong>Nec</strong></span> 
     </span>
    </p>
   </div>
   <div class='ocr_carea' id='block_1_94' title="bbox 273 4688 1834 4777">
    <p class='ocr_par' dir='ltr' id='par_1_94' title="bbox 273 4688 1834 4777">
     <span class='ocr_line' id='line_1_94' title="bbox 273 4688 1834 4777; baseline 0.012 -36"><span class='ocrx_word' id='word_1_707' title='bbox 273 4688 472 4761; x_wconf 77' lang='grc' dir='ltr'>ἐθέμην</span> <span class='ocrx_word' id='word_1_708' title='bbox 520 4692 724 4766; x_wconf 81' lang='grc' dir='ltr'>ταύτην</span> <span class='ocrx_word' id='word_1_709' title='bbox 755 4696 1068 4763; x_wconf 82' lang='grc' dir='ltr'>ἀνελέσθαι,</span> <span class='ocrx_word' id='word_1_710' title='bbox 1120 4702 1256 4771; x_wconf 81' lang='grc' dir='ltr'>πρὸς</span> <span class='ocrx_word' id='word_1_711' title='bbox 1299 4703 1359 4755; x_wconf 85' lang='grc' dir='ltr'><strong>τὸ</strong></span> <span class='ocrx_word' id='word_1_712' title='bbox 1397 4704 1472 4776; x_wconf 80' lang='grc' dir='ltr'>μὴ</span> <span class='ocrx_word' id='word_1_713' title='bbox 1529 4700 1665 4759; x_wconf 76' lang='grc' dir='ltr'>εἶναι</span> <span class='ocrx_word' id='word_1_714' title='bbox 1734 4709 1834 4777; x_wconf 81' lang='grc' dir='ltr'><strong>ὲμ-</strong></span> 
     </span>
    </p>
   </div>
   <div class='ocr_carea' id='block_1_95' title="bbox 273 4782 1834 4864">
    <p class='ocr_par' dir='ltr' id='par_1_95' title="bbox 273 4782 1834 4864">
     <span class='ocr_line' id='line_1_95' title="bbox 273 4782 1834 4864; baseline 0.012 -30"><span class='ocrx_word' id='word_1_715' title='bbox 273 4782 453 4837; x_wconf 78' lang='grc' dir='ltr'>πόδιον</span> <span class='ocrx_word' id='word_1_716' title='bbox 496 4784 574 4856; x_wconf 83' lang='grc' dir='ltr'>τῷ</span> <span class='ocrx_word' id='word_1_717' title='bbox 630 4786 740 4858; x_wconf 85' lang='grc' dir='ltr'><strong>λαῷ</strong></span> <span class='ocrx_word' id='word_1_718' title='bbox 778 4789 874 4843; x_wconf 87' lang='grc' dir='ltr'><strong>τοῦ</strong></span> <span class='ocrx_word' id='word_1_719' title='bbox 904 4793 985 4855; x_wconf 89' lang='grc' dir='ltr'><strong>είς</strong></span> <span class='ocrx_word' id='word_1_720' title='bbox 1016 4791 1114 4864; x_wconf 80' lang='grc' dir='ltr'>τὴν</span> <span class='ocrx_word' id='word_1_721' title='bbox 1158 4793 1463 4849; x_wconf 84' lang='grc' dir='ltr'>θεοσέϐειαν</span> <span class='ocrx_word' id='word_1_722' title='bbox 1498 4797 1669 4850; x_wconf 90' lang='grc' dir='ltr'>τόνου.</span> <span class='ocrx_word' id='word_1_723' title='bbox 1723 4799 1834 4853; x_wconf 74' lang='grc' dir='ltr'><strong>Καὶ</strong></span> 
     </span>
    </p>
   </div>
   <div class='ocr_carea' id='block_1_96' title="bbox 1936 4709 3491 4789">
    <p class='ocr_par' dir='ltr' id='par_1_96' title="bbox 1936 4709 3491 4789">
     <span class='ocr_line' id='line_1_96' title="bbox 1936 4709 3491 4789; baseline 0.001 -26"><span class='ocrx_word' id='word_1_724' title='bbox 1936 4709 2079 4766; x_wconf 83' lang='lat' dir='ltr'><strong>facta</strong></span> <span class='ocrx_word' id='word_1_725' title='bbox 2103 4719 2188 4767; x_wconf 90' lang='lat' dir='ltr'><strong>est</strong></span> <span class='ocrx_word' id='word_1_726' title='bbox 2223 4713 2340 4769; x_wconf 89' lang='lat' dir='ltr'><strong>sine</strong></span> <span class='ocrx_word' id='word_1_727' title='bbox 2370 4714 2626 4786; x_wconf 86' lang='lat' dir='ltr'><strong>lacrymis</strong></span> <span class='ocrx_word' id='word_1_728' title='bbox 2654 4712 2965 4784; x_wconf 88' lang='lat' dir='ltr'><strong>deprecatio</strong></span> <span class='ocrx_word' id='word_1_729' title='bbox 3001 4710 3143 4780; x_wconf 83' lang='lat' dir='ltr'><strong>ejus,</strong></span> <span class='ocrx_word' id='word_1_730' title='bbox 3168 4709 3261 4789; x_wconf 82' lang='lat' dir='ltr'><strong>sed</strong></span> <span class='ocrx_word' id='word_1_731' title='bbox 3294 4722 3491 4778; x_wconf 83' lang='lat' dir='ltr'><strong>magna</strong></span> 
     </span>
    </p>
   </div>
   <div class='ocr_carea' id='block_1_97' title="bbox 1936 4804 2717 4876">
    <p class='ocr_par' dir='ltr' id='par_1_97' title="bbox 1936 4804 2717 4876">
     <span class='ocr_line' id='line_1_97' title="bbox 1936 4804 2717 4876; baseline 0.005 -20"><span class='ocrx_word' id='word_1_732' title='bbox 1936 4804 2237 4873; x_wconf 87' lang='lat' dir='ltr'><strong>ploratione</strong></span> <span class='ocrx_word' id='word_1_733' title='bbox 2265 4806 2514 4876; x_wconf 89' lang='lat' dir='ltr'><strong>ploravit.</strong></span> <span class='ocrx_word' id='word_1_734' title='bbox 2710 4816 2717 4822; x_wconf 85' lang='lat'><strong>&#39;</strong></span> 
     </span>
    </p>
   </div>
   <div class='ocr_carea' id='block_1_98' title="bbox 268 4872 3489 4970">
    <p class='ocr_par' dir='ltr' id='par_1_98' title="bbox 268 4872 3489 4970">
     <span class='ocr_line' id='line_1_98' title="bbox 268 4872 3489 4970; baseline -0.002 -44"><span class='ocrx_word' id='word_1_735' title='bbox 268 4872 430 4970; x_wconf 77' lang='grc' dir='ltr'>τοῦτο</span> <span class='ocrx_word' id='word_1_736' title='bbox 486 4875 544 4929; x_wconf 83' lang='grc' dir='ltr'>δὲ</span> <span class='ocrx_word' id='word_1_737' title='bbox 572 4878 862 4947; x_wconf 80' lang='grc' dir='ltr'>ἀναγκαῖον</span> <span class='ocrx_word' id='word_1_738' title='bbox 920 4884 1274 4955; x_wconf 85' lang='grc' dir='ltr'>μνημονεύειν</span> <span class='ocrx_word' id='word_1_739' title='bbox 1299 4926 1315 4951; x_wconf 92' lang='grc'><strong>,</strong></span> <span class='ocrx_word' id='word_1_740' title='bbox 1351 4886 1426 4951; x_wconf 87' lang='grc' dir='ltr'><strong>ώς</strong></span> <span class='ocrx_word' id='word_1_741' title='bbox 1465 4889 1639 4958; x_wconf 80' lang='grc' dir='ltr'>τοῖχος</span> <span class='ocrx_word' id='word_1_742' title='bbox 1686 4892 1778 4944; x_wconf 79' lang='grc' dir='ltr'><strong>καὶ</strong></span> <span class='ocrx_word' id='word_1_743' title='bbox 1816 4892 1980 4967; x_wconf 78' lang='grc' dir='ltr'>στήλη</span> <span class='ocrx_word' id='word_1_744' title='bbox 2013 4898 2077 4967; x_wconf 78' lang='grc' dir='ltr'>τῇ</span> <span class='ocrx_word' id='word_1_745' title='bbox 2132 4872 2282 4969; x_wconf 44' lang='grc' dir='ltr'>αὐτῇ</span> <span class='ocrx_word' id='word_1_746' title='bbox 2304 4901 2454 4970; x_wconf 70' lang='grc' dir='ltr'>φωνῇ</span> <span class='ocrx_word' id='word_1_747' title='bbox 2501 4898 2600 4968; x_wconf 72' lang='grc' dir='ltr'><strong>τῆς</strong></span> <span class='ocrx_word' id='word_1_748' title='bbox 2639 4895 2912 4969; x_wconf 44' lang='lat' dir='ltr'><strong>Rapa-£50;</strong></span> <span class='ocrx_word' id='word_1_749' title='bbox 2947 4894 3235 4947; x_wconf 73' lang='grc' dir='ltr'><strong>λέλεκται.</strong></span> <span class='ocrx_word' id='word_1_750' title='bbox 3301 4890 3489 4959; x_wconf 66' lang='grc' dir='ltr'><strong>διόπερ</strong></span> 
     </span>
    </p>
   </div>
   <div class='ocr_carea' id='block_1_99' title="bbox 273 4966 3486 5059">
    <p class='ocr_par' dir='ltr' id='par_1_99' title="bbox 273 4966 3486 5059">
     <span class='ocr_line' id='line_1_99' title="bbox 273 4966 3486 5059; baseline 0.004 -39"><span class='ocrx_word' id='word_1_751' title='bbox 273 4966 507 5059; x_wconf 83' lang='grc' dir='ltr'>μάλιστα</span> <span class='ocrx_word' id='word_1_752' title='bbox 535 4972 630 5026; x_wconf 80' lang='grc' dir='ltr'><strong>καὶ</strong></span> <span class='ocrx_word' id='word_1_753' title='bbox 661 4974 741 5037; x_wconf 84' lang='grc' dir='ltr'><strong>είς</strong></span> <span class='ocrx_word' id='word_1_754' title='bbox 800 4972 957 5027; x_wconf 91' lang='grc' dir='ltr'>τοῦτο</span> <span class='ocrx_word' id='word_1_755' title='bbox 1007 4974 1271 5048; x_wconf 81' lang='grc' dir='ltr'>ἐξελήφθη</span> <span class='ocrx_word' id='word_1_756' title='bbox 1293 5017 1308 5042; x_wconf 94' lang='grc'><strong>,</strong></span> <span class='ocrx_word' id='word_1_757' title='bbox 1348 4979 1381 5049; x_wconf 75' lang='grc' dir='ltr'>ἢ</span> <span class='ocrx_word' id='word_1_758' title='bbox 1445 4980 1524 5043; x_wconf 86' lang='grc' dir='ltr'>εἰς</span> <span class='ocrx_word' id='word_1_759' title='bbox 1582 4980 1672 5035; x_wconf 87' lang='grc' dir='ltr'><strong>τὸν</strong></span> <span class='ocrx_word' id='word_1_760' title='bbox 1706 4983 1881 5052; x_wconf 87' lang='grc' dir='ltr'>τοῖχον</span> <span class='ocrx_word' id='word_1_761' title='bbox 1905 4966 2089 5039; x_wconf 62' lang='grc' dir='ltr'>ιαῦτοῦ</span> <span class='ocrx_word' id='word_1_762' title='bbox 2130 4966 2483 5059; x_wconf 31' lang='grc' dir='ltr'>ἀποστροφή-ο</span> <span class='ocrx_word' id='word_1_763' title='bbox 2521 4966 2620 5058; x_wconf 75' lang='grc' dir='ltr'><strong>τήν</strong></span> <span class='ocrx_word' id='word_1_764' title='bbox 2664 4966 2745 5038; x_wconf 16' lang='grc' dir='ltr'><strong>δὲή</strong></span> <span class='ocrx_word' id='word_1_765' title='bbox 2769 4984 3073 5055; x_wconf 83' lang='grc' dir='ltr'>προσευχὴν</span> <span class='ocrx_word' id='word_1_766' title='bbox 3123 4983 3354 5037; x_wconf 76' lang='grc' dir='ltr'>ἐποιεῖτο</span> <span class='ocrx_word' id='word_1_767' title='bbox 3387 4980 3486 5032; x_wconf 80' lang='grc' dir='ltr'><strong>οὐκ</strong></span> 
     </span>
    </p>
   </div>
   <div class='ocr_carea' id='block_1_100' title="bbox 271 5058 1519 5135">
    <p class='ocr_par' dir='ltr' id='par_1_100' title="bbox 271 5058 1519 5135">
     <span class='ocr_line' id='line_1_100' title="bbox 271 5058 1519 5135; baseline 0.01 -24"><span class='ocrx_word' id='word_1_768' title='bbox 271 5058 400 5112; x_wconf 82' lang='grc' dir='ltr'>ἄνευ</span> <span class='ocrx_word' id='word_1_769' title='bbox 453 5061 721 5135; x_wconf 84' lang='grc' dir='ltr'>δακρύων,</span> <span class='ocrx_word' id='word_1_770' title='bbox 769 5064 902 5120; x_wconf 89' lang='grc' dir='ltr'><strong>ἀλλά</strong></span> <span class='ocrx_word' id='word_1_771' title='bbox 940 5066 1034 5120; x_wconf 82' lang='grc' dir='ltr'>καὶ</span> <span class='ocrx_word' id='word_1_772' title='bbox 1065 5066 1272 5121; x_wconf 87' lang='grc' dir='ltr'>πολλῶν</span> <span class='ocrx_word' id='word_1_773' title='bbox 1298 5068 1519 5124; x_wconf 85' lang='grc' dir='ltr'>τούτων.</span> 
     </span>
    </p>
   </div>
   <div class='ocr_carea' id='block_1_101' title="bbox 342 5151 1829 5236">
    <p class='ocr_par' dir='ltr' id='par_1_101' title="bbox 342 5151 1829 5236">
     <span class='ocr_line' id='line_1_101' title="bbox 342 5151 1829 5236; baseline 0.011 -34"><span class='ocrx_word' id='word_1_774' title='bbox 342 5151 514 5222; x_wconf 83' lang='grc' dir='ltr'>Ὕψος</span> <span class='ocrx_word' id='word_1_775' title='bbox 544 5157 763 5228; x_wconf 79' lang='grc' dir='ltr'>ἡμερῶν</span> <span class='ocrx_word' id='word_1_776' title='bbox 814 5158 961 5227; x_wconf 86' lang='grc' dir='ltr'>λέγει</span> <span class='ocrx_word' id='word_1_777' title='bbox 1006 5159 1104 5230; x_wconf 80' lang='grc' dir='ltr'>τὴν</span> <span class='ocrx_word' id='word_1_778' title='bbox 1131 5162 1488 5234; x_wconf 78' lang='grc' dir='ltr'>ἐγγενομένην</span> <span class='ocrx_word' id='word_1_779' title='bbox 1531 5166 1598 5235; x_wconf 81' lang='grc' dir='ltr'>τῇ</span> <span class='ocrx_word' id='word_1_780' title='bbox 1624 5163 1829 5236; x_wconf 81' lang='grc' dir='ltr'>διανοίᾳ</span> 
     </span>
    </p>
   </div>
   <div class='ocr_carea' id='block_1_102' title="bbox 270 5243 1828 5329">
    <p class='ocr_par' dir='ltr' id='par_1_102' title="bbox 270 5243 1828 5329">
     <span class='ocr_line' id='line_1_102' title="bbox 270 5243 1828 5329; baseline 0.012 -35"><span class='ocrx_word' id='word_1_781' title='bbox 270 5243 436 5296; x_wconf 82' lang='grc' dir='ltr'>αὐτοῦ</span> <span class='ocrx_word' id='word_1_782' title='bbox 468 5245 881 5319; x_wconf 83' lang='grc' dir='ltr'>ὑψηλαυχενίαν,</span> <span class='ocrx_word' id='word_1_783' title='bbox 937 5252 1026 5320; x_wconf 79' lang='grc' dir='ltr'><strong>ὑφ’</strong></span> <span class='ocrx_word' id='word_1_784' title='bbox 1076 5248 1145 5324; x_wconf 83' lang='grc' dir='ltr'>ἧς</span> <span class='ocrx_word' id='word_1_785' title='bbox 1190 5254 1569 5327; x_wconf 86' lang='grc' dir='ltr'>συνεχόμενος,</span> <span class='ocrx_word' id='word_1_786' title='bbox 1605 5256 1828 5329; x_wconf 76' lang='grc' dir='ltr'>ἔμελλον</span> 
     </span>
    </p>
   </div>
   <div class='ocr_carea' id='block_1_103' title="bbox 269 5331 1826 5421">
    <p class='ocr_par' dir='ltr' id='par_1_103' title="bbox 269 5331 1826 5421">
     <span class='ocr_line' id='line_1_103' title="bbox 269 5331 1826 5421; baseline 0.013 -38"><span class='ocrx_word' id='word_1_787' title='bbox 269 5331 366 5403; x_wconf 83' lang='grc' dir='ltr'><strong>τήν</strong></span> <span class='ocrx_word' id='word_1_788' title='bbox 388 5335 621 5404; x_wconf 78' lang='grc' dir='ltr'>ἐμαυτοῦ</span> <span class='ocrx_word' id='word_1_789' title='bbox 647 5337 790 5411; x_wconf 81' lang='grc' dir='ltr'>ζωὴν</span> <span class='ocrx_word' id='word_1_790' title='bbox 810 5341 1221 5415; x_wconf 80' lang='grc' dir='ltr'>ὑποτέμνεσθαι·</span> <span class='ocrx_word' id='word_1_791' title='bbox 1250 5346 1418 5401; x_wconf 86' lang='grc' dir='ltr'>ταῦτα</span> <span class='ocrx_word' id='word_1_792' title='bbox 1437 5348 1826 5421; x_wconf 83' lang='grc' dir='ltr'>διανοούμενος,</span> 
     </span>
    </p>
   </div>
   <div class='ocr_carea' id='block_1_104' title="bbox 267 5423 1828 5513">
    <p class='ocr_par' dir='ltr' id='par_1_104' title="bbox 267 5423 1828 5513">
     <span class='ocr_line' id='line_1_104' title="bbox 267 5423 1828 5513; baseline 0.014 -37"><span class='ocrx_word' id='word_1_793' title='bbox 267 5423 388 5477; x_wconf 82' lang='grc' dir='ltr'>οὐδὲ</span> <span class='ocrx_word' id='word_1_794' title='bbox 418 5424 525 5498; x_wconf 86' lang='grc' dir='ltr'>γὰρ</span> <span class='ocrx_word' id='word_1_795' title='bbox 561 5429 620 5481; x_wconf 82' lang='grc' dir='ltr'>ὲν</span> <span class='ocrx_word' id='word_1_796' title='bbox 667 5432 737 5501; x_wconf 80' lang='grc' dir='ltr'><strong>γῇ</strong></span> <span class='ocrx_word' id='word_1_797' title='bbox 776 5430 992 5495; x_wconf 80' lang='grc' dir='ltr'>ζώντων</span> <span class='ocrx_word' id='word_1_798' title='bbox 1040 5436 1262 5508; x_wconf 66' lang='grc' dir='ltr'><strong>⁴Ιτιλπιιῖον</strong></span> <span class='ocrx_word' id='word_1_799' title='bbox 1307 5438 1528 5512; x_wconf 78' lang='grc' dir='ltr'>ὄψεσθαι</span> <span class='ocrx_word' id='word_1_800' title='bbox 1558 5440 1619 5495; x_wconf 84' lang='grc' dir='ltr'>τὸ</span> <span class='ocrx_word' id='word_1_801' title='bbox 1651 5443 1828 5513; x_wconf 79' lang='grc' dir='ltr'>σωτή-</span> 
     </span>
    </p>
   </div>
   <div class='ocr_carea' id='block_1_105' title="bbox 272 5515 1827 5605">
    <p class='ocr_par' dir='ltr' id='par_1_105' title="bbox 272 5515 1827 5605">
     <span class='ocr_line' id='line_1_105' title="bbox 272 5515 1827 5605; baseline 0.013 -38"><span class='ocrx_word' id='word_1_802' title='bbox 272 5531 384 5585; x_wconf 90' lang='grc' dir='ltr'>ριον</span> <span class='ocrx_word' id='word_1_803' title='bbox 428 5515 522 5569; x_wconf 91' lang='grc' dir='ltr'><strong>τοῦ</strong></span> <span class='ocrx_word' id='word_1_804' title='bbox 568 5518 703 5573; x_wconf 92' lang='grc' dir='ltr'>Θεοῦ</span> <span class='ocrx_word' id='word_1_805' title='bbox 728 5559 743 5584; x_wconf 90' lang='grc'><strong>,</strong></span> <span class='ocrx_word' id='word_1_806' title='bbox 793 5522 1065 5594; x_wconf 76' lang='grc' dir='ltr'>ἐλεγχθεὶς</span> <span class='ocrx_word' id='word_1_807' title='bbox 1106 5528 1198 5581; x_wconf 78' lang='grc' dir='ltr'><strong>ἐπὶ</strong></span> <span class='ocrx_word' id='word_1_808' title='bbox 1229 5532 1291 5600; x_wconf 75' lang='grc' dir='ltr'>τῇ</span> <span class='ocrx_word' id='word_1_809' title='bbox 1345 5533 1716 5605; x_wconf 79' lang='grc' dir='ltr'>καταλαϐούσῃ</span> <span class='ocrx_word' id='word_1_810' title='bbox 1745 5535 1827 5603; x_wconf 90' lang='grc' dir='ltr'>’με</span> 
     </span>
    </p>
   </div>
   <div class='ocr_carea' id='block_1_106' title="bbox 2003 5161 3487 5233">
    <p class='ocr_par' dir='ltr' id='par_1_106' title="bbox 2003 5161 3487 5233">
     <span class='ocr_line' id='line_1_106' title="bbox 2003 5161 3487 5233; baseline -0.001 -16"><span class='ocrx_word' id='word_1_811' title='bbox 2003 5164 2168 5220; x_wconf 74' lang='lat' dir='ltr'><strong>Vens.</strong></span> <span class='ocrx_word' id='word_1_812' title='bbox 2202 5166 2392 5220; x_wconf 76' lang='lat' dir='ltr'><strong>I0-I2.</strong></span> <span class='ocrx_word' id='word_1_813' title='bbox 2437 5165 2724 5227; x_wconf 81' lang='lat' dir='ltr'><strong>Excelsum</strong></span> <span class='ocrx_word' id='word_1_814' title='bbox 2751 5163 2960 5219; x_wconf 90' lang='lat' dir='ltr'><strong>dierum</strong></span> <span class='ocrx_word' id='word_1_815' title='bbox 2999 5172 3157 5219; x_wconf 89' lang='lat' dir='ltr'><strong>vocat</strong></span> <span class='ocrx_word' id='word_1_816' title='bbox 3179 5161 3487 5233; x_wconf 88' lang='lat' dir='ltr'><strong>superbiam</strong></span> 
     </span>
    </p>
   </div>
   <div class='ocr_carea' id='block_1_107' title="bbox 1932 5256 3487 5330">
    <p class='ocr_par' dir='ltr' id='par_1_107' title="bbox 1932 5256 3487 5330">
     <span class='ocr_line' id='line_1_107' title="bbox 1932 5256 3487 5330; baseline -0.003 -19"><span class='ocrx_word' id='word_1_817' title='bbox 1932 5273 2037 5330; x_wconf 86' lang='lat' dir='ltr'><strong>qua</strong></span> <span class='ocrx_word' id='word_1_818' title='bbox 2090 5274 2245 5315; x_wconf 87' lang='lat' dir='ltr'><strong>mens</strong></span> <span class='ocrx_word' id='word_1_819' title='bbox 2290 5259 2413 5329; x_wconf 87' lang='lat' dir='ltr'><strong>ejus</strong></span> <span class='ocrx_word' id='word_1_820' title='bbox 2463 5256 2807 5325; x_wconf 78' lang='lat' dir='ltr'><strong>eﬂ‘erebatur,</strong></span> <span class='ocrx_word' id='word_1_821' title='bbox 2849 5273 2957 5329; x_wconf 82' lang='lat' dir='ltr'><strong>qua</strong></span> <span class='ocrx_word' id='word_1_822' title='bbox 2998 5257 3215 5312; x_wconf 82' lang='lat' dir='ltr'><strong>inﬂatus</strong></span> <span class='ocrx_word' id='word_1_823' title='bbox 3260 5263 3487 5309; x_wconf 90' lang='lat' dir='ltr'><strong>mortem</strong></span> 
     </span>
    </p>
   </div>
   <div class='ocr_carea' id='block_1_108' title="bbox 1931 5347 3489 5422">
    <p class='ocr_par' dir='ltr' id='par_1_108' title="bbox 1931 5347 3489 5422">
     <span class='ocr_line' id='line_1_108' title="bbox 1931 5347 3489 5422; baseline -0.004 -16"><span class='ocrx_word' id='word_1_824' title='bbox 1931 5350 2036 5406; x_wconf 87' lang='lat' dir='ltr'><strong>sibi</strong></span> <span class='ocrx_word' id='word_1_825' title='bbox 2077 5360 2471 5421; x_wconf 82' lang='lat' dir='ltr'><strong>promeruerat.</strong></span> <span class='ocrx_word' id='word_1_826' title='bbox 2497 5350 2624 5407; x_wconf 63' lang='lat' dir='ltr'><strong>Hatc</strong></span> <span class='ocrx_word' id='word_1_827' title='bbox 2652 5367 2837 5408; x_wconf 91' lang='lat' dir='ltr'><strong>secum</strong></span> <span class='ocrx_word' id='word_1_828' title='bbox 2861 5351 3133 5422; x_wconf 84' lang='lat' dir='ltr'><strong>reputavit</strong></span> <span class='ocrx_word' id='word_1_829' title='bbox 3171 5368 3183 5400; x_wconf 88' lang='lat'>:</span> <span class='ocrx_word' id='word_1_830' title='bbox 3216 5347 3328 5417; x_wconf 89' lang='lat' dir='ltr'><strong>jam</strong></span> <span class='ocrx_word' id='word_1_831' title='bbox 3376 5362 3489 5400; x_wconf 87' lang='lat' dir='ltr'><strong>non</strong></span> 
     </span>
    </p>
   </div>
   <div class='ocr_carea' id='block_1_109' title="bbox 1931 5437 3484 5514">
    <p class='ocr_par' dir='ltr' id='par_1_109' title="bbox 1931 5437 3484 5514">
     <span class='ocr_line' id='line_1_109' title="bbox 1931 5437 3484 5514; baseline -0.004 -17"><span class='ocrx_word' id='word_1_832' title='bbox 1931 5443 2064 5498; x_wconf 86' lang='lat' dir='ltr'><strong>mihi</strong></span> <span class='ocrx_word' id='word_1_833' title='bbox 2102 5459 2225 5514; x_wconf 89' lang='lat' dir='ltr'><strong>spes</strong></span> <span class='ocrx_word' id='word_1_834' title='bbox 2251 5444 2487 5499; x_wconf 89' lang='lat' dir='ltr'><strong>salutare</strong></span> <span class='ocrx_word' id='word_1_835' title='bbox 2522 5443 2615 5500; x_wconf 90' lang='lat' dir='ltr'><strong>Dei</strong></span> <span class='ocrx_word' id='word_1_836' title='bbox 2671 5446 2726 5499; x_wconf 89' lang='lat' dir='ltr'><strong>in</strong></span> <span class='ocrx_word' id='word_1_837' title='bbox 2755 5453 2898 5501; x_wconf 89' lang='lat' dir='ltr'><strong>terra</strong></span> <span class='ocrx_word' id='word_1_838' title='bbox 2923 5441 3216 5497; x_wconf 89' lang='lat' dir='ltr'><strong>viventium</strong></span> <span class='ocrx_word' id='word_1_839' title='bbox 3245 5437 3484 5499; x_wconf 90' lang='lat' dir='ltr'><strong>videndi,</strong></span> 
     </span>
    </p>
   </div>
   <div class='ocr_carea' id='block_1_110' title="bbox 1930 5530 3485 5608">
    <p class='ocr_par' dir='ltr' id='par_1_110' title="bbox 1930 5530 3485 5608">
     <span class='ocr_line' id='line_1_110' title="bbox 1930 5530 3485 5608; baseline -0.006 -18"><span class='ocrx_word' id='word_1_840' title='bbox 1930 5536 2165 5592; x_wconf 83' lang='lat' dir='ltr'><strong>amentia</strong></span> <span class='ocrx_word' id='word_1_841' title='bbox 2223 5546 2381 5608; x_wconf 89' lang='lat' dir='ltr'><strong>capto</strong></span> <span class='ocrx_word' id='word_1_842' title='bbox 2447 5546 2500 5593; x_wconf 89' lang='lat' dir='ltr'><strong>et</strong></span> <span class='ocrx_word' id='word_1_843' title='bbox 2548 5540 2838 5594; x_wconf 82' lang='lat' dir='ltr'><strong>convicto-</strong></span> <span class='ocrx_word' id='word_1_844' title='bbox 2900 5537 2993 5594; x_wconf 89' lang='lat' dir='ltr'><strong>sed</strong></span> <span class='ocrx_word' id='word_1_845' title='bbox 3046 5543 3099 5592; x_wconf 90' lang='lat' dir='ltr'><strong>et</strong></span> <span class='ocrx_word' id='word_1_846' title='bbox 3141 5535 3307 5590; x_wconf 91' lang='lat' dir='ltr'><strong>vitam</strong></span> <span class='ocrx_word' id='word_1_847' title='bbox 3352 5530 3485 5587; x_wconf 83' lang='lat' dir='ltr'><strong>mihi</strong></span> 
     </span>
    </p>
   </div>
   <div class='ocr_carea' id='block_1_111' title="bbox 338 5674 1836 5768">
    <p class='ocr_par' dir='ltr' id='par_1_111' title="bbox 338 5674 1836 5757">
     <span class='ocr_line' id='line_1_111' title="bbox 338 5674 1836 5757; baseline 0.014 -29"><span class='ocrx_word' id='word_1_848' title='bbox 338 5676 379 5708; x_wconf 83' lang='grc'><strong>¹⁶</strong></span> <span class='ocrx_word' id='word_1_849' title='bbox 403 5675 445 5730; x_wconf 92' lang='lat' dir='ltr'><strong>II</strong></span> <span class='ocrx_word' id='word_1_850' title='bbox 475 5674 708 5750; x_wconf 83' lang='lat' dir='ltr'><strong>Paralip.</strong></span> <span class='ocrx_word' id='word_1_851' title='bbox 738 5696 910 5749; x_wconf 61' lang='grc' dir='ltr'>χχιιι,</span> <span class='ocrx_word' id='word_1_852' title='bbox 941 5681 1012 5739; x_wconf 67' lang='grc'><strong>24</strong></span> <span class='ocrx_word' id='word_1_853' title='bbox 1043 5700 1163 5757; x_wconf 85' lang='lat' dir='ltr'><strong>sqq.</strong></span> <span class='ocrx_word' id='word_1_854' title='bbox 1242 5688 1282 5720; x_wconf 84' lang='lat'>“</span> <span class='ocrx_word' id='word_1_855' title='bbox 1304 5689 1434 5747; x_wconf 87' lang='lat' dir='ltr'><strong>ibid.</strong></span> <span class='ocrx_word' id='word_1_856' title='bbox 1459 5691 1549 5750; x_wconf 75' lang='lat'><strong>26.</strong></span> <span class='ocrx_word' id='word_1_857' title='bbox 1628 5695 1671 5725; x_wconf 85' lang='lat'>&quot;</span> <span class='ocrx_word' id='word_1_858' title='bbox 1695 5694 1794 5750; x_wconf 85' lang='lat' dir='ltr'><strong>lsa.</strong></span> <span class='ocrx_word' id='word_1_859' title='bbox 1829 5711 1836 5730; x_wconf 62' lang='grc' dir='ltr'>π</span> 
     </span>
    </p>
   </div>
   <div class='ocr_carea' id='block_1_112' title="bbox 1937 5674 2685 5768">
    <p class='ocr_par' dir='ltr' id='par_1_112' title="bbox 1960 5695 2685 5768">
     <span class='ocr_line' id='line_1_112' title="bbox 1960 5695 2685 5768; baseline 0.006 -20"><span class='ocrx_word' id='word_1_860' title='bbox 1960 5695 2044 5749; x_wconf 71' lang='grc' dir='ltr'>Η.</span> <span class='ocrx_word' id='word_1_861' title='bbox 2126 5697 2166 5728; x_wconf 75' lang='grc'>¹³</span> <span class='ocrx_word' id='word_1_862' title='bbox 2189 5695 2256 5749; x_wconf 80' lang='lat' dir='ltr'><strong>IV</strong></span> <span class='ocrx_word' id='word_1_863' title='bbox 2288 5695 2417 5768; x_wconf 76' lang='lat' dir='ltr'><strong>Reg.</strong></span> <span class='ocrx_word' id='word_1_864' title='bbox 2450 5713 2560 5761; x_wconf 75' lang='lat' dir='ltr'><strong>xu,</strong></span> <span class='ocrx_word' id='word_1_865' title='bbox 2598 5699 2685 5751; x_wconf 76' lang='lat'><strong>55.</strong></span> 
     </span>
    </p>
   </div>
   <div class='ocr_carea' id='block_1_113' title="bbox 334 5828 1227 5898">
    <p class='ocr_par' dir='ltr' id='par_1_113' title="bbox 334 5828 1227 5898">
     <span class='ocr_line' id='line_1_113' title="bbox 334 5828 1227 5898; baseline 0.018 -15"><span class='ocrx_word' id='word_1_866' title='bbox 334 5828 410 5895; x_wconf 86' lang='lat'><strong>(5)</strong></span> <span class='ocrx_word' id='word_1_867' title='bbox 467 5830 699 5891; x_wconf 65' lang='lat' dir='ltr'><strong>Lacuna!</strong></span> <span class='ocrx_word' id='word_1_868' title='bbox 732 5836 925 5895; x_wconf 82' lang='lat' dir='ltr'><strong>breves</strong></span> <span class='ocrx_word' id='word_1_869' title='bbox 946 5839 1001 5896; x_wconf 92' lang='lat' dir='ltr'><strong>in</strong></span> <span class='ocrx_word' id='word_1_870' title='bbox 1024 5840 1227 5898; x_wconf 90' lang='lat' dir='ltr'><strong>codice.</strong></span> 
     </span>
    </p>
   </div>
  </div>
