  <div class='ocr_page' id='page_1' title='image "/cluster/home/n/w/nwhite01/storage/ocr_20150623/18/mdp.39015008168943/691.png"; bbox 0 0 4038 6288; ppageno 0'>
   <div class='ocr_carea' id='block_1_1' title="bbox 622 416 765 472">
    <p class='ocr_par' dir='ltr' id='par_1_1' title="bbox 622 416 765 472">
     <span class='ocr_line' id='line_1_1' title="bbox 622 416 765 472; baseline -0.021 -1"><span class='ocrx_word' id='word_1_1' title='bbox 622 416 765 472; x_wconf 64' lang='grc' dir='ltr'>ιδδιε</span> 
     </span>
    </p>
   </div>
   <div class='ocr_carea' id='block_1_2' title="bbox 1833 394 2728 452">
    <p class='ocr_par' dir='ltr' id='par_1_2' title="bbox 1833 394 2728 452">
     <span class='ocr_line' id='line_1_2' title="bbox 1833 394 2728 452; baseline -0.002 -1"><span class='ocrx_word' id='word_1_2' title='bbox 1833 396 2178 452; x_wconf 72' lang='grc' dir='ltr'>ΤιιΕοῡοιιι</span> <span class='ocrx_word' id='word_1_3' title='bbox 2215 394 2728 450; x_wconf 76' lang='lat' dir='ltr'><strong>HERACLEENSIS</strong></span> 
     </span>
    </p>
   </div>
   <div class='ocr_carea' id='block_1_3' title="bbox 3651 401 3743 455">
    <p class='ocr_par' dir='ltr' id='par_1_3' title="bbox 3651 401 3743 455">
     <span class='ocr_line' id='line_1_3' title="bbox 3651 401 3743 455; baseline 0.022 -2"><span class='ocrx_word' id='word_1_4' title='bbox 3651 401 3743 455; x_wconf 59' lang='lat'><strong>153</strong></span> 
     </span>
    </p>
   </div>
   <div class='ocr_carea' id='block_1_4' title="bbox 619 506 2214 601">
    <p class='ocr_par' dir='ltr' id='par_1_4' title="bbox 619 514 2214 601">
     <span class='ocr_line' id='line_1_4' title="bbox 619 514 2214 601; baseline -0.017 -9"><span class='ocrx_word' id='word_1_5' title='bbox 619 548 860 601; x_wconf 75' lang='lat' dir='ltr'><strong>auteres,</strong></span> <span class='ocrx_word' id='word_1_6' title='bbox 899 531 1063 589; x_wconf 79' lang='lat' dir='ltr'><strong>exitio</strong></span> <span class='ocrx_word' id='word_1_7' title='bbox 1093 533 1145 583; x_wconf 93' lang='lat' dir='ltr'><strong>et</strong></span> <span class='ocrx_word' id='word_1_8' title='bbox 1170 525 1333 580; x_wconf 99' lang='lat' dir='ltr'><strong>morti</strong></span> <span class='ocrx_word' id='word_1_9' title='bbox 1358 522 1596 584; x_wconf 91' lang='lat' dir='ltr'><strong>addicto,</strong></span> <span class='ocrx_word' id='word_1_10' title='bbox 1623 518 1761 572; x_wconf 87' lang='lat' dir='ltr'><strong>fabri</strong></span> <span class='ocrx_word' id='word_1_11' title='bbox 1798 515 1867 570; x_wconf 87' lang='lat' dir='ltr'><strong>ad</strong></span> <span class='ocrx_word' id='word_1_12' title='bbox 1897 514 2172 584; x_wconf 81' lang='lat' dir='ltr'><strong>exemplar</strong></span> <span class='ocrx_word' id='word_1_13' title='bbox 2200 535 2214 575; x_wconf 58' lang='grc' dir='ltr'><em>Α</em></span> 
     </span>
    </p>
   </div>
   <div class='ocr_carea' id='block_1_5' title="bbox 2148 506 3743 601">
    <p class='ocr_par' dir='ltr' id='par_1_5' title="bbox 2148 506 3743 589">
     <span class='ocr_line' id='line_1_5' title="bbox 2148 506 3743 589; baseline -0.004 -22"><span class='ocrx_word' id='word_1_14' title='bbox 2148 529 2172 567; x_wconf 91' lang='lat' dir='ltr'><strong>r</strong></span> <span class='ocrx_word' id='word_1_15' title='bbox 2200 519 2240 575; x_wconf 83' lang='grc' dir='ltr'><strong>Α</strong></span> <span class='ocrx_word' id='word_1_16' title='bbox 2274 512 2629 584; x_wconf 63' lang='grc' dir='ltr'>κακοϐουλίᾳ*</span> <span class='ocrx_word' id='word_1_17' title='bbox 2684 506 2842 566; x_wconf 86' lang='grc' dir='ltr'>ἀλλά⁹</span> <span class='ocrx_word' id='word_1_18' title='bbox 2874 511 2966 564; x_wconf 79' lang='grc' dir='ltr'><strong>καὶ</strong></span> <span class='ocrx_word' id='word_1_19' title='bbox 3013 510 3212 582; x_wconf 81' lang='grc' dir='ltr'><strong>ταύτης</strong></span> <span class='ocrx_word' id='word_1_20' title='bbox 3252 509 3350 580; x_wconf 81' lang='grc' dir='ltr'>τῆς</span> <span class='ocrx_word' id='word_1_21' title='bbox 3385 507 3516 581; x_wconf 73' lang='grc' dir='ltr'>ζωῆς</span> <span class='ocrx_word' id='word_1_22' title='bbox 3547 517 3743 589; x_wconf 56' lang='grc' dir='ltr'>στερηθῇ.</span> 
     </span>
    </p>
   </div>
   <div class='ocr_carea' id='block_1_6' title="bbox 617 607 2174 689">
    <p class='ocr_par' dir='ltr' id='par_1_6' title="bbox 617 607 2174 689">
     <span class='ocr_line' id='line_1_6' title="bbox 617 607 2174 689; baseline -0.016 -5"><span class='ocrx_word' id='word_1_23' title='bbox 617 624 1029 683; x_wconf 90' lang='lat' dir='ltr'><strong>tabernaculum</strong></span> <span class='ocrx_word' id='word_1_24' title='bbox 1081 617 1313 689; x_wconf 83' lang='lat' dir='ltr'><strong>figentis,</strong></span> <span class='ocrx_word' id='word_1_25' title='bbox 1373 622 1428 670; x_wconf 91' lang='lat' dir='ltr'><strong>et</strong></span> <span class='ocrx_word' id='word_1_26' title='bbox 1482 628 1611 667; x_wconf 78' lang='lat' dir='ltr'><strong>mox</strong></span> <span class='ocrx_word' id='word_1_27' title='bbox 1685 607 1989 673; x_wconf 91' lang='lat' dir='ltr'><strong>solventis;</strong></span> <span class='ocrx_word' id='word_1_28' title='bbox 2047 620 2174 659; x_wconf 90' lang='lat' dir='ltr'><strong>nam</strong></span> 
     </span>
    </p>
   </div>
   <div class='ocr_carea' id='block_1_7' title="bbox 618 697 2176 781">
    <p class='ocr_par' dir='ltr' id='par_1_7' title="bbox 618 697 2176 781">
     <span class='ocr_line' id='line_1_7' title="bbox 618 697 2176 781; baseline -0.017 -8"><span class='ocrx_word' id='word_1_29' title='bbox 618 722 691 774; x_wconf 88' lang='lat' dir='ltr'><strong>ita</strong></span> <span class='ocrx_word' id='word_1_30' title='bbox 728 714 925 771; x_wconf 81' lang='lat' dir='ltr'><strong>defecit</strong></span> <span class='ocrx_word' id='word_1_31' title='bbox 970 709 1195 781; x_wconf 74' lang='lat' dir='ltr'><strong>spiritus</strong></span> <span class='ocrx_word' id='word_1_32' title='bbox 1242 720 1396 761; x_wconf 88' lang='lat' dir='ltr'><strong>meus</strong></span> <span class='ocrx_word' id='word_1_33' title='bbox 1422 702 1623 767; x_wconf 75' lang='lat' dir='ltr'><strong>vitalis,</strong></span> <span class='ocrx_word' id='word_1_34' title='bbox 1667 700 1810 756; x_wconf 88' lang='lat' dir='ltr'><strong>sicut</strong></span> <span class='ocrx_word' id='word_1_35' title='bbox 1849 697 1954 752; x_wconf 89' lang='lat' dir='ltr'><strong>tela</strong></span> <span class='ocrx_word' id='word_1_36' title='bbox 1990 709 2021 749; x_wconf 86' lang='lat' dir='ltr'><strong>a</strong></span> <span class='ocrx_word' id='word_1_37' title='bbox 2054 709 2176 748; x_wconf 80' lang='lat' dir='ltr'><strong>mu-</strong></span> 
     </span>
    </p>
   </div>
   <div class='ocr_carea' id='block_1_8' title="bbox 617 800 1273 897">
    <p class='ocr_par' dir='ltr' id='par_1_8' title="bbox 617 800 1273 897">
     <span class='ocr_line' id='line_1_8' title="bbox 617 800 1273 897; baseline -0.02 -32"><span class='ocrx_word' id='word_1_38' title='bbox 617 806 887 897; x_wconf 34' lang='lat' dir='ltr'><strong>li’cre‘jam</strong></span> <span class='ocrx_word' id='word_1_39' title='bbox 920 800 1273 859; x_wconf 89' lang='lat' dir='ltr'><strong>succidenda.</strong></span> 
     </span>
    </p>
   </div>
   <div class='ocr_carea' id='block_1_9' title="bbox 682 875 2173 959">
    <p class='ocr_par' dir='ltr' id='par_1_9' title="bbox 682 875 2173 959">
     <span class='ocr_line' id='line_1_9' title="bbox 682 875 2173 959; baseline -0.015 -5"><span class='ocrx_word' id='word_1_40' title='bbox 682 875 847 953; x_wconf 57' lang='lat' dir='ltr'><strong>Vens.</strong></span> <span class='ocrx_word' id='word_1_41' title='bbox 896 895 983 950; x_wconf 75' lang='lat' dir='ltr'><strong>M.</strong></span> <span class='ocrx_word' id='word_1_42' title='bbox 1030 892 1241 948; x_wconf 82' lang='lat' dir='ltr'><strong>Idcirco</strong></span> <span class='ocrx_word' id='word_1_43' title='bbox 1283 890 1395 959; x_wconf 87' lang='lat' dir='ltr'><strong>jam</strong></span> <span class='ocrx_word' id='word_1_44' title='bbox 1436 901 1544 941; x_wconf 89' lang='lat' dir='ltr'><strong>non</strong></span> <span class='ocrx_word' id='word_1_45' title='bbox 1587 884 1778 949; x_wconf 86' lang='lat' dir='ltr'><strong>silebo,</strong></span> <span class='ocrx_word' id='word_1_46' title='bbox 1821 875 2173 949; x_wconf 78' lang='lat' dir='ltr'><strong>benignitatis</strong></span> 
     </span>
    </p>
   </div>
   <div class='ocr_carea' id='block_1_10' title="bbox 615 969 2169 1061">
    <p class='ocr_par' dir='ltr' id='par_1_10' title="bbox 615 969 2169 1061">
     <span class='ocr_line' id='line_1_10' title="bbox 615 969 2169 1061; baseline -0.016 -15"><span class='ocrx_word' id='word_1_47' title='bbox 615 1001 722 1046; x_wconf 82' lang='lat' dir='ltr'><strong>tuae</strong></span> <span class='ocrx_word' id='word_1_48' title='bbox 753 1003 933 1061; x_wconf 60' lang='lat' dir='ltr'><strong>praeco</strong></span> <span class='ocrx_word' id='word_1_49' title='bbox 962 986 1158 1049; x_wconf 87' lang='lat' dir='ltr'><strong>factus,</strong></span> <span class='ocrx_word' id='word_1_50' title='bbox 1192 982 1356 1054; x_wconf 89' lang='lat' dir='ltr'><strong>quasi</strong></span> <span class='ocrx_word' id='word_1_51' title='bbox 1386 978 1621 1035; x_wconf 80' lang='lat' dir='ltr'><strong>hirundo</strong></span> <span class='ocrx_word' id='word_1_52' title='bbox 1643 984 1698 1031; x_wconf 92' lang='lat' dir='ltr'><strong>et</strong></span> <span class='ocrx_word' id='word_1_53' title='bbox 1713 974 1871 1046; x_wconf 88' lang='lat' dir='ltr'><strong>quasi</strong></span> <span class='ocrx_word' id='word_1_54' title='bbox 1893 969 2169 1034; x_wconf 91' lang='lat' dir='ltr'><strong>columba,</strong></span> 
     </span>
    </p>
   </div>
   <div class='ocr_carea' id='block_1_11' title="bbox 614 1061 2173 1150">
    <p class='ocr_par' dir='ltr' id='par_1_11' title="bbox 614 1061 2173 1150">
     <span class='ocr_line' id='line_1_11' title="bbox 614 1061 2173 1150; baseline -0.016 -11"><span class='ocrx_word' id='word_1_55' title='bbox 614 1083 876 1139; x_wconf 87' lang='lat' dir='ltr'><strong>continuo</strong></span> <span class='ocrx_word' id='word_1_56' title='bbox 910 1077 1339 1150; x_wconf 79' lang='lat' dir='ltr'><strong>magnificentias</strong></span> <span class='ocrx_word' id='word_1_57' title='bbox 1376 1081 1499 1128; x_wconf 92' lang='lat' dir='ltr'><strong>tuas</strong></span> <span class='ocrx_word' id='word_1_58' title='bbox 1529 1069 1819 1127; x_wconf 82' lang='lat' dir='ltr'><strong>celebrabo</strong></span> <span class='ocrx_word' id='word_1_59' title='bbox 1843 1084 1858 1135; x_wconf 85' lang='lat'><strong>;</strong></span> <span class='ocrx_word' id='word_1_60' title='bbox 1886 1072 1943 1119; x_wconf 88' lang='lat' dir='ltr'><strong>tu</strong></span> <span class='ocrx_word' id='word_1_61' title='bbox 1967 1061 2112 1118; x_wconf 89' lang='lat' dir='ltr'><strong>enim</strong></span> <span class='ocrx_word' id='word_1_62' title='bbox 2140 1075 2173 1115; x_wconf 88' lang='lat' dir='ltr'><strong>a</strong></span> 
     </span>
    </p>
   </div>
   <div class='ocr_carea' id='block_1_12' title="bbox 614 1152 2173 1243">
    <p class='ocr_par' dir='ltr' id='par_1_12' title="bbox 614 1152 2173 1243">
     <span class='ocr_line' id='line_1_12' title="bbox 614 1152 2173 1243; baseline -0.015 -15"><span class='ocrx_word' id='word_1_63' title='bbox 614 1191 701 1230; x_wconf 78' lang='lat' dir='ltr'><strong>me</strong></span> <span class='ocrx_word' id='word_1_64' title='bbox 732 1173 981 1243; x_wconf 89' lang='lat' dir='ltr'><strong>corporis</strong></span> <span class='ocrx_word' id='word_1_65' title='bbox 1008 1171 1227 1226; x_wconf 84' lang='lat' dir='ltr'><strong>dolores</strong></span> <span class='ocrx_word' id='word_1_66' title='bbox 1254 1166 1552 1232; x_wconf 85' lang='lat' dir='ltr'><strong>abstulisti,</strong></span> <span class='ocrx_word' id='word_1_67' title='bbox 1587 1169 1642 1218; x_wconf 90' lang='lat' dir='ltr'><strong>et</strong></span> <span class='ocrx_word' id='word_1_68' title='bbox 1683 1160 1920 1214; x_wconf 89' lang='lat' dir='ltr'><strong>animam</strong></span> <span class='ocrx_word' id='word_1_69' title='bbox 1952 1152 2173 1212; x_wconf 78' lang='lat' dir='ltr'><strong>sanitati</strong></span> 
     </span>
    </p>
   </div>
   <div class='ocr_carea' id='block_1_13' title="bbox 614 1256 1921 1334">
    <p class='ocr_par' dir='ltr' id='par_1_13' title="bbox 614 1256 1921 1334">
     <span class='ocr_line' id='line_1_13' title="bbox 614 1256 1921 1334; baseline -0.011 -14"><span class='ocrx_word' id='word_1_70' title='bbox 614 1264 929 1330; x_wconf 86' lang='lat' dir='ltr'><strong>restituisti,</strong></span> <span class='ocrx_word' id='word_1_71' title='bbox 961 1269 1307 1334; x_wconf 87' lang='lat' dir='ltr'><strong>peccatorum</strong></span> <span class='ocrx_word' id='word_1_72' title='bbox 1336 1256 1921 1314; x_wconf 86' lang='lat' dir='ltr'><strong>meorum&#39;immemor.</strong></span> 
     </span>
    </p>
   </div>
   <div class='ocr_carea' id='block_1_14' title="bbox 2281 602 3743 681">
    <p class='ocr_par' dir='ltr' id='par_1_14' title="bbox 2281 602 3743 681">
     <span class='ocr_line' id='line_1_14' title="bbox 2281 602 3743 681; baseline -0.003 -24"><span class='ocrx_word' id='word_1_73' title='bbox 2281 604 2465 658; x_wconf 88' lang='grc' dir='ltr'>σεσθαι</span> <span class='ocrx_word' id='word_1_74' title='bbox 2517 606 2598 666; x_wconf 88' lang='grc' dir='ltr'><strong>είς</strong></span> <span class='ocrx_word' id='word_1_75' title='bbox 2647 602 2919 657; x_wconf 86' lang='grc' dir='ltr'>ἀπώλειαν</span> <span class='ocrx_word' id='word_1_76' title='bbox 2970 603 3065 657; x_wconf 77' lang='grc' dir='ltr'>καὶ</span> <span class='ocrx_word' id='word_1_77' title='bbox 3094 603 3360 674; x_wconf 84' lang='grc' dir='ltr'>ἀναίρεσίν</span> <span class='ocrx_word' id='word_1_78' title='bbox 3392 620 3485 674; x_wconf 86' lang='grc' dir='ltr'><strong>μου</strong></span> <span class='ocrx_word' id='word_1_79' title='bbox 3521 612 3743 681; x_wconf 84' lang='grc' dir='ltr'>καταστρέ.</span> 
     </span>
    </p>
   </div>
   <div class='ocr_carea' id='block_1_15' title="bbox 2277 693 3744 766">
    <p class='ocr_par' dir='ltr' id='par_1_15' title="bbox 2277 693 3744 766">
     <span class='ocr_line' id='line_1_15' title="bbox 2277 693 3744 766; baseline -0.004 -17"><span class='ocrx_word' id='word_1_80' title='bbox 2277 695 2482 765; x_wconf 82' lang='grc' dir='ltr'>ψαντα,</span> <span class='ocrx_word' id='word_1_81' title='bbox 2534 694 2676 748; x_wconf 83' lang='grc' dir='ltr'>κατὰ</span> <span class='ocrx_word' id='word_1_82' title='bbox 2705 695 2796 748; x_wconf 89' lang='grc' dir='ltr'><strong>τὸν</strong></span> <span class='ocrx_word' id='word_1_83' title='bbox 2847 694 3155 766; x_wconf 76' lang='grc' dir='ltr'>πηξάμενον</span> <span class='ocrx_word' id='word_1_84' title='bbox 3190 694 3285 764; x_wconf 83' lang='grc' dir='ltr'><strong>μὲν</strong></span> <span class='ocrx_word' id='word_1_85' title='bbox 3324 693 3511 765; x_wconf 86' lang='grc' dir='ltr'>σκηνὴν</span> <span class='ocrx_word' id='word_1_86' title='bbox 3538 734 3552 760; x_wconf 94' lang='grc'><strong>,</strong></span> <span class='ocrx_word' id='word_1_87' title='bbox 3596 702 3744 753; x_wconf 62' lang='lat' dir='ltr'><strong>comi.</strong></span> 
     </span>
    </p>
   </div>
   <div class='ocr_carea' id='block_1_16' title="bbox 2280 783 3746 858">
    <p class='ocr_par' dir='ltr' id='par_1_16' title="bbox 2280 783 3746 858">
     <span class='ocr_line' id='line_1_16' title="bbox 2280 783 3746 858; baseline 0 -17"><span class='ocrx_word' id='word_1_88' title='bbox 2280 789 2446 843; x_wconf 86' lang='grc' dir='ltr'>λαντα</span> <span class='ocrx_word' id='word_1_89' title='bbox 2482 788 2539 841; x_wconf 88' lang='grc' dir='ltr'><strong>δέ</strong></span> <span class='ocrx_word' id='word_1_90' title='bbox 2572 788 2739 855; x_wconf 83' lang='grc' dir='ltr'>αὐτὴν</span> <span class='ocrx_word' id='word_1_91' title='bbox 2787 786 3028 857; x_wconf 69' lang='grc' dir='ltr'>ταχέωςο</span> <span class='ocrx_word' id='word_1_92' title='bbox 3063 785 3126 839; x_wconf 90' lang='grc' dir='ltr'><strong>τὸ</strong></span> <span class='ocrx_word' id='word_1_93' title='bbox 3172 784 3278 857; x_wconf 85' lang='grc' dir='ltr'><strong>γὰρ</strong></span> <span class='ocrx_word' id='word_1_94' title='bbox 3330 783 3538 848; x_wconf 80' lang='grc' dir='ltr'><strong>ζωτικὸν</strong></span> <span class='ocrx_word' id='word_1_95' title='bbox 3591 788 3746 858; x_wconf 80' lang='grc' dir='ltr'>πνεῦμα</span> 
     </span>
    </p>
   </div>
   <div class='ocr_carea' id='block_1_17' title="bbox 2276 873 3746 950">
    <p class='ocr_par' dir='ltr' id='par_1_17' title="bbox 2276 873 3746 950">
     <span class='ocr_line' id='line_1_17' title="bbox 2276 873 3746 950; baseline -0.002 -18"><span class='ocrx_word' id='word_1_96' title='bbox 2276 878 2448 942; x_wconf 77' lang='grc' dir='ltr'>οὕτως</span> <span class='ocrx_word' id='word_1_97' title='bbox 2502 878 2759 950; x_wconf 77' lang='grc' dir='ltr'><strong>ἀφῃρεῖτο</strong></span> <span class='ocrx_word' id='word_1_98' title='bbox 2803 875 2901 940; x_wconf 79' lang='grc' dir='ltr'>τὰς</span> <span class='ocrx_word' id='word_1_99' title='bbox 2929 875 3205 946; x_wconf 81' lang='grc' dir='ltr'>δυνάμεις,</span> <span class='ocrx_word' id='word_1_100' title='bbox 3257 873 3330 937; x_wconf 88' lang='grc' dir='ltr'>ὼς</span> <span class='ocrx_word' id='word_1_101' title='bbox 3383 873 3515 937; x_wconf 85' lang='grc' dir='ltr'>ἱστὸς</span> <span class='ocrx_word' id='word_1_102' title='bbox 3561 878 3746 943; x_wconf 77' lang='grc' dir='ltr'>γυναικὸς</span> 
     </span>
    </p>
   </div>
   <div class='ocr_carea' id='block_1_18' title="bbox 2278 966 3746 1041">
    <p class='ocr_par' dir='ltr' id='par_1_18' title="bbox 2278 966 3746 1041">
     <span class='ocr_line' id='line_1_18' title="bbox 2278 966 3746 1041; baseline -0.004 -16"><span class='ocrx_word' id='word_1_103' title='bbox 2278 968 2632 1041; x_wconf 80' lang='grc' dir='ltr'><strong>ἐκτέμνεσθαι</strong></span> <span class='ocrx_word' id='word_1_104' title='bbox 2685 967 2908 1039; x_wconf 81' lang='grc' dir='ltr'>μέλλων.</span> <span class='ocrx_word' id='word_1_105' title='bbox 2966 966 3123 1020; x_wconf 89' lang='grc' dir='ltr'>Ὅθεν</span> <span class='ocrx_word' id='word_1_106' title='bbox 3177 966 3235 1019; x_wconf 87' lang='grc' dir='ltr'><strong>ού</strong></span> <span class='ocrx_word' id='word_1_107' title='bbox 3288 966 3543 1037; x_wconf 81' lang='grc' dir='ltr'>παύσομαι</span> <span class='ocrx_word' id='word_1_108' title='bbox 3591 968 3637 1020; x_wconf 85' lang='grc' dir='ltr'><strong>ἐν</strong></span> <span class='ocrx_word' id='word_1_109' title='bbox 3670 972 3746 1033; x_wconf 81' lang='grc' dir='ltr'>τοῖς</span> 
     </span>
    </p>
   </div>
   <div class='ocr_carea' id='block_1_19' title="bbox 2280 1056 3745 1133">
    <p class='ocr_par' dir='ltr' id='par_1_19' title="bbox 2280 1056 3745 1133">
     <span class='ocr_line' id='line_1_19' title="bbox 2280 1056 3745 1133; baseline -0.003 -19"><span class='ocrx_word' id='word_1_110' title='bbox 2280 1061 2415 1133; x_wconf 89' lang='grc' dir='ltr'><strong>μετά</strong></span> <span class='ocrx_word' id='word_1_111' title='bbox 2470 1058 2639 1112; x_wconf 88' lang='grc' dir='ltr'>ταῦτα</span> <span class='ocrx_word' id='word_1_112' title='bbox 2682 1057 2857 1130; x_wconf 73' lang='grc' dir='ltr'>κῆρυξ</span> <span class='ocrx_word' id='word_1_113' title='bbox 2899 1058 2997 1128; x_wconf 84' lang='grc' dir='ltr'>τῆς</span> <span class='ocrx_word' id='word_1_114' title='bbox 3041 1057 3141 1128; x_wconf 83' lang='grc' dir='ltr'>σῆς</span> <span class='ocrx_word' id='word_1_115' title='bbox 3180 1056 3498 1127; x_wconf 87' lang='grc' dir='ltr'>ἀγαθότητος</span> <span class='ocrx_word' id='word_1_116' title='bbox 3533 1057 3745 1129; x_wconf 82' lang='grc' dir='ltr'>ἐσόμενος,</span> 
     </span>
    </p>
   </div>
   <div class='ocr_carea' id='block_1_20' title="bbox 2276 1146 3745 1222">
    <p class='ocr_par' dir='ltr' id='par_1_20' title="bbox 2276 1146 3745 1222">
     <span class='ocr_line' id='line_1_20' title="bbox 2276 1146 3745 1222; baseline -0.006 -13"><span class='ocrx_word' id='word_1_117' title='bbox 2276 1154 2418 1210; x_wconf 87' lang='grc' dir='ltr'>κατὰ</span> <span class='ocrx_word' id='word_1_118' title='bbox 2461 1153 2586 1216; x_wconf 83' lang='grc' dir='ltr'>τοὺς</span> <span class='ocrx_word' id='word_1_119' title='bbox 2606 1151 2826 1222; x_wconf 74' lang='grc' dir='ltr'>ὄρνιθας</span> <span class='ocrx_word' id='word_1_120' title='bbox 2850 1151 2949 1221; x_wconf 84' lang='grc' dir='ltr'>τήν</span> <span class='ocrx_word' id='word_1_121' title='bbox 2991 1166 3048 1202; x_wconf 87' lang='grc' dir='ltr'><strong>τε</strong></span> <span class='ocrx_word' id='word_1_122' title='bbox 3087 1146 3327 1218; x_wconf 76' lang='grc' dir='ltr'><strong>χελιδόνα</strong></span> <span class='ocrx_word' id='word_1_123' title='bbox 3358 1146 3445 1199; x_wconf 76' lang='grc' dir='ltr'>καὶ</span> <span class='ocrx_word' id='word_1_124' title='bbox 3481 1147 3745 1219; x_wconf 72' lang='grc' dir='ltr'>περιστερὰν,</span> 
     </span>
    </p>
   </div>
   <div class='ocr_carea' id='block_1_21' title="bbox 2278 1234 3746 1311">
    <p class='ocr_par' dir='ltr' id='par_1_21' title="bbox 2278 1234 3746 1311">
     <span class='ocr_line' id='line_1_21' title="bbox 2278 1234 3746 1311; baseline -0.004 -14"><span class='ocrx_word' id='word_1_125' title='bbox 2278 1242 2570 1305; x_wconf 77' lang='grc' dir='ltr'><strong>ἀπαύστως</strong></span> <span class='ocrx_word' id='word_1_126' title='bbox 2600 1240 2670 1294; x_wconf 85' lang='grc' dir='ltr'>τὰ</span> <span class='ocrx_word' id='word_1_127' title='bbox 2692 1239 2759 1294; x_wconf 86' lang='grc' dir='ltr'><strong>σά</strong></span> <span class='ocrx_word' id='word_1_128' title='bbox 2775 1238 3036 1311; x_wconf 85' lang='grc' dir='ltr'>μεγαλεῖα</span> <span class='ocrx_word' id='word_1_129' title='bbox 3062 1236 3417 1308; x_wconf 84' lang='grc' dir='ltr'>ἐξηγούμενος</span> <span class='ocrx_word' id='word_1_130' title='bbox 3434 1251 3447 1265; x_wconf 87' lang='grc'>⁶</span> <span class='ocrx_word' id='word_1_131' title='bbox 3473 1237 3529 1289; x_wconf 76' lang='grc' dir='ltr'><strong>σὺ</strong></span> <span class='ocrx_word' id='word_1_132' title='bbox 3557 1236 3641 1309; x_wconf 81' lang='grc' dir='ltr'>γὰρ</span> <span class='ocrx_word' id='word_1_133' title='bbox 3662 1234 3701 1290; x_wconf 73' lang='grc' dir='ltr'><strong>εί</strong></span> <span class='ocrx_word' id='word_1_134' title='bbox 3727 1242 3746 1291; x_wconf 83' lang='grc' dir='ltr'><strong>ὀ</strong></span> 
     </span>
    </p>
   </div>
   <div class='ocr_carea' id='block_1_22' title="bbox 613 1329 3747 1429">
    <p class='ocr_par' dir='ltr' id='par_1_22' title="bbox 613 1329 3747 1429">
     <span class='ocr_line' id='line_1_22' title="bbox 613 1329 3747 1429; baseline -0.01 -16"><span class='ocrx_word' id='word_1_135' title='bbox 613 1360 708 1413; x_wconf 75' lang='grc' dir='ltr'><strong>καὶ</strong></span> <span class='ocrx_word' id='word_1_136' title='bbox 731 1358 807 1429; x_wconf 83' lang='grc' dir='ltr'>τῷ</span> <span class='ocrx_word' id='word_1_137' title='bbox 841 1329 1049 1429; x_wconf 76' lang='grc' dir='ltr'>σώματι</span> <span class='ocrx_word' id='word_1_138' title='bbox 1074 1356 1171 1419; x_wconf 72' lang='grc' dir='ltr'>τὰς</span> <span class='ocrx_word' id='word_1_139' title='bbox 1198 1353 1385 1416; x_wconf 78' lang='grc' dir='ltr'>ὀδύνας</span> <span class='ocrx_word' id='word_1_140' title='bbox 1410 1352 1611 1407; x_wconf 84' lang='grc' dir='ltr'>παῦσαι</span> <span class='ocrx_word' id='word_1_141' title='bbox 1641 1350 1891 1421; x_wconf 81' lang='grc' dir='ltr'>ποιήσας,</span> <span class='ocrx_word' id='word_1_142' title='bbox 1916 1345 2009 1400; x_wconf 54' lang='grc' dir='ltr'><strong>καί⁸</strong></span> <span class='ocrx_word' id='word_1_143' title='bbox 2039 1346 2104 1415; x_wconf 79' lang='grc' dir='ltr'>τῇ</span> <span class='ocrx_word' id='word_1_144' title='bbox 2131 1343 2274 1412; x_wconf 63' lang='grc' dir='ltr'>ψυχῇ</span> <span class='ocrx_word' id='word_1_145' title='bbox 2313 1340 2454 1392; x_wconf 81' lang='grc' dir='ltr'>ίασιν</span> <span class='ocrx_word' id='word_1_146' title='bbox 2481 1337 2865 1409; x_wconf 83' lang='grc' dir='ltr'>χαρισάμενος,</span> <span class='ocrx_word' id='word_1_147' title='bbox 2891 1330 3276 1405; x_wconf 77' lang='grc' dir='ltr'>ὑπερϐεϐηκὼς</span> <span class='ocrx_word' id='word_1_148' title='bbox 3310 1332 3379 1385; x_wconf 82' lang='grc' dir='ltr'>τὰ</span> <span class='ocrx_word' id='word_1_149' title='bbox 3402 1329 3747 1403; x_wconf 70' lang='grc' dir='ltr'>πλημμελήματά</span> 
     </span>
    </p>
   </div>
   <div class='ocr_carea' id='block_1_23' title="bbox 659 1476 736 1510">
    <p class='ocr_par' dir='ltr' id='par_1_23' title="bbox 659 1476 736 1510">
     <span class='ocr_line' id='line_1_23' title="bbox 659 1476 736 1510; baseline -0.013 0"><span class='ocrx_word' id='word_1_150' title='bbox 659 1476 736 1510; x_wconf 80' lang='grc' dir='ltr'><strong>Ου.</strong></span> 
     </span>
    </p>
   </div>
   <div class='ocr_carea' id='block_1_24' title="bbox 617 1477 2212 1614">
    <p class='ocr_par' dir='ltr' id='par_1_24' title="bbox 617 1477 2177 1614">
     <span class='ocr_line' id='line_1_24' title="bbox 659 1477 1417 1510; baseline -0.029 1"><span class='ocrx_word' id='word_1_151' title='bbox 659 1477 736 1510; x_wconf 79' lang='grc' dir='ltr'><strong>Ου.</strong></span> <span class='ocrx_word' id='word_1_152' title='bbox 1412 1486 1417 1489; x_wconf 72' lang='grc'><strong>,</strong></span> 
     </span>
     <span class='ocr_line' id='line_1_25' title="bbox 617 1477 2177 1614; baseline -0.013 -10"><span class='ocrx_word' id='word_1_153' title='bbox 617 1477 656 1529; x_wconf 73' lang='grc' dir='ltr'><strong>μ</strong></span> <span class='ocrx_word' id='word_1_154' title='bbox 688 1548 852 1605; x_wconf 72' lang='lat' dir='ltr'><strong>Vens.</strong></span> <span class='ocrx_word' id='word_1_155' title='bbox 889 1548 978 1603; x_wconf 84' lang='grc'><strong>18.</strong></span> <span class='ocrx_word' id='word_1_156' title='bbox 1009 1546 1219 1614; x_wconf 83' lang='lat' dir='ltr'><strong>Quibus</strong></span> <span class='ocrx_word' id='word_1_157' title='bbox 1248 1545 1413 1601; x_wconf 90' lang='lat' dir='ltr'><strong>dictis</strong></span> <span class='ocrx_word' id='word_1_158' title='bbox 1434 1555 1586 1612; x_wconf 85' lang='lat' dir='ltr'><strong>spem</strong></span> <span class='ocrx_word' id='word_1_159' title='bbox 1615 1533 2039 1595; x_wconf 85' lang='lat' dir='ltr'><strong>resurrectionis</strong></span> <span class='ocrx_word' id='word_1_160' title='bbox 2080 1545 2177 1585; x_wconf 88' lang='lat' dir='ltr'><strong>ne-</strong></span> 
     </span>
    </p>
   </div>
   <div class='ocr_carea' id='block_1_25' title="bbox 2148 1477 3743 1614">
    <p class='ocr_par' dir='ltr' id='par_1_25' title="bbox 2154 1516 3743 1589">
     <span class='ocr_line' id='line_1_26' title="bbox 2154 1516 3743 1589; baseline 0.001 -20"><span class='ocrx_word' id='word_1_161' title='bbox 2154 1557 2177 1569; x_wconf 88' lang='lat'><strong>-</strong></span> <span class='ocrx_word' id='word_1_162' title='bbox 2349 1518 2519 1574; x_wconf 86' lang='grc' dir='ltr'>Τοῦτο</span> <span class='ocrx_word' id='word_1_163' title='bbox 2566 1519 2752 1589; x_wconf 74' lang='grc' dir='ltr'>ἔλεγεν</span> <span class='ocrx_word' id='word_1_164' title='bbox 2794 1519 2894 1573; x_wconf 80' lang='grc' dir='ltr'><strong>οὐκ</strong></span> <span class='ocrx_word' id='word_1_165' title='bbox 2926 1518 3205 1571; x_wconf 76' lang='grc' dir='ltr'><strong>ἐκκόπτων</strong></span> <span class='ocrx_word' id='word_1_166' title='bbox 3248 1517 3345 1587; x_wconf 82' lang='grc' dir='ltr'><strong>τῆς</strong></span> <span class='ocrx_word' id='word_1_167' title='bbox 3366 1516 3660 1580; x_wconf 79' lang='grc' dir='ltr'>ἀναστάσεως</span> <span class='ocrx_word' id='word_1_168' title='bbox 3681 1519 3743 1582; x_wconf 71' lang='grc' dir='ltr'>τὰς</span> 
     </span>
    </p>
   </div>
   <div class='ocr_carea' id='block_1_26' title="bbox 614 1608 2209 1711">
    <p class='ocr_par' dir='ltr' id='par_1_26' title="bbox 614 1626 2178 1711">
     <span class='ocr_line' id='line_1_27' title="bbox 614 1626 2178 1711; baseline -0.013 -17"><span class='ocrx_word' id='word_1_169' title='bbox 614 1655 889 1711; x_wconf 83' lang='lat' dir='ltr'><strong>quaquam</strong></span> <span class='ocrx_word' id='word_1_170' title='bbox 915 1638 1113 1705; x_wconf 78' lang='lat' dir='ltr'><strong>aufert,</strong></span> <span class='ocrx_word' id='word_1_171' title='bbox 1140 1636 1382 1692; x_wconf 89' lang='lat' dir='ltr'><strong>declarat</strong></span> <span class='ocrx_word' id='word_1_172' title='bbox 1411 1648 1538 1689; x_wconf 91' lang='lat' dir='ltr'><strong>vero</strong></span> <span class='ocrx_word' id='word_1_173' title='bbox 1561 1632 1617 1687; x_wconf 92' lang='lat' dir='ltr'><strong>in</strong></span> <span class='ocrx_word' id='word_1_174' title='bbox 1639 1626 1837 1684; x_wconf 91' lang='lat' dir='ltr'><strong>inferni</strong></span> <span class='ocrx_word' id='word_1_175' title='bbox 1854 1631 2027 1679; x_wconf 91' lang='lat' dir='ltr'><strong>morte</strong></span> <span class='ocrx_word' id='word_1_176' title='bbox 2054 1637 2178 1692; x_wconf 86' lang='lat' dir='ltr'><strong>per-</strong></span> 
     </span>
    </p>
   </div>
   <div class='ocr_carea' id='block_1_27' title="bbox 2149 1608 3744 1711">
    <p class='ocr_par' dir='ltr' id='par_1_27' title="bbox 2149 1608 3744 1683">
     <span class='ocr_line' id='line_1_28' title="bbox 2149 1608 3744 1683; baseline -0.003 -18"><span class='ocrx_word' id='word_1_177' title='bbox 2149 1648 2178 1660; x_wconf 85' lang='lat'><strong><em>-</em></strong></span> <span class='ocrx_word' id='word_1_178' title='bbox 2276 1613 2516 1680; x_wconf 75' lang='grc' dir='ltr'><strong>ἐλπίδας,</strong></span> <span class='ocrx_word' id='word_1_179' title='bbox 2550 1613 2686 1667; x_wconf 86' lang='grc' dir='ltr'>ἀλλὰ</span> <span class='ocrx_word' id='word_1_180' title='bbox 2746 1611 2921 1683; x_wconf 84' lang='grc' dir='ltr'>δηλῶν</span> <span class='ocrx_word' id='word_1_181' title='bbox 2947 1650 2963 1676; x_wconf 94' lang='grc'><strong>,</strong></span> <span class='ocrx_word' id='word_1_182' title='bbox 3006 1609 3082 1674; x_wconf 84' lang='grc' dir='ltr'>ὡς</span> <span class='ocrx_word' id='word_1_183' title='bbox 3127 1611 3207 1672; x_wconf 89' lang='grc' dir='ltr'><strong>είς</strong></span> <span class='ocrx_word' id='word_1_184' title='bbox 3249 1608 3376 1680; x_wconf 74' lang='grc' dir='ltr'>ᾅδην</span> <span class='ocrx_word' id='word_1_185' title='bbox 3410 1608 3639 1672; x_wconf 78' lang='grc' dir='ltr'>ἀπωλείας</span> <span class='ocrx_word' id='word_1_186' title='bbox 3675 1611 3744 1662; x_wconf 81' lang='grc' dir='ltr'>ἁπ-</span> 
     </span>
    </p>
   </div>
   <div class='ocr_carea' id='block_1_28' title="bbox 615 1698 2210 1798">
    <p class='ocr_par' dir='ltr' id='par_1_28' title="bbox 615 1714 2174 1798">
     <span class='ocr_line' id='line_1_29' title="bbox 615 1714 2174 1798; baseline -0.014 -12"><span class='ocrx_word' id='word_1_187' title='bbox 615 1730 851 1786; x_wconf 91' lang='lat' dir='ltr'><strong>dendum</strong></span> <span class='ocrx_word' id='word_1_188' title='bbox 888 1743 1033 1794; x_wconf 92' lang='lat' dir='ltr'><strong>esse,</strong></span> <span class='ocrx_word' id='word_1_189' title='bbox 1078 1742 1236 1798; x_wconf 90' lang='lat' dir='ltr'><strong>quem</strong></span> <span class='ocrx_word' id='word_1_190' title='bbox 1288 1736 1349 1781; x_wconf 92' lang='lat' dir='ltr'><strong>tu</strong></span> <span class='ocrx_word' id='word_1_191' title='bbox 1382 1739 1493 1779; x_wconf 90' lang='lat' dir='ltr'><strong>non</strong></span> <span class='ocrx_word' id='word_1_192' title='bbox 1544 1717 1889 1781; x_wconf 82' lang='lat' dir='ltr'><strong>excitaveris,</strong></span> <span class='ocrx_word' id='word_1_193' title='bbox 1937 1714 2029 1769; x_wconf 89' lang='lat' dir='ltr'><strong>cui</strong></span> <span class='ocrx_word' id='word_1_194' title='bbox 2065 1727 2174 1766; x_wconf 89' lang='lat' dir='ltr'><strong>non</strong></span> 
     </span>
    </p>
   </div>
   <div class='ocr_carea' id='block_1_29' title="bbox 2148 1698 3743 1798">
    <p class='ocr_par' dir='ltr' id='par_1_29' title="bbox 2148 1698 3743 1776">
     <span class='ocr_line' id='line_1_30' title="bbox 2148 1698 3743 1776; baseline -0.003 -18"><span class='ocrx_word' id='word_1_195' title='bbox 2148 1728 2174 1765; x_wconf 76' lang='grc' dir='ltr'>[ι</span> <span class='ocrx_word' id='word_1_196' title='bbox 2274 1705 2528 1775; x_wconf 81' lang='grc' dir='ltr'>ελήλυθε,</span> <span class='ocrx_word' id='word_1_197' title='bbox 2573 1704 2648 1776; x_wconf 86' lang='grc' dir='ltr'>μὴ</span> <span class='ocrx_word' id='word_1_198' title='bbox 2677 1702 2827 1774; x_wconf 83' lang='grc' dir='ltr'>παρὰ</span> <span class='ocrx_word' id='word_1_199' title='bbox 2861 1702 2953 1756; x_wconf 92' lang='grc' dir='ltr'><strong>σοῦ</strong></span> <span class='ocrx_word' id='word_1_200' title='bbox 2978 1698 3320 1773; x_wconf 66' lang='grc' dir='ltr'>’ἀνακληθεὶς</span> <span class='ocrx_word' id='word_1_201' title='bbox 3374 1700 3462 1753; x_wconf 74' lang='grc' dir='ltr'>καὶ</span> <span class='ocrx_word' id='word_1_202' title='bbox 3488 1701 3743 1771; x_wconf 72' lang='grc' dir='ltr'>συγχώρησιν</span> 
     </span>
    </p>
   </div>
   <div class='ocr_carea' id='block_1_30' title="bbox 616 1819 1497 1887">
    <p class='ocr_par' dir='ltr' id='par_1_30' title="bbox 616 1819 1497 1887">
     <span class='ocr_line' id='line_1_31' title="bbox 616 1819 1497 1887; baseline -0.014 -8"><span class='ocrx_word' id='word_1_203' title='bbox 616 1823 798 1879; x_wconf 86' lang='lat' dir='ltr'><strong>omnia</strong></span> <span class='ocrx_word' id='word_1_204' title='bbox 829 1819 1226 1875; x_wconf 87' lang='lat' dir='ltr'><strong>condonaveris</strong></span> <span class='ocrx_word' id='word_1_205' title='bbox 1253 1823 1497 1887; x_wconf 90' lang='lat' dir='ltr'><strong>peccata.</strong></span> 
     </span>
    </p>
   </div>
   <div class='ocr_carea' id='block_1_31' title="bbox 686 1893 2175 1979">
    <p class='ocr_par' dir='ltr' id='par_1_31' title="bbox 686 1893 2175 1979">
     <span class='ocr_line' id='line_1_32' title="bbox 686 1893 2175 1979; baseline -0.017 -11"><span class='ocrx_word' id='word_1_206' title='bbox 686 1912 856 1968; x_wconf 71' lang='lat' dir='ltr'><strong>Vens.</strong></span> <span class='ocrx_word' id='word_1_207' title='bbox 889 1910 975 1965; x_wconf 77' lang='lat' dir='ltr'><strong>l9.</strong></span> <span class='ocrx_word' id='word_1_208' title='bbox 1010 1909 1350 1979; x_wconf 78' lang='lat' dir='ltr'><strong>Quapropter</strong></span> <span class='ocrx_word' id='word_1_209' title='bbox 1394 1905 1513 1976; x_wconf 90' lang='lat' dir='ltr'><strong>ipse</strong></span> <span class='ocrx_word' id='word_1_210' title='bbox 1551 1915 1674 1972; x_wconf 81' lang='lat' dir='ltr'><strong>ego,</strong></span> <span class='ocrx_word' id='word_1_211' title='bbox 1731 1896 2017 1968; x_wconf 85' lang='lat' dir='ltr'><strong>repudiata</strong></span> <span class='ocrx_word' id='word_1_212' title='bbox 2061 1893 2175 1962; x_wconf 83' lang='lat' dir='ltr'><strong>jam</strong></span> 
     </span>
    </p>
   </div>
   <div class='ocr_carea' id='block_1_32' title="bbox 617 1987 2172 2078">
    <p class='ocr_par' dir='ltr' id='par_1_32' title="bbox 617 1987 2172 2078">
     <span class='ocr_line' id='line_1_33' title="bbox 617 1987 2172 2078; baseline -0.015 -16"><span class='ocrx_word' id='word_1_213' title='bbox 617 2007 781 2078; x_wconf 88' lang='lat' dir='ltr'><strong>impia</strong></span> <span class='ocrx_word' id='word_1_214' title='bbox 816 2006 908 2059; x_wconf 91' lang='lat' dir='ltr'><strong>illa</strong></span> <span class='ocrx_word' id='word_1_215' title='bbox 933 2010 1112 2059; x_wconf 85' lang='lat' dir='ltr'><strong>mente</strong></span> <span class='ocrx_word' id='word_1_216' title='bbox 1134 2003 1188 2055; x_wconf 90' lang='lat' dir='ltr'><strong>in</strong></span> <span class='ocrx_word' id='word_1_217' title='bbox 1208 1999 1426 2070; x_wconf 89' lang='lat' dir='ltr'><strong>nuptias</strong></span> <span class='ocrx_word' id='word_1_218' title='bbox 1450 1996 1695 2057; x_wconf 89' lang='lat' dir='ltr'><strong>ardesco,</strong></span> <span class='ocrx_word' id='word_1_219' title='bbox 1712 2003 1766 2047; x_wconf 92' lang='lat' dir='ltr'><strong>et</strong></span> <span class='ocrx_word' id='word_1_220' title='bbox 1792 1990 1932 2045; x_wconf 89' lang='lat' dir='ltr'><strong>filios</strong></span> <span class='ocrx_word' id='word_1_221' title='bbox 1957 1987 2172 2050; x_wconf 84' lang='lat' dir='ltr'><strong>faciam,</strong></span> 
     </span>
    </p>
   </div>
   <div class='ocr_carea' id='block_1_33' title="bbox 617 2078 2176 2169">
    <p class='ocr_par' dir='ltr' id='par_1_33' title="bbox 617 2078 2176 2169">
     <span class='ocr_line' id='line_1_34' title="bbox 617 2078 2176 2169; baseline -0.015 -15"><span class='ocrx_word' id='word_1_222' title='bbox 617 2110 676 2154; x_wconf 90' lang='lat' dir='ltr'><strong>ut</strong></span> <span class='ocrx_word' id='word_1_223' title='bbox 699 2097 964 2169; x_wconf 78' lang='lat' dir='ltr'><strong>sanguine</strong></span> <span class='ocrx_word' id='word_1_224' title='bbox 1002 2109 1122 2149; x_wconf 91' lang='lat' dir='ltr'><strong>meo</strong></span> <span class='ocrx_word' id='word_1_225' title='bbox 1154 2100 1426 2156; x_wconf 87' lang='lat' dir='ltr'><strong>crescant,</strong></span> <span class='ocrx_word' id='word_1_226' title='bbox 1451 2087 1544 2160; x_wconf 90' lang='lat' dir='ltr'><strong>qui</strong></span> <span class='ocrx_word' id='word_1_227' title='bbox 1568 2078 2176 2151; x_wconf 86' lang='lat' dir='ltr'><strong>annuntientjustitiam</strong></span> 
     </span>
    </p>
   </div>
   <div class='ocr_carea' id='block_1_34' title="bbox 616 2200 784 2245">
    <p class='ocr_par' dir='ltr' id='par_1_34' title="bbox 616 2200 784 2245">
     <span class='ocr_line' id='line_1_35' title="bbox 616 2200 784 2245; baseline -0.006 -2"><span class='ocrx_word' id='word_1_228' title='bbox 616 2200 784 2245; x_wconf 90' lang='lat' dir='ltr'><strong>tuam.</strong></span> 
     </span>
    </p>
   </div>
   <div class='ocr_carea' id='block_1_35' title="bbox 681 2258 2175 2345">
    <p class='ocr_par' dir='ltr' id='par_1_35' title="bbox 681 2258 2175 2345">
     <span class='ocr_line' id='line_1_36' title="bbox 681 2258 2175 2345; baseline -0.017 -7"><span class='ocrx_word' id='word_1_229' title='bbox 681 2282 811 2338; x_wconf 76' lang='lat' dir='ltr'><strong>CAP.</strong></span> <span class='ocrx_word' id='word_1_230' title='bbox 843 2280 954 2345; x_wconf 84' lang='lat' dir='ltr'><strong>XL,</strong></span> <span class='ocrx_word' id='word_1_231' title='bbox 987 2277 1150 2333; x_wconf 73' lang='lat' dir='ltr'><strong>Vens.</strong></span> <span class='ocrx_word' id='word_1_232' title='bbox 1174 2277 1228 2332; x_wconf 69' lang='grc'><strong>4.</strong></span> <span class='ocrx_word' id='word_1_233' title='bbox 1258 2274 1332 2331; x_wconf 94' lang='lat' dir='ltr'><strong>De</strong></span> <span class='ocrx_word' id='word_1_234' title='bbox 1358 2273 1591 2330; x_wconf 86' lang='lat' dir='ltr'><strong>vallibus</strong></span> <span class='ocrx_word' id='word_1_235' title='bbox 1624 2269 1861 2340; x_wconf 90' lang='lat' dir='ltr'><strong>loquitur</strong></span> <span class='ocrx_word' id='word_1_236' title='bbox 1883 2279 1993 2319; x_wconf 89' lang='lat' dir='ltr'><strong>non</strong></span> <span class='ocrx_word' id='word_1_237' title='bbox 2021 2258 2175 2331; x_wconf 91' lang='lat' dir='ltr'><strong>quasi</strong></span> 
     </span>
    </p>
   </div>
   <div class='ocr_carea' id='block_1_36' title="bbox 616 2353 2175 2436">
    <p class='ocr_par' dir='ltr' id='par_1_36' title="bbox 616 2353 2175 2436">
     <span class='ocr_line' id='line_1_37' title="bbox 616 2353 2175 2436; baseline -0.015 -7"><span class='ocrx_word' id='word_1_238' title='bbox 616 2373 821 2429; x_wconf 83' lang='lat' dir='ltr'><strong>fuerint</strong></span> <span class='ocrx_word' id='word_1_239' title='bbox 866 2386 899 2425; x_wconf 90' lang='lat' dir='ltr'><strong>a</strong></span> <span class='ocrx_word' id='word_1_240' title='bbox 948 2369 1176 2424; x_wconf 84' lang='lat' dir='ltr'><strong>Domino</strong></span> <span class='ocrx_word' id='word_1_241' title='bbox 1220 2363 1570 2436; x_wconf 72' lang='lat' dir='ltr'><strong>occupandae,</strong></span> <span class='ocrx_word' id='word_1_242' title='bbox 1608 2360 1704 2418; x_wconf 91' lang='lat' dir='ltr'><strong>sed</strong></span> <span class='ocrx_word' id='word_1_243' title='bbox 1742 2359 1951 2412; x_wconf 88' lang='lat' dir='ltr'><strong>animas</strong></span> <span class='ocrx_word' id='word_1_244' title='bbox 1983 2353 2175 2408; x_wconf 79' lang='lat' dir='ltr'><strong>affatur</strong></span> 
     </span>
    </p>
   </div>
   <div class='ocr_carea' id='block_1_37' title="bbox 617 2448 2177 2523">
    <p class='ocr_par' dir='ltr' id='par_1_37' title="bbox 617 2448 2177 2523">
     <span class='ocr_line' id='line_1_38' title="bbox 617 2448 2177 2523; baseline -0.012 -8"><span class='ocrx_word' id='word_1_245' title='bbox 617 2463 782 2517; x_wconf 86' lang='lat' dir='ltr'><strong>altius</strong></span> <span class='ocrx_word' id='word_1_246' title='bbox 809 2459 1069 2523; x_wconf 86' lang='lat' dir='ltr'><strong>effossas,</strong></span> <span class='ocrx_word' id='word_1_247' title='bbox 1104 2466 1159 2513; x_wconf 90' lang='lat' dir='ltr'><strong>et</strong></span> <span class='ocrx_word' id='word_1_248' title='bbox 1191 2455 1445 2511; x_wconf 87' lang='lat' dir='ltr'><strong>deorsum</strong></span> <span class='ocrx_word' id='word_1_249' title='bbox 1487 2454 1544 2507; x_wconf 89' lang='lat' dir='ltr'><strong>in</strong></span> <span class='ocrx_word' id='word_1_250' title='bbox 1577 2449 1792 2506; x_wconf 87' lang='lat' dir='ltr'><strong>inferno</strong></span> <span class='ocrx_word' id='word_1_251' title='bbox 1833 2448 2100 2519; x_wconf 88' lang='lat' dir='ltr'><strong>jacentes,</strong></span> <span class='ocrx_word' id='word_1_252' title='bbox 2122 2449 2177 2498; x_wconf 92' lang='lat' dir='ltr'><strong>et</strong></span> 
     </span>
    </p>
   </div>
   <div class='ocr_carea' id='block_1_38' title="bbox 616 2536 2173 2625">
    <p class='ocr_par' dir='ltr' id='par_1_38' title="bbox 616 2536 2173 2625">
     <span class='ocr_line' id='line_1_39' title="bbox 616 2536 2173 2625; baseline -0.015 -15"><span class='ocrx_word' id='word_1_253' title='bbox 616 2554 857 2625; x_wconf 84' lang='lat' dir='ltr'><strong>peccatis</strong></span> <span class='ocrx_word' id='word_1_254' title='bbox 882 2551 1230 2613; x_wconf 83' lang='lat' dir='ltr'><strong>humiliatas;</strong></span> <span class='ocrx_word' id='word_1_255' title='bbox 1248 2548 1445 2618; x_wconf 84' lang='lat' dir='ltr'><strong>quippe</strong></span> <span class='ocrx_word' id='word_1_256' title='bbox 1472 2559 1592 2616; x_wconf 67' lang='lat' dir='ltr'><strong>qua:</strong></span> <span class='ocrx_word' id='word_1_257' title='bbox 1614 2543 1844 2597; x_wconf 85' lang='lat' dir='ltr'><strong>funestis</strong></span> <span class='ocrx_word' id='word_1_258' title='bbox 1859 2549 1913 2596; x_wconf 87' lang='lat' dir='ltr'><strong>et</strong></span> <span class='ocrx_word' id='word_1_259' title='bbox 1939 2536 2173 2622; x_wconf 71' lang='lat' dir='ltr'><strong>exitiali-</strong></span> 
     </span>
    </p>
   </div>
   <div class='ocr_carea' id='block_1_39' title="bbox 617 2627 2176 2715">
    <p class='ocr_par' dir='ltr' id='par_1_39' title="bbox 617 2627 2176 2715">
     <span class='ocr_line' id='line_1_40' title="bbox 617 2627 2176 2715; baseline -0.013 -16"><span class='ocrx_word' id='word_1_260' title='bbox 617 2647 723 2700; x_wconf 90' lang='lat' dir='ltr'><strong>bus</strong></span> <span class='ocrx_word' id='word_1_261' title='bbox 747 2641 1169 2715; x_wconf 79' lang='lat' dir='ltr'><strong>cogitationibus</strong></span> <span class='ocrx_word' id='word_1_262' title='bbox 1185 2638 1444 2703; x_wconf 73' lang='lat' dir='ltr'><strong>liberatae,</strong></span> <span class='ocrx_word' id='word_1_263' title='bbox 1463 2649 1628 2706; x_wconf 90' lang='lat' dir='ltr'><strong>super</strong></span> <span class='ocrx_word' id='word_1_264' title='bbox 1644 2642 1856 2688; x_wconf 85' lang='lat' dir='ltr'><strong>montes</strong></span> <span class='ocrx_word' id='word_1_265' title='bbox 1877 2627 2176 2685; x_wconf 65' lang='lat' dir='ltr'><strong>exaltanda:</strong></span> 
     </span>
    </p>
   </div>
   <div class='ocr_carea' id='block_1_40' title="bbox 618 2747 765 2793">
    <p class='ocr_par' dir='ltr' id='par_1_40' title="bbox 618 2747 765 2793">
     <span class='ocr_line' id='line_1_41' title="bbox 618 2747 765 2793; baseline -0.02 0"><span class='ocrx_word' id='word_1_266' title='bbox 618 2747 765 2793; x_wconf 86' lang='lat' dir='ltr'><strong>sunt.</strong></span> 
     </span>
    </p>
   </div>
   <div class='ocr_carea' id='block_1_41' title="bbox 689 2808 2181 2892">
    <p class='ocr_par' dir='ltr' id='par_1_41' title="bbox 689 2808 2181 2892">
     <span class='ocr_line' id='line_1_42' title="bbox 689 2808 2181 2892; baseline -0.011 -13"><span class='ocrx_word' id='word_1_267' title='bbox 689 2826 836 2882; x_wconf 74' lang='lat' dir='ltr'><strong>Vens</strong></span> <span class='ocrx_word' id='word_1_268' title='bbox 864 2826 917 2880; x_wconf 90' lang='lat'><strong>8.</strong></span> <span class='ocrx_word' id='word_1_269' title='bbox 954 2823 1260 2880; x_wconf 85' lang='lat' dir='ltr'><strong>Confitetur</strong></span> <span class='ocrx_word' id='word_1_270' title='bbox 1294 2823 1383 2877; x_wconf 89' lang='lat' dir='ltr'><strong>hic</strong></span> <span class='ocrx_word' id='word_1_271' title='bbox 1436 2834 1554 2892; x_wconf 80' lang='lat' dir='ltr'><strong>ipse</strong></span> <span class='ocrx_word' id='word_1_272' title='bbox 1590 2815 1875 2888; x_wconf 88' lang='lat' dir='ltr'><strong>propheta,</strong></span> <span class='ocrx_word' id='word_1_273' title='bbox 1902 2811 1988 2868; x_wconf 88' lang='lat' dir='ltr'><strong>vel</strong></span> <span class='ocrx_word' id='word_1_274' title='bbox 2026 2808 2181 2864; x_wconf 78' lang='lat' dir='ltr'><strong>verbi</strong></span> 
     </span>
    </p>
   </div>
   <div class='ocr_carea' id='block_1_42' title="bbox 618 2902 2178 2984">
    <p class='ocr_par' dir='ltr' id='par_1_42' title="bbox 618 2902 2178 2984">
     <span class='ocr_line' id='line_1_43' title="bbox 618 2902 2178 2984; baseline -0.012 -10"><span class='ocrx_word' id='word_1_275' title='bbox 618 2920 887 2984; x_wconf 89' lang='lat' dir='ltr'><strong>minister,</strong></span> <span class='ocrx_word' id='word_1_276' title='bbox 943 2932 1108 2972; x_wconf 90' lang='lat' dir='ltr'><strong>carne</strong></span> <span class='ocrx_word' id='word_1_277' title='bbox 1152 2932 1212 2972; x_wconf 86' lang='lat' dir='ltr'><strong>se</strong></span> <span class='ocrx_word' id='word_1_278' title='bbox 1241 2915 1572 2970; x_wconf 62' lang='lat' dir='ltr'><strong>obcaecatum</strong></span> <span class='ocrx_word' id='word_1_279' title='bbox 1625 2909 1889 2963; x_wconf 89' lang='lat' dir='ltr'><strong>rationem</strong></span> <span class='ocrx_word' id='word_1_280' title='bbox 1920 2902 2178 2959; x_wconf 76' lang='lat' dir='ltr'><strong>accedere</strong></span> 
     </span>
    </p>
   </div>
   <div class='ocr_carea' id='block_1_43' title="bbox 618 2990 2177 3080">
    <p class='ocr_par' dir='ltr' id='par_1_43' title="bbox 618 2990 2177 3080">
     <span class='ocr_line' id='line_1_44' title="bbox 618 2990 2177 3080; baseline -0.012 -15"><span class='ocrx_word' id='word_1_281' title='bbox 618 3027 730 3065; x_wconf 87' lang='lat' dir='ltr'><strong>non</strong></span> <span class='ocrx_word' id='word_1_282' title='bbox 749 3010 1015 3080; x_wconf 86' lang='lat' dir='ltr'><strong>potuisse.</strong></span> <span class='ocrx_word' id='word_1_283' title='bbox 1040 3005 1164 3063; x_wconf 73' lang='lat' dir='ltr'><strong>Mox</strong></span> <span class='ocrx_word' id='word_1_284' title='bbox 1181 3009 1490 3068; x_wconf 80' lang='lat' dir='ltr'><strong>evanescet,</strong></span> <span class='ocrx_word' id='word_1_285' title='bbox 1505 3001 1721 3071; x_wconf 84' lang='lat' dir='ltr'><strong>adjecit,</strong></span> <span class='ocrx_word' id='word_1_286' title='bbox 1745 2990 1923 3051; x_wconf 87' lang='lat' dir='ltr'><strong>omnis</strong></span> <span class='ocrx_word' id='word_1_287' title='bbox 1940 2997 2177 3049; x_wconf 86' lang='lat' dir='ltr'><strong>humana</strong></span> 
     </span>
    </p>
   </div>
   <div class='ocr_carea' id='block_1_44' title="bbox 618 3084 2193 3172">
    <p class='ocr_par' dir='ltr' id='par_1_44' title="bbox 618 3084 2193 3172">
     <span class='ocr_line' id='line_1_45' title="bbox 618 3084 2193 3172; baseline -0.011 -17"><span class='ocrx_word' id='word_1_288' title='bbox 618 3102 845 3172; x_wconf 90' lang='lat' dir='ltr'><strong>opinio;</strong></span> <span class='ocrx_word' id='word_1_289' title='bbox 876 3099 1103 3153; x_wconf 79' lang='lat' dir='ltr'><strong>verbum</strong></span> <span class='ocrx_word' id='word_1_290' title='bbox 1152 3103 1333 3151; x_wconf 89' lang='lat' dir='ltr'><strong>autem</strong></span> <span class='ocrx_word' id='word_1_291' title='bbox 1372 3094 1470 3149; x_wconf 87' lang='lat' dir='ltr'><strong>Dei</strong></span> <span class='ocrx_word' id='word_1_292' title='bbox 1513 3093 1674 3148; x_wconf 87' lang='lat' dir='ltr'><strong>ﬁnem</strong></span> <span class='ocrx_word' id='word_1_293' title='bbox 1712 3102 1989 3159; x_wconf 88' lang='lat' dir='ltr'><strong>nunquam</strong></span> <span class='ocrx_word' id='word_1_294' title='bbox 2035 3084 2193 3139; x_wconf 67' lang='lat' dir='ltr'><strong>acci—</strong></span> 
     </span>
    </p>
   </div>
   <div class='ocr_carea' id='block_1_45' title="bbox 2207 1801 2900 1892">
    <p class='ocr_par' dir='ltr' id='par_1_45' title="bbox 2207 1801 2900 1892">
     <span class='ocr_line' id='line_1_46' title="bbox 2207 1801 2900 1892; baseline -0.003 -36"><span class='ocrx_word' id='word_1_295' title='bbox 2207 1838 2250 1892; x_wconf 73' lang='grc' dir='ltr'><strong>Β</strong></span> <span class='ocrx_word' id='word_1_296' title='bbox 2279 1802 2563 1875; x_wconf 86' lang='grc' dir='ltr'>ἁμαρτιῶν</span> <span class='ocrx_word' id='word_1_297' title='bbox 2592 1801 2900 1873; x_wconf 78' lang='grc' dir='ltr'>δεξάμενος.</span> 
     </span>
    </p>
   </div>
   <div class='ocr_carea' id='block_1_46' title="bbox 2348 1887 3744 1964">
    <p class='ocr_par' dir='ltr' id='par_1_46' title="bbox 2348 1887 3744 1964">
     <span class='ocr_line' id='line_1_47' title="bbox 2348 1887 3744 1964; baseline -0.007 -16"><span class='ocrx_word' id='word_1_298' title='bbox 2348 1894 2528 1960; x_wconf 84' lang='grc' dir='ltr'>Ὅθεν,</span> <span class='ocrx_word' id='word_1_299' title='bbox 2560 1893 2668 1963; x_wconf 88' lang='grc' dir='ltr'>ἐγὼ</span> <span class='ocrx_word' id='word_1_300' title='bbox 2714 1894 2875 1958; x_wconf 81' lang='grc' dir='ltr'>αὐτὸς</span> <span class='ocrx_word' id='word_1_301' title='bbox 2926 1892 3151 1964; x_wconf 77' lang='grc' dir='ltr'>ἰώμενος</span> <span class='ocrx_word' id='word_1_302' title='bbox 3189 1892 3288 1963; x_wconf 84' lang='grc' dir='ltr'>τὴν</span> <span class='ocrx_word' id='word_1_303' title='bbox 3321 1888 3570 1961; x_wconf 82' lang='grc' dir='ltr'>σφαλερὰν</span> <span class='ocrx_word' id='word_1_304' title='bbox 3599 1887 3744 1956; x_wconf 75' lang='grc' dir='ltr'>ἐκείνην</span> 
     </span>
    </p>
   </div>
   <div class='ocr_carea' id='block_1_47' title="bbox 2274 1980 3742 2056">
    <p class='ocr_par' dir='ltr' id='par_1_47' title="bbox 2274 1980 3742 2056">
     <span class='ocr_line' id='line_1_48' title="bbox 2274 1980 3742 2056; baseline -0.004 -19"><span class='ocrx_word' id='word_1_305' title='bbox 2274 1984 2505 2052; x_wconf 80' lang='grc' dir='ltr'>ἔννοιαν,</span> <span class='ocrx_word' id='word_1_306' title='bbox 2536 1987 2754 2040; x_wconf 87' lang='grc' dir='ltr'>σπεύσω</span> <span class='ocrx_word' id='word_1_307' title='bbox 2781 1987 2875 2040; x_wconf 74' lang='grc' dir='ltr'><strong>καὶ</strong></span> <span class='ocrx_word' id='word_1_308' title='bbox 2896 1985 3092 2056; x_wconf 82' lang='grc' dir='ltr'>γάμοις</span> <span class='ocrx_word' id='word_1_309' title='bbox 3120 1983 3373 2056; x_wconf 83' lang='grc' dir='ltr'>ὁμιλῆσαι</span> <span class='ocrx_word' id='word_1_310' title='bbox 3404 1983 3492 2036; x_wconf 77' lang='grc' dir='ltr'><strong>καὶ</strong></span> <span class='ocrx_word' id='word_1_311' title='bbox 3516 1980 3742 2050; x_wconf 73' lang='grc' dir='ltr'>παιδοποιή-</span> 
     </span>
    </p>
   </div>
   <div class='ocr_carea' id='block_1_48' title="bbox 2277 2074 3740 2150">
    <p class='ocr_par' dir='ltr' id='par_1_48' title="bbox 2277 2074 3740 2150">
     <span class='ocr_line' id='line_1_49' title="bbox 2277 2074 3740 2150; baseline -0.003 -20"><span class='ocrx_word' id='word_1_312' title='bbox 2277 2077 2493 2142; x_wconf 90' lang='grc' dir='ltr'>σασθαι,</span> <span class='ocrx_word' id='word_1_313' title='bbox 2522 2077 2658 2150; x_wconf 87' lang='grc' dir='ltr'>πρὸς</span> <span class='ocrx_word' id='word_1_314' title='bbox 2688 2076 2750 2130; x_wconf 89' lang='grc' dir='ltr'><strong>τὸ</strong></span> <span class='ocrx_word' id='word_1_315' title='bbox 2776 2078 2869 2131; x_wconf 82' lang='grc' dir='ltr'>καὶ</span> <span class='ocrx_word' id='word_1_316' title='bbox 2900 2077 3026 2141; x_wconf 73' lang='grc' dir='ltr'>τοὺς</span> <span class='ocrx_word' id='word_1_317' title='bbox 3058 2075 3118 2141; x_wconf 83' lang='grc' dir='ltr'><strong>ἐξ</strong></span> <span class='ocrx_word' id='word_1_318' title='bbox 3154 2075 3291 2147; x_wconf 86' lang='grc' dir='ltr'>ἐμοῦ</span> <span class='ocrx_word' id='word_1_319' title='bbox 3319 2074 3607 2146; x_wconf 79' lang='grc' dir='ltr'>γενομένους</span> <span class='ocrx_word' id='word_1_320' title='bbox 3628 2074 3740 2143; x_wconf 59' lang='grc' dir='ltr'>κήρυ-</span> 
     </span>
    </p>
   </div>
   <div class='ocr_carea' id='block_1_49' title="bbox 2274 2170 3219 2242">
    <p class='ocr_par' dir='ltr' id='par_1_49' title="bbox 2274 2170 3219 2242">
     <span class='ocr_line' id='line_1_50' title="bbox 2274 2170 3219 2242; baseline -0.001 -18"><span class='ocrx_word' id='word_1_321' title='bbox 2274 2188 2375 2235; x_wconf 86' lang='grc' dir='ltr'><strong>κας</strong></span> <span class='ocrx_word' id='word_1_322' title='bbox 2397 2171 2690 2242; x_wconf 85' lang='grc' dir='ltr'>ἀναστῆναι</span> <span class='ocrx_word' id='word_1_323' title='bbox 2730 2172 2830 2240; x_wconf 83' lang='grc' dir='ltr'>τῆς</span> <span class='ocrx_word' id='word_1_324' title='bbox 2856 2170 3219 2242; x_wconf 84' lang='grc' dir='ltr'>δικαιοσύνης.</span> 
     </span>
    </p>
   </div>
   <div class='ocr_carea' id='block_1_50' title="bbox 2342 2255 3736 2335">
    <p class='ocr_par' dir='ltr' id='par_1_50' title="bbox 2342 2255 3736 2335">
     <span class='ocr_line' id='line_1_51' title="bbox 2342 2255 3736 2335; baseline -0.006 -18"><span class='ocrx_word' id='word_1_325' title='bbox 2342 2264 2607 2333; x_wconf 71' lang='grc' dir='ltr'>Φάραγγα</span> <span class='ocrx_word' id='word_1_326' title='bbox 2646 2263 2941 2335; x_wconf 85' lang='grc' dir='ltr'>ἐκληπτέον</span> <span class='ocrx_word' id='word_1_327' title='bbox 2964 2306 2979 2331; x_wconf 93' lang='grc'><strong>,</strong></span> <span class='ocrx_word' id='word_1_328' title='bbox 3023 2264 3121 2335; x_wconf 79' lang='grc' dir='ltr'><strong>οὐχ</strong></span> <span class='ocrx_word' id='word_1_329' title='bbox 3152 2263 3229 2327; x_wconf 83' lang='grc' dir='ltr'><strong>ὡς</strong></span> <span class='ocrx_word' id='word_1_330' title='bbox 3268 2261 3534 2334; x_wconf 83' lang='grc' dir='ltr'>μέλλοντος</span> <span class='ocrx_word' id='word_1_331' title='bbox 3561 2259 3629 2313; x_wconf 76' lang='grc' dir='ltr'><strong>τοῦ</strong></span> <span class='ocrx_word' id='word_1_332' title='bbox 3651 2255 3736 2310; x_wconf 74' lang='grc' dir='ltr'>Θεοῦ</span> 
     </span>
    </p>
   </div>
   <div class='ocr_carea' id='block_1_51' title="bbox 2273 2347 3737 2428">
    <p class='ocr_par' dir='ltr' id='par_1_51' title="bbox 2273 2347 3737 2428">
     <span class='ocr_line' id='line_1_52' title="bbox 2273 2347 3737 2428; baseline 0.001 -19"><span class='ocrx_word' id='word_1_333' title='bbox 2273 2354 2570 2409; x_wconf 77' lang='grc' dir='ltr'>ἐπιϐαίνειν</span> <span class='ocrx_word' id='word_1_334' title='bbox 2611 2355 2823 2420; x_wconf 83' lang='grc' dir='ltr'>αὐταῖς,</span> <span class='ocrx_word' id='word_1_335' title='bbox 2872 2355 3009 2410; x_wconf 85' lang='grc' dir='ltr'><strong>ἀλλά</strong></span> <span class='ocrx_word' id='word_1_336' title='bbox 3051 2355 3188 2428; x_wconf 83' lang='grc' dir='ltr'>πρὸς</span> <span class='ocrx_word' id='word_1_337' title='bbox 3218 2355 3319 2419; x_wconf 87' lang='grc' dir='ltr'>τὰς</span> <span class='ocrx_word' id='word_1_338' title='bbox 3349 2347 3737 2425; x_wconf 75' lang='grc' dir='ltr'>κατορωρυγμένας</span> 
     </span>
    </p>
   </div>
   <div class='ocr_carea' id='block_1_52' title="bbox 2276 2443 3740 2518">
    <p class='ocr_par' dir='ltr' id='par_1_52' title="bbox 2276 2443 3740 2518">
     <span class='ocr_line' id='line_1_53' title="bbox 2276 2443 3740 2518; baseline -0.015 -6"><span class='ocrx_word' id='word_1_339' title='bbox 2276 2443 2452 2516; x_wconf 70' lang='grc' dir='ltr'><strong>ψυχὰς</strong></span> <span class='ocrx_word' id='word_1_340' title='bbox 2470 2485 2487 2512; x_wconf 86' lang='grc'><strong>,</strong></span> <span class='ocrx_word' id='word_1_341' title='bbox 2538 2445 2632 2498; x_wconf 76' lang='grc' dir='ltr'>καὶ</span> <span class='ocrx_word' id='word_1_342' title='bbox 2669 2446 2820 2500; x_wconf 85' lang='grc' dir='ltr'>κάτω</span> <span class='ocrx_word' id='word_1_343' title='bbox 2855 2464 2958 2500; x_wconf 86' lang='grc' dir='ltr'><strong>που</strong></span> <span class='ocrx_word' id='word_1_344' title='bbox 2993 2448 3073 2510; x_wconf 84' lang='grc' dir='ltr'><strong>είς</strong></span> <span class='ocrx_word' id='word_1_345' title='bbox 3098 2446 3188 2500; x_wconf 88' lang='grc' dir='ltr'><strong>τὸν</strong></span> <span class='ocrx_word' id='word_1_346' title='bbox 3221 2445 3353 2518; x_wconf 75' lang='grc' dir='ltr'>ᾅδην</span> <span class='ocrx_word' id='word_1_347' title='bbox 3380 2443 3618 2516; x_wconf 84' lang='grc' dir='ltr'>κειμένας,</span> <span class='ocrx_word' id='word_1_348' title='bbox 3638 2456 3740 2493; x_wconf 80' lang='grc' dir='ltr'>τετε-</span> 
     </span>
    </p>
   </div>
   <div class='ocr_carea' id='block_1_53' title="bbox 2273 2531 3743 2611">
    <p class='ocr_par' dir='ltr' id='par_1_53' title="bbox 2273 2531 3743 2611">
     <span class='ocr_line' id='line_1_54' title="bbox 2273 2531 3743 2611; baseline 0.005 -21"><span class='ocrx_word' id='word_1_349' title='bbox 2273 2536 2609 2608; x_wconf 86' lang='grc' dir='ltr'>πεινωμένας</span> <span class='ocrx_word' id='word_1_350' title='bbox 2640 2556 2698 2591; x_wconf 91' lang='grc' dir='ltr'><strong>τε</strong></span> <span class='ocrx_word' id='word_1_351' title='bbox 2729 2542 2848 2603; x_wconf 87' lang='grc' dir='ltr'>ταῖς</span> <span class='ocrx_word' id='word_1_352' title='bbox 2890 2539 3212 2611; x_wconf 78' lang='grc' dir='ltr'>ἁμαρτίαις,</span> <span class='ocrx_word' id='word_1_353' title='bbox 3253 2538 3428 2608; x_wconf 82' lang='grc' dir='ltr'>λέγει’</span> <span class='ocrx_word' id='word_1_354' title='bbox 3478 2535 3637 2597; x_wconf 80' lang='grc' dir='ltr'>ταύτας</span> <span class='ocrx_word' id='word_1_355' title='bbox 3674 2531 3743 2602; x_wconf 75' lang='grc' dir='ltr'><strong>γὰρ</strong></span> 
     </span>
    </p>
   </div>
   <div class='ocr_carea' id='block_1_54' title="bbox 2272 2626 3744 2709">
    <p class='ocr_par' dir='ltr' id='par_1_54' title="bbox 2272 2626 3744 2709">
     <span class='ocr_line' id='line_1_55' title="bbox 2272 2626 3744 2709; baseline -0.009 -17"><span class='ocrx_word' id='word_1_356' title='bbox 2272 2639 2671 2709; x_wconf 89' lang='grc' dir='ltr'>ἀπαλλαγείσας</span> <span class='ocrx_word' id='word_1_357' title='bbox 2711 2635 2819 2690; x_wconf 84' lang='grc' dir='ltr'><strong>τῶν</strong></span> <span class='ocrx_word' id='word_1_358' title='bbox 2855 2634 3110 2707; x_wconf 79' lang='grc' dir='ltr'>ὀλεθρίων</span> <span class='ocrx_word' id='word_1_359' title='bbox 3149 2632 3351 2687; x_wconf 85' lang='grc' dir='ltr'>τούτων</span> <span class='ocrx_word' id='word_1_360' title='bbox 3378 2632 3466 2686; x_wconf 77' lang='grc' dir='ltr'>καὶ</span> <span class='ocrx_word' id='word_1_361' title='bbox 3490 2626 3744 2684; x_wconf 78' lang='grc' dir='ltr'>ἐπικινδύνων</span> 
     </span>
    </p>
   </div>
   <div class='ocr_carea' id='block_1_55' title="bbox 2272 2713 3732 2796">
    <p class='ocr_par' dir='ltr' id='par_1_55' title="bbox 2272 2713 3732 2796">
     <span class='ocr_line' id='line_1_56' title="bbox 2272 2713 3732 2796; baseline -0.008 -19"><span class='ocrx_word' id='word_1_362' title='bbox 2272 2725 2542 2796; x_wconf 83' lang='grc' dir='ltr'>λογισμῶν</span> <span class='ocrx_word' id='word_1_363' title='bbox 2573 2725 2711 2795; x_wconf 83' lang='grc' dir='ltr'>ὑπὲρ</span> <span class='ocrx_word' id='word_1_364' title='bbox 2737 2723 2805 2778; x_wconf 85' lang='grc' dir='ltr'><strong>τά</strong></span> <span class='ocrx_word' id='word_1_365' title='bbox 2831 2722 2932 2794; x_wconf 77' lang='grc' dir='ltr'>ὄρη</span> <span class='ocrx_word' id='word_1_366' title='bbox 2955 2717 3337 2775; x_wconf 77' lang='grc' dir='ltr'>ταπεινοῦσθαι</span> <span class='ocrx_word' id='word_1_367' title='bbox 3367 2716 3437 2789; x_wconf 82' lang='lat'><strong>(6)</strong></span> <span class='ocrx_word' id='word_1_368' title='bbox 3464 2713 3631 2786; x_wconf 76' lang='grc' dir='ltr'>καιρός.</span> <span class='ocrx_word' id='word_1_369' title='bbox 3724 2760 3732 2767; x_wconf 84' lang='grc'><em>.</em></span> 
     </span>
    </p>
   </div>
   <div class='ocr_carea' id='block_1_56' title="bbox 2343 2798 3740 2883">
    <p class='ocr_par' dir='ltr' id='par_1_56' title="bbox 2343 2798 3740 2883">
     <span class='ocr_line' id='line_1_57' title="bbox 2343 2798 3740 2883; baseline -0.013 -11"><span class='ocrx_word' id='word_1_370' title='bbox 2343 2818 2586 2883; x_wconf 82' lang='grc' dir='ltr'>Δεικνὺς,</span> <span class='ocrx_word' id='word_1_371' title='bbox 2616 2817 2691 2880; x_wconf 86' lang='grc' dir='ltr'>ὡς</span> <span class='ocrx_word' id='word_1_372' title='bbox 2748 2815 2842 2869; x_wconf 74' lang='grc' dir='ltr'><strong>καὶ</strong></span> <span class='ocrx_word' id='word_1_373' title='bbox 2874 2813 3034 2876; x_wconf 82' lang='grc' dir='ltr'>αὐτὸς</span> <span class='ocrx_word' id='word_1_374' title='bbox 3062 2815 3091 2866; x_wconf 95' lang='lat'><strong>6</strong></span> <span class='ocrx_word' id='word_1_375' title='bbox 3131 2811 3413 2882; x_wconf 81' lang='grc' dir='ltr'>προφήτης</span> <span class='ocrx_word' id='word_1_376' title='bbox 3455 2809 3480 2860; x_wconf 87' lang='lat'><strong>6</strong></span> <span class='ocrx_word' id='word_1_377' title='bbox 3527 2798 3740 2874; x_wconf 58' lang='grc' dir='ltr'>ὑπηρετοεῶ</span> 
     </span>
    </p>
   </div>
   <div class='ocr_carea' id='block_1_57' title="bbox 2278 2894 3741 2978">
    <p class='ocr_par' dir='ltr' id='par_1_57' title="bbox 2278 2894 3741 2978">
     <span class='ocr_line' id='line_1_58' title="bbox 2278 2894 3741 2978; baseline -0.001 -19"><span class='ocrx_word' id='word_1_378' title='bbox 2278 2924 2436 2978; x_wconf 88' lang='grc' dir='ltr'>μενος</span> <span class='ocrx_word' id='word_1_379' title='bbox 2487 2905 2565 2976; x_wconf 81' lang='grc' dir='ltr'><strong>τῷ</strong></span> <span class='ocrx_word' id='word_1_380' title='bbox 2634 2906 2804 2977; x_wconf 85' lang='grc' dir='ltr'>λόγῳ,</span> <span class='ocrx_word' id='word_1_381' title='bbox 2851 2904 2955 2957; x_wconf 84' lang='grc' dir='ltr'><strong>ὑπὸ</strong></span> <span class='ocrx_word' id='word_1_382' title='bbox 3006 2904 3104 2973; x_wconf 82' lang='grc' dir='ltr'>τῆς</span> <span class='ocrx_word' id='word_1_383' title='bbox 3147 2901 3353 2972; x_wconf 86' lang='grc' dir='ltr'>σαρκὸς</span> <span class='ocrx_word' id='word_1_384' title='bbox 3401 2894 3741 2963; x_wconf 69' lang='grc' dir='ltr'>ἐπισκιαξόμενος</span> 
     </span>
    </p>
   </div>
   <div class='ocr_carea' id='block_1_58' title="bbox 2274 2984 3742 3070">
    <p class='ocr_par' dir='ltr' id='par_1_58' title="bbox 2274 2984 3742 3070">
     <span class='ocr_line' id='line_1_59' title="bbox 2274 2984 3742 3070; baseline -0.012 -16"><span class='ocrx_word' id='word_1_385' title='bbox 2274 3000 2365 3053; x_wconf 88' lang='grc' dir='ltr'><strong>τὸν</strong></span> <span class='ocrx_word' id='word_1_386' title='bbox 2418 2998 2564 3062; x_wconf 90' lang='grc' dir='ltr'>νοῦν,</span> <span class='ocrx_word' id='word_1_387' title='bbox 2627 2999 2874 3070; x_wconf 75' lang='grc' dir='ltr'>χωρῆσαι</span> <span class='ocrx_word' id='word_1_388' title='bbox 2947 2996 3008 3049; x_wconf 83' lang='grc' dir='ltr'><strong>ού</strong></span> <span class='ocrx_word' id='word_1_389' title='bbox 3058 2993 3378 3064; x_wconf 78' lang='grc' dir='ltr'>δεδύνηταιο</span> <span class='ocrx_word' id='word_1_390' title='bbox 3440 2990 3521 3044; x_wconf 84' lang='grc' dir='ltr'>καὶ</span> <span class='ocrx_word' id='word_1_391' title='bbox 3567 2984 3742 3055; x_wconf 73' lang='grc' dir='ltr'>γὰρκαὶ</span> 
     </span>
    </p>
   </div>
   <div class='ocr_carea' id='block_1_59' title="bbox 2279 3074 3741 3161">
    <p class='ocr_par' dir='ltr' id='par_1_59' title="bbox 2279 3074 3741 3161">
     <span class='ocr_line' id='line_1_60' title="bbox 2279 3074 3741 3161; baseline -0.012 -16"><span class='ocrx_word' id='word_1_392' title='bbox 2279 3093 2426 3146; x_wconf 77' lang='grc' dir='ltr'>πᾶσα</span> <span class='ocrx_word' id='word_1_393' title='bbox 2478 3091 2741 3161; x_wconf 76' lang='grc' dir='ltr'>ὑπόληψις</span> <span class='ocrx_word' id='word_1_394' title='bbox 2792 3088 3104 3159; x_wconf 78' lang='grc' dir='ltr'>ἀνθρωπίνη</span> <span class='ocrx_word' id='word_1_395' title='bbox 3177 3086 3385 3158; x_wconf 80' lang='grc' dir='ltr'>ταχέως</span> <span class='ocrx_word' id='word_1_396' title='bbox 3421 3080 3662 3137; x_wconf 85' lang='grc' dir='ltr'>παύσεται,</span> <span class='ocrx_word' id='word_1_397' title='bbox 3699 3074 3741 3124; x_wconf 64' lang='grc' dir='ltr'>οὐ</span> 
     </span>
    </p>
   </div>
   <div class='ocr_carea' id='block_1_60' title="bbox 619 3165 2214 3264">
    <p class='ocr_par' dir='ltr' id='par_1_60' title="bbox 619 3185 2214 3264">
     <span class='ocr_line' id='line_1_61' title="bbox 619 3185 2214 3264; baseline -0.011 -16"><span class='ocrx_word' id='word_1_398' title='bbox 619 3188 754 3264; x_wconf 57' lang='lat' dir='ltr'><strong>pie},</strong></span> <span class='ocrx_word' id='word_1_399' title='bbox 798 3190 893 3248; x_wconf 90' lang='lat' dir='ltr'><strong>sed</strong></span> <span class='ocrx_word' id='word_1_400' title='bbox 921 3198 1101 3245; x_wconf 89' lang='lat' dir='ltr'><strong>manet</strong></span> <span class='ocrx_word' id='word_1_401' title='bbox 1131 3188 1188 3243; x_wconf 92' lang='lat' dir='ltr'><strong>in</strong></span> <span class='ocrx_word' id='word_1_402' title='bbox 1238 3198 1502 3243; x_wconf 77' lang='lat' dir='ltr'><strong>aeternum</strong></span> <span class='ocrx_word' id='word_1_403' title='bbox 1550 3198 1678 3240; x_wconf 91' lang='lat' dir='ltr'><strong>vera</strong></span> <span class='ocrx_word' id='word_1_404' title='bbox 1721 3196 1892 3252; x_wconf 88' lang='lat' dir='ltr'><strong>usque</strong></span> <span class='ocrx_word' id='word_1_405' title='bbox 1919 3185 2214 3246; x_wconf 68' lang='lat' dir='ltr'><strong>praemia-1</strong></span> 
     </span>
    </p>
   </div>
   <div class='ocr_carea' id='block_1_61' title="bbox 2148 3165 3743 3264">
    <p class='ocr_par' dir='ltr' id='par_1_61' title="bbox 2148 3165 3743 3257">
     <span class='ocr_line' id='line_1_62' title="bbox 2148 3165 3743 3257; baseline -0.013 -16"><span class='ocrx_word' id='word_1_406' title='bbox 2148 3207 2170 3216; x_wconf 84' lang='lat'><strong>-</strong></span> <span class='ocrx_word' id='word_1_407' title='bbox 2198 3182 2243 3243; x_wconf 87' lang='lat' dir='ltr'><strong><em>C</em></strong></span> <span class='ocrx_word' id='word_1_408' title='bbox 2278 3185 2381 3257; x_wconf 81' lang='grc' dir='ltr'><strong>μὴν</strong></span> <span class='ocrx_word' id='word_1_409' title='bbox 2403 3184 2670 3252; x_wconf 82' lang='grc' dir='ltr'>τὸ-λόγιον</span> <span class='ocrx_word' id='word_1_410' title='bbox 2709 3182 2800 3237; x_wconf 87' lang='grc' dir='ltr'><strong>τοῦ</strong></span> <span class='ocrx_word' id='word_1_411' title='bbox 2829 3179 2963 3234; x_wconf 88' lang='grc' dir='ltr'>Θεοῦ</span> <span class='ocrx_word' id='word_1_412' title='bbox 3004 3179 3214 3234; x_wconf 89' lang='grc' dir='ltr'>παύλαν</span> <span class='ocrx_word' id='word_1_413' title='bbox 3260 3178 3390 3232; x_wconf 85' lang='grc' dir='ltr'>ποτὲ</span> <span class='ocrx_word' id='word_1_414' title='bbox 3418 3165 3743 3246; x_wconf 38' lang='grc' dir='ltr'>λήψεταιεηὰλλα</span> 
     </span>
    </p>
   </div>
   <div class='ocr_carea' id='block_1_62' title="bbox 618 3286 786 3341">
    <p class='ocr_par' dir='ltr' id='par_1_62' title="bbox 618 3286 786 3341">
     <span class='ocr_line' id='line_1_63' title="bbox 618 3286 786 3341; baseline -0.006 -2"><span class='ocrx_word' id='word_1_415' title='bbox 618 3286 786 3341; x_wconf 86' lang='lat' dir='ltr'><strong>tians.</strong></span> 
     </span>
    </p>
   </div>
   <div class='ocr_carea' id='block_1_63' title="bbox 698 3458 2183 3541">
    <p class='ocr_par' dir='ltr' id='par_1_63' title="bbox 698 3458 2183 3541">
     <span class='ocr_line' id='line_1_64' title="bbox 698 3458 2183 3541; baseline -0.013 -11"><span class='ocrx_word' id='word_1_416' title='bbox 698 3471 865 3530; x_wconf 70' lang='lat' dir='ltr'><strong>Vens.</strong></span> <span class='ocrx_word' id='word_1_417' title='bbox 901 3474 988 3529; x_wconf 72' lang='lat'><strong>12.</strong></span> <span class='ocrx_word' id='word_1_418' title='bbox 1019 3470 1174 3528; x_wconf 82' lang='lat' dir='ltr'><strong>Multi</strong></span> <span class='ocrx_word' id='word_1_419' title='bbox 1200 3469 1419 3541; x_wconf 88' lang='lat' dir='ltr'><strong>quidem</strong></span> <span class='ocrx_word' id='word_1_420' title='bbox 1448 3472 1599 3531; x_wconf 89' lang='lat' dir='ltr'><strong>sunt,</strong></span> <span class='ocrx_word' id='word_1_421' title='bbox 1628 3464 1723 3536; x_wconf 93' lang='lat' dir='ltr'><strong>qui</strong></span> <span class='ocrx_word' id='word_1_422' title='bbox 1753 3461 1819 3519; x_wconf 91' lang='lat' dir='ltr'><strong>de</strong></span> <span class='ocrx_word' id='word_1_423' title='bbox 1843 3459 2068 3532; x_wconf 83' lang='lat' dir='ltr'><strong>judiciis</strong></span> <span class='ocrx_word' id='word_1_424' title='bbox 2089 3458 2183 3512; x_wconf 89' lang='lat' dir='ltr'><strong>Dei</strong></span> 
     </span>
    </p>
   </div>
   <div class='ocr_carea' id='block_1_64' title="bbox 621 3559 2184 3632">
    <p class='ocr_par' dir='ltr' id='par_1_64' title="bbox 621 3559 2184 3632">
     <span class='ocr_line' id='line_1_65' title="bbox 621 3559 2184 3632; baseline -0.012 -10"><span class='ocrx_word' id='word_1_425' title='bbox 621 3567 897 3632; x_wconf 86' lang='lat' dir='ltr'><strong>dubitant,</strong></span> <span class='ocrx_word' id='word_1_426' title='bbox 930 3572 986 3620; x_wconf 86' lang='lat' dir='ltr'><strong>et</strong></span> <span class='ocrx_word' id='word_1_427' title='bbox 1016 3565 1084 3620; x_wconf 93' lang='lat' dir='ltr'><strong>de</strong></span> <span class='ocrx_word' id='word_1_428' title='bbox 1112 3559 1461 3619; x_wconf 86' lang='lat' dir='ltr'><strong>Providentia</strong></span> <span class='ocrx_word' id='word_1_429' title='bbox 1490 3567 1604 3614; x_wconf 89' lang='lat' dir='ltr'><strong>tum</strong></span> <span class='ocrx_word' id='word_1_430' title='bbox 1633 3570 1852 3611; x_wconf 90' lang='lat' dir='ltr'><strong>omnem</strong></span> <span class='ocrx_word' id='word_1_431' title='bbox 1881 3568 2064 3610; x_wconf 89' lang='lat' dir='ltr'><strong>rerum</strong></span> <span class='ocrx_word' id='word_1_432' title='bbox 2087 3566 2184 3606; x_wconf 83' lang='lat' dir='ltr'><strong>na-</strong></span> 
     </span>
    </p>
   </div>
   <div class='ocr_carea' id='block_1_65' title="bbox 622 3647 2183 3728">
    <p class='ocr_par' dir='ltr' id='par_1_65' title="bbox 622 3647 2183 3728">
     <span class='ocr_line' id='line_1_66' title="bbox 622 3647 2183 3728; baseline -0.011 -13"><span class='ocrx_word' id='word_1_433' title='bbox 622 3670 799 3715; x_wconf 90' lang='lat' dir='ltr'><strong>turam</strong></span> <span class='ocrx_word' id='word_1_434' title='bbox 835 3667 947 3713; x_wconf 90' lang='lat' dir='ltr'><strong>tum</strong></span> <span class='ocrx_word' id='word_1_435' title='bbox 981 3657 1194 3728; x_wconf 75' lang='lat' dir='ltr'><strong>singula</strong></span> <span class='ocrx_word' id='word_1_436' title='bbox 1233 3670 1460 3726; x_wconf 80' lang='lat' dir='ltr'><strong>quaeque</strong></span> <span class='ocrx_word' id='word_1_437' title='bbox 1515 3662 1753 3722; x_wconf 79' lang='lat' dir='ltr'><strong>regente,</strong></span> <span class='ocrx_word' id='word_1_438' title='bbox 1797 3656 1851 3707; x_wconf 87' lang='lat' dir='ltr'><strong>et</strong></span> <span class='ocrx_word' id='word_1_439' title='bbox 1878 3647 1946 3703; x_wconf 91' lang='lat' dir='ltr'><strong>de</strong></span> <span class='ocrx_word' id='word_1_440' title='bbox 1973 3660 2183 3702; x_wconf 90' lang='lat' dir='ltr'><strong>summa</strong></span> 
     </span>
    </p>
   </div>
   <div class='ocr_carea' id='block_1_66' title="bbox 622 3745 2186 3820">
    <p class='ocr_par' dir='ltr' id='par_1_66' title="bbox 622 3745 2186 3820">
     <span class='ocr_line' id='line_1_67' title="bbox 622 3745 2186 3820; baseline -0.011 -12"><span class='ocrx_word' id='word_1_441' title='bbox 622 3753 855 3808; x_wconf 83' lang='lat' dir='ltr'><strong>scientia</strong></span> <span class='ocrx_word' id='word_1_442' title='bbox 894 3766 1056 3820; x_wconf 89' lang='lat' dir='ltr'><strong>quam</strong></span> <span class='ocrx_word' id='word_1_443' title='bbox 1087 3750 1164 3803; x_wconf 91' lang='lat' dir='ltr'><strong>nil</strong></span> <span class='ocrx_word' id='word_1_444' title='bbox 1196 3750 1363 3803; x_wconf 87' lang='lat' dir='ltr'><strong>latere</strong></span> <span class='ocrx_word' id='word_1_445' title='bbox 1386 3753 1585 3816; x_wconf 87' lang='lat' dir='ltr'><strong>potest,</strong></span> <span class='ocrx_word' id='word_1_446' title='bbox 1620 3757 1742 3813; x_wconf 67' lang='lat' dir='ltr'><strong>quae</strong></span> <span class='ocrx_word' id='word_1_447' title='bbox 1781 3755 1973 3795; x_wconf 87' lang='lat' dir='ltr'><strong>omnes</strong></span> <span class='ocrx_word' id='word_1_448' title='bbox 2005 3745 2186 3793; x_wconf 87' lang='lat' dir='ltr'><strong>mente</strong></span> 
     </span>
    </p>
   </div>
   <div class='ocr_carea' id='block_1_67' title="bbox 620 3830 2184 3914">
    <p class='ocr_par' dir='ltr' id='par_1_67' title="bbox 620 3830 2184 3914">
     <span class='ocr_line' id='line_1_68' title="bbox 620 3830 2184 3914; baseline -0.01 -15"><span class='ocrx_word' id='word_1_449' title='bbox 620 3844 1014 3914; x_wconf 87' lang='lat' dir='ltr'><strong>complectitur.</strong></span> <span class='ocrx_word' id='word_1_450' title='bbox 1055 3840 1265 3907; x_wconf 86' lang='lat' dir='ltr'><strong>Quibus</strong></span> <span class='ocrx_word' id='word_1_451' title='bbox 1294 3836 1642 3893; x_wconf 85' lang='lat' dir='ltr'><strong>eonfutandis</strong></span> <span class='ocrx_word' id='word_1_452' title='bbox 1667 3834 1930 3905; x_wconf 88' lang='lat' dir='ltr'><strong>propheta</strong></span> <span class='ocrx_word' id='word_1_453' title='bbox 1970 3830 2184 3900; x_wconf 84' lang='lat' dir='ltr'><strong>singula</strong></span> 
     </span>
    </p>
   </div>
   <div class='ocr_carea' id='block_1_68' title="bbox 622 3920 2186 4003">
    <p class='ocr_par' dir='ltr' id='par_1_68' title="bbox 622 3920 2186 4003">
     <span class='ocr_line' id='line_1_69' title="bbox 622 3920 2186 4003; baseline -0.009 -16"><span class='ocrx_word' id='word_1_454' title='bbox 622 3936 733 3989; x_wconf 91' lang='lat' dir='ltr'><strong>Deo</strong></span> <span class='ocrx_word' id='word_1_455' title='bbox 758 3931 1133 4003; x_wconf 78' lang='lat' dir='ltr'><strong>investiganda</strong></span> <span class='ocrx_word' id='word_1_456' title='bbox 1155 3944 1276 3985; x_wconf 90' lang='lat' dir='ltr'><strong>esse</strong></span> <span class='ocrx_word' id='word_1_457' title='bbox 1301 3928 1540 3983; x_wconf 84' lang='lat' dir='ltr'><strong>declarat</strong></span> <span class='ocrx_word' id='word_1_458' title='bbox 1564 3943 1578 3993; x_wconf 90' lang='lat'><strong>;</strong></span> <span class='ocrx_word' id='word_1_459' title='bbox 1610 3941 1678 3980; x_wconf 82' lang='lat' dir='ltr'><strong>ex</strong></span> <span class='ocrx_word' id='word_1_460' title='bbox 1711 3923 2019 3980; x_wconf 84' lang='lat' dir='ltr'><strong>visibilibus</strong></span> <span class='ocrx_word' id='word_1_461' title='bbox 2048 3927 2103 3976; x_wconf 88' lang='lat' dir='ltr'><strong>et</strong></span> <span class='ocrx_word' id='word_1_462' title='bbox 2128 3920 2186 3974; x_wconf 90' lang='lat' dir='ltr'><strong>in</strong></span> 
     </span>
    </p>
   </div>
   <div class='ocr_carea' id='block_1_69' title="bbox 623 4015 2179 4082">
    <p class='ocr_par' dir='ltr' id='par_1_69' title="bbox 623 4015 2179 4082">
     <span class='ocr_line' id='line_1_70' title="bbox 623 4015 2179 4082; baseline -0.011 -1"><span class='ocrx_word' id='word_1_463' title='bbox 623 4029 941 4082; x_wconf 89' lang='lat' dir='ltr'><strong>universum</strong></span> <span class='ocrx_word' id='word_1_464' title='bbox 972 4041 1004 4079; x_wconf 87' lang='lat' dir='ltr'><strong>a</strong></span> <span class='ocrx_word' id='word_1_465' title='bbox 1043 4023 1231 4078; x_wconf 90' lang='lat' dir='ltr'><strong>mundi</strong></span> <span class='ocrx_word' id='word_1_466' title='bbox 1264 4019 1549 4077; x_wconf 87' lang='lat' dir='ltr'><strong>elementis</strong></span> <span class='ocrx_word' id='word_1_467' title='bbox 1591 4019 1743 4075; x_wconf 89' lang='lat' dir='ltr'><strong>disce</strong></span> <span class='ocrx_word' id='word_1_468' title='bbox 1781 4016 1875 4072; x_wconf 84' lang='lat' dir='ltr'><strong>Dei</strong></span> <span class='ocrx_word' id='word_1_469' title='bbox 1903 4015 2179 4070; x_wconf 85' lang='lat' dir='ltr'><strong>virtutem.</strong></span> 
     </span>
    </p>
   </div>
   <div class='ocr_carea' id='block_1_70' title="bbox 690 4199 2185 4270">
    <p class='ocr_par' dir='ltr' id='par_1_70' title="bbox 690 4199 2185 4270">
     <span class='ocr_line' id='line_1_71' title="bbox 690 4199 2185 4270; baseline -0.006 -10"><span class='ocrx_word' id='word_1_470' title='bbox 690 4205 856 4260; x_wconf 71' lang='lat' dir='ltr'><strong>Vens.</strong></span> <span class='ocrx_word' id='word_1_471' title='bbox 896 4205 984 4268; x_wconf 84' lang='grc'><strong>16,</strong></span> <span class='ocrx_word' id='word_1_472' title='bbox 1021 4206 1108 4260; x_wconf 79' lang='grc'><strong>17.</strong></span> <span class='ocrx_word' id='word_1_473' title='bbox 1155 4202 1368 4260; x_wconf 81' lang='lat' dir='ltr'><strong>Rursus</strong></span> <span class='ocrx_word' id='word_1_474' title='bbox 1408 4201 1650 4259; x_wconf 87' lang='lat' dir='ltr'><strong>occurrit</strong></span> <span class='ocrx_word' id='word_1_475' title='bbox 1695 4199 1953 4270; x_wconf 87' lang='lat' dir='ltr'><strong>propheta</strong></span> <span class='ocrx_word' id='word_1_476' title='bbox 2003 4203 2185 4252; x_wconf 89' lang='lat' dir='ltr'><strong>mente</strong></span> 
     </span>
    </p>
   </div>
   <div class='ocr_carea' id='block_1_71' title="bbox 622 4290 2184 4368">
    <p class='ocr_par' dir='ltr' id='par_1_71' title="bbox 622 4290 2184 4368">
     <span class='ocr_line' id='line_1_72' title="bbox 622 4290 2184 4368; baseline -0.005 -15"><span class='ocrx_word' id='word_1_477' title='bbox 622 4297 1076 4368; x_wconf 88' lang='lat' dir='ltr'><strong>disceptantibus.</strong></span> <span class='ocrx_word' id='word_1_478' title='bbox 1102 4295 1277 4350; x_wconf 87' lang='lat' dir='ltr'><strong>Nolite</strong></span> <span class='ocrx_word' id='word_1_479' title='bbox 1294 4303 1484 4365; x_wconf 87' lang='lat' dir='ltr'><strong>putare</strong></span> <span class='ocrx_word' id='word_1_480' title='bbox 1507 4310 1605 4351; x_wconf 87' lang='lat' dir='ltr'><strong>vos</strong></span> <span class='ocrx_word' id='word_1_481' title='bbox 1628 4301 1986 4349; x_wconf 88' lang='lat' dir='ltr'><strong>memoratum</strong></span> <span class='ocrx_word' id='word_1_482' title='bbox 2013 4290 2184 4347; x_wconf 91' lang='lat' dir='ltr'><strong>Deum</strong></span> 
     </span>
    </p>
   </div>
   <div class='ocr_carea' id='block_1_72' title="bbox 623 4386 2181 4463">
    <p class='ocr_par' dir='ltr' id='par_1_72' title="bbox 623 4386 2181 4463">
     <span class='ocr_line' id='line_1_73' title="bbox 623 4386 2181 4463; baseline -0.005 -16"><span class='ocrx_word' id='word_1_483' title='bbox 623 4407 719 4463; x_wconf 86' lang='lat' dir='ltr'><strong>per</strong></span> <span class='ocrx_word' id='word_1_484' title='bbox 761 4388 1029 4447; x_wconf 86' lang='lat' dir='ltr'><strong>sacrificia</strong></span> <span class='ocrx_word' id='word_1_485' title='bbox 1064 4388 1392 4458; x_wconf 76' lang='lat' dir='ltr'><strong>placaturos,</strong></span> <span class='ocrx_word' id='word_1_486' title='bbox 1418 4387 1576 4457; x_wconf 89' lang='lat' dir='ltr'><strong>quasi</strong></span> <span class='ocrx_word' id='word_1_487' title='bbox 1623 4386 1744 4442; x_wconf 84' lang='lat' dir='ltr'><strong>istis</strong></span> <span class='ocrx_word' id='word_1_488' title='bbox 1775 4387 1825 4441; x_wconf 90' lang='lat' dir='ltr'><strong>ei</strong></span> <span class='ocrx_word' id='word_1_489' title='bbox 1853 4400 1991 4455; x_wconf 88' lang='lat' dir='ltr'><strong>opus</strong></span> <span class='ocrx_word' id='word_1_490' title='bbox 2013 4391 2181 4450; x_wconf 87' lang='lat' dir='ltr'><strong>esset,</strong></span> 
     </span>
    </p>
   </div>
   <div class='ocr_carea' id='block_1_73' title="bbox 621 4476 2193 4553">
    <p class='ocr_par' dir='ltr' id='par_1_73' title="bbox 621 4476 2193 4553">
     <span class='ocr_line' id='line_1_74' title="bbox 621 4476 2193 4553; baseline -0.006 -14"><span class='ocrx_word' id='word_1_491' title='bbox 621 4482 971 4553; x_wconf 69' lang='lat' dir='ltr'><strong>cujusverbo</strong></span> <span class='ocrx_word' id='word_1_492' title='bbox 1003 4480 1185 4535; x_wconf 88' lang='lat' dir='ltr'><strong>omnia</strong></span> <span class='ocrx_word' id='word_1_493' title='bbox 1228 4477 1372 4533; x_wconf 87' lang='lat' dir='ltr'><strong>facta</strong></span> <span class='ocrx_word' id='word_1_494' title='bbox 1397 4489 1542 4534; x_wconf 88' lang='lat' dir='ltr'><strong>sunt.</strong></span> <span class='ocrx_word' id='word_1_495' title='bbox 1584 4478 1725 4533; x_wconf 88' lang='lat' dir='ltr'><strong>Num</strong></span> <span class='ocrx_word' id='word_1_496' title='bbox 1759 4498 1779 4531; x_wconf 77' lang='grc' dir='ltr'><strong>ι</strong></span> <span class='ocrx_word' id='word_1_497' title='bbox 1823 4477 2052 4534; x_wconf 76' lang='lat' dir='ltr'><strong>sufficiet</strong></span> <span class='ocrx_word' id='word_1_498' title='bbox 2092 4476 2193 4531; x_wconf 84' lang='lat' dir='ltr'><strong>Li--</strong></span> 
     </span>
    </p>
   </div>
   <div class='ocr_carea' id='block_1_74' title="bbox 2286 3256 3737 3349">
    <p class='ocr_par' dir='ltr' id='par_1_74' title="bbox 2286 3256 3737 3349">
     <span class='ocr_line' id='line_1_75' title="bbox 2286 3256 3737 3349; baseline -0.012 -19"><span class='ocrx_word' id='word_1_499' title='bbox 2286 3276 2433 3349; x_wconf 84' lang='grc' dir='ltr'>πέρα</span> <span class='ocrx_word' id='word_1_500' title='bbox 2484 3274 2662 3339; x_wconf 85' lang='grc' dir='ltr'>τελεῖ,</span> <span class='ocrx_word' id='word_1_501' title='bbox 2716 3271 3044 3345; x_wconf 85' lang='grc' dir='ltr'>ἀληθεύοντα</span> <span class='ocrx_word' id='word_1_502' title='bbox 3094 3271 3191 3343; x_wconf 76' lang='grc' dir='ltr'>τῆς</span> <span class='ocrx_word' id='word_1_503' title='bbox 3240 3270 3318 3342; x_wconf 83' lang='lat'><strong>(7)</strong></span> <span class='ocrx_word' id='word_1_504' title='bbox 3371 3262 3638 3335; x_wconf 77' lang='grc' dir='ltr'>ἐπαγγελίας</span> <span class='ocrx_word' id='word_1_505' title='bbox 3682 3256 3737 3316; x_wconf 72' lang='grc' dir='ltr'><strong>εἷς</strong></span> 
     </span>
    </p>
   </div>
   <div class='ocr_carea' id='block_1_75' title="bbox 2289 3368 2497 3422">
    <p class='ocr_par' dir='ltr' id='par_1_75' title="bbox 2289 3368 2497 3422">
     <span class='ocr_line' id='line_1_76' title="bbox 2289 3368 2497 3422; baseline 0 0"><span class='ocrx_word' id='word_1_506' title='bbox 2289 3368 2497 3422; x_wconf 58' lang='grc' dir='ltr'>αἰῶναν</span> 
     </span>
    </p>
   </div>
   <div class='ocr_carea' id='block_1_76' title="bbox 2353 3442 3740 3531">
    <p class='ocr_par' dir='ltr' id='par_1_76' title="bbox 2353 3442 3740 3531">
     <span class='ocr_line' id='line_1_77' title="bbox 2353 3442 3740 3531; baseline -0.016 -16"><span class='ocrx_word' id='word_1_507' title='bbox 2353 3460 2497 3531; x_wconf 88' lang='grc' dir='ltr'>Πρὸς</span> <span class='ocrx_word' id='word_1_508' title='bbox 2528 3459 2626 3521; x_wconf 86' lang='grc' dir='ltr'>τὰς</span> <span class='ocrx_word' id='word_1_509' title='bbox 2660 3458 2718 3510; x_wconf 90' lang='grc' dir='ltr'><strong>ἐν</strong></span> <span class='ocrx_word' id='word_1_510' title='bbox 2753 3453 2961 3526; x_wconf 82' lang='grc' dir='ltr'>διανοίᾳ</span> <span class='ocrx_word' id='word_1_511' title='bbox 2988 3453 3148 3507; x_wconf 84' lang='grc' dir='ltr'>πάλιν</span> <span class='ocrx_word' id='word_1_512' title='bbox 3181 3452 3374 3522; x_wconf 84' lang='grc' dir='ltr'>φύσεις</span> <span class='ocrx_word' id='word_1_513' title='bbox 3408 3442 3740 3531; x_wconf 61' lang='grc' dir='ltr'>ἀμφισϐητήσεις</span> 
     </span>
    </p>
   </div>
   <div class='ocr_carea' id='block_1_77' title="bbox 2287 3528 3743 3625">
    <p class='ocr_par' dir='ltr' id='par_1_77' title="bbox 2287 3528 3743 3625">
     <span class='ocr_line' id='line_1_78' title="bbox 2287 3528 3743 3625; baseline -0.017 -17"><span class='ocrx_word' id='word_1_514' title='bbox 2287 3528 2417 3625; x_wconf 60' lang='grc' dir='ltr'>περί</span> <span class='ocrx_word' id='word_1_515' title='bbox 2437 3551 2545 3606; x_wconf 81' lang='grc' dir='ltr'>τῶν</span> <span class='ocrx_word' id='word_1_516' title='bbox 2591 3534 2872 3623; x_wconf 87' lang='grc' dir='ltr'>κριμάτων</span> <span class='ocrx_word' id='word_1_517' title='bbox 2913 3548 3007 3602; x_wconf 75' lang='grc' dir='ltr'><strong>καὶ</strong></span> <span class='ocrx_word' id='word_1_518' title='bbox 3030 3547 3132 3617; x_wconf 84' lang='grc' dir='ltr'>τῆς</span> <span class='ocrx_word' id='word_1_519' title='bbox 3175 3546 3431 3619; x_wconf 86' lang='grc' dir='ltr'>προνοίας</span> <span class='ocrx_word' id='word_1_520' title='bbox 3457 3543 3531 3611; x_wconf 78' lang='grc' dir='ltr'>τῆς</span> <span class='ocrx_word' id='word_1_521' title='bbox 3552 3535 3620 3590; x_wconf 78' lang='grc' dir='ltr'><strong>τοῦ</strong></span> <span class='ocrx_word' id='word_1_522' title='bbox 3642 3528 3743 3625; x_wconf 72' lang='grc' dir='ltr'>Θεοῦ</span> 
     </span>
    </p>
   </div>
   <div class='ocr_carea' id='block_1_78' title="bbox 2283 3620 3745 3713">
    <p class='ocr_par' dir='ltr' id='par_1_78' title="bbox 2283 3620 3745 3713">
     <span class='ocr_line' id='line_1_79' title="bbox 2283 3620 3745 3713; baseline -0.014 -14"><span class='ocrx_word' id='word_1_523' title='bbox 2283 3620 2372 3699; x_wconf 73' lang='grc' dir='ltr'><strong>διά</strong></span> <span class='ocrx_word' id='word_1_524' title='bbox 2406 3620 2983 3713; x_wconf 24' lang='grc' dir='ltr'>πάντωννδιηκούσης,</span> <span class='ocrx_word' id='word_1_525' title='bbox 3040 3638 3133 3692; x_wconf 66' lang='grc' dir='ltr'><strong>κα)⁸</strong></span> <span class='ocrx_word' id='word_1_526' title='bbox 3163 3638 3287 3692; x_wconf 83' lang='grc' dir='ltr'>καθ’</span> <span class='ocrx_word' id='word_1_527' title='bbox 3325 3638 3417 3692; x_wconf 71' lang='grc' dir='ltr'><strong>ἕνα</strong></span> <span class='ocrx_word' id='word_1_528' title='bbox 3443 3633 3636 3690; x_wconf 72' lang='grc' dir='ltr'>ἕκαστον,</span> 
     </span>
    </p>
   </div>
   <div class='ocr_carea' id='block_1_79' title="bbox 2284 3709 3747 3803">
    <p class='ocr_par' dir='ltr' id='par_1_79' title="bbox 2284 3709 3747 3803">
     <span class='ocr_line' id='line_1_80' title="bbox 2284 3709 3747 3803; baseline -0.014 -12"><span class='ocrx_word' id='word_1_529' title='bbox 2284 3739 2359 3803; x_wconf 87' lang='grc' dir='ltr'>ὼς</span> <span class='ocrx_word' id='word_1_530' title='bbox 2385 3736 2484 3790; x_wconf 78' lang='grc' dir='ltr'><strong>οὐκ</strong></span> <span class='ocrx_word' id='word_1_531' title='bbox 2534 3734 2651 3788; x_wconf 80' lang='grc' dir='ltr'>ἐστι</span> <span class='ocrx_word' id='word_1_532' title='bbox 2706 3709 2814 3787; x_wconf 80' lang='grc' dir='ltr'>τῶν</span> <span class='ocrx_word' id='word_1_533' title='bbox 2855 3709 3219 3785; x_wconf 86' lang='grc' dir='ltr'>λανθανόντων</span> <span class='ocrx_word' id='word_1_534' title='bbox 3281 3729 3374 3782; x_wconf 89' lang='grc' dir='ltr'><strong>τὸν</strong></span> <span class='ocrx_word' id='word_1_535' title='bbox 3398 3725 3533 3787; x_wconf 88' lang='grc' dir='ltr'>Θεὸν,</span> <span class='ocrx_word' id='word_1_536' title='bbox 3561 3714 3662 3773; x_wconf 77' lang='grc' dir='ltr'>ἀλλὰ</span> <span class='ocrx_word' id='word_1_537' title='bbox 3684 3709 3747 3762; x_wconf 64' lang='grc' dir='ltr'>διὰ</span> 
     </span>
    </p>
   </div>
   <div class='ocr_carea' id='block_1_80' title="bbox 2285 3806 3744 3895">
    <p class='ocr_par' dir='ltr' id='par_1_80' title="bbox 2285 3806 3744 3895">
     <span class='ocr_line' id='line_1_81' title="bbox 2285 3806 3744 3895; baseline -0.017 -11"><span class='ocrx_word' id='word_1_538' title='bbox 2285 3831 2500 3884; x_wconf 86' lang='grc' dir='ltr'>πάντων</span> <span class='ocrx_word' id='word_1_539' title='bbox 2533 3825 2881 3881; x_wconf 79' lang='grc' dir='ltr'>διαϐαίνουσα</span> <span class='ocrx_word' id='word_1_540' title='bbox 2911 3826 2943 3895; x_wconf 86' lang='grc' dir='ltr'><strong>ἠ</strong></span> <span class='ocrx_word' id='word_1_541' title='bbox 2974 3822 3067 3876; x_wconf 89' lang='grc' dir='ltr'><strong>τοῦ</strong></span> <span class='ocrx_word' id='word_1_542' title='bbox 3099 3821 3234 3875; x_wconf 87' lang='grc' dir='ltr'>Θεοῦ</span> <span class='ocrx_word' id='word_1_543' title='bbox 3265 3820 3485 3890; x_wconf 76' lang='grc' dir='ltr'>γνῶσιςο</span> <span class='ocrx_word' id='word_1_544' title='bbox 3510 3811 3568 3867; x_wconf 82' lang='grc' dir='ltr'>τὰ</span> <span class='ocrx_word' id='word_1_545' title='bbox 3584 3806 3744 3863; x_wconf 79' lang='grc' dir='ltr'>ἑκάστου</span> 
     </span>
    </p>
   </div>
   <div class='ocr_carea' id='block_1_81' title="bbox 2283 3897 3748 3992">
    <p class='ocr_par' dir='ltr' id='par_1_81' title="bbox 2283 3897 3748 3992">
     <span class='ocr_line' id='line_1_82' title="bbox 2283 3897 3748 3992; baseline -0.015 -17"><span class='ocrx_word' id='word_1_546' title='bbox 2283 3920 2582 3992; x_wconf 90' lang='grc' dir='ltr'>ἀνιχνεύειν</span> <span class='ocrx_word' id='word_1_547' title='bbox 2622 3916 2979 3991; x_wconf 84' lang='grc' dir='ltr'>προῦπαντῶν</span> <span class='ocrx_word' id='word_1_548' title='bbox 3013 3918 3042 3968; x_wconf 94' lang='lat'><strong>6</strong></span> <span class='ocrx_word' id='word_1_549' title='bbox 3092 3913 3252 3983; x_wconf 85' lang='grc' dir='ltr'>λόγος</span> <span class='ocrx_word' id='word_1_550' title='bbox 3287 3910 3594 3968; x_wconf 76' lang='grc' dir='ltr'>ἐκδιδάσκει,</span> <span class='ocrx_word' id='word_1_551' title='bbox 3621 3898 3681 3992; x_wconf 58' lang='grc' dir='ltr'><strong>δτι</strong></span> <span class='ocrx_word' id='word_1_552' title='bbox 3701 3897 3748 3946; x_wconf 78' lang='grc' dir='ltr'>ἐκ</span> 
     </span>
    </p>
   </div>
   <div class='ocr_carea' id='block_1_82' title="bbox 2284 3990 3747 4082">
    <p class='ocr_par' dir='ltr' id='par_1_82' title="bbox 2284 3990 3747 4082">
     <span class='ocr_line' id='line_1_83' title="bbox 2284 3990 3747 4082; baseline -0.014 -17"><span class='ocrx_word' id='word_1_553' title='bbox 2284 4011 2388 4066; x_wconf 86' lang='grc' dir='ltr'><strong>τῶν</strong></span> <span class='ocrx_word' id='word_1_554' title='bbox 2415 4009 2733 4082; x_wconf 73' lang='grc' dir='ltr'>ὁρωμένων,</span> <span class='ocrx_word' id='word_1_555' title='bbox 2758 4007 2854 4061; x_wconf 76' lang='grc' dir='ltr'><strong>καὶ</strong></span> <span class='ocrx_word' id='word_1_556' title='bbox 2890 4008 2954 4059; x_wconf 85' lang='grc' dir='ltr'><strong>ἐκ</strong></span> <span class='ocrx_word' id='word_1_557' title='bbox 2981 4005 3088 4059; x_wconf 86' lang='grc' dir='ltr'><strong>τῶν</strong></span> <span class='ocrx_word' id='word_1_558' title='bbox 3114 4004 3208 4057; x_wconf 84' lang='grc' dir='ltr'><strong>τοῦ</strong></span> <span class='ocrx_word' id='word_1_559' title='bbox 3240 4001 3373 4057; x_wconf 88' lang='grc' dir='ltr'>Θεοῦ</span> <span class='ocrx_word' id='word_1_560' title='bbox 3414 3990 3747 4055; x_wconf 84' lang='grc' dir='ltr'>καθολικώτερον</span> 
     </span>
    </p>
   </div>
   <div class='ocr_carea' id='block_1_83' title="bbox 2286 4094 3460 4175">
    <p class='ocr_par' dir='ltr' id='par_1_83' title="bbox 2286 4094 3460 4175">
     <span class='ocr_line' id='line_1_84' title="bbox 2286 4094 3460 4175; baseline -0.011 -17"><span class='ocrx_word' id='word_1_561' title='bbox 2286 4104 2561 4175; x_wconf 86' lang='grc' dir='ltr'>στοιχείων</span> <span class='ocrx_word' id='word_1_562' title='bbox 2587 4100 2900 4155; x_wconf 80' lang='grc' dir='ltr'>ἐκδιδάσκου</span> <span class='ocrx_word' id='word_1_563' title='bbox 2928 4097 3021 4151; x_wconf 90' lang='grc' dir='ltr'><strong>τοῦ</strong></span> <span class='ocrx_word' id='word_1_564' title='bbox 3055 4094 3189 4150; x_wconf 89' lang='grc' dir='ltr'>Θεοῦ</span> <span class='ocrx_word' id='word_1_565' title='bbox 3220 4095 3460 4166; x_wconf 89' lang='grc' dir='ltr'>δύναμιν.</span> 
     </span>
    </p>
   </div>
   <div class='ocr_carea' id='block_1_84' title="bbox 2354 4179 3748 4264">
    <p class='ocr_par' dir='ltr' id='par_1_84' title="bbox 2354 4179 3748 4264">
     <span class='ocr_line' id='line_1_85' title="bbox 2354 4179 3748 4264; baseline -0.013 -15"><span class='ocrx_word' id='word_1_566' title='bbox 2354 4194 2520 4248; x_wconf 79' lang='grc' dir='ltr'>Πάλιν</span> <span class='ocrx_word' id='word_1_567' title='bbox 2561 4192 2697 4264; x_wconf 87' lang='grc' dir='ltr'>πρὸς</span> <span class='ocrx_word' id='word_1_568' title='bbox 2741 4192 2866 4252; x_wconf 84' lang='grc' dir='ltr'>τοὺς</span> <span class='ocrx_word' id='word_1_569' title='bbox 2926 4191 2982 4243; x_wconf 87' lang='grc' dir='ltr'><strong>ἐν</strong></span> <span class='ocrx_word' id='word_1_570' title='bbox 3017 4186 3277 4250; x_wconf 85' lang='grc' dir='ltr'>διανοίαις</span> <span class='ocrx_word' id='word_1_571' title='bbox 3318 4179 3581 4252; x_wconf 84' lang='grc' dir='ltr'>λογισμοὺς</span> <span class='ocrx_word' id='word_1_572' title='bbox 3633 4180 3748 4240; x_wconf 63' lang='grc' dir='ltr'>πρίοσι</span> 
     </span>
    </p>
   </div>
   <div class='ocr_carea' id='block_1_85' title="bbox 2283 4273 3748 4357">
    <p class='ocr_par' dir='ltr' id='par_1_85' title="bbox 2283 4273 3748 4357">
     <span class='ocr_line' id='line_1_86' title="bbox 2283 4273 3748 4357; baseline -0.016 -15"><span class='ocrx_word' id='word_1_573' title='bbox 2283 4288 2494 4357; x_wconf 80' lang='grc' dir='ltr'>υπαντᾷ</span> <span class='ocrx_word' id='word_1_574' title='bbox 2528 4288 2556 4339; x_wconf 87' lang='lat'><strong>6</strong></span> <span class='ocrx_word' id='word_1_575' title='bbox 2595 4286 2751 4352; x_wconf 87' lang='grc' dir='ltr'>λόγος</span> <span class='ocrx_word' id='word_1_576' title='bbox 2770 4299 2787 4316; x_wconf 74' lang='grc'><strong><em>⁸</em></strong></span> <span class='ocrx_word' id='word_1_577' title='bbox 2835 4283 2916 4335; x_wconf 84' lang='grc' dir='ltr'>ὅτι</span> <span class='ocrx_word' id='word_1_578' title='bbox 2942 4278 3122 4333; x_wconf 77' lang='grc' dir='ltr'>τοῦτον</span> <span class='ocrx_word' id='word_1_579' title='bbox 3155 4277 3244 4331; x_wconf 88' lang='grc' dir='ltr'><strong>τὸν</strong></span> <span class='ocrx_word' id='word_1_580' title='bbox 3273 4276 3400 4331; x_wconf 85' lang='grc' dir='ltr'>Θεὸν</span> <span class='ocrx_word' id='word_1_581' title='bbox 3427 4273 3506 4326; x_wconf 87' lang='grc' dir='ltr'><strong>τὸν</strong></span> <span class='ocrx_word' id='word_1_582' title='bbox 3542 4274 3748 4357; x_wconf 47' lang='grc' dir='ltr'>προμηγς</span> 
     </span>
    </p>
   </div>
   <div class='ocr_carea' id='block_1_86' title="bbox 2285 4345 3749 4443">
    <p class='ocr_par' dir='ltr' id='par_1_86' title="bbox 2285 4345 3749 4443">
     <span class='ocr_line' id='line_1_87' title="bbox 2285 4345 3749 4443; baseline -0.015 -12"><span class='ocrx_word' id='word_1_583' title='bbox 2285 4377 2444 4431; x_wconf 80' lang='grc' dir='ltr'>θέντα</span> <span class='ocrx_word' id='word_1_584' title='bbox 2470 4345 2562 4428; x_wconf 74' lang='grc' dir='ltr'>διὰ</span> <span class='ocrx_word' id='word_1_585' title='bbox 2586 4345 2695 4428; x_wconf 79' lang='grc' dir='ltr'><strong>τῶν</strong></span> <span class='ocrx_word' id='word_1_586' title='bbox 2726 4345 3028 4443; x_wconf 79' lang='grc' dir='ltr'>εἰρημένων</span> <span class='ocrx_word' id='word_1_587' title='bbox 3055 4370 3183 4432; x_wconf 70' lang='grc' dir='ltr'>ἴσως</span> <span class='ocrx_word' id='word_1_588' title='bbox 3215 4362 3468 4436; x_wconf 84' lang='grc' dir='ltr'>λογιεῖσθε</span> <span class='ocrx_word' id='word_1_589' title='bbox 3489 4357 3657 4415; x_wconf 84' lang='grc' dir='ltr'>θυσίαις</span> <span class='ocrx_word' id='word_1_590' title='bbox 3690 4345 3749 4409; x_wconf 75' lang='grc' dir='ltr'><strong>ἐξ·</strong></span> 
     </span>
    </p>
   </div>
   <div class='ocr_carea' id='block_1_87' title="bbox 2290 4442 3749 4537">
    <p class='ocr_par' dir='ltr' id='par_1_87' title="bbox 2290 4442 3749 4537">
     <span class='ocr_line' id='line_1_88' title="bbox 2290 4442 3749 4537; baseline -0.016 -17"><span class='ocrx_word' id='word_1_591' title='bbox 2290 4467 2575 4533; x_wconf 84' lang='grc' dir='ltr'>ιλεοῦσθαι,</span> <span class='ocrx_word' id='word_1_592' title='bbox 2619 4466 2692 4537; x_wconf 85' lang='grc' dir='ltr'>μὴ</span> <span class='ocrx_word' id='word_1_593' title='bbox 2738 4442 3107 4536; x_wconf 82' lang='grc' dir='ltr'>σκοπήσαντες</span> <span class='ocrx_word' id='word_1_594' title='bbox 3125 4501 3139 4526; x_wconf 93' lang='grc'><strong>,</strong></span> <span class='ocrx_word' id='word_1_595' title='bbox 3167 4460 3243 4524; x_wconf 81' lang='grc' dir='ltr'>ὡς</span> <span class='ocrx_word' id='word_1_596' title='bbox 3265 4460 3363 4514; x_wconf 79' lang='grc' dir='ltr'><strong>οὐκ</strong></span> <span class='ocrx_word' id='word_1_597' title='bbox 3381 4459 3435 4511; x_wconf 88' lang='grc' dir='ltr'><strong>ἐν</strong></span> <span class='ocrx_word' id='word_1_598' title='bbox 3451 4450 3586 4526; x_wconf 79' lang='grc' dir='ltr'>χρείᾳ</span> <span class='ocrx_word' id='word_1_599' title='bbox 3606 4442 3749 4499; x_wconf 72' lang='grc' dir='ltr'>τούτων</span> 
     </span>
    </p>
   </div>
   <div class='ocr_carea' id='block_1_88' title="bbox 620 4539 2215 4643">
    <p class='ocr_par' dir='ltr' id='par_1_88' title="bbox 620 4568 2184 4643">
     <span class='ocr_line' id='line_1_89' title="bbox 620 4568 2184 4643; baseline -0.006 -13"><span class='ocrx_word' id='word_1_600' title='bbox 620 4576 798 4631; x_wconf 89' lang='lat' dir='ltr'><strong>banus</strong></span> <span class='ocrx_word' id='word_1_601' title='bbox 838 4593 857 4625; x_wconf 73' lang='grc' dir='ltr'><strong>ι</strong></span> <span class='ocrx_word' id='word_1_602' title='bbox 911 4581 965 4631; x_wconf 90' lang='lat' dir='ltr'><strong>et</strong></span> <span class='ocrx_word' id='word_1_603' title='bbox 1013 4573 1153 4628; x_wconf 88' lang='lat' dir='ltr'><strong>silva</strong></span> <span class='ocrx_word' id='word_1_604' title='bbox 1195 4587 1304 4643; x_wconf 86' lang='lat' dir='ltr'><strong>qua</strong></span> <span class='ocrx_word' id='word_1_605' title='bbox 1357 4571 1658 4635; x_wconf 88' lang='lat' dir='ltr'><strong>obsidetur,</strong></span> <span class='ocrx_word' id='word_1_606' title='bbox 1706 4578 1800 4624; x_wconf 85' lang='lat' dir='ltr'><strong>aut</strong></span> <span class='ocrx_word' id='word_1_607' title='bbox 1851 4588 1870 4621; x_wconf 85' lang='grc'><strong><em>‹</em></strong></span> <span class='ocrx_word' id='word_1_608' title='bbox 1914 4568 2184 4624; x_wconf 75' lang='lat' dir='ltr'><strong>sufficient</strong></span> 
     </span>
    </p>
   </div>
   <div class='ocr_carea' id='block_1_89' title="bbox 2151 4539 3746 4643">
    <p class='ocr_par' dir='ltr' id='par_1_89' title="bbox 2151 4539 3746 4643">
     <span class='ocr_line' id='line_1_90' title="bbox 2151 4539 3746 4643; baseline -0.024 -24"><span class='ocrx_word' id='word_1_609' title='bbox 2151 4575 2184 4621; x_wconf 82' lang='grc' dir='ltr'><strong>ιι</strong></span> <span class='ocrx_word' id='word_1_610' title='bbox 2216 4539 2257 4580; x_wconf 72' lang='grc' dir='ltr'><strong><em>υ</em></strong></span> <span class='ocrx_word' id='word_1_611' title='bbox 2285 4561 2615 4629; x_wconf 79' lang='grc' dir='ltr'>καθέστηκεν</span> <span class='ocrx_word' id='word_1_612' title='bbox 2650 4598 2665 4623; x_wconf 88' lang='grc'><strong>,</strong></span> <span class='ocrx_word' id='word_1_613' title='bbox 2724 4551 2784 4613; x_wconf 72' lang='grc' dir='ltr'>οὗ</span> <span class='ocrx_word' id='word_1_614' title='bbox 2840 4555 2918 4627; x_wconf 83' lang='grc' dir='ltr'>τῷ</span> <span class='ocrx_word' id='word_1_615' title='bbox 2963 4555 3119 4626; x_wconf 55' lang='grc' dir='ltr'>λόγῳ,</span> <span class='ocrx_word' id='word_1_616' title='bbox 3168 4553 3240 4608; x_wconf 68' lang='grc' dir='ltr'><strong>τὰ</strong></span> <span class='ocrx_word' id='word_1_617' title='bbox 3290 4552 3455 4607; x_wconf 79' lang='grc' dir='ltr'>πάντα</span> <span class='ocrx_word' id='word_1_618' title='bbox 3511 4539 3746 4643; x_wconf 58' lang='grc' dir='ltr'>γεγένηταν</span> 
     </span>
    </p>
   </div>
   <div class='ocr_carea' id='block_1_90' title="bbox 621 4628 2216 4737">
    <p class='ocr_par' dir='ltr' id='par_1_90' title="bbox 621 4628 2185 4737">
     <span class='ocr_line' id='line_1_91' title="bbox 621 4628 2185 4737; baseline -0.004 -17"><span class='ocrx_word' id='word_1_619' title='bbox 621 4667 814 4720; x_wconf 71' lang='lat' dir='ltr'><strong>omnia.</strong></span> <span class='ocrx_word' id='word_1_620' title='bbox 851 4628 1231 4737; x_wconf 57' lang='lat' dir='ltr'><strong>quadrupedis;</strong></span> <span class='ocrx_word' id='word_1_621' title='bbox 1258 4663 1339 4718; x_wconf 86' lang='lat' dir='ltr'><strong>ad</strong></span> <span class='ocrx_word' id='word_1_622' title='bbox 1365 4628 1763 4727; x_wconf 81' lang='lat' dir='ltr'><strong>holocaustum,</strong></span> <span class='ocrx_word' id='word_1_623' title='bbox 1798 4679 1817 4712; x_wconf 78' lang='grc' dir='ltr'><strong>ι</strong></span> <span class='ocrx_word' id='word_1_624' title='bbox 1863 4662 1953 4715; x_wconf 90' lang='lat' dir='ltr'><strong>cui</strong></span> <span class='ocrx_word' id='word_1_625' title='bbox 1976 4668 2185 4714; x_wconf 66' lang='lat' dir='ltr'><strong>cunctae</strong></span> 
     </span>
    </p>
   </div>
   <div class='ocr_carea' id='block_1_91' title="bbox 2151 4628 3746 4737">
    <p class='ocr_par' dir='ltr' id='par_1_91' title="bbox 2151 4628 3746 4737">
     <span class='ocr_line' id='line_1_92' title="bbox 2151 4628 3746 4737; baseline -0.014 -27"><span class='ocrx_word' id='word_1_626' title='bbox 2151 4674 2185 4714; x_wconf 66' lang='grc' dir='ltr'>Β</span> <span class='ocrx_word' id='word_1_627' title='bbox 2291 4674 2309 4706; x_wconf 76' lang='grc' dir='ltr'><strong>ι</strong></span> <span class='ocrx_word' id='word_1_628' title='bbox 2334 4652 2624 4724; x_wconf 82' lang='grc' dir='ltr'>ἐπαρκέσει</span> <span class='ocrx_word' id='word_1_629' title='bbox 2679 4646 2777 4705; x_wconf 77' lang='grc' dir='ltr'><strong>οὖν</strong></span> <span class='ocrx_word' id='word_1_630' title='bbox 2826 4648 3057 4712; x_wconf 78' lang='grc' dir='ltr'>Λίϐανος</span> <span class='ocrx_word' id='word_1_631' title='bbox 3094 4666 3113 4699; x_wconf 75' lang='grc' dir='ltr'><strong><em>ι</em></strong></span> <span class='ocrx_word' id='word_1_632' title='bbox 3151 4648 3247 4700; x_wconf 76' lang='grc' dir='ltr'><strong>καὶ</strong></span> <span class='ocrx_word' id='word_1_633' title='bbox 3306 4648 3339 4716; x_wconf 81' lang='grc' dir='ltr'>ἡ</span> <span class='ocrx_word' id='word_1_634' title='bbox 3370 4644 3423 4696; x_wconf 82' lang='grc' dir='ltr'>ὲν</span> <span class='ocrx_word' id='word_1_635' title='bbox 3471 4638 3615 4704; x_wconf 85' lang='grc' dir='ltr'>τούτῳ</span> <span class='ocrx_word' id='word_1_636' title='bbox 3654 4628 3746 4737; x_wconf 49' lang='grc' dir='ltr'>ὕλης</span> 
     </span>
    </p>
   </div>
   <div class='ocr_carea' id='block_1_92' title="bbox 621 4719 2216 4829">
    <p class='ocr_par' dir='ltr' id='par_1_92' title="bbox 621 4719 2178 4829">
     <span class='ocr_line' id='line_1_93' title="bbox 621 4719 2178 4829; baseline -0.006 -16"><span class='ocrx_word' id='word_1_637' title='bbox 621 4765 832 4829; x_wconf 81' lang='lat' dir='ltr'><strong>gentes,</strong></span> <span class='ocrx_word' id='word_1_638' title='bbox 858 4719 1013 4827; x_wconf 51' lang='lat' dir='ltr'><strong>iuxta</strong></span> <span class='ocrx_word' id='word_1_639' title='bbox 1035 4719 1206 4828; x_wconf 69' lang='lat' dir='ltr'><strong>ipsius</strong></span> <span class='ocrx_word' id='word_1_640' title='bbox 1237 4755 1485 4819; x_wconf 88' lang='lat' dir='ltr'><strong>effatum,</strong></span> <span class='ocrx_word' id='word_1_641' title='bbox 1513 4773 1532 4806; x_wconf 76' lang='grc' dir='ltr'><strong>ι</strong></span> <span class='ocrx_word' id='word_1_642' title='bbox 1560 4753 1717 4825; x_wconf 83' lang='lat' dir='ltr'><strong>quasi</strong></span> <span class='ocrx_word' id='word_1_643' title='bbox 1742 4719 2112 4807; x_wconf 80' lang='lat' dir='ltr'><strong>nihilumsunt</strong></span> <span class='ocrx_word' id='word_1_644' title='bbox 2157 4770 2178 4803; x_wconf 84' lang='grc'>›</span> 
     </span>
    </p>
   </div>
   <div class='ocr_carea' id='block_1_93' title="bbox 2151 4719 3746 4829">
    <p class='ocr_par' dir='ltr' id='par_1_93' title="bbox 2157 4719 3746 4829">
     <span class='ocr_line' id='line_1_94' title="bbox 2157 4719 3746 4829; baseline -0.014 -27"><span class='ocrx_word' id='word_1_645' title='bbox 2157 4770 2178 4803; x_wconf 84' lang='grc'>›</span> <span class='ocrx_word' id='word_1_646' title='bbox 2289 4766 2309 4799; x_wconf 77' lang='grc' dir='ltr'><strong>ι</strong></span> <span class='ocrx_word' id='word_1_647' title='bbox 2344 4719 2564 4817; x_wconf 76' lang='grc' dir='ltr'>ἀρκέσει</span> <span class='ocrx_word' id='word_1_648' title='bbox 2590 4745 2645 4799; x_wconf 87' lang='grc' dir='ltr'><strong>δέ</strong></span> <span class='ocrx_word' id='word_1_649' title='bbox 2676 4747 2755 4809; x_wconf 83' lang='grc' dir='ltr'><strong>είς</strong></span> <span class='ocrx_word' id='word_1_650' title='bbox 2782 4742 3157 4815; x_wconf 84' lang='grc' dir='ltr'>ὁλοκάρπωσιν</span> <span class='ocrx_word' id='word_1_651' title='bbox 3191 4740 3363 4797; x_wconf 82' lang='grc' dir='ltr'>πάντα</span> <span class='ocrx_word' id='word_1_652' title='bbox 3388 4735 3451 4790; x_wconf 86' lang='grc' dir='ltr'>τὰ</span> <span class='ocrx_word' id='word_1_653' title='bbox 3478 4719 3746 4829; x_wconf 51' lang='grc' dir='ltr'>τετράῗοδαιο</span> 
     </span>
    </p>
   </div>
   <div class='ocr_carea' id='block_1_94' title="bbox 622 4816 2217 4909">
    <p class='ocr_par' dir='ltr' id='par_1_94' title="bbox 622 4849 1285 4905">
     <span class='ocr_line' id='line_1_95' title="bbox 622 4849 1285 4905; baseline -0.005 0"><span class='ocrx_word' id='word_1_654' title='bbox 622 4852 680 4905; x_wconf 89' lang='lat' dir='ltr'><strong>in</strong></span> <span class='ocrx_word' id='word_1_655' title='bbox 707 4849 933 4904; x_wconf 87' lang='lat' dir='ltr'><strong>nihilum</strong></span> <span class='ocrx_word' id='word_1_656' title='bbox 968 4857 1285 4904; x_wconf 87' lang='lat' dir='ltr'><strong>renutantur</strong></span> 
     </span>
    </p>
   </div>
   <div class='ocr_carea' id='block_1_95' title="bbox 2153 4816 3748 4909">
    <p class='ocr_par' dir='ltr' id='par_1_95' title="bbox 2281 4816 3748 4909">
     <span class='ocr_line' id='line_1_96' title="bbox 2281 4816 3748 4909; baseline -0.009 -17"><span class='ocrx_word' id='word_1_657' title='bbox 2281 4833 2326 4908; x_wconf 80' lang='grc' dir='ltr'><strong>ᾧ</strong></span> <span class='ocrx_word' id='word_1_658' title='bbox 2362 4816 2538 4893; x_wconf 81' lang='grc' dir='ltr'>πάντα</span> <span class='ocrx_word' id='word_1_659' title='bbox 2581 4839 2651 4892; x_wconf 88' lang='grc' dir='ltr'><strong>τά</strong></span> <span class='ocrx_word' id='word_1_660' title='bbox 2700 4837 2825 4909; x_wconf 78' lang='grc' dir='ltr'>ἔθνη</span> <span class='ocrx_word' id='word_1_661' title='bbox 2875 4833 3019 4891; x_wconf 83' lang='grc' dir='ltr'><strong>κατά</strong></span> <span class='ocrx_word' id='word_1_662' title='bbox 3075 4833 3136 4888; x_wconf 93' lang='grc' dir='ltr'><strong>τὸ</strong></span> <span class='ocrx_word' id='word_1_663' title='bbox 3189 4828 3475 4903; x_wconf 62' lang='grc' dir='ltr'>ὑποῶηθέν</span> <span class='ocrx_word' id='word_1_664' title='bbox 3525 4816 3748 4879; x_wconf 58' lang='grc' dir='ltr'><strong>ὑπόδειγμΞ</strong></span> 
     </span>
    </p>
   </div>
   <div class='ocr_carea' id='block_1_96' title="bbox 2200 4919 3505 5004">
    <p class='ocr_par' dir='ltr' id='par_1_96' title="bbox 2200 4919 3505 5004">
     <span class='ocr_line' id='line_1_97' title="bbox 2200 4919 3505 5004; baseline -0.012 -16"><span class='ocrx_word' id='word_1_665' title='bbox 2200 4960 2225 4989; x_wconf 77' lang='grc' dir='ltr'><em>ι</em></span> <span class='ocrx_word' id='word_1_666' title='bbox 2287 4932 2396 4996; x_wconf 66' lang='grc' dir='ltr'>ιςὸς</span> <span class='ocrx_word' id='word_1_667' title='bbox 2425 4932 2499 5004; x_wconf 91' lang='grc'><strong>(8)</strong></span> <span class='ocrx_word' id='word_1_668' title='bbox 2531 4925 2663 5004; x_wconf 86' lang='grc' dir='ltr'>ἧκεν</span> <span class='ocrx_word' id='word_1_669' title='bbox 2682 4934 2766 4995; x_wconf 86' lang='grc' dir='ltr'><strong>είς</strong></span> <span class='ocrx_word' id='word_1_670' title='bbox 2791 4929 3010 5000; x_wconf 85' lang='grc' dir='ltr'>γνῶσιν,</span> <span class='ocrx_word' id='word_1_671' title='bbox 3052 4948 3071 4980; x_wconf 76' lang='grc' dir='ltr'><strong>ι</strong></span> <span class='ocrx_word' id='word_1_672' title='bbox 3095 4926 3246 4982; x_wconf 84' lang='grc' dir='ltr'>οὐδὲν</span> <span class='ocrx_word' id='word_1_673' title='bbox 3274 4919 3505 4991; x_wconf 82' lang='grc' dir='ltr'>ἐλογίσθη</span> 
     </span>
    </p>
   </div>
   <div class='ocr_carea' id='block_1_97' title="bbox 690 5027 2179 5099">
    <p class='ocr_par' dir='ltr' id='par_1_97' title="bbox 690 5027 2179 5099">
     <span class='ocr_line' id='line_1_98' title="bbox 690 5027 2179 5099; baseline -0.005 -12"><span class='ocrx_word' id='word_1_674' title='bbox 690 5032 821 5087; x_wconf 71' lang='lat' dir='ltr'><strong>Cn.</strong></span> <span class='ocrx_word' id='word_1_675' title='bbox 858 5028 991 5096; x_wconf 87' lang='lat' dir='ltr'><strong>XLI,</strong></span> <span class='ocrx_word' id='word_1_676' title='bbox 1019 5028 1183 5085; x_wconf 69' lang='lat' dir='ltr'><strong>Vens.</strong></span> <span class='ocrx_word' id='word_1_677' title='bbox 1210 5029 1259 5084; x_wconf 80' lang='lat' dir='ltr'><strong>l.</strong></span> <span class='ocrx_word' id='word_1_678' title='bbox 1285 5031 1508 5085; x_wconf 81' lang='lat' dir='ltr'><strong>Animos</strong></span> <span class='ocrx_word' id='word_1_679' title='bbox 1535 5027 1829 5099; x_wconf 85' lang='lat' dir='ltr'><strong>alloquitur</strong></span> <span class='ocrx_word' id='word_1_680' title='bbox 1860 5027 2179 5096; x_wconf 76' lang='lat' dir='ltr'><strong>languentes</strong></span> 
     </span>
    </p>
   </div>
   <div class='ocr_carea' id='block_1_98' title="bbox 620 5117 2183 5189">
    <p class='ocr_par' dir='ltr' id='par_1_98' title="bbox 620 5117 2183 5189">
     <span class='ocr_line' id='line_1_99' title="bbox 620 5117 2183 5189; baseline -0.006 -8"><span class='ocrx_word' id='word_1_681' title='bbox 620 5136 674 5181; x_wconf 93' lang='lat' dir='ltr'><strong>et</strong></span> <span class='ocrx_word' id='word_1_682' title='bbox 706 5123 991 5179; x_wconf 82' lang='lat' dir='ltr'><strong>doloribus</strong></span> <span class='ocrx_word' id='word_1_683' title='bbox 1022 5122 1270 5177; x_wconf 83' lang='lat' dir='ltr'><strong>afflictos.</strong></span> <span class='ocrx_word' id='word_1_684' title='bbox 1305 5122 1453 5178; x_wconf 90' lang='lat' dir='ltr'><strong>Licet</strong></span> <span class='ocrx_word' id='word_1_685' title='bbox 1490 5122 1635 5176; x_wconf 93' lang='lat' dir='ltr'><strong>enim</strong></span> <span class='ocrx_word' id='word_1_686' title='bbox 1683 5119 1861 5187; x_wconf 89' lang='lat' dir='ltr'><strong>vobis,</strong></span> <span class='ocrx_word' id='word_1_687' title='bbox 1904 5117 2006 5189; x_wconf 87' lang='lat' dir='ltr'><strong>qui</strong></span> <span class='ocrx_word' id='word_1_688' title='bbox 2026 5118 2183 5188; x_wconf 78' lang='lat' dir='ltr'><strong>cupi-</strong></span> 
     </span>
    </p>
   </div>
   <div class='ocr_carea' id='block_1_99' title="bbox 620 5209 2181 5285">
    <p class='ocr_par' dir='ltr' id='par_1_99' title="bbox 620 5209 2181 5285">
     <span class='ocr_line' id='line_1_100' title="bbox 620 5209 2181 5285; baseline -0.005 -11"><span class='ocrx_word' id='word_1_689' title='bbox 620 5219 885 5275; x_wconf 78' lang='lat' dir='ltr'><strong>ditatibus</strong></span> <span class='ocrx_word' id='word_1_690' title='bbox 916 5214 1238 5271; x_wconf 76' lang='lat' dir='ltr'><strong>insenuistis</strong></span> <span class='ocrx_word' id='word_1_691' title='bbox 1263 5224 1317 5269; x_wconf 87' lang='lat' dir='ltr'><strong>et</strong></span> <span class='ocrx_word' id='word_1_692' title='bbox 1338 5214 1728 5285; x_wconf 88' lang='lat' dir='ltr'><strong>voluptatibus,</strong></span> <span class='ocrx_word' id='word_1_693' title='bbox 1748 5212 2038 5282; x_wconf 87' lang='lat' dir='ltr'><strong>depressas</strong></span> <span class='ocrx_word' id='word_1_694' title='bbox 2058 5209 2181 5266; x_wconf 90' lang='lat' dir='ltr'><strong>istis</strong></span> 
     </span>
    </p>
   </div>
   <div class='ocr_carea' id='block_1_100' title="bbox 621 5304 2196 5380">
    <p class='ocr_par' dir='ltr' id='par_1_100' title="bbox 621 5304 2196 5380">
     <span class='ocr_line' id='line_1_101' title="bbox 621 5304 2196 5380; baseline -0.008 -15"><span class='ocrx_word' id='word_1_695' title='bbox 621 5310 936 5380; x_wconf 89' lang='lat' dir='ltr'><strong>spirituales</strong></span> <span class='ocrx_word' id='word_1_696' title='bbox 968 5307 1113 5362; x_wconf 90' lang='lat' dir='ltr'><strong>vires</strong></span> <span class='ocrx_word' id='word_1_697' title='bbox 1158 5304 1418 5367; x_wconf 89' lang='lat' dir='ltr'><strong>relevare,</strong></span> <span class='ocrx_word' id='word_1_698' title='bbox 1446 5312 1501 5359; x_wconf 90' lang='lat' dir='ltr'><strong>et</strong></span> <span class='ocrx_word' id='word_1_699' title='bbox 1543 5305 1693 5357; x_wconf 89' lang='lat' dir='ltr'><strong>velut</strong></span> <span class='ocrx_word' id='word_1_700' title='bbox 1731 5308 2089 5365; x_wconf 87' lang='lat' dir='ltr'><strong>senectutem,</strong></span> <span class='ocrx_word' id='word_1_701' title='bbox 2118 5314 2196 5362; x_wconf 25' lang='lat' dir='ltr'><strong>ea,</strong></span> 
     </span>
    </p>
   </div>
   <div class='ocr_carea' id='block_1_101' title="bbox 620 5393 2182 5469">
    <p class='ocr_par' dir='ltr' id='par_1_101' title="bbox 620 5393 2182 5469">
     <span class='ocr_line' id='line_1_102' title="bbox 620 5393 2182 5469; baseline -0.007 -14"><span class='ocrx_word' id='word_1_702' title='bbox 620 5402 911 5469; x_wconf 87' lang='lat' dir='ltr'><strong>deponere,</strong></span> <span class='ocrx_word' id='word_1_703' title='bbox 947 5412 1286 5469; x_wconf 65' lang='lat' dir='ltr'><strong>quaecunque</strong></span> <span class='ocrx_word' id='word_1_704' title='bbox 1331 5395 1536 5449; x_wconf 89' lang='lat' dir='ltr'><strong>fuerint</strong></span> <span class='ocrx_word' id='word_1_705' title='bbox 1565 5394 1885 5449; x_wconf 87' lang='lat' dir='ltr'><strong>libidinibus</strong></span> <span class='ocrx_word' id='word_1_706' title='bbox 1928 5393 2100 5447; x_wconf 85' lang='lat' dir='ltr'><strong>fracta</strong></span> <span class='ocrx_word' id='word_1_707' title='bbox 2128 5398 2182 5445; x_wconf 91' lang='lat' dir='ltr'><strong>et</strong></span> 
     </span>
    </p>
   </div>
   <div class='ocr_carea' id='block_1_102' title="bbox 620 5486 2182 5562">
    <p class='ocr_par' dir='ltr' id='par_1_102' title="bbox 620 5486 2182 5562">
     <span class='ocr_line' id='line_1_103' title="bbox 620 5486 2182 5562; baseline -0.006 -17"><span class='ocrx_word' id='word_1_708' title='bbox 620 5508 787 5562; x_wconf 85' lang='lat' dir='ltr'><strong>prope</strong></span> <span class='ocrx_word' id='word_1_709' title='bbox 823 5491 1094 5547; x_wconf 86' lang='lat' dir='ltr'><strong>confecta.</strong></span> <span class='ocrx_word' id='word_1_710' title='bbox 1131 5489 1279 5555; x_wconf 85' lang='lat' dir='ltr'><strong>Quos</strong></span> <span class='ocrx_word' id='word_1_711' title='bbox 1318 5486 1527 5542; x_wconf 88' lang='lat' dir='ltr'><strong>insulas</strong></span> <span class='ocrx_word' id='word_1_712' title='bbox 1578 5487 1778 5556; x_wconf 89' lang='lat' dir='ltr'><strong>optime</strong></span> <span class='ocrx_word' id='word_1_713' title='bbox 1809 5491 2007 5550; x_wconf 84' lang='lat' dir='ltr'><strong>vocat;</strong></span> <span class='ocrx_word' id='word_1_714' title='bbox 2054 5497 2182 5537; x_wconf 89' lang='lat' dir='ltr'><strong>nam</strong></span> 
     </span>
    </p>
   </div>
   <div class='ocr_carea' id='block_1_103' title="bbox 621 5576 2181 5651">
    <p class='ocr_par' dir='ltr' id='par_1_103' title="bbox 621 5576 2181 5651">
     <span class='ocr_line' id='line_1_104' title="bbox 621 5576 2181 5651; baseline -0.004 -14"><span class='ocrx_word' id='word_1_715' title='bbox 621 5585 762 5637; x_wconf 85' lang='lat' dir='ltr'><strong>sicut</strong></span> <span class='ocrx_word' id='word_1_716' title='bbox 782 5584 995 5648; x_wconf 84' lang='lat' dir='ltr'><strong>insulae,</strong></span> <span class='ocrx_word' id='word_1_717' title='bbox 1031 5582 1207 5638; x_wconf 90' lang='lat' dir='ltr'><strong>medio</strong></span> <span class='ocrx_word' id='word_1_718' title='bbox 1236 5583 1293 5637; x_wconf 90' lang='lat' dir='ltr'><strong>in</strong></span> <span class='ocrx_word' id='word_1_719' title='bbox 1341 5594 1491 5635; x_wconf 89' lang='lat' dir='ltr'><strong>mare</strong></span> <span class='ocrx_word' id='word_1_720' title='bbox 1516 5576 1772 5633; x_wconf 87' lang='lat' dir='ltr'><strong>fluctibus</strong></span> <span class='ocrx_word' id='word_1_721' title='bbox 1796 5576 2181 5651; x_wconf 87' lang='lat' dir='ltr'><strong>_circumluun-</strong></span> 
     </span>
    </p>
   </div>
   <div class='ocr_carea' id='block_1_104' title="bbox 690 5734 1759 5809">
    <p class='ocr_par' dir='ltr' id='par_1_104' title="bbox 690 5734 1759 5809">
     <span class='ocr_line' id='line_1_105' title="bbox 690 5734 1759 5809; baseline -0.007 -13"><span class='ocrx_word' id='word_1_722' title='bbox 690 5739 763 5802; x_wconf 74' lang='lat'><strong>(6‘;</strong></span> <span class='ocrx_word' id='word_1_723' title='bbox 798 5739 983 5809; x_wconf 75' lang='lat' dir='ltr'><strong>Potius</strong></span> <span class='ocrx_word' id='word_1_724' title='bbox 1012 5740 1269 5807; x_wconf 57' lang='grc' dir='ltr'>ὑθᾷοῦσθαι</span> <span class='ocrx_word' id='word_1_725' title='bbox 1290 5749 1380 5796; x_wconf 84' lang='lat' dir='ltr'><strong>aut</strong></span> <span class='ocrx_word' id='word_1_726' title='bbox 1411 5734 1759 5809; x_wconf 72' lang='grc' dir='ltr'>πληροῦσθαι.</span> 
     </span>
    </p>
   </div>
   <div class='ocr_carea' id='block_1_105' title="bbox 689 5808 1117 5873">
    <p class='ocr_par' dir='ltr' id='par_1_105' title="bbox 689 5808 1117 5873">
     <span class='ocr_line' id='line_1_106' title="bbox 689 5808 1117 5873; baseline -0.007 -8"><span class='ocrx_word' id='word_1_727' title='bbox 689 5810 760 5867; x_wconf 74' lang='lat' dir='ltr'><strong>f7)</strong></span> <span class='ocrx_word' id='word_1_728' title='bbox 793 5808 975 5863; x_wconf 78' lang='lat' dir='ltr'><strong>l’olitts</strong></span> <span class='ocrx_word' id='word_1_729' title='bbox 1006 5813 1117 5873; x_wconf 63' lang='grc' dir='ltr'>τὰς.</span> 
     </span>
    </p>
   </div>
   <div class='ocr_carea' id='block_1_106' title="bbox 2357 4994 3749 5095">
    <p class='ocr_par' dir='ltr' id='par_1_106' title="bbox 2357 4994 3749 5095">
     <span class='ocr_line' id='line_1_107' title="bbox 2357 4994 3749 5095; baseline -0.012 -17"><span class='ocrx_word' id='word_1_730' title='bbox 2551 4994 2649 5087; x_wconf 71' lang='grc' dir='ltr'><strong>τὰς</strong></span> <span class='ocrx_word' id='word_1_731' title='bbox 2692 5023 2768 5094; x_wconf 83' lang='grc' dir='ltr'>μὴ</span> <span class='ocrx_word' id='word_1_732' title='bbox 2803 4994 3118 5093; x_wconf 59' lang='grc' dir='ltr'><strong>⁷ἰσχυούσας</strong></span> <span class='ocrx_word' id='word_1_733' title='bbox 3155 5017 3361 5079; x_wconf 85' lang='grc' dir='ltr'>ὀδύναις</span> <span class='ocrx_word' id='word_1_734' title='bbox 3394 5014 3464 5066; x_wconf 64' lang='grc' dir='ltr'>δτε</span> <span class='ocrx_word' id='word_1_735' title='bbox 3491 4994 3749 5095; x_wconf 57' lang='grc' dir='ltr'><strong>πριιττοῦτῖτξς</strong></span> 
     </span>
    </p>
   </div>
   <div class='ocr_carea' id='block_1_107' title="bbox 2286 5083 3747 5186">
    <p class='ocr_par' dir='ltr' id='par_1_107' title="bbox 2286 5083 3747 5186">
     <span class='ocr_line' id='line_1_108' title="bbox 2286 5083 3747 5186; baseline -0.039 1"><span class='ocrx_word' id='word_1_736' title='bbox 2286 5083 2461 5186; x_wconf 65' lang='grc' dir='ltr'>ψυχάς</span> <span class='ocrx_word' id='word_1_737' title='bbox 2479 5083 2801 5186; x_wconf 64' lang='grc' dir='ltr'><strong>⁷συμδούλία</strong></span> <span class='ocrx_word' id='word_1_738' title='bbox 2862 5083 3226 5186; x_wconf 42' lang='grc' dir='ltr'>προσάγεται)</span> <span class='ocrx_word' id='word_1_739' title='bbox 3278 5111 3358 5164; x_wconf 85' lang='grc' dir='ltr'>ὃτι</span> <span class='ocrx_word' id='word_1_740' title='bbox 3404 5102 3554 5170; x_wconf 80' lang='grc' dir='ltr'>ταύτῃ</span> <span class='ocrx_word' id='word_1_741' title='bbox 3589 5083 3747 5186; x_wconf 60' lang='grc' dir='ltr'>δυνατὸν</span> 
     </span>
    </p>
   </div>
   <div class='ocr_carea' id='block_1_108' title="bbox 2284 5181 3745 5279">
    <p class='ocr_par' dir='ltr' id='par_1_108' title="bbox 2284 5181 3745 5279">
     <span class='ocr_line' id='line_1_109' title="bbox 2284 5181 3745 5279; baseline 0.016 -23"><span class='ocrx_word' id='word_1_742' title='bbox 2464 5181 2978 5278; x_wconf 40' lang='grc' dir='ltr'>τὰς-ἐγχρονισάσας</span> <span class='ocrx_word' id='word_1_743' title='bbox 3025 5181 3222 5267; x_wconf 73' lang='grc' dir='ltr'>ἐντοῖς</span> <span class='ocrx_word' id='word_1_744' title='bbox 3258 5190 3546 5254; x_wconf 59' lang='grc' dir='ltr'><strong>πάθεσικαὶ</strong></span> <span class='ocrx_word' id='word_1_745' title='bbox 3572 5181 3745 5279; x_wconf 44' lang='grc' dir='ltr'><strong>παηωῖ</strong></span> 
     </span>
    </p>
   </div>
   <div class='ocr_carea' id='block_1_109' title="bbox 2286 5268 3745 5366">
    <p class='ocr_par' dir='ltr' id='par_1_109' title="bbox 2286 5268 3745 5366">
     <span class='ocr_line' id='line_1_110' title="bbox 2286 5268 3745 5366; baseline -0.016 -14"><span class='ocrx_word' id='word_1_746' title='bbox 2286 5299 2471 5362; x_wconf 87' lang='grc' dir='ltr'>θείσας</span> <span class='ocrx_word' id='word_1_747' title='bbox 2501 5299 2558 5351; x_wconf 90' lang='grc' dir='ltr'><strong>ἐν</strong></span> <span class='ocrx_word' id='word_1_748' title='bbox 2600 5300 2719 5359; x_wconf 86' lang='grc' dir='ltr'>ταῖς</span> <span class='ocrx_word' id='word_1_749' title='bbox 2750 5296 2983 5366; x_wconf 77' lang='grc' dir='ltr'>ἡδοναῖς,</span> <span class='ocrx_word' id='word_1_750' title='bbox 3025 5293 3081 5348; x_wconf 82' lang='grc' dir='ltr'><strong>ἕν</strong></span> <span class='ocrx_word' id='word_1_751' title='bbox 3115 5310 3174 5347; x_wconf 89' lang='grc' dir='ltr'><strong>τε</strong></span> <span class='ocrx_word' id='word_1_752' title='bbox 3201 5290 3402 5350; x_wconf 85' lang='grc' dir='ltr'>τούτοις</span> <span class='ocrx_word' id='word_1_753' title='bbox 3441 5268 3745 5366; x_wconf 62' lang='grc' dir='ltr'>κατασυρείξαῖ</span> 
     </span>
    </p>
   </div>
   <div class='ocr_carea' id='block_1_110' title="bbox 2285 5354 3744 5457">
    <p class='ocr_par' dir='ltr' id='par_1_110' title="bbox 2285 5354 3744 5457">
     <span class='ocr_line' id='line_1_111' title="bbox 2285 5354 3744 5457; baseline -0.016 -13"><span class='ocrx_word' id='word_1_754' title='bbox 2285 5389 2571 5444; x_wconf 78' lang='grc' dir='ltr'>ἀναλαϐεῖν</span> <span class='ocrx_word' id='word_1_755' title='bbox 2602 5354 3218 5457; x_wconf 40' lang='grc' dir='ltr'>τὰς-ἐαυτῶνηψυχικάς</span> <span class='ocrx_word' id='word_1_756' title='bbox 3267 5379 3535 5449; x_wconf 85' lang='grc' dir='ltr'>δυνάμεις·</span> <span class='ocrx_word' id='word_1_757' title='bbox 3680 5354 3744 5407; x_wconf 69' lang='grc' dir='ltr'><strong>ὥσ·</strong></span> 
     </span>
    </p>
   </div>
   <div class='ocr_carea' id='block_1_111' title="bbox 2286 5452 3742 5551">
    <p class='ocr_par' dir='ltr' id='par_1_111' title="bbox 2286 5452 3742 5551">
     <span class='ocr_line' id='line_1_112' title="bbox 2286 5452 3742 5551; baseline 0.009 -22"><span class='ocrx_word' id='word_1_758' title='bbox 2286 5499 2391 5551; x_wconf 81' lang='grc' dir='ltr'><strong>περ</strong></span> <span class='ocrx_word' id='word_1_759' title='bbox 2425 5481 2599 5551; x_wconf 80' lang='grc' dir='ltr'>γῆρας</span> <span class='ocrx_word' id='word_1_760' title='bbox 2645 5478 2939 5532; x_wconf 84' lang='grc' dir='ltr'>ἀποθέσθαι</span> <span class='ocrx_word' id='word_1_761' title='bbox 2984 5452 3173 5541; x_wconf 86' lang='grc' dir='ltr'><strong>ἐν</strong></span> <span class='ocrx_word' id='word_1_762' title='bbox 3224 5475 3333 5536; x_wconf 77' lang='grc' dir='ltr'>τοῖς</span> <span class='ocrx_word' id='word_1_763' title='bbox 3369 5452 3742 5551; x_wconf 50' lang='grc' dir='ltr'><strong>πάθεσίθῗαλαιωξ</strong></span> 
     </span>
    </p>
   </div>
   <div class='ocr_carea' id='block_1_112' title="bbox 2283 5529 3743 5643">
    <p class='ocr_par' dir='ltr' id='par_1_112' title="bbox 2283 5529 3743 5643">
     <span class='ocr_line' id='line_1_113' title="bbox 2283 5529 3743 5643; baseline -0.006 -18"><span class='ocrx_word' id='word_1_764' title='bbox 2283 5529 2617 5635; x_wconf 49' lang='grc' dir='ltr'>θείῗςαςηκαὶ</span> <span class='ocrx_word' id='word_1_765' title='bbox 2677 5572 2861 5643; x_wconf 79' lang='grc' dir='ltr'>ὥσπερ</span> <span class='ocrx_word' id='word_1_766' title='bbox 2914 5569 3305 5643; x_wconf 86' lang='grc' dir='ltr'>νεκρωθείσας·</span> <span class='ocrx_word' id='word_1_767' title='bbox 3338 5562 3402 5625; x_wconf 74' lang='grc' dir='ltr'>ἃς</span> <span class='ocrx_word' id='word_1_768' title='bbox 3431 5556 3513 5612; x_wconf 61' lang='grc' dir='ltr'>καὶ</span> <span class='ocrx_word' id='word_1_769' title='bbox 3562 5529 3743 5617; x_wconf 52' lang='lat' dir='ltr'><strong>vim“</strong></span> 
     </span>
    </p>
   </div>
   <div class='ocr_carea' id='block_1_113' title="bbox 2362 5727 2776 5800">
    <p class='ocr_par' dir='ltr' id='par_1_113' title="bbox 2362 5727 2776 5800">
     <span class='ocr_line' id='line_1_114' title="bbox 2362 5727 2776 5800; baseline -0.012 -18"><span class='ocrx_word' id='word_1_770' title='bbox 2362 5729 2436 5800; x_wconf 85' lang='lat'><strong>(8)</strong></span> <span class='ocrx_word' id='word_1_771' title='bbox 2469 5727 2508 5783; x_wconf 89' lang='lat' dir='ltr'><strong>F</strong></span> <span class='ocrx_word' id='word_1_772' title='bbox 2511 5737 2626 5784; x_wconf 87' lang='lat' dir='ltr'><strong>orte</strong></span> <span class='ocrx_word' id='word_1_773' title='bbox 2662 5728 2776 5799; x_wconf 72' lang='grc' dir='ltr'>οὐχ.</span> 
     </span>
    </p>
   </div>
  </div>
