4038 6288
276 436 408 491 1355

1642 427 1709 482 IN
1743 426 2000 484 ISAIAM.

3380 413 3396 465 Ι
3409 412 3510 465 354

271 553 424 620 λόγος
477 548 650 610 καλεῖ,
683 546 802 599 καθ’
827 546 1078 617 ὁμοίωσιν
1111 545 1216 599 τῶν
1247 545 1424 616 νήσων
1461 544 1684 610 τούτων,
1721 545 1777 597 αἶ
1804 545 1859 597 ἐν

1975 552 2074 608 tur,
2099 557 2208 598 non
2246 554 2376 595 vero
2410 539 2871 605 submerguntur;
2904 533 2977 586 ita
3009 528 3175 584 animi
3209 527 3377 582 nostri
3409 526 3515 579 hu-

289 645 432 717 μέσῳ
445 641 529 712 τῷ
547 639 768 708 πελάγει
781 640 1072 710 ἑστήκασιν
1096 636 1566 710 περικλυζόμεναι,
1586 635 1659 708 μὴ
1677 637 1852 706 μέντοι

288 731 847 803 καταποντιζόμεναι·
899 731 1039 784 οὕτω
1075 731 1168 785 καὶ
1201 731 1257 782 αἱ
1284 729 1454 800 ψυχαὶ
1494 729 1598 782 ὑπὸ
1656 728 1762 782 τῶν
1798 731 1854 782 ἐν

288 827 365 897 τῷ
402 825 592 896 κόσμῳ
629 824 986 896 πραγμάτων,
1011 823 1070 876 οὐ
1101 822 1203 893 μὴν
1242 821 1376 876 ἀλλὰ
1403 822 1497 876 καὶ
1529 821 1852 892 σωματικῶν

290 915 498 980 παθῶν,
558 912 815 985 ἁλμυρῶν
846 912 1036 977 ὄντων,
1074 911 1492 975 ἐπικλύζονται·
1546 909 1854 965 άπεκδύσα-

1961 634 2138 689 manis
2167 630 2421 702 negotiis,
2457 625 2760 697 praesertim
2791 638 2921 678 vero
2960 617 3338 689 corporalibus
3361 617 3518 685 cupi-

1961 726 2252 788 ditatibus,
2280 737 2402 792 qua:
2431 726 2484 777 et
2526 719 2684 774 salsae
2713 721 2863 780 sunt,
2895 713 3189 783 agitantur.
3217 739 3285 748 ——
3319 706 3519 760 Eadem

1963 818 2177 873 ratione
2209 815 2464 869 hortatur
2494 826 2595 866 nos
2621 806 2936 878 Apostolus,
2968 810 3027 858 ut
3069 808 3306 856 veterem
3341 796 3521 852 homi-

1961 924 2086 966 nem
2125 906 2501 978 exspoliantes
2526 917 2726 958 novum
2757 898 3048 955 induamus
3073 895 3134 950 "‘.

295 1010 414 1064 σθαι
456 1008 632 1063 τοίνυν
659 1007 861 1072 ταύτας
907 1007 998 1060 τὸν
1063 1005 1287 1060 παλαιὸν
1355 1006 1640 1078 ἄνθρωπον
1663 1046 1677 1071 ,
1742 1007 1836 1060 καὶ
1903 1005 2221 1060 ἐνδύσασθαι
2275 1003 2366 1057 τὸν
2427 1001 2544 1056 νέον
2567 1039 2582 1067 ,
2650 999 2742 1052 καὶ⁹
2810 999 2837 1050 ὁ
2905 991 3222 1055 Ἀπόστολος
3282 1002 3520 1044 παρακε-

291 1105 527 1159 λεύεται.

362 1224 498 1295 Περὶ
541 1221 724 1294 Κύρου
775 1222 954 1290 λέγει,
997 1221 1056 1275 ὃν
1106 1221 1328 1286 δικαίως
1379 1222 1638 1294 ἐπήγειρε
1685 1221 1860 1275 Βαϐυ-

292 1312 830 1377 λῶνι.-Ὑπέταξεν
860 1310 1009 1382 αὐτῷ
1042 1311 1289 1374 πολλοὺς,
1328 1311 1421 1364 ἴνα·
1446 1309 1644 1381 καθέλῃ
1686 1309 1861 1363 Βαϐυ-

298 1409 443 1462 λῶνα
471 1406 713 1469 δικαίως.

365 1518 475 1590 Τὴν
533 1519 717 1588 σχέσιν
773 1516 871 1588 τὴν
909 1515 1102 1570 ἐαυτοῦ
1141 1516 1278 1587 πρὸς
1315 1515 1478 1569 αὑτὸν
1517 1515 1732 1587 Ἰσραὴλ
1772 1514 1863 1568 τὸν

296 1610 436 1664 κατά
469 1608 746 1682 προκοπὴν
786 1608 1041 1678 λεχθέντα
1098 1607 1328 1662 ἐνταῦθα
1385 1608 1787 1679 ὑπομιμνήσκει
1835 1609 1863 1659 ὁ

295 1702 447 1767 Θεὸς,
471 1702 634 1756 παῖδα
661 1702 822 1755 αὑτὸν
851 1700 1158 1765 ἀποκαλῶν,
1182 1701 1283 1754 οὐκ
1312 1701 1372 1767 ἐξ
1400 1701 1542 1770 ὠνῆς
1571 1699 1857 1770 κτηθέντα,

293 1795 400 1847 οὐδ’
440 1794 717 1866 ἀλλότριον
742 1793 1179 1864 περιποιηθέντα,
1215 1792 1328 1846 ἀλλ’
1364 1793 1438 1857 ὡς
1485 1793 1596 1845 υἱὸν
1627 1791 1731 1844 ὑπὸ
1755 1809 1859 1844 πα-

271 1887 419 1960 δτρὺς
471 1885 902 1957 προσληφθέντα,
949 1885 1006 1938 ὃν
1053 1886 1146 1938 καὶ
1183 1883 1377 1938 Ἰακὼϐ
1421 1883 1605 1947 καλεῖ,
1655 1882 1861 1935 ἐκείνου

292 1979 420 2033 ὄντα
467 1977 709 2048 διάδοχον
737 2018 754 2042 ,
809 1977 904 2031 καὶ
959 1978 1018 2030 ἐν
1050 1977 1130 2047 τῷ
1155 1976 1341 2047 κλήρῳ
1361 2038 1369 2044 ε
1393 1976 1501 2030 τῶν
1540 1977 1745 2030 ἐκείνου
1772 1991 1863 2028 τε-

292 2087 511 2124 Λουντα.

361 2182 472 2254 Τὴν
505 2181 657 2253 παρά
689 2179 782 2233 τοῦ
811 2179 946 2233 Θεοῦ
977 2179 1147 2250 ῥοπὴν
1190 2179 1373 2241 αὐτοῖς
1410 2176 1723 2248 γινομένην,
1771 2175 1866 2228 καλ⁸

289 2274 387 2346 τὴν
415 2274 561 2328 κατὰ
589 2272 696 2327 τῶν
743 2271 955 2344 ἐχθρῶν
997 2272 1208 2342 ἄμυναν
1263 2269 1620 2328 ἐκδιδάσκων,
1670 2267 1867 2330 αὐτοὺς

291 2365 519 2439 θαρρεῖν
552 2364 1016 2436 παρακελεύεται*
1062 2360 1204 2432 Ἐγὼ
1247 2363 1378 2433 γὰρ,
1435 2359 1620 2430 φησὶν,
1666 2359 1867 2429 ἐθέμην

295 2477 355 2513 σε
384 2459 565 2522 οὕτως
597 2458 804 2530 ἰσχύειν
837 2457 980 2510 κατά
1023 2456 1132 2510 τῶν
1162 2455 1402 2527 ἐχθρῶν,
1433 2454 1508 2516 ὼς
1551 2453 1617 2507 ἂν
1643 2452 1870 2524 τροχοὺς

293 2552 553 2624 σιδηροῦς
599 2551 1031 2623 πριστηροειδεῖς
1076 2547 1411 2618 καταλάϐῃς,
1445 2547 1540 2600 καὶ
1581 2545 1758 2598 πάντα
1803 2543 1871 2596 τὰ

292 2644 422 2716 ἐθνη
457 2661 536 2698 σοι
587 2641 942 2713 ὑποϐεϐηκὼς
973 2644 1053 2704 εἰς
1091 2641 1153 2693 τὸ
1185 2638 1566 2708 καταπατῆσαι
1596 2636 1764 2690 αὐτά·
1806 2635 1872 2688 τὰ

292 2737 471 2790 τοίνυν
498 2736 762 2808 αἰρόμενα
802 2734 1137 2806 φρυάγματα
1169 2732 1244 2795 ὡς
1278 2731 1380 2802 ὄρη
1412 2731 1508 2783 καὶ
1542 2729 1667 2792 τοὺς
1701 2725 1873 2798 ὑψαύ-

293 2847 458 2900 χενας
486 2830 780 2900 λογισμοὺς
813 2828 1022 2897 βουνοῖς
1053 2823 1570 2896 παραϐαλλομένους
1599 2821 1740 2874 οὕτω
1765 2837 1872 2873 πα-

293 2923 483 2991 τήσεις
519 2922 611 2974 καὶ
643 2922 721 2984 εἰς
751 2918 900 2972 οὐδὲν
937 2916 1237 2981 ἀποδείξεις
1258 2958 1270 2979 ,
1305 2917 1381 2980 ὡς
1416 2916 1562 2969 κόνει
1594 2913 1875 2984 παραϐάλ-

294 3014 518 3068 λεσθαι·
560 3014 588 3066 ὃ
619 3015 684 3084 δὴ
717 3013 808 3066 καὶ
848 3012 1072 3081 γέγονεν
1120 3011 1212 3064 ἐπὶ
1237 3008 1331 3063 τοῦ
1390 3009 1704 3080 Ἀσσυρίουο
1743 3006 1875 3079 μηδέ

294 3107 406 3176 γὰρ
436 3107 846 3177 πολεμήσαντος
873 3103 968 3157 τοῦ
1001 3103 1234 3175 Ἰσραὴλ,
1271 3103 1404 3175 μηδὲ
1433 3099 1874 3174 ἀντιπαραταξα-

299 3200 463 3270 μένου
513 3199 731 3263 τούτου,
766 3197 922 3270 ὤφθη
965 3197 1026 3252 τὸ
1075 3196 1256 3249 πεδίον
1296 3195 1504 3267 νεκρῶν
1545 3195 1871 3266 πλεπληρω-
1899 3215 1941 3272 C

297 3293 486 3364 μένον,
536 3290 774 3364 Χριστοῦ
824 3290 968 3363 χειρὶ
1015 3288 1257 3362 κρυφαία
1316 3289 1507 3341 ἑκατὸν
1546 3287 1875 3357 ὀγδοήκοντα

299 3385 462 3439 πέντε
484 3384 736 3455 χιλιάδας
774 3383 1054 3445 ἀνελόντος
1075 3398 1088 3411 ·
1121 3381 1196 3444 ὡς
1223 3379 1314 3434 τὸν
1357 3378 1574 3450 Ἰσραὴλ
1609 3377 1770 3448 μόνον
1797 3379 1877 3440 είς

300 3477 429 3532 θέαν
482 3477 710 3548 ἐκϐῆναι
742 3475 835 3531 τοῦ
868 3475 1010 3529 οὕτω
1051 3472 1286 3546 μεγάλου
1340 3471 1646 3544 παραδόξου
1667 3510 1682 3535 ,
1719 3473 1881 3523 ἐπευ-

299 3570 662 3642 φραινόμενον
689 3570 780 3623 ἐπὶ
804 3571 870 3639 τῇ
903 3567 1045 3621 οὕτω
1076 3565 1225 3638 παρά
1251 3564 1344 3618 τοῦ
1383 3565 1516 3618 Θεοῦ
1546 3563 1849 3634 ἀντιλήψει.

369 3708 454 3762 Τά
482 3707 909 3779 καταληψόμενα
939 3707 1134 3770 αὐτοὺς
1159 3706 1284 3769 τοὺς
1311 3705 1537 3778 ἐχθροὺς
1562 3705 1739 3759 αὐτῶν
1767 3705 1882 3759 δια-

300 3802 524 3872 γορεύει
559 3803 586 3853 ὁ
617 3801 791 3867 λόγος.

373 3913 488 3986 Τὴν
517 3911 608 3966 τοῦ
645 3911 928 3982 ’Λσσυρίου
967 3911 1061 3964 καὶ
1091 3910 1190 3982 τὴν
1211 3910 1320 3964 τῶν
1356 3911 1666 3979 Αἰγυπτίων
1698 3908 1881 3979 ἔφοδον

301 4005 502 4075 γνώμῃ
557 4002 721 4058 αὐτοῦ
773 4001 1104 4072 γεγενῆσθαι
1161 4001 1520 4075 ὑπαγορεύειο
1564 4001 1697 4055 Οὐδὲ
1739 4001 1880 4072 γὰρ,

303 4096 496 4166 φησὶν,
536 4091 680 4150 οὗτοι
728 4093 981 4164 εἰσῄεσαν
1011 4094 1099 4161 ἂν,
1128 4097 1176 4147 εἰ
1213 4096 1286 4166 μή
1343 4113 1406 4164 γε
1437 4094 1598 4158 αὐτὸς
1645 4093 1882 4147 ἀνεδίδου

302 4188 496 4252 αὐτοῖς
511 4187 652 4242 κατὰ
687 4185 1069 4260 συγχώρησιν
1122 4187 1197 4251 ὡς
1229 4189 1352 4258 ἐμοὶ
1388 4187 1568 4240 τοίνυν
1613 4185 1886 4239 διακονού-

306 4295 487 4347 μενοι,
516 4277 757 4349 ἰσχύουσι
782 4277 899 4330 καθ⁹
929 4277 1081 4346 ὑμῶν
1112 4277 1187 4340 ὡς
1227 4278 1366 4332 κατά
1405 4276 1576 4348 πηλοῦ
1608 4277 1667 4331 ὃν
1697 4280 1884 4331 πατεῖν

306 4370 658 4442 μελλήσουσι.
694 4371 959 4444 Παρέστω
989 4370 1166 4424 τοίνυν
1202 4373 1297 4425 καὶ
1327 4370 1436 4424 τῶν
1475 4369 1644 4423 ἐθνῶν
1667 4387 1750 4434 τις
1780 4372 1886 4442 πρὸ

305 4461 526 4517 αἰώνων
555 4462 692 4517 ὅλων
709 4463 778 4516 τὰ
798 4465 1058 4534 μέλλοντα
1086 4461 1307 4516 ἔσεσθαι
1337 4460 1636 4534 προλέξων”
1663 4462 1756 4516 καὶ
1780 4463 1888 4516 δει-

2031 1218 2199 1274 Vens.
2233 1216 2289 1272 2.
2332 1214 2408 1270 De
2436 1212 2580 1284 Cyro
2642 1201 3053 1282 agiturfqu'em
3087 1207 3212 1277 jure
3238 1197 3299 1259 in
3348 1198 3523 1276 Baby-

1961 1311 2140 1366 lonem
2171 1307 2475 1363 suscitavit.
2494 1334 2565 1344 —
2586 1301 2784 1356 Multos
2817 1300 2988 1370 ipsius
3017 1297 3243 1366 imperio
3270 1295 3522 1366 subjecit,

1963 1411 2022 1458 ut
2044 1401 2239 1458 merito
2261 1399 2589 1471 Babylonem
2623 1400 2911 1452 everteret.

2033 1515 2199 1571 Vens.
2231 1513 2284 1568 8.
2328 1511 2570 1567 Aﬂ'ectus
2621 1525 2752 1566 suos
2802 1509 2860 1562 in
2919 1505 3086 1561 Israel
3117 1511 3384 1560 memorat
3435 1502 3526 1558 hic

1965 1611 2128 1674 Deus,
2153 1607 2258 1662 hoc
2286 1613 2370 1661 est
2401 1604 2458 1658 in
2499 1604 2650 1672 ipsos
2682 1599 2980 1656 lsraelitas.
3013 1596 3246 1652 Puerum
3281 1609 3403 1650 eum
3430 1610 3527 1647 vo-

1965 1709 2086 1767 cat,
2115 1715 2227 1755 non
2259 1687 2484 1769 pecunia
2519 1701 2784 1764 emptum,
2832 1707 2942 1748 non
2985 1691 3052 1745 ab
3095 1689 3272 1743 alieno
3322 1689 3379 1742 in
3429 1702 3529 1741 sua

1966 1801 2263 1863 receptum,
2291 1788 2387 1846 sed
2409 1795 2470 1844 ut
2500 1785 2698 1841 Filium
2731 1800 2762 1839 a
2796 1783 2959 1838 Patre
2993 1787 3336 1850 susceptum;
3367 1793 3529 1849 quem

1965 1895 2017 1941 et
2038 1884 2208 1940 Jacob
2235 1882 2369 1938 dicit
2387 1882 2431 1913 ¹⁵
2505 1880 2630 1936 'uod
2651 1879 2742 1933 hic
2762 1875 2942 1931 Patris
2973 1875 3168 1940 haeres,
3193 1870 3380 1928 eadem
3412 1887 3530 1927 sor-

1963 1978 2118 2034 titus.

2039 2177 2206 2234 Vens.
2230 2177 2317 2231 '15.
2337 2175 2474 2230 Cum
2503 2188 2600 2230 eos
2622 2188 2652 2227 a
2678 2173 2790 2228 Deo
2817 2169 3035 2240 adjutos
3056 2166 3236 2227 docet,
3265 2170 3320 2218 et
3343 2168 3532 2216 contra

1965 2273 2205 2328 hostium
2233 2270 2489 2325 incursus
2518 2266 2792 2330 defensos,
2828 2258 3254 2328 ﬁduciam‘ipsis
3284 2262 3531 2311 renovat.

1967 2362 2325 2437 Ego,.inquit,
2352 2369 2565 2416 tantum
2596 2360 2696 2414 tibi
2723 2358 2779 2412 in
2811 2358 2999 2411 hostes
3029 2352 3198 2407 robur
3219 2348 3444 2412 contuli,
3477 2353 3537 2400 ut

1967 2465 2118 2510 rotas
2171 2453 2375 2508 ferreas
2416 2451 2473 2505 in
2530 2463 2809 2504 serrarum
2858 2443 3081 2500 modum
3132 2439 3410 2509 accepisse
3460 2438 3538 2492 sis

1969 2545 2140 2608 visus,
2173 2550 2228 2599 et
2278 2547 2470 2612 gentes
2500 2553 2692 2594 omnes
2722 2536 2821 2590 tibi
2872 2531 3276 2589 conculcandas
3315 2527 3536 2583 tradidi.

1970 2634 2322 2693 Iusolentiam
2352 2631 2498 2686 velut
2522 2636 2732 2684 montes
2757 2631 3179 2694 consurgentem
3207 2627 3260 2676 et
3277 2619 3540 2689 superbas

1917 2719 1920 2721 λ
1971 2733 2183 2782 mentes
2233 2724 2376 2780 sicut
2415 2721 2584 2775 colles
2639 2719 2848 2779 elatas,
2900 2713 2977 2768 ita
3019 2710 3338 2775 triturabis,
3385 2716 3438 2762 et
3484 2707 3538 2760 in

1972 2819 2203 2876 nihilum
2265 2815 2502 2886 rediges,
2541 2821 2602 2867 ut
2659 2825 2782 2865 cum
2842 2807 3066 2878 pulvere
3118 2811 3540 2874 componantur.

1973 2911 2126 2980 Quod
2181 2909 2401 2981 quidem
2431 2907 2490 2961 in
2539 2902 2799 2975 Assyrios
2850 2900 3054 2956 factum
3099 2906 3221 2955 est:
3271 2909 3398 2950 nam
3444 2909 3545 2946 nec

1973 3011 2252 3076 pugnante
2279 2999 2472 3062 Israel,
2521 3012 2625 3053 nec
2661 2996 2834 3050 aciem
2865 2993 3177 3054 ordinante,
3212 2988 3396 3042 videre
3428 2992 3546 3037 erat

1975 3109 2231 3167 campum
2285 3092 2397 3148 late
2443 3088 2768 3160 corporibus
2821 3090 3194 3142 constratum,
3245 3092 3368 3133 cum
3429 3076 3547 3144 ipse

1974 3166 2227 3243 Christus
2267 3197 2434 3238 manu
2481 3195 2580 3237 sua
2623 3184 2841 3234 centum
2894 3182 2948 3229 et
2983 3171 3262 3242 octoginta
3305 3166 3547 3238 quinque

1975 3278 2146 3334 millia
2173 3275 2585 3348 prostravisset,
2620 3272 2693 3324 ita
2725 3277 2783 3323 ut
2811 3267 2946 3322 nihil
2997 3263 3144 3318 aliud
3174 3260 3547 3316 Israelitarum

1977 3369 2162 3434 fuerit,
2209 3375 2406 3438 praeter
2451 3364 2518 3419 ad
2567 3357 3048 3431 contemplandum
3103 3362 3315 3409 tantum
3362 3348 3549 3421 prodi-

1978 3462 2127 3536 gium
2154 3458 2360 3530 egredi,
2401 3462 2454 3512 et
2479 3455 2545 3510 de
2579 3461 2732 3507 tanto
2762 3450 2858 3505 Dei
2890 3447 3072 3504 studio
3107 3442 3403 3498 exsultare.

2051 3698 2217 3754 Vens.
2259 3697 2348 3752 17.
2383 3692 2733 3751 Calamitates
2775 3687 3027 3744 hostibus
3080 3683 3428 3739 imminentes
3458 3680 3551 3735 de-

1981 3794 2199 3848 nuntiat
2230 3790 2512 3862 propheta.

1973 3916 1975 3918 '
2052 3905 2221 3960 Vens.
2267 3901 2357 3956 26.
2403 3899 2753 3971 Assyriorum
2783 3903 2836 3951 et
2883 3891 3264 3964 Egyptiorum
3297 3889 3553 3943 incursus

1984 3996 2094 4052 Deo
2134 3995 2360 4065 jubente
2389 3991 2565 4044 factos
2612 3988 2783 4044 fuisse
2813 3986 3076 4041 declarat.
3124 3981 3245 4036 Non
3295 3979 3552 4043 fuissenz,

1984 4089 2079 4154 ait,
2114 4087 2256 4141 hanc
2291 4092 2494 4140 terram
2546 4080 2802 4152 ingressi,
2836 4078 2944 4132 nisi
2974 4077 3078 4130 hoc
3126 4076 3240 4145 ipse
3267 4071 3556 4128 concedis-

1985 4195 2120 4237 sem.
2149 4177 2334 4233 Donec
2367 4177 2534 4247 igitur
2564 4173 2700 4228 mihi
2738 4169 3110 4236 inservierint,
3155 4167 3414 4221 valebunt
3457 4165 3558 4220 ad-

1986 4287 2181 4328 versus
2213 4285 2312 4326 vos
2342 4278 2404 4324 ut
2445 4269 2501 4322 in
2551 4267 2723 4321 lutum
2779 4263 2924 4334 quod
2969 4260 3348 4318 conculcaturi
3408 4271 3556 4312 sunt.

1985 4364 2254 4421 Procedat
2285 4362 2410 4417 ideo
2441 4361 2526 4415 vel
2556 4377 2622 4415 ex
2655 4359 2910 4430 gentibus
2933 4357 3025 4427 qui
3063 4354 3247 4409 futura
3289 4359 3413 4406 ante
3441 4367 3563 4405 om-

1986 4457 2077 4512 nia
2124 4455 2322 4512 saecula
2367 4453 2642 4523 praedicet.
2687 4449 2936 4506 Ostendit
2974 4463 3067 4502 eos
3109 4461 3229 4501 esse
3278 4444 3552 4498 daemones

309 4551 570 4622 ξάτω,ὼς
599 4552 698 4609 οἶοί
719 4573 777 4609 τε
800 4557 1014 4612 ἔσονται
1048 4555 1486 4629 προαπαγγεῖλαι
1509 4553 1696 4626 ὥσπερ
1725 4554 1875 4617 ἰδίους

1992 4549 2086 4620 qui
2136 4555 2367 4604 ventura
2414 4546 2772 4617 praedicerent
2827 4542 2984 4613 quasi
3033 4539 3266 4594 fuissent
3307 4537 3376 4591 ab
3423 4536 3559 4606 ipsis

306 4645 472 4716 ὅρους
518 4649 598 4712 είς
639 4647 797 4720 ἔργον
844 4650 1135 4721 μέλλοντας
1173 4650 1588 4722 προχωρήσειν·
1631 4647 1725 4702 καὶ
1776 4645 1884 4718 γὰρ

308 4739 359 4788 οἱ
392 4739 668 4811 δαίμονες,
702 4740 807 4794 κᾶν
840 4742 1147 4812 προλέγωσί
1194 4759 1347 4806 τινα,
1380 4741 1480 4792 οὐκ
1529 4739 1706 4792 αὐτῶν
1749 4738 1886 4810 ἔργα

311 4832 684 4901 προλέξουσιν,
716 4832 828 4886 ἀλλ’
865 4833 1152 4905 ἀλλοτρίας
1199 4832 1425 4905 πράξεις
1459 4831 1752 4903 μηνύουσιν
1773 4848 1786 4862 ·
1822 4833 1882 4885 οὐ

310 4923 490 4978 τοίνυν
509 4921 649 4979 οὗτοι
667 4925 1064 4994 ἀπαγγέλλουσί
1079 4943 1128 4978 τι
1153 4925 1300 4988 ἴδιον,
1319 4924 1436 4976 ούδέ
1453 4923 1660 4987 ἕξουσιν
1682 4925 1884 4993 ἀκροα-

311 5015 412 5079 τὰς
441 5020 565 5083 τοὺς
596 5019 968 5090 διακρίνοντας
995 5017 1054 5070 τὸ
1084 5017 1276 5088 ψεῦδος
1305 5017 1412 5070 ἀπὸ
1443 5017 1535 5069 τοῦ
1565 5016 1819 5088 ἀληθοῦς.

385 5150 506 5204 Τῶν
549 5153 651 5206 ὑπὸ
683 5153 776 5206 τοῦ
823 5152 957 5205 Θεοῦ
997 5150 1056 5216 εξ
1106 5151 1282 5222 ἀρχῆς
1337 5149 1788 5221 παρασχεθέντων
1823 5152 1888 5219 τῇ

324 5238 682 5315 Ἰερουσαλὴμ
708 5244 782 5307 ὡς
813 5244 1026 5313 ἀνῆπτο
1052 5243 1216 5296 παντὶ
1245 5241 1322 5311 τῷ
1352 5241 1540 5312 κόσμῳ
1563 5241 1892 5308 θεογνωσίας

306 5328 609 5406 λαμπτὴρ·
640 5336 733 5388 καὶ
766 5334 842 5398 ὡς
876 5336 1057 5387 ἐκεῖσε
1091 5337 1123 5404 ἡ
1171 5333 1265 5387 τοῦ
1307 5333 1440 5386 Θεοῦ
1487 5333 1646 5405 χάρις
1677 5332 1892 5404 μυρίοις

305 5421 624 5498 συνθήμασι
659 5427 1189 5500 κατακεκοσμημένη
1220 5426 1628 5497 ὑπομιμνήσκει
1660 5425 1853 5488 αὐτούς
1873 5441 1886 5454 ⁸

299 5514 423 5567 ὅθεν
489 5520 580 5572 καὶ
618 5520 693 5583 ὡς
741 5518 902 5572 πάλιν
933 5519 1069 5589 μετά
1111 5519 1210 5590 τὴν
1255 5522 1318 5572 ἐκ
1362 5519 1459 5590 τῆς
1515 5516 1891 5588 αἰχμαλωσίας

305 5606 576 5664 ἐπάνιοδον
603 5611 710 5664 τῶν
744 5610 924 5664 αὐτῶν
962 5612 1208 5678 ὴξιοῦτω
1240 5613 1298 5664 οὐ
1352 5611 1456 5680 μὴν
1491 5610 1626 5664 ἀλλὰ
1667 5609 1757 5664 καὶ
1797 5609 1891 5661 ἐπὶ

402 5803 674 5866 “Coloss.
723 5825 806 5874 In,
841 5809 894 5874 9,
930 5810 1014 5865 lO.
1098 5811 1142 5848 ¹³
1161 5807 1296 5865 Gen.
1332 5779 1418 5871 sv,
1450 5808 1498 5863 4.

1993 4639 2256 4705 deﬁnita;
2305 4653 2426 4692 nam
2470 4638 2556 4692 vel
2599 4637 2644 4691 si
2689 4635 2828 4689 forte
2872 4632 3001 4702 quid
3048 4629 3556 4701 praenuntiaverint,

1992 4749 2101 4788 non
2137 4746 2236 4787 sua
2270 4745 2458 4800 opera,
2494 4728 2590 4784 sed
2622 4728 2798 4781 aliena
2836 4723 3093 4779 referent.
3138 4720 3255 4776 Non
3283 4727 3366 4775 est
3403 4719 3567 4790 igitur

1992 4826 2138 4897 quod
2171 4839 2330 4880 suum
2377 4821 2584 4892 aliquid
2626 4819 2984 4881 annuntient,
3017 4831 3118 4870 nec
3171 4815 3375 4869 habent
3407 4811 3566 4866 audi-

1992 4927 2140 4976 tores
2169 4919 2264 4989 qui
2297 4916 2435 4972 falsa
2458 4932 2489 4972 e
2516 4914 2664 4970 veris
2696 4917 2926 4982 possent
2953 4907 3313 4980 distinguere.

2067 5139 2233 5194 Vens.
2261 5137 2351 5191 27.
2385 5137 2516 5203 Quae
2546 5135 2662 5205 ipse
2703 5131 2850 5188 Deus
2885 5145 2915 5185 a
2956 5129 3226 5202 principio
3265 5123 3568 5180 Jerusalem

1997 5231 2406 5304 praeparaverit,
2435 5236 2494 5283 ut
2523 5229 2732 5298 lampas
2760 5239 2901 5280 verae
2929 5223 3054 5279 ﬁdei
3087 5230 3261 5276 totum
3297 5225 3569 5272 terrarum

1997 5326 2187 5379 orbem
2236 5321 2536 5386 illuminet,
2578 5328 2709 5389 quot
2742 5325 2796 5373 et
2828 5316 3050 5388 quantis
3095 5327 3190 5368 eos
3223 5311 3573 5366 exornaverit

2001 5414 2310 5481 beneﬁciis,
2346 5419 2650 5479 memorat;
2685 5425 2788 5466 nec
2832 5410 3045 5464 minora
3069 5419 3128 5461 se
3158 5403 3226 5458 de
3258 5401 3572 5471 captivitate

1997 5508 2297 5565 reducibus
2340 5507 2663 5578 largiturum
2714 5500 3024 5558 denuntiat.
3069 5495 3379 5566 Praeprimis
3442 5507 3576 5546 vero

1998 5601 2252 5674 praedicit
2287 5601 2536 5673 insuper,
2564 5595 2865 5655 Salvatoris
2908 5590 3136 5664 gratiam
3171 5589 3224 5643 in
3259 5585 3390 5642 Sion
3423 5584 3575 5657 prin-
