4038 6288
583 390 609 445 Ι
618 391 720 447 5T5

1659 378 2006 437 THEODORI
2046 365 2563 431 HERACLEENSIS

3629 363 3728 419 1336

583 505 728 576 cipit)
771 517 1079 561 venturam.
1132 512 1187 560 et
1253 505 1328 559 ita
1393 518 1584 559 omnes
1634 503 1762 559 dein
1826 503 2142 556 invasuram

2186 500 2218 555 Α
2246 493 2454 554 τούτοις
2501 475 2862 559 προαγορεύει
2903 478 3003 549 τὴν
3035 475 3128 529 τοῦ
3168 475 3405 545 Σωτῆρος
3433 474 3569 545 ήμῶν
3594 474 3729 553 ἐπιδη.

582 605 791 667 gentes.

656 799 783 854 Cn.
819 795 988 862 XLII,
1023 796 1189 852 Vens.
1235 797 1320 851 10.
1356 796 1476 863 Quo
1521 795 1666 850 enim
1711 794 1875 849 modo
1913 802 1966 850 et
1998 809 2145 849 nunc

586 887 845 958 propheta
871 927 886 951 ,
939 886 1032 942 ubi
1075 888 1142 942 de
1182 885 1464 942 Salvatore
1519 896 1714 942 nostro
1753 886 2026 954 audierit,
2077 885 2144 939 ad

580 979 838 1033 ditandos
860 995 960 1035 nos
990 988 1045 1034 et
1071 979 1138 1033 ad
1179 977 1470 1034 salvandas
1501 979 1715 1035 animas
1769 991 1987 1034 nostras
2019 995 2145 1033 ven-

585 1076 730 1133 turo,
767 1074 916 1121 tanta
947 1067 1039 1122 Dei
1078 1067 1448 1124 misericordia
1479 1069 1659 1122 animo
1686 1071 1990 1133 exsultans,
2027 1070 2145 1123 lau-

583 1157 682 1213 des
731 1156 820 1212 Dei
859 1166 914 1213 et
959 1158 1189 1228 gloriam
1243 1159 1621 1216 celebraturus
1667 1161 1952 1232 exsurgit;
1986 1161 2059 1214 ita
2092 1169 2146 1216 et

582 1249 722 1306 alios
753 1258 1032 1306 cantatum
1063 1260 1340 1322 provocat.
1363 1251 1483 1306 Non
1509 1253 1747 1323 primum
1780 1268 1928 1307 nunc
1958 1262 2147 1324 regnat

581 1352 898 1414 perspectus
927 1344 1084 1399 nobis
1115 1351 1169 1398 et
1197 1344 1411 1414 agnitus
1438 1343 1600 1411 Deus,
1623 1345 1715 1401 sed
1736 1345 1969 1415 primum
2002 1359 2148 1399 nunc

583 1433 893 1490 extenditur
947 1436 1003 1490 in
1041 1441 1312 1491 extremas
1361 1437 1607 1490 omnium
1660 1447 1929 1492 terrarum
1961 1447 2146 1508 partes

583 1527 808 1597 antiqua
845 1527 964 1597 ejus
993 1536 1235 1598 potestas
1256 1567 1270 1592 ,
1299 1528 1616 1584 cmlestihus
1651 1540 1894 1600 accepta,
1917 1540 1972 1585 et
2003 1531 2144 1600 apud

583 1617 734 1688 ipsos
799 1620 960 1674 etiam
1033 1619 1186 1688 prius
1257 1619 1369 1688 jam
1407 1621 1698 1676 celebrata.
1763 1622 2146 1692 Apostolorum

583 1711 829 1767 ordinem
852 1711 1140 1783 designant
1168 1711 1417 1768 homines
1456 1713 1557 1779 illi,
1586 1714 1735 1769 circa
1771 1715 2146 1785 navigatorum

583 1819 785 1859 munus
815 1813 1097 1861 versantes
1145 1821 1174 1860 a
1218 1807 1418 1886 quibus
1452 1806 1688 1876 primum
1739 1805 1854 1860 hac
1899 1806 2146 1861 doctrina

585 1896 899 1953 conﬁtenda
925 1905 1062 1955 erat.

655 2099 819 2156 Vnus.
843 2102 929 2156 ll.
960 2100 1064 2158 Per
1091 2103 1243 2158 locos
1271 2102 1610 2158 habitatores
1629 2103 1870 2156 locorum
1893 2099 2145 2165 intendit,

585 2193 676 2262 qui
705 2193 868 2262 primi
903 2192 1240 2249 Salvatorem
1276 2204 1525 2250 nostrum
1561 2193 1854 2249 Dominum
1896 2199 2146 2248 nostrum

581 2283 766 2340 Jesum
805 2285 1086 2342 Christum
1116 2288 1397 2358 excepturi
1432 2296 1589 2343 erant
1611 2295 1667 2342 et
1708 2286 1856 2340 cultu
1891 2298 2149 2356 prosecu-

583 2378 712 2432 turi.
769 2377 906 2433 Dum
938 2378 1005 2435 de
1030 2379 1246 2436 deserto
1278 2380 1537 2451 loquitur,
1584 2380 1651 2436 ad
1692 2380 1902 2434 animas
1935 2377 2146 2443 alludit,

584 2467 820 2524 miseriis
866 2479 912 2524 e'
973 2469 1216 2541 peuuriis
1272 2484 1602 2540 oppressas,
1648 2484 1776 2524 vera
1825 2467 1917 2524 Dei
1974 2469 2150 2524 scien-

583 2558 659 2613 tia
709 2558 1020 2614 destitutas.
1065 2559 1258 2615 Merito
1303 2562 1468 2616 etiam
1511 2559 1686 2616 Cedar
1729 2568 2014 2625 memorat,
2045 2559 2148 2614 hoc

584 2664 688 2706 nos
725 2649 929 2706 docens
969 2651 1217 2716 animas,
1258 2667 1378 2722 qua:
1407 2652 1559 2722 prius
1612 2659 1801 2706 contra
1845 2651 2149 2706 venientem

586 2740 924 2798 Salvatorem
967 2744 1244 2799 reluctataz
1302 2742 1538 2806 fuerint.
1584 2752 1771 2814 postea
1817 2741 1885 2796 ad
1931 2742 2150 2798 saniora

582 2841 900 2899 revocatas,
929 2850 1052 2890 cum
1103 2836 1452 2891 veneratione
1479 2851 1603 2890 eum
1639 2842 1962 2906 excepturas
1996 2849 2140 2890 esse.

584 2923 718 2980 Nam
771 2929 1050 2997 spectabat
1090 2927 1265 2984 Cedar
1315 2928 1380 2982 ad
1430 2942 1602 2998 genus
1633 2925 1812 2991 Esau,
1848 2924 2149 2983 Jerusalem

594 3019 812 3083 hostile,
845 3020 1126 3090 ipsiusque
1150 3019 1358 3090 legibus
1389 3034 1560 3090 usque
1592 3019 1885 3074 infensum.

2251 584 2380 653 μίαν
2408 579 2614 634 ἐκεῖθεν
2658 571 3008 646 ἀρξαμένην,
3046 567 3139 621 καὶ
3177 565 3345 629 οῦτως
3374 566 3461 619 ἐπὶ
3507 567 3655 622 πάντα
3683 575 3729 626 τὰ

2247 675 2374 744 ἔθνη
2401 674 2499 744 τῆς
2527 667 2720 724 ἐαυτοῦ
2753 667 2975 735 χάριτος
3001 659 3280 730 διαϐάσης.

2316 787 2526 856 ’Ὥσπερ
2569 778 2662 836 οῦν
2719 781 2810 832 καὶ
2856 777 2952 831 νῦν
3007 773 3284 845 προφήτης
3347 773 3632 829 καταλαϐὼν
3665 796 3730 848 τη»

2250 877 2564 951 σωτηριώδη
2600 871 2901 945 παρουσίαν
2929 866 3024 921 τοῦ
3051 865 3298 936 Σωτῆρος
3320 864 3464 934 ἡμῶν
3493 866 3572 918 ἐπὶ
3601 868 3734 939 κέρδει

2247 971 2497 1043 ἡμετέρῳ
2533 963 2922 1037 γενησομένην,
2965 959 3060 1012 καὶ
3103 955 3195 1008 ἐπὶ
3249 953 3480 1024 σωτηρία
3503 955 3595 1009 τῶν
3633 960 3733 1028 ήμε.

2247 1065 2420 1134 τέρων
2448 1058 2636 1131 ψυχῶν
2659 1098 2676 1125 ,
2731 1050 3109 1123 ἀγαλλιασθεὶς
3149 1045 3247 1117 τὴν
3275 1045 3442 1114 ψυχὴν
3475 1047 3556 1099 ἐπὶ
3590 1051 3644 1118 τῇ
3674 1067 3736 1102 το-

2250 1157 2420 1226 σαύτῃ
2454 1151 2548 1205 τοῦ
2581 1147 2716 1204 Θεοῦ
2746 1140 3144 1216 φιλανθρωπίᾳ,
3167 1138 3464 1208 ἀπάρχεται
3483 1136 3574 1189 τῶν
3599 1138 3736 1208 ὓμνων

2249 1249 2342 1303 καὶ
2361 1247 2462 1316 τῆς
2485 1241 2820 1310 δοξολογίας.
2849 1237 2911 1289 τὸ
2937 1235 2981 1289 δ’
3001 1231 3131 1286 αὐτὸ
3158 1230 3254 1284 καὶ
3280 1228 3462 1291 ἄλλους
3485 1231 3626 1280 ποιεῖν
3645 1247 3737 1301 προ-

2246 1339 2538 1409 τρέπεται·
2570 1332 2692 1386 οὐδὲ
2733 1329 2842 1400 γὰρ
2867 1329 2895 1379 ὁ
2941 1322 3312 1395 φανησόμενος
3359 1320 3448 1372 καὶ
3484 1321 3736 1390 γνωρισθεξ

2247 1434 2378 1502 ἡμῖν
2411 1427 2563 1492 Θεὸς,
2599 1423 2695 1478 νῦν
2746 1420 2840 1474 τοῦ
2879 1417 3068 1489 ἄρχειν
3092 1411 3313 1485 ἡρξατο,
3368 1409 3493 1462 ἀλλά
3530 1410 3737 1482 περιούσης

2247 1521 2412 1577 αὑτοῦ
2460 1520 2559 1589 τῆς
2605 1515 2944 1588 κυριότητος,
2997 1507 3092 1561 καὶ
3118 1507 3177 1560 ἐν
3215 1503 3294 1575 τῷ
3323 1503 3430 1557 ἄνω
3475 1502 3734 1571 κρατούσης,

2248 1617 2341 1669 καὶ
2390 1615 2516 1685 παρ’
2549 1609 2779 1671 ἐκείνοις
2821 1601 3220 1673 δοξαζομένης,
3267 1597 3346 1659 εἰς
3390 1593 3455 1646 τὰ
3492 1593 3736 1662 ἁπανταχοῦ

2249 1709 2351 1778 γῆς
2401 1707 2614 1776 πέρατα
2671 1697 3115 1770 φανερωθήσεται
3168 1689 3408 1762 πρῶτον·
3460 1686 3632 1756 ταύτης
3669 1688 3737 1756 τῆς

2251 1776 2502 1868 γνώσεως
2535 1789 2932 1864 ἀπαρχομένων
2965 1785 3073 1839 τῶν
3110 1780 3348 1836 παλαιῶν
3395 1777 3594 1830 ἐκείνων
3623 1776 3736 1868 ἔργον

2178 1867 2222 1922 Β
2252 1867 2480 1962 ἐχόντων
2499 1887 2596 1957 τὴν
2628 1883 2896 1937 θάλατταν
2923 1877 3128 1943 πλέειν,
3152 1871 3400 1944 ἐδηλοῦτο
3418 1870 3474 1922 τὸ
3490 1868 3642 1938 τάγμα
3663 1867 3750 1934 τῶν,

2254 1982 2566 2040 ἀποστόλων
2576 2023 2586 2034 .

2335 2098 2429 2151 Ἐκ
2457 2094 2566 2148 τῶν
2594 2091 2772 2144 τόπων
2806 2089 2932 2150 τοὺς
2961 2085 3254 2154 οἰκήτορας
3286 2076 3505 2132 ἐνταῦθα
3530 2073 3733 2143 σημαίνει,

2252 2191 2301 2244 οἶ
2355 2189 2450 2242 καὶ
2488 2185 2696 2258 πρῶτοι
2723 2179 2956 2253 ἦμελλον
3001 2169 3384 2242 ἐπιγινώσκειν
3427 2166 3510 2220 τὸν
3543 2163 3735 2258 ἡμέτερον

2254 2282 2482 2352 Σωτῆρα
2537 2255 2634 2330 τὸν
2680 2273 2884 2345 Κύριον
2937 2266 3092 2339 ήμῶν
3138 2261 3346 2334 Ἰησοῦν
3402 2259 3487 2352 τον
3537 2255 3733 2352 {ﬁgi-adv,

2253 2375 2346 2428 καὶ
2376 2345 2812 2444 προσκυνοῦντας
2854 2360 3112 2428 δοξάζειν.
3140 2357 3386 2426 Ἔρημον
3413 2350 3467 2404 δὲ
3513 2347 3593 2444 νῦν
3623 2345 3736 2444 λέγει,

2253 2437 2541 2536 ἀναφέρων
2568 2460 2659 2515 τὸν
2699 2457 2856 2525 λόγον
2891 2455 2970 2517 είς
2999 2452 3097 2514 τὰς
3122 2447 3326 2539 ψυχὰς,
3353 2445 3537 2539 αἵτινες
3572 2437 3739 2539 ἐρημίαν

2253 2533 2658 2623 ἐταλαιπώρουν
2685 2543 3015 2615 θεογνωσίας
3051 2536 3435 2610 ἐστερημέναι.
3484 2533 3739 2623 ’Δναγκαξως

2252 2651 2309 2705 δὲ
2338 2649 2432 2703 καὶ
2472 2621 2570 2715 τῆς
2615 2639 2808 2711 Κηδάρ
2838 2630 3162 2707 μνημονεύει
3181 2647 3200 2660 ·
3242 2628 3329 2682 διὰ
3353 2624 3527 2679 τούτου
3546 2621 3741 2715 διδάσκων

2255 2740 2423 2810 ἡμᾶς,
2453 2710 2538 2788 δτί
2569 2733 2626 2785 αἱ
2656 2710 3074 2798 ἀπομαχόμεναι
3103 2718 3240 2789 πρὸς
3267 2716 3364 2788 τήν
3405 2710 3658 2810 παρουσίαν
3677 2710 3740 2759 τοῦ

2255 2803 2504 2899 Σωτῆρος
2525 2823 2714 2894 ψυχαὶ,
2739 2819 2964 2889 ὕστερον
3011 2811 3398 2882 ἐπεγνωκυίαι,
3433 2803 3741 2899 ὁμολογήσουσι

2253 2920 2316 2976 τδ
2353 2889 2552 2981 σέὲαέί
2593 2889 2688 2970 νέαι
2746 2911 2855 2983 γὰρ
2901 2909 2994 2963 και
3045 2907 3078 2977 ἡ
3123 2902 3320 2975 Κηδὰρ
3369 2897 3546 2970 χωρίον
3588 2889 3642 2964 ἦν
3678 2889 3741 2983 τοῦ

2255 3014 2446 3086 γένους
2504 3008 2598 3063 τοῦ
2655 2981 2862 3068 Ἡσαῦ,
2919 3002 2948 3054 ὃ
3011 2997 3240 3052 διετέλει
3292 2988 3658 3090 ἀπομαχόμενον
3697 2981 3740 3048 τῇ

2266 3083 2637 3177 Ἰερουσαλὴμ,
2659 3099 2752 3154 καὶ
2774 3092 3178 3163 ἐναντιούμενον
3209 3090 3323 3150 τοῖς
3341 3083 3528 3152 ταύτης
3544 3083 3740 3148 νομίμοις-

660 3213 825 3273 Vr-zns.
877 3216 965 3271 l5.
1009 3216 1313 3273 Adventum
1355 3216 1657 3272 Salvatoris
1689 3217 1875 3272 ethic
1917 3215 2150 3273 manife-

2186 3224 2224 3289 Β
2327 3217 2439 3288 Τὴν
2476 3211 2571 3268 τοῦ
2610 3211 2860 3280 Σωτῆρος
2895 3200 3189 3272 ἐπιδημίαν
3224 3197 3319 3289 καί
3351 3191 3562 3289 Evr-rupem

585 3307 727 3364 stius
759 3306 986 3374 indicat,
1016 3309 1110 3378 qui
1155 3324 1340 3380 pacem
1374 3308 1536 3364 nobis
1571 3309 1781 3376 aﬂ'eret,
1817 3317 1893 3374 et,
1930 3309 2000 3364 ad
2030 3310 2152 3364 vin-

587 3400 789 3456 dictam
839 3401 1128 3472 semetipse
1183 3417 1566 3467 commovens,
1625 3402 1833 3456 inimici
1907 3403 2052 3459 vires
2098 3411 2154 3458 et

588 3492 901 3564 superbiam
941 3501 1208 3550 conteret.
1241 3493 1377 3549 Nam
1419 3494 1630 3552 hostem
1661 3506 1716 3550 et
1745 3494 2027 3549 inimicum
2059 3510 2157 3550 no-

587 3596 759 3642 strum
792 3601 902 3641 non
944 3588 1277 3659 aggreditur,
1309 3588 1469 3658 quasi
1513 3587 1708 3643 fuisset
1741 3588 1859 3642 zelo
1889 3586 2151 3655 allectus;

585 3692 794 3734 vacuus
819 3679 966 3733 enim
992 3680 1061 3734 ab
1083 3680 1232 3734 omni
1266 3680 1508 3734 humano
1535 3678 1754 3743 aﬂ‘ectu,
1781 3686 1968 3750 utpote
1987 3679 2154 3748 Deus,

594 3769 888 3838 semetipse
944 3769 1013 3823 ad
1059 3768 1357 3828 vindictam
1431 3769 1834 3837 commovebit;
1903 3771 2051 3841 quod
2103 3779 2158 3826 et

587 3873 755 3914 carne
790 3870 1069 3931 suscepta,
1115 3861 1268 3916 fecit.
1301 3860 1437 3916 Nam
1470 3877 1595 3917 eum
1653 3862 2006 3919 intremuisse
2047 3864 2157 3934 spi-

588 3951 700 4007 ritu
723 3954 768 3986 ¹⁶
795 3962 1026 4009 narrant
1051 3955 1416 4026 evangelistae,
1460 3955 1690 4010 liberum
1721 3956 1842 4026 ejus
1870 3957 2157 4012 arbitrium

588 4045 971 4114 declarantes;
1004 4063 1130 4102 nam
1165 4048 1435 4120 lacrymas
1460 4047 1670 4114 elfudit,
1703 4057 1757 4104 et
1795 4064 1996 4120 corpus
2034 4049 2160 4104 fati-

589 4145 774 4207 gatum
801 4139 841 4170 ³⁷
876 4142 1066 4208 sensit,
1093 4141 1319 4200 allectus
1355 4141 1492 4198 istos
1517 4141 1662 4196 haud
1706 4141 1910 4196 invitus
1939 4156 2159 4212 perpeso

591 4244 712 4296 sus,
746 4230 844 4285 sed
877 4233 1056 4289 libens
1082 4234 1148 4290 iis
1186 4249 1388 4306 corpus
1419 4249 1578 4291 suum
1611 4234 1868 4305 subjecit.
1901 4233 2160 4291 Homines

591 4323 810 4395 quidem
861 4340 961 4379 nos
1017 4327 1288 4396 lacrymas
1341 4325 1746 4398 profundimus,
1793 4341 1906 4380 non
1943 4326 2162 4397 quando

591 4416 964 4482 voluerimus;
1015 4417 1111 4472 sed
1142 4418 1271 4488 quia
1302 4418 1408 4472 illae
1439 4419 1689 4488 corporei
1724 4418 1953 4474 allectus
2009 4427 2158 4484 sunt,

498 4515 499 4520 ‘
592 4509 704 4564 illis
732 4509 815 4565 vel
845 4509 1001 4565 inviti
1028 4525 1346 4577 movemur;
1378 4509 1446 4565 de
1471 4510 1582 4566 Deo
1613 4518 1794 4566 autem
1826 4525 1938 4565 non
1968 4511 2157 4567 eadem

592 4600 806 4667 valent,
863 4601 960 4658 sed
994 4603 1110 4674 ipse
1163 4603 1234 4669 ad.
1284 4609 1476 4657 nutum
1526 4610 1727 4657 cuncta
1764 4603 1942 4672 gerit,
1997 4609 2052 4658 et
2104 4603 2161 4656 in

593 4691 782 4748 hostes
814 4694 1003 4750 eadem
1045 4701 1318 4766 potestate
1349 4691 1571 4764 gaudet.

663 4898 831 4956 Vens.
871 4903 957 4955 l7.
1006 4902 1342 4959 Confusione
1401 4901 1535 4956 dicit
1589 4916 1684 4955 eos
1737 4897 2155 4954 confundendos

601 5008 702 5066 pro
733 4994 974 5063 peccatis
1007 4995 1220 5062 merito,
1249 5002 1304 5050 et
1327 4995 1465 5050 tales
1496 4995 1733 5059 futuros,
1764 4991 1946 5061 qualia
1989 4989 2162 5044 simu-

595 5101 746 5142 .acra
801 5099 1013 5148 eorum,
1082 5087 1161 5140 uti
1232 5087 1496 5157 scriptum
1541 5094 1656 5142 est:
1700 5104 1718 5136 ι
1775 5083 1993 5138 Similes
2056 5081 2164 5136 illis

598 5178 731 5231 ﬁant
763 5176 859 5246 qui
895 5174 1101 5229 faciunt
1131 5191 1193 5231 ea
1227 5177 1292 5230 ⁸⁸.
1329 5197 1348 5229 ›
1381 5176 1537 5243 Quod
1575 5176 1620 5232 si
1653 5173 2038 5230 contumeliam
2067 5171 2168 5226 du—

597 5270 722 5324 citis
748 5251 957 5324 similes
983 5265 1099 5323 ﬁeri
1132 5266 1294 5322 idolis
1317 5269 1540 5331 vestris,
1562 5264 1928 5322 recordemini
1960 5262 2164 5334 potius,

597 5369 801 5428 quanto
839 5358 1155 5430 vosmetipsi
1193 5357 1496 5428 deprimitis
1553 5374 1651 5427 pro
1705 5353 1942 5410 dominis
1983 5368 2078 5407 eos
2113 5361 2168 5405 ct

599 5454 706 5511 diis
737 5453 1027 5510 habentes.

674 5633 840 5692 Vens.
876 5637 960 5690 l8.
1005 5635 1212 5693 Sensus
1246 5649 1366 5698 cum
1405 5630 1675 5694 habeatis,
1720 5631 2016 5701 recogitate
2053 5643 2172 5698 quae

676 5790 714 5818 '“
736 5786 891 5846 Joan.
923 5807 997 5856 χι,
1034 5793 1121 5847 53.

1205 5792 1244 5825 ³⁷
1270 5791 1399 5848 ibid.
1427 5792 1524 5856 3o;
1556 5802 1682 5844 huc.
1719 5801 1832 5851 χιι,
1871 5784 1954 5854 ll;
1991 5782 2145 5840 Joan.
2177 5779 2321 5848 mli.

2259 3273 2609 3379 ὑπαγορεύει,
2651 3303 2709 3367 ὃς
2735 3273 2865 3372 ήμῖν
2897 3297 2994 3368 μὲν
3039 3293 3266 3364 εἰρήνην
3298 3273 3742 3379 βραϐεύει,-καθελεῖ

2254 3402 2312 3456 δὲ
2349 3370 2528 3453 πᾶσαν
2574 3370 2802 3464 δύναμίν
2842 3407 2902 3443 τε
2960 3387 3055 3441 καὶ
3087 3381 3408 3448 ἀλαζονείαν
3451 3375 3534 3429 τοῦ
3574 3370 3740 3464 ἐχθρω,

2257 3493 2445 3547 ἑαυτὸν
2485 3459 2723 3561 κινήσας.
2747 3484 2884 3556 πρὸς
2928 3477 3202 3534 ἐκδικίαν·
3242 3473 3364 3528 οὐδὲ
3408 3470 3511 3541 γὰρ
3541 3467 3601 3561 ᾡς
3618 3459 3744 3561 πάθος

2258 3586 2543 3658 ὑπομένων
2595 3549 2959 3651 ξηλνοτυῖπίας,
3014 3570 3258 3642 χωρήσει
3312 3564 3448 3619 κατά
3488 3549 3743 3658 ἐχθροῦώκαὶ

2259 3643 2517 3750 πολέμιου
2561 3643 2722 3746 ἠμέν.
2760 3669 2874 3725 ἀλλ’
2923 3663 3211 3734 ἐλεύθερος
3270 3660 3345 3714 ὣν
3390 3643 3745 3750 παντὸς-πάθας

2258 3742 2617 3842 ἀνθρωπίνου-
2637 3765 2731 3820 ἆτε
2762 3761 2894 3824 Θεὸς
2933 3755 3124 3811 ἐαυτὸν
3154 3754 3372 3823 κινήσει
3421 3747 3545 3842 πρρς
3571 3742 3744 3842 ἄμυναν·

2469 3855 2564 3909 καὶ
2610 3855 2666 3907 ἐν
2701 3846 3082 3922 σαρκὶ-φανεὶς
3107 3842 3379 3912 πεποίηκε
3399 3854 3412 3868 ·
3448 3834 3519 3906 τῷ
3557 3831 3659 3900 γὰρ,

2259 3916 2616 4021 εϐριμησατο
2632 3945 2712 4012 τῷ
2728 3916 3039 4013 πνεύματι,
3076 3935 3427 4008 σημειοῦνται
3461 3930 3506 3984 οἱ
3542 3916 3752 4021 εύαγγελι·

2263 4015 2421 4112 στ-αί,
2446 4015 2731 4114 δηλοῦντες
2762 4037 2822 4091 τὸ
2867 4033 3112 4088 ἐκούσισν
3158 4032 3258 4099 τῆς
3304 4025 3547 4097 γνὼμης³
3579 4015 3751 4114 δίκρυοξ

2262 4137 2370 4210 γὰρ
2408 4097 2620 4204 ’ἐξέχεῆ
2672 4097 2764 4184 καὶ
2794 4127 3036 4198 κάματον
3085 4097 3330 4212 ὑπέμενε
3383 4107 3675 4212 σωματικδν,

2263 4202 2411 4296 άτάοη
2439 4202 2539 4277 οὺνέ
2579 4219 2848 4282 ἀκουσίως
2883 4214 3190 4286 ὑπομένων,
3219 4210 3332 4265 ἀλλ’
3364 4209 3446 4261 ἐπ’
3475 4202 3678 4301 ἐξουςῐαξ
3703 4205 3756 4257 τῳ

2265 4320 2474 4390 σώματι
2496 4315 2816 4370 ἐπιτάττων.
2857 4309 2981 4362 Ἐπὶ
3038 4306 3146 4376 γὰρ
3177 4303 3334 4374 ἡμῶν
3383 4298 3484 4353 τῶν
3523 4290 3756 4390 ἀνθρωπων

2265 4381 2474 4483 δάκρυα
2507 4409 2604 4479 μὲν
2643 4406 2905 4476 ἐκχεῖται,
2939 4400 3038 4470 οὐχ
3071 4399 3146 4450 ὅτ’
3183 4396 3250 4450 ἂν
3292 4393 3542 4488 θέλωμεν,

2265 4502 2322 4555 δὲ
2365 4462 2726 4568 (imaquead;
2766 4492 2934 4562 πάθη,
2971 4491 3065 4544 καὶ
3111 4485 3381 4545 ἀκουσίως
3411 4477 3567 4533 ταῦτα
3603 4462 3757 4570 ὑπημέ·

2194 4575 2240 4630 Ῐ)
2269 4605 2459 4659 νομεν·
2495 4563 2606 4638 ὁνδὲ
2637 4583 2770 4646 Θεὸς
2789 4581 2887 4650 οὐχ
2911 4577 3105 4640 οὕτως,
3131 4574 3244 4628 ἀλλ’
3283 4573 3368 4624 ἐπ’
3393 4563 3611 4659 ἐξουσίας
3634 4563 3760 4658 “avia

2271 4655 2461 4745 ποιῶν,
2501 4678 2595 4732 καί¹
2626 4673 2767 4729 κατά
2793 4671 2900 4725 τῶν
2928 4667 3140 4740 ἐχθρῶν
3171 4668 3239 4736 τῇ
3273 4664 3408 4734 αὐτῇ
3441 4655 3636 4725 δυνάμει
3664 4655 3759 4718 χρὴ·

2272 4791 2441 4827 σεται.
3687 4845 3696 4859 ο

2341 4883 2452 4954 Τῆς
2475 4883 2593 4935 κατ’
2630 4877 2784 4943 ἀξίαν
2808 4876 2914 4928 τῶν
2947 4868 3358 4945 ἁμαρτημάτων
3382 4847 3760 4957 αἰοχύνηςτάξίῗνῗ

2272 4951 2419 5032 εἶναι*
2435 4973 2632 5037 αὐτοὺς
2655 4972 2853 5042 φάσκει
2874 4985 2888 4999 ·
2918 4967 3012 5022 καὶ
3039 4962 3313 5024 τοιούτους
3344 4953 3567 5014 ἔσεσθαι,
3592 4951 3671 5042 οἱα.

2273 5071 2368 5126 καὶ
2422 5067 2490 5121 τὰ
2529 5033 2848 5135 σεθάσματα
2889 5059 3100 5122 αὐτῶν,
3135 5054 3282 5152 κατδξ
3322 5051 3382 5103 τὸ
3425 5033 3762 5152 γείρῗμμέῖῗ

2280 5116 2367 5126 ..ψ
2434 5116 2488 5121 η
3089 5116 3097 5122 Ι
3695 5123 3703 5136 ,

2280 5183 2296 5214 ι
2329 5163 2546 5232 Ὅμοιοι
2575 5159 2756 5219 αὐτοῖς
2781 5155 3023 5224 γένοιντο
3050 5151 3100 5204 οἱ
3135 5144 3411 5204 ποιοῦντες
3451 5133 3602 5190 αὑτά·
3628 5147 3644 5179 ι

2276 5215 2432 5325 ὓϐριν
2463 5249 2682 5322 ἡγεῖσθε
2719 5215 3189 5316 τὺέξομοιοῦσθαι
3218 5238 3328 5298 τοῖς
3357 5229 3656 5326 σεῦἀσβμασιν

2275 5347 2404 5412 τῶν,
2435 5345 2569 5398 πολὺ
2600 5342 2862 5414 πρότερον
2905 5336 3047 5392 κατά
3095 5331 3218 5387 νοῦν
3262 5327 3471 5385 λάϐετε,
3498 5320 3565 5381 ὠς
3603 5316 3761 5414 Eam?"

2276 5392 2572 5508 ἀτιμάζετε
2597 5476 2609 5500 ,
2645 5392 2922 5494 ιδεσπότας
2973 5427 3168 5488 αὐτοὺς
3215 5421 3309 5476 καὶ
3350 5417 3497 5478 θεοὺς
3536 5392 3757 5473 ὲττιγραφθ

2280 5547 2453 5602 μενοι.

2348 5622 2538 5675 Τοίνυν
2573 5617 2641 5670 τὰ
2675 5615 3004 5687 αἰσθητήρια
3036 5605 3376 5679 κεκτημένοι,

3747 5153 3762 5165 ο

3402 5598 3487 5653 τὸν
3520 5585 3683 5646 σκοπὸν
3700 5567 3762 5630 τοῦ

2405 5775 2602 5833 “Psal.
2634 5789 2784 5840 cxm,
2820 5772 2875 5827 8.
