4038 6288
287 417 416 472 1557

1650 426 1714 482 IN
1753 427 2006 484 IbAIAM.
2082 455 2089 466 -

3374 427 3512 481 1558

275 533 565 599 καλοῦντος
611 533 755 606 ὑμᾶς
794 537 1115 609 ἐννοήσατε·
1147 538 1221 602 ὡς
1270 541 1347 603 εἰς
1390 538 1637 612 οὐράνιον
1691 543 1823 595 πολι-

1945 542 2016 598 sit
2046 558 2197 598 mens
2235 543 2502 597 vocantis.
2549 541 2629 597 Ad
2679 542 2960 596 cmlestem
3008 540 3286 596 civitatem
3331 543 3511 596 vocati

274 625 424 680 τείαν
449 625 737 696 κέκλησθε,
767 628 862 680 καὶ
898 631 976 692 εἰς
1009 631 1270 698 ἀγγέλους
1295 630 1468 684 τελεῖν
1501 632 1839 702 παρεσκεύα-

275 713 403 767 σθε⁶
442 713 593 767 οὐδὲν
639 714 824 786 ἓτερον
871 719 999 787 παρ’
1051 717 1202 787 ὑμῶν
1239 718 1519 782 ἀπαιτῶν,
1556 719 1588 790 ἢ
1629 718 1725 790 τὴν
1780 719 1840 784 ἐξ

277 805 488 868 εὐνοίας
539 805 770 859 αἰνεσιν·
814 807 991 879 ἥνπερ
1048 807 1468 879 παραλιπόντες,
1508 809 1837 864 ἐκδεδώκατε

276 897 497 959 ἑαυτοὺς
548 895 624 963 τῷ
667 897 906 970 πονηρῷ,
960 899 1054 952 καὶ
1099 901 1356 968 γεγόνατε
1402 901 1607 955 ἐκείνου
1640 904 1837 973 αἰχμά·

276 987 460 1054 λωτοι,
491 988 874 1058 παγιδεύοντες
905 991 1099 1054 αὑτοὺς
1124 991 1181 1044 ἐν
1213 991 1537 1063 συνειδήσει,
1565 995 1656 1047 καὶ
1687 995 1838 1048 εἰδω-

275 1077 614 1143 λοποιοῦντες
663 1082 720 1134 ἐν
763 1084 873 1145 τοῖς
903 1082 1069 1146 οἴκοις
1114 1082 1294 1154 ὑμῶν·
1349 1085 1456 1137 ἀπὸ
1502 1085 1610 1156 γὰρ
1651 1085 1836 1138 κακῶν

275 1170 493 1224 ἐννοιῶν
524 1173 603 1235 εἰς
648 1171 805 1244 ἔργον
836 1173 1254 1246 προκεχώρηκεν
1283 1175 1408 1245 ὑμῖν
1445 1173 1513 1228 τὰ
1553 1174 1834 1246 ἐπιτηδεύ-

278 1280 421 1333 ματα
436 1281 449 1294 ο
471 1263 678 1335 διόπερ,
701 1264 1045 1335 αἰχμαλωσίᾳ
1071 1268 1136 1336 τῇ
1164 1283 1219 1326 τε
1244 1265 1384 1319 κατά
1407 1265 1561 1336 σῶμα
1579 1268 1672 1320 καὶ
1691 1267 1832 1338 ψυχῇ

275 1353 681 1425 ὑποϐληθέντες,
699 1356 796 1426 οὐχ
824 1354 972 1420 ἕξετε
990 1354 1080 1409 τὸν
1107 1358 1200 1409 ἀντ
1209 1355 1291 1408 ιλα
1299 1356 1627 1428 μδανόμενον
1645 1357 1674 1409 ὐ
1682 1356 1795 1427 μῶν
1816 1373 1830 1387 ⁸

272 1445 378 1498 τῶν
407 1445 513 1515 γάρ
546 1445 817 1515 πολεμίων
849 1446 1201 1511 ἐπελθόντων,
1233 1449 1283 1500 οἰ
1329 1448 1669 1519 νομισθέντες
1707 1450 1833 1522 παρ’

275 1537 399 1607 ὑμῖν
427 1533 564 1590 εἶναι
592 1537 702 1590 θεοὶ
724 1540 784 1591 οὐ
816 1538 888 1609 μὴ
910 1538 1195 1605 ἐξέλωνται
1230 1540 1392 1611 ὑμᾶς,
1427 1541 1546 1594 ούδέ
1585 1542 1652 1595 τὰ
1685 1542 1834 1613 παρά

270 1624 377 1678 τῶν
407 1624 674 1696 πολεμίων
711 1625 1082 1698 διαρπαγέντα
1122 1629 1658 1700 ἀποκαταστήσουσιν
1683 1631 1830 1699 ὑμῖν.

343 1717 454 1788 Τῆς
491 1717 550 1782 ἐξ
581 1717 852 1786 Αἰγύπτου
904 1719 1213 1791 ἐλευθερίας
1251 1721 1689 1791 ὑπομιμνήσκει⁹
1721 1722 1833 1773 δει-

272 1808 423 1872 κνὺς,
455 1809 550 1875 ώς,
586 1808 717 1862 Ὅλα
744 1808 870 1879 ἔθνη
898 1811 1370 1881 τιμωρησάμενος,
1395 1809 1547 1881 ὑμῶν
1581 1811 1832 1863 ἀντικατ-

1941 633 2094 697 estis,
2130 642 2183 688 et
2220 633 2274 688 in
2319 633 2632 704 angelorum
2669 632 3005 686 consortium
3043 630 3340 695 destinati;
3377 631 3513 684 nihil

1941 740 1972 779 a
2004 727 2158 781 vobis
2193 727 2441 796 deposcit
2486 725 2630 780 Deus
2652 766 2667 791 ,
2706 735 2896 795 prieter
2929 724 3067 794 grati
3097 722 3262 776 animi
3303 722 3508 777 laudes.

1940 815 2085 882 Quas
2140 825 2318 872 autem
2351 817 2698 887 denegantes,
2741 816 2886 870 malo
2931 830 3027 870 vos
3073 815 3219 883 ipsos
3259 812 3506 876 dedistis,

1940 908 2087 964 illius
2138 909 2334 978 captivi
2385 907 2513 962 facti
2582 909 2716 963 estis
2749 947 2763 972 ,
2835 906 3230 962 conscientiam
3275 905 3510 959 obdure-

1939 1007 2172 1064 scentes,
2229 1007 2284 1054 et
2333 1000 2474 1054 idola
2528 1000 2581 1053 in
2637 998 2889 1053 domibus
2933 997 3128 1052 vestris
3172 998 3510 1052 constituen-

1938 1100 2063 1158 tes;
2100 1098 2224 1144 actu
2252 1090 2394 1145 enim
2430 1089 2758 1160 perfecistis,
2806 1103 2926 1158 quae
2975 1088 3129 1158 prius
3173 1096 3353 1142 mente
3386 1097 3503 1142 stu-

1936 1179 2196 1233 dueratis.
2249 1178 2587 1248 Quapropter
2634 1188 2685 1232 et
2708 1193 2936 1248 corpore
2967 1185 3020 1231 et
3049 1177 3230 1230 animo
3285 1177 3339 1230 in
3403 1192 3498 1231 ca-

1936 1270 2232 1339 ptivitatem
2272 1268 2498 1332 redacti,
2536 1284 2643 1322 non
2695 1269 2961 1322 habebitis
2999 1269 3091 1337 qui
3135 1283 3232 1322 vos
3283 1268 3502 1323 liberet.

1934 1359 2067 1413 Nam
2101 1359 2347 1414 hostibus
2377 1374 2474 1413 vos
2513 1359 2910 1421 invadentihus,
2946 1375 3051 1412 non
3084 1367 3366 1428 protegent
3411 1376 3506 1415 vos

1939 1451 2042 1515 illi,
2070 1453 2164 1521 qui
2193 1451 2270 1504 dii
2299 1467 2422 1507 esse
2455 1460 2797 1521 reputantur,
2833 1468 2934 1505 nec
2963 1459 3116 1521 rapta
3147 1451 3215 1505 ab
3258 1451 3505 1508 hostibus

1932 1543 2086 1597 vobis
2116 1543 2426 1598 restituent.

2004 1718 2136 1774 CAP.
2196 1715 2380 1784 XLIII,
2416 1715 2582 1773 Vens.
2628 1718 2679 1772 3.
2724 1714 3124 1771 Liberatiouem
3167 1733 3230 1791 ex
3270 1715 3504 1786 [Egypto

1933 1817 2342 1863 commemorat.
2370 1807 2573 1862 Gentes
2600 1815 2827 1862 cunctas
2852 1805 3029 1876 poenis
3051 1803 3335 1860 alliciendo
3355 1821 3504 1858 com-

269 1899 615 1972 ηλλαξάμην,
668 1901 906 1964 ἐκείνους
971 1901 1069 1971 μὲν
1115 1900 1372 1964 κακώσας
1438 1902 1531 1956 καὶ⁵
1584 1902 1823 1974 ἀπωλείᾳ

1931 1900 2295 1955 mutationem
2328 1907 2566 1954 vestram
2595 1897 2718 1962 feci,
2753 1897 2949 1966 inquit,
2975 1895 3094 1950 illos
3112 1897 3326 1964 quidem
3359 1897 3504 1950 cala-

271 1992 562 2062 παραδοὺς,
596 1992 722 2063 ὑμῖν
750 1993 805 2046 δέ
830 1992 1078 2064 βοήθειαν
1104 1993 1315 2064 νείμας.

339 2182 504 2236 Πάλιν
538 2180 770 2234 ἐνταῦθα
803 2181 1224 2254 ὑπομιμνήσκει,
1258 2184 1340 2238 ὅτι
1385 2185 1482 2255 ούχ
1512 2186 1586 2250 ὡς
1611 2188 1828 2250 οἰκείοις

269 2273 448 2334 πόνοις
473 2273 630 2338 δόξαν
662 2273 872 2335 ἑαυτοῖς
900 2275 1370 2344 περιεποιήσαντο,
1398 2277 1517 2329 οὐδὲ
1542 2277 1646 2349 ἰδίᾳ
1670 2278 1826 2333 δυνάρ

269 2380 358 2434 μει
402 2362 508 2416 τῶν
537 2361 704 2415 ἐθνῶν
748 2363 1144 2435 περιεγένοντο,
1187 2365 1322 2418 ἀλλά
1353 2365 1446 2419 τοῦ
1475 2367 1609 2421 Θεοῦ
1657 2370 1827 2422 ἀπαν-

265 2454 428 2526 ταχοῦ
454 2455 549 2508 καὶ
577 2453 778 2507 τούτων
810 2455 1155 2526 ἐρημούντων
1184 2457 1526 2528 ἐνεργοῦντος
1550 2459 1688 2513 κατά
1717 2461 1825 2514 τῶν

265 2545 554 2599 ἐναντίωνο
599 2545 854 2617 ἑλομένου
899 2545 1007 2618 γάρ
1041 2564 1141 2617 μου
1178 2549 1444 2604 συντελεῖν
1488 2567 1546 2604 σε
1589 2553 1668 2616 εἰς
1700 2552 1825 2607 λαὸν

265 2635 416 2706 ἐμὸν,
446 2635 778 2706 ἀπρονόητος
801 2635 861 2688 οὐ
896 2635 1231 2706 μεμένηκας.

336 2747 456 2800 ,οτι
490 2748 524 2818 ἡ
574 2745 779 2818 ἕρημος
837 2746 1052 2800 νοτίδων
1101 2746 1260 2800 θείων
1305 2747 1646 2818 τυγχάνουσα
1679 2749 1822 2823 ψυχὴ

269 2838 404 2910 μετά
425 2839 526 2912 τήν
571 2838 870 2911 παρουσίαν
910 2837 1003 2890 τοῦ
1048 2837 1295 2908 Σωτῆρος
1322 2837 1639 2911 πλημμυρεῖ
1667 2840 1824 2894 θείων

264 2931 604 3002 διδαγμάτων
623 2972 639 2998 ,
673 2931 731 2995 ὃς
773 2930 870 3002 τήν
916 2930 1038 2985 καθ’
1069 2929 1296 2984 ἕκαστον
1324 2930 1494 3002 ἄνδρα
1526 2933 1618 2985 καὶ
1671 2937 1821 3006 κοινῇ

261 3023 360 3094 τὴν
395 3023 717 3094 Ἐκκλησίαν
752 3023 840 3076 ῐσα
875 3026 1136 3094 ποταμοῖς
1164 3021 1494 3093 ἐπαρδεύετο
1521 3028 1632 3088 τοῖς
1660 3025 1822 3090 θείοις

261 3115 614 3186 διδάγμασιν·
650 3115 848 3185 ὁμοίως
879 3115 935 3167 δὲ
970 3117 1180 3185 νοήσεις
1231 3115 1324 3167 καὶ
1366 3115 1436 3168 τά
1472 3115 1617 3187 ἑξῆς,
1652 3119 1824 3190 ἁρμό-

1929 1990 2213 2046 mitatibus
2243 2000 2297 2045 et
2322 1991 2492 2046 exitio
2515 1989 2782 2061 amigens,
2814 2002 2914 2042 vos
2937 1995 3117 2041 autem
3156 1988 3357 2042 auxilio
3383 2003 3504 2042 meo

1928 2078 2138 2135 fovens.
2477 2099 2484 2105 ·

2004 2192 2163 2248 Vens.
2197 2194 2249 2248 4.
2306 2193 2508 2248 Iterum
2547 2194 2636 2249 hic
2668 2193 2932 2258 declarat,
2966 2195 3113 2263 ipsos
3149 2209 3256 2248 non
3300 2193 3502 2248 labori-

1927 2286 2030 2341 bus
2054 2287 2172 2341 suis
2200 2286 2428 2356 gloriam
2475 2287 2704 2354 adeptos
2734 2300 2880 2350 esse,
2926 2300 3025 2340 nec
3053 2299 3152 2340 sua
3187 2285 3386 2339 virtute
3416 2285 3500 2338 lu-

1930 2378 2146 2448 gavisse
2178 2378 2388 2441 hostes,
2423 2377 2518 2432 sed
2551 2376 2718 2432 Deum
2750 2377 2973 2447 ubique,
3008 2382 3062 2430 et
3096 2390 3192 2444 per
3223 2390 3282 2429 se
3307 2375 3501 2429 adver-

1928 2469 2106 2524 sarios
2135 2483 2384 2539 quosque
2418 2469 2702 2538 repulisse.
2738 2467 2850 2540 Ego
2881 2469 3025 2523 enim
3069 2475 3121 2522 te
3161 2467 3412 2538 eligerem
3439 2479 3500 2520 ut

1925 2569 1978 2615 te
2031 2561 2290 2630 populum
2318 2575 2496 2614 meum
2547 2559 2802 2623 facerem,
2844 2559 3161 2630 imprudens
3220 2572 3350 2613 vero
3390 2572 3498 2611 non

1925 2649 2310 2720 perseverasti.

1993 2759 2161 2815 Vens.
2194 2758 2283 2812 I9.
2333 2757 2556 2815 Deserta
2601 2757 2743 2812 facta
2791 2757 3030 2812 hominis
3063 2757 3248 2811 anima
3269 2793 3284 2821 ,
3319 2762 3374 2810 et
3407 2755 3496 2808 di-

1923 2852 2066 2906 vinis
2090 2851 2516 2921 cogitationibus
2547 2865 2714 2904 vacua
2735 2889 2751 2914 ,
2796 2858 2921 2920 post
2955 2848 3250 2902 Salvatoris
3281 2847 3489 2901 adven-

1922 2951 2045 3018 tum
2075 2942 2272 2997 divinis
2320 2942 2588 2996 doctrinis
2638 2941 2956 3010 replebitur,
2995 2940 3089 3009 qui
3123 2939 3366 3008 singulos
3398 2937 3498 2991 ho-

1922 3034 2098 3088 mines
2149 3039 2204 3087 et
2257 3032 2568 3087 universam
2617 3031 2917 3086 Ecclesiam
2962 3030 3122 3101 quasi
3173 3029 3494 3084 ﬂuminibus

1923 3124 2238 3181 caelestibus
2285 3125 2551 3180 doctrinis
2589 3125 2871 3193 irrigavit;
2909 3125 3164 3179 similiter
3202 3130 3256 3177 et
3301 3131 3494 3177 caetera

262 3206 370 3272 ζων
401 3207 628 3261 ἕκαστον
657 3206 766 3260 τῶν
795 3206 1089 3277 λεχθέντων
1127 3207 1206 3270 εἰς
1248 3204 1347 3260 τὴν
1380 3206 1440 3262 ἐν
1464 3207 1660 3280 ψυχαῖς
1689 3210 1823 3265 θεω-

1927 3215 2394 3284 interpretaberis,
2413 3215 2576 3270 verba
2592 3213 2806 3284 singula
2824 3215 2891 3267 ad
2909 3213 3213 3267 animarum
3244 3227 3494 3267 naturam

265 3297 408 3368 ρίαν.

330 3410 441 3480 Τήν
492 3409 694 3464 ἀνωθεν
725 3413 821 3466 καὶ
862 3415 926 3466 ἐκ
973 3415 1212 3472 παλαιῶν
1264 3420 1469 3491 χρόνων
1522 3420 1820 3492 γενομένην

261 3501 437 3554 αὐτῶν
474 3502 727 3575 πρόνοιαν
785 3505 937 3576 παρά
976 3507 1070 3560 τοῦ
1107 3508 1240 3562 Θεοῦ
1299 3509 1670 3564 ὑποδείκνυσιν
1691 3528 1704 3541 ·
1757 3512 1818 3566 οὐ

259 3590 368 3664 γάρ
411 3590 506 3646 νῦν
549 3592 802 3663 ἠρξάμην
834 3598 1081 3665 προνοεῖν
1123 3597 1302 3667 ὑμῶν’
1351 3598 1470 3651 οὑδέ
1514 3599 1674 3669 ἡνίκα
1723 3599 1819 3671 τήν

256 3683 354 3736 ἀπ’
388 3682 662 3750 Αἰγύπτου
706 3684 880 3748 ἔξοδον
927 3687 1227 3753 ἐποιεῖσθε,
1291 3687 1480 3751 θυσίας
1532 3691 1675 3759 ὑμᾶς
1715 3692 1820 3743 ἀπ-

254 3771 358 3844 ⁴ῄτη
368 3789 449 3825 σα·
471 3773 591 3826 οὐδὲ
614 3775 752 3844 μετά
779 3775 1037 3845 καμάτων
1055 3779 1185 3840 τοὺς
1212 3779 1484 3842 ἐναντίους
1507 3779 1816 3850 χειροῦσθαι

259 3864 608 3938 συνεχώρησα
626 3883 641 3899 ο
659 3866 795 3919 ἀλλά
817 3868 910 3921 καὶ¹
933 3867 1100 3921 ταῦτα
1128 3871 1456 3941 προσφέρειν
1492 3871 1628 3941 μετὰ
1649 3871 1816 3925 ταῦτα

257 3958 519 4024 ἐνέδωκα,
553 3960 855 4030 ἀποστῆσαι
891 3960 1208 4033 βουλόμενος
1250 3962 1481 4016 εἰδώλων
1501 4002 1515 4028 ,
1548 3965 1642 4016 καὶ
1689 3966 1816 4036 ὑμῖν

256 4051 552 4122 προφάσεις
577 4050 912 4124 δωρημάτων
941 4053 1315 4125 παρασχέσθαι
1334 4071 1346 4084 °
1365 4056 1424 4108 οὐ
1447 4055 1555 4127 γὰρ
1575 4057 1633 4110 ἐν
1659 4058 1816 4130 χρείᾳ

253 4141 459 4198 τούτων
491 4143 825 4216 καθέστηκα.
991 4199 1001 4212 ,

335 4234 785 4308 Ὑπομιμνήσκει,
808 4237 883 4301 ὡς
920 4239 1014 4291 καὶ
1046 4241 1197 4310 κοινῇ
1226 4238 1320 4292 τοῦ
1349 4239 1537 4308 γένους
1571 4239 1664 4292 καὶ
1709 4239 1814 4311 ἰδία

253 4325 483 4381 ἐκάστου
525 4331 756 4401 ποιητὴς
788 4330 1120 4402 καθέστηκεν
1141 4349 1154 4364 θ
1187 4331 1323 4386 ἀλλά
1350 4333 1444 4386 καὶ
1487 4331 1574 4385 διὰ
1609 4332 1814 4396 κοιλίας

257 4417 525 4490 μέμνηται
570 4419 860 4490 διήκουσαν
899 4421 1184 4494 πρόνοιαν,
1219 4420 1687 4486 ζωοπλαστοῦντος
1723 4423 1814 4474 αὐ-

249 4507 345 4562 τοῦ
376 4510 580 4574 πάντας
610 4513 760 4582 ἡμᾶς
803 4514 862 4566 ἐν
915 4516 980 4584 τῇ
1020 4514 1172 4587 νηδύϊ
1217 4515 1317 4587 τῆς
1349 4513 1584 4586 μητρὸς,
1631 4514 1723 4567 καὶ
1751 4515 1812 4568 τὸ

251 4595 390 4653 εἶναι
415 4603 448 4671 ή
459 4603 548 4671 μῖν
571 4601 823 4666 διδόντος.

320 4711 650 4766 Ἐνταῦθατὸ
675 4731 694 4764 ι
720 4714 819 4768 οὐκ
841 4709 980 4785 ἦσαν
1005 4716 1079 4786 (9)
1103 4719 1151 4770 οἰ
1179 4717 1522 4785 πλάττοντες,
1554 4739 1571 4771 ι
1589 4720 1648 4772 οὐ
1666 4718 1814 4789 παρὰ

249 4801 310 4856 τὸ
338 4802 412 4874 μὴ
443 4801 582 4858 εῐναι
611 4806 737 4870 τοὺς
767 4806 939 4860 ταῦτα
965 4808 1384 4880 ἐργαζομένους,
1415 4810 1548 4864 ἀλλὰ
1577 4812 1726 4882 παρά
1756 4811 1815 4864 τὸ

252 4894 328 4965 μὴ
355 4895 610 4951 δύνασθαι
641 4897 854 4969 βοηθεῖν
881 4901 991 4963 τοῖς
1019 4899 1409 4971 θεραπεύουσιν
1434 4901 1593 4967 αὐτὰ,
1631 4902 1706 4964 ῶς
1739 4902 1814 4974 μὴ

246 4983 427 5048 ὄντες·
459 4988 552 5042 καὶ
581 4988 691 5059 γὰρ
724 4990 818 5043 καὶ
858 4990 1017 5062 ἡνίκα
1056 4991 1089 5060 ἡ
1121 4989 1272 5062 χώρα
1305 4994 1416 5054 τοῖς
1437 4991 1814 5063 ιἸσραηλίταις

248 5075 678 5149 ἐκληροδοτεῖτο,
741 5081 949 5135 πολλῶν
995 5081 1162 5136 ὄντων
1215 5085 1602 5156 σεδασμάτων,
1644 5086 1816 5149 οὕτως

247 5167 543 5239 ἀνῃροῦντο
574 5172 668 5224 καὶ
707 5172 1031 5237 ἐξεωθοῦντο
1081 5173 1190 5226 τῶν
1219 5175 1400 5228 τόπων
1433 5176 1501 5229 τὰ
1545 5175 1703 5247 έθνη,
1738 5178 1815 5240 ὼς

246 5257 346 5328 τὴν
385 5259 482 5328 μὲν
525 5261 745 5316 ἐκείνων
796 5264 1099 5335 ἀδυναμίαν
1148 5266 1244 5319 καὶ
1278 5267 1555 5320 οὐθένειαν
1601 5268 1811 5322 δείκνυ-

247 5347 392 5412 σθαι,
420 5351 778 5424 φανεροῦσθαι
809 5356 865 5409 δὲ
893 5357 992 5427 τὴν
1020 5356 1116 5410 τοῦ
1141 5357 1277 5412 Θεοῦ
1309 5360 1648 5417 δεσποτείαν.

318 5524 584 5579 ’Λσυσσον
617 5529 868 5600 εἰρήκασι
907 5534 1006 5604 τὴν
1040 5533 1304 5606 Ἐρυθρὰν
1341 5534 1634 5602 θάλασσαν,
1674 5538 1805 5609 ἐρη-

247 5615 516 5685 μωθεῖσαν
550 5619 850 5674 παοιόντων
884 5623 992 5676 τῶν
1026 5625 1370 5696 Ἰσραηλιτῶν
1389 5639 1404 5655 ⁸
1434 5629 1709 5698 ποταμοὺς
1747 5629 1804 5683 δὲ

1926 3307 2191 3364 referens.

1995 3417 2166 3473 Vens.
2201 3417 2293 3470 22.
2330 3416 2376 3470 Α
2408 3415 2678 3487 principio
2712 3422 2765 3470 et
2797 3414 2866 3470 ab
2894 3415 3137 3486 antiquis
3162 3400 3495 3485 temporibus

1927 3528 1985 3567 se
2014 3510 2274 3581 peculiari
2305 3523 2400 3564 eos
2424 3507 2770 3578 providentia
2802 3508 3022 3572 fovisse,
3046 3509 3290 3562 declarat
3313 3510 3454 3563 Deus
3476 3528 3490 3538 ·

1925 3603 2043 3659 Non
2098 3617 2244 3657 nunc
2285 3602 2520 3669 primum
2550 3600 2719 3655 vestri
2751 3615 2941 3655 curam
2981 3601 3150 3670 gessi,
3200 3615 3300 3655 nec
3333 3601 3494 3656 dece-

1924 3695 2182 3751 dentibus
2203 3695 2358 3750 vobis
2389 3709 2455 3749 ex
2498 3692 2756 3764 Egypto,
2791 3693 3043 3748 victimas
3081 3709 3112 3747 a
3140 3694 3290 3748 vobis
3313 3695 3490 3763 exegi,

1925 3803 2030 3844 nec
2059 3788 2246 3842 hostes
2277 3785 2434 3841 vobis
2473 3800 2598 3839 cum
2639 3785 2922 3839 laboribus
2951 3784 3246 3840 vincendos
3271 3787 3488 3842 tradidi.

1926 3879 2031 3935 Sed
2058 3886 2247 3948 postea
2277 3877 2534 3932 victimas
2563 3877 2686 3931 ideo
2713 3878 2926 3946 excepi,
2957 3885 3018 3930 ut
3037 3877 3106 3931 ab
3135 3877 3293 3933 idolis
3322 3879 3492 3933 absti-

1923 3971 2130 4033 neatis,
2157 3979 2211 4025 et
2243 3970 2510 4024 beneﬁcia
2536 3969 2802 4038 largiendi
2826 3970 3146 4026 occasiones
3183 3970 3315 4024 mihi
3353 3986 3490 4040 pra:-

1922 4062 2097 4118 beatis
2126 4081 2138 4115 :
2177 4061 2298 4115 istis
2326 4060 2472 4115 enim
2507 4073 2616 4112 non
2653 4059 2886 4129 indigeo.

1921 4242 1938 4261 “·
1992 4237 2122 4292 Cn.
2169 4235 2353 4304 XLIV,
2404 4234 2569 4290 Vens.
2614 4236 2668 4290 2,
2725 4234 2986 4289 Memorat
3036 4234 3178 4290 Deus
3223 4250 3282 4290 se
3317 4236 3486 4291 totius

1920 4331 2118 4402 gentis,
2145 4337 2197 4384 et
2228 4330 2570 4400 singulorum
2603 4329 2885 4383 hominum
2910 4337 3211 4383 creatorem
3239 4338 3486 4394 exstare;

1917 4430 1971 4477 et
1995 4437 2264 4492 quemque
2294 4429 2542 4477 nostrum
2575 4421 2656 4475 vel
2677 4425 2732 4474 in
2766 4427 2922 4474 utero
2951 4422 3270 4490 matrisjam
3305 4423 3486 4506 provi-

1917 4512 2099 4567 dentia
2129 4513 2398 4577 coluisse,
2431 4525 2553 4566 cum
2595 4526 2786 4570 omnes
2812 4527 2916 4568 nos
2945 4511 3002 4566 in
3030 4520 3216 4566 ventre
3250 4512 3488 4581 plasma-

1841 4587 1885 4645 D
1915 4603 2070 4667 verit,
2105 4610 2158 4656 et
2191 4604 2299 4656 vita
2332 4601 2632 4658 donaverit.

2002 4713 2161 4770 Vens.
2201 4714 2255 4768 9.
2298 4711 2396 4768 IIic
2436 4715 2599 4769 verba
2643 4715 2746 4770 ista
2781 4734 2795 4768 :
2838 4734 2856 4764 ι
2885 4714 3003 4768 Νοη
3041 4725 3195 4769 erant
3234 4715 3323 4785 qui
3377 4713 3486 4770 for-

1917 4809 2160 4870 mabant,
2187 4826 2206 4858 ι
2241 4822 2350 4861 non
2376 4807 2658 4861 declarant
2689 4822 2783 4862 eos
2814 4819 3010 4876 reapse
3037 4821 3148 4860 non
3181 4807 3482 4870 exstitisse,

1916 4896 2010 4966 qui
2045 4896 2187 4951 idola
2212 4897 2557 4966 sculpehant,
2592 4897 2689 4950 sed
2719 4911 2812 4950 eos
2841 4895 2989 4949 idola
3017 4896 3328 4951 colentibus
3357 4911 3485 4966 pro-

1916 4987 2074 5043 desse
2106 5004 2217 5042 non
2251 4987 2517 5056 potuisse,
2555 4987 2715 5056 quasi
2756 5002 2866 5042 non
2911 4985 3159 5041 fuissent.
3202 4985 3336 5040 Nam
3374 4996 3484 5041 ter-

1917 5092 2034 5130 ram
2079 5076 2339 5132 Israelitis
2383 5077 2798 5147 usurpantibus,
2850 5093 2960 5130 non
3008 5075 3301 5132 defuerunt
3351 5091 3487 5130 sane

1916 5167 2079 5232 idola,
2112 5168 2461 5237 possessione
2481 5177 2664 5224 tamen
2689 5184 2788 5224 sua
2831 5178 3020 5240 gentes
3056 5171 3306 5240 spoliatae
3353 5176 3482 5222 sunt

1913 5268 1968 5314 et
1993 5260 2270 5329 expulsae:
2303 5260 2503 5330 quibus
2533 5261 2698 5316 simul
2729 5270 2782 5315 et
2826 5261 3098 5315 idolorum
3135 5259 3482 5314 imbecillitas

1912 5352 2320 5407 demonstratur
2354 5359 2409 5408 et
2435 5353 2782 5423 impotentia,
2819 5351 2915 5408 Dei
2957 5368 3084 5410 vero
3116 5358 3338 5422 apparet
3377 5350 3478 5404 im-

1912 5443 2143 5513 perium.

1986 5533 2150 5590 Vsns.
2183 5535 2272 5591 27.
2304 5535 2550 5608 Abyssus
2583 5551 2732 5591 mare
2777 5535 3145 5606 Erythraeum
3191 5532 3476 5604 designat,

1912 5629 2324 5688 transeuntibus
2381 5629 2644 5689 Israelitis
2688 5629 3026 5691 desolatum;
3082 5624 3304 5679 ﬂumina
3346 5639 3482 5681 vero

315 5772 388 5839 (9)
419 5772 773 5832 Communius
798 5777 980 5849 legunt
1007 5795 1018 5832 :
1053 5780 1164 5836 Οὐκ
1187 5781 1445 5849 ἥκουσανο
1478 5782 1572 5839 sed
1600 5783 1754 5840 Alex.
1782 5785 1822 5838 Α

1926 5783 1984 5840 C.
2015 5779 2173 5854 ἦσαν.
