4038 6288
647 421 784 476 1559

1807 416 2152 476 TIIEODOBI
2193 421 2710 480 IIERACLEENSIS
3713 435 3805 489 lito

646 537 888 592 arefacta
917 531 1206 586 Iordanem
1251 525 2079 606 usdem'transéuntibusjussu
2118 535 2215 592 Dei

2208 539 2215 591 ί
2245 556 2288 609 Α
2322 540 2686 612 ξηρανθέντας
2723 545 2814 593 τὸν
2849 540 3117 610 Ἰορδάνην
3145 535 3442 607 εἰρήκασιν,
3475 535 3803 608 ἀναχαιτίσαντα

646 628 1043 682 dehiscentem.

733 719 861 773 Cn.
900 713 1065 781 XLV,
1101 714 1270 772 Vens.
1306 715 1360 770 9.
1407 717 1512 772 Per
1540 733 1604 773 ea
1632 736 1753 790 quae
1795 722 1910 778 ﬁeri
1953 738 2062 778 non
2092 739 2219 795 pos-

646 816 773 866 sunt
799 807 1063 861 informat
1089 823 1184 862 eos
1218 808 1285 862 ad
1318 810 1637 880 sapientiam
1660 854 1674 878 ,
1703 813 1941 870 suadens
1974 823 2033 868 ut
2062 831 2218 886 aequo

645 905 826 958 animo
867 903 1141 971 excipiant
1175 918 1515 974 quaecunque
1565 904 1786 959 fuerunt
1811 922 1840 959 a
1879 907 1988 960 Deo
2017 908 2082 962 ad
2109 909 2219 962 sal-

641 997 851 1051 vandas
889 1005 1078 1067 gentes
1107 996 1413 1051 destinata:
1465 1014 1574 1068 quo
1627 1000 1773 1053 enim
1823 1001 1986 1055 modo
2033 1001 2213 1056 lutum

647 1073 872 1158 ﬁgulum
916 1104 1023 1141 non
1078 1086 1392 1158 redarguet,
1443 1104 1544 1144 nec
1593 1091 1892 1160 impedient
1923 1092 2036 1146 nati
2077 1109 2216 1163 quo-

641 1183 823 1235 minus
863 1189 916 1234 et
951 1180 1085 1234 alios
1113 1190 1334 1249 generet
1367 1191 1520 1251 pater
1549 1182 1746 1238 ardens
1780 1199 2002 1254 pueros,
2033 1193 2087 1239 et
2117 1186 2216 1239 im-

643 1275 719 1345 pii
769 1283 914 1329 esset
945 1274 1181 1330 hominis
1212 1277 1605 1347 parturientem
1646 1283 1875 1331 matrem
1923 1278 2218 1348 reprehen-

643 1368 806 1422 dere:
843 1368 915 1420 ita
945 1384 1045 1422 nec
1079 1385 1195 1432 vos,
1222 1370 1420 1438 inquit,
1444 1369 1584 1422 hanc
1610 1369 1782 1439 legem
1804 1368 1915 1424 Deo
1939 1371 2214 1436 statuatis,

649 1466 707 1510 ut
734 1459 785 1509 in
817 1472 912 1511 vos
943 1467 1152 1511 tantum
1185 1460 1415 1529 gratiam
1448 1476 1600 1513 suam
1639 1459 1900 1516 eﬁ‘undat.

727 1547 896 1602 Vens.
945 1551 1029 1604 ll.
1063 1549 1402 1604 Committite
1442 1551 1574 1604 mihi
1607 1566 1828 1606 causam
1862 1561 2122 1616 vestram,
2157 1561 2211 1608 et

644 1655 673 1694 ει
699 1644 875 1696 salute
907 1659 1014 1696 non
1056 1643 1343 1698 aberrctis.
1392 1643 1511 1696 Non
1551 1644 1682 1697 mihi
1713 1660 1850 1715 opus
1880 1647 1988 1700 erit
2014 1647 2213 1701 exhor-

643 1733 944 1788 tationibus
973 1742 1025 1786 et
1054 1734 1638 1790 commendationibus
1668 1737 1889 1800 vestris,
1915 1744 1976 1790 ut
2005 1752 2136 1791 cura
2164 1745 2216 1790 et

643 1825 980 1892 providentia
1016 1835 1294 1878 creaturas
1324 1841 1472 1881 meas
1504 1825 1712 1881 foveam
1733 1866 1748 1890 ,
1795 1843 1915 1897 qua:
1945 1844 2044 1898 pro
2087 1828 2214 1882 ﬁliis

2321 631 2415 683 ἐπὶ
2436 633 2502 701 τῇ
2528 630 2706 683 αὐτῶν
2733 628 2953 700 παρόδῳ
2988 624 3276 698 προστάξει
3299 623 3451 678 Θεοῦ.

2404 723 2536 776 Ἀπὸ
2581 721 2690 775 τῶν
2755 720 2830 792 μὴ
2875 717 3238 789 ἐνδεχομένων
3283 715 3518 786 γίνεσθαι
3563 723 3804 791 σωφρονίζει

2321 815 2551 878 αὑτοὺς,
2587 813 2858 867 παιδεύων
2911 811 3081 866 εῐκειν
3125 813 3238 873 τοῖς
3292 808 3438 878 παρὰ
3474 809 3560 862 τοῦ
3601 811 3711 865 Θεοῦ
3749 816 3805 867 ἐπὶ

2323 907 2567 978 σωτηρίᾳ
2593 905 2699 959 τῶν
2741 905 2908 959 ἐθνῶν
2947 904 3197 976 μέλλουσι
3239 901 3663 973 χαρισθήσεσθαι·
3692 907 3804 978 ὅνπερ

2321 1000 2429 1070 γάρ
2459 1000 2660 1070 τρόπον
2708 997 2830 1052 οὔτε
2877 997 3048 1068 πηλὸς
3104 995 3501 1060 ἐπιδιατάξεται
3543 995 3612 1064 τῷ
3636 995 3803 1068 πλάστῃ,

2320 1091 2443 1144 οὔτε
2491 1091 2657 1143 τέκνα
2696 1089 2930 1143 κωλύσει
2957 1088 3171 1159 πατέρα
3199 1086 3507 1139 ’σπεύδοντα
3542 1088 3623 1139 καὶ
3663 1089 3805 1160 ἑτέρων

2320 1183 2527 1236 τέκνων
2564 1182 2816 1250 γενέσθαι
2871 1180 3104 1252 πατέρα,
3147 1179 3242 1233 καί⁹
3289 1179 3494 1249 μητιέτα
3521 1181 3805 1250 κυοςοροῦσαν

2321 1275 2617 1340 αἰτιᾶσθαι,
2667 1274 2844 1337 οὓτως
2884 1273 3114 1336 ἀσεϐοῦς
3150 1273 3303 1334 ὄντος
3325 1286 3342 1302 ο
3371 1271 3475 1324 οὐδ’
3504 1270 3665 1341 ὑμεῖς,
3697 1275 3804 1343 φησί,

2320 1366 2396 1438 τῷ
2428 1365 2547 1436 Θεῷ
2586 1364 2996 1432 ἐπιδιατάξεσθε
3041 1364 3121 1427 εἰς
3167 1364 3314 1433 ὑμᾶς
3349 1361 3534 1429 μόνους
3565 1365 3805 1434 περιστῆναι

2324 1458 2389 1510 τὰ
2418 1461 2517 1530 τῆς
2549 1457 2715 1512 αὑτοῦ
2748 1458 2991 1529 χάριτος.

2394 1552 2547 1621 Ἐμοὶ
2571 1551 2911 1622 ἐπιγράψατε
2948 1549 3045 1621 τὴν
3079 1547 3351 1619 ὑμετέραν
3384 1547 3616 1617 φροντίδα
3636 1586 3648 1610 ,
3671 1547 3741 1599 καὶ
3763 1550 3800 1600 οὗ

2326 1642 2398 1711 μὴ
2425 1641 2762 1712 διαμάρτητε
2787 1641 3057 1712 σωτηρίας
3079 1655 3093 1669 ο
3119 1639 3242 1692 οὗτε
3273 1637 3381 1710 γὰρ
3401 1638 3495 1707 τῆς
3521 1637 3649 1708 ὑμῶν
3669 1637 3805 1708 δεηθή-

2324 1749 2485 1802 σομαι
2513 1733 2875 1803 ὑπομνήσεως
2911 1732 2943 1802 ἢ
2980 1731 3408 1802 παρακλήσεως,
3433 1729 3562 1782 ὥστε
3591 1729 3677 1799 ἐμά
3695 1732 3802 1798 ποιῇ

2325 1841 2469 1894 ματα
2501 1825 2536 1876 ἂ
2568 1824 2626 1876 ἐν
2655 1825 2791 1886 υἱοῖς
2823 1825 2917 1877 καὶ
2941 1820 3247 1894 θυγατράσι
3269 1819 3634 1890 κατειλεγμένα
3660 1822 3800 1888 τυγχά-

648 1922 704 1967 et
740 1913 954 1969 ﬁliabus
991 1915 1297 1969 habuerim.
1333 1914 1442 1970 Nec
1479 1916 1581 1971 feci
1610 1918 1807 1971 caelum
1841 1926 1895 1972 et
1929 1926 2130 1972 terram
2159 1926 2218 1971 ut

2204 1926 2218 1971 ι
2249 1919 2289 1973 Β
2319 1932 2434 1979 νει,
2472 1915 2788 1986 ἐπιμελείας
2818 1915 2913 1968 καὶ
2951 1913 3236 1986 φροντίδος
3270 1911 3586 1982 ἀξιωθῆναιο
3621 1912 3710 1964 οὐδὲ
3729 1913 3799 1981 γὰρ

652 2008 777 2060 usui
814 2007 941 2060 mihi
976 2017 1182 2069 essent,
1219 2015 1277 2060 ut
1304 2009 1502 2063 coalum
1548 2024 1647 2079 pro
1683 2009 1902 2069 throno,
1927 2016 1981 2063 et
2019 2018 2220 2063 terram

643 2111 744 2166 pro
811 2098 1048 2153 scabello
1115 2099 1405 2162 haberem,
1478 2107 1537 2153 ut
1585 2101 1693 2156 illis
1748 2101 2052 2155 involverer
2105 2115 2224 2170 qua:

644 2190 926 2244 voluntate
978 2205 1097 2244 mea
1148 2192 1265 2260 ipsa
1321 2191 1706 2259 continentur;
1759 2193 1850 2248 sed
1888 2193 1940 2246 in
1979 2200 2218 2247 vestram

644 2283 934 2336 utilitatem
967 2290 1164 2336 cuncta
1207 2282 1476 2352 disposui.
1517 2282 1830 2338 Praesertim
1869 2301 1998 2339 vero
2041 2285 2223 2338 stella-

644 2389 769 2427 rum
800 2390 1000 2430 cursus
1031 2383 1085 2428 et
1117 2374 1387 2430 stationes
1419 2375 1605 2446 dirigit
1637 2377 1892 2430 voluntas
1933 2392 2051 2429 mea
2080 2391 2093 2426 :
2124 2391 2223 2430 nec

645 2467 852 2534 angelis
880 2467 1024 2529 licet,
1047 2466 1175 2520 dum
1209 2467 1322 2522 haec
1347 2469 1419 2522 ita
1452 2477 1738 2538 reguntur,
1769 2469 1883 2522 otio
1913 2483 1972 2523 se
2003 2467 2219 2532 dedere,

649 2555 746 2611 sed
775 2557 964 2612 laudes
995 2557 1128 2611 mihi
1149 2559 1543 2612 tribueruntab
1565 2559 1698 2628 ipsis
1721 2559 1933 2612 debitas
1958 2576 1972 2623 ;
2007 2558 2222 2613 cunctis

645 2649 811 2717 igitur
841 2664 871 2702 a
921 2665 1006 2704 me
1053 2649 1343 2712 ordinatis,
1382 2665 1481 2703 nec
1523 2657 1751 2704 terrena:
1800 2665 1885 2702 me
1928 2649 2218 2719 eﬁ‘ugiunt.

647 2736 740 2792 Sic
769 2739 1052 2807 apparebit
1075 2737 1252 2810 Cyrus
1293 2755 1386 2794 rex
1424 2746 1479 2794 et
1505 2741 1704 2809 pietate
1757 2739 1812 2793 in
1856 2754 1943 2793 me
1990 2739 2222 2810 insignis

644 2837 698 2884 et
737 2839 882 2884 recta
939 2831 1243 2900 professus.
1293 2830 1412 2884 Non
1463 2831 1654 2885 latebit
1704 2831 1991 2886 scientiam
2045 2847 2222 2886 meam

645 2929 894 2990 tempore
925 2938 1027 2975 suo
1057 2931 1243 2988 natus,
1279 2940 1386 2977 non
1419 2924 1648 2977 arbitrio
1683 2941 1801 2989 suo,
1828 2925 1920 2978 sed
1944 2931 2078 2978 nutu
2102 2941 2222 2980 meo

647 3012 813 3064 vitam
839 3013 1115 3081 disponet,
1141 3014 1376 3068 reditum
1411 3015 1568 3069 vobis
1588 3031 1652 3069 ex
1678 3016 1996 3083 captivitate
2025 3031 2220 3070 conce-

645 3103 758 3169 det,
801 3113 856 3158 et
900 3103 1206 3160 Jerusalem
1237 3105 1417 3160 denuo
1457 3107 1770 3169 mliﬁcabit,
1818 3123 1927 3162 non
1977 3110 2152 3179 pretio
2189 3124 2220 3163 a

645 3197 802 3250 vobis
833 3196 984 3261 dato,
1013 3198 1107 3252 sed
1139 3197 1372 3266 jubente
1405 3201 1689 3254 voluntate
1722 3215 1866 3255 mea.

2325 2008 2382 2060 οὑ
2393 2009 2548 2078 ρανὸν
2576 2009 2671 2061 καὶ
2696 2008 2798 2078 γῆν
2831 2005 3255 2069 κατασκευάζων
3279 2004 3354 2068 ὡς
3392 2004 3510 2075 ἐμοὶ
3537 2004 3686 2075 χρείαν
3716 2019 3799 2054 συν⁴

2321 2101 2606 2155 τελέα-οντα
2635 2101 2849 2153 ἐποίουν
2873 2139 2888 2164 ,
2929 2099 3014 2152 ἴνα
3125 2115 3220 2168 μοι
3269 2095 3453 2167 θρόνος
3481 2098 3507 2147 ὁ
3531 2095 3731 2166 οὐρανὸς,
3753 2095 3798 2162 ’ῖῆ

2321 2193 2378 2245 δὲ
2405 2192 2693 2246 ὑποπόδιον
2713 2233 2728 2257 ,
2763 2193 2856 2245 καὶ
2892 2192 2950 2245 ἐν
2981 2189 3194 2252 τούτοις
3229 2188 3586 2260 περιέχωμαι,
3607 2187 3725 2239 ὁπότε
3748 2187 3796 2255 τῷ

2322 2283 2440 2355 ἐμῷ
2485 2283 2746 2355 θελήματι
2775 2283 2946 2336 ταῦτα
2982 2281 3264 2352 συνέχεται
3299 2320 3316 2345 ,
3369 2279 3478 2333 ἀλλ’
3512 2281 3584 2342 είς
3610 2279 3795 2348 ὑμετέραν

2323 2375 2510 2446 χρείαν
2537 2375 2810 2444 ὑφιστῶν·
2837 2375 2898 2427 οὑ
2932 2373 3037 2445 μὴν
3070 2372 3208 2426 ἀλλά
3240 2372 3336 2426 καὶ
3383 2371 3608 2442 ἀστέρων
3641 2370 3794 2440 δρόμους

2323 2468 2416 2521 καὶ
2452 2469 2667 2530 στάσεις
2712 2467 2773 2520 τὺ
2815 2467 2946 2537 ἐμὸν
2983 2466 3232 2536 βούλημα
3266 2463 3459 2518 ἰθύνει·
3498 2462 3583 2516 καί⁷
3603 2461 3685 2530 γάρ
3705 2477 3796 2527 γινο-

2327 2560 2502 2631 μένων
2557 2560 2769 2623 αὑτῶν,
2821 2559 3042 2628 ἄγγελοι
3094 2557 3387 2630 ἡσυχάζειν
3440 2557 3533 2610 οὑκ
3573 2553 3794 2624 ἠνέσχοντο,

2323 2651 2458 2704 ἀλλὰ
2489 2653 2581 2705 τὸν
2611 2653 2697 2704 ἐπ’
2732 2651 2915 2716 αὑτοῖς
2946 2647 3094 2705 αἶνον
3134 2649 3482 2720 ὀφειλόμενόν
3511 2665 3588 2719 μοι
3613 2643 3797 2698 ἀποδεδώ-

2323 2760 2470 2797 κασι.
2509 2745 2732 2797 Πάντων
2769 2743 2946 2796 τοίνυν
2986 2744 3076 2796 ὑπ’
3108 2743 3245 2813 ἐμοῦ
3280 2741 3688 2813 κυϐερνωμένων,
3719 2736 3797 2788 οὐδὲ

2321 2833 2389 2885 τὰ
2426 2833 2518 2885 ἐπὶ
2550 2832 2650 2902 τῆς
2673 2832 2777 2900 γῆς
2805 2832 3145 2902 ἐκπέφευγον
3171 2849 3186 2863 ·
3229 2832 3365 2888 ἀλλά
3391 2832 3482 2884 καὶ
3506 2829 3701 2900 Κῦροςὸ
3733 2826 3794 2895 βα-

2325 2928 2501 2990 σιλεὺς
2536 2927 2774 2980 εὐσεϐῶν
2801 2927 2868 2980 τὰ
2914 2927 3049 2998 πρὸς
3083 2929 3184 2998 ἐμὲ
3214 2929 3309 2982 καὶ
3338 2923 3396 2981 εὖ
3445 2927 3662 2999 πράσσων
3684 2923 3795 2990 Eran-

2324 3034 2473 3071 σται’
2529 3019 2622 3072 καὶ
2670 3017 2866 3072 οὔποτε
2898 3019 3119 3089 λήσεται
3171 3020 3272 3090 τὴν
3324 3020 3458 3090 ἐμὴν
3505 3017 3670 3086 γνῶσιν
3704 3012 3795 3066 κατά

2322 3111 2544 3182 χρόνους
2576 3110 2739 3174 ἰδίους
2769 3109 3140 3180 γεννώμενος,
3171 3112 3268 3164 καὶ
3301 3111 3399 3164 οὑκ
3429 3108 3586 3179 οἰκεία
3617 3102 3793 3177 προαιρέ-

2325 3219 2405 3254 σει
2438 3199 2496 3254 εὖ
2523 3201 2759 3271 βιώσων,
2792 3201 2926 3254 ἀλλὰ
2958 3201 3034 3271 τῷ
3058 3201 3178 3271 ἐμῷ
3210 3202 3466 3272 νεύματι,
3511 3200 3593 3253 καὶ
3618 3197 3690 3267 τήν
3709 3192 3793 3246 κάθ-

642 3292 760 3346 οδον
789 3292 917 3361 ὑμῖν
968 3293 1065 3363 τὴν
1104 3294 1211 3346 ἀπὸ
1269 3294 1368 3363 τῆς
1429 3295 1800 3366 αἰχμαλωσίας
1841 3295 2145 3362 ἀποδώσει,
2208 3297 2302 3350 καὶ
2337 3296 2433 3368 τὴν
2500 3295 2853 3368 Ἰερουσαλὴμ
2888 3295 3232 3366 οἰκοδομήσει
3272 3336 3288 3362 ,
3339 3295 3400 3349 ού
3453 3295 3668 3366 χρήματα
3706 3289 3792 3353 παρ’

642 3386 797 3459 ὑμῶν
826 3387 1186 3457 κομιζόμενος
1212 3428 1226 3452 ,
1266 3389 1401 3443 ἀλλά
1429 3390 1508 3460 τῷ
1551 3391 1670 3462 ἐμῷ
1699 3392 1928 3464 νεύματι
1967 3393 2150 3446 εἴκων.

725 3477 891 3534 Vens.
938 3480 1025 3534 M.
1061 3481 1274 3538 Rursus
1312 3482 1379 3536 ad
1411 3483 1830 3540 confundendos
1864 3501 1958 3542 eos
2007 3503 2214 3543 memo-
2239 3486 2283 3545 C

2196 3516 2214 3530 .
2239 3486 2283 3545 ο
2385 3478 2553 3531 Πάλιν
2568 3477 2675 3530 τῶν
2706 3478 3034 3550 ἐνΑἰγύπτῳ
3050 3480 3318 3533 ἐπονειδεῖ
3334 3477 3506 3552 [οίζει]
3521 3477 3602 3547 τὴν
3621 3475 3791 3545 μνήμην,

648 3571 789 3625 riam
824 3587 1008 3626 rerum
1040 3582 1262 3629 revocat
1291 3575 1346 3628 in
1374 3575 1611 3646 Egypto
1646 3586 1925 3647 gestarum
1963 3591 2017 3635 et
2059 3584 2224 3637 mira-

644 3665 892 3719 culorum
953 3681 983 3719 a
1035 3664 1146 3720 Deo
1202 3678 1394 3721 contra
1441 3667 1725 3739 Egyptios
1787 3685 1888 3739 pro
1940 3671 2224 3729 liberando

645 3754 845 3824 populo
902 3755 1192 3810 editorum.
1252 3755 1333 3810 Illi
1402 3759 1622 3827 quidem
1683 3759 2069 3816 laboraverunt
2127 3767 2224 3820 ob-

647 3844 935 3914 Stupel‘acti
963 3863 978 3911 ;
1013 3861 1111 3900 vos
1135 3861 1266 3901 vero
1295 3863 1324 3900 a
1360 3849 1597 3917 peccatis
1638 3865 1748 3904 non
1776 3852 2102 3920 recessistis,
2127 3855 2222 3910 sed

646 3943 803 3990 vanis
830 3938 1028 3993 vestris
1045 3939 1512 4008 negotiationibus
1542 3941 1939 4012 defatigamini.
1973 3944 2042 3998 Et
2061 3948 2221 4014 paulo

644 4035 799 4092 post:
826 4025 1237 4096 Negligentibus
1260 4040 1440 4083 autem
1465 4030 1619 4085 vobis
1645 4029 1812 4086 Deum
1841 4041 1894 4088 et
1914 4049 2101 4089 curam
2126 4036 2221 4093 Dei

645 4114 1035 4180 abnuentibus,
1072 4120 1355 4188 apparebit
1404 4118 1575 4176 Filius
1613 4123 1948 4192 unigenitus,
1994 4127 2086 4196 qui
2125 4143 2222 4183 vo-

644 4202 913 4258 luntatem
945 4223 1118 4261 meam
1171 4211 1440 4279 perﬁciet,
1488 4221 1542 4267 et
1576 4214 1834 4270 omnibus
1862 4213 2033 4272 Israel
2071 4220 2216 4289 erit;

644 4298 883 4350 maxime
918 4314 1048 4351 vero
1075 4298 1244 4355 Judas
1295 4290 1421 4355 erit
1443 4303 1554 4368 ille,
1589 4304 1645 4358 in
1677 4320 1786 4374 quo
1832 4316 1956 4362 vota
1992 4308 2216 4376 faciant,

645 4401 743 4456 per
785 4401 945 4456 quem
997 4388 1261 4443 beneﬁcia
1313 4408 1432 4446 mea
1497 4397 1837 4463 sortiantur,
1883 4410 1938 4452 et
1986 4401 2216 4456 salutem

645 4489 1078 4549 consequantur.
1129 4481 1247 4548 Qua
1298 4486 1442 4538 enim
1490 4489 1705 4545 ratione
1753 4493 2114 4562 complebitur
2153 4497 2218 4550 il-

649 4573 742 4625 lud
766 4592 777 4627 :
805 4592 823 4624 ι
854 4573 928 4628 Ex
953 4574 1190 4646 JEgypto
1219 4578 1406 4631 vocavi
1449 4577 1643 4634 Filium
1680 4598 1859 4638 meum
1889 4585 1950 4639 η.
1986 4603 2004 4636 ι
2043 4584 2216 4642 Judzei

645 4664 791 4717 enim
821 4667 1167 4722 nomen'Filii
1194 4668 1602 4737 fastidiverunt,
1641 4680 1694 4728 et
1729 4675 2081 4732 multitudine
2124 4677 2218 4734 be-

649 4754 963 4810 neﬁciorum
1009 4775 1254 4814 meorum
1306 4763 1549 4817 converti
1598 4765 1925 4831 noluerunt;
1967 4769 2217 4839 unigeni-

649 4853 738 4900 tus
763 4863 890 4902 vero
916 4849 1084 4906 Filius
1110 4862 1456 4922 prmstantem
1489 4856 1634 4909 illam
1658 4871 1847 4911 vocem
1881 4858 2220 4930 sibi-optime

647 4935 974 5003 vindicavit;
1004 4957 1126 4995 nam
1163 4959 1288 4997 cum
1339 4953 1462 5014 post
1492 4945 1812 5000 defunctum
1851 4946 2120 5002 Herodem
2152 4965 2219 5004 ex

648 5027 887 5099 Egypt!)
919 5031 1139 5095 rediret,
1185 5037 1488 5092 rectissime
1526 5037 1862 5092 intellectum
1891 5046 1976 5093 est
2007 5039 2073 5094 de
2099 5039 2219 5110 ipso

650 5121 781 5174 illud
814 5119 1031 5174 ell‘atum
1061 5141 1073 5176 :
1111 5143 1127 5172 ι
1158 5124 1231 5177 Ex
1251 5125 1485 5198 JEgypto
1517 5133 1704 5184 vocavi
1730 5127 1928 5184 Filium
1962 5146 2162 5186 meum.
2195 5151 2214 5184 ι

724 5296 884 5353 Vens.
921 5299 1007 5353 16.
1051 5297 1382 5358 Referuntur
1420 5306 1532 5362 haec
1562 5309 1615 5363 in
1647 5309 1846 5381 Cyrum
1875 5327 2093 5381 regem;
2123 5314 2218 5384 qui

647 5388 793 5442 enim
827 5391 1102 5445 voluerint
1135 5393 1183 5446 ei
1217 5394 1506 5462 resistere,
1547 5401 1684 5453 nihil
1727 5401 1875 5456 aliud
1911 5403 2219 5472 proﬁcient,

650 5479 746 5533 sed
791 5482 1234 5549 confundentur;
1287 5485 1577 5542 intendunt
1622 5493 1789 5546 etiam
1839 5493 2030 5562 Israel,
2059 5497 2220 5566 cujus

652 5569 710 5624 in
751 5586 946 5626 manus
995 5588 1184 5630 omnes
1243 5576 1627 5632 tradentur.—
1661 5579 1872 5639 Insulas
1927 5585 2016 5640 hic
2063 5595 2221 5641 vocat

655 5660 803 5726 ipsas
846 5661 1146 5719 insularum
1202 5669 1472 5738 regiones.
1529 5669 1709 5727 Insula
1756 5675 1959 5730 dicitur
2002 5685 2054 5732 et
2103 5679 2221 5749 ipsa

732 5816 770 5845 ιε’
796 5815 914 5871 Οεο.
957 5837 1028 5880 xi,
1065 5823 1123 5883 I;
1159 5823 1342 5881 Matth.
1377 5844 1433 5889 tl,
1469 5828 1528 5881 I5

2327 3570 2418 3621 καὶ
2443 3568 2551 3622 τῶν
2574 3571 2690 3622 ἐκεῖ
2718 3569 3320 3642 θαυματουργηθέντων
3355 3568 3457 3623 ὑπὸ
3479 3568 3562 3621 τοῦ
3583 3564 3681 3618 Θεοῦ
3699 3562 3794 3615 κατά

2323 3659 2432 3713 τῶν
2467 3661 2777 3728 Αἰγυπτίων
2817 3662 2909 3714 ἐπὶ
2942 3665 3010 3732 τῇ
3044 3661 3136 3714 τοῦ
3167 3661 3302 3715 λαοῦ
3348 3659 3603 3732 ἐλευθερίᾳ
3626 3654 3793 3724 ὑπόμνη-

2329 3769 2443 3814 σις’
2479 3752 2554 3815 ὡς
2581 3754 2778 3806 ἐκεῖνοι
2810 3753 2907 3824 μὲν
2939 3753 3302 3823 πληττόμενοι
3333 3753 3666 3823 κεκμήκασιν,
3692 3746 3794 3814 ὑμεῖς

2323 3845 2380 3897 δὲ
2421 3845 2827 3915 ἁμαρτάνοντες
2880 3845 2980 3897 οὑκ
3035 3844 3398 3898 ἐνδεδὼκατεο
3445 3843 3568 3898 ἀλλὰ
3606 3841 3680 3894 καὶ
3716 3837 3792 3894 ταῖς

2325 3935 2528 3988 ἑαυτῶν
2569 3936 2859 4007 ἐμπορίαις
2893 3937 3365 4006 ἐματαιοπονεῖτε.
3398 3937 3498 3991 Καὶ
3523 3933 3630 4004 μετ’
3651 3929 3792 3996 ὀλίγα·

2335 4026 2520 4097 ’Υμῶν
2550 4027 2606 4080 δέ
2635 4027 2979 4098 ἀμελούντων
3001 4069 3015 4092 ,
3043 4029 3137 4082 καί¹
3163 4028 3266 4100 τὴν
3290 4028 3436 4100 παρά
3455 4026 3540 4080 τοῦ
3563 4022 3670 4078 Θεοῦ
3694 4019 3795 4088 κηδε-

2325 4120 2515 4188 μονίαν
2546 4121 3040 4192 ἀποστρεφομένων
3057 4161 3072 4186 ,
3100 4122 3370 4192 παρέσται
3395 4124 3422 4175 ὁ
3449 4117 3696 4190 μονογενής
3715 4108 3794 4167 Υἱίς

2322 4211 2626 4282 πληρώσων
2668 4214 2728 4266 τὸ
2763 4213 2893 4283 ἐμὸν
2930 4214 3141 4284 θέλημα
3160 4253 3174 4277 ,
3214 4215 3310 4268 καὶ
3341 4217 3448 4276 τοῖς
3475 4213 3618 4265 πᾶσιν
3648 4199 3794 4274 Ἰσραὴλ

2320 4303 2599 4374 γινόμενος
2625 4321 2640 4335 ο
2681 4306 2741 4357 οὑ
2785 4304 2890 4376 μὴν
2919 4306 3055 4358 ἀλλὰ
3083 4307 3177 4360 καὶ
3211 4306 3436 4370 Ἰούδας,
3461 4307 3512 4358 ἐν
3533 4296 3658 4372 ᾧπερ
3685 4309 3793 4366 προσ·

2320 4396 2598 4461 εύξονται·
2642 4397 2710 4450 δι’
2767 4394 2828 4451 οὑ
2864 4399 2959 4452 καὶ
3000 4399 3106 4454 τῶν
3151 4401 3302 4470 ἐμῶν
3331 4396 3678 4453 ἀπολαύσουσιν
3703 4389 3792 4453 ἀγα·

2321 4488 2429 4541 θῶν
2452 4529 2466 4553 ,
2501 4490 2594 4542 καὶ
2634 4492 2906 4562 σωτηρίας
2940 4491 3217 4556 τεύξονται
3244 4509 3258 4523 ·
3304 4493 3397 4546 καὶ
3431 4490 3530 4559 γάρ
3558 4487 3637 4550 τὸ,
3673 4499 3688 4532 ι
3717 4474 3792 4530 Ἀπ’

2319 4581 2592 4648 Αἰγύπτου
2627 4582 2862 4636 ἐκάλεσα
2898 4584 2988 4636 τὸν
3027 4584 3154 4637 Υἰόν
3192 4601 3325 4655 μου,
3371 4602 3388 4635 ι
3428 4580 3592 4634 τοῦτον
3618 4574 3689 4627 τὸν
3716 4564 3792 4637 τΡθ

2321 4690 2418 4725 πον
2451 4672 2753 4744 ἐπληροῦτο
2778 4691 2790 4704 ·
2837 4675 3106 4728 Ἰουδαίων
3132 4676 3230 4746 μὲν
3253 4676 3314 4729 τὸ
3345 4673 3467 4728 Υἰοῦ
3492 4671 3638 4739 ὄνομα
3664 4662 3792 4724 ἀθετη·

2325 4764 2533 4818 σάντων
2559 4805 2574 4830 ,
2618 4767 2712 4819 καὶ
2747 4768 2881 4839 μηδὲ
2927 4767 3005 4838 τῷ
3056 4767 3248 4838 πλήθει
3288 4767 3395 4820 τῶν
3441 4753 3790 4843 παραηεθέντινξ

2325 4856 2506 4920 αὑτοῖς
2551 4857 3042 4930 ἐκδυσωπηθέντων
3075 4875 3086 4888 '
3137 4858 3229 4911 τοῦ
3280 4859 3334 4911 δὲ
3393 4847 3669 4928 μονογενοῦς
3709 4841 3788 4930 Υἱνν

2326 4949 2749 5022 οἰκειωσαμένρυ
2784 4950 2988 5022 κυρίως
3023 4950 3368 5021 ῥωννυμένην
3405 4946 3572 5018 φωνήν
3593 4959 3604 4971 ·
3635 4940 3702 4991 ὅτε
3724 4929 3788 4999 γὰρ

2327 5040 2419 5092 ἀπ’
2449 5021 2738 5108 Αἰγύπτου
2777 5021 2912 5113 μετὰ
2955 5043 3046 5096 τὸν
3105 5041 3341 5114 Ἡρώδου
3380 5041 3586 5093 θάνατον
3620 5023 3786 5092 Exuvias“

2327 5131 2595 5202 ἡρμόζετο
2623 5135 2826 5203 κυρίως
2842 5136 2933 5189 ἐπὶ
2959 5135 3122 5189 αὑτοῦ
3149 5137 3209 5189 τὸ
3230 5133 3443 5206 λεχθέν·
3467 5150 3483 5183 ι
3506 5119 3785 5192 ἘξΑἰγύπτου

2328 5223 2559 5276 ἐκάλεσα
2594 5225 2684 5276 τὸν
2716 5225 2839 5278 Υἱὸν
2876 5243 2999 5296 μου.
3039 5247 3056 5277 ν

2397 5314 2744 5384 Λαμϐάνεται
2776 5295 2885 5387 μὲν
2911 5317 2971 5370 τὸ
3002 5319 3163 5390 ῥητὸν
3193 5317 3285 5372 καὶ
3313 5317 3391 5379 εἰς
3438 5311 3598 5383 Κῦρον
3640 5295 3782 5398 WE.

2325 5407 2512 5470 σιλέα.
2552 5409 2636 5462 ὅτι
2684 5411 2732 5463 οἰ
2770 5411 2943 5482 τούτῳ
2991 5413 3297 5484 βουλόμενοι
3329 5403 3663 5464 ἀντιπατεῖν,
3691 5386 3783 5444 0W“

2324 5499 2509 5570 ἓτερον
2535 5501 2816 5573 ὀνήσουσιν
2837 5544 2852 5566 ,
2883 5504 2916 5575 ἢ
2949 5483 3208 5576 αἰσχύνην
3233 5502 3596 5569 ἀπενέγκονται
3615 5507 3627 5520 ’
3655 5483 3782 5576 νοεῖται

2323 5589 2380 5644 δὲ
2434 5591 2525 5644 καὶ
2576 5596 2654 5656 εἰς
2709 5594 2800 5648 τὸν
2871 5573 3085 5669 Ἰσραήλ
3111 5637 3126 5661 ,
3287 5595 3484 5654 πάντας
3536 5573 3782 5670 ὑποχειρίοῗί

2326 5681 2522 5747 ἕξουσι.
2568 5717 2627 5725 -
2654 5688 2868 5758 Νήσους
2905 5690 3134 5744 ἐνταῦθα
3185 5688 3335 5743 καλεί
3382 5686 3468 5739 καὶ
3507 5677 3667 5735 αὐτοὺς
3704 5673 3779 5716 7°”;
