4038 6288
252 456 390 515 1541

1677 457 1744 512 IN
1778 432 2030 520 ISAIAM".

3339 451 3477 507 1542

249 573 456 633 τόπους
496 570 604 623 τῶν
633 572 838 641 νήσων·
870 570 1030 642 νῆσος
1067 572 1124 626 δέ
1158 573 1249 625 καὶ
1278 572 1310 642 ἡ
1356 572 1706 645 Ἰερουσαλὴμ
1734 574 1821 627 λέ-

1923 573 2246 637 Jerusalem,
2294 579 2481 644 utpote
2524 586 2643 641 qua
2671 569 2920 642 gentibus
2966 567 3206 638 undique
3240 567 3474 622 circum-

247 680 449 735 γεται,
500 664 829 735 συνεχομένη
875 665 971 736 μὲν
1014 663 1346 735 πανταχόθεν
1384 665 1487 717 ὑπὸ
1532 664 1638 719 τῶν
1666 683 1821 738 περι-

248 754 598 812 κυκλοῦντων
648 756 816 828 αὐτὴν
862 756 1030 809 ἐθνῶν
1067 795 1082 820 ,
1138 756 1566 827 περικλυζομένη
1614 757 1672 810 δέ
1727 758 1821 811 καὶ

257 849 360 901 ὑπὸ
392 847 497 900 τῶν
526 847 617 900 τοῦ
648 847 776 901 λαοῦ
822 847 1101 919 ἁμαρτιῶν
1142 839 1214 900 ὧν
1259 847 1569 918 ἡμάρτανον
1589 886 1605 911 ,
1639 849 1720 911 εἰς
1755 847 1822 902 τά

260 938 355 1007 ἐθη
388 938 495 990 τῶν
516 938 682 991 ἐθνῶν
714 939 1066 1001 ἐκπίπτοντες
1090 979 1103 1002 ,
1147 938 1241 991 καὶ
1277 940 1356 1000 είς
1384 937 1820 1008 είδωλολατρείαν

260 1030 669 1094 ὀλισθαίνοντες.
723 1030 1187 1095 Ἀνακαινίζεσθαι
1212 1030 1388 1085 τοίνυν
1412 1031 1775 1103 προτρέπεται
1799 1047 1816 1062 ⁸

263 1122 496 1195 μάλιστα
540 1123 635 1193 μὲν
685 1123 1051 1193 πρωτοτύπως
1090 1124 1257 1195 αὐτὴν
1295 1124 1393 1196 τὴν
1444 1123 1813 1195 Ἰερουσαλὴμ,

259 1214 321 1266 ού
350 1213 453 1285 μὴν
492 1212 626 1267 ἀλλά
675 1214 771 1268 καὶ
815 1215 992 1269 πάντα
1019 1217 1179 1269 τόπον
1209 1216 1316 1270 τῶν
1362 1216 1529 1271 ἐθνῶν
1562 1217 1654 1270 καὶ
1687 1218 1817 1270 ἀνα-

1922 668 2219 724 ﬂuentibus
2241 665 2650 732 circumdatur;
2685 663 3073 719 circumluetur
3095 660 3256 714 etiam
3291 656 3473 729 populi

1922 762 2162 833 peccatis
2189 760 2388 831 quibus
2422 774 2452 813 a
2500 758 2610 813 Deo
2642 756 2973 820 defecerunt,
3019 752 3086 807 ad
3125 765 3303 806 mores
3340 764 3474 819 gen-

1920 854 2059 907 tium
2107 852 2337 923 delapsi,
2389 862 2442 906 et
2480 849 2548 903 ad
2591 850 2767 919 ipsum
2820 848 3086 901 idolorum
3133 843 3358 897 cultum.
3409 836 3479 892 Ut

1921 945 2250 999 innoventur
2281 942 2402 997 ideo
2446 946 2630 993 monet
2663 953 2797 1005 eos;
2830 934 3127 1007 praesertim
3169 944 3297 985 vero
3320 927 3478 982 Jeru-

1924 1036 2093 1091 salem
2125 1044 2180 1090 et
2207 1038 2505 1106 quamlibet
2527 1036 2766 1107 gentium
2810 1030 3085 1100 regionem
3116 1025 3383 1086 hortatur,
3418 1026 3478 1071 ut

1923 1129 2196 1199 excipiant
2232 1145 2413 1184 veram
2448 1129 2514 1183 de
2554 1128 2666 1183 Deo
2698 1124 3023 1184 doctrinam,
3053 1126 3107 1174 et
3135 1115 3245 1171 Deo
3272 1111 3475 1184 gratias

1924 1220 2259 1286 exhibentes,
2296 1222 2524 1276 salutem
2552 1220 2656 1277 sibi
2686 1223 2999 1288 cperentur.

262 1306 553 1378 λαμϐάνειν
626 1308 847 1371 ἑαυτοὺς
902 1310 982 1372 εἰς
1036 1309 1362 1378 θεογνωσίαν
1392 1352 1408 1378 ,
1465 1311 1555 1364 καὶ
1619 1311 2102 1383 πραγματεύεσθαι
2170 1316 2378 1377 ἑαυτοῖς
2426 1312 2695 1384 σωτηρίαν
2733 1307 2980 1370 αἰώνιον,
3050 1300 3478 1374 προστρέχοντας

261 1404 324 1472 τῇ
356 1400 450 1454 τοῦ
478 1400 612 1453 Θεοῦ
642 1401 841 1472 χάριτι.

330 1497 473 1567 Πρὸς
500 1497 597 1568 τὴν
620 1496 760 1551 οῦτω
794 1498 1034 1570 μεγάλην
1058 1500 1407 1569 ἐπαγγελίαν,
1431 1502 1524 1555 καί
1551 1502 1645 1573 τὴν
1675 1503 1815 1570 ἐγει-

262 1592 494 1663 ρομένην
517 1595 627 1656 τοῖς
661 1593 944 1647 ἁκούουσιν
986 1595 1389 1665 ἀμφισϐήτησιν
1411 1634 1425 1654 ,
1467 1594 1573 1648 ἀπὸ
1615 1594 1823 1659 ἀξιοπί-

261 1701 400 1736 στων
430 1683 539 1736 τῶν
566 1684 656 1737 τοῦ
681 1684 814 1738 Θεοῦ
848 1685 1021 1756 ἔργων
1049 1685 1316 1755 νουθετεῖν
1360 1685 1531 1739 ἔοικεν
1573 1688 1601 1739 6
1625 1685 1777 1754 λόγος
1807 1701 1822 1716 '

258 1770 427 1839 Οὗτος
476 1776 583 1846 γὰρ
608 1815 622 1839 ,
674 1775 875 1846 φησὶν,
923 1779 951 1830 6
1006 1776 1154 1829 ταῦτ’
1194 1776 1654 1848 ἐπαγγελλόμενος
1691 1776 1822 1840 Θεός

1999 1496 2169 1552 Vsus.
2219 1496 2305 1551 18.
2344 1495 2424 1551 Ad
2492 1488 2929 1551 conﬁrmandam’
2971 1493 3241 1540 tantarum
3293 1497 3476 1537 rerum

1923 1589 2391 1662 praedicationem,
2434 1596 2488 1643 et
2516 1585 2788 1642 tollendas
2820 1579 3148 1635 audientium
3183 1575 3478 1629 dubitatio-

1926 1698 2049 1747 nes,
2099 1680 2547 1751 praestantissima
2590 1678 2685 1733 Dei
2730 1672 3317 1745 operajcommemorat
3353 1681 3478 1736 pro-

1921 1776 2105 1846 pheta.
2138 1773 2239 1840 Qui
2272 1775 2375 1829 ista
2416 1772 2698 1827 denuntiat
2728 1769 2868 1824 idem
2910 1769 3014 1826 est,
3048 1760 3242 1830 inquit,
3292 1774 3355 1812 ac
3387 1758 3478 1813 ille

258 1868 407 1919 ἐστιν
427 1907 440 1930 ,
470 1869 497 1919 6
530 1848 867 1939 καὶιοῦρανὸν
895 1869 1123 1940 ποιήσας
1146 1909 1159 1933 ,
1194 1869 1285 1922 καὶ
1314 1871 1416 1940 γῆν
1448 1868 1627 1935 δείξας
1662 1867 1819 1938 ἔργον

1926 1869 2018 1939 qui
2066 1868 2265 1924 coetum
2311 1867 2459 1930 fecit,
2507 1874 2560 1920 et
2604 1873 2806 1918 terram
2852 1857 3194 1915 extrinsecus
3239 1852 3478 1907 ostendit

2053 1967 2060 1969 Α
2205 1961 2216 1969 .
2348 1958 2382 1969 ι.
2428 1960 2438 1969 ι
2718 1958 2749 1969 ο.
2799 1965 2807 1969 -
3017 1963 3028 1969 -
3132 1963 3179 1969 ..Α
3225 1947 3287 1969 ,ιι
3323 1947 3473 1969 ----ζ-

254 1959 552 2028 γενομένην
576 1960 673 2029 τῆς
701 1959 890 2013 ἐαυτοῦ
915 1959 1287 2032 προλαὸούσης
1310 1960 1512 2023 ἐννοίας
1533 1977 1547 1992 ·
1576 1960 1669 2012 καὶ
1687 1959 1817 2013 ταύ-

251 2066 352 2119 την
382 2050 623 2121 χωρίσας
654 2052 759 2104 άπὸ
792 2051 899 2105 τῶν
935 2052 1142 2105 ὑδάτων
1179 2051 1550 2123 συναχθέντων
1584 2052 1664 2115 είς
1691 2068 1816 2104 συν-

253 2141 498 2209 αγωγάς.
559 2142 617 2193 Ὀ
672 2143 846 2195 τοίνυν
896 2142 1003 2195 τῶν
1059 2143 1271 2212 φύσεων
1343 2142 1547 2195 τούτων
1594 2142 1820 2214 ποιητὴς

251 2231 450 2285 οὔποτε
478 2231 742 2285 παύσεται
772 2233 1342 2304 φιλανθρωπευόμενος
1368 2250 1381 2262 ·
1423 2232 1543 2285 οὐδὲ
1578 2233 1686 2303 γὰρ
1723 2234 1817 2285 άν-

251 2323 509 2399 θρώπ-ους
533 2327 612 2388 είς
638 2325 697 2378 τὸ
729 2319 866 2377 εἶναι
896 2326 1214 2395 παρήγαγεν
1240 2363 1255 2386 ,
1288 2322 1352 2376 ἵν’
1387 2322 1484 2396 ἔχῃ
1520 2321 1612 2386 οὓς
1650 2340 1820 2393 τιμω-

254 2421 523 2490 ρήσηται,
552 2417 645 2470 καὶ
677 2415 878 2488 ἔρημον
908 2415 1109 2469 τούτων
1134 2414 1231 2486 τὴν
1260 2415 1361 2486 γῆν
1390 2416 1640 2486 ἀποφήνῃ
1662 2455 1676 2479 ,
1706 2413 1818 2467 ἀλλ’

250 2509 337 2562 ἵνα
364 2508 651 2571 οἰκοῦντας
666 2508 925 2578 εύεργετῇ
947 2548 962 2571 ,
989 2506 1081 2560 καὶ
1107 2504 1499 2577 μετανοοῦντας
1524 2505 1671 2578 σώζῃ
1690 2547 1704 2571 ,
1728 2506 1820 2560 καὶ⁵

249 2600 720 2669 ἐπιγινώσκοντας
752 2598 913 2651 αὐτὸν
940 2597 1144 2669 διδάξῃ.

321 2695 383 2745 υἱ
416 2690 596 2743 τοίνυν
625 2692 690 2743 ὲκ
714 2689 820 2742 τῶν
854 2689 1022 2742 ἐθνῶν
1047 2688 1177 2742 Θεὸν
1201 2689 1571 2757 ἐπεγνωκότες
1596 2688 1689 2742 καὶ
1718 2706 1822 2743 σω-

247 2782 451 2853 τηρίας
478 2780 615 2846 ἄξιοι
652 2778 1090 2850 ἀναδειχθέντες,
1132 2780 1528 2851 συστρέψαντες
1576 2782 1817 2847 ἑαυτοὺς,

250 2874 347 2926 καὶ
375 2871 523 2925 κατὰ
549 2870 670 2925 νοῦν
705 2871 1176 2942 συσκοπησάμενοι
1195 2912 1210 2934 ,
1243 2871 1305 2924 τὸ
1338 2872 1535 2925 ἄτοπον
1563 2871 1817 2936 συνίδετε,

250 2964 334 3016 ὅτι
381 2965 435 3016 οἱ
488 2964 573 3015 ἐπ’
606 2960 770 3033 ὤμων
809 2961 1063 3033 φέροντες
1107 2962 1175 3015 τὰ
1222 2962 1428 3016 ἑαυτῶν
1483 2951 1818 3033 σεϐάσματα,

252 3057 348 3109 καὶ
408 3054 660 3126 βοήθειαν
713 3053 924 3117 τούτοις
970 3053 1255 3125 νέμοντες,
1310 3055 1371 3108 οὐ
1431 3057 1546 3125 μετ’
1583 3056 1643 3108 οὐ
1688 3054 1819 3107 πολὺ

251 3148 409 3201 πλεῖν
441 3146 742 3217 μέλλοντες,
780 3146 874 3199 καὶ
905 3144 1120 3216 μακρὰν
1152 3144 1267 3198 ὁδὸν
1304 3145 1661 3217 στελλόμενοι,
1691 3147 1820 3217 παρ’

250 3239 485 3294 ἐκείνων
530 3237 782 3291 ἐπάνοδον
834 3234 1186 3308 ἐπιζητοῦσι,
1220 3237 1312 3289 καὶ
1342 3236 1609 3308 σωτηρίαν
1642 3238 1820 3302 αὐτοῖς
1844 3267 1887 3323 C

249 3327 611 3402 χορηγεῖσθαι
644 3327 935 3399 ὴλπίκασν
981 3325 1097 3380 δέον
1127 3325 1187 3379 τὸ
1216 3325 1412 3379 ἄτοπον
1449 3325 1671 3378 συνιδεῖν
1690 3366 1706 3392 ,
1738 3327 1818 3379 ὅτι

248 3424 278 3475 6
304 3420 552 3491 ἔμψυχος
587 3421 680 3473 καὶ
716 3419 891 3490 ἐαυτῷ
942 3417 1242 3490 ἐπαμύνειν
1295 3417 1621 3489 δυνάμενος,
1672 3418 1822 3489 παρὰ

248 3510 345 3563 τοῦ
381 3508 620 3581 ἁϐοήθου
665 3510 757 3563 καὶ
793 3508 1116 3581 ἁναισθήτου
1147 3507 1297 3563 οὐδὲν
1327 3507 1437 3562 τῶν
1499 3507 1679 3562 καλῶν
1723 3509 1825 3563 άπ-

248 3598 498 3654 ώνασθαι
525 3599 744 3652 δύναται
771 3599 906 3669 (l0).

324 3691 401 3744 Τὸ
442 3689 802 3761 ἀκοινώνητον
838 3690 940 3760 τῆς
970 3690 1065 3742 τοῦ
1096 3689 1231 3742 Θεοῦ
1272 3688 1485 3758 φύσεως
1523 3688 1617 3743 καὶ
1657 3688 1826 3759 ἀσύγ-

254 3798 447 3858 κριτον
475 3782 577 3834 κάν
608 3780 782 3850 τούτῳ
817 3779 1166 3851 σημαίνεται·
1216 3779 1438 3851 μηδενὸς
1483 3779 1640 3834 ἄλλου
1683 3779 1823 3833 οὕτω

251 3877 317 3930 τὸ
348 3872 490 3930 εἶναι
519 3871 851 3942 κεκτημένου
876 3911 890 3937 ,
924 3869 1083 3940 μόνου
1124 3870 1182 3923 δὲ
1221 3870 1370 3934 ὄντος
1408 3871 1698 3943 ἀγενήτου,
1731 3873 1823 3926 καὶ

251 3969 317 4023 τὸ
340 3968 549 4021 δίκαιον
583 3962 797 4032 ἑκάστῳ
837 3962 1110 4032 νέμοντος.
1139 3992 1210 4003 —
1244 3962 1448 4033 Ἰησοῦς
1477 3963 1534 4018 δέ
1571 3967 1686 4018 ἐστι
1721 3982 1827 4019 σω..

231 4060 421 4133 ’τηρία
448 4056 583 4111 Θεοῦ
602 4096 617 4121 ,
653 4056 772 4109 κατ’
800 4053 931 4107 αὐτὸ
960 4052 1021 4106 τὸ
1053 4053 1222 4124 ὄνομα
1240 4069 1257 4084 ο
1283 4055 1377 4108 καὶ
1403 4055 1432 4107 6
1467 4035 1659 4127 Σωτὴρ
1691 4055 1824 4119 Θεὸς

253 4156 313 4213 ἐν
349 4150 501 4222 αὒτῷ
523 4193 537 4216 ,
574 4149 666 4203 καὶ
710 4148 871 4211 αὐτὸς
897 4148 954 4199 ἐν
980 4145 1096 4217 Θεῷ
1124 4164 1138 4178 ο
1184 4148 1242 4200 ού
1276 4146 1339 4218 δὴ
1370 4147 1460 4200 τὸν
1489 4147 1665 4218 ἐαυτῷ
1693 4148 1822 4212 Θεὸς

253 4243 509 4317 ἀφορίζει
546 4239 737 4295 ἐαυτοῦ
763 4240 857 4294 καὶ
883 4237 976 4291 τοῦ
1009 4232 1144 4292 εἶναι
1164 4279 1179 4302 ,
1211 4237 1345 4291 ἀλλὰ
1376 4238 1466 4291 τὸν
1494 4238 1599 4306 ἔξω
1634 4238 1727 4292 καὶ
1764 4239 1823 4292 ἐν

255 4338 424 4410 ἑτέρᾳ
469 4335 697 4406 δυνάμει
735 4330 1078 4402 δικαιοσύνης
1111 4330 1203 4383 καὶ
1259 4330 1531 4403 σωτηρίας
1559 4346 1574 4361 θ
1608 4332 1668 4384 οὑ
1716 4332 1823 4403 γάρ

255 4431 409 4482 ἐστιν
443 4427 593 4481 οὐδὲν
623 4424 861 4479 τοιοῦτον
890 4421 1164 4493 ἀλλότριον
1197 4420 1291 4475 τοῦ
1323 4421 1637 4494 μονογενοῦς
1665 4421 1821 4488 Θεοῦ,

253 4522 357 4592 τῆς
412 4520 577 4591 μόνης
617 4517 797 4587 πηγῆς
837 4515 945 4569 τῶν
989 4512 1207 4583 ἀγαθῶν
1234 4530 1246 4542 ·
1301 4513 1360 4568 ἓν
1384 4514 1492 4585 γάρ
1520 4514 1581 4568 τὸ
1623 4513 1823 4583 ἀγαθὸν

1919 1967 2099 2015 mente
2137 1961 2288 2030 prius
2331 1958 2515 2013 divina
2546 1958 2903 2028 excogitatam
2930 1995 2945 2020 ,
2982 1963 3034 2008 et
3065 1963 3182 2011 eam
3223 1947 3291 2001 ab
3321 1947 3476 2017 aquis

1919 2052 2235 2107 distinxitin
2266 2051 2714 2121 congregationes
2741 2064 2870 2103 suas
2899 2048 3103 2103 coactis
3152 2047 3349 2101 Rerum
3380 2056 3474 2095 au-

1918 2150 2026 2198 tem
2058 2143 2287 2198 istarum
2323 2142 2595 2204 conditor,
2629 2155 2802 2210 usque
2833 2138 3203 2210 perseverabit
3228 2134 3475 2190 homines

1920 2234 2101 2291 studio
2136 2249 2237 2288 suo
2268 2241 2690 2303 persecuturus;
2720 2246 2829 2285 non
2857 2230 3001 2286 enim
3032 2230 3140 2284 vita
3180 2243 3274 2283 eos
3306 2225 3475 2280 dona-

1919 2323 1994 2378 vit
2026 2334 2083 2379 ut
2112 2324 2337 2378 haberet
2381 2339 2520 2393 quos
2559 2322 2799 2391 puniret,
2825 2329 2919 2374 aut
2959 2326 3160 2374 terram
3210 2316 3475 2387 praeberet

1918 2419 1988 2473 ab
2018 2418 2140 2473 istis
2182 2432 2431 2481 vacuam,
2484 2414 2580 2470 sed
2624 2422 2682 2468 ut
2729 2418 2912 2483 posset
2955 2417 3224 2467 terrarum
3268 2408 3476 2464 insulas

1919 2508 2126 2575 fovere,
2177 2516 2231 2562 et
2261 2504 2638 2576 paenitentiam
2680 2512 2899 2574 agentes
2934 2516 3176 2568 servare,
3203 2507 3256 2555 et
3306 2512 3476 2569 agno-

1920 2610 2136 2656 scentes
2165 2614 2287 2654 eum
2318 2598 2536 2653 docere.

1990 2689 2156 2747 Vsus.
2199 2688 2288 2743 90.
2334 2687 2503 2759 Igitur
2559 2702 2626 2743 ex
2667 2686 2920 2758 gentibus
2957 2686 3049 2757 qui
3106 2685 3275 2739 Deum
3319 2682 3477 2738 novi-

1920 2785 2043 2848 stis,
2079 2792 2134 2838 et
2184 2782 2360 2837 salute
2403 2780 2555 2851 digni
2598 2780 2859 2836 declarati
2909 2780 3065 2842 estis,
3117 2776 3370 2832 conversi
3420 2780 3477 2830 et

1920 2876 2103 2930 animo
2129 2873 2408 2930 vobiscum
2432 2879 2745 2942 reputantes
2767 2872 3157 2927 absurditatem
3181 2870 3326 2923 illam
3351 2883 3478 2938 per-

1919 2967 2137 3039 pendite
2168 2985 2181 3022 :
2216 2966 2361 3037 quod
2392 2966 2427 3020 ii
2457 2964 2549 3035 qui
2580 2965 2872 3020 simulacra
2910 2964 2978 3019 ab
3007 2978 3066 3018 se
3107 2963 3253 3016 culta
3280 2963 3474 3015 hume-

1921 3059 1998 3113 ris
2046 3066 2262 3128 gestant
2298 3057 2542 3129 ipsisque
2595 3071 2751 3128 opem
2797 3056 2994 3115 ferunt.
3033 3054 3176 3109 haud
3216 3052 3310 3108 diu
3351 3060 3476 3124 post

1918 3149 2252 3219 navigaturi,
2296 3158 2350 3204 et
2377 3150 2598 3220 longum
2634 3148 2739 3203 iter
2777 3146 3087 3212 emensuri;
3122 3146 3191 3200 ab
3234 3144 3301 3199 iis
3338 3145 3476 3200 salu—

1920 3248 2027 3296 tem
2073 3241 2178 3295 sibi
2215 3247 2268 3296 et
2302 3240 2535 3294 reditum
2564 3254 2888 3294 concessum
2932 3238 2999 3292 iri
3046 3244 3303 3308 sperent;
3347 3251 3474 3291 cum

1920 3339 2196 3401 oporteret
2231 3327 2310 3387 rei
2335 3331 2729 3386 absurditatem
2764 3329 3083 3396 intelligere,
3113 3327 3331 3399 quando
3354 3329 3476 3399 qui-

1919 3421 2039 3477 dem
2077 3422 2170 3491 qui
2200 3421 2471 3477 animatus
2495 3428 2579 3478 est
2616 3429 2668 3476 et
2701 3436 2857 3491 opem
2889 3420 2994 3474 sibi
3034 3418 3173 3474 ferre
3200 3419 3363 3483 valet,
3406 3419 3477 3474 ab

1919 3526 1984 3567 eo
2013 3512 2104 3582 qui
2136 3511 2272 3565 nihil
2299 3510 2493 3581 juvare
2521 3518 2701 3582 potest
2727 3517 2781 3566 et
2811 3524 2977 3566 sensu
3002 3519 3153 3565 caret
3181 3508 3319 3563 nihil
3342 3509 3475 3564 boni

1920 3603 2201 3675 percipere
2234 3604 2395 3658 valet.

1991 3693 2158 3751 Vsus.
2204 3695 2295 3750 21.
2335 3694 2430 3750 Dei
2479 3703 2731 3749 naturam
2786 3709 2910 3749 cum
2965 3693 3071 3748 alia
3117 3691 3372 3747 contendi
3418 3700 3475 3746 et

1919 3787 2223 3857 comparari
2251 3800 2357 3839 non
2389 3800 2550 3856 posse
2571 3785 2880 3840 declaratur
2902 3784 3013 3848 hic,
3045 3797 3169 3838 cum
3204 3797 3311 3836 non
3335 3780 3475 3835 alius

1920 3875 2107 3932 eodem
2153 3876 2312 3930 modo
2340 3876 2403 3929 τὸ
2435 3891 2557 3932 esse
2587 3875 2882 3946 possideat,
2929 3890 3051 3931 cum
3096 3889 3238 3929 unus
3268 3872 3474 3944 ingeni-

1920 3975 2010 4023 tus
2073 3967 2165 4029 sit,
2204 3977 2259 4022 et
2297 3982 2455 4023 suum
2493 3968 2689 4037 cuique
2741 3967 3020 4037 largiatur.
3067 3965 3224 4021 Jesus
3291 3972 3469 4018 autem

1919 4066 2004 4113 est
2064 4058 2213 4114 salus
2264 4057 2397 4124 Dei,
2440 4057 2584 4128 quod
2643 4072 2838 4112 nomen
2894 4058 3073 4127 ipsum
3111 4060 3374 4119 testatur;
3418 4060 3474 4106 et

1922 4150 2173 4205 Salvator
2202 4149 2347 4207 Deus
2382 4150 2440 4204 in
2469 4150 2613 4220 ipso,
2648 4158 2701 4215 et
2732 4150 2847 4219 ipse
2886 4149 2941 4203 in
2972 4148 3102 4211 Deo,
3134 4162 3292 4217 quem
3325 4143 3473 4199 enim

1919 4244 1977 4299 in
2007 4258 2066 4299 se
2097 4258 2206 4296 nun
2237 4256 2268 4296 a
2307 4258 2365 4297 se
2385 4250 2438 4297 et
2465 4243 2533 4296 ab
2562 4257 2686 4297 esse
2714 4241 2978 4305 excludit,
3017 4239 3111 4295 sed
3149 4239 3387 4292 alienum
3419 4243 3475 4291 et

1921 4336 1976 4391 in
2000 4336 2106 4391 alio
2131 4335 2358 4407 justitiae
2387 4344 2441 4391 et
2473 4336 2667 4391 salutis
2708 4335 2898 4390 ordine
2935 4332 3328 4397 constitutum;
3364 4344 3475 4383 non

1919 4437 2002 4483 est
2046 4428 2191 4481 enim
2237 4427 2422 4494 justus
2470 4435 2525 4483 et
2579 4426 2829 4481 Salvator
2887 4431 3080 4495 praeter
3137 4422 3475 4491 unigenitum

1921 4519 2112 4584 Deum,
2165 4534 2333 4574 unum
2387 4518 2512 4574 boni
2566 4519 2833 4589 cujusque
2887 4517 3124 4581 fontem;
3175 4528 3343 4568 unum
3392 4521 3477 4568 est

255 4613 352 4676 καὶ
383 4612 446 4665 τὸ
486 4611 544 4677 ἐξ
582 4608 742 4664 αὑτοῦ
790 4608 986 4674 ταὺτὸ,
1034 4608 1110 4673 ὡς
1157 4604 1319 4661 εἰκὼν
1367 4605 1592 4679 ἀληθινή
1633 4623 1692 4660 τε
1731 4607 1821 4661 καὶ

1924 4614 2068 4669 enim
2098 4613 2325 4677 bonum,
2357 4619 2411 4666 et
2440 4612 2585 4682 quod
2618 4626 2681 4668 ex
2713 4626 2779 4667 eo
2808 4609 3017 4674 itidem,
3047 4615 3107 4663 ut
3135 4621 3262 4664 vera
3293 4614 3349 4663 et
3378 4620 3477 4661 na-

298 4722 486 4757 υσικη.

298 4722 428 4757 υσικ
474 4745 486 4757 .

256 4723 294 4775 φ
339 4798 400 4850 '0
432 4704 709 4866 :mqpia;
741 4791 970 4864 χορηγὸς
1023 4793 1116 4845 καὶ
1155 4792 1300 4863 ζωῆς
1340 4791 1511 4854 αἴτιος
1555 4790 1801 4856 σώζεσθα

252 4889 468 4951 πάντας
496 4884 858 4958 προτρέπεται
878 4924 901 4949 ,ν
923 4883 1017 4937 καὶ
1045 4884 1103 4937 ὲν
1133 4884 1333 4956 βεϐαίῳ
1362 4883 1605 4955 δεδέχθαι
1629 4884 1696 4938 τά
1724 4885 1818 4953 τῆς

251 4982 336 5041 εἰς
380 4977 577 5039 αὐτοὺς
619 4973 911 5044 γενομένης
956 4972 1302 5041 ἐπαγγελίας.
1350 4968 1577 5047 Ἐπειδὴ
1629 4976 1737 5045 γὰρ
1786 4976 1819 5045 ἠ

250 5071 452 5141 κλῆσις
491 5068 586 5122 καὶ
642 5067 911 5131 Ἰουδαίοις
960 5068 1229 5139 σωτηρίαν
1278 5069 1678 5139 ἐμνηστεύετο,
1727 5067 1820 5120 καὶ

250 5162 385 5230 ἔθνη
436 5160 535 5230 τῆς
585 5159 753 5230 αὐτῆς
798 5159 1005 5229 δωρεᾶς
1048 5157 1199 5229 ήξίου
1230 5159 1321 5211 καὶ
1355 5158 1561 5222 πάντας
1589 5159 1821 5211 ἅπαντα·

246 5253 416 5326 κόθεν
467 5255 531 5322 τῇ
576 5251 669 5304 τοῦ
714 5250 846 5305 Θεοῦ
870 5250 1301 5321 προστρέχοντας
1336 5250 1512 5321 δωρεᾷ
1556 5248 1819 5314 σώζεσθαι

244 5342 674 5417 ειδηγγελίζετοθ
723 5345 771 5396 εἰ
818 5343 925 5414 γὰρ
956 5345 985 5396 6
1044 5341 1256 5414 Ἰσραὴλ
1305 5341 1441 5413 μετὰ
1486 5341 1547 5395 τὸ
1587 5340 1819 5395 τοσαῦτα

242 5436 576 5513 ἀμαρτῆσαι
605 5434 824 5508 χάριτος
859 5436 1050 5509 ἐδεήθη
1073 5473 1090 5501 ,
1121 5434 1299 5505 πολλῷ
1344 5434 1544 5505 μᾶλλον
1589 5434 1729 5506 μέγα
1760 5432 1818 5487 ὃν

239 5534 305 5587 τὸ
329 5531 632 5601 λεγόμενον
652 5530 950 5595 ὴπιστεῖτο,
978 5528 1052 5593 ὡς
1079 5528 1235 5601 μόνον
1258 5528 1362 5593 ἐως
1384 5527 1639 5600 ῥημάτων
1664 5526 1821 5580 τοῦτο

240 5624 681 5694 δεχθησὸμενον,
716 5618 835 5689 οὐχὶ
881 5619 939 5672 δέ
969 5618 1064 5673 καὶ
1105 5620 1183 5683 εἰς
1229 5618 1388 5688 ἔργον
1434 5615 1815 5689 προχωρῆσαν.

240 5715 440 5767 Πᾶσαν
488 5711 661 5765 τοίνυν
717 5711 1119 5784 ὰμφισὸήτησιν
1169 5713 1279 5774 τοῖς
1328 5709 1680 5780 καλουμένοις
1727 5706 1821 5760 ἐπὶ

1923 4708 2115 4764 turalis
2148 4707 2345 4776 imago.

1990 4798 2157 4855 Vsus.
2210 4798 2301 4854 22.
2356 4796 2562 4853 Salutis
2607 4797 2860 4867 princeps
2904 4801 2959 4850 et
3003 4795 3127 4849 vitae
3177 4798 3368 4847 auctor
3414 4798 3477 4846 ut

1920 4907 2111 4948 omnes
2155 4891 2288 4948 salvi
2338 4891 2471 4945 ﬁant
2500 4890 2772 4952 hortatur,
2806 4895 2861 4943 et
2905 4901 3209 4943 sermonem
3257 4883 3375 4955 ejus
3408 4884 3474 4938 ad

1916 4983 2068 5051 ipsos
2112 4980 2349 5036 delatum
2388 4980 2568 5036 studio
2622 4979 2948 5048 suscipiant.
2990 4977 3286 5032 Vocatione
3329 4975 3475 5031 enim

1922 5073 2149 5128 salutem
2181 5069 2383 5125 Judaeis
2410 5069 2801 5140 despondebat,
2832 5080 2886 5124 et
2910 5076 3100 5141 gentes
3136 5070 3324 5124 eodem
3353 5081 3476 5119 mu-

1922 5179 2052 5219 nere
2073 5162 2265 5233 dignas
2290 5162 2620 5225 declarabat,
2664 5172 2719 5217 et
2753 5177 2943 5218 omnes
2969 5160 3325 5218 denuntiabat
3363 5156 3475 5211 sal-

1920 5254 2151 5319 vandos,
2191 5261 2375 5325 utpote
2414 5254 2507 5324 qui
2538 5269 2605 5308 ex
2637 5256 2890 5311 omnibus
2918 5263 3187 5310 terrarum
3226 5249 3473 5321 partibus

1924 5345 2018 5401 Dei
2046 5345 2220 5416 gratia
2270 5347 2660 5402 excitarentur.
2703 5345 2858 5413 Quod
2906 5354 3085 5403 autem
3114 5342 3317 5399 Iudaeis
3348 5350 3473 5411 post

1924 5449 2001 5492 tot
2042 5452 2106 5492 ac
2149 5444 2300 5491 tanta
2344 5445 2564 5508 peccata
2596 5438 2752 5494 venia
2806 5455 2942 5511 opus
2988 5445 3122 5499 erat,
3174 5448 3240 5490 eo
3298 5432 3473 5503 magis

1923 5530 2094 5585 tantis
2142 5530 2429 5600 promissis
2477 5529 2806 5595 diliidebant,
2840 5529 2996 5600 quasi
3037 5527 3217 5583 verbis
3260 5531 3473 5578 tantum

1925 5618 2227 5689 proﬁtenda
2271 5627 2477 5683 essent,
2527 5634 2587 5674 re
2628 5633 2757 5675 vero
2802 5629 3079 5685 nunquam
3120 5606 3469 5683 perﬁcienda.

1925 5710 2040 5775 Qua
2065 5709 2132 5765 dc
2163 5724 2351 5774 causa,
2388 5716 2446 5765 ut
2478 5710 2843 5765 dubitationes
2873 5720 3115 5777 quasque
3139 5702 3376 5776 gentium
3405 5696 3474 5753 ad

312 5824 439 5899 (1ολ
464 5824 858 5899 [ragmcntum
902 5824 1003 5882 hoc
1033 5824 1357 5882 Heracleum:
1390 5822 1593 5881 editum
1636 5821 1832 5892 legitur
1874 5823 2033 5877 etiam
2087 5823 2226 5894 apud
2268 5821 2725 5881 Montfauconium
2769 5820 2824 5876 in
2868 5818 3049 5876 Craaca
3087 5817 3473 5889 pala’ographia

238 5912 360 5961 pag.
403 5895 535 5951 317.
