4038 6288
644 308 781 363 1547

640 426 825 474 autem
889 414 1005 469 haec
1066 410 1258 467 aﬂ‘ectu
1322 413 1377 460 et
1429 403 1595 458 animi
1664 400 1846 455 studio
1887 396 2122 454 sentitis.

1823 284 2170 340 Tlthl)Uﬂl
2204 280 2723 334 HISKAGLILENSIS

3678 282 3772 339 1528

2222 396 2269 452 Α
2295 391 2442 447 λείαν
2469 393 2575 446 τῶν
2607 392 2850 464 οὐρανῶν
2870 408 2882 422 ·
2918 408 2937 441 ι
2975 389 3111 445 κατὰ
3157 387 3424 461 προφορὰν
3457 388 3545 459 μὲν
3582 390 3646 444 τῶ
3675 392 3773 469 λόγῳ

640 506 1058 581 ὁμολογούντων,
1093 499 1166 573 μὴ
1200 498 1303 571 μὴν
1328 495 1562 550 διαθέσει
1590 492 1685 546 καὶ
1714 491 1900 562 ἀγάπῃ
1932 488 2107 559 ψυχῆς
2132 482 2302 537 ταῦτα
2329 484 2685 556 φρονούντων.

717 644 878 700 Vens.
912 639 999 694 10.
1031 633 1354 693 Nolidicere
1376 640 1431 686 te
1454 635 1677 701 pr0pter
1707 631 1990 696 argentum
2014 627 2068 675 et
2098 631 2204 673 aere
2244 654 2247 657 -

645 737 776 793 dato
805 749 836 787 a
872 745 960 786 me
989 729 1158 785 fuisse
1186 724 1499 790 venditum;
1539 734 1665 775 nam
1698 717 1882 789 potius
1910 722 1969 768 tu
2013 718 2199 767 temet-

647 830 761 901 ipse
788 820 1102 886 vendidisti,
1133 833 1241 874 non
1265 824 1485 887 prOpter
1515 812 1803 884 pecuniam
1832 806 2073 901 quidem,
2106 801 2203 859 sed

643 898 866 994 propter
892 915 1132 970 admissa
1160 918 1254 964 tua
1283 916 1523 980 peccata.
1554 904 1663 961 Nec
1690 898 2098 994 imbecillitatis—
2116 911 2204 951 me

641 988 863 1069 incuses
889 1004 1262 1079 prodigiorum
1292 1014 1523 1063 memor,
1563 1010 1685 1067 quae
1713 994 1936 1049 fuerunt
1957 991 2012 1045 in
2035 988 2202 1060 Egy-

640 1091 741 1174 pto
761 1100 926 1161 edita,
955 1106 1010 1153 et
1035 1095 1316 1153 servitutis
1339 1098 1532 1148 vestrae
1553 1088 1696 1160 apud
1722 1084 2026 1157 JEgyptios.
2046 1081 2204 1136 Nunc

641 1201 824 1247 tamen
873 1204 1060 1245 eruam
1118 1194 1174 1243 te
1230 1202 1297 1242 ex
1365 1183 1679 1254 captivitate
1730 1186 1954 1251 propter
2004 1190 2203 1231 nomen

640 1299 858 1347 meum,
898 1297 967 1336 ne
998 1280 1194 1334 tradito
1222 1287 1274 1333 te
1313 1282 1662 1347 peccatorum
1703 1285 1902 1335 causa,
1947 1276 2001 1324 et
2055 1269 2203 1323 omni

643 1389 741 1445 spe
770 1373 1065 1436 destituto,
1102 1369 1246 1423 idola
1281 1367 1511 1438 gloriam
1545 1378 1720 1418 meam
1756 1368 2057 1431 usurpent,
2092 1359 2201 1412 im-

642 1465 902 1540 potentia:
930 1479 1017 1518 me
1044 1460 1347 1533 arguentia,
1377 1457 1536 1529 quasi
1573 1455 1730 1511 vobis
1758 1454 2064 1509 libertatem
2100 1451 2206 1505 lar-

643 1558 749 1629 giri
775 1571 882 1611 non
912 1570 1149 1625 possem.

715 1667 882 1723 Vens.
929 1668 1017 1721 12.
1060 1666 1189 1732 Quae
1230 1664 1450 1736 quidem
1495 1662 1562 1717 ad
1609 1661 1871 1732 populum
1904 1658 2202 1723 dicuntur;

644 1760 741 1817 sed
791 1761 858 1814 ad
920 1760 1193 1814 hominem
1249 1757 1545 1829 quemlibet
1597 1763 1746 1810 recte
1803 1764 1868 1809 ea
1928 1748 2202 1807 tetuleris.
2236 1769 2280 1826 Β

636 1852 903 1908 Hortatur
945 1853 1107 1924 igitur
1153 1851 1296 1907 Deus
1348 1850 1667 1913 audientes,
1693 1853 1754 1900 ut
1802 1845 1954 1901 dict.)
1995 1842 2204 1898 intelli-

645 1955 806 2017 gant,
849 1954 904 2003 et
926 1945 1224 2017 condignos
1254 1944 1449 1999 exinde
1479 1945 1755 2010 excipiant
1787 1938 2023 1992 fructus.
2058 1934 2206 1990 Idem

644 2038 789 2092 enim
822 2053 939 2093 sum
961 2037 1207 2092 moribus
1226 2036 1319 2106 qui
1346 2044 1574 2101 natura;
1599 2041 1658 2087 ut
1692 2030 1969 2120 immutari
1999 2036 2208 2083 natura:

643 2145 778 2184 meae
812 2145 918 2184 non
952 2138 1053 2197 est,
1081 2130 1153 2183 ita
1183 2144 1284 2183 nec
1309 2128 1509 2183 mentis
1542 2141 1643 2182 nec
1673 2140 1917 2189 morum;
1943 2122 2039 2179 sed
2066 2122 2208 2177 idem

644 2236 901 2276 remaneo
913 2230 967 2276 et
990 2222 1248 2275 immotus
1266 2220 1321 2274 in
1334 2220 1725 2289 sempiternum
1739 2217 1983 2271 bonitate
1995 2230 2111 2270 mea
2131 2215 2210 2268 in-

642 2313 898 2384 signitus,
913 2330 1017 2384 qua
1034 2321 1087 2368 et
1104 2328 1132 2366 a
1150 2312 1419 2382 principio
1450 2318 1648 2366 cuncta
1674 2310 1862 2373 edens,
1892 2324 1989 2379 per
2009 2306 2207 2362 Filium

644 2417 709 2456 ea
741 2403 796 2457 in
836 2404 1010 2458 lucem
1058 2403 1296 2474 protuli,
1324 2410 1378 2457 et
1410 2418 1506 2473 per
1547 2402 1726 2472 ipsum
1773 2415 2060 2455 conservo.
2093 2398 2209 2453 Ma-

642 2509 749 2550 nus
803 2495 947 2550 enim
1004 2501 1060 2549 et
1115 2494 1338 2549 dextera
1379 2494 1580 2549 dicitur
1633 2493 1948 2565 unigenitus
1996 2491 2205 2555 Filius,

644 2587 835 2658 )atrize
894 2587 1092 2641 mentis
1144 2586 1426 2653 minister;
1455 2586 1601 2640 unde
1643 2600 1773 2640 vere
1806 2585 2071 2655 sapientia
2113 2583 2209 2639 Dei

644 2688 821 2734 exstat
858 2680 1167 2750 unigenitus
1206 2677 1379 2734 Filius
1409 2688 1462 2734 et
1488 2679 1720 2750 patriam
1761 2686 1997 2735 mentem
2030 2679 2211 2750 operi-

646 2769 747 2824 bus
770 2770 884 2825 suis
917 2771 1176 2827 declarat.

716 2968 881 3024 Vens.
917 2970 999 3024 M.
1036 2970 1248 3026 Rursus
1286 2972 1535 3027 homines
1561 2974 1826 3044 superbos
1861 2972 2051 3042 jubet,
2079 2988 2210 3029 eon-

2375 616 2769 690 Παραδεδόσθαι
2823 616 2879 670 δὲ
2927 617 2988 670 οὑ
3041 615 3230 686 φήσεις
3279 614 3353 677 ὡς
3398 615 3511 685 ἐμοὶ
3561 618 3773 679 ἐκτιννᾶων

2307 710 2483 783 χρέος,
2515 709 2623 763 οὐδ’
2666 709 2740 770 ὡς
2774 708 3034 780 ἀργύριον
3067 706 3167 777 ’μοῦ
3216 706 3576 776 κομιζομένου·
3611 712 3772 786 enim.

2304 801 2424 870 ψεις
2451 801 2509 854 δὲ
2537 799 2715 870 ἐαυτῷ
2744 799 2936 853 σαυτὸν
2962 795 3279 869 πεπρακὼς,
3321 796 3437 851 ἀντὶ
3476 798 3695 871 ἀργυρίου
3714 808 3774 871 τὰς

2308 890 2502 945 σαυτοῦ
2534 890 2803 961 ἁμαρτίας
2835 889 3131 960 προέμενος
3153 904 3166 917 ·
3202 888 3262 941 οὐ
3288 887 3394 958 γὰρ
3422 888 3548 960 ὲμῆς
3573 892 3775 961 ἀσθενείας

2310 985 2675 1056 καταδραμεῖς
2711 983 2817 1036 τῶν
2863 985 2921 1037 ἐν
2961 981 3217 1053 Αἰγύπτῳ
3255 981 3602 1053 μνημονεύσας
3627 986 3777 1058 καὶτῆς

2309 1076 2685 1146 Αἰγυπτιακῆς
2719 1074 2959 1139 δουλείας
3006 1074 3264 1147 μνησθείς
3287 1091 3301 1105 ·
3354 1072 3480 1130 ἀλλὰ
3520 1077 3598 1130 καὶ
3632 1078 3704 1133 νῦν
3735 1081 3777 1134 δι’

2309 1169 2541 1239 ἐμαυτὸν
2568 1167 2668 1240 τὴν
2700 1167 2956 1222 ἐπάνοδόν
3000 1185 3081 1220 σοι
3126 1167 3225 1238 τὴν
3269 1168 3334 1221 ἐκ
3367 1169 3458 1239 τῆς
3495 1170 3778 1240 αἰχμαλωσίας

2309 1261 2622 1333 χαριοῦμαι,
2651 1260 2738 1314 ἴνα
2770 1261 2864 1332 μὴ,
2893 1260 3321 1332 παραδεδομένου
3344 1277 3433 1314 σου
3457 1260 3536 1315 διὰ
3558 1262 3638 1326 τὰς
3660 1265 3777 1337 ἀμαρ-

2307 1351 2448 1415 τίας,
2506 1352 2925 1423 σφετερίσωνται
2977 1351 3076 1424 τὴν
3130 1353 3267 1422 ἐμὴν
3323 1350 3472 1417 δόξαν
3524 1352 3582 1406 τὰ
3628 1353 3776 1418 εἴδωλα,

2307 1442 2610 1514 ἀδυναμίας
2674 1460 2774 1514 μου
2832 1442 3245 1516 καταδραμόντα
3270 1483 3285 1509 ,
3329 1441 3403 1506 ὡς
3458 1442 3524 1515 μὴ
3567 1443 3777 1516 δυνηθέντα

2307 1536 2434 1606 ὑμῖν
2467 1535 2777 1609 ἐλευθερίαν
2802 1534 3148 1608 χαρίσασθαι.

2377 1646 2457 1701 Τὰ
2494 1647 2590 1719 μὲν
2625 1648 2890 1719 λεγόμενα
2917 1646 3051 1719 πρὸς
3080 1648 3168 1702 τὸν
3197 1647 3343 1711 λαὸν,
3377 1635 3632 1718 μετάγεται
3653 1649 3695 1703 δὲ
3719 1650 3778 1703 mi

2307 1740 2387 1804 εἰς
2438 1739 2613 1793 πάντα
2665 1739 2966 1812 ἄνθρωπον.
3004 1741 3062 1793 '0
3101 1739 3279 1793 τοίνυν
3329 1738 3456 1802 Θεὸς
3496 1742 3700 1811 παραινεῖ
3728 1742 3777 1801 εἰς

2312 1832 2656 1903 συναίσθησιν
2698 1832 2805 1886 τῶν
2849 1832 3154 1903 λεγομένων
3198 1830 3445 1904 ἔρχεσθαι
3490 1834 3598 1896 τοὺς
3627 1832 3776 1886 ἀκούον-

2306 1942 2423 1989 τας,
2471 1925 2563 1979 καὶ
2613 1924 2712 1997 τὴν
2759 1924 2816 1992 ἐξ
2853 1925 3033 1979 αὑτῶν
3075 1924 3341 1995 ὠφέλειαν
3391 1923 3700 1997 καρποῦσθαι·
3741 1925 3776 1975 ’0

2307 2017 2466 2081 αὑτὸς
2498 2017 2605 2087 γάρ
2633 2020 2746 2088 εἰμι
2776 2017 2836 2070 τὸ
2877 2012 3029 2089 ἦθος,
3077 2016 3268 2090 ὥσπερ
3304 2011 3393 2070 οὖν
3431 2016 3519 2070 καὶ
3555 2014 3773 2087 τὴνφύσιν·

2308 2110 2401 2162 καὶ
2424 2108 2498 2173 ὡς
2524 2110 2624 2161 οὑκ
2648 2108 2851 2163 ἔνεστιν
2882 2111 2939 2162 ἐν
2966 2111 3031 2180 τῇ
3065 2109 3226 2178 φύσει
3255 2107 3348 2180 τὴν
3374 2106 3562 2179 τροπὴν
3587 2105 3772 2171 δέξασθαι.

2307 2200 2479 2265 οῦτως
2509 2201 2628 2255 οὑδέ
2671 2203 2728 2254 ἐν
2758 2202 2825 2272 τῇ
2856 2199 3047 2273 γνώμῃ
3071 2217 3130 2253 τε
3170 2201 3270 2255 καὶ
3308 2200 3384 2271 τῷ
3410 2199 3539 2271 ἤθει,
3568 2198 3653 2252 ἀλλ’
3674 2198 3694 2250 ὁ
3717 2200 3775 2252 αὑ-

2307 2294 2396 2358 τὸς
2435 2294 2513 2357 είς
2554 2291 2641 2346 ἀεὶ
2679 2292 2775 2357 ὢν,
2809 2292 2916 2346 ἀπὸ
2946 2292 3286 2369 ἁγαθότητος
3318 2290 3638 2363 γνωρίζομαι,
3654 2291 3713 2358 ἀφ’
3728 2286 3773 2361 ἧς

2308 2387 2401 2440 καὶ
2430 2385 2527 2458 τὴν
2551 2386 2719 2457 ἀρχὴν
2742 2384 2811 2439 τὰ
2843 2385 3019 2440 πάντα
3051 2386 3451 2458 ἐτεκτηνάμην,
3488 2386 3538 2437 ἐν
3562 2382 3651 2454 Υἰῷ
3666 2381 3773 2435 ταῦτα

2307 2478 2503 2545 δείξας,
2534 2478 2628 2533 καὶ
2665 2479 2731 2532 δι’
2772 2479 2934 2532 αὑτοῦ
2969 2480 3433 2552 ὑποστησάμενος.
3466 2478 3586 2549 Χεὶρ
3619 2477 3696 2547 γὰρ
3716 2475 3774 2527 καὶ

2308 2572 2453 2637 δεξιὰ
2475 2574 2501 2625 ὁ
2542 2571 2832 2644 μονογενὴς
2870 2572 2996 2636 Υἱὸς
3036 2571 3311 2635 λέλεκται,
3354 2570 3613 2642 πληρωτὴς
3633 2566 3687 2620 ὢν
3707 2565 3774 2619 τῶν

2310 2663 2586 2736 πατρικῶν
2624 2664 2860 2727 ἐννοιῶν,
2895 2664 2969 2728 ὡς
2998 2659 3134 2717 εἷναι
3168 2664 3374 2736 κυρίως
3405 2662 3576 2736 σοφίαν
3600 2662 3670 2714 τοῦ
3688 2656 3773 2713 Θεοῦ

2308 2757 2400 2811 τὸν
2436 2756 2693 2827 μονογενῆ
2735 2756 2883 2820 Υἰὺν,
2920 2755 3325 2827 σαφηνίζουσαν
3361 2755 3454 2818 τὰς
3484 2751 3698 2826 πατρικὰς
3722 2751 3775 2803 ἐν·

2310 2847 2457 2911 νοίας
2488 2850 2544 2902 ἐν
2572 2850 2685 2911 τοῖς
2713 2848 2804 2901 ὑπ’
2832 2847 2995 2900 αὑτοῦ
3022 2847 3332 2918 γινομένοις
3357 2845 3540 2918 ἔργοις.

2380 2983 2550 3036 Πάλιν
2580 2982 2707 3047 τοὺς
2744 2983 2882 3054 μέγα
2921 2980 3253 3055 φρονοῦντας
3275 2983 3333 3035 ἐν
3363 2980 3542 3051 γνώσει
3568 2977 3650 3032 τῶν
3666 2974 3774 3030 ἐθνῶν

644 3061 879 3131 gregatis
909 3062 1159 3130 gentibus
1190 3063 1451 3116 accedere
1474 3102 1489 3127 ,
1521 3054 1575 3117 ct
1609 3065 1881 3119 recordari
1910 3081 1969 3121 se
2007 3066 2076 3120 ab
2101 3067 2209 3120 alio

2236 3120 2276 3148 ρ
2314 3078 2564 3146 παρεῖναι
2611 3076 2993 3148 προτρέπεται,
3028 3074 3122 3127 καὶ
3158 3074 3304 3128 κατὰ
3352 3072 3467 3126 νοῦν
3496 3069 3773 3141 ἐκλαμὸἀνειν,

643 3172 755 3212 non
788 3156 1064 3226 accepisse
1096 3156 1232 3211 istas
1265 3157 1678 3226 praedictiones,
1726 3173 1824 3212 nec
1851 3159 2015 3212 alium
2066 3176 2207 3230 prae—

2237 3156 2277 3175 ν
2309 3169 2383 3232 ὡς
2410 3169 2468 3221 οὑ
2502 3169 2629 3240 παρ’
2658 3168 2843 3240 ἐτέρου
2865 3167 3066 3231 ταύτας
3095 3166 3195 3230 τὰς
3225 3163 3612 3238 προαγορεύσεις
3638 3156 3774 3226 ἐξειλή-

643 3249 984 3305 nuntiavisse
1011 3264 1132 3318 quae
1170 3250 1388 3318 longum
1422 3258 1545 3320 post
1572 3251 1833 3319 temporis
1862 3251 2208 3307 intervallum

2311 3276 2502 3330 φεσαν,
2543 3259 2663 3313 οὑδέ
2704 3277 2786 3323 τις
2831 3258 2898 3313 τὰ
2949 3259 3085 3330 μετὰ
3135 3258 3367 3322 πολλοὺς
3411 3256 3606 3329 χρόνους
3626 3249 3774 3321 γενησὸα

641 3342 926 3408 evenient,
981 3342 1086 3397 nisi
1139 3343 1314 3413 ipsum
1370 3343 1535 3400 totius
1577 3343 1819 3399 universi
1865 3343 2069 3412 Deum,
2116 3336 2210 3417 qui

2314 3371 2448 3425 μενα
2480 3352 2795 3426 προύλεγεν,
2820 3352 2935 3406 ἀλλ’
2978 3350 3140 3414 αὑτὸς
3166 3346 3240 3423 ἦν
3268 3352 3296 3404 ὁ
3323 3349 3426 3403 τῶν
3451 3350 3568 3403 ὅλων
3600 3346 3687 3408 Θεὸς
3709 3342 3773 3396 καὶ

644 3436 991 3491 imminentes
1039 3436 1145 3490 illis
1178 3437 1517 3492 calamitates
1548 3437 1864 3507 denuntiat,
1901 3450 1956 3496 et
2004 3442 2071 3497 ad
2119 3458 2210 3499 sa--

646 3527 802 3582 niora
832 3541 1128 3583 conversos
1162 3528 1342 3582 denuo
1371 3531 1602 3585 solatur.

714 3659 1237 3717 VsnsJSMemorat
1258 3663 1344 3719 hic
1367 3663 1509 3720 Deus
1527 3665 1797 3722 lsraelitas
1812 3676 2061 3723 votorum
2083 3685 2211 3725 suo-

644 3767 765 3806 rum
800 3751 972 3809 factos
1008 3770 1133 3810 esse
1177 3764 1475 3826 compotes.
1509 3757 1718 3830 Quippe
1756 3761 1849 3832 qui
1881 3776 1911 3814 a
1941 3761 2210 3818 Chaldaeis

644 3844 808 3899 toties
845 3846 1092 3914 oppressi
1134 3853 1186 3900 et
1227 3848 1411 3916 praelio
1468 3848 1572 3904 fusi
1622 3866 1782 3920 quam
1823 3852 2211 3910 ardentissime

644 3937 852 3990 cladem
888 3952 1075 3992 eorum
1107 3940 1219 3993 ﬁeri
1248 3940 1653 3996 desiderabant.
1685 3943 1784 3998 Cui
1815 3944 2095 4001 desiderio
2120 3963 2209 4003 re—

646 4025 921 4095 spondens
976 4028 1207 4098 benigne
1260 4027 1436 4096 Deus,
1494 4031 1735 4087 declarat
1788 4049 1848 4089 se
1896 4051 2004 4090 non
2059 4037 2209 4105 justa

648 4131 865 4190 agentes
910 4121 1242 4185 defendisse,
1271 4123 1364 4177 sed
1403 4132 1624 4193 propter
1648 4141 1822 4195 genus
1853 4137 2063 4197 amatos
2095 4146 2212 4186 ser-

644 4213 860 4267 vavisse
888 4221 1078 4267 contra
1106 4214 1477 4270 Chaldaeorum
1508 4217 1786 4275 incursus.

2311 3444 2589 3516 προλέγων
2642 3445 2709 3497 τὰ
2758 3442 3179 3513 καταληψόμενα
3241 3442 3434 3506 αὑτοὺς
3474 3438 3683 3510 δυσχερῆ,
3714 3432 3775 3485 καὶ

2314 3538 2472 3591 πάλιν
2509 3535 2941 3608 μετατιθεμένων
2967 3532 3421 3604 ἀνακαλούμενος.

2398 3669 2830 3740 ’Υπομιμνήσκει
2862 3665 3059 3729 αὑτοὺς
3092 3665 3325 3720 ἐνταῦθα
3348 3666 3443 3738 τῆς
3468 3662 3635 3723 οἰκείας
3658 3653 3776 3711 αὑτῶν

2316 3763 2607 3834 ἐπιθυμίας
2644 3762 2724 3823 εἰς
2771 3759 2930 3831 ἔργον
2971 3759 3423 3832 προχωρησάσης.
3451 3757 3558 3810 Τῶν
3579 3753 3660 3823 γὰρ
3676 3747 3779 3802 Χαλ-

2315 3855 2478 3910 δαίων
2528 3852 2814 3907 θλιϐόντων
2850 3851 2936 3905 ἀεὶ
2979 3852 3069 3905 τὸν
3106 3851 3323 3924 Ἰσραὴλ
3367 3851 3456 3904 καὶ
3493 3840 3778 3912 ἐπιτιθεμένων

2316 3947 2495 4009 αὐτοῖς
2522 3947 2578 3997 ἐν
2607 3943 2992 4015 παρατάξεσιν,
3023 3942 3289 4015 ἐπιθυμία
3315 3939 3381 4014 ἦν
3404 3940 3490 3996 τοῦ
3522 3934 3686 4010 Ἰσραὴλ
3706 3928 3780 3982 τού·

2315 4056 2442 4102 τους
2472 4038 2622 4109 παρὰ
2646 4035 2738 4090 τοῦ
2767 4036 2902 4090 Θεοῦ
2934 4036 3321 4109 διαφθαρῆναι·
3343 4040 3371 4091 ὁ
3392 4035 3554 4090 τοίνυν
3577 4029 3693 4090 Θεὸς,
3713 4020 3780 4077 ἀπὺ

2317 4132 2647 4203 ἁγαθότητος
2673 4129 2945 4185 καὶτοῦτο
2967 4131 3047 4194 εἰς
3069 4129 3229 4202 ἔργον
3257 4129 3473 4199 ἐκὸἧναι
3498 4118 3779 4193 συγχωρήσας,

2319 4225 2725 4295 ὑπομιμνήσκει
2771 4222 2985 4285 αὐτοὺς,
3022 4220 3097 4286 ὡς
3137 4222 3199 4274 οὑ
3242 4204 3782 4292 δικαιοπραγούντωνφ

644 4300 753 4354 τῶν
786 4301 1122 4367 ἀντελάϐετο,
1151 4304 1264 4358 ἀλλ’
1291 4308 1477 4377 ἀγάπῃ
1506 4312 1572 4381 τῇ
1613 4312 1739 4382 περὶ
1764 4311 1825 4365 τὸ
1850 4313 2020 4382 γένος,
2054 4317 2180 4382 τοὺς
2198 4318 2499 4381 Χαλδαίους
2525 4315 2618 4370 τοῦ
2651 4314 2903 4386 πολεμεῖν
2932 4312 3218 4368 ἐκώλυσεν.

721 4437 881 4494 Vens.
922 4436 1009 4543 lii.
1041 4436 1141 4492 Hic
1179 4438 1440 4495 describit
1476 4445 1751 4513 prophetae
1784 4462 1964 4504 sermo
1997 4448 2211 4506 Domini
2247 4485 2293 4543 υ

645 4530 893 4587 aﬂ'ectus.
942 4529 1073 4596 Quae
1122 4534 1268 4585 enim
1321 4532 1389 4607 ad
1434 4535 1696 4603 populum
1748 4552 1859 4593 non
1908 4539 1962 4593 in
1999 4542 2214 4610 angulis

646 4623 791 4681 dicta
832 4632 958 4678 sunt
996 4631 1088 4678 aut
1129 4624 1181 4677 in
1214 4624 1555 4689 abscondito,
1602 4628 1697 4681 sed
1731 4643 1916 4682 coram
1960 4632 2216 4690 omnibus

644 4721 702 4769 et
758 4717 933 4784 palam
988 4716 1200 4786 prolata
1246 4715 1493 4772 fuerunt.
1553 4716 1686 4770 Nam
1750 4728 1953 4775 certam
2010 4722 2215 4780 habens

648 4807 765 4877 ipse
799 4807 990 4862 horum
1034 4809 1283 4863 notitiam
1317 4808 1384 4863 ad
1436 4824 1534 4864 vos
1580 4810 1799 4866 locutus
1830 4827 1953 4866 sum
1985 4822 2038 4868 et
2068 4831 2215 4871 nunc

648 4915 759 4955 non
789 4914 944 4954 cesso
979 4901 1120 4957 idem
1177 4903 1388 4959 faciens
1427 4918 1528 4973 pro
1564 4912 1743 4958 vestra
1778 4905 1985 4970 salute;
2023 4906 2213 4963 Domi-

647 5008 755 5049 nus
782 4990 926 5047 enim
950 4993 1099 5048 misit
1120 5010 1205 5050 me
1224 5037 1238 5061 ,
1267 5005 1321 5051 et
1351 4996 1492 5051 amat
1521 4995 1760 5066 Spiritus
1792 5005 2038 5054 sanctus.

714 5190 880 5247 Vens.
914 5191 1001 5246 17.
1032 5190 1275 5261 Ingratos
1312 5194 1529 5250 illorum
1557 5197 1771 5252 animos
1807 5212 2002 5253 rursus
2028 5199 2211 5253 incre-

646 5300 784 5356 pans
816 5284 1096 5339 servitutis
1126 5284 1498 5355 depulsionem
1524 5299 1810 5345 memorat.
1835 5291 1946 5361 Age
1965 5332 1979 5354 ,
2009 5292 2210 5362 inquit,

647 5377 996 5433 Conditorem
1041 5386 1193 5432 tuum
1233 5394 1340 5432 non
1370 5383 1674 5450 agnovisti,
1715 5385 1972 5456 dirigenti
2000 5394 2054 5441 et
2096 5387 2215 5457 pla-

648 5471 846 5526 smauli
877 5477 931 5524 te
956 5486 1064 5525 non
1097 5478 1276 5526 mente
1299 5472 1597 5540 inservisti,
1618 5491 1746 5529 num
1770 5486 1823 5533 et
1851 5491 2130 5533 eruentem
2162 5488 2214 5534 te

647 5578 713 5617 ex
751 5560 986 5634 Egypto
1033 5564 1316 5620 fastidies?
1357 5550 1469 5636 Ego
1494 5583 1622 5622 vero
1674 5570 1767 5639 qui
1825 5571 1970 5625 istud
2026 5571 2209 5638 eﬂ'eci,

650 5652 790 5707 idem
830 5655 1008 5710 adhuc
1043 5671 1164 5711 sum
1205 5676 1219 5711 :
1253 5658 1459 5713 nullam
1500 5660 1825 5729 praetermisi
1863 5663 2211 5717 occasionem

650 5741 745 5795 tibi
781 5757 843 5799 ea
894 5746 1309 5804 commcndandi
1343 5765 1461 5817 quae
1510 5750 1673 5807 saluti
1728 5765 1849 5806 esse
1891 5751 2203 5817 potuerint,

2401 4455 2661 4510 Ἐνταῦθα
2689 4456 2780 4509 τοῦ
2828 4456 3103 4527 προφήτου
3149 4455 3199 4508 οἱ
3247 4454 3389 4522 λόγοι
3420 4434 3783 4527 Δεσποτικδνέθυς

2322 4550 2676 4621 μιμούμενοι·
2732 4525 3005 4618 λελέχθαιν
3033 4548 3142 4619 γὰρ
3190 4546 3363 4601 ταῦτα
3418 4542 3549 4610 λέγει
3725 4525 3782 4631 τήν

2317 4643 2442 4696 λαὸν
2467 4643 2526 4697 οὑ
2556 4642 2695 4695 κατὰ
2733 4642 2936 4709 γωνίας
2964 4640 3085 4693 οὑδέ
3119 4641 3176 4693 ἐν
3209 4637 3543 4709 παραϐύστῳ,
3573 4625 3783 4689 ἀλλὰπρὸς

2317 4740 2521 4797 πάντας
2550 4735 2643 4787 καὶ
2680 4736 2736 4786 ἐν
2769 4732 2844 4804 τῷ
2872 4731 3108 4804 φανερῷ.
3141 4732 3250 4785 Καὶ
3280 4730 3387 4801 γὰρ
3410 4725 3553 4787 αὐτὸς
3573 4718 3676 4789 ἐγὼ,

2319 4843 2478 4897 ρητον
2502 4825 2637 4896 έχων
2665 4824 2760 4895 τὴν
2785 4800 2991 4878 τούτων
3014 4800 3239 4894 γνῶσιν,
3266 4819 3543 4890 ἐποιούμην
3568 4812 3665 4871 τοὺς
3688 4800 3783 4897 FP.“

2317 4919 2459 4989 ὑμᾶς
2483 4918 2700 4986 λόγους·
2736 4917 2796 4969 τὸ
2825 4917 2868 4970 δ’
2898 4915 3027 4969 αὑτὸ
3066 4915 3161 4968 καὶ
3210 4914 3305 4967 νῦν
3344 4909 3500 4965 ποιῶν
3536 4905 3587 4958 οὑ
3615 4895 3781 4989 παύομαι

2318 4982 2452 5081 πρὸς
2484 4982 2756 5080 ὑμετέραν
2786 5005 3083 5076 ὠφέλειαν·
3123 5004 3256 5067 Θεὸς
3295 5002 3400 5072 γάρ
3444 5001 3575 5052 ἐστιν
3620 4993 3644 5043 ὁ
3682 4982 3783 5053 πέμ⁴

2316 5120 2452 5167 πων,
2482 5097 2819 5171 ὑπηχοῦντος
2856 5096 2950 5151 τοῦ
2990 5096 3303 5167 Πνεύματος
3328 5092 3417 5146 τοῦ
3441 5089 3600 5158 ἁγίου.
3696 5169 3704 5178 Ι
3753 5164 3767 5178 0

2386 5193 2554 5248 Πάλιν
2590 5191 2865 5263 ἐντρέπων
2895 5191 3091 5253 αὐτοὺς
3122 5188 3209 5242 διὰ
3242 5186 3337 5257 τὴν
3366 5179 3636 5256 προσοῦσαν
3663 5169 3780 5263 aitet;

2316 5255 2725 5359 ἀγνωμοσύνην,
2739 5283 3058 5356 λυτρώσεως
3075 5255 3533 5353 μέμνηται.Ἔστω
3544 5269 3650 5338 γὰρ.
3661 5255 3778 5361 φηξὶνν

2314 5375 2358 5434 ὦ
2401 5378 2633 5451 Ἰσραὴλ,
2674 5376 2929 5430 ποιοῦντα
2971 5375 3070 5428 οὑκ
3113 5374 3432 5441 ἐγίνωσκες,
3468 5360 3778 5451 δημιουργουπξξ

2315 5477 2408 5527 καὶ
2447 5470 2733 5525 πλάττοντι
2780 5486 2838 5522 σε
2877 5468 2937 5521 οὑ
2969 5463 3387 5538 παρηκολούθεις
3417 5461 3477 5528 τῇ
3507 5450 3778 5541 γνώσειψηξε

2314 5563 2676 5637 λυτρουμένου
2713 5579 2805 5614 σου
2844 5559 2903 5629 ἐξ
2937 5559 3212 5628 Αἰγύπτου
3242 5557 3339 5610 οὑκ
3377 5548 3617 5623 ᾐσθάνου;
3650 5538 3692 5588 Ὅ

2313 5623 2425 5712 νυν.
2452 5623 2528 5709 τὸ.
2562 5656 2765 5708 τέλειον
2818 5623 3179 5724 εὐεργετήσας
3218 5648 3331 5720 εἰμί
3380 5648 3407 5698 ὁ
3442 5623 3778 5731 adadv-11pr

2313 5749 2502 5817 καιρὸν
2555 5745 2965 5818 παραλελοιπὼς
3010 5742 3287 5805 νουθεσίας
3336 5737 3437 5793 τῶν
3486 5723 3779 5787 συντελουντων
