4038 6288
251 297 272 350 l
288 297 390 351 549

1640 301 1704 355 IN
1743 300 1993 356 ISAIAM.

3348 307 3366 359 l
3377 306 3482 363 550

243 427 326 462 σοι
380 408 514 478 πρὸς
550 408 838 479 σωτηρίαν,
885 407 1000 462 ἀλλ’
1031 408 1371 475 αύτεξούσιόν
1414 426 1469 461 σε
1511 409 1815 480 πεποιηκὼς

1925 408 2019 464 sed
2050 408 2282 463 liberum
2325 415 2379 462 te
2408 407 2704 472 constitui,
2741 422 2826 461 me
2865 423 3033 474 ouce,
3066 425 3151 464 me
3189 426 3359 482 usque
3390 417 3480 470 de-

242 497 629 569 ὐφηγησάμην,
673 499 764 551 καὶ
805 499 871 551 τὰ
918 499 1165 570 πρακτέα
1209 499 1302 551 καὶ
1353 497 1422 550 τά
1468 499 1810 569 συμφέροντά

243 606 326 641 σοι
361 587 613 651 ὑπέδειξα
637 605 650 616 ·
686 588 778 640 καὶ
822 589 1026 658 ταύτην
1053 588 1346 642 ὁδεύσαντά
1377 606 1436 640 σε
1477 588 1573 660 τὴν
1605 590 1807 661 τρίϐον,

241 681 494 742 ἐκκλίνας
526 679 632 732 ἀπὸ
655 679 753 748 τῆς
778 679 1024 743 ἐναντίας
1055 679 1417 751 προξενούσης
1449 697 1530 733 σοι
1565 680 1808 736 θάνατον.

314 772 424 824 Καὶ¹
464 770 626 822 τόπον
671 771 764 822 καὶ
803 769 1001 840 τρόπον
1054 771 1301 839 ἀμείϐειν
1345 772 1538 834 αὐτοὺς
1582 773 1814 842 συμϐου-

240 860 408 924 λεύει,
433 859 591 912 τοῦτο
623 860 719 929 μὲν
759 860 1250 930 μετανισταμένους
1275 864 1340 915 ἐκ
1381 863 1478 933 τῆς
1500 863 1813 927 Βαϐυλῶνος

243 953 338 1005 καὶ
389 951 899 1021 καταλαμϐάνοντας
954 953 1052 1022 τὴν
1114 953 1504 1026 Ἰερουσαλὴμ,
1554 955 1711 1008 τοῦτο
1757 937 1813 1008 δέ

249 1044 412 1114 μηδὲν
477 1043 774 1112 ἐπάγεσθαι
835 1045 1029 1108 αὐτοὺς
1092 1044 1299 1098 τοιοῦτο
1349 1046 1467 1110 ἔθος
1521 1047 1812 1101 Χαλδαῖκὸν

247 1135 647 1205 συμϐουλεύων,
691 1135 1117 1206 προσανέχοντας
1155 1137 1555 1209 εἰδωλολατρείᾳ
1597 1139 1688 1191 καὶ
1725 1141 1816 1192 οἰ-

245 1229 499 1296 ωνισμοίς
545 1227 638 1280 καὶ
677 1229 797 1289 ταῖς
829 1225 1012 1288 ἄλλαις
1056 1226 1385 1290 Χαλδαῖκαῖς
1427 1227 1672 1291 πλάναις.
1705 1229 1814 1282 Καὶ

241 1323 369 1390 μετ’
417 1321 607 1389 ὀλίγα·
652 1321 717 1372 Ὃ
765 1318 828 1389 δὴ
883 1319 1110 1390 ἁρμόσει
1163 1322 1254 1373 καὶ
1303 1322 1392 1374 ἐπὶ
1450 1322 1663 1374 πάντων
1712 1321 1816 1374 τῶν

248 1411 416 1466 ἐθνῶν
452 1410 558 1463 τῶν
595 1410 901 1481 ἁπανταχοῦ
940 1412 1043 1481 γῆς
1089 1410 1276 1474 ὄντων,
1318 1413 1411 1464 καὶ
1439 1413 1507 1465 τὰ
1544 1413 1686 1483 ἄκρα
1718 1413 1818 1481 τῆς

246 1507 350 1576 γῆς
386 1503 804 1574 κατειληφότων,
849 1502 1331 1574 εὐαγγελιζομένου
1368 1504 1546 1566 αὐτοῖς
1581 1503 1674 1556 τοῦ
1717 1521 1820 1556 σω-

246 1597 433 1668 τηρίου
472 1596 626 1663 λόγου
679 1597 773 1648 καὶ
821 1596 918 1666 τῆς
961 1594 1198 1664 ψυχικῆς
1245 1593 1551 1666 ἐλευθερίας
1591 1595 1690 1666 τὴν
1730 1593 1820 1647 λύο

247 1705 448 1760 τρωσιν
483 1688 547 1758 ἣν
585 1685 923 1756 ἐλυτρώσατο
967 1687 1161 1751 αὐτοὺς
1183 1688 1210 1739 ὁ
1241 1685 1535 1758 μονογενὴς
1567 1685 1694 1750 Υἱὸς
1725 1686 1817 1739 τοῦ

249 1777 382 1830 Θεοῦ
415 1781 471 1831 ἐν
505 1777 841 1847 αἰχμαλωσίᾳ
870 1776 1222 1848 πράττοντας,
1254 1777 1348 1830 καὶ
1380 1775 1484 1830 ὑπὸ
1509 1775 1608 1849 τὴν
1630 1794 1822 1848 τυραν-

250 1867 368 1922 νίδα
393 1866 484 1920 τοῦ
515 1866 758 1920 διαϐόλου
783 1867 962 1931 ὄντας.

319 1981 479 2048 Λέγει
502 1981 578 2040 δὲ.
609 1982 710 2045 ὅτι,
741 1982 802 2033 Ei
835 1983 926 2034 καὶ
957 1976 1100 2036 οὗτοι
1126 1982 1380 2052 οὐδεμίαν
1405 1982 1668 2051 ὠφέλειαν
1697 1982 1821 2036 ἐδέ-

251 2073 428 2137 ξαντο,
463 2071 575 2124 ἀλλ’
619 2067 711 2124 οὖν
757 2073 866 2140 ἐγὼ
904 2073 965 2124 τὸ
1015 2075 1212 2127 οἰκεῖον
1257 2072 1414 2144 ἔργον
1456 2073 1815 2144 πεπλήρωκαο

253 2167 343 2217 καὶ
368 2161 521 2215 τοῦτο
553 2163 705 2215 δῐπλόν
728 2165 842 2216 ἐστι
867 2163 944 2216 τῶ
975 2163 1114 2219 Θεῶ.

325 2349 464 2420 Πρὸς
495 2349 556 2402 τὸ
581 2349 729 2421 παρὰ
769 2351 868 2421 τῆς
903 2349 1251 2420 Ἰερουσαλὴμ
1298 2349 1485 2413 κακῶς
1513 2348 1817 2420 γυμνασθέν

252 2439 390 2492 κατά
438 2439 530 2492 τοῦ
572 2439 705 2492 Θεοῦ
749 2440 824 2503 ὡς
871 2439 1259 2510 ἐπιλαϐομένου
1309 2439 1408 2510 τῆς
1470 2438 1819 2509 Ἰερουσαλὴμ

252 2533 345 2585 καὶ
381 2531 536 2584 τοῦτο
576 2530 821 2602 ἁρμόζει,
865 2531 1269 2603 διδασκομένης,
1311 2530 1385 2594 ὡς
1420 2531 1479 2583 οὐ
1518 2530 1655 2602 λήθῃ
1699 2530 1819 2583 δου-

251 2622 395 2676 λεύει
426 2623 487 2676 τὸ
530 2623 703 2686 Θεῖον,
728 2623 846 2676 οὐδὲ
886 2623 1125 2694 ῥᾳθυμίᾳ
1159 2622 1488 2694 προσανέχον
1514 2622 1820 2694 ἀπρονόητα

252 2714 650 2784 καταλιμπάνει
691 2713 761 2766 τά
784 2713 972 2766 ἐαυτοῦ
1002 2715 1277 2785 ποιήματα
1297 2731 1310 2744 ·
1343 2715 1391 2765 εἰ
1419 2712 1528 2784 γὰρ
1557 2712 1820 2766 παύσεται

253 2805 382 2868 Θεὸς
413 2805 784 2876 διανοούμενος
823 2806 948 2877 περὶ
979 2805 1156 2876 ἡμῶν,
1197 2805 1288 2859 καὶ
1325 2804 1690 2874 ἀποπέσοιμεν
1721 2802 1820 2873 τῆς

253 2895 414 2949 αὑτοῦ
445 2897 680 2967 μνήμης,
721 2896 984 2949 παύσεται
1005 2895 1164 2968 ήμῶν
1189 2896 1280 2948 καὶ
1315 2894 1376 2948 τὸ
1402 2890 1538 2948 εἶναι
1555 2911 1567 2924 °
1595 2894 1692 2962 τῆς
1714 2893 1819 2964 γὰρ

248 2990 458 3053 ἐννοίας
489 2991 585 3060 τῆς
621 2992 704 3058 ἐφ’
729 2991 860 3060 ἡμῖν
889 2990 1262 3061 παυσαμένης,
1288 2990 1379 3058 ἀφ’
1411 2985 1478 3061 ἦς
1519 2987 1613 3041 καὶ
1649 3003 1818 3058 προσ-

1911 503 2155 556 clarante
2202 500 2331 570 quid
2376 500 2479 554 tibi
2533 499 2838 570 agendum,
2892 501 3020 570 quid
3069 503 3165 556 tibi
3208 505 3481 572 profectu-

1912 608 2060 658 rum;
2103 601 2156 648 et
2194 592 2322 647 dum
2363 592 2461 646 hac
2506 592 2562 646 in
2604 592 2693 646 via
2729 593 3027 649 ambularis
3051 634 3064 658 ,
3096 595 3164 648 ab
3193 596 3365 650 altera
3396 613 3482 652 re-

1912 684 2123 738 cessisti
2155 699 2258 753 qua
2289 693 2515 738 mortem
2547 695 2977 753 consequuntur.

1988 775 2147 830 Vens.
2189 775 2279 832 20.
2333 775 2403 830 Ut
2457 777 2633 830 locum
2683 777 2843 832 simul
2883 786 2935 831 et
2975 792 3152 832 mores
3191 779 3479 836 immutent

1913 870 2178 934 consulit;
2206 869 2340 923 alios
2369 869 2586 939 quidem
2632 869 2758 924 dum
2817 871 3003 925 relicta
3055 869 3357 942 Babylone,
3392 873 3482 928 Je-

1914 961 2152 1014 rusalem
2198 967 2478 1028 repetant;
2513 960 2651 1016 alios
2684 975 2848 1025 vero,
2881 961 3007 1014 dum
3037 961 3291 1018 devitatis
3321 965 3481 1018 Chal-

1915 1044 2151 1099 daeorum
2183 1044 2424 1097 moribus
2445 1083 2460 1108 ,
2486 1044 2555 1098 ab
2580 1044 2740 1098 idolis
2767 1045 3097 1109 abstineant,
3130 1054 3183 1100 et
3210 1048 3278 1100 ab
3307 1063 3481 1117 augu-

1915 1136 2012 1190 riis
2035 1143 2088 1190 et
2114 1135 2325 1190 caeteris
2349 1136 2574 1205 hujusce
2601 1137 2813 1206 generis
2837 1138 3101 1193 moribus.
3125 1137 3296 1192 Paulo
3322 1150 3437 1207 post
3459 1153 3480 1190 :

1917 1226 2046 1292 Quae
2074 1227 2237 1282 etiam
2265 1235 2386 1295 apte
2413 1227 2480 1281 ad
2511 1242 2698 1282 omnes
2727 1235 2915 1298 gentes
2944 1228 3251 1284 referentur
3280 1232 3482 1301 ubique

1917 1329 2183 1373 terrarum
2207 1317 2486 1390 degentes,
2510 1320 2595 1373 vel
2617 1327 2886 1374 extremas
2916 1331 3093 1376 terras
3121 1333 3478 1392 occupantes,

1918 1424 2040 1463 cum
2089 1410 2224 1479 ipsis
2267 1411 2496 1465 verbum
2559 1412 2751 1466 salutis
2810 1413 3156 1481 praedicatur,
3214 1422 3269 1468 et
3321 1417 3481 1484 spiri-

1920 1499 2081 1550 tualis
2119 1497 2372 1561 libertas,
2417 1499 2666 1553 liberatio
2712 1500 3052 1571 scilicetqua
3097 1519 3196 1556 nos
3228 1504 3482 1558 liberavit

1920 1589 2233 1659 unigenitus
2265 1587 2359 1643 Dei
2376 1588 2549 1646 Filius
2580 1591 2634 1644 in
2659 1592 2973 1662 captivitate
3002 1601 3056 1648 et
3079 1595 3181 1649 sub
3213 1603 3481 1664 potestate

1921 1681 2123 1736 diaboli
2149 1695 2457 1752 oppressos.

1916 1975 1952 2048 Β
1988 1979 2118 2033 CAP.
2145 1977 2342 2045 XLlX,
2375 1977 2537 2034 Vens.
2559 1979 2613 2034 4.
2674 1978 2898 2034 Etiamsi
2941 1980 3077 2035 nihil
3108 1983 3355 2038 utilitatis
3413 2000 3482 2040 ex

1917 2071 2100 2125 verbis
2134 2071 2274 2125 meis
2323 2071 2718 2140 perceperitis,
2765 2072 2944 2141 inquit
2993 2074 3292 2143 pmpheta,
3343 2090 3481 2146 opus

1917 2176 2097 2214 meum
2149 2175 2437 2232 peregero;
2493 2162 2649 2217 labor
2705 2177 2863 2218 meus
2919 2177 3107 2218 coram
3161 2164 3272 2220 Deo
3320 2166 3479 2220 inno-

1918 2258 2108 2310 tescet.

1991 2341 2156 2397 Vens.
2190 2343 2277 2398 15.
2319 2343 2623 2400 Jerusalem
2658 2344 2929 2401 immerito
2971 2345 3138 2401 Deum
3187 2354 3477 2417 arguente,

1918 2435 2074 2504 quasi
2127 2435 2323 2490 fuisset
2359 2435 2479 2505 ejus
2527 2435 2762 2499 oblitus,
2814 2437 3098 2506 aptissime
3156 2437 3478 2507 respondet,

1919 2525 2161 2580 divinum
2192 2542 2392 2582 numen
2423 2543 2530 2582 non
2557 2543 2678 2583 esse
2710 2528 2973 2582 oblivioni
3002 2528 3300 2582 obnoxium
3329 2569 3344 2595 ,
3377 2544 3479 2584 nec

1920 2617 2152 2687 segnitie
2198 2618 2402 2672 victum
2459 2627 2742 2674 creaturas
2799 2634 2929 2675 suas
2983 2621 3326 2690 providentia
3381 2637 3480 2678 sua

1919 2708 2232 2765 destituere.
2251 2709 2403 2776 Quod
2430 2710 2475 2766 si
2505 2711 2650 2765 enim
2675 2713 2832 2767 nobis
2875 2712 2972 2766 Dei
3010 2714 3353 2782 providentia
3381 2714 3482 2769 de-

1924 2801 2030 2856 seri
2071 2801 2363 2866 aeeideret,
2393 2810 2447 2858 et
2483 2801 2552 2857 de
2590 2804 2849 2858 memoria
2877 2804 2996 2872 ejus
3035 2805 3284 2860 excidere
3307 2844 3321 2868 ,
3351 2820 3484 2860 con.

1921 2896 2076 2949 tinuo
2113 2901 2464 2948 evanesceret
2507 2893 2616 2948 vita
2660 2903 2868 2951 nostra.
2905 2895 3038 2950 Nam
3069 2897 3355 2952 recedente
3391 2897 3480 2951 illa

1920 2992 2097 3041 mente
2125 3000 2231 3054 qua
2263 2985 2320 3038 in
2351 2985 2527 3040 lucem
2565 2985 2694 3040 editi
2727 3001 2938 3051 sumus,
2969 2994 3024 3042 et
3056 2989 3216 3043 nobis
3252 3003 3482 3058 pereun-

251 3081 604 3153 ἐληλύθαμεν,
655 3081 937 3136 ἀκολουθεῖ
983 3080 1384 3135 ωνανελεῖσθαι
1432 3078 1590 3150 ἡμῶν
1626 3077 1720 3132 καὶ
1759 3078 1818 3131 τὸ
1847 3088 1889 3150 c
1921 3077 2048 3131 dum
2079 3083 2244 3131 esset.

251 3167 412 3226 εἶναι.

332 3281 666 3353 Ἀπανταχοῦ
701 3283 940 3336 ἀναίτιον
979 3281 1168 3336 ἐαυτὸν
1209 3281 1310 3351 τῆς
1339 3280 1540 3334 τούτων
1570 3280 1820 3332 ἀποστα-

252 3370 371 3434 σίας
399 3371 668 3425 δείκνυσιν
695 3373 723 3424 ὁ
749 3372 898 3436 Θεὸς,
921 3371 1179 3425 ἑλκόντων
1210 3372 1305 3442 μὲν
1331 3371 1424 3423 καὶ
1453 3368 1820 3422 ἀποσπώντων

252 3461 474 3524 ἑαυτοὺς
514 3463 608 3516 καὶ
649 3458 880 3527 ἀναξίων
928 3463 1248 3516 δεικνύντων
1289 3463 1387 3533 τῆς
1425 3461 1590 3514 αὐτοῦ
1646 3461 1820 3530 κηδε-

258 3551 447 3620 μονίας
467 3569 481 3583 ο
510 3555 573 3606 ἐκ
597 3553 651 3606 δὲ
687 3554 779 3608 τοῦ
816 3554 1056 3608 ἐναντίου
1083 3554 1169 3607 τὸν
1201 3553 1332 3606 Θεὸν
1351 3552 1528 3620 ἀγαθὰ
1557 3553 1641 3604 ἐπ’
1673 3552 1820 3618 ἀγα-

252 3642 382 3708 θοῖς,
414 3645 506 3696 καὶ
532 3645 736 3715 δωρεὰς
772 3648 864 3699 ἐπὶ
887 3647 1115 3718 δωρεαῖς
1142 3646 1536 3716 προστιθέντος.

331 3757 492 3828 Ἐμοῦ
525 3760 620 3828 μὲν
642 3760 708 3812 δι’
735 3760 969 3828 ἐλέγχων
991 3777 1050 3811 τε
1079 3759 1172 3812 καὶ
1199 3759 1588 3829 ἐπιτιμήσεων,
1617 3759 1677 3810 ού
1713 3758 1818 3828 μὴν

248 3848 381 3902 ἀλλὰ
424 3849 516 3902 καὶ
559 3849 952 3921 παρακλήσεων
1008 3850 1369 3918 ἐπανάγοντος
1415 3849 1550 3920 πρὸς
1605 3848 1814 3911 ἑαυτὸν,

249 3940 402 4010 ὑμῶν
439 3941 570 4012 μηδέ
609 3942 684 4004 ὡς
726 3942 891 4012 ἀκοῆς
935 3943 1426 4012 ἐπιστρεφομένωψ
1471 3943 1531 3994 ού
1573 3943 1722 4012 παρά
1759 3943 1818 3994 τὸ

253 4031 326 4102 μὴ
347 4032 642 4102 κεκτῆσθαι
667 4033 834 4096 ἀκοὰς
853 4073 868 4096 ,
901 4033 1033 4086 ἀλλά
1064 4033 1212 4104 παρά
1242 4033 1302 4085 τὺ
1337 4031 1699 4103 ἐθελοκωιρίαν
1728 4051 1815 4086 νο-

251 4141 385 4180 σειν.

326 4217 466 4292 θΑλὶξ
493 4218 792 4310 ἀδυναμίας
815 4255 912 4308 μου
933 4203 1362 4306 καταγνωσεσθε,
1399 4237 1562 4306 φησὶν
1584 4276 1598 4298 ,
1635 4235 1710 4298 ὡς
1739 4237 1813 4305 μὴ

1987 3273 2113 3328 CAP.
2145 3273 2208 3335 L,
2243 3272 2407 3329 Vsns.
2435 3275 2486 3326 1.
2520 3273 2769 3328 Declarat
2813 3273 2956 3330 Deus
3010 3292 3068 3331 se
3101 3279 3246 3332 nulla
3274 3279 3482 3334 ratione

1919 3364 2280 3419 defectionem
2313 3365 2530 3418 illorum
2569 3364 2802 3429 fovisse,
2833 3381 2958 3420 cum
2995 3368 3097 3436 ipsi
3146 3385 3202 3422 se
3239 3370 3481 3424 tradide-

1917 3458 2060 3519 rint,
2091 3464 2144 3511 et
2177 3457 2542 3525 perdiderint.
2576 3465 2629 3510 et
2675 3471 2808 3510 cura
2832 3459 2952 3527 ejus
2988 3459 3237 3528 indignos
3272 3460 3482 3528 praesti-

1919 3549 2115 3612 terint,
2157 3548 2266 3603 Deo
2290 3549 2434 3603 bona
2485 3563 2652 3618 super
2682 3549 2826 3603 bona
2874 3549 3196 3619 adjiciente,
3243 3559 3296 3605 et
3338 3551 3480 3606 dona

1918 3645 2082 3711 s'uper
2113 3639 2275 3695 dona.

1986 3753 2151 3808 Vens.
2185 3753 2240 3807 2.
2300 3753 2412 3825 Ego
2466 3769 2596 3809 vero
2635 3754 3148 3826 reprehensionibus
3181 3763 3234 3810 et
3265 3756 3440 3824 paenis
3462 3795 3478 3820 ,

1917 3848 2216 3918 praesertim
2247 3863 2375 3902 vero
2406 3847 2877 3903 exhortationibus
2902 3847 2969 3901 ad
3002 3864 3087 3903 me
3115 3848 3438 3902 revocabant
3459 3887 3476 3911 ,

1915 3953 2013 3993 vos
2048 3953 2174 3992 vero
2212 3953 2321 3991 non
2369 3937 2633 4005 audistis;
2691 3953 2799 3992 non
2838 3939 2979 4006 quod
3016 3939 3288 3994 defuerint
3323 3938 3481 3997 vobis

1916 4045 2110 4098 aures,
2141 4031 2235 4085 sed
2274 4030 2418 4101 quod
2453 4039 2644 4101 sponte
2669 4045 2762 4085 eas
2786 4029 3162 4086 obstruxistis.

1985 4226 2372 4283 Imbecillitatis
2405 4243 2491 4282 me
2529 4228 2795 4299 arguitis,
2832 4228 3029 4298 inquit,
3069 4228 3226 4299 quasi
3261 4244 3360 4286 vos
3393 4229 3481 4300 ju-

238 4330 609 4402 ἐπαρκοῦντος
639 4332 716 4392 εἰς
736 4331 833 4400 τὴν
861 4331 888 4382 ὑ
899 4329 1010 4401 μῶν
1045 4327 1322 4400 βοήθειαν,
1361 4327 1492 4397 μηδὲ
1516 4327 1812 4397 δυναμένου

1915 4338 2079 4386 vare,
2145 4329 2237 4375 aut
2300 4322 2369 4376 ab
2423 4322 2665 4378 hostium
2722 4322 3009 4393 tyrannide
3073 4322 3306 4378 liberare
3366 4339 3476 4378 non

245 4419 519 4488 ἐξελέσθαι
549 4420 688 4490 ὑμᾶς
711 4419 812 4488 τῆς
832 4418 938 4472 τῶν
965 4417 1446 4490 ἐπικρατησάντων
1476 4416 1809 4487 τυραννίδος·

1915 4407 2176 4474 valerem;
2207 4408 2374 4462 nolite
2403 4408 2474 4462 ita
2523 4407 2706 4478 loqui,
2743 4408 2906 4463 toties
2939 4423 3115 4464 meam
3157 4415 3477 4480 potestatem

243 4511 357 4566 ἀλλ’
381 4511 480 4564 οὐκ
509 4509 573 4563 ἂν
602 4509 803 4562 εἴποιτε
833 4509 1010 4572 τοῦτο,
1034 4511 1224 4579 πεῖραν
1246 4508 1400 4562 αὐτοὶ
1429 4508 1525 4579 τῆς
1560 4509 1697 4578 ἐμῆς
1719 4506 1812 4559 δυ-

1914 4501 2142 4568 experti.
2171 4499 2362 4556 Nonne
2389 4516 2538 4555 mare
2572 4501 2846 4557 desertum
2877 4499 2981 4556 feci
3024 4509 3078 4557 et
3116 4503 3256 4556 inter
3281 4501 3478 4556 ﬂuctus

250 4602 457 4674 σᾶμεως
490 4601 797 4672 ἐσχηκότες·
836 4599 993 4652 τοῦτο
1031 4601 1128 4670 μὲν
1157 4599 1502 4670 ξηραίνοντος
1540 4598 1810 4651 θάλασσαν

1914 4592 2078 4646 vobis
2119 4593 2221 4646 iter
2277 4591 2494 4662 paravi,
2543 4599 2596 4646 et
2644 4592 2930 4647 innumera
2981 4593 3088 4646 alia
3139 4590 3283 4647 edidi
3321 4592 3479 4645 mira-

241 4694 338 4748 καὶ
360 4695 485 4763 ὑμῖν
508 4693 672 4762 βατήν
704 4691 872 4762 αὐτὴν
893 4691 1401 4762 παρασκευάζοντος
1418 4691 1690 4760 γενέσθαι,
1721 4690 1813 4742 καὶ
1915 4685 2075 4739 cula?

240 4783 312 4836 τὰ
345 4781 699 4852 παραπλήσια
725 4780 935 4835 τούτου.

305 4872 486 4926 Ταῦτα
518 4873 573 4926 δὲ
594 4873 685 4926 καὶ
710 4872 880 4937 ἐσται,
913 4873 1006 4926 ἐάν
1038 4889 1141 4944 περ
1175 4870 1468 4943 βούλωμαι·
1499 4873 1594 4926 καὶ
1625 4873 1810 4938 σκότος

1983 4861 2152 4919 Vens.
2182 4863 2234 4917 5.
2275 4862 2405 4929 Quae
2444 4863 2640 4919 faciam
2675 4864 2723 4918 si
2771 4861 3017 4916 libuerit.
3051 4859 3316 4915 Obscuris
3361 4875 3472 4915 cm-

239 4967 416 5021 ἐκεῖνο
458 4965 520 5019 τὸ
559 4967 794 5035 ἀφεγγὲς
837 4965 1076 5020 ἐπιϐαλῶ
1119 4964 1348 5038 ούρανῷ,
1395 4965 1492 5036 τὴν
1527 4966 1634 5018 τῶν
1675 4967 1811 5019 ὅλων

1914 4955 2022 5010 lum
2054 4957 2274 5011 induam
2304 4957 2681 5018 tenebris,hoc
2707 4963 2790 5010 est
2811 4971 2992 5009 rerum
3017 4957 3256 5038 omnium
3285 4954 3476 5010 modos

245 5057 462 5130 μηνύων
501 5059 827 5121 συντέλειαν,
861 5061 916 5111 ἐν
1014 5059 1107 5111 καὶ
1134 5058 1193 5110 τὸ
1226 5059 1332 5110 πᾶν
1362 5057 1808 5128 ἀφανισθήσεται,

241 5151 338 5204 καὶ
359 5151 410 5203 οἱ
435 5149 537 5220 βίοι
563 5149 1000 5220 εὐθυνθήσονται,
1027 5149 1119 5203 καὶ
1147 5148 1206 5200 τὸ
1231 5149 1365 5219 πρὸς
1395 5147 1552 5213 ἀξίαν
1581 5147 1811 5212 ἕκαστος

239 5241 708 5312 ἀποληφθήσεται.

315 5331 464 5402 Σῆτα
491 5331 720 5385 ἐνταῦθα
750 5333 848 5395 τὰς
881 5331 1154 5403 ἁμαρτίας
1176 5331 1321 5400 λέγει
1351 5331 1448 5395 τάς
1478 5329 1606 5402 παρ’
1634 5329 1809 5382 αὐτῶν

240 5419 558 5490 γινομέναςο
591 5421 789 5482 αἵτινες
809 5461 823 5482 ,
860 5423 991 5491 παρ’
1026 5421 1203 5473 αὐτῶν
1234 5421 1515 5490 ἐσχηκυῖαι
1547 5418 1606 5470 τὸ
1635 5413 1804 5480 εἶναι,

241 5513 339 5583 οὐχ
377 5512 594 5582 ἐτέρους
626 5513 968 5584 ἀδικήσουσιν
989 5553 1002 5576 ,
1037 5511 1150 5564 ἀλλ’
1185 5513 1378 5574 αὐτοὺς
1413 5509 1650 5572 ἐκείνους
1681 5510 1806 5571 τοὺς

239 5605 409 5659 ταῦτα
432 5604 852 5675 ἐργασαμένους
874 5602 1060 5677 ὥσπερ
1088 5603 1193 5676 γὰρ
1223 5603 1282 5656 τὸ
1314 5603 1523 5674 ἱμάτιον
1556 5601 1686 5654 αὐτὸ
1716 5600 1805 5652 τὸν

245 5696 496 5767 σκώληκα
529 5697 707 5766 γεννᾷ,
739 5695 831 5748 καὶ
868 5695 1022 5748 πάλιν
1056 5695 1226 5767 τροφὴ
1260 5694 1420 5748 αὐτοῦ
1456 5694 1682 5763 γίνεται,
1713 5689 1842 5776 aii--

1914 5049 2164 5103 definiam
2189 5089 2202 5113 ,
2245 5057 2298 5103 et
2337 5057 2466 5102 tunc
2496 5048 2678 5102 omnia
2728 5055 3080 5112 evanescent,
3114 5057 3166 5102 et
3223 5047 3328 5100 vita
3379 5061 3471 5098 cu-

1907 5141 2108 5210 jusque
2135 5141 2474 5210 pensabitur,
2499 5151 2551 5194 et
2583 5141 2812 5210 quisque
2841 5140 3069 5209 accipiet
3103 5155 3201 5208 pro
3237 5136 3467 5190 meritis.

1984 5316 2147 5372 Vsus.
2178 5316 2231 5371 9.
2267 5316 2490 5372 Tineam
2527 5324 2684 5371 vocat
2713 5317 2800 5370 hic
2845 5323 3068 5386 peccata
3092 5314 3160 5367 ab
3205 5312 3338 5381 ipsis
3366 5309 3469 5366 ad-

1910 5411 2095 5465 missa.
2132 5409 2341 5479 Quippe
2381 5425 2500 5479 quae
2533 5409 2602 5463 ab
2637 5409 2702 5462 iis
2737 5418 2890 5478 parta
2926 5423 3031 5460 non
3072 5405 3207 5458 alios
3237 5403 3465 5465 laedent.

1909 5501 2015 5555 nisi
2047 5503 2194 5570 ipsos
2235 5507 2486 5570 parentes
2529 5516 2677 5556 suos.
2734 5499 2803 5553 Ut
2850 5497 3232 5552 vestimentum
3266 5494 3466 5546 tineam

1875 5593 2078 5662 ἐἰεηῆ
2105 5593 2248 5647 etab
2289 5607 2355 5647 eo
2396 5592 2590 5646 deinde
2637 5591 2977 5653 corrodetur,
3010 5587 3082 5640 ita
3137 5595 3192 5641 et
3244 5590 3468 5656 peccata

1887 5685 2067 5742 nobis
2099 5684 2362 5751 alliciunt,
2393 5699 2459 5739 ex
2492 5684 2650 5741 nobis
2679 5689 2817 5739 orta.
2857 5679 2988 5746 Qum
3021 5685 3199 5734 autem
3247 5676 3464 5749 patiun-
