4038 6288
636 252 769 308 153$!

1747 259 2091 316 THEODORI
2131 257 2645 317 llERACLEENSlb

3669 294 3769 349 l35‘z

639 384 749 438 tur,
784 379 874 448 qui
905 393 962 432 se
1015 376 1273 431 indociles
1304 375 1357 428 in
1421 375 1588 430 Deum
1657 386 1710 431 et
1780 379 2023 449 ingratos
2064 392 2201 446 pra:-

2237 382 2274 434 Α
2441 380 2532 432 καὶ
2564 381 2617 433 αἱ
2656 379 2950 473 ἁμαρτίαι,
2994 382 3120 452 παρ’
3159 383 3308 452 ἡμῶν
3351 390 3634 461 γενόμεναι,
3665 403 3772 473 ἡμᾶς

640 469 792 526 bent.

709 647 834 705 CAP.
868 645 964 710 LI,
1009 644 1168 700 Vsus.
1226 646 1279 698 2.
1325 645 1537 700 Mitiore
1605 661 1749 699 nunc
1799 660 2049 700 sermone
2109 661 2202 700 eos

641 738 919 804 increpat,
952 744 1004 789 et
1042 737 1186 791 velut
1216 737 1404 806 procul
1435 753 1461 789 a
1507 737 1721 806 justitia
1751 747 2022 800 remotos,
2063 737 2200 792 allo-

640 830 844 901 quitur,
896 841 949 886 et
990 845 1020 882 a
1058 830 1280 884 Domino
1325 831 1677 894 abalienatos,
1734 837 1791 882 ut
1819 845 1914 884 eos
1941 829 2007 883 ad
2040 829 2201 884 ﬁdem

639 922 892 977 deducat.
939 922 1007 976 Et
1037 923 1195 990 paulo
1229 934 1344 991 post
1379 939 1398 978 :
1423 921 1525 988 Qui
1561 921 1725 992 igitur
1759 937 1927 991 genus
1962 927 2203 976 vestrum

637 1015 738 1069 ista
769 1015 927 1069 docui
958 1015 1049 1084 qui
1086 1031 1150 1070 ex
1181 1030 1345 1084 parvo
1379 1022 1586 1070 tantum
1617 1013 1794 1077 ell‘eci,
1823 1024 1877 1069 et
1913 1015 2077 1070 tantis
2098 1029 2196 1067 vos

639 1106 898 1159 exornavi
933 1105 1112 1168 donis,
1141 1121 1247 1174 qua
1291 1105 1501 1160 ratione
1553 1120 1698 1158 nunc
1753 1121 1861 1158 non
1915 1106 2206 1159 clementer

639 1196 906 1266 excipiam
955 1196 1329 1266 paenitentiam
1362 1205 1583 1268 agentes
1611 1205 1666 1252 et
1697 1212 1782 1251 me
1807 1196 2203 1268 agnoscentes?

709 1380 874 1437 Vsns.
907 1383 960 1437 5.
995 1381 1114 1438 Non
1158 1383 1418 1438 dicuntur
1457 1383 1572 1439 haec
1615 1386 1975 1456 exaggerandi
2009 1386 2203 1456 gratia.

641 1469 744 1538 Qui
787 1473 928 1527 enim
980 1488 1090 1527 non
1143 1472 1328 1526 laetitia
1375 1480 1430 1527 et
1476 1474 1837 1528 exsultatione
1897 1473 2206 1528 omnimoda

644 1566 980 1634 replerentur
1016 1564 1181 1619 animi
1222 1565 1319 1632 illi,
1373 1565 1466 1635 qui
1509 1567 1696 1620 intima
1740 1581 1871 1635 pace
1912 1565 2202 1631 fruuntur,

643 1671 739 1726 spe
771 1656 1075 1711 caelestium
1103 1655 1334 1721 ﬂorent,
1373 1664 1425 1710 et
1464 1672 1586 1712 cum
1619 1655 1728 1712 Deo
1761 1657 2206 1728 conjunguntur?

718 1836 881 1893 Vsus.
908 1837 963 1890 4.
1001 1837 1167 1908 Opem
1199 1853 1344 1892 nunc
1371 1839 1623 1893 omnibus
1663 1838 1838 1903 aﬂ'ert,
1867 1837 2204 1909 principibus

643 1943 795 1998 atque
825 1945 889 1983 ac
926 1931 1145 1999 pepulo.
1197 1929 1315 1984 Non
1347 1929 1491 1984 enim
1528 1931 1805 2000 anteponit
1840 1945 1934 1985 eos
1961 1931 2054 2000 qui
2103 1931 2206 1984 im-

647 2022 797 2092 perio
838 2029 1108 2091 praesunt,
1146 2037 1246 2076 nec
1278 2023 1508 2093 denegat
1556 2023 1816 2091 auxilium
1849 2022 1993 2078 inter
2019 2038 2208 2094 grega-

646 2113 757 2168 rios
807 2114 1162 2169 militantibus
1189 2155 1202 2177 ,
1244 2114 1339 2169 sed
1370 2129 1559 2170 omnes
1589 2115 1802 2170 animas
1857 2115 2047 2170 eadem
2077 2129 2210 2183 pen-

646 2219 775 2260 sans
809 2206 1030 2269 trutina,
1059 2206 1368 2259 communia
1423 2205 1549 2260 facit
1596 2205 1916 2260 obedientia:
1964 2204 2204 2275 praemia.

645 2294 845 2350 Omnes
875 2294 996 2350 ideo
1023 2309 1174 2365 aeque
1198 2294 1448 2348 hortatur
1486 2303 1544 2348 ut
1571 2294 1798 2350 auribus
1837 2294 2142 2349 attendant.

713 2477 882 2533 Vens.
913 2477 964 2532 5.
1002 2477 1333 2533 llluminabit
1377 2486 1607 2533 cunctas
1638 2484 1860 2548 gentes,
1890 2491 2082 2530 omnes
2108 2489 2208 2545 po-

645 2571 802 2641 pulos
833 2569 928 2626 Dei
958 2571 1152 2626 notitia
1197 2571 1514 2634 illustrabit,
1548 2578 1607 2624 ut
1631 2570 1686 2623 iu
1709 2584 1834 2623 eum
1867 2575 2088 2638 sperent
2116 2567 2209 2636 qui

645 2670 730 2717 est
760 2662 1039 2716 brachium
1064 2677 1264 2717 meum.
1294 2661 1504 2716 Insulas
1533 2661 1623 2715 hic
1651 2668 1808 2715 vocat
1843 2661 1990 2731 ipsos
2037 2660 2210 2731 locos,

646 2757 945 2824 praesertim
974 2770 1102 2811 vero
1128 2754 1432 2823 Ecclesias;
1463 2772 1564 2812 nec
1595 2754 1865 2809 immerito
1897 2769 1961 2809 ea
1993 2752 2062 2807 ad
2094 2755 2212 2809 ani-

647 2865 765 2904 mos
795 2849 1048 2904 retuleris
1079 2849 1446 2918 voluptatibus
1475 2851 1620 2905 velut
1663 2849 1775 2905 sale
1813 2847 2170 2904 circumlutos
2193 2888 2209 2916 ,

647 2947 701 2994 ct
727 2940 880 2995 vanis
911 2940 966 2992 in
997 2939 1098 2992 hac
1129 2941 1238 2993 vita
1266 2941 1616 3009 opinionibus
1644 2941 1901 3010 agitatos.

721 3119 882 3175 Vsus.
905 3119 956 3174 6.
976 3119 1108 3174 Fide
1128 3119 1291 3192 digna
1319 3120 1646 3175 documenta
1670 3120 1896 3189 praebet,
1923 3120 2122 3191 quibus
2147 3122 2214 3177 de

650 3219 917 3283 potestate
958 3211 1140 3267 divina
1188 3211 1490 3268 diﬂidentes
1529 3214 1858 3279 convincat,
1915 3214 2111 3272 cmlum
2160 3221 2215 3269 et

649 3312 871 3358 terram.
926 3301 995 3356 Et
1043 3303 1202 3373 paulo
1238 3313 1354 3372 post
1385 3319 1403 3357 :
1436 3302 1692 3358 Adhibita
1734 3318 1883 3358 nunc
1934 3305 2213 3374 praestanti

649 3395 954 3449 animorum
983 3395 1068 3460 vi,
1107 3403 1339 3466 pennata
1368 3403 1566 3460 mente,
1589 3395 1655 3449 ad
1688 3397 1888 3451 cmlum
1909 3397 2134 3453 evoletis
2163 3407 2215 3453 et

650 3486 871 3542 discatis
913 3503 1074 3556 quam
1109 3488 1335 3542 ﬁrmiter
1365 3488 1435 3542 sit
1479 3489 1838 3543 constitutum
1863 3529 1879 3554 ,
1914 3489 2042 3545 licet
2072 3490 2214 3546 sicut

653 3579 834 3635 fumus
891 3596 1013 3636 esse
1069 3579 1336 3634 videatur.
1387 3578 1449 3632 Et
1518 3587 1719 3634 terram
1773 3595 1936 3650 quam
1986 3581 2213 3636 solidam

649 3673 972 3728 existimatis
1013 3672 1315 3742 perditione
1374 3671 1594 3741 perdam
1621 3713 1635 3736 ,
1693 3679 1747 3728 et
1792 3674 1974 3728 omnia
2008 3681 2216 3728 vetera-

653 3773 803 3819 scent
839 3783 852 3819 :
890 3765 1224 3835 permanebit
1283 3770 1463 3819 autem
1503 3764 1741 3820 salutare
1782 3781 1963 3820 meum
1990 3765 2214 3820 verbum

653 3853 707 3906 in
767 3855 1190 3924 sempiternum,
1261 3860 1314 3909 et
1384 3853 1419 3907 ii
1472 3863 1678 3908 tantum
1729 3855 1927 3924 quibus
1978 3871 2102 3909 cum
2151 3870 2216 3910 eo

652 3960 969 4015 permanere
997 3945 1126 4000 etin
1151 3946 1348 4000 saacula
1381 3945 1458 4000 ire
1497 3945 1738 4001 libuerit.

732 4124 889 4180 Vsns.
923 4127 973 4179 7.
1029 4125 1237 4182 Timete
1279 4127 1460 4196 pntius
1490 4129 1840 4198 opprobrium
1889 4136 1943 4185 et
1972 4139 2217 4186 contem-

657 4221 807 4284 ptum
841 4215 947 4268 Dei.
983 4218 1111 4280 Quae
1140 4217 1282 4269 enim
1307 4233 1373 4270 ex
1409 4217 1722 4273 hominibus
1752 4227 1899 4284 sunt,
1930 4220 2050 4276 istis
2087 4238 2217 4292 quo-

659 4308 787 4363 tidie
815 4309 1182 4377 pereuntibus,
1209 4311 1324 4378 ipsa
1351 4312 1510 4364 simul
1546 4313 1834 4381 peribunt;
1879 4315 1993 4368 sola
2031 4324 2215 4370 manet

2305 467 2644 536 βλάπτουσιν·
2684 471 2817 524 ἀλλὰ
2854 471 3024 524 ταῦτα
3057 473 3329 543 πάσχομεν
3363 477 3422 530 δι’
3455 467 3772 552 ἀνηκοΐανιιαὶ

2302 561 2648 615 άνευλάϐειαν
2676 564 2773 634 τὴν
2808 565 2940 635 πρὸς
2974 565 3065 617 τὸν
3095 565 3244 616 Θεόν.

2384 653 2741 726 Ἦθικώτερον
2799 655 2894 708 νῦν
2951 656 3049 726 τὴν
3109 655 3412 726 ἐπιτίμησιν
3467 665 3584 734 πρὺς
3633 671 3774 738 αὐτοὺς

2302 746 2552 806 ποιεῖται,
2587 743 2680 796 καὶ
2709 743 2782 806 ὡς
2817 746 3032 816 μακράν
3059 743 3152 796 τοῦ
3177 743 3376 798 δικαίου
3407 749 3692 823 ἀφεστηκόσι
3713 766 3778 815 καί

2299 833 2393 898 τοῦ
2435 834 2636 904 Κυρίου
2671 833 3132 906 ὰλλοτριωθεῖσιν,
3173 836 3444 905 ὑφηγεῖται
3475 845 3584 908 τοὺς
3618 847 3776 916 λόγους,

2302 924 2506 992 ἐνάγων
2541 925 2734 988 αὑτοὺς
2766 925 2900 995 πρὸς
2927 925 3127 979 πίστιν.
3159 927 3266 979 Καὶ
3295 929 3414 995 μετ’
3443 931 3685 1002 ὀλίγα-ὀ
3703 941 3781 993 τοί.

2301 1031 2394 1067 νυν
2429 1013 2508 1085 τῷ
2548 1015 2692 1084 γένει
2729 1016 2806 1086 τῷ
2847 1015 3092 1087 ὑμετέρῳ
3130 1015 3300 1070 ταῦτα
3343 1019 3681 1092 ἐνδειξάμενος,
3713 1032 3780 1081 καὶ

2302 1107 2366 1160 ἐκ
2402 1109 2600 1178 μικρᾶς
2632 1109 2952 1178 προφάσεως
2993 1108 3255 1179 αὐξήσας,
3302 1111 3393 1163 καὶ
3427 1112 3639 1181 εὐλογίαν
3676 1119 3778 1189 πλή-

2305 1197 2502 1269 ρώσας,
2533 1199 2648 1262 πῶς
2671 1199 2789 1270 οὐχὶ
2822 1199 2917 1253 νῦν
2951 1199 3177 1270 εῦπορος
3206 1200 3394 1271 ἔσομαι
3419 1202 3490 1272 τῷ
3512 1209 3778 1273 μετανοοῦντι

2302 1291 2396 1344 καὶ
2425 1290 2836 1359 ἐπιγινώσκοντί
2869 1309 2935 1362 με
2959 1308 2972 1357 ;

2373 1382 2484 1452 Οὑχ
2524 1380 2895 1453 ὑπερϐολικῶς
2933 1381 3102 1434 ταῦτα
3137 1380 3435 1453 [είρηταιᾞ
3466 1383 3569 1446 πῶς
3597 1384 3683 1457 γὰρ
3709 1389 3780 1440 οὐκ

2304 1473 2636 1545 εὐφροσύνης
2662 1475 2756 1526 καὶ
2784 1474 2961 1543 πάσης
2989 1475 3161 1546 χαρᾶς
3193 1474 3608 1545 πληρωθήσονται
3630 1478 3778 1533 ἐκεῖναι

2302 1565 2359 1617 at
2381 1565 2568 1635 ψυχαὶ,
2594 1567 2650 1619 αἱ
2677 1565 2750 1636 μὴ
2775 1566 3155 1630 στασιάζουσαι
3189 1564 3322 1636 πρὸς
3348 1566 3549 1629 ἐαυτάς.
3573 1568 3663 1620 ἀλλ’
3683 1571 3780 1623 αἰὲν

2303 1659 2422 1720 ταῖς
2455 1657 2633 1710 ἐλπίσι
2659 1657 2752 1710 τοῦ
2780 1656 2916 1710 Θεοῦ
2947 1655 3334 1727 εὑθηνοὺμεναι
3356 1657 3445 1710 καὶ
3470 1657 3598 1726 αὑτῷ
3623 1659 3779 1713 ἀνακεί-

2312 1765 2470 1820 μεναι

2375 1841 2484 1894 Καὶ
2508 1839 2600 1894 νῦν
2631 1841 2740 1903 τοῖς
2770 1842 2905 1894 πᾶσι
2930 1840 3028 1911 τὴν
3058 1839 3377 1910 ἐπικουρίαν
3402 1840 3611 1910 κομίζει,
3638 1840 3693 1911 μὴ
3716 1858 3779 1908 φυ-

2305 1931 2563 2003 λοκρινῶν
2586 1933 2847 2003 ἄρχοντας
2873 1931 2982 1984 τῶν
3011 1930 3344 2001 ἀρχομένων
3373 1931 3487 1983 οὑδὲ
3505 1931 3596 2000 γὰρ
3616 1931 3778 2001 προκρί-

2306 2038 2384 2074 νει
2404 2020 2509 2075 τῶν
2525 2022 2581 2073 ἐν
2597 2023 2852 2092 ὑπηκόοις
2871 2021 3239 2091 τεταγμένων,
3256 2021 3374 2074 οὑδέ
3391 2021 3779 2092 άποκλεισθήσεται

2305 2111 2402 2179 τῆς
2430 2111 2693 2179 ὠφελείας
2717 2113 2745 2163 ὁ
2766 2113 2820 2164 ἐν
2855 2112 3149 2182 ὑπηρέταις
3167 2111 3357 2176 τελῶν,
3381 2111 3549 2174 κοινάς
3573 2111 3618 2164 δὲ
3637 2128 3779 2180 κεκτη-

2310 2203 2467 2272 μένος
2493 2203 2602 2256 τῶν
2625 2202 2809 2273 ψυχῶν
2841 2203 2940 2266 τὰς
2962 2203 3239 2272 δυνάμεις,
3274 2203 3443 2256 κοινὸν
3473 2203 3524 2255 δὲ
3548 2202 3622 2255 τὸν
3645 2202 3780 2272 ἔρανον

2306 2297 2402 2367 τῆς
2447 2296 2692 2366 ὑπακοῆς
2742 2295 2966 2366 νομίζει·
3017 2296 3076 2364 ἐξ
3127 2296 3245 2349 ίσου
3294 2294 3595 2367 παρακαλῶν
3636 2293 3780 2356 πάντας

2310 2391 2594 2462 προσέχειν
2617 2390 2707 2444 τὸν
2735 2389 2879 2444 νοῦν.

2377 2485 2572 2536 Φωτιεί
2611 2483 2708 2553 μὲν
2757 2481 2932 2537 πάντα
2981 2482 3050 2536 τὰ
3097 2481 3226 2554 ἔθνη
3251 2522 3267 2546 ,
3318 2479 3617 2548 καταυγάσει
3657 2479 3699 2531 δὲ
3730 2479 3783 2539 είς

2309 2572 2634 2642 θεογνωσίαν
2673 2574 2881 2637 πάντας
2920 2573 3111 2636 λαοὺς,
3151 2571 3232 2634 ὼς
3274 2571 3353 2634 είς
3383 2570 3530 2624 αὑτὸν
3565 2565 3784 2636 κεκτῆσθαι

2308 2667 2407 2731 τὰς
2448 2663 2672 2728 ἐλπίδας
2697 2664 2825 2718 ὄντα
2857 2664 3112 2736 βραχίονά
3147 2681 3275 2734 μου.
3319 2663 3521 2734 Νήσους
3547 2659 3594 2711 δὲ
3619 2655 3784 2711 ἐνταῦθα

2309 2759 2464 2813 καλεῖ
2487 2759 2579 2812 καὶ
2607 2759 2804 2822 αὑτοὺς
2831 2758 2954 2820 τοὺς
2986 2756 3185 2820 τόπους
3207 2797 3224 2820 ,
3259 2756 3318 2811 οὑ
3361 2754 3459 2826 μὴν
3484 2750 3600 2806 ἀλλά
3624 2749 3697 2803 καὶ
3720 2747 3786 2809 τὰς

2323 2849 2660 2920 Ἐκκλησίαςο
2703 2849 2952 2911 ἐκλάὸοις
2985 2847 3040 2901 δὲ
3076 2849 3168 2900 καὶ
3210 2850 3295 2911 είς
3334 2846 3429 2910 τὰς
3469 2844 3648 2914 ψυχὰς,
3680 2841 3788 2909 δίκην

2312 2937 2552 3008 ἁλμυροῦ
2584 2936 2849 3008 ῥεύματος
2883 2934 3354 3007 περικλυζομένας
3384 2934 3482 2987 ὑπὸ
3521 2933 3612 2984 τῶν
3650 2929 3790 3000 ἡδονῶν

2237 3057 2282 3118 c
2313 3029 2405 3082 καὶ
2432 3029 2537 3081 τῶν
2557 3029 2614 3081 ἐν
2642 3028 2718 3097 τῷ
2743 3027 2839 3098 βίῳ
2860 3026 3034 3097 τούτῳ
3056 3025 3276 3096 ψευδῶν
3304 3024 3464 3092 δοξῶν
3489 3019 3786 3092 κυμαινούσας.

2395 3118 2702 3184 Ἀξιόπιστα
2726 3119 2943 3190 δυσωπή
2953 3135 3096 3189 ματα
3117 3118 3474 3190 προϐάλλεται
3505 3119 3574 3179 είς
3599 3114 3789 3166 πίστωσιν

2315 3213 2415 3282 τῆς
2453 3211 2615 3265 αὑτοῦ
2657 3211 2936 3282 δυνάμεως
2975 3214 3085 3274 τοῖς
3126 3212 3469 3272 ἀπιστοῦσιν,
3511 3205 3697 3277 οὐρανὸν
3732 3201 3790 3252 καὶ

2313 3303 2435 3373 γῆν.
2476 3301 2585 3356 Καὶ
2619 3300 2744 3370 μετ’
2777 3301 2949 3370 ὀλίγα
2975 3317 2988 3329 ⁸
3014 3299 3126 3354 Νῦν
3165 3301 3302 3369 γοῦν
3337 3317 3462 3376 ποτε
3498 3299 3602 3360 ταῖς
3633 3291 3790 3350 οἰκείας

2312 3393 2418 3447 τῶν
2463 3391 2648 3464 ψυχῶν
2688 3392 2990 3462 ἐνεργείαις
3027 3391 3396 3463 χρησάμενοι,
3433 3384 3698 3456 πτερώθητε
3728 3381 3791 3447 τὴν

2313 3486 2580 3550 διάνοιαν,
2608 3485 2701 3539 καὶ
2731 3483 2942 3556 οὐρανῷ
2975 3485 3464 3556 προσεγγίσαντες,
3497 3477 3634 3533 αὑτὸν
3652 3475 3791 3526 ἐκεῖνον

2313 3577 2783 3648 καταμανθάνετε,
2817 3576 2892 3638 ὡς
2933 3577 2996 3628 ἐκ
3033 3575 3242 3628 καπνοῦ
3281 3576 3400 3628 ὅσον
3440 3567 3562 3642 ἧκεν
3601 3569 3664 3629 εἰς
3695 3562 3789 3629 δίκην

2314 3669 2519 3739 ἀκμητὶ
2564 3665 3004 3736 συνεστησάμην·
3049 3666 3142 3717 καὶ
3175 3665 3283 3734 γῆν
3319 3663 3512 3732 ταύτην
3543 3657 3627 3727 τὴν
3659 3653 3793 3717 πάγων

2315 3759 2440 3829 ὑμῖν
2482 3754 2619 3812 εἶναι
2662 3756 2922 3810 δοκοῦσαν
2976 3755 3148 3827 φθορᾷ
3195 3753 3516 3827 παραδώσω,
3556 3747 3638 3801 καὶ
3676 3742 3726 3795 τὰ
3757 3740 3793 3789 ἐν

2315 3852 2502 3922 κόσμῳ
2543 3849 2827 3922 παρελθεῖν
2861 3850 3084 3920 ποιήσω’
3125 3847 3271 3918 μόνῳ
3309 3845 3513 3913 ἐκάστῳ
3547 3838 3690 3894 ἀϊδίου
3718 3833 3794 3886 δια-

2319 3944 2564 4015 μένοντος
2581 3941 2673 3996 τοῦ
2699 3941 2960 4013 σωτηρίου
2987 3940 3380 4010 θεσπίσματος·
3470 3935 3555 3989 καὶ
3579 3939 3797 4000 suum“

2319 4039 2496 4110 μένειν
2528 4039 2620 4092 καὶ
2643 4036 3058 4100 συνδιαιωνίζειν
3089 4035 3290 4092 ἔοικεν.

2383 4129 2655 4200 Φοϐήθητε
2703 4128 2759 4180 δὲ
2816 4127 3012 4198 μᾶλλον
3065 4126 3365 4198 φαυλισμὺν
3422 4123 3511 4178 καὶ
3562 4109 3798 4181 ὀνειδισμὸν
3888 4201 3889 4205 η

2317 4220 2466 4292 παρὰ
2510 4219 2644 4274 Θεοῦ
2689 4221 2815 4291 ὑμῖν
2845 4223 3144 4292 γινόμενονο
3177 4219 3346 4291 ὁιγὰρ
3389 4214 3530 4287 παρὰ
3569 4207 3802 4303 ἀνθρώπιν’)

2318 4309 2598 4380 γινόμενος
2639 4309 2866 4373 ἐκείνοις
2912 4309 3324 4375 συναπολεῖται,
3353 4306 3520 4362 αὑτῶν
3545 4301 3623 4370 ὑφ’
3649 4301 3803 4351 ἑαυτῶν

659 4415 782 4469 spes
812 4401 865 4453 in
897 4399 1195 4466 Christum,
1226 4399 1528 4468 perdurans
1575 4419 1698 4458 cum
1742 4404 1823 4460 eis
1856 4407 1948 4476 qui
1979 4408 2211 4464 salutare

2247 4403 2292 4458 D
2320 4400 2701 4472 φθειρομένωψ
2738 4401 2868 4472 μόνη
2896 4401 2952 4453 δέ
2987 4401 3188 4472 μένειή
3225 4402 3306 4464 εἰς
3335 4399 3422 4452 τὸν
3453 4393 3657 4467 Χριστὸν
3675 4385 3805 4476 ὲλπξς.

659 4501 785 4547 sunt
815 4491 1120 4548 consecuti.

739 4666 894 4725 Vsus.
926 4670 982 4726 9.
1021 4669 1319 4726 Jerusalem
1377 4675 1436 4722 ut
1488 4669 1712 4739 recipiat
1741 4669 1932 4726 suadet
1963 4687 2220 4740 quaecun-

658 4779 765 4835 que
812 4764 1134 4834 negligentia
1193 4760 1518 4833 perdiderit;
1573 4769 1658 4845 est
1715 4761 1858 4816 enim
1915 4763 2010 4818 tibi
2066 4764 2219 4820 forti-

659 4855 811 4919 tudo,
859 4871 964 4924 qua
1016 4854 1236 4909 indutus
1304 4853 1480 4908 valida
1531 4853 1702 4908 videri
1753 4855 1988 4924 poteris;
2035 4872 2219 4912 recor-

659 4947 790 5002 dare
816 4955 870 5000 te
895 4963 1003 5000 non
1035 4948 1194 5000 aliam
1227 4962 1349 5001 esse
1377 4947 1445 5000 ab
1484 4947 1574 4999 illa
1610 4945 1936 5015 Jerusalem,
1966 4949 2122 5018 cujus
2150 4952 2217 5006 ad

660 5050 850 5094 nutum
881 5037 1220 5093 dehiscentes
1265 5039 1407 5094 inter
1453 5039 1650 5093 [luctus
1702 5040 1808 5093 iter
1840 5055 1986 5096 mare
2020 5043 2221 5112 permi—

659 5131 750 5195 sit,
783 5137 842 5183 ut
873 5143 938 5184 ex
966 5125 1197 5197 Egypto
1236 5128 1448 5184 liberati
1480 5130 1770 5185 transitum
1802 5131 2092 5200 haberent;
2130 5133 2218 5187 cui

658 5221 1023 5276 inservierunt
1054 5219 1349 5287 elementa;
1403 5237 1523 5291 qua:
1574 5223 1659 5277 vel
1700 5223 1757 5277 in
1788 5221 2004 5279 deserto
2037 5240 2218 5280 rerum

657 5313 901 5368 omnium
951 5311 1107 5382 copia
1155 5311 1470 5367 abundavit.
1526 5313 1647 5369 Noli
1702 5315 1868 5385 igitur
1918 5317 2063 5370 vires
2097 5327 2217 5372 tuas

657 5403 904 5471 prodere,
929 5418 1031 5458 nec
1062 5403 1227 5457 animi
1250 5403 1438 5456 virtuti
1471 5412 1742 5476 torporem
1785 5407 2042 5463 inducere
2062 5448 2078 5473 ,
2122 5408 2218 5462 sed

658 5509 888 5564 exsurge
916 5496 982 5551 ad
1020 5497 1272 5553 cmlestes
1304 5506 1776 5570 spes.et,recepta
1809 5501 2026 5568 tiducia,
2059 5503 2216 5557 bonis

661 5592 713 5640 te
749 5588 1002 5656 operibus
1027 5603 1279 5647 exornes.
1809 5575 1819 5580 ’

2327 4490 2797 4553 συνδιαιωνίζουσα
2837 4494 2949 4555 τοῖς
2983 4492 3042 4544 τὸ
3085 4493 3353 4563 σωτήριον
3391 4488 3535 4542 τοῦτο
3568 4475 3804 4537 παραδεξι·

2329 4584 2529 4656 μένοις.
3564 4665 3574 4667 _
3629 4662 3640 4667 _
3785 4650 3800 4667 ε

2405 4673 2820 4744 Ἀναλαμὸάνειν
2853 4673 2950 4743 τὴν
2988 4672 3338 4744 Ἰερουσαλὴμ
3365 4662 3764 4740 παρακελεύεται,
3784 4662 3806 4702 ἃ

2324 4764 2552 4836 ἀμελείᾳ
2591 4765 2890 4836 προὺδωκε’
2933 4765 3189 4836 πρόσεστι
3209 4765 3317 4835 γάρ
3345 4781 3424 4816 σοι
3459 4758 3612 4828 ἰσχὺς,
3643 4747 3739 4805 καθ’
3763 4745 3806 4811 ἣν

2323 4853 2544 4926 δυνήσῃ,
2584 4854 2811 4926 σεαυτὴν
2847 4854 3254 4922 συναγαγοῦσα,
3293 4851 3482 4924 ἰσχυρά
3510 4863 3584 4909 τις
3608 4839 3803 4910 ὀφθῆνα⁵’

2301 4940 2479 4998 ’τοῦτο
2523 4945 2880 5016 λογισαμένη,
2923 4946 3004 4998 ὅτι
3049 4945 3146 4998 οὑκ
3191 4945 3322 5015 ἄλλη
3369 4960 3448 5005 τις
3491 4937 3606 5008 παρ’
3644 4929 3806 4990 ἐκείνην

2323 5037 2606 5108 τυγχάνεις
2641 5037 2739 5108 τὴν
2774 5039 3153 5110 Ἰερουσαλὴμ,
3260 5036 3442 5099 ὑπεῖξε
3483 5017 3806 5112 θάλασσαόδόν

2327 5146 2406 5182 σοι
2436 5129 2829 5199 ἀνατέμνουσα,
2861 5130 2925 5183 ἶν’
2950 5131 3000 5182 οἱ
3028 5131 3121 5183 ἀπ’
3138 5111 3409 5198 Αίγύπτου
3430 5111 3804 5199 ἐλευθερωθέντες

2323 5195 2617 5274 διαϐαίνειν
2646 5220 2855 5291 ἔχωσιν·
2950 5195 3265 5293 ,ἐδορυφόρει
3305 5219 3375 5272 τὰ
3410 5213 3639 5282 στοιχεῖα,
3669 5195 3802 5294 xuii"

2323 5312 2582 5382 διεδέχετο
2609 5314 2641 5384 ἡ
2680 5290 2737 5366 ἐν
2769 5290 2959 5384 ἐρήμῳ
2997 5290 3243 5384 ἀνενδεὴς
3285 5308 3528 5382 χορηγίαι.
3562 5299 3640 5369 Μὴ
3670 5290 3799 5384 id?”

2321 5403 2418 5466 τὰς
2442 5379 2641 5474 tam;
2661 5379 2914 5474 δυνάμέίς
2929 5379 3149 5478 ’προδῷς
3168 5447 3181 5470 ,
3203 5379 3608 5475 “statim;
3633 5385 3710 5445 τὰς
3728 5379 3797 5478 εξῗ·

2322 5497 2479 5567 χικὰς
2498 5465 2933 5566 ἐνεργείας-ἀλλ’
2962 5465 3283 5567 semesae;
3320 5465 3715 5567 πρὸς-οὐρανίους
3736 5465 3796 5520 ὲλ·

2324 5563 2498 5652 πίδας·
2534 5563 2995 5643 καιάναλαόοῦσα
3021 5589 3079 5644 τὸ
3111 5563 3349 5660 θαρρεῖν,
3366 5563 3585 5651 ἀγαθαῖς
3604 5563 3792 5642 πράξεσιί

2326 5677 2522 5742 ἑαυτὴν
2549 5678 2978 5741 κατακόσμησον.
