  <div class='ocr_page' id='page_1' title='image "/cluster/home/n/w/nwhite01/storage/ocr_20150623/18/mdp.39015008168943/700.png"; bbox 0 0 4038 6288; ppageno 0'>
   <div class='ocr_carea' id='block_1_1' title="bbox 299 348 444 406">
    <p class='ocr_par' dir='ltr' id='par_1_1' title="bbox 299 348 444 406">
     <span class='ocr_line' id='line_1_1' title="bbox 299 348 444 406; baseline -0.021 -1"><span class='ocrx_word' id='word_1_1' title='bbox 299 348 444 406; x_wconf 77' lang='lat' dir='ltr'><strong>I555</strong></span> 
     </span>
    </p>
   </div>
   <div class='ocr_carea' id='block_1_2' title="bbox 1652 337 2007 384">
    <p class='ocr_par' dir='ltr' id='par_1_2' title="bbox 1652 337 2007 384">
     <span class='ocr_line' id='line_1_2' title="bbox 1652 337 2007 384; baseline -0.003 -1"><span class='ocrx_word' id='word_1_2' title='bbox 1652 337 1715 384; x_wconf 69' lang='lat' dir='ltr'><strong>IN</strong></span> <span class='ocrx_word' id='word_1_3' title='bbox 1755 337 2007 384; x_wconf 68' lang='lat' dir='ltr'><strong>IbAIAﬁI.</strong></span> 
     </span>
    </p>
   </div>
   <div class='ocr_carea' id='block_1_3' title="bbox 3376 341 3512 390">
    <p class='ocr_par' dir='ltr' id='par_1_3' title="bbox 3376 341 3512 390">
     <span class='ocr_line' id='line_1_3' title="bbox 3376 341 3512 390; baseline 0 0"><span class='ocrx_word' id='word_1_4' title='bbox 3376 341 3512 390; x_wconf 70' lang='grc'><strong>1554</strong></span> 
     </span>
    </p>
   </div>
   <div class='ocr_carea' id='block_1_4' title="bbox 372 446 1850 534">
    <p class='ocr_par' dir='ltr' id='par_1_4' title="bbox 372 449 1850 534">
     <span class='ocr_line' id='line_1_4' title="bbox 372 449 1850 534; baseline -0.012 -16"><span class='ocrx_word' id='word_1_5' title='bbox 372 466 433 518; x_wconf 89' lang='grc' dir='ltr'>Εἰ</span> <span class='ocrx_word' id='word_1_6' title='bbox 453 462 560 534; x_wconf 83' lang='grc' dir='ltr'>γὰρ</span> <span class='ocrx_word' id='word_1_7' title='bbox 575 460 667 514; x_wconf 73' lang='grc' dir='ltr'>καὶ</span> <span class='ocrx_word' id='word_1_8' title='bbox 686 457 865 530; x_wconf 77' lang='grc' dir='ltr'>πατὴρ</span> <span class='ocrx_word' id='word_1_9' title='bbox 880 455 971 512; x_wconf 87' lang='grc' dir='ltr'><strong>καί</strong></span> <span class='ocrx_word' id='word_1_10' title='bbox 991 456 1168 527; x_wconf 85' lang='grc' dir='ltr'><strong>μήτηρ</strong></span> <span class='ocrx_word' id='word_1_11' title='bbox 1202 453 1468 524; x_wconf 80' lang='grc' dir='ltr'><strong>ὑπηρέται</strong></span> <span class='ocrx_word' id='word_1_12' title='bbox 1486 450 1582 520; x_wconf 90' lang='grc' dir='ltr'><strong>τῆς</strong></span> <span class='ocrx_word' id='word_1_13' title='bbox 1601 449 1850 519; x_wconf 76' lang='grc' dir='ltr'>γενέσεως</span> 
     </span>
    </p>
   </div>
   <div class='ocr_carea' id='block_1_5' title="bbox 1950 446 3514 534">
    <p class='ocr_par' dir='ltr' id='par_1_5' title="bbox 2038 446 3514 528">
     <span class='ocr_line' id='line_1_5' title="bbox 2038 446 3514 528; baseline 0.008 -27"><span class='ocrx_word' id='word_1_14' title='bbox 2038 446 2199 503; x_wconf 84' lang='lat' dir='ltr'><strong>Vens.</strong></span> <span class='ocrx_word' id='word_1_15' title='bbox 2234 449 2318 502; x_wconf 79' lang='lat' dir='ltr'><strong>l5.</strong></span> <span class='ocrx_word' id='word_1_16' title='bbox 2354 448 2526 520; x_wconf 85' lang='lat' dir='ltr'><strong>Opera</strong></span> <span class='ocrx_word' id='word_1_17' title='bbox 2558 449 2772 520; x_wconf 87' lang='lat' dir='ltr'><strong>quidem</strong></span> <span class='ocrx_word' id='word_1_18' title='bbox 2822 458 2875 507; x_wconf 89' lang='lat' dir='ltr'><strong>et</strong></span> <span class='ocrx_word' id='word_1_19' title='bbox 2907 453 3079 522; x_wconf 79' lang='lat' dir='ltr'><strong>patris</strong></span> <span class='ocrx_word' id='word_1_20' title='bbox 3106 461 3159 510; x_wconf 88' lang='lat' dir='ltr'><strong>et</strong></span> <span class='ocrx_word' id='word_1_21' title='bbox 3201 457 3389 512; x_wconf 91' lang='lat' dir='ltr'><strong>matris</strong></span> <span class='ocrx_word' id='word_1_22' title='bbox 3422 475 3514 528; x_wconf 84' lang='lat' dir='ltr'><strong>ge-</strong></span> 
     </span>
    </p>
   </div>
   <div class='ocr_carea' id='block_1_6' title="bbox 293 540 1857 627">
    <p class='ocr_par' dir='ltr' id='par_1_6' title="bbox 293 540 1857 627">
     <span class='ocr_line' id='line_1_6' title="bbox 293 540 1857 627; baseline -0.015 -14"><span class='ocrx_word' id='word_1_23' title='bbox 293 556 613 627; x_wconf 83' lang='grc' dir='ltr'>γεγόνασιν,</span> <span class='ocrx_word' id='word_1_24' title='bbox 644 551 720 615; x_wconf 82' lang='grc' dir='ltr'>ὡς</span> <span class='ocrx_word' id='word_1_25' title='bbox 747 549 922 620; x_wconf 83' lang='grc' dir='ltr'><strong>φιλίας</strong></span> <span class='ocrx_word' id='word_1_26' title='bbox 963 563 1043 601; x_wconf 89' lang='grc' dir='ltr'><strong>σοι</strong></span> <span class='ocrx_word' id='word_1_27' title='bbox 1081 548 1175 600; x_wconf 76' lang='grc' dir='ltr'>καὶ</span> <span class='ocrx_word' id='word_1_28' title='bbox 1209 542 1522 614; x_wconf 83' lang='grc' dir='ltr'><strong>συγγενείας</strong></span> <span class='ocrx_word' id='word_1_29' title='bbox 1557 540 1857 613; x_wconf 81' lang='grc' dir='ltr'><strong>προφάσεις</strong></span> 
     </span>
    </p>
   </div>
   <div class='ocr_carea' id='block_1_7' title="bbox 301 632 1857 720">
    <p class='ocr_par' dir='ltr' id='par_1_7' title="bbox 301 632 1857 720">
     <span class='ocr_line' id='line_1_7' title="bbox 301 632 1857 720; baseline -0.012 -16"><span class='ocrx_word' id='word_1_30' title='bbox 301 648 654 720; x_wconf 78' lang='grc' dir='ltr'><strong>παρέχοντες,</strong></span> <span class='ocrx_word' id='word_1_31' title='bbox 672 643 783 696; x_wconf 87' lang='grc' dir='ltr'>ἀλλ’</span> <span class='ocrx_word' id='word_1_32' title='bbox 803 643 949 712; x_wconf 86' lang='grc' dir='ltr'>ὅμως</span> <span class='ocrx_word' id='word_1_33' title='bbox 970 640 1067 693; x_wconf 83' lang='grc' dir='ltr'><strong>οὐκ</strong></span> <span class='ocrx_word' id='word_1_34' title='bbox 1086 638 1270 708; x_wconf 74' lang='grc' dir='ltr'>ἀτονία</span> <span class='ocrx_word' id='word_1_35' title='bbox 1287 636 1385 706; x_wconf 87' lang='grc' dir='ltr'><strong>τῆς</strong></span> <span class='ocrx_word' id='word_1_36' title='bbox 1405 633 1682 705; x_wconf 90' lang='grc' dir='ltr'>δυνάμεως</span> <span class='ocrx_word' id='word_1_37' title='bbox 1699 632 1857 686; x_wconf 89' lang='grc' dir='ltr'>τοῦτο</span> 
     </span>
    </p>
   </div>
   <div class='ocr_carea' id='block_1_8' title="bbox 308 724 1853 809">
    <p class='ocr_par' dir='ltr' id='par_1_8' title="bbox 308 724 1853 809">
     <span class='ocr_line' id='line_1_8' title="bbox 308 724 1853 809; baseline -0.012 -14"><span class='ocrx_word' id='word_1_38' title='bbox 308 737 674 809; x_wconf 88' lang='grc' dir='ltr'>συνεχώρησα·</span> <span class='ocrx_word' id='word_1_39' title='bbox 696 733 816 788; x_wconf 80' lang='grc' dir='ltr'>οὕτε</span> <span class='ocrx_word' id='word_1_40' title='bbox 846 731 954 804; x_wconf 85' lang='grc' dir='ltr'>γὰρ</span> <span class='ocrx_word' id='word_1_41' title='bbox 983 731 1078 801; x_wconf 84' lang='grc' dir='ltr'>τὴν</span> <span class='ocrx_word' id='word_1_42' title='bbox 1103 730 1273 800; x_wconf 81' lang='grc' dir='ltr'>ἀρχὴν</span> <span class='ocrx_word' id='word_1_43' title='bbox 1301 727 1546 781; x_wconf 85' lang='grc' dir='ltr'><strong>πλάττων</strong></span> <span class='ocrx_word' id='word_1_44' title='bbox 1570 725 1660 779; x_wconf 85' lang='grc' dir='ltr'><strong>τὸν</strong></span> <span class='ocrx_word' id='word_1_45' title='bbox 1687 724 1853 795; x_wconf 84' lang='grc' dir='ltr'>Ἀδὰμ</span> 
     </span>
    </p>
   </div>
   <div class='ocr_carea' id='block_1_9' title="bbox 303 815 1854 898">
    <p class='ocr_par' dir='ltr' id='par_1_9' title="bbox 303 815 1854 898">
     <span class='ocr_line' id='line_1_9' title="bbox 303 815 1854 898; baseline -0.012 -12"><span class='ocrx_word' id='word_1_46' title='bbox 303 832 504 886; x_wconf 89' lang='grc' dir='ltr'>τούτων</span> <span class='ocrx_word' id='word_1_47' title='bbox 540 827 792 898; x_wconf 80' lang='grc' dir='ltr'><strong>ἐδεήθην,</strong></span> <span class='ocrx_word' id='word_1_48' title='bbox 826 824 960 878; x_wconf 83' lang='grc' dir='ltr'>ἀλλὰ</span> <span class='ocrx_word' id='word_1_49' title='bbox 985 823 1196 893; x_wconf 87' lang='grc' dir='ltr'><strong>θελήσει</strong></span> <span class='ocrx_word' id='word_1_50' title='bbox 1227 817 1615 888; x_wconf 81' lang='grc' dir='ltr'><strong>ὑπεστησάμην</strong></span> <span class='ocrx_word' id='word_1_51' title='bbox 1639 815 1733 868; x_wconf 77' lang='grc' dir='ltr'>καὶ</span> <span class='ocrx_word' id='word_1_52' title='bbox 1767 815 1854 867; x_wconf 93' lang='grc' dir='ltr'>δυ-</span> 
     </span>
    </p>
   </div>
   <div class='ocr_carea' id='block_1_10' title="bbox 303 922 707 996">
    <p class='ocr_par' dir='ltr' id='par_1_10' title="bbox 303 922 707 996">
     <span class='ocr_line' id='line_1_10' title="bbox 303 922 707 996; baseline -0.01 -18"><span class='ocrx_word' id='word_1_53' title='bbox 303 925 461 996; x_wconf 87' lang='grc' dir='ltr'>νάμει</span> <span class='ocrx_word' id='word_1_54' title='bbox 488 925 552 994; x_wconf 83' lang='grc' dir='ltr'>τῇ</span> <span class='ocrx_word' id='word_1_55' title='bbox 581 922 707 991; x_wconf 79' lang='grc' dir='ltr'>ἐμῇ.</span> 
     </span>
    </p>
   </div>
   <div class='ocr_carea' id='block_1_11' title="bbox 370 998 1850 1083">
    <p class='ocr_par' dir='ltr' id='par_1_11' title="bbox 370 998 1850 1083">
     <span class='ocr_line' id='line_1_11' title="bbox 370 998 1850 1083; baseline -0.011 -15"><span class='ocrx_word' id='word_1_56' title='bbox 370 1014 481 1073; x_wconf 76' lang='grc' dir='ltr'><strong>Καὶ</strong></span> <span class='ocrx_word' id='word_1_57' title='bbox 512 1013 619 1066; x_wconf 90' lang='grc' dir='ltr'><strong>τῶν</strong></span> <span class='ocrx_word' id='word_1_58' title='bbox 653 1009 1054 1083; x_wconf 85' lang='grc' dir='ltr'><strong>προγεγονότων</strong></span> <span class='ocrx_word' id='word_1_59' title='bbox 1098 1005 1177 1069; x_wconf 91' lang='grc' dir='ltr'><strong>εἰς</strong></span> <span class='ocrx_word' id='word_1_60' title='bbox 1215 1003 1433 1076; x_wconf 83' lang='grc' dir='ltr'>μνήμην</span> <span class='ocrx_word' id='word_1_61' title='bbox 1471 999 1666 1063; x_wconf 82' lang='grc' dir='ltr'>αὐτοὺς</span> <span class='ocrx_word' id='word_1_62' title='bbox 1708 998 1850 1067; x_wconf 82' lang='grc' dir='ltr'><strong>ἄγει,</strong></span> 
     </span>
    </p>
   </div>
   <div class='ocr_carea' id='block_1_12' title="bbox 300 1089 1852 1172">
    <p class='ocr_par' dir='ltr' id='par_1_12' title="bbox 300 1089 1852 1172">
     <span class='ocr_line' id='line_1_12' title="bbox 300 1089 1852 1172; baseline -0.012 -11"><span class='ocrx_word' id='word_1_63' title='bbox 300 1108 395 1162; x_wconf 78' lang='grc' dir='ltr'>καὶ</span> <span class='ocrx_word' id='word_1_64' title='bbox 427 1107 504 1169; x_wconf 87' lang='grc' dir='ltr'><strong>εἰς</strong></span> <span class='ocrx_word' id='word_1_65' title='bbox 545 1104 606 1158; x_wconf 84' lang='grc' dir='ltr'><strong>τὸ</strong></span> <span class='ocrx_word' id='word_1_66' title='bbox 635 1099 787 1166; x_wconf 83' lang='grc' dir='ltr'>αὖθις</span> <span class='ocrx_word' id='word_1_67' title='bbox 819 1101 1035 1172; x_wconf 77' lang='grc' dir='ltr'>θαρρεῖν</span> <span class='ocrx_word' id='word_1_68' title='bbox 1066 1097 1261 1160; x_wconf 85' lang='grc' dir='ltr'>αὐτοὺς</span> <span class='ocrx_word' id='word_1_69' title='bbox 1301 1093 1678 1166; x_wconf 84' lang='grc' dir='ltr'>προτρέπεται·</span> <span class='ocrx_word' id='word_1_70' title='bbox 1716 1089 1852 1143; x_wconf 79' lang='grc' dir='ltr'>Οῦτε</span> 
     </span>
    </p>
   </div>
   <div class='ocr_carea' id='block_1_13' title="bbox 300 1180 1851 1269">
    <p class='ocr_par' dir='ltr' id='par_1_13' title="bbox 300 1180 1851 1269">
     <span class='ocr_line' id='line_1_13' title="bbox 300 1180 1851 1269; baseline -0.014 -17"><span class='ocrx_word' id='word_1_71' title='bbox 300 1199 428 1269; x_wconf 84' lang='grc' dir='ltr'>γὰρ,</span> <span class='ocrx_word' id='word_1_72' title='bbox 471 1195 652 1267; x_wconf 68' lang='grc' dir='ltr'>φησὶν,</span> <span class='ocrx_word' id='word_1_73' title='bbox 694 1194 744 1246; x_wconf 89' lang='grc' dir='ltr'><strong>οἰ</strong></span> <span class='ocrx_word' id='word_1_74' title='bbox 780 1188 1274 1254; x_wconf 62' lang='grc' dir='ltr'><strong>ἀπειλοῦντες,καί⁹</strong></span> <span class='ocrx_word' id='word_1_75' title='bbox 1307 1185 1447 1240; x_wconf 82' lang='grc' dir='ltr'><strong>κατά</strong></span> <span class='ocrx_word' id='word_1_76' title='bbox 1478 1183 1569 1237; x_wconf 88' lang='grc' dir='ltr'><strong>σοῦ</strong></span> <span class='ocrx_word' id='word_1_77' title='bbox 1612 1180 1851 1253; x_wconf 84' lang='grc' dir='ltr'>μαιμάσ-</span> 
     </span>
    </p>
   </div>
   <div class='ocr_carea' id='block_1_14' title="bbox 301 1274 1848 1358">
    <p class='ocr_par' dir='ltr' id='par_1_14' title="bbox 301 1274 1848 1358">
     <span class='ocr_line' id='line_1_14' title="bbox 301 1274 1848 1358; baseline -0.013 -14"><span class='ocrx_word' id='word_1_78' title='bbox 301 1307 502 1353; x_wconf 85' lang='grc' dir='ltr'><strong>σοντες,</strong></span> <span class='ocrx_word' id='word_1_79' title='bbox 519 1285 855 1358; x_wconf 75' lang='grc' dir='ltr'>ἠδυνήθησαν</span> <span class='ocrx_word' id='word_1_80' title='bbox 871 1279 1178 1352; x_wconf 80' lang='grc' dir='ltr'>ἀντιστῆναι</span> <span class='ocrx_word' id='word_1_81' title='bbox 1198 1297 1298 1344; x_wconf 91' lang='grc' dir='ltr'>σοι,</span> <span class='ocrx_word' id='word_1_82' title='bbox 1317 1277 1447 1348; x_wconf 83' lang='grc' dir='ltr'>ἐμοῦ</span> <span class='ocrx_word' id='word_1_83' title='bbox 1464 1274 1848 1346; x_wconf 89' lang='grc' dir='ltr'>ἐπαμύνοντος·</span> 
     </span>
    </p>
   </div>
   <div class='ocr_carea' id='block_1_15' title="bbox 297 1363 1852 1452">
    <p class='ocr_par' dir='ltr' id='par_1_15' title="bbox 297 1363 1852 1452">
     <span class='ocr_line' id='line_1_15' title="bbox 297 1363 1852 1452; baseline -0.014 -15"><span class='ocrx_word' id='word_1_84' title='bbox 297 1383 562 1452; x_wconf 80' lang='grc' dir='ltr'>οὐδέτεροι</span> <span class='ocrx_word' id='word_1_85' title='bbox 593 1377 927 1449; x_wconf 70' lang='grc' dir='ltr'>ἰσχύσουσιν,</span> <span class='ocrx_word' id='word_1_86' title='bbox 953 1374 1086 1446; x_wconf 89' lang='grc' dir='ltr'>ἐμοῦ</span> <span class='ocrx_word' id='word_1_87' title='bbox 1113 1373 1309 1445; x_wconf 74' lang='grc' dir='ltr'>ῥαδίως</span> <span class='ocrx_word' id='word_1_88' title='bbox 1335 1369 1553 1431; x_wconf 82' lang='grc' dir='ltr'>τούτους</span> <span class='ocrx_word' id='word_1_89' title='bbox 1573 1367 1652 1429; x_wconf 89' lang='grc' dir='ltr'><strong>εἰς</strong></span> <span class='ocrx_word' id='word_1_90' title='bbox 1677 1363 1852 1434; x_wconf 83' lang='grc' dir='ltr'>φυγὴν</span> 
     </span>
    </p>
   </div>
   <div class='ocr_carea' id='block_1_16' title="bbox 296 1475 605 1545">
    <p class='ocr_par' dir='ltr' id='par_1_16' title="bbox 296 1475 605 1545">
     <span class='ocr_line' id='line_1_16' title="bbox 296 1475 605 1545; baseline -0.006 -18"><span class='ocrx_word' id='word_1_91' title='bbox 296 1475 605 1545; x_wconf 83' lang='grc' dir='ltr'>τρέποντος.</span> 
     </span>
    </p>
   </div>
   <div class='ocr_carea' id='block_1_17' title="bbox 370 1549 1853 1631">
    <p class='ocr_par' dir='ltr' id='par_1_17' title="bbox 370 1549 1853 1631">
     <span class='ocr_line' id='line_1_17' title="bbox 370 1549 1853 1631; baseline -0.009 -15"><span class='ocrx_word' id='word_1_92' title='bbox 370 1558 741 1631; x_wconf 86' lang='grc' dir='ltr'>Διδασκόμεθα</span> <span class='ocrx_word' id='word_1_93' title='bbox 767 1558 823 1612; x_wconf 85' lang='grc' dir='ltr'>δὲ</span> <span class='ocrx_word' id='word_1_94' title='bbox 849 1558 912 1611; x_wconf 87' lang='grc' dir='ltr'><strong>ἐκ</strong></span> <span class='ocrx_word' id='word_1_95' title='bbox 935 1554 1153 1620; x_wconf 87' lang='grc' dir='ltr'>τούτου,</span> <span class='ocrx_word' id='word_1_96' title='bbox 1182 1553 1257 1617; x_wconf 83' lang='grc' dir='ltr'>ὡς</span> <span class='ocrx_word' id='word_1_97' title='bbox 1279 1551 1373 1606; x_wconf 83' lang='grc' dir='ltr'><strong>καὶ</strong></span> <span class='ocrx_word' id='word_1_98' title='bbox 1393 1552 1442 1604; x_wconf 87' lang='grc' dir='ltr'><strong>οἰ</strong></span> <span class='ocrx_word' id='word_1_99' title='bbox 1471 1551 1726 1622; x_wconf 89' lang='grc' dir='ltr'>τάραχοι,</span> <span class='ocrx_word' id='word_1_100' title='bbox 1757 1549 1853 1604; x_wconf 74' lang='grc' dir='ltr'><strong>καὶ</strong></span> 
     </span>
    </p>
   </div>
   <div class='ocr_carea' id='block_1_18' title="bbox 295 1637 1853 1712">
    <p class='ocr_par' dir='ltr' id='par_1_18' title="bbox 295 1637 1853 1712">
     <span class='ocr_line' id='line_1_18' title="bbox 295 1637 1853 1712; baseline -0.012 -4"><span class='ocrx_word' id='word_1_101' title='bbox 295 1656 350 1709; x_wconf 86' lang='grc' dir='ltr'><strong>αἰ</strong></span> <span class='ocrx_word' id='word_1_102' title='bbox 398 1651 789 1712; x_wconf 72' lang='grc' dir='ltr'>ἐπαναστάσεις</span> <span class='ocrx_word' id='word_1_103' title='bbox 825 1647 932 1700; x_wconf 90' lang='grc' dir='ltr'><strong>τῶν</strong></span> <span class='ocrx_word' id='word_1_104' title='bbox 984 1644 1170 1708; x_wconf 84' lang='grc' dir='ltr'>ἐθνῶν,</span> <span class='ocrx_word' id='word_1_105' title='bbox 1211 1643 1304 1696; x_wconf 76' lang='grc' dir='ltr'>καὶ</span> <span class='ocrx_word' id='word_1_106' title='bbox 1352 1640 1421 1695; x_wconf 79' lang='grc' dir='ltr'>τὰ</span> <span class='ocrx_word' id='word_1_107' title='bbox 1467 1639 1700 1710; x_wconf 88' lang='grc' dir='ltr'>δυσχερῆ</span> <span class='ocrx_word' id='word_1_108' title='bbox 1745 1637 1853 1691; x_wconf 88' lang='grc' dir='ltr'><strong>τῶν</strong></span> 
     </span>
    </p>
   </div>
   <div class='ocr_carea' id='block_1_19' title="bbox 1959 539 3513 616">
    <p class='ocr_par' dir='ltr' id='par_1_19' title="bbox 1959 539 3513 616">
     <span class='ocr_line' id='line_1_19' title="bbox 1959 539 3513 616; baseline 0.006 -24"><span class='ocrx_word' id='word_1_109' title='bbox 1959 539 2104 594; x_wconf 91' lang='lat' dir='ltr'><strong>nitus</strong></span> <span class='ocrx_word' id='word_1_110' title='bbox 2135 554 2228 606; x_wconf 89' lang='lat' dir='ltr'><strong>es,</strong></span> <span class='ocrx_word' id='word_1_111' title='bbox 2267 547 2326 594; x_wconf 91' lang='lat' dir='ltr'><strong>ut</strong></span> <span class='ocrx_word' id='word_1_112' title='bbox 2348 541 2585 594; x_wconf 79' lang='lat' dir='ltr'><strong>amicitia</strong></span> <span class='ocrx_word' id='word_1_113' title='bbox 2620 547 2799 596; x_wconf 80' lang='lat' dir='ltr'><strong>tecum</strong></span> <span class='ocrx_word' id='word_1_114' title='bbox 2832 548 2886 597; x_wconf 91' lang='lat' dir='ltr'><strong>et</strong></span> <span class='ocrx_word' id='word_1_115' title='bbox 2917 544 3236 612; x_wconf 80' lang='lat' dir='ltr'><strong>cognatione</strong></span> <span class='ocrx_word' id='word_1_116' title='bbox 3280 548 3513 616; x_wconf 89' lang='lat' dir='ltr'><strong>conjun-</strong></span> 
     </span>
    </p>
   </div>
   <div class='ocr_carea' id='block_1_20' title="bbox 1955 632 3512 707">
    <p class='ocr_par' dir='ltr' id='par_1_20' title="bbox 1955 632 3512 707">
     <span class='ocr_line' id='line_1_20' title="bbox 1955 632 3512 707; baseline 0.005 -23"><span class='ocrx_word' id='word_1_117' title='bbox 1955 639 2210 700; x_wconf 88' lang='lat' dir='ltr'><strong>gercntur</strong></span> <span class='ocrx_word' id='word_1_118' title='bbox 2230 671 2246 696; x_wconf 93' lang='lat'><strong>,</strong></span> <span class='ocrx_word' id='word_1_119' title='bbox 2286 647 2392 686; x_wconf 91' lang='lat' dir='ltr'><strong>non</strong></span> <span class='ocrx_word' id='word_1_120' title='bbox 2438 634 2596 702; x_wconf 90' lang='lat' dir='ltr'><strong>quasi</strong></span> <span class='ocrx_word' id='word_1_121' title='bbox 2642 632 2912 688; x_wconf 82' lang='lat' dir='ltr'><strong>deﬁcienti</strong></span> <span class='ocrx_word' id='word_1_122' title='bbox 2942 649 3075 688; x_wconf 79' lang='lat' dir='ltr'><strong>meae</strong></span> <span class='ocrx_word' id='word_1_123' title='bbox 3102 638 3354 704; x_wconf 82' lang='lat' dir='ltr'><strong>potestati</strong></span> <span class='ocrx_word' id='word_1_124' title='bbox 3383 654 3512 707; x_wconf 90' lang='lat' dir='ltr'><strong>sup-</strong></span> 
     </span>
    </p>
   </div>
   <div class='ocr_carea' id='block_1_21' title="bbox 1955 722 3511 799">
    <p class='ocr_par' dir='ltr' id='par_1_21' title="bbox 1955 722 3511 799">
     <span class='ocr_line' id='line_1_21' title="bbox 1955 722 3511 799; baseline 0.008 -25"><span class='ocrx_word' id='word_1_125' title='bbox 1955 722 2186 790; x_wconf 86' lang='lat' dir='ltr'><strong>plerent.</strong></span> <span class='ocrx_word' id='word_1_126' title='bbox 2241 722 2359 777; x_wconf 88' lang='lat' dir='ltr'><strong>Non</strong></span> <span class='ocrx_word' id='word_1_127' title='bbox 2404 725 2546 779; x_wconf 92' lang='lat' dir='ltr'><strong>enim</strong></span> <span class='ocrx_word' id='word_1_128' title='bbox 2597 723 2730 778; x_wconf 89' lang='lat' dir='ltr'><strong>mihi</strong></span> <span class='ocrx_word' id='word_1_129' title='bbox 2783 724 2890 780; x_wconf 90' lang='lat' dir='ltr'><strong>illis</strong></span> <span class='ocrx_word' id='word_1_130' title='bbox 2938 725 2993 779; x_wconf 93' lang='lat' dir='ltr'><strong>in</strong></span> <span class='ocrx_word' id='word_1_131' title='bbox 3051 727 3320 796; x_wconf 88' lang='lat' dir='ltr'><strong>principio</strong></span> <span class='ocrx_word' id='word_1_132' title='bbox 3374 745 3511 799; x_wconf 92' lang='lat' dir='ltr'><strong>opus</strong></span> 
     </span>
    </p>
   </div>
   <div class='ocr_carea' id='block_1_22' title="bbox 1954 811 3512 883">
    <p class='ocr_par' dir='ltr' id='par_1_22' title="bbox 1954 811 3512 883">
     <span class='ocr_line' id='line_1_22' title="bbox 1954 811 3512 883; baseline 0.007 -18"><span class='ocrx_word' id='word_1_133' title='bbox 1954 811 2071 875; x_wconf 80' lang='lat' dir='ltr'><strong>fuit,</strong></span> <span class='ocrx_word' id='word_1_134' title='bbox 2105 829 2230 868; x_wconf 92' lang='lat' dir='ltr'><strong>cum</strong></span> <span class='ocrx_word' id='word_1_135' title='bbox 2256 815 2622 883; x_wconf 90' lang='lat' dir='ltr'><strong>plasmabatur</strong></span> <span class='ocrx_word' id='word_1_136' title='bbox 2667 815 2857 883; x_wconf 87' lang='lat' dir='ltr'><strong>Adam,</strong></span> <span class='ocrx_word' id='word_1_137' title='bbox 2883 817 2977 872; x_wconf 88' lang='lat' dir='ltr'><strong>sed</strong></span> <span class='ocrx_word' id='word_1_138' title='bbox 3001 817 3284 873; x_wconf 87' lang='lat' dir='ltr'><strong>voluntate</strong></span> <span class='ocrx_word' id='word_1_139' title='bbox 3311 834 3376 874; x_wconf 90' lang='lat' dir='ltr'><strong>ac</strong></span> <span class='ocrx_word' id='word_1_140' title='bbox 3404 820 3512 877; x_wconf 89' lang='lat' dir='ltr'><strong>vir.-</strong></span> 
     </span>
    </p>
   </div>
   <div class='ocr_carea' id='block_1_23' title="bbox 1954 905 2691 974">
    <p class='ocr_par' dir='ltr' id='par_1_23' title="bbox 1954 905 2691 974">
     <span class='ocr_line' id='line_1_23' title="bbox 1954 905 2691 974; baseline 0.004 -18"><span class='ocrx_word' id='word_1_141' title='bbox 1954 910 2066 957; x_wconf 84' lang='lat' dir='ltr'><strong>tute</strong></span> <span class='ocrx_word' id='word_1_142' title='bbox 2091 920 2208 959; x_wconf 91' lang='lat' dir='ltr'><strong>mea</strong></span> <span class='ocrx_word' id='word_1_143' title='bbox 2239 905 2354 974; x_wconf 85' lang='lat' dir='ltr'><strong>ipse</strong></span> <span class='ocrx_word' id='word_1_144' title='bbox 2390 921 2512 960; x_wconf 89' lang='lat' dir='ltr'><strong>cum</strong></span> <span class='ocrx_word' id='word_1_145' title='bbox 2541 905 2691 961; x_wconf 72' lang='lat' dir='ltr'><strong>effeci</strong></span> 
     </span>
    </p>
   </div>
   <div class='ocr_carea' id='block_1_24' title="bbox 2023 993 3508 1068">
    <p class='ocr_par' dir='ltr' id='par_1_24' title="bbox 2023 993 3508 1068">
     <span class='ocr_line' id='line_1_24' title="bbox 2023 993 3508 1068; baseline 0.007 -21"><span class='ocrx_word' id='word_1_146' title='bbox 2023 993 2188 1051; x_wconf 95' lang='lat' dir='ltr'><strong>Vens.</strong></span> <span class='ocrx_word' id='word_1_147' title='bbox 2219 997 2303 1050; x_wconf 79' lang='grc'><strong>14.</strong></span> <span class='ocrx_word' id='word_1_148' title='bbox 2323 997 2431 1052; x_wconf 82' lang='lat' dir='ltr'><strong>Res</strong></span> <span class='ocrx_word' id='word_1_149' title='bbox 2449 1000 2750 1068; x_wconf 85' lang='lat' dir='ltr'><strong>praeteritas</strong></span> <span class='ocrx_word' id='word_1_150' title='bbox 2784 999 2839 1054; x_wconf 91' lang='lat' dir='ltr'><strong>in</strong></span> <span class='ocrx_word' id='word_1_151' title='bbox 2867 1000 3181 1055; x_wconf 85' lang='lat' dir='ltr'><strong>memoriam</strong></span> <span class='ocrx_word' id='word_1_152' title='bbox 3205 1016 3392 1056; x_wconf 93' lang='lat' dir='ltr'><strong>eorum</strong></span> <span class='ocrx_word' id='word_1_153' title='bbox 3420 1016 3508 1057; x_wconf 88' lang='lat' dir='ltr'><strong>re-</strong></span> 
     </span>
    </p>
   </div>
   <div class='ocr_carea' id='block_1_25' title="bbox 1951 1087 3504 1157">
    <p class='ocr_par' dir='ltr' id='par_1_25' title="bbox 1951 1087 3504 1157">
     <span class='ocr_line' id='line_1_25' title="bbox 1951 1087 3504 1157; baseline 0.006 -20"><span class='ocrx_word' id='word_1_154' title='bbox 1951 1093 2129 1149; x_wconf 90' lang='lat' dir='ltr'><strong>vocat,</strong></span> <span class='ocrx_word' id='word_1_155' title='bbox 2162 1097 2218 1141; x_wconf 89' lang='lat' dir='ltr'><strong>et</strong></span> <span class='ocrx_word' id='word_1_156' title='bbox 2248 1087 2321 1141; x_wconf 87' lang='lat' dir='ltr'><strong>ita</strong></span> <span class='ocrx_word' id='word_1_157' title='bbox 2358 1087 2563 1144; x_wconf 88' lang='lat' dir='ltr'><strong>fractos</strong></span> <span class='ocrx_word' id='word_1_158' title='bbox 2594 1090 2806 1144; x_wconf 91' lang='lat' dir='ltr'><strong>animos</strong></span> <span class='ocrx_word' id='word_1_159' title='bbox 2850 1089 3064 1157; x_wconf 78' lang='lat' dir='ltr'><strong>reiicit;</strong></span> <span class='ocrx_word' id='word_1_160' title='bbox 3114 1106 3239 1145; x_wconf 91' lang='lat' dir='ltr'><strong>nam</strong></span> <span class='ocrx_word' id='word_1_161' title='bbox 3289 1107 3504 1147; x_wconf 87' lang='lat' dir='ltr'><strong>causam</strong></span> 
     </span>
    </p>
   </div>
   <div class='ocr_carea' id='block_1_26' title="bbox 1953 1180 3508 1251">
    <p class='ocr_par' dir='ltr' id='par_1_26' title="bbox 1953 1180 3508 1251">
     <span class='ocr_line' id='line_1_26' title="bbox 1953 1180 3508 1251; baseline 0.005 -23"><span class='ocrx_word' id='word_1_162' title='bbox 1953 1185 2098 1229; x_wconf 92' lang='lat' dir='ltr'><strong>tuam</strong></span> <span class='ocrx_word' id='word_1_163' title='bbox 2130 1185 2322 1247; x_wconf 80' lang='lat' dir='ltr'><strong>agente</strong></span> <span class='ocrx_word' id='word_1_164' title='bbox 2365 1195 2451 1234; x_wconf 89' lang='lat' dir='ltr'><strong>me</strong></span> <span class='ocrx_word' id='word_1_165' title='bbox 2473 1221 2488 1246; x_wconf 92' lang='lat'><strong>,</strong></span> <span class='ocrx_word' id='word_1_166' title='bbox 2524 1195 2631 1233; x_wconf 91' lang='lat' dir='ltr'><strong>non</strong></span> <span class='ocrx_word' id='word_1_167' title='bbox 2662 1180 2988 1245; x_wconf 90' lang='lat' dir='ltr'><strong>valuerunt,</strong></span> <span class='ocrx_word' id='word_1_168' title='bbox 3015 1180 3210 1251; x_wconf 82' lang='lat' dir='ltr'><strong>inquit,</strong></span> <span class='ocrx_word' id='word_1_169' title='bbox 3243 1181 3338 1235; x_wconf 90' lang='lat' dir='ltr'><strong>tibi</strong></span> <span class='ocrx_word' id='word_1_170' title='bbox 3372 1183 3508 1236; x_wconf 84' lang='lat' dir='ltr'><strong>resi-</strong></span> 
     </span>
    </p>
   </div>
   <div class='ocr_carea' id='block_1_27' title="bbox 1953 1269 3506 1343">
    <p class='ocr_par' dir='ltr' id='par_1_27' title="bbox 1953 1269 3506 1343">
     <span class='ocr_line' id='line_1_27' title="bbox 1953 1269 3506 1343; baseline 0.004 -21"><span class='ocrx_word' id='word_1_171' title='bbox 1953 1274 2118 1333; x_wconf 89' lang='lat' dir='ltr'><strong>stere,</strong></span> <span class='ocrx_word' id='word_1_172' title='bbox 2147 1270 2240 1338; x_wconf 91' lang='lat' dir='ltr'><strong>qui</strong></span> <span class='ocrx_word' id='word_1_173' title='bbox 2286 1271 2446 1325; x_wconf 85' lang='lat' dir='ltr'><strong>minis</strong></span> <span class='ocrx_word' id='word_1_174' title='bbox 2473 1278 2525 1325; x_wconf 85' lang='lat' dir='ltr'><strong>te</strong></span> <span class='ocrx_word' id='word_1_175' title='bbox 2557 1278 2611 1325; x_wconf 87' lang='lat' dir='ltr'><strong>et</strong></span> <span class='ocrx_word' id='word_1_176' title='bbox 2641 1269 2825 1326; x_wconf 85' lang='lat' dir='ltr'><strong>furore</strong></span> <span class='ocrx_word' id='word_1_177' title='bbox 2857 1273 3152 1342; x_wconf 83' lang='lat' dir='ltr'><strong>urgebant;</strong></span> <span class='ocrx_word' id='word_1_178' title='bbox 3212 1289 3386 1343; x_wconf 91' lang='lat' dir='ltr'><strong>neque</strong></span> <span class='ocrx_word' id='word_1_179' title='bbox 3413 1275 3506 1329; x_wconf 89' lang='lat' dir='ltr'><strong>alii</strong></span> 
     </span>
    </p>
   </div>
   <div class='ocr_carea' id='block_1_28' title="bbox 1952 1360 3300 1435">
    <p class='ocr_par' dir='ltr' id='par_1_28' title="bbox 1952 1360 3300 1435">
     <span class='ocr_line' id='line_1_28' title="bbox 1952 1360 3300 1435; baseline 0.004 -23"><span class='ocrx_word' id='word_1_180' title='bbox 1952 1360 2123 1430; x_wconf 83' lang='lat' dir='ltr'><strong>magis</strong></span> <span class='ocrx_word' id='word_1_181' title='bbox 2153 1360 2456 1430; x_wconf 84' lang='lat' dir='ltr'><strong>proﬁcient,</strong></span> <span class='ocrx_word' id='word_1_182' title='bbox 2485 1361 2642 1417; x_wconf 81' lang='lat' dir='ltr'><strong>facile</strong></span> <span class='ocrx_word' id='word_1_183' title='bbox 2659 1377 2752 1419; x_wconf 91' lang='lat' dir='ltr'><strong>eos</strong></span> <span class='ocrx_word' id='word_1_184' title='bbox 2779 1363 2833 1416; x_wconf 93' lang='lat' dir='ltr'><strong>in</strong></span> <span class='ocrx_word' id='word_1_185' title='bbox 2861 1362 3043 1435; x_wconf 82' lang='lat' dir='ltr'><strong>fugam</strong></span> <span class='ocrx_word' id='word_1_186' title='bbox 3074 1373 3300 1418; x_wconf 85' lang='lat' dir='ltr'><strong>vertam.</strong></span> 
     </span>
    </p>
   </div>
   <div class='ocr_carea' id='block_1_29' title="bbox 2024 1539 3504 1608">
    <p class='ocr_par' dir='ltr' id='par_1_29' title="bbox 2024 1539 3504 1608">
     <span class='ocr_line' id='line_1_29' title="bbox 2024 1539 3504 1608; baseline 0.001 -13"><span class='ocrx_word' id='word_1_187' title='bbox 2024 1539 2192 1596; x_wconf 84' lang='lat' dir='ltr'><strong>Vens.</strong></span> <span class='ocrx_word' id='word_1_188' title='bbox 2221 1540 2307 1597; x_wconf 77' lang='grc'><strong>15.</strong></span> <span class='ocrx_word' id='word_1_189' title='bbox 2337 1540 2503 1596; x_wconf 88' lang='lat' dir='ltr'><strong>Docet</strong></span> <span class='ocrx_word' id='word_1_190' title='bbox 2519 1542 2607 1596; x_wconf 87' lang='lat' dir='ltr'><strong>hic</strong></span> <span class='ocrx_word' id='word_1_191' title='bbox 2622 1557 2722 1598; x_wconf 93' lang='lat' dir='ltr'><strong>nos</strong></span> <span class='ocrx_word' id='word_1_192' title='bbox 2743 1543 3172 1608; x_wconf 89' lang='lat' dir='ltr'><strong>turbamenta,et</strong></span> <span class='ocrx_word' id='word_1_193' title='bbox 3183 1542 3504 1598; x_wconf 88' lang='lat' dir='ltr'><strong>rebelliones</strong></span> 
     </span>
    </p>
   </div>
   <div class='ocr_carea' id='block_1_30' title="bbox 1951 1632 3503 1704">
    <p class='ocr_par' dir='ltr' id='par_1_30' title="bbox 1951 1632 3503 1704">
     <span class='ocr_line' id='line_1_30' title="bbox 1951 1632 3503 1704; baseline 0.001 -18"><span class='ocrx_word' id='word_1_194' title='bbox 1951 1632 2215 1702; x_wconf 88' lang='lat' dir='ltr'><strong>gentium,</strong></span> <span class='ocrx_word' id='word_1_195' title='bbox 2242 1639 2296 1687; x_wconf 90' lang='lat' dir='ltr'><strong>et</strong></span> <span class='ocrx_word' id='word_1_196' title='bbox 2330 1648 2510 1688; x_wconf 91' lang='lat' dir='ltr'><strong>rerum</strong></span> <span class='ocrx_word' id='word_1_197' title='bbox 2543 1635 2842 1704; x_wconf 76' lang='lat' dir='ltr'><strong>angustias,</strong></span> <span class='ocrx_word' id='word_1_198' title='bbox 2890 1641 2944 1689; x_wconf 89' lang='lat' dir='ltr'><strong>et</strong></span> <span class='ocrx_word' id='word_1_199' title='bbox 2991 1634 3398 1690; x_wconf 83' lang='lat' dir='ltr'><strong>sollicitationes</strong></span> <span class='ocrx_word' id='word_1_200' title='bbox 3436 1635 3503 1688; x_wconf 90' lang='lat' dir='ltr'><strong>ad</strong></span> 
     </span>
    </p>
   </div>
   <div class='ocr_carea' id='block_1_31' title="bbox 295 1723 1850 1816">
    <p class='ocr_par' dir='ltr' id='par_1_31' title="bbox 295 1727 1848 1816">
     <span class='ocr_line' id='line_1_31' title="bbox 295 1727 1848 1816; baseline -0.012 -18"><span class='ocrx_word' id='word_1_201' title='bbox 295 1743 655 1816; x_wconf 79' lang='grc' dir='ltr'>πραγμάτων,</span> <span class='ocrx_word' id='word_1_202' title='bbox 690 1739 849 1792; x_wconf 84' lang='grc' dir='ltr'><strong>καὶοί</strong></span> <span class='ocrx_word' id='word_1_203' title='bbox 877 1737 1169 1810; x_wconf 74' lang='grc' dir='ltr'>πειρασμοὶ</span> <span class='ocrx_word' id='word_1_204' title='bbox 1186 1774 1201 1799; x_wconf 90' lang='grc'><strong>,</strong></span> <span class='ocrx_word' id='word_1_205' title='bbox 1228 1730 1370 1786; x_wconf 85' lang='grc' dir='ltr'>κατὰ</span> <span class='ocrx_word' id='word_1_206' title='bbox 1395 1730 1736 1800; x_wconf 87' lang='grc' dir='ltr'>συγχώρησιν</span> <span class='ocrx_word' id='word_1_207' title='bbox 1756 1727 1848 1781; x_wconf 90' lang='grc' dir='ltr'><strong>τοῦ</strong></span> 
     </span>
    </p>
   </div>
   <div class='ocr_carea' id='block_1_32' title="bbox 1950 1723 3505 1816">
    <p class='ocr_par' dir='ltr' id='par_1_32' title="bbox 1951 1723 3505 1794">
     <span class='ocr_line' id='line_1_32' title="bbox 1951 1723 3505 1794; baseline 0.004 -18"><span class='ocrx_word' id='word_1_208' title='bbox 1951 1724 2176 1786; x_wconf 91' lang='lat' dir='ltr'><strong>malum,</strong></span> <span class='ocrx_word' id='word_1_209' title='bbox 2202 1739 2309 1778; x_wconf 87' lang='lat' dir='ltr'><strong>non</strong></span> <span class='ocrx_word' id='word_1_210' title='bbox 2342 1725 2460 1780; x_wconf 88' lang='lat' dir='ltr'><strong>sine</strong></span> <span class='ocrx_word' id='word_1_211' title='bbox 2487 1725 2581 1779; x_wconf 90' lang='lat' dir='ltr'><strong>Dei</strong></span> <span class='ocrx_word' id='word_1_212' title='bbox 2616 1723 2838 1780; x_wconf 90' lang='lat' dir='ltr'><strong>numine</strong></span> <span class='ocrx_word' id='word_1_213' title='bbox 2877 1723 3024 1791; x_wconf 81' lang='lat' dir='ltr'><strong>ﬁeri;</strong></span> <span class='ocrx_word' id='word_1_214' title='bbox 3063 1726 3259 1794; x_wconf 89' lang='lat' dir='ltr'><strong>quibus</strong></span> <span class='ocrx_word' id='word_1_215' title='bbox 3303 1726 3505 1782; x_wconf 86' lang='lat' dir='ltr'><strong>instan-</strong></span> 
     </span>
    </p>
   </div>
   <div class='ocr_carea' id='block_1_33' title="bbox 293 1799 1850 1904">
    <p class='ocr_par' dir='ltr' id='par_1_33' title="bbox 293 1799 1850 1904">
     <span class='ocr_line' id='line_1_33' title="bbox 293 1799 1850 1904; baseline -0.011 -15"><span class='ocrx_word' id='word_1_216' title='bbox 293 1799 435 1888; x_wconf 50' lang='grc' dir='ltr'>Θεοῦ.</span> <span class='ocrx_word' id='word_1_217' title='bbox 453 1799 707 1904; x_wconf 72' lang='grc' dir='ltr'>γίνονται·</span> <span class='ocrx_word' id='word_1_218' title='bbox 734 1823 808 1884; x_wconf 85' lang='grc' dir='ltr'>ὧν</span> <span class='ocrx_word' id='word_1_219' title='bbox 839 1799 1217 1900; x_wconf 74' lang='grc' dir='ltr'>ἐνεργούντων,</span> <span class='ocrx_word' id='word_1_220' title='bbox 1245 1825 1349 1896; x_wconf 84' lang='grc' dir='ltr'>χρὴ</span> <span class='ocrx_word' id='word_1_221' title='bbox 1387 1825 1475 1876; x_wconf 82' lang='grc' dir='ltr'><strong>τὸν</strong></span> <span class='ocrx_word' id='word_1_222' title='bbox 1499 1799 1736 1893; x_wconf 83' lang='grc' dir='ltr'>νήφοντα</span> <span class='ocrx_word' id='word_1_223' title='bbox 1759 1819 1850 1873; x_wconf 75' lang='grc' dir='ltr'><strong>ἐπὶ</strong></span> 
     </span>
    </p>
   </div>
   <div class='ocr_carea' id='block_1_34' title="bbox 1950 1799 3504 1904">
    <p class='ocr_par' dir='ltr' id='par_1_34' title="bbox 1951 1816 3504 1888">
     <span class='ocr_line' id='line_1_34' title="bbox 1951 1816 3504 1888; baseline 0.002 -20"><span class='ocrx_word' id='word_1_224' title='bbox 1951 1817 2115 1880; x_wconf 93' lang='lat' dir='ltr'><strong>tibus,</strong></span> <span class='ocrx_word' id='word_1_225' title='bbox 2169 1819 2462 1887; x_wconf 87' lang='lat' dir='ltr'><strong>prudenter</strong></span> <span class='ocrx_word' id='word_1_226' title='bbox 2519 1825 2574 1872; x_wconf 91' lang='lat' dir='ltr'><strong>te</strong></span> <span class='ocrx_word' id='word_1_227' title='bbox 2619 1816 2685 1870; x_wconf 91' lang='lat' dir='ltr'><strong>ad</strong></span> <span class='ocrx_word' id='word_1_228' title='bbox 2727 1816 2819 1872; x_wconf 91' lang='lat' dir='ltr'><strong>Dei</strong></span> <span class='ocrx_word' id='word_1_229' title='bbox 2869 1817 3126 1871; x_wconf 85' lang='lat' dir='ltr'><strong>auxilium</strong></span> <span class='ocrx_word' id='word_1_230' title='bbox 3151 1816 3413 1888; x_wconf 87' lang='lat' dir='ltr'><strong>recipies,</strong></span> <span class='ocrx_word' id='word_1_231' title='bbox 3442 1827 3504 1872; x_wconf 89' lang='lat' dir='ltr'><strong>ut</strong></span> 
     </span>
    </p>
   </div>
   <div class='ocr_carea' id='block_1_35' title="bbox 289 1911 1850 1996">
    <p class='ocr_par' dir='ltr' id='par_1_35' title="bbox 289 1911 1850 1996">
     <span class='ocr_line' id='line_1_35' title="bbox 289 1911 1850 1996; baseline -0.011 -17"><span class='ocrx_word' id='word_1_232' title='bbox 289 1926 389 1996; x_wconf 77' lang='grc' dir='ltr'>τὴν</span> <span class='ocrx_word' id='word_1_233' title='bbox 420 1924 512 1978; x_wconf 88' lang='grc' dir='ltr'><strong>τοῦ</strong></span> <span class='ocrx_word' id='word_1_234' title='bbox 537 1922 668 1976; x_wconf 89' lang='grc' dir='ltr'><strong>Θεοῦ</strong></span> <span class='ocrx_word' id='word_1_235' title='bbox 698 1919 1056 1988; x_wconf 82' lang='grc' dir='ltr'>καταφεύγειν</span> <span class='ocrx_word' id='word_1_236' title='bbox 1085 1917 1330 1988; x_wconf 83' lang='grc' dir='ltr'>βοήθειαν</span> <span class='ocrx_word' id='word_1_237' title='bbox 1349 1955 1364 1981; x_wconf 98' lang='grc'><strong>,</strong></span> <span class='ocrx_word' id='word_1_238' title='bbox 1403 1914 1498 1968; x_wconf 74' lang='grc' dir='ltr'><strong>καὶ</strong></span> <span class='ocrx_word' id='word_1_239' title='bbox 1539 1912 1666 1982; x_wconf 89' lang='grc' dir='ltr'>παρ’</span> <span class='ocrx_word' id='word_1_240' title='bbox 1709 1911 1850 1964; x_wconf 88' lang='grc' dir='ltr'>ἐκεί-</span> 
     </span>
    </p>
   </div>
   <div class='ocr_carea' id='block_1_36' title="bbox 289 2009 1393 2084">
    <p class='ocr_par' dir='ltr' id='par_1_36' title="bbox 289 2009 1393 2084">
     <span class='ocr_line' id='line_1_36' title="bbox 289 2009 1393 2084; baseline -0.008 -15"><span class='ocrx_word' id='word_1_241' title='bbox 289 2035 381 2072; x_wconf 89' lang='grc' dir='ltr'><strong>νου</strong></span> <span class='ocrx_word' id='word_1_242' title='bbox 421 2014 684 2070; x_wconf 78' lang='grc' dir='ltr'>αἰτεῖσθαι</span> <span class='ocrx_word' id='word_1_243' title='bbox 710 2013 806 2084; x_wconf 84' lang='grc' dir='ltr'>τὴν</span> <span class='ocrx_word' id='word_1_244' title='bbox 827 2011 1029 2064; x_wconf 89' lang='grc' dir='ltr'>τούτων</span> <span class='ocrx_word' id='word_1_245' title='bbox 1056 2009 1393 2079; x_wconf 87' lang='grc' dir='ltr'>ἀπαλλαγήν.</span> 
     </span>
    </p>
   </div>
   <div class='ocr_carea' id='block_1_37' title="bbox 358 2095 1850 2175">
    <p class='ocr_par' dir='ltr' id='par_1_37' title="bbox 358 2095 1850 2175">
     <span class='ocr_line' id='line_1_37' title="bbox 358 2095 1850 2175; baseline -0.009 -14"><span class='ocrx_word' id='word_1_246' title='bbox 358 2107 531 2162; x_wconf 88' lang='grc' dir='ltr'>Πάλιν</span> <span class='ocrx_word' id='word_1_247' title='bbox 565 2106 652 2159; x_wconf 89' lang='grc' dir='ltr'><strong>διά</strong></span> <span class='ocrx_word' id='word_1_248' title='bbox 690 2106 788 2175; x_wconf 92' lang='grc' dir='ltr'><strong>τῆς</strong></span> <span class='ocrx_word' id='word_1_249' title='bbox 830 2102 1222 2172; x_wconf 87' lang='grc' dir='ltr'>παρακλήσεως</span> <span class='ocrx_word' id='word_1_250' title='bbox 1267 2099 1365 2170; x_wconf 87' lang='grc' dir='ltr'>τὴν</span> <span class='ocrx_word' id='word_1_251' title='bbox 1402 2097 1642 2151; x_wconf 81' lang='grc' dir='ltr'>ἑκούσιον</span> <span class='ocrx_word' id='word_1_252' title='bbox 1683 2095 1850 2166; x_wconf 79' lang='grc' dir='ltr'>αὐτῆς</span> 
     </span>
    </p>
   </div>
   <div class='ocr_carea' id='block_1_38' title="bbox 205 2187 1850 2268">
    <p class='ocr_par' dir='ltr' id='par_1_38' title="bbox 205 2187 1850 2268">
     <span class='ocr_line' id='line_1_38' title="bbox 205 2187 1850 2268; baseline -0.009 -15"><span class='ocrx_word' id='word_1_253' title='bbox 205 2201 218 2215; x_wconf 81' lang='lat'><strong>‘</strong></span> <span class='ocrx_word' id='word_1_254' title='bbox 285 2199 497 2252; x_wconf 83' lang='grc' dir='ltr'>πτῶσιν</span> <span class='ocrx_word' id='word_1_255' title='bbox 528 2197 799 2268; x_wconf 87' lang='grc' dir='ltr'>σημαίνει·</span> <span class='ocrx_word' id='word_1_256' title='bbox 822 2196 919 2248; x_wconf 81' lang='grc' dir='ltr'><strong>οὐκ</strong></span> <span class='ocrx_word' id='word_1_257' title='bbox 939 2195 1003 2248; x_wconf 85' lang='grc' dir='ltr'><strong>ἂν</strong></span> <span class='ocrx_word' id='word_1_258' title='bbox 1025 2193 1131 2264; x_wconf 88' lang='grc' dir='ltr'>γὰρ</span> <span class='ocrx_word' id='word_1_259' title='bbox 1160 2192 1280 2244; x_wconf 83' lang='grc' dir='ltr'><strong>ούδέ</strong></span> <span class='ocrx_word' id='word_1_260' title='bbox 1307 2190 1651 2259; x_wconf 79' lang='grc' dir='ltr'>διαναστῆναι</span> <span class='ocrx_word' id='word_1_261' title='bbox 1683 2187 1850 2258; x_wconf 83' lang='grc' dir='ltr'>αὐτὴν</span> 
     </span>
    </p>
   </div>
   <div class='ocr_carea' id='block_1_39' title="bbox 280 2277 1850 2362">
    <p class='ocr_par' dir='ltr' id='par_1_39' title="bbox 280 2277 1850 2362">
     <span class='ocr_line' id='line_1_39' title="bbox 280 2277 1850 2362; baseline -0.008 -20"><span class='ocrx_word' id='word_1_262' title='bbox 280 2287 654 2362; x_wconf 82' lang='grc' dir='ltr'>προετρέπετο</span> <span class='ocrx_word' id='word_1_263' title='bbox 689 2287 778 2338; x_wconf 86' lang='grc' dir='ltr'>ὑπ’</span> <span class='ocrx_word' id='word_1_264' title='bbox 811 2284 969 2339; x_wconf 82' lang='grc' dir='ltr'>ἄλλου</span> <span class='ocrx_word' id='word_1_265' title='bbox 1003 2281 1369 2353; x_wconf 82' lang='grc' dir='ltr'>κατεχομένην</span> <span class='ocrx_word' id='word_1_266' title='bbox 1392 2319 1406 2343; x_wconf 88' lang='grc'><strong>,</strong></span> <span class='ocrx_word' id='word_1_267' title='bbox 1442 2279 1577 2332; x_wconf 83' lang='grc' dir='ltr'>ἀλλὰ</span> <span class='ocrx_word' id='word_1_268' title='bbox 1611 2277 1689 2349; x_wconf 84' lang='grc' dir='ltr'><strong>τῷ</strong></span> <span class='ocrx_word' id='word_1_269' title='bbox 1721 2295 1850 2331; x_wconf 91' lang='grc' dir='ltr'>κατ-</span> 
     </span>
    </p>
   </div>
   <div class='ocr_carea' id='block_1_40' title="bbox 275 2369 1850 2450">
    <p class='ocr_par' dir='ltr' id='par_1_40' title="bbox 275 2369 1850 2450">
     <span class='ocr_line' id='line_1_40' title="bbox 275 2369 1850 2450; baseline -0.008 -17"><span class='ocrx_word' id='word_1_270' title='bbox 275 2381 466 2450; x_wconf 76' lang='grc' dir='ltr'>ἐχοντι</span> <span class='ocrx_word' id='word_1_271' title='bbox 486 2378 737 2449; x_wconf 84' lang='grc' dir='ltr'>ἐπετίμα·</span> <span class='ocrx_word' id='word_1_272' title='bbox 770 2375 882 2430; x_wconf 82' lang='grc' dir='ltr'>ἀλλ’</span> <span class='ocrx_word' id='word_1_273' title='bbox 905 2374 1089 2445; x_wconf 82' lang='grc' dir='ltr'>ἐπειδὴ</span> <span class='ocrx_word' id='word_1_274' title='bbox 1123 2373 1366 2426; x_wconf 88' lang='grc' dir='ltr'>ἐκούσιον</span> <span class='ocrx_word' id='word_1_275' title='bbox 1405 2369 1610 2425; x_wconf 85' lang='grc' dir='ltr'>πτῶσιν</span> <span class='ocrx_word' id='word_1_276' title='bbox 1647 2371 1850 2440; x_wconf 84' lang='grc' dir='ltr'>ὑπομε-</span> 
     </span>
    </p>
   </div>
   <div class='ocr_carea' id='block_1_41' title="bbox 281 2463 1566 2541">
    <p class='ocr_par' dir='ltr' id='par_1_41' title="bbox 281 2463 1566 2541">
     <span class='ocr_line' id='line_1_41' title="bbox 281 2463 1566 2541; baseline -0.008 -17"><span class='ocrx_word' id='word_1_277' title='bbox 281 2471 535 2541; x_wconf 88' lang='grc' dir='ltr'>μενῆκει,</span> <span class='ocrx_word' id='word_1_278' title='bbox 556 2467 900 2538; x_wconf 83' lang='grc' dir='ltr'>διαναστῆναι</span> <span class='ocrx_word' id='word_1_279' title='bbox 930 2465 1095 2537; x_wconf 78' lang='grc' dir='ltr'>αὐτὴν</span> <span class='ocrx_word' id='word_1_280' title='bbox 1124 2463 1566 2534; x_wconf 85' lang='grc' dir='ltr'>παρακελεύεται.</span> 
     </span>
    </p>
   </div>
   <div class='ocr_carea' id='block_1_42' title="bbox 385 2642 1846 2719">
    <p class='ocr_par' dir='ltr' id='par_1_42' title="bbox 385 2642 1846 2719">
     <span class='ocr_line' id='line_1_42' title="bbox 385 2642 1846 2719; baseline -0.006 -17"><span class='ocrx_word' id='word_1_281' title='bbox 385 2651 572 2719; x_wconf 84' lang='grc' dir='ltr'>Ωσπερ</span> <span class='ocrx_word' id='word_1_282' title='bbox 594 2647 713 2702; x_wconf 83' lang='grc' dir='ltr'>τινὰ</span> <span class='ocrx_word' id='word_1_283' title='bbox 751 2645 875 2718; x_wconf 91' lang='grc' dir='ltr'>χοῦν</span> <span class='ocrx_word' id='word_1_284' title='bbox 905 2646 962 2700; x_wconf 85' lang='grc' dir='ltr'>ὃν</span> <span class='ocrx_word' id='word_1_285' title='bbox 991 2644 1235 2708; x_wconf 81' lang='grc' dir='ltr'>συνέλεξο</span> <span class='ocrx_word' id='word_1_286' title='bbox 1278 2644 1383 2698; x_wconf 81' lang='grc' dir='ltr'><strong>ἀπὸ</strong></span> <span class='ocrx_word' id='word_1_287' title='bbox 1413 2645 1505 2696; x_wconf 87' lang='grc' dir='ltr'><strong>τοῦ</strong></span> <span class='ocrx_word' id='word_1_288' title='bbox 1539 2642 1846 2712; x_wconf 82' lang='grc' dir='ltr'>πτώματος,</span> 
     </span>
    </p>
   </div>
   <div class='ocr_carea' id='block_1_43' title="bbox 277 2731 1848 2814">
    <p class='ocr_par' dir='ltr' id='par_1_43' title="bbox 277 2731 1848 2814">
     <span class='ocr_line' id='line_1_43' title="bbox 277 2731 1848 2814; baseline -0.008 -16"><span class='ocrx_word' id='word_1_289' title='bbox 277 2745 525 2798; x_wconf 71' lang='grc' dir='ltr'>ἔκτεινον</span> <span class='ocrx_word' id='word_1_290' title='bbox 548 2743 642 2797; x_wconf 74' lang='grc' dir='ltr'>καὶ</span> <span class='ocrx_word' id='word_1_291' title='bbox 671 2742 990 2814; x_wconf 77' lang='grc' dir='ltr'>ἀπόρριψον·</span> <span class='ocrx_word' id='word_1_292' title='bbox 1018 2740 1111 2794; x_wconf 73' lang='grc' dir='ltr'>καὶ</span> <span class='ocrx_word' id='word_1_293' title='bbox 1136 2741 1260 2803; x_wconf 83' lang='grc' dir='ltr'>τοὺς</span> <span class='ocrx_word' id='word_1_294' title='bbox 1291 2737 1520 2809; x_wconf 80' lang='grc' dir='ltr'>δεσμοὺς</span> <span class='ocrx_word' id='word_1_295' title='bbox 1539 2776 1554 2800; x_wconf 98' lang='grc'><strong>,</strong></span> <span class='ocrx_word' id='word_1_296' title='bbox 1585 2731 1665 2800; x_wconf 75' lang='grc' dir='ltr'>οἷς</span> <span class='ocrx_word' id='word_1_297' title='bbox 1693 2751 1848 2788; x_wconf 82' lang='grc' dir='ltr'>σεαυ-</span> 
     </span>
    </p>
   </div>
   <div class='ocr_carea' id='block_1_44' title="bbox 276 2822 1848 2908">
    <p class='ocr_par' dir='ltr' id='par_1_44' title="bbox 276 2822 1848 2908">
     <span class='ocr_line' id='line_1_44' title="bbox 276 2822 1848 2908; baseline -0.009 -17"><span class='ocrx_word' id='word_1_298' title='bbox 276 2837 381 2908; x_wconf 85' lang='grc' dir='ltr'>τὴν</span> <span class='ocrx_word' id='word_1_299' title='bbox 416 2835 881 2905; x_wconf 84' lang='grc' dir='ltr'>κατεδέσμευσας,</span> <span class='ocrx_word' id='word_1_300' title='bbox 916 2832 1076 2885; x_wconf 85' lang='grc' dir='ltr'>λῦσον</span> <span class='ocrx_word' id='word_1_301' title='bbox 1118 2829 1481 2884; x_wconf 85' lang='grc' dir='ltr'>ἀποσπάσασα</span> <span class='ocrx_word' id='word_1_302' title='bbox 1519 2827 1717 2897; x_wconf 86' lang='grc' dir='ltr'>ἐαυτὴν</span> <span class='ocrx_word' id='word_1_303' title='bbox 1754 2822 1848 2878; x_wconf 83' lang='grc' dir='ltr'><strong>τοῦ</strong></span> 
     </span>
    </p>
   </div>
   <div class='ocr_carea' id='block_1_45' title="bbox 277 2916 1850 2996">
    <p class='ocr_par' dir='ltr' id='par_1_45' title="bbox 277 2916 1850 2996">
     <span class='ocr_line' id='line_1_45' title="bbox 277 2916 1850 2996; baseline -0.006 -15"><span class='ocrx_word' id='word_1_304' title='bbox 277 2927 453 2995; x_wconf 78' lang='grc' dir='ltr'>ζυγοῦ</span> <span class='ocrx_word' id='word_1_305' title='bbox 486 2927 587 2996; x_wconf 90' lang='grc' dir='ltr'><strong>τῆς</strong></span> <span class='ocrx_word' id='word_1_306' title='bbox 621 2925 862 2988; x_wconf 82' lang='grc' dir='ltr'>ἀδικίας,</span> <span class='ocrx_word' id='word_1_307' title='bbox 894 2917 938 2991; x_wconf 81' lang='grc' dir='ltr'><strong>ᾧ</strong></span> <span class='ocrx_word' id='word_1_308' title='bbox 977 2920 1175 2976; x_wconf 82' lang='grc' dir='ltr'>ἑκοῦσα</span> <span class='ocrx_word' id='word_1_309' title='bbox 1212 2921 1303 2975; x_wconf 80' lang='grc' dir='ltr'><strong>τὸν</strong></span> <span class='ocrx_word' id='word_1_310' title='bbox 1343 2920 1543 2990; x_wconf 85' lang='grc' dir='ltr'>σαυτῆς</span> <span class='ocrx_word' id='word_1_311' title='bbox 1582 2916 1850 2989; x_wconf 88' lang='grc' dir='ltr'>τράχηλον</span> 
     </span>
    </p>
   </div>
   <div class='ocr_carea' id='block_1_46' title="bbox 275 3011 1846 3085">
    <p class='ocr_par' dir='ltr' id='par_1_46' title="bbox 275 3011 1846 3085">
     <span class='ocr_line' id='line_1_46' title="bbox 275 3011 1846 3085; baseline -0.004 -14"><span class='ocrx_word' id='word_1_312' title='bbox 275 3016 571 3079; x_wconf 79' lang='grc' dir='ltr'>ὑπέϐαλες·</span> <span class='ocrx_word' id='word_1_313' title='bbox 608 3016 701 3069; x_wconf 72' lang='grc' dir='ltr'><strong>καὶ</strong></span> <span class='ocrx_word' id='word_1_314' title='bbox 733 3017 886 3082; x_wconf 81' lang='grc' dir='ltr'>ἀξίαν</span> <span class='ocrx_word' id='word_1_315' title='bbox 913 3015 1106 3085; x_wconf 76' lang='grc' dir='ltr'>ἑαυτὴν</span> <span class='ocrx_word' id='word_1_316' title='bbox 1143 3013 1425 3084; x_wconf 80' lang='grc' dir='ltr'>ἀπέφηνας</span> <span class='ocrx_word' id='word_1_317' title='bbox 1456 3011 1846 3082; x_wconf 83' lang='grc' dir='ltr'>αἰχμαλωσίας,</span> 
     </span>
    </p>
   </div>
   <div class='ocr_carea' id='block_1_47' title="bbox 273 3101 1917 3187">
    <p class='ocr_par' dir='ltr' id='par_1_47' title="bbox 273 3101 1917 3187">
     <span class='ocr_line' id='line_1_47' title="bbox 273 3101 1917 3187; baseline -0.008 -19"><span class='ocrx_word' id='word_1_318' title='bbox 273 3114 374 3182; x_wconf 77' lang='grc' dir='ltr'>ἀφ’</span> <span class='ocrx_word' id='word_1_319' title='bbox 398 3107 468 3184; x_wconf 83' lang='grc' dir='ltr'><strong>ἦς</strong></span> <span class='ocrx_word' id='word_1_320' title='bbox 489 3101 729 3180; x_wconf 78' lang='grc' dir='ltr'>ρυσθήσῃ</span> <span class='ocrx_word' id='word_1_321' title='bbox 755 3106 1105 3178; x_wconf 87' lang='grc' dir='ltr'>μετανοοῦσα·</span> <span class='ocrx_word' id='word_1_322' title='bbox 1127 3106 1246 3160; x_wconf 82' lang='grc' dir='ltr'>οὐδὲ</span> <span class='ocrx_word' id='word_1_323' title='bbox 1266 3106 1373 3177; x_wconf 87' lang='grc' dir='ltr'>γὰρ</span> <span class='ocrx_word' id='word_1_324' title='bbox 1396 3105 1492 3175; x_wconf 84' lang='grc' dir='ltr'>τὴν</span> <span class='ocrx_word' id='word_1_325' title='bbox 1513 3104 1683 3176; x_wconf 82' lang='grc' dir='ltr'>ἀρχὴν</span> <span class='ocrx_word' id='word_1_326' title='bbox 1709 3119 1848 3174; x_wconf 84' lang='grc' dir='ltr'>παρ·</span> <span class='ocrx_word' id='word_1_327' title='bbox 1870 3123 1917 3187; x_wconf 69' lang='lat' dir='ltr'>c</span> 
     </span>
    </p>
   </div>
   <div class='ocr_carea' id='block_1_48' title="bbox 272 3195 1845 3274">
    <p class='ocr_par' dir='ltr' id='par_1_48' title="bbox 272 3195 1845 3274">
     <span class='ocr_line' id='line_1_48' title="bbox 272 3195 1845 3274; baseline -0.008 -16"><span class='ocrx_word' id='word_1_328' title='bbox 272 3205 473 3274; x_wconf 85' lang='grc' dir='ltr'>εδὸθης</span> <span class='ocrx_word' id='word_1_329' title='bbox 509 3203 599 3254; x_wconf 84' lang='grc' dir='ltr'>ὑπ’</span> <span class='ocrx_word' id='word_1_330' title='bbox 634 3198 766 3270; x_wconf 88' lang='grc' dir='ltr'>ἐμοῦ</span> <span class='ocrx_word' id='word_1_331' title='bbox 808 3199 883 3262; x_wconf 84' lang='grc' dir='ltr'>ὡς</span> <span class='ocrx_word' id='word_1_332' title='bbox 916 3196 1175 3270; x_wconf 88' lang='grc' dir='ltr'>ἀργύριον</span> <span class='ocrx_word' id='word_1_333' title='bbox 1212 3197 1518 3267; x_wconf 75' lang='grc' dir='ltr'>εἰληφότος,</span> <span class='ocrx_word' id='word_1_334' title='bbox 1553 3195 1688 3248; x_wconf 87' lang='grc' dir='ltr'><strong>ἀλλά</strong></span> <span class='ocrx_word' id='word_1_335' title='bbox 1726 3197 1845 3257; x_wconf 88' lang='grc' dir='ltr'>ταῖς</span> 
     </span>
    </p>
   </div>
   <div class='ocr_carea' id='block_1_49' title="bbox 271 3276 1850 3363">
    <p class='ocr_par' dir='ltr' id='par_1_49' title="bbox 271 3276 1850 3363">
     <span class='ocr_line' id='line_1_49' title="bbox 271 3276 1850 3363; baseline -0.008 -15"><span class='ocrx_word' id='word_1_336' title='bbox 271 3294 510 3356; x_wconf 83' lang='grc' dir='ltr'>οἰκείαις</span> <span class='ocrx_word' id='word_1_337' title='bbox 526 3294 721 3362; x_wconf 78' lang='grc' dir='ltr'>ἑαυτῆς</span> <span class='ocrx_word' id='word_1_338' title='bbox 744 3290 1034 3363; x_wconf 78' lang='grc' dir='ltr'>ἁμαρτίαις</span> <span class='ocrx_word' id='word_1_339' title='bbox 1053 3289 1314 3362; x_wconf 86' lang='grc' dir='ltr'>ἐπράθης·</span> <span class='ocrx_word' id='word_1_340' title='bbox 1340 3288 1480 3359; x_wconf 79' lang='grc' dir='ltr'>άπερ</span> <span class='ocrx_word' id='word_1_341' title='bbox 1510 3276 1850 3356; x_wconf 77' lang='grc' dir='ltr'>συγχωρήσω</span> 
     </span>
    </p>
   </div>
   <div class='ocr_carea' id='block_1_50' title="bbox 273 3375 1840 3455">
    <p class='ocr_par' dir='ltr' id='par_1_50' title="bbox 273 3375 1840 3455">
     <span class='ocr_line' id='line_1_50' title="bbox 273 3375 1840 3455; baseline -0.008 -15"><span class='ocrx_word' id='word_1_342' title='bbox 273 3404 358 3440; x_wconf 84' lang='grc' dir='ltr'><strong>σοι</strong></span> <span class='ocrx_word' id='word_1_343' title='bbox 392 3383 747 3455; x_wconf 77' lang='grc' dir='ltr'>μετανοούσῃ,</span> <span class='ocrx_word' id='word_1_344' title='bbox 781 3383 875 3436; x_wconf 76' lang='grc' dir='ltr'><strong>καὶ</strong></span> <span class='ocrx_word' id='word_1_345' title='bbox 897 3381 1298 3449; x_wconf 88' lang='grc' dir='ltr'>ἀνακαλέσομαι</span> <span class='ocrx_word' id='word_1_346' title='bbox 1327 3379 1422 3449; x_wconf 91' lang='grc' dir='ltr'><strong>τῆς</strong></span> <span class='ocrx_word' id='word_1_347' title='bbox 1454 3375 1840 3448; x_wconf 78' lang='grc' dir='ltr'>αἰχμαλωσίας.</span> 
     </span>
    </p>
   </div>
   <div class='ocr_carea' id='block_1_51' title="bbox 350 3467 1846 3545">
    <p class='ocr_par' dir='ltr' id='par_1_51' title="bbox 350 3467 1846 3545">
     <span class='ocr_line' id='line_1_51' title="bbox 350 3467 1846 3545; baseline -0.005 -17"><span class='ocrx_word' id='word_1_348' title='bbox 350 3477 428 3530; x_wconf 87' lang='grc' dir='ltr'>Τὸ</span> <span class='ocrx_word' id='word_1_349' title='bbox 460 3475 517 3527; x_wconf 88' lang='grc' dir='ltr'><strong>δέ</strong></span> <span class='ocrx_word' id='word_1_350' title='bbox 538 3476 618 3538; x_wconf 88' lang='grc' dir='ltr'><strong>εἰς</strong></span> <span class='ocrx_word' id='word_1_351' title='bbox 644 3472 956 3545; x_wconf 86' lang='grc' dir='ltr'>Ἀσσυρίους</span> <span class='ocrx_word' id='word_1_352' title='bbox 979 3473 1207 3535; x_wconf 81' lang='grc' dir='ltr'>ἄκοντας</span> <span class='ocrx_word' id='word_1_353' title='bbox 1234 3469 1543 3540; x_wconf 81' lang='grc' dir='ltr'>ἀπαχθῆναι</span> <span class='ocrx_word' id='word_1_354' title='bbox 1570 3467 1706 3539; x_wconf 81' lang='grc' dir='ltr'>ἐμὴν</span> <span class='ocrx_word' id='word_1_355' title='bbox 1733 3467 1846 3537; x_wconf 82' lang='grc' dir='ltr'>ἔχει</span> 
     </span>
    </p>
   </div>
   <div class='ocr_carea' id='block_1_52' title="bbox 268 3561 1845 3640">
    <p class='ocr_par' dir='ltr' id='par_1_52' title="bbox 268 3561 1845 3640">
     <span class='ocr_line' id='line_1_52' title="bbox 268 3561 1845 3640; baseline -0.006 -17"><span class='ocrx_word' id='word_1_356' title='bbox 268 3568 648 3640; x_wconf 85' lang='grc' dir='ltr'>συγχώρησιν,</span> <span class='ocrx_word' id='word_1_357' title='bbox 687 3569 864 3620; x_wconf 87' lang='grc' dir='ltr'>αἰτίαν</span> <span class='ocrx_word' id='word_1_358' title='bbox 907 3567 964 3620; x_wconf 89' lang='grc' dir='ltr'><strong>δέ</strong></span> <span class='ocrx_word' id='word_1_359' title='bbox 1007 3566 1292 3637; x_wconf 85' lang='grc' dir='ltr'>ὑμετέραν·</span> <span class='ocrx_word' id='word_1_360' title='bbox 1339 3566 1437 3618; x_wconf 87' lang='grc' dir='ltr'><strong>οὐκ</strong></span> <span class='ocrx_word' id='word_1_361' title='bbox 1479 3564 1544 3618; x_wconf 85' lang='grc' dir='ltr'>ἂν</span> <span class='ocrx_word' id='word_1_362' title='bbox 1581 3564 1688 3634; x_wconf 83' lang='grc' dir='ltr'><strong>γὰρ</strong></span> <span class='ocrx_word' id='word_1_363' title='bbox 1727 3561 1845 3614; x_wconf 86' lang='grc' dir='ltr'><strong>ούδέ</strong></span> 
     </span>
    </p>
   </div>
   <div class='ocr_carea' id='block_1_53' title="bbox 263 3655 1847 3730">
    <p class='ocr_par' dir='ltr' id='par_1_53' title="bbox 263 3655 1847 3730">
     <span class='ocr_line' id='line_1_53' title="bbox 263 3655 1847 3730; baseline -0.007 -14"><span class='ocrx_word' id='word_1_364' title='bbox 263 3663 492 3724; x_wconf 75' lang='grc' dir='ltr'>τούτοις</span> <span class='ocrx_word' id='word_1_365' title='bbox 519 3660 826 3730; x_wconf 85' lang='grc' dir='ltr'>παρέδωκα,</span> <span class='ocrx_word' id='word_1_366' title='bbox 860 3657 934 3728; x_wconf 83' lang='grc' dir='ltr'>μὴ</span> <span class='ocrx_word' id='word_1_367' title='bbox 960 3657 1068 3710; x_wconf 89' lang='grc' dir='ltr'><strong>τῶν</strong></span> <span class='ocrx_word' id='word_1_368' title='bbox 1101 3657 1508 3728; x_wconf 83' lang='grc' dir='ltr'>ἁμαρτημάτων</span> <span class='ocrx_word' id='word_1_369' title='bbox 1531 3655 1680 3725; x_wconf 86' lang='grc' dir='ltr'>ὑμῶν</span> <span class='ocrx_word' id='word_1_370' title='bbox 1714 3671 1847 3726; x_wconf 89' lang='grc' dir='ltr'>προ-</span> 
     </span>
    </p>
   </div>
   <div class='ocr_carea' id='block_1_54' title="bbox 260 3745 1845 3820">
    <p class='ocr_par' dir='ltr' id='par_1_54' title="bbox 260 3745 1845 3820">
     <span class='ocr_line' id='line_1_54' title="bbox 260 3745 1845 3820; baseline -0.007 -11"><span class='ocrx_word' id='word_1_371' title='bbox 260 3751 587 3809; x_wconf 85' lang='grc' dir='ltr'>δεδωκότων</span> <span class='ocrx_word' id='word_1_372' title='bbox 610 3751 774 3820; x_wconf 77' lang='grc' dir='ltr'>ύμᾶς·</span> <span class='ocrx_word' id='word_1_373' title='bbox 809 3751 890 3802; x_wconf 83' lang='grc' dir='ltr'><strong>ὅτι</strong></span> <span class='ocrx_word' id='word_1_374' title='bbox 914 3749 971 3801; x_wconf 85' lang='grc' dir='ltr'><strong>δέ</strong></span> <span class='ocrx_word' id='word_1_375' title='bbox 994 3749 1148 3817; x_wconf 79' lang='grc' dir='ltr'>ῥᾳδία</span> <span class='ocrx_word' id='word_1_376' title='bbox 1172 3747 1322 3799; x_wconf 82' lang='grc' dir='ltr'>ἐσται</span> <span class='ocrx_word' id='word_1_377' title='bbox 1346 3747 1438 3800; x_wconf 73' lang='grc' dir='ltr'><strong>καὶ</strong></span> <span class='ocrx_word' id='word_1_378' title='bbox 1459 3748 1490 3804; x_wconf 88' lang='grc' dir='ltr'>ή</span> <span class='ocrx_word' id='word_1_379' title='bbox 1515 3746 1622 3799; x_wconf 84' lang='grc' dir='ltr'><strong>ἀπὸ</strong></span> <span class='ocrx_word' id='word_1_380' title='bbox 1643 3745 1845 3800; x_wconf 89' lang='grc' dir='ltr'>τούτων</span> 
     </span>
    </p>
   </div>
   <div class='ocr_carea' id='block_1_55' title="bbox 260 3838 1392 3912">
    <p class='ocr_par' dir='ltr' id='par_1_55' title="bbox 260 3838 1392 3912">
     <span class='ocr_line' id='line_1_55' title="bbox 260 3838 1392 3912; baseline -0.007 -10"><span class='ocrx_word' id='word_1_381' title='bbox 260 3841 592 3912; x_wconf 79' lang='grc' dir='ltr'>ἀπαλλαγὴ,</span> <span class='ocrx_word' id='word_1_382' title='bbox 621 3838 891 3909; x_wconf 88' lang='grc' dir='ltr'>γνώσεσθε</span> <span class='ocrx_word' id='word_1_383' title='bbox 921 3839 1392 3909; x_wconf 84' lang='grc' dir='ltr'>μετανενοηκότες.</span> 
     </span>
    </p>
   </div>
   <div class='ocr_carea' id='block_1_56' title="bbox 345 4012 1844 4087">
    <p class='ocr_par' dir='ltr' id='par_1_56' title="bbox 345 4012 1844 4087">
     <span class='ocr_line' id='line_1_56' title="bbox 345 4012 1844 4087; baseline -0.003 -16"><span class='ocrx_word' id='word_1_384' title='bbox 345 4020 422 4072; x_wconf 87' lang='grc' dir='ltr'><strong>Ἦ</strong></span> <span class='ocrx_word' id='word_1_385' title='bbox 449 4016 561 4087; x_wconf 83' lang='grc' dir='ltr'>γὰρ</span> <span class='ocrx_word' id='word_1_386' title='bbox 595 4015 714 4084; x_wconf 77' lang='grc' dir='ltr'>οὐχὶ</span> <span class='ocrx_word' id='word_1_387' title='bbox 737 4015 831 4068; x_wconf 78' lang='grc' dir='ltr'>καὶ</span> <span class='ocrx_word' id='word_1_388' title='bbox 857 4016 1131 4085; x_wconf 74' lang='grc' dir='ltr'>Ῥαψάκης</span> <span class='ocrx_word' id='word_1_389' title='bbox 1165 4013 1491 4085; x_wconf 87' lang='grc' dir='ltr'>ἀτονώτερόν</span> <span class='ocrx_word' id='word_1_390' title='bbox 1523 4033 1588 4086; x_wconf 85' lang='grc' dir='ltr'>με</span> <span class='ocrx_word' id='word_1_391' title='bbox 1619 4013 1728 4068; x_wconf 90' lang='grc' dir='ltr'><strong>τῶν</strong></span> <span class='ocrx_word' id='word_1_392' title='bbox 1760 4012 1844 4069; x_wconf 87' lang='grc' dir='ltr'><strong>λε-</strong></span> 
     </span>
    </p>
   </div>
   <div class='ocr_carea' id='block_1_57' title="bbox 256 4099 1844 4182">
    <p class='ocr_par' dir='ltr' id='par_1_57' title="bbox 256 4099 1844 4182">
     <span class='ocr_line' id='line_1_57' title="bbox 256 4099 1844 4182; baseline -0.004 -20"><span class='ocrx_word' id='word_1_393' title='bbox 256 4109 530 4182; x_wconf 84' lang='grc' dir='ltr'>γομένων</span> <span class='ocrx_word' id='word_1_394' title='bbox 555 4105 683 4178; x_wconf 83' lang='grc' dir='ltr'>παρ’</span> <span class='ocrx_word' id='word_1_395' title='bbox 710 4105 890 4166; x_wconf 85' lang='grc' dir='ltr'>αὐτοῖς</span> <span class='ocrx_word' id='word_1_396' title='bbox 918 4103 1052 4158; x_wconf 85' lang='grc' dir='ltr'>θεῶν</span> <span class='ocrx_word' id='word_1_397' title='bbox 1089 4099 1226 4158; x_wconf 82' lang='grc' dir='ltr'>εἶναι</span> <span class='ocrx_word' id='word_1_398' title='bbox 1258 4103 1505 4174; x_wconf 87' lang='grc' dir='ltr'>νενόμικε</span> <span class='ocrx_word' id='word_1_399' title='bbox 1536 4103 1726 4172; x_wconf 80' lang='grc' dir='ltr'>λέγων·</span> <span class='ocrx_word' id='word_1_400' title='bbox 1753 4103 1844 4176; x_wconf 82' lang='grc' dir='ltr'><strong>Μὴ</strong></span> 
     </span>
    </p>
   </div>
   <div class='ocr_carea' id='block_1_58' title="bbox 260 4193 1844 4273">
    <p class='ocr_par' dir='ltr' id='par_1_58' title="bbox 260 4193 1844 4273">
     <span class='ocr_line' id='line_1_58' title="bbox 260 4193 1844 4273; baseline -0.007 -16"><span class='ocrx_word' id='word_1_401' title='bbox 260 4203 422 4273; x_wconf 76' lang='grc' dir='ltr'>ὑμᾶς</span> <span class='ocrx_word' id='word_1_402' title='bbox 458 4198 718 4254; x_wconf 86' lang='grc' dir='ltr'>ἀπατάτω</span> <span class='ocrx_word' id='word_1_403' title='bbox 746 4195 1010 4258; x_wconf 83' lang='grc' dir='ltr'>Ἐζεκίας·</span> <span class='ocrx_word' id='word_1_404' title='bbox 1052 4213 1070 4246; x_wconf 74' lang='grc' dir='ltr'><strong>ι</strong></span> <span class='ocrx_word' id='word_1_405' title='bbox 1103 4193 1193 4266; x_wconf 85' lang='grc' dir='ltr'><strong>Μὴ</strong></span> <span class='ocrx_word' id='word_1_406' title='bbox 1225 4196 1254 4248; x_wconf 85' lang='grc' dir='ltr'>ὁ</span> <span class='ocrx_word' id='word_1_407' title='bbox 1284 4193 1416 4256; x_wconf 87' lang='grc' dir='ltr'>Θεὸς</span> <span class='ocrx_word' id='word_1_408' title='bbox 1437 4193 1589 4264; x_wconf 82' lang='grc' dir='ltr'>ὑμῶν</span> <span class='ocrx_word' id='word_1_409' title='bbox 1623 4193 1844 4267; x_wconf 77' lang='grc' dir='ltr'>ῥύσεται</span> 
     </span>
    </p>
   </div>
   <div class='ocr_carea' id='block_1_59' title="bbox 263 4284 1843 4364">
    <p class='ocr_par' dir='ltr' id='par_1_59' title="bbox 263 4284 1843 4364">
     <span class='ocr_line' id='line_1_59' title="bbox 263 4284 1843 4364; baseline -0.004 -21"><span class='ocrx_word' id='word_1_410' title='bbox 263 4295 462 4364; x_wconf 53' lang='grc' dir='ltr'>ὑμᾶς</span> <span class='ocrx_word' id='word_1_411' title='bbox 499 4288 572 4360; x_wconf 84' lang='grc' dir='ltr'><strong>μή</strong></span> <span class='ocrx_word' id='word_1_412' title='bbox 603 4287 898 4360; x_wconf 76' lang='grc' dir='ltr'>ἐρρύσαντο</span> <span class='ocrx_word' id='word_1_413' title='bbox 925 4288 973 4339; x_wconf 87' lang='grc' dir='ltr'><strong>οἰ</strong></span> <span class='ocrx_word' id='word_1_414' title='bbox 1003 4284 1113 4338; x_wconf 77' lang='grc' dir='ltr'>θεοὶ</span> <span class='ocrx_word' id='word_1_415' title='bbox 1144 4285 1251 4338; x_wconf 88' lang='grc' dir='ltr'><strong>τῶν</strong></span> <span class='ocrx_word' id='word_1_416' title='bbox 1285 4284 1454 4339; x_wconf 84' lang='grc' dir='ltr'>ἐθνῶν</span> <span class='ocrx_word' id='word_1_417' title='bbox 1491 4285 1718 4348; x_wconf 75' lang='grc' dir='ltr'>ἕκαστος</span> <span class='ocrx_word' id='word_1_418' title='bbox 1749 4285 1843 4356; x_wconf 87' lang='grc' dir='ltr'><strong>τὴν</strong></span> 
     </span>
    </p>
   </div>
   <div class='ocr_carea' id='block_1_60' title="bbox 262 4378 1844 4453">
    <p class='ocr_par' dir='ltr' id='par_1_60' title="bbox 262 4378 1844 4453">
     <span class='ocr_line' id='line_1_60' title="bbox 262 4378 1844 4453; baseline -0.006 -13"><span class='ocrx_word' id='word_1_419' title='bbox 262 4382 478 4440; x_wconf 80' lang='grc' dir='ltr'>ἑαυτοῦ</span> <span class='ocrx_word' id='word_1_420' title='bbox 530 4380 746 4453; x_wconf 89' lang='grc' dir='ltr'>χώραν;</span> <span class='ocrx_word' id='word_1_421' title='bbox 797 4399 817 4433; x_wconf 71' lang='grc' dir='ltr'><strong>ι</strong></span> <span class='ocrx_word' id='word_1_422' title='bbox 861 4379 1074 4449; x_wconf 90' lang='grc' dir='ltr'>Ταύτης</span> <span class='ocrx_word' id='word_1_423' title='bbox 1119 4378 1298 4432; x_wconf 90' lang='grc' dir='ltr'>τοίνυν</span> <span class='ocrx_word' id='word_1_424' title='bbox 1347 4378 1447 4448; x_wconf 88' lang='grc' dir='ltr'><strong>τῆς</strong></span> <span class='ocrx_word' id='word_1_425' title='bbox 1501 4379 1844 4449; x_wconf 89' lang='grc' dir='ltr'>βλασφημίας</span> 
     </span>
    </p>
   </div>
   <div class='ocr_carea' id='block_1_61' title="bbox 1951 1909 2876 1979">
    <p class='ocr_par' dir='ltr' id='par_1_61' title="bbox 1951 1909 2876 1979">
     <span class='ocr_line' id='line_1_61' title="bbox 1951 1909 2876 1979; baseline 0.001 -17"><span class='ocrx_word' id='word_1_426' title='bbox 1951 1909 2322 1964; x_wconf 83' lang='lat' dir='ltr'><strong>liberationem</strong></span> <span class='ocrx_word' id='word_1_427' title='bbox 2354 1910 2421 1964; x_wconf 91' lang='lat' dir='ltr'><strong>ab</strong></span> <span class='ocrx_word' id='word_1_428' title='bbox 2449 1910 2528 1965; x_wconf 91' lang='lat' dir='ltr'><strong>eis</strong></span> <span class='ocrx_word' id='word_1_429' title='bbox 2549 1909 2876 1979; x_wconf 90' lang='lat' dir='ltr'><strong>depreceris.</strong></span> 
     </span>
    </p>
   </div>
   <div class='ocr_carea' id='block_1_62' title="bbox 2027 2081 3490 2149">
    <p class='ocr_par' dir='ltr' id='par_1_62' title="bbox 2027 2081 3490 2149">
     <span class='ocr_line' id='line_1_62' title="bbox 2027 2081 3490 2149; baseline 0.002 -12"><span class='ocrx_word' id='word_1_430' title='bbox 2027 2081 2156 2137; x_wconf 73' lang='lat' dir='ltr'><strong>CAP.</strong></span> <span class='ocrx_word' id='word_1_431' title='bbox 2189 2081 2295 2148; x_wconf 88' lang='lat' dir='ltr'><strong>Lll,</strong></span> <span class='ocrx_word' id='word_1_432' title='bbox 2332 2081 2496 2138; x_wconf 83' lang='lat' dir='ltr'><strong>Vens.</strong></span> <span class='ocrx_word' id='word_1_433' title='bbox 2517 2083 2567 2138; x_wconf 83' lang='lat' dir='ltr'><strong>I.</strong></span> <span class='ocrx_word' id='word_1_434' title='bbox 2594 2082 2805 2139; x_wconf 84' lang='lat' dir='ltr'><strong>Rursus</strong></span> <span class='ocrx_word' id='word_1_435' title='bbox 2829 2084 3089 2149; x_wconf 88' lang='lat' dir='ltr'><strong>declarat,</strong></span> <span class='ocrx_word' id='word_1_436' title='bbox 3125 2084 3252 2140; x_wconf 93' lang='lat' dir='ltr'><strong>dum</strong></span> <span class='ocrx_word' id='word_1_437' title='bbox 3291 2101 3388 2142; x_wconf 91' lang='lat' dir='ltr'><strong>eos</strong></span> <span class='ocrx_word' id='word_1_438' title='bbox 3421 2102 3490 2142; x_wconf 73' lang='lat' dir='ltr'><strong>ex</strong></span> 
     </span>
    </p>
   </div>
   <div class='ocr_carea' id='block_1_63' title="bbox 1949 2171 3498 2246">
    <p class='ocr_par' dir='ltr' id='par_1_63' title="bbox 1949 2171 3498 2246">
     <span class='ocr_line' id='line_1_63' title="bbox 1949 2171 3498 2246; baseline 0.006 -21"><span class='ocrx_word' id='word_1_439' title='bbox 1949 2171 2218 2236; x_wconf 86' lang='lat' dir='ltr'><strong>hortatur,</strong></span> <span class='ocrx_word' id='word_1_440' title='bbox 2248 2172 2476 2228; x_wconf 87' lang='lat' dir='ltr'><strong>libenter</strong></span> <span class='ocrx_word' id='word_1_441' title='bbox 2501 2173 2650 2243; x_wconf 91' lang='lat' dir='ltr'><strong>ipsos</strong></span> <span class='ocrx_word' id='word_1_442' title='bbox 2669 2173 2722 2226; x_wconf 94' lang='lat' dir='ltr'><strong>in</strong></span> <span class='ocrx_word' id='word_1_443' title='bbox 2740 2174 3070 2228; x_wconf 89' lang='lat' dir='ltr'><strong>calamitates</strong></span> <span class='ocrx_word' id='word_1_444' title='bbox 3089 2190 3207 2230; x_wconf 89' lang='lat' dir='ltr'><strong>esse</strong></span> <span class='ocrx_word' id='word_1_445' title='bbox 3227 2175 3498 2246; x_wconf 85' lang='lat' dir='ltr'><strong>delapsos.</strong></span> 
     </span>
    </p>
   </div>
   <div class='ocr_carea' id='block_1_64' title="bbox 1950 2261 3502 2334">
    <p class='ocr_par' dir='ltr' id='par_1_64' title="bbox 1950 2261 3502 2334">
     <span class='ocr_line' id='line_1_64' title="bbox 1950 2261 3502 2334; baseline 0.005 -18"><span class='ocrx_word' id='word_1_446' title='bbox 1950 2261 2104 2328; x_wconf 86' lang='lat' dir='ltr'><strong>Quod</strong></span> <span class='ocrx_word' id='word_1_447' title='bbox 2133 2263 2179 2317; x_wconf 92' lang='lat' dir='ltr'><strong>si</strong></span> <span class='ocrx_word' id='word_1_448' title='bbox 2211 2263 2352 2318; x_wconf 87' lang='lat' dir='ltr'><strong>enim</strong></span> <span class='ocrx_word' id='word_1_449' title='bbox 2377 2263 2445 2317; x_wconf 89' lang='lat' dir='ltr'><strong>ab</strong></span> <span class='ocrx_word' id='word_1_450' title='bbox 2466 2264 2572 2318; x_wconf 92' lang='lat' dir='ltr'><strong>alio</strong></span> <span class='ocrx_word' id='word_1_451' title='bbox 2586 2263 2777 2334; x_wconf 92' lang='lat' dir='ltr'><strong>quovis</strong></span> <span class='ocrx_word' id='word_1_452' title='bbox 2803 2265 3253 2334; x_wconf 85' lang='lat' dir='ltr'><strong>opprimerentur,</strong></span> <span class='ocrx_word' id='word_1_453' title='bbox 3271 2282 3378 2321; x_wconf 86' lang='lat' dir='ltr'><strong>non</strong></span> <span class='ocrx_word' id='word_1_454' title='bbox 3407 2283 3502 2323; x_wconf 88' lang='lat' dir='ltr'><strong>eos</strong></span> 
     </span>
    </p>
   </div>
   <div class='ocr_carea' id='block_1_65' title="bbox 1949 2355 3498 2428">
    <p class='ocr_par' dir='ltr' id='par_1_65' title="bbox 1949 2355 3498 2428">
     <span class='ocr_line' id='line_1_65' title="bbox 1949 2355 3498 2428; baseline 0.003 -20"><span class='ocrx_word' id='word_1_455' title='bbox 1949 2369 2242 2425; x_wconf 83' lang='lat' dir='ltr'><strong>exsurgere</strong></span> <span class='ocrx_word' id='word_1_456' title='bbox 2309 2355 2560 2424; x_wconf 87' lang='lat' dir='ltr'><strong>juberet,</strong></span> <span class='ocrx_word' id='word_1_457' title='bbox 2620 2355 2716 2410; x_wconf 81' lang='lat' dir='ltr'><strong>sed</strong></span> <span class='ocrx_word' id='word_1_458' title='bbox 2771 2363 3020 2425; x_wconf 81' lang='lat' dir='ltr'><strong>argueret</strong></span> <span class='ocrx_word' id='word_1_459' title='bbox 3073 2358 3498 2428; x_wconf 86' lang='lat' dir='ltr'><strong>opprimentem;</strong></span> 
     </span>
    </p>
   </div>
   <div class='ocr_carea' id='block_1_66' title="bbox 1951 2448 3499 2521">
    <p class='ocr_par' dir='ltr' id='par_1_66' title="bbox 1951 2448 3499 2521">
     <span class='ocr_line' id='line_1_66' title="bbox 1951 2448 3499 2521; baseline 0.004 -21"><span class='ocrx_word' id='word_1_460' title='bbox 1951 2461 2096 2501; x_wconf 92' lang='lat' dir='ltr'><strong>nunc</strong></span> <span class='ocrx_word' id='word_1_461' title='bbox 2122 2462 2250 2501; x_wconf 90' lang='lat' dir='ltr'><strong>vero</strong></span> <span class='ocrx_word' id='word_1_462' title='bbox 2284 2462 2407 2501; x_wconf 92' lang='lat' dir='ltr'><strong>cum</strong></span> <span class='ocrx_word' id='word_1_463' title='bbox 2440 2448 2719 2503; x_wconf 81' lang='lat' dir='ltr'><strong>voluntate</strong></span> <span class='ocrx_word' id='word_1_464' title='bbox 2745 2463 2842 2504; x_wconf 88' lang='lat' dir='ltr'><strong>sua</strong></span> <span class='ocrx_word' id='word_1_465' title='bbox 2867 2448 2922 2502; x_wconf 91' lang='lat' dir='ltr'><strong>in</strong></span> <span class='ocrx_word' id='word_1_466' title='bbox 2957 2449 3114 2504; x_wconf 90' lang='lat' dir='ltr'><strong>malis</strong></span> <span class='ocrx_word' id='word_1_467' title='bbox 3141 2450 3499 2521; x_wconf 85' lang='lat' dir='ltr'><strong>detineantur,</strong></span> 
     </span>
    </p>
   </div>
   <div class='ocr_carea' id='block_1_67' title="bbox 1951 2543 2740 2612">
    <p class='ocr_par' dir='ltr' id='par_1_67' title="bbox 1951 2543 2740 2612">
     <span class='ocr_line' id='line_1_67' title="bbox 1951 2543 2740 2612; baseline 0.004 -18"><span class='ocrx_word' id='word_1_468' title='bbox 1951 2547 2009 2594; x_wconf 91' lang='lat' dir='ltr'><strong>ut</strong></span> <span class='ocrx_word' id='word_1_469' title='bbox 2049 2551 2344 2611; x_wconf 77' lang='lat' dir='ltr'><strong>exsurgant</strong></span> <span class='ocrx_word' id='word_1_470' title='bbox 2377 2551 2501 2612; x_wconf 92' lang='lat' dir='ltr'><strong>apte</strong></span> <span class='ocrx_word' id='word_1_471' title='bbox 2532 2543 2740 2597; x_wconf 89' lang='lat' dir='ltr'><strong>suadet.</strong></span> 
     </span>
    </p>
   </div>
   <div class='ocr_carea' id='block_1_68' title="bbox 2023 2631 3505 2709">
    <p class='ocr_par' dir='ltr' id='par_1_68' title="bbox 2023 2631 3505 2709">
     <span class='ocr_line' id='line_1_68' title="bbox 2023 2631 3505 2709; baseline 0.005 -23"><span class='ocrx_word' id='word_1_472' title='bbox 2023 2631 2188 2688; x_wconf 87' lang='lat' dir='ltr'><strong>Vens.</strong></span> <span class='ocrx_word' id='word_1_473' title='bbox 2220 2633 2274 2688; x_wconf 75' lang='grc'><strong>2.</strong></span> <span class='ocrx_word' id='word_1_474' title='bbox 2312 2633 2592 2688; x_wconf 88' lang='lat' dir='ltr'><strong>Pulverem</strong></span> <span class='ocrx_word' id='word_1_475' title='bbox 2626 2643 2839 2700; x_wconf 81' lang='lat' dir='ltr'><strong>excute,</strong></span> <span class='ocrx_word' id='word_1_476' title='bbox 2866 2645 2919 2691; x_wconf 90' lang='lat' dir='ltr'><strong>et</strong></span> <span class='ocrx_word' id='word_1_477' title='bbox 2953 2636 3126 2706; x_wconf 82' lang='lat' dir='ltr'><strong>abjice</strong></span> <span class='ocrx_word' id='word_1_478' title='bbox 3147 2677 3162 2702; x_wconf 96' lang='lat'><strong>,</strong></span> <span class='ocrx_word' id='word_1_479' title='bbox 3209 2655 3365 2709; x_wconf 89' lang='lat' dir='ltr'><strong>quem</strong></span> <span class='ocrx_word' id='word_1_480' title='bbox 3414 2655 3505 2694; x_wconf 84' lang='lat' dir='ltr'><strong>ca-</strong></span> 
     </span>
    </p>
   </div>
   <div class='ocr_carea' id='block_1_69' title="bbox 1950 2723 3502 2798">
    <p class='ocr_par' dir='ltr' id='par_1_69' title="bbox 1950 2723 3502 2798">
     <span class='ocr_line' id='line_1_69' title="bbox 1950 2723 3502 2798; baseline 0.005 -20"><span class='ocrx_word' id='word_1_481' title='bbox 1950 2723 2084 2778; x_wconf 88' lang='lat' dir='ltr'><strong>dens</strong></span> <span class='ocrx_word' id='word_1_482' title='bbox 2131 2724 2427 2794; x_wconf 88' lang='lat' dir='ltr'><strong>collegisti;</strong></span> <span class='ocrx_word' id='word_1_483' title='bbox 2477 2735 2528 2780; x_wconf 90' lang='lat' dir='ltr'><strong>et</strong></span> <span class='ocrx_word' id='word_1_484' title='bbox 2579 2725 2778 2796; x_wconf 90' lang='lat' dir='ltr'><strong>quibus</strong></span> <span class='ocrx_word' id='word_1_485' title='bbox 2849 2729 3129 2798; x_wconf 88' lang='lat' dir='ltr'><strong>temetipse</strong></span> <span class='ocrx_word' id='word_1_486' title='bbox 3170 2729 3502 2797; x_wconf 80' lang='lat' dir='ltr'><strong>devinxisti,</strong></span> 
     </span>
    </p>
   </div>
   <div class='ocr_carea' id='block_1_70' title="bbox 1951 2815 3504 2889">
    <p class='ocr_par' dir='ltr' id='par_1_70' title="bbox 1951 2815 3504 2889">
     <span class='ocr_line' id='line_1_70' title="bbox 1951 2815 3504 2889; baseline 0.005 -18"><span class='ocrx_word' id='word_1_487' title='bbox 1951 2815 2099 2871; x_wconf 89' lang='lat' dir='ltr'><strong>solve</strong></span> <span class='ocrx_word' id='word_1_488' title='bbox 2125 2815 2373 2882; x_wconf 90' lang='lat' dir='ltr'><strong>vincula,</strong></span> <span class='ocrx_word' id='word_1_489' title='bbox 2414 2825 2575 2872; x_wconf 82' lang='lat' dir='ltr'><strong>exuto</strong></span> <span class='ocrx_word' id='word_1_490' title='bbox 2618 2819 2751 2889; x_wconf 84' lang='lat' dir='ltr'><strong>jugo</strong></span> <span class='ocrx_word' id='word_1_491' title='bbox 2778 2819 2866 2872; x_wconf 90' lang='lat' dir='ltr'><strong>cui</strong></span> <span class='ocrx_word' id='word_1_492' title='bbox 2912 2820 3114 2874; x_wconf 90' lang='lat' dir='ltr'><strong>collum</strong></span> <span class='ocrx_word' id='word_1_493' title='bbox 3143 2828 3296 2876; x_wconf 89' lang='lat' dir='ltr'><strong>tuum</strong></span> <span class='ocrx_word' id='word_1_494' title='bbox 3330 2823 3504 2877; x_wconf 54' lang='lat' dir='ltr'><strong>liben.</strong></span> 
     </span>
    </p>
   </div>
   <div class='ocr_carea' id='block_1_71' title="bbox 1949 2907 3504 2984">
    <p class='ocr_par' dir='ltr' id='par_1_71' title="bbox 1949 2907 3504 2984">
     <span class='ocr_line' id='line_1_71' title="bbox 1949 2907 3504 2984; baseline 0.005 -22"><span class='ocrx_word' id='word_1_495' title='bbox 1949 2915 2033 2962; x_wconf 91' lang='lat' dir='ltr'><strong>ter</strong></span> <span class='ocrx_word' id='word_1_496' title='bbox 2058 2907 2405 2978; x_wconf 85' lang='lat' dir='ltr'><strong>subjeceras;</strong></span> <span class='ocrx_word' id='word_1_497' title='bbox 2433 2909 2506 2961; x_wconf 90' lang='lat' dir='ltr'><strong>ita</strong></span> <span class='ocrx_word' id='word_1_498' title='bbox 2534 2923 2692 2979; x_wconf 90' lang='lat' dir='ltr'><strong>quam</strong></span> <span class='ocrx_word' id='word_1_499' title='bbox 2720 2910 2819 2964; x_wconf 91' lang='lat' dir='ltr'><strong>tibi</strong></span> <span class='ocrx_word' id='word_1_500' title='bbox 2866 2926 3244 2980; x_wconf 87' lang='lat' dir='ltr'><strong>promcrueras</strong></span> <span class='ocrx_word' id='word_1_501' title='bbox 3277 2914 3504 2984; x_wconf 81' lang='lat' dir='ltr'><strong>captivi-</strong></span> 
     </span>
    </p>
   </div>
   <div class='ocr_carea' id='block_1_72' title="bbox 1951 3002 3507 3072">
    <p class='ocr_par' dir='ltr' id='par_1_72' title="bbox 1951 3002 3507 3072">
     <span class='ocr_line' id='line_1_72' title="bbox 1951 3002 3507 3072; baseline 0.004 -17"><span class='ocrx_word' id='word_1_502' title='bbox 1951 3009 2116 3056; x_wconf 89' lang='lat' dir='ltr'><strong>tatem</strong></span> <span class='ocrx_word' id='word_1_503' title='bbox 2138 3016 2234 3071; x_wconf 90' lang='lat' dir='ltr'><strong>per</strong></span> <span class='ocrx_word' id='word_1_504' title='bbox 2264 3002 2630 3072; x_wconf 75' lang='lat' dir='ltr'><strong>ptenitentiam</strong></span> <span class='ocrx_word' id='word_1_505' title='bbox 2661 3003 2860 3058; x_wconf 89' lang='lat' dir='ltr'><strong>solves.</strong></span> <span class='ocrx_word' id='word_1_506' title='bbox 2893 3002 3010 3057; x_wconf 85' lang='lat' dir='ltr'><strong>Non</strong></span> <span class='ocrx_word' id='word_1_507' title='bbox 3036 3007 3176 3059; x_wconf 86' lang='lat' dir='ltr'><strong>enim</strong></span> <span class='ocrx_word' id='word_1_508' title='bbox 3212 3006 3363 3071; x_wconf 90' lang='lat' dir='ltr'><strong>olim,</strong></span> <span class='ocrx_word' id='word_1_509' title='bbox 3399 3021 3507 3062; x_wconf 85' lang='lat' dir='ltr'><strong>acre</strong></span> 
     </span>
    </p>
   </div>
   <div class='ocr_carea' id='block_1_73' title="bbox 1951 3093 3506 3166">
    <p class='ocr_par' dir='ltr' id='par_1_73' title="bbox 1951 3093 3506 3166">
     <span class='ocr_line' id='line_1_73' title="bbox 1951 3093 3506 3166; baseline 0.003 -20"><span class='ocrx_word' id='word_1_510' title='bbox 1951 3100 2197 3164; x_wconf 91' lang='lat' dir='ltr'><strong>accepto,</strong></span> <span class='ocrx_word' id='word_1_511' title='bbox 2226 3108 2258 3148; x_wconf 92' lang='lat' dir='ltr'><strong>a</strong></span> <span class='ocrx_word' id='word_1_512' title='bbox 2287 3109 2376 3148; x_wconf 89' lang='lat' dir='ltr'><strong>me</strong></span> <span class='ocrx_word' id='word_1_513' title='bbox 2416 3093 2714 3148; x_wconf 87' lang='lat' dir='ltr'><strong>venundati</strong></span> <span class='ocrx_word' id='word_1_514' title='bbox 2755 3094 2888 3148; x_wconf 89' lang='lat' dir='ltr'><strong>estis</strong></span> <span class='ocrx_word' id='word_1_515' title='bbox 2913 3137 2928 3160; x_wconf 92' lang='lat'><strong>,</strong></span> <span class='ocrx_word' id='word_1_516' title='bbox 2969 3095 3065 3150; x_wconf 89' lang='lat' dir='ltr'><strong>sed</strong></span> <span class='ocrx_word' id='word_1_517' title='bbox 3102 3104 3320 3166; x_wconf 90' lang='lat' dir='ltr'><strong>propter</strong></span> <span class='ocrx_word' id='word_1_518' title='bbox 3361 3098 3506 3166; x_wconf 89' lang='lat' dir='ltr'><strong>ipso-</strong></span> 
     </span>
    </p>
   </div>
   <div class='ocr_carea' id='block_1_74' title="bbox 1950 3187 3509 3258">
    <p class='ocr_par' dir='ltr' id='par_1_74' title="bbox 1950 3187 3509 3258">
     <span class='ocr_line' id='line_1_74' title="bbox 1950 3187 3509 3258; baseline 0.004 -22"><span class='ocrx_word' id='word_1_519' title='bbox 1950 3199 2070 3237; x_wconf 89' lang='lat' dir='ltr'><strong>rum</strong></span> <span class='ocrx_word' id='word_1_520' title='bbox 2099 3192 2277 3237; x_wconf 90' lang='lat' dir='ltr'><strong>vestra</strong></span> <span class='ocrx_word' id='word_1_521' title='bbox 2307 3192 2564 3252; x_wconf 85' lang='lat' dir='ltr'><strong>peccata;</strong></span> <span class='ocrx_word' id='word_1_522' title='bbox 2595 3199 2714 3252; x_wconf 75' lang='lat' dir='ltr'><strong>quae</strong></span> <span class='ocrx_word' id='word_1_523' title='bbox 2740 3191 2917 3238; x_wconf 85' lang='lat' dir='ltr'><strong>tamen</strong></span> <span class='ocrx_word' id='word_1_524' title='bbox 2951 3187 3326 3254; x_wconf 75' lang='lat' dir='ltr'><strong>pcenitentiam</strong></span> <span class='ocrx_word' id='word_1_525' title='bbox 3354 3202 3509 3258; x_wconf 85' lang='lat' dir='ltr'><strong>agen-</strong></span> 
     </span>
    </p>
   </div>
   <div class='ocr_carea' id='block_1_75' title="bbox 1950 3274 3375 3346">
    <p class='ocr_par' dir='ltr' id='par_1_75' title="bbox 1950 3274 3375 3346">
     <span class='ocr_line' id='line_1_75' title="bbox 1950 3274 3375 3346; baseline 0.003 -20"><span class='ocrx_word' id='word_1_526' title='bbox 1950 3275 2096 3328; x_wconf 91' lang='lat' dir='ltr'><strong>tibus</strong></span> <span class='ocrx_word' id='word_1_527' title='bbox 2123 3274 2421 3343; x_wconf 80' lang='lat' dir='ltr'><strong>ignoscam,</strong></span> <span class='ocrx_word' id='word_1_528' title='bbox 2446 3283 2498 3328; x_wconf 92' lang='lat' dir='ltr'><strong>et</strong></span> <span class='ocrx_word' id='word_1_529' title='bbox 2526 3275 2622 3330; x_wconf 82' lang='lat' dir='ltr'><strong>vos</strong></span> <span class='ocrx_word' id='word_1_530' title='bbox 2654 3274 2721 3330; x_wconf 88' lang='lat' dir='ltr'><strong>de</strong></span> <span class='ocrx_word' id='word_1_531' title='bbox 2750 3275 3063 3346; x_wconf 88' lang='lat' dir='ltr'><strong>captivitate</strong></span> <span class='ocrx_word' id='word_1_532' title='bbox 3090 3277 3375 3333; x_wconf 87' lang='lat' dir='ltr'><strong>revocabo.</strong></span> 
     </span>
    </p>
   </div>
   <div class='ocr_carea' id='block_1_76' title="bbox 2019 3454 3506 3530">
    <p class='ocr_par' dir='ltr' id='par_1_76' title="bbox 2019 3454 3506 3530">
     <span class='ocr_line' id='line_1_76' title="bbox 2019 3454 3506 3530; baseline 0.007 -22"><span class='ocrx_word' id='word_1_533' title='bbox 2019 3454 2185 3512; x_wconf 83' lang='lat' dir='ltr'><strong>Vens.</strong></span> <span class='ocrx_word' id='word_1_534' title='bbox 2243 3456 2295 3510; x_wconf 64' lang='lat'><strong>4.</strong></span> <span class='ocrx_word' id='word_1_535' title='bbox 2347 3454 2456 3511; x_wconf 85' lang='lat' dir='ltr'><strong>Vos</strong></span> <span class='ocrx_word' id='word_1_536' title='bbox 2509 3456 2774 3512; x_wconf 88' lang='lat' dir='ltr'><strong>violenter</strong></span> <span class='ocrx_word' id='word_1_537' title='bbox 2826 3459 2880 3512; x_wconf 90' lang='lat' dir='ltr'><strong>in</strong></span> <span class='ocrx_word' id='word_1_538' title='bbox 2937 3458 3192 3530; x_wconf 87' lang='lat' dir='ltr'><strong>Assyrios</strong></span> <span class='ocrx_word' id='word_1_539' title='bbox 3243 3460 3506 3518; x_wconf 87' lang='lat' dir='ltr'><strong>abductos</strong></span> 
     </span>
    </p>
   </div>
   <div class='ocr_carea' id='block_1_77' title="bbox 1953 3548 3508 3624">
    <p class='ocr_par' dir='ltr' id='par_1_77' title="bbox 1953 3548 3508 3624">
     <span class='ocr_line' id='line_1_77' title="bbox 1953 3548 3508 3624; baseline 0.004 -22"><span class='ocrx_word' id='word_1_540' title='bbox 1953 3548 2122 3603; x_wconf 87' lang='lat' dir='ltr'><strong>fuisse</strong></span> <span class='ocrx_word' id='word_1_541' title='bbox 2155 3563 2274 3603; x_wconf 91' lang='lat' dir='ltr'><strong>meo</strong></span> <span class='ocrx_word' id='word_1_542' title='bbox 2317 3549 2533 3618; x_wconf 90' lang='lat' dir='ltr'><strong>quidem</strong></span> <span class='ocrx_word' id='word_1_543' title='bbox 2572 3550 2860 3620; x_wconf 91' lang='lat' dir='ltr'><strong>permisso,</strong></span> <span class='ocrx_word' id='word_1_544' title='bbox 2889 3559 3066 3606; x_wconf 81' lang='lat' dir='ltr'><strong>vestra</strong></span> <span class='ocrx_word' id='word_1_545' title='bbox 3118 3560 3298 3607; x_wconf 90' lang='lat' dir='ltr'><strong>autem</strong></span> <span class='ocrx_word' id='word_1_546' title='bbox 3349 3555 3508 3624; x_wconf 89' lang='lat' dir='ltr'><strong>culpa</strong></span> 
     </span>
    </p>
   </div>
   <div class='ocr_carea' id='block_1_78' title="bbox 1951 3642 3508 3712">
    <p class='ocr_par' dir='ltr' id='par_1_78' title="bbox 1951 3642 3508 3712">
     <span class='ocr_line' id='line_1_78' title="bbox 1951 3642 3508 3712; baseline 0.005 -15"><span class='ocrx_word' id='word_1_547' title='bbox 1951 3642 2153 3697; x_wconf 80' lang='lat' dir='ltr'><strong>factum</strong></span> <span class='ocrx_word' id='word_1_548' title='bbox 2183 3649 2300 3709; x_wconf 90' lang='lat' dir='ltr'><strong>est;</strong></span> <span class='ocrx_word' id='word_1_549' title='bbox 2331 3659 2439 3696; x_wconf 93' lang='lat' dir='ltr'><strong>non</strong></span> <span class='ocrx_word' id='word_1_550' title='bbox 2467 3643 2609 3698; x_wconf 91' lang='lat' dir='ltr'><strong>enim</strong></span> <span class='ocrx_word' id='word_1_551' title='bbox 2635 3659 2731 3699; x_wconf 86' lang='lat' dir='ltr'><strong>vos</strong></span> <span class='ocrx_word' id='word_1_552' title='bbox 2756 3644 2864 3700; x_wconf 90' lang='lat' dir='ltr'><strong>illis</strong></span> <span class='ocrx_word' id='word_1_553' title='bbox 2898 3645 3390 3712; x_wconf 88' lang='lat' dir='ltr'><strong>tradidissem,nisi</strong></span> <span class='ocrx_word' id='word_1_554' title='bbox 3413 3663 3508 3705; x_wconf 90' lang='lat' dir='ltr'><strong>vos</strong></span> 
     </span>
    </p>
   </div>
   <div class='ocr_carea' id='block_1_79' title="bbox 1951 3737 3508 3810">
    <p class='ocr_par' dir='ltr' id='par_1_79' title="bbox 1951 3737 3508 3810">
     <span class='ocr_line' id='line_1_79' title="bbox 1951 3737 3508 3810; baseline 0.006 -21"><span class='ocrx_word' id='word_1_555' title='bbox 1951 3737 2102 3807; x_wconf 89' lang='lat' dir='ltr'><strong>prius</strong></span> <span class='ocrx_word' id='word_1_556' title='bbox 2153 3743 2376 3806; x_wconf 91' lang='lat' dir='ltr'><strong>peccata</strong></span> <span class='ocrx_word' id='word_1_557' title='bbox 2421 3743 2601 3791; x_wconf 89' lang='lat' dir='ltr'><strong>vestra</strong></span> <span class='ocrx_word' id='word_1_558' title='bbox 2657 3737 3061 3806; x_wconf 87' lang='lat' dir='ltr'><strong>prodidissent;</strong></span> <span class='ocrx_word' id='word_1_559' title='bbox 3113 3755 3274 3810; x_wconf 90' lang='lat' dir='ltr'><strong>quam</strong></span> <span class='ocrx_word' id='word_1_560' title='bbox 3331 3741 3508 3798; x_wconf 80' lang='lat' dir='ltr'><strong>facilis</strong></span> 
     </span>
    </p>
   </div>
   <div class='ocr_carea' id='block_1_80' title="bbox 1949 3827 3500 3902">
    <p class='ocr_par' dir='ltr' id='par_1_80' title="bbox 1949 3827 3500 3902">
     <span class='ocr_line' id='line_1_80' title="bbox 1949 3827 3500 3902; baseline 0.006 -22"><span class='ocrx_word' id='word_1_561' title='bbox 1949 3841 2125 3882; x_wconf 88' lang='lat' dir='ltr'><strong>autem</strong></span> <span class='ocrx_word' id='word_1_562' title='bbox 2154 3827 2225 3883; x_wconf 89' lang='lat' dir='ltr'><strong>sit</strong></span> <span class='ocrx_word' id='word_1_563' title='bbox 2251 3828 2318 3882; x_wconf 89' lang='lat' dir='ltr'><strong>ab</strong></span> <span class='ocrx_word' id='word_1_564' title='bbox 2349 3828 2469 3883; x_wconf 90' lang='lat' dir='ltr'><strong>istis</strong></span> <span class='ocrx_word' id='word_1_565' title='bbox 2509 3828 2758 3885; x_wconf 88' lang='lat' dir='ltr'><strong>liberatio</strong></span> <span class='ocrx_word' id='word_1_566' title='bbox 2779 3870 2794 3895; x_wconf 91' lang='lat'><strong>,</strong></span> <span class='ocrx_word' id='word_1_567' title='bbox 2833 3831 3114 3886; x_wconf 86' lang='lat' dir='ltr'><strong>conversis</strong></span> <span class='ocrx_word' id='word_1_568' title='bbox 3160 3833 3376 3902; x_wconf 91' lang='lat' dir='ltr'><strong>animis,</strong></span> <span class='ocrx_word' id='word_1_569' title='bbox 3403 3848 3500 3889; x_wconf 79' lang='lat' dir='ltr'><strong>ex-</strong></span> 
     </span>
    </p>
   </div>
   <div class='ocr_carea' id='block_1_81' title="bbox 1948 3919 2248 3988">
    <p class='ocr_par' dir='ltr' id='par_1_81' title="bbox 1948 3919 2248 3988">
     <span class='ocr_line' id='line_1_81' title="bbox 1948 3919 2248 3988; baseline 0 -16"><span class='ocrx_word' id='word_1_570' title='bbox 1948 3919 2248 3988; x_wconf 90' lang='lat' dir='ltr'><strong>pericmini.</strong></span> 
     </span>
    </p>
   </div>
   <div class='ocr_carea' id='block_1_82' title="bbox 1947 4011 3509 4082">
    <p class='ocr_par' dir='ltr' id='par_1_82' title="bbox 1947 4011 3509 4082">
     <span class='ocr_line' id='line_1_82' title="bbox 1947 4011 3509 4082; baseline 0.003 -16"><span class='ocrx_word' id='word_1_571' title='bbox 1947 4019 1982 4082; x_wconf 67' lang='grc' dir='ltr'>ζ</span> <span class='ocrx_word' id='word_1_572' title='bbox 2022 4011 2190 4066; x_wconf 73' lang='lat' dir='ltr'><strong>Vians.</strong></span> <span class='ocrx_word' id='word_1_573' title='bbox 2222 4012 2273 4066; x_wconf 80' lang='grc'><strong>5.</strong></span> <span class='ocrx_word' id='word_1_574' title='bbox 2316 4011 2507 4066; x_wconf 88' lang='lat' dir='ltr'><strong>Nonne</strong></span> <span class='ocrx_word' id='word_1_575' title='bbox 2535 4027 2621 4066; x_wconf 92' lang='lat' dir='ltr'><strong>me</strong></span> <span class='ocrx_word' id='word_1_576' title='bbox 2648 4011 2960 4082; x_wconf 83' lang='lat' dir='ltr'><strong>Rhapsaces</strong></span> <span class='ocrx_word' id='word_1_577' title='bbox 2983 4013 3297 4071; x_wconf 86' lang='lat' dir='ltr'><strong>debiliorem</strong></span> <span class='ocrx_word' id='word_1_578' title='bbox 3318 4018 3509 4072; x_wconf 80' lang='lat' dir='ltr'><strong>existi-</strong></span> 
     </span>
    </p>
   </div>
   <div class='ocr_carea' id='block_1_83' title="bbox 1948 4103 3510 4175">
    <p class='ocr_par' dir='ltr' id='par_1_83' title="bbox 1948 4103 3510 4175">
     <span class='ocr_line' id='line_1_83' title="bbox 1948 4103 3510 4175; baseline 0.006 -18"><span class='ocrx_word' id='word_1_579' title='bbox 1948 4104 2114 4157; x_wconf 90' lang='lat' dir='ltr'><strong>mavit</strong></span> <span class='ocrx_word' id='word_1_580' title='bbox 2147 4103 2342 4168; x_wconf 90' lang='lat' dir='ltr'><strong>idolis,</strong></span> <span class='ocrx_word' id='word_1_581' title='bbox 2375 4119 2494 4174; x_wconf 67' lang='lat' dir='ltr'><strong>quae</strong></span> <span class='ocrx_word' id='word_1_582' title='bbox 2545 4104 2686 4174; x_wconf 90' lang='lat' dir='ltr'><strong>apud</strong></span> <span class='ocrx_word' id='word_1_583' title='bbox 2735 4113 2922 4175; x_wconf 78' lang='lat' dir='ltr'><strong>gentes</strong></span> <span class='ocrx_word' id='word_1_584' title='bbox 2970 4107 3045 4161; x_wconf 92' lang='lat' dir='ltr'><strong>dii</strong></span> <span class='ocrx_word' id='word_1_585' title='bbox 3093 4108 3397 4163; x_wconf 85' lang='lat' dir='ltr'><strong>habentur?</strong></span> <span class='ocrx_word' id='word_1_586' title='bbox 3431 4109 3510 4167; x_wconf 89' lang='lat' dir='ltr'><strong>Ne</strong></span> 
     </span>
    </p>
   </div>
   <div class='ocr_carea' id='block_1_84' title="bbox 1950 4194 3509 4282">
    <p class='ocr_par' dir='ltr' id='par_1_84' title="bbox 1950 4194 3509 4282">
     <span class='ocr_line' id='line_1_84' title="bbox 1950 4194 3509 4282; baseline 0.005 -31"><span class='ocrx_word' id='word_1_587' title='bbox 1950 4211 2046 4251; x_wconf 85' lang='lat' dir='ltr'><strong>vos</strong></span> <span class='ocrx_word' id='word_1_588' title='bbox 2090 4195 2327 4265; x_wconf 90' lang='lat' dir='ltr'><strong>decipiat</strong></span> <span class='ocrx_word' id='word_1_589' title='bbox 2371 4194 2612 4282; x_wconf 54' lang='lat' dir='ltr'><strong>Ezecias,</strong></span> <span class='ocrx_word' id='word_1_590' title='bbox 2657 4197 2865 4252; x_wconf 85' lang='lat' dir='ltr'><strong>aiebat:</strong></span> <span class='ocrx_word' id='word_1_591' title='bbox 2903 4216 2922 4248; x_wconf 74' lang='grc' dir='ltr'><strong>ι</strong></span> <span class='ocrx_word' id='word_1_592' title='bbox 2951 4197 3204 4270; x_wconf 84' lang='lat' dir='ltr'><strong>Nunquid</strong></span> <span class='ocrx_word' id='word_1_593' title='bbox 3233 4217 3330 4258; x_wconf 89' lang='lat' dir='ltr'><strong>vos</strong></span> <span class='ocrx_word' id='word_1_594' title='bbox 3366 4201 3509 4259; x_wconf 87' lang='lat' dir='ltr'><strong>Deus</strong></span> 
     </span>
    </p>
   </div>
   <div class='ocr_carea' id='block_1_85' title="bbox 1949 4287 3504 4362">
    <p class='ocr_par' dir='ltr' id='par_1_85' title="bbox 1949 4287 3504 4362">
     <span class='ocr_line' id='line_1_85' title="bbox 1949 4287 3504 4362; baseline 0.002 -19"><span class='ocrx_word' id='word_1_595' title='bbox 1949 4295 2128 4344; x_wconf 86' lang='lat' dir='ltr'><strong>vester</strong></span> <span class='ocrx_word' id='word_1_596' title='bbox 2184 4287 2444 4343; x_wconf 78' lang='lat' dir='ltr'><strong>erueret?</strong></span> <span class='ocrx_word' id='word_1_597' title='bbox 2504 4287 2761 4358; x_wconf 87' lang='lat' dir='ltr'><strong>Nunquid</strong></span> <span class='ocrx_word' id='word_1_598' title='bbox 2811 4300 3072 4344; x_wconf 89' lang='lat' dir='ltr'><strong>eruerunt</strong></span> <span class='ocrx_word' id='word_1_599' title='bbox 3119 4292 3192 4346; x_wconf 93' lang='lat' dir='ltr'><strong>dii</strong></span> <span class='ocrx_word' id='word_1_600' title='bbox 3243 4297 3504 4362; x_wconf 82' lang='lat' dir='ltr'><strong>gentium,</strong></span> 
     </span>
    </p>
   </div>
   <div class='ocr_carea' id='block_1_86' title="bbox 1951 4381 3508 4455">
    <p class='ocr_par' dir='ltr' id='par_1_86' title="bbox 1951 4381 3508 4455">
     <span class='ocr_line' id='line_1_86' title="bbox 1951 4381 3508 4455; baseline 0.001 -16"><span class='ocrx_word' id='word_1_601' title='bbox 1951 4381 2326 4452; x_wconf 86' lang='lat' dir='ltr'><strong>unusquisque</strong></span> <span class='ocrx_word' id='word_1_602' title='bbox 2361 4397 2514 4437; x_wconf 90' lang='lat' dir='ltr'><strong>suam</strong></span> <span class='ocrx_word' id='word_1_603' title='bbox 2557 4381 2834 4451; x_wconf 77' lang='lat' dir='ltr'><strong>regionem</strong></span> <span class='ocrx_word' id='word_1_604' title='bbox 2869 4383 2957 4436; x_wconf 77' lang='lat'><strong>”?</strong></span> <span class='ocrx_word' id='word_1_605' title='bbox 2994 4403 3012 4435; x_wconf 71' lang='grc' dir='ltr'><strong>ι</strong></span> <span class='ocrx_word' id='word_1_606' title='bbox 3042 4383 3270 4455; x_wconf 86' lang='lat' dir='ltr'><strong>Propter</strong></span> <span class='ocrx_word' id='word_1_607' title='bbox 3299 4401 3396 4442; x_wconf 88' lang='lat' dir='ltr'><strong>vos</strong></span> <span class='ocrx_word' id='word_1_608' title='bbox 3433 4385 3508 4440; x_wconf 89' lang='lat' dir='ltr'><strong>ita</strong></span> 
     </span>
    </p>
   </div>
   <div class='ocr_carea' id='block_1_87' title="bbox 261 4469 1850 4549">
    <p class='ocr_par' dir='ltr' id='par_1_87' title="bbox 261 4469 1846 4549">
     <span class='ocr_line' id='line_1_87' title="bbox 261 4469 1846 4549; baseline -0.006 -16"><span class='ocrx_word' id='word_1_609' title='bbox 261 4481 440 4549; x_wconf 77' lang='grc' dir='ltr'>ὑμεῖς</span> <span class='ocrx_word' id='word_1_610' title='bbox 464 4474 626 4529; x_wconf 76' lang='grc' dir='ltr'>αἴτιοι</span> <span class='ocrx_word' id='word_1_611' title='bbox 652 4471 948 4542; x_wconf 84' lang='grc' dir='ltr'>γεγένησθε</span> <span class='ocrx_word' id='word_1_612' title='bbox 965 4514 980 4539; x_wconf 91' lang='grc'><strong>,</strong></span> <span class='ocrx_word' id='word_1_613' title='bbox 1017 4471 1306 4544; x_wconf 86' lang='grc' dir='ltr'>μοχθηροῖς</span> <span class='ocrx_word' id='word_1_614' title='bbox 1329 4471 1484 4541; x_wconf 82' lang='grc' dir='ltr'>ήθεσι</span> <span class='ocrx_word' id='word_1_615' title='bbox 1507 4469 1846 4534; x_wconf 88' lang='grc' dir='ltr'>κωλύσαντές</span> 
     </span>
    </p>
   </div>
   <div class='ocr_carea' id='block_1_88' title="bbox 1950 4469 3508 4549">
    <p class='ocr_par' dir='ltr' id='par_1_88' title="bbox 1950 4471 3508 4546">
     <span class='ocr_line' id='line_1_88' title="bbox 1950 4471 3508 4546; baseline 0.001 -16"><span class='ocrx_word' id='word_1_616' title='bbox 1950 4473 2224 4530; x_wconf 89' lang='lat' dir='ltr'><strong>deridetur</strong></span> <span class='ocrx_word' id='word_1_617' title='bbox 2257 4479 2310 4527; x_wconf 89' lang='lat' dir='ltr'><strong>et</strong></span> <span class='ocrx_word' id='word_1_618' title='bbox 2339 4491 2357 4524; x_wconf 87' lang='grc'><strong>‹</strong></span> <span class='ocrx_word' id='word_1_619' title='bbox 2406 4471 2809 4542; x_wconf 89' lang='lat' dir='ltr'><strong>blasphematur</strong></span> <span class='ocrx_word' id='word_1_620' title='bbox 2856 4488 3052 4530; x_wconf 88' lang='lat' dir='ltr'><strong>nomen</strong></span> <span class='ocrx_word' id='word_1_621' title='bbox 3086 4489 3264 4530; x_wconf 91' lang='lat' dir='ltr'><strong>meum</strong></span> <span class='ocrx_word' id='word_1_622' title='bbox 3289 4515 3305 4539; x_wconf 93' lang='lat'><strong>,</strong></span> <span class='ocrx_word' id='word_1_623' title='bbox 3364 4494 3382 4526; x_wconf 75' lang='grc' dir='ltr'><strong>ι</strong></span> <span class='ocrx_word' id='word_1_624' title='bbox 3412 4478 3508 4546; x_wconf 94' lang='lat' dir='ltr'><strong>qui</strong></span> 
     </span>
    </p>
   </div>
   <div class='ocr_carea' id='block_1_89' title="bbox 262 4563 942 4641">
    <p class='ocr_par' dir='ltr' id='par_1_89' title="bbox 262 4563 942 4641">
     <span class='ocr_line' id='line_1_89' title="bbox 262 4563 942 4641; baseline -0.007 -19"><span class='ocrx_word' id='word_1_625' title='bbox 262 4588 340 4641; x_wconf 80' lang='grc' dir='ltr'><strong>με</strong></span> <span class='ocrx_word' id='word_1_626' title='bbox 383 4563 748 4636; x_wconf 84' lang='grc' dir='ltr'>εὐεργετῆσαι</span> <span class='ocrx_word' id='word_1_627' title='bbox 777 4563 942 4632; x_wconf 81' lang='grc' dir='ltr'>ὑμᾶς.</span> 
     </span>
    </p>
   </div>
   <div class='ocr_carea' id='block_1_90' title="bbox 343 4649 1852 4729">
    <p class='ocr_par' dir='ltr' id='par_1_90' title="bbox 343 4649 1852 4729">
     <span class='ocr_line' id='line_1_90' title="bbox 343 4649 1852 4729; baseline -0.006 -18"><span class='ocrx_word' id='word_1_628' title='bbox 343 4659 468 4729; x_wconf 79' lang='grc' dir='ltr'>Τὴν</span> <span class='ocrx_word' id='word_1_629' title='bbox 501 4658 560 4709; x_wconf 90' lang='grc' dir='ltr'><strong>ἐν</strong></span> <span class='ocrx_word' id='word_1_630' title='bbox 579 4657 692 4715; x_wconf 87' lang='grc' dir='ltr'>τοῖς</span> <span class='ocrx_word' id='word_1_631' title='bbox 733 4651 870 4723; x_wconf 86' lang='grc' dir='ltr'><strong>μετά</strong></span> <span class='ocrx_word' id='word_1_632' title='bbox 901 4652 1072 4706; x_wconf 88' lang='grc' dir='ltr'>ταῦτα</span> <span class='ocrx_word' id='word_1_633' title='bbox 1105 4650 1390 4721; x_wconf 80' lang='grc' dir='ltr'>ἐπίσκεψιν</span> <span class='ocrx_word' id='word_1_634' title='bbox 1419 4649 1512 4704; x_wconf 87' lang='grc' dir='ltr'><strong>τοῦ</strong></span> <span class='ocrx_word' id='word_1_635' title='bbox 1542 4650 1670 4704; x_wconf 89' lang='grc' dir='ltr'>λαοῦ</span> <span class='ocrx_word' id='word_1_636' title='bbox 1705 4649 1852 4720; x_wconf 89' lang='grc' dir='ltr'><strong>δηλοῖ</strong></span> 
     </span>
    </p>
   </div>
   <div class='ocr_carea' id='block_1_91' title="bbox 255 4739 1850 4814">
    <p class='ocr_par' dir='ltr' id='par_1_91' title="bbox 255 4739 1850 4814">
     <span class='ocr_line' id='line_1_91' title="bbox 255 4739 1850 4814; baseline -0.008 -10"><span class='ocrx_word' id='word_1_637' title='bbox 255 4749 357 4805; x_wconf 76' lang='grc' dir='ltr'><strong>διὰ</strong></span> <span class='ocrx_word' id='word_1_638' title='bbox 378 4746 498 4800; x_wconf 83' lang='grc' dir='ltr'><strong>τῶν</strong></span> <span class='ocrx_word' id='word_1_639' title='bbox 523 4742 847 4814; x_wconf 87' lang='grc' dir='ltr'>λεγομένων·</span> <span class='ocrx_word' id='word_1_640' title='bbox 871 4742 992 4813; x_wconf 78' lang='grc' dir='ltr'>ἥτις</span> <span class='ocrx_word' id='word_1_641' title='bbox 1015 4741 1107 4794; x_wconf 77' lang='grc' dir='ltr'><strong>καὶ</strong></span> <span class='ocrx_word' id='word_1_642' title='bbox 1135 4741 1406 4812; x_wconf 86' lang='grc' dir='ltr'>παρουσία</span> <span class='ocrx_word' id='word_1_643' title='bbox 1425 4741 1648 4804; x_wconf 90' lang='grc' dir='ltr'>δικαίως</span> <span class='ocrx_word' id='word_1_644' title='bbox 1671 4739 1735 4793; x_wconf 83' lang='grc' dir='ltr'><strong>ἂν</strong></span> <span class='ocrx_word' id='word_1_645' title='bbox 1762 4739 1850 4792; x_wconf 83' lang='grc' dir='ltr'>λέ-</span> 
     </span>
    </p>
   </div>
   <div class='ocr_carea' id='block_1_92' title="bbox 253 4832 1846 4913">
    <p class='ocr_par' dir='ltr' id='par_1_92' title="bbox 253 4832 1846 4913">
     <span class='ocr_line' id='line_1_92' title="bbox 253 4832 1846 4913; baseline -0.007 -18"><span class='ocrx_word' id='word_1_646' title='bbox 253 4857 446 4913; x_wconf 84' lang='grc' dir='ltr'>γοιτο·</span> <span class='ocrx_word' id='word_1_647' title='bbox 479 4837 541 4890; x_wconf 86' lang='grc' dir='ltr'>οὐ</span> <span class='ocrx_word' id='word_1_648' title='bbox 564 4837 662 4906; x_wconf 91' lang='grc' dir='ltr'><strong>τῆς</strong></span> <span class='ocrx_word' id='word_1_649' title='bbox 684 4834 870 4897; x_wconf 85' lang='grc' dir='ltr'>ούσίας</span> <span class='ocrx_word' id='word_1_650' title='bbox 894 4833 1056 4888; x_wconf 85' lang='grc' dir='ltr'>αὑτοῦ</span> <span class='ocrx_word' id='word_1_651' title='bbox 1079 4833 1242 4886; x_wconf 85' lang='grc' dir='ltr'>τόπον</span> <span class='ocrx_word' id='word_1_652' title='bbox 1261 4835 1326 4887; x_wconf 86' lang='grc' dir='ltr'><strong>ἐκ</strong></span> <span class='ocrx_word' id='word_1_653' title='bbox 1345 4833 1510 4886; x_wconf 85' lang='grc' dir='ltr'>τόπου</span> <span class='ocrx_word' id='word_1_654' title='bbox 1536 4832 1846 4904; x_wconf 88' lang='grc' dir='ltr'>μετιούσης,</span> 
     </span>
    </p>
   </div>
   <div class='ocr_carea' id='block_1_93' title="bbox 255 4922 1850 4998">
    <p class='ocr_par' dir='ltr' id='par_1_93' title="bbox 255 4922 1850 4998">
     <span class='ocr_line' id='line_1_93' title="bbox 255 4922 1850 4998; baseline -0.009 -10"><span class='ocrx_word' id='word_1_655' title='bbox 255 4932 414 4988; x_wconf 83' lang='grc' dir='ltr'>ἀλλὰ</span> <span class='ocrx_word' id='word_1_656' title='bbox 441 4929 546 4998; x_wconf 88' lang='grc' dir='ltr'><strong>τῆς</strong></span> <span class='ocrx_word' id='word_1_657' title='bbox 577 4926 854 4998; x_wconf 88' lang='grc' dir='ltr'>ἐνεργείας</span> <span class='ocrx_word' id='word_1_658' title='bbox 890 4924 1188 4996; x_wconf 85' lang='grc' dir='ltr'>καταδήλου</span> <span class='ocrx_word' id='word_1_659' title='bbox 1227 4925 1537 4993; x_wconf 89' lang='grc' dir='ltr'>γινομένης·</span> <span class='ocrx_word' id='word_1_660' title='bbox 1577 4923 1697 4975; x_wconf 87' lang='grc' dir='ltr'>τότε</span> <span class='ocrx_word' id='word_1_661' title='bbox 1742 4922 1850 4994; x_wconf 84' lang='grc' dir='ltr'>γὰρ</span> 
     </span>
    </p>
   </div>
   <div class='ocr_carea' id='block_1_94' title="bbox 254 5013 1849 5092">
    <p class='ocr_par' dir='ltr' id='par_1_94' title="bbox 254 5013 1849 5092">
     <span class='ocr_line' id='line_1_94' title="bbox 254 5013 1849 5092; baseline -0.009 -12"><span class='ocrx_word' id='word_1_662' title='bbox 254 5027 366 5080; x_wconf 79' lang='grc' dir='ltr'><strong>καὶ</strong></span> <span class='ocrx_word' id='word_1_663' title='bbox 414 5023 672 5092; x_wconf 88' lang='grc' dir='ltr'>παρεῖναι</span> <span class='ocrx_word' id='word_1_664' title='bbox 721 5020 851 5089; x_wconf 80' lang='grc' dir='ltr'>ἡμῖν</span> <span class='ocrx_word' id='word_1_665' title='bbox 892 5017 1107 5086; x_wconf 84' lang='grc' dir='ltr'>λέγεται</span> <span class='ocrx_word' id='word_1_666' title='bbox 1149 5019 1178 5069; x_wconf 88' lang='grc' dir='ltr'>ὁ</span> <span class='ocrx_word' id='word_1_667' title='bbox 1222 5016 1372 5079; x_wconf 88' lang='grc' dir='ltr'>Θεὸς,</span> <span class='ocrx_word' id='word_1_668' title='bbox 1414 5016 1490 5069; x_wconf 82' lang='grc' dir='ltr'><strong>ὅτ’</strong></span> <span class='ocrx_word' id='word_1_669' title='bbox 1525 5013 1590 5068; x_wconf 83' lang='grc' dir='ltr'><strong>ἂν</strong></span> <span class='ocrx_word' id='word_1_670' title='bbox 1627 5014 1849 5079; x_wconf 78' lang='grc' dir='ltr'>ἑαυτοὺς</span> 
     </span>
    </p>
   </div>
   <div class='ocr_carea' id='block_1_95' title="bbox 256 5106 1850 5190">
    <p class='ocr_par' dir='ltr' id='par_1_95' title="bbox 256 5106 1850 5190">
     <span class='ocr_line' id='line_1_95' title="bbox 256 5106 1850 5190; baseline -0.008 -20"><span class='ocrx_word' id='word_1_671' title='bbox 256 5117 412 5190; x_wconf 84' lang='grc' dir='ltr'>πρὸς</span> <span class='ocrx_word' id='word_1_672' title='bbox 458 5112 522 5165; x_wconf 82' lang='grc' dir='ltr'><strong>τὸ</strong></span> <span class='ocrx_word' id='word_1_673' title='bbox 555 5108 906 5173; x_wconf 83' lang='grc' dir='ltr'>ὑποδέξασθαι</span> <span class='ocrx_word' id='word_1_674' title='bbox 936 5107 1098 5162; x_wconf 85' lang='grc' dir='ltr'>αύτὺν</span> <span class='ocrx_word' id='word_1_675' title='bbox 1125 5106 1308 5172; x_wconf 79' lang='grc' dir='ltr'>ἀξίους</span> <span class='ocrx_word' id='word_1_676' title='bbox 1342 5107 1704 5178; x_wconf 86' lang='grc' dir='ltr'>ἀποφήνωμεν</span> <span class='ocrx_word' id='word_1_677' title='bbox 1740 5107 1850 5169; x_wconf 81' lang='grc' dir='ltr'>τοῖς</span> 
     </span>
    </p>
   </div>
   <div class='ocr_carea' id='block_1_96' title="bbox 253 5196 1848 5276">
    <p class='ocr_par' dir='ltr' id='par_1_96' title="bbox 253 5196 1848 5276">
     <span class='ocr_line' id='line_1_96' title="bbox 253 5196 1848 5276; baseline -0.008 -11"><span class='ocrx_word' id='word_1_678' title='bbox 253 5207 467 5268; x_wconf 85' lang='grc' dir='ltr'>καλοῖς</span> <span class='ocrx_word' id='word_1_679' title='bbox 504 5204 706 5276; x_wconf 81' lang='grc' dir='ltr'>ήθεσιν·</span> <span class='ocrx_word' id='word_1_680' title='bbox 741 5201 924 5272; x_wconf 81' lang='grc' dir='ltr'>ὥσπερ</span> <span class='ocrx_word' id='word_1_681' title='bbox 962 5196 1053 5255; x_wconf 81' lang='grc' dir='ltr'><strong>οὖν</strong></span> <span class='ocrx_word' id='word_1_682' title='bbox 1087 5202 1325 5266; x_wconf 85' lang='grc' dir='ltr'>ἀπεῖναι,</span> <span class='ocrx_word' id='word_1_683' title='bbox 1368 5197 1848 5270; x_wconf 78' lang='grc' dir='ltr'>μεταϐαλλομένων</span> 
     </span>
    </p>
   </div>
   <div class='ocr_carea' id='block_1_97' title="bbox 255 5288 1847 5365">
    <p class='ocr_par' dir='ltr' id='par_1_97' title="bbox 255 5288 1847 5365">
     <span class='ocr_line' id='line_1_97' title="bbox 255 5288 1847 5365; baseline -0.009 -9"><span class='ocrx_word' id='word_1_684' title='bbox 255 5306 346 5365; x_wconf 82' lang='grc' dir='ltr'><strong>εἰς</strong></span> <span class='ocrx_word' id='word_1_685' title='bbox 395 5295 496 5364; x_wconf 75' lang='grc' dir='ltr'>τὸ]</span> <span class='ocrx_word' id='word_1_686' title='bbox 513 5293 784 5358; x_wconf 89' lang='grc' dir='ltr'>ἐναντίον,</span> <span class='ocrx_word' id='word_1_687' title='bbox 831 5293 905 5364; x_wconf 81' lang='grc' dir='ltr'>μὴ</span> <span class='ocrx_word' id='word_1_688' title='bbox 948 5289 1358 5363; x_wconf 83' lang='grc' dir='ltr'>εὐδοκιμοῦντος</span> <span class='ocrx_word' id='word_1_689' title='bbox 1401 5288 1847 5346; x_wconf 88' lang='grc' dir='ltr'>ἐπαναπαύεσθαι</span> 
     </span>
    </p>
   </div>
   <div class='ocr_carea' id='block_1_98' title="bbox 253 5383 1236 5462">
    <p class='ocr_par' dir='ltr' id='par_1_98' title="bbox 253 5383 1236 5462">
     <span class='ocr_line' id='line_1_98' title="bbox 253 5383 1236 5462; baseline -0.01 -16"><span class='ocrx_word' id='word_1_690' title='bbox 253 5394 402 5462; x_wconf 80' lang='grc' dir='ltr'>ὑμῖν</span> <span class='ocrx_word' id='word_1_691' title='bbox 440 5385 533 5439; x_wconf 82' lang='grc' dir='ltr'>διὰ</span> <span class='ocrx_word' id='word_1_692' title='bbox 552 5386 620 5440; x_wconf 84' lang='grc' dir='ltr'>τὰ</span> <span class='ocrx_word' id='word_1_693' title='bbox 646 5384 893 5457; x_wconf 83' lang='grc' dir='ltr'>μοχθηρὰ</span> <span class='ocrx_word' id='word_1_694' title='bbox 925 5383 1079 5454; x_wconf 81' lang='grc' dir='ltr'>ὑμῶν</span> <span class='ocrx_word' id='word_1_695' title='bbox 1108 5384 1236 5454; x_wconf 83' lang='grc' dir='ltr'>ήθη.</span> 
     </span>
    </p>
   </div>
   <div class='ocr_carea' id='block_1_99' title="bbox 339 5473 1843 5547">
    <p class='ocr_par' dir='ltr' id='par_1_99' title="bbox 339 5473 1843 5547">
     <span class='ocr_line' id='line_1_99' title="bbox 339 5473 1843 5547; baseline -0.005 -14"><span class='ocrx_word' id='word_1_696' title='bbox 339 5482 440 5540; x_wconf 81' lang='grc' dir='ltr'>Ὠς</span> <span class='ocrx_word' id='word_1_697' title='bbox 468 5477 578 5547; x_wconf 85' lang='grc' dir='ltr'><strong>γὰρ</strong></span> <span class='ocrx_word' id='word_1_698' title='bbox 613 5477 910 5545; x_wconf 85' lang='grc' dir='ltr'>κατάδηλον</span> <span class='ocrx_word' id='word_1_699' title='bbox 935 5477 1044 5537; x_wconf 86' lang='grc' dir='ltr'>τοῖς</span> <span class='ocrx_word' id='word_1_700' title='bbox 1081 5476 1246 5528; x_wconf 81' lang='grc' dir='ltr'>πᾶσιν</span> <span class='ocrx_word' id='word_1_701' title='bbox 1279 5475 1312 5544; x_wconf 82' lang='grc' dir='ltr'><strong>ἡ</strong></span> <span class='ocrx_word' id='word_1_702' title='bbox 1345 5473 1462 5545; x_wconf 87' lang='grc' dir='ltr'><strong>ῶρα</strong></span> <span class='ocrx_word' id='word_1_703' title='bbox 1487 5473 1586 5544; x_wconf 85' lang='grc' dir='ltr'><strong>τῆς</strong></span> <span class='ocrx_word' id='word_1_704' title='bbox 1612 5473 1843 5546; x_wconf 85' lang='grc' dir='ltr'>ἡμέρας,</span> 
     </span>
    </p>
   </div>
   <div class='ocr_carea' id='block_1_100' title="bbox 245 5565 1842 5637">
    <p class='ocr_par' dir='ltr' id='par_1_100' title="bbox 245 5565 1842 5637">
     <span class='ocr_line' id='line_1_100' title="bbox 245 5565 1842 5637; baseline 0.001 -19"><span class='ocrx_word' id='word_1_705' title='bbox 245 5571 387 5632; x_wconf 79' lang='grc' dir='ltr'>καθ’</span> <span class='ocrx_word' id='word_1_706' title='bbox 415 5569 491 5636; x_wconf 76' lang='grc' dir='ltr'>ἢν</span> <span class='ocrx_word' id='word_1_707' title='bbox 512 5567 790 5637; x_wconf 75' lang='grc' dir='ltr'>ἐκλάμψας</span> <span class='ocrx_word' id='word_1_708' title='bbox 817 5569 845 5618; x_wconf 85' lang='grc' dir='ltr'>ὁ</span> <span class='ocrx_word' id='word_1_709' title='bbox 874 5565 1022 5635; x_wconf 84' lang='grc' dir='ltr'>ἥλιος</span> <span class='ocrx_word' id='word_1_710' title='bbox 1048 5565 1390 5636; x_wconf 77' lang='grc' dir='ltr'>καταλάμψει</span> <span class='ocrx_word' id='word_1_711' title='bbox 1422 5565 1597 5620; x_wconf 84' lang='grc' dir='ltr'>πάντα</span> <span class='ocrx_word' id='word_1_712' title='bbox 1628 5566 1695 5620; x_wconf 85' lang='grc' dir='ltr'>τὰ</span> <span class='ocrx_word' id='word_1_713' title='bbox 1721 5566 1842 5637; x_wconf 80' lang='grc' dir='ltr'>ὅρη·</span> 
     </span>
    </p>
   </div>
   <div class='ocr_carea' id='block_1_101' title="bbox 323 5746 1040 5820">
    <p class='ocr_par' dir='ltr' id='par_1_101' title="bbox 323 5746 1040 5820">
     <span class='ocr_line' id='line_1_101' title="bbox 323 5746 1040 5820; baseline -0.011 -12"><span class='ocrx_word' id='word_1_714' title='bbox 323 5757 374 5788; x_wconf 76' lang='grc'><strong>’⁸</strong></span> <span class='ocrx_word' id='word_1_715' title='bbox 399 5750 474 5807; x_wconf 96' lang='lat' dir='ltr'><strong>IV</strong></span> <span class='ocrx_word' id='word_1_716' title='bbox 510 5749 639 5820; x_wconf 81' lang='lat' dir='ltr'><strong>Reg.</strong></span> <span class='ocrx_word' id='word_1_717' title='bbox 673 5763 788 5809; x_wconf 70' lang='grc' dir='ltr'>χιι,</span> <span class='ocrx_word' id='word_1_718' title='bbox 824 5746 912 5810; x_wconf 75' lang='lat'><strong>52,</strong></span> <span class='ocrx_word' id='word_1_719' title='bbox 953 5747 1040 5800; x_wconf 81' lang='lat'><strong>5‘5.</strong></span> 
     </span>
    </p>
   </div>
   <div class='ocr_carea' id='block_1_102' title="bbox 674 5837 1350 5904">
    <p class='ocr_par' dir='ltr' id='par_1_102' title="bbox 674 5837 1350 5904">
     <span class='ocr_line' id='line_1_102' title="bbox 674 5837 1350 5904; baseline -0.004 0"><span class='ocrx_word' id='word_1_720' title='bbox 674 5847 946 5904; x_wconf 71' lang='grc' dir='ltr'>ΡΑτιιοι..</span> <span class='ocrx_word' id='word_1_721' title='bbox 978 5840 1093 5901; x_wconf 86' lang='lat' dir='ltr'><strong>Gn.</strong></span> <span class='ocrx_word' id='word_1_722' title='bbox 1128 5837 1350 5902; x_wconf 80' lang='lat' dir='ltr'><strong>XVIII.</strong></span> 
     </span>
    </p>
   </div>
   <div class='ocr_carea' id='block_1_103' title="bbox 1950 4565 3409 4638">
    <p class='ocr_par' dir='ltr' id='par_1_103' title="bbox 1950 4565 3409 4638">
     <span class='ocr_line' id='line_1_103' title="bbox 1950 4565 3409 4638; baseline 0.001 -18"><span class='ocrx_word' id='word_1_723' title='bbox 1950 4567 2132 4638; x_wconf 87' lang='lat' dir='ltr'><strong>pravis</strong></span> <span class='ocrx_word' id='word_1_724' title='bbox 2161 4565 2406 4620; x_wconf 88' lang='lat' dir='ltr'><strong>moribus</strong></span> <span class='ocrx_word' id='word_1_725' title='bbox 2436 4565 2693 4620; x_wconf 85' lang='lat' dir='ltr'><strong>beneﬁcia</strong></span> <span class='ocrx_word' id='word_1_726' title='bbox 2727 4579 2846 4621; x_wconf 92' lang='lat' dir='ltr'><strong>mea</strong></span> <span class='ocrx_word' id='word_1_727' title='bbox 2872 4581 2902 4619; x_wconf 92' lang='lat' dir='ltr'><strong>a</strong></span> <span class='ocrx_word' id='word_1_728' title='bbox 2928 4566 3082 4621; x_wconf 92' lang='lat' dir='ltr'><strong>vobis</strong></span> <span class='ocrx_word' id='word_1_729' title='bbox 3121 4567 3409 4637; x_wconf 88' lang='lat' dir='ltr'><strong>depellitis.</strong></span> 
     </span>
    </p>
   </div>
   <div class='ocr_carea' id='block_1_104' title="bbox 2019 4659 3508 4733">
    <p class='ocr_par' dir='ltr' id='par_1_104' title="bbox 2019 4659 3508 4733">
     <span class='ocr_line' id='line_1_104' title="bbox 2019 4659 3508 4733; baseline 0.001 -19"><span class='ocrx_word' id='word_1_730' title='bbox 2019 4660 2185 4716; x_wconf 89' lang='lat' dir='ltr'><strong>Vens.</strong></span> <span class='ocrx_word' id='word_1_731' title='bbox 2221 4659 2274 4715; x_wconf 87' lang='lat'><strong>6.</strong></span> <span class='ocrx_word' id='word_1_732' title='bbox 2305 4659 2514 4726; x_wconf 86' lang='lat' dir='ltr'><strong>Quibus</strong></span> <span class='ocrx_word' id='word_1_733' title='bbox 2563 4659 2743 4715; x_wconf 88' lang='lat' dir='ltr'><strong>verbis</strong></span> <span class='ocrx_word' id='word_1_734' title='bbox 2782 4659 2984 4714; x_wconf 90' lang='lat' dir='ltr'><strong>indicat</strong></span> <span class='ocrx_word' id='word_1_735' title='bbox 3034 4659 3176 4716; x_wconf 91' lang='lat' dir='ltr'><strong>Deus</strong></span> <span class='ocrx_word' id='word_1_736' title='bbox 3213 4677 3272 4716; x_wconf 88' lang='lat' dir='ltr'><strong>se</strong></span> <span class='ocrx_word' id='word_1_737' title='bbox 3321 4662 3508 4733; x_wconf 89' lang='lat' dir='ltr'><strong>p0puli</strong></span> 
     </span>
    </p>
   </div>
   <div class='ocr_carea' id='block_1_105' title="bbox 1950 4751 3506 4826">
    <p class='ocr_par' dir='ltr' id='par_1_105' title="bbox 1950 4751 3506 4826">
     <span class='ocr_line' id='line_1_105' title="bbox 1950 4751 3506 4826; baseline 0.001 -20"><span class='ocrx_word' id='word_1_738' title='bbox 1950 4767 2135 4807; x_wconf 89' lang='lat' dir='ltr'><strong>curam</strong></span> <span class='ocrx_word' id='word_1_739' title='bbox 2170 4759 2358 4822; x_wconf 89' lang='lat' dir='ltr'><strong>postea</strong></span> <span class='ocrx_word' id='word_1_740' title='bbox 2388 4766 2708 4822; x_wconf 87' lang='lat' dir='ltr'><strong>gessurum;</strong></span> <span class='ocrx_word' id='word_1_741' title='bbox 2752 4751 2897 4822; x_wconf 91' lang='lat' dir='ltr'><strong>quod</strong></span> <span class='ocrx_word' id='word_1_742' title='bbox 2941 4751 3104 4807; x_wconf 90' lang='lat' dir='ltr'><strong>etiam</strong></span> <span class='ocrx_word' id='word_1_743' title='bbox 3137 4752 3328 4809; x_wconf 89' lang='lat' dir='ltr'><strong>adesse</strong></span> <span class='ocrx_word' id='word_1_744' title='bbox 3362 4756 3506 4826; x_wconf 90' lang='lat' dir='ltr'><strong>opti-</strong></span> 
     </span>
    </p>
   </div>
   <div class='ocr_carea' id='block_1_106' title="bbox 1950 4844 3507 4909">
    <p class='ocr_par' dir='ltr' id='par_1_106' title="bbox 1950 4844 3507 4909">
     <span class='ocr_line' id='line_1_106' title="bbox 1950 4844 3507 4909; baseline 0.003 -12"><span class='ocrx_word' id='word_1_745' title='bbox 1950 4859 2036 4900; x_wconf 89' lang='lat' dir='ltr'><strong>me</strong></span> <span class='ocrx_word' id='word_1_746' title='bbox 2067 4844 2283 4909; x_wconf 86' lang='lat' dir='ltr'><strong>dicitur,</strong></span> <span class='ocrx_word' id='word_1_747' title='bbox 2307 4859 2415 4899; x_wconf 86' lang='lat' dir='ltr'><strong>non</strong></span> <span class='ocrx_word' id='word_1_748' title='bbox 2441 4850 2756 4898; x_wconf 88' lang='lat' dir='ltr'><strong>transeunte</strong></span> <span class='ocrx_word' id='word_1_749' title='bbox 2776 4858 2906 4898; x_wconf 90' lang='lat' dir='ltr'><strong>sane</strong></span> <span class='ocrx_word' id='word_1_750' title='bbox 2937 4854 3130 4898; x_wconf 87' lang='lat' dir='ltr'><strong>natura</strong></span> <span class='ocrx_word' id='word_1_751' title='bbox 3151 4845 3220 4899; x_wconf 92' lang='lat' dir='ltr'><strong>ab</strong></span> <span class='ocrx_word' id='word_1_752' title='bbox 3247 4861 3359 4900; x_wconf 92' lang='lat' dir='ltr'><strong>uno</strong></span> <span class='ocrx_word' id='word_1_753' title='bbox 3387 4847 3507 4902; x_wconf 92' lang='lat' dir='ltr'><strong>loco</strong></span> 
     </span>
    </p>
   </div>
   <div class='ocr_carea' id='block_1_107' title="bbox 1950 4934 3509 4997">
    <p class='ocr_par' dir='ltr' id='par_1_107' title="bbox 1950 4934 3509 4997">
     <span class='ocr_line' id='line_1_107' title="bbox 1950 4934 3509 4997; baseline 0.001 -7"><span class='ocrx_word' id='word_1_754' title='bbox 1950 4935 2005 4990; x_wconf 90' lang='lat' dir='ltr'><strong>in</strong></span> <span class='ocrx_word' id='word_1_755' title='bbox 2043 4936 2207 4989; x_wconf 90' lang='lat' dir='ltr'><strong>alium</strong></span> <span class='ocrx_word' id='word_1_756' title='bbox 2243 4935 2442 4997; x_wconf 89' lang='lat' dir='ltr'><strong>locum,</strong></span> <span class='ocrx_word' id='word_1_757' title='bbox 2484 4934 2579 4990; x_wconf 87' lang='lat' dir='ltr'><strong>sed</strong></span> <span class='ocrx_word' id='word_1_758' title='bbox 2613 4937 2718 4990; x_wconf 91' lang='lat' dir='ltr'><strong>vim</strong></span> <span class='ocrx_word' id='word_1_759' title='bbox 2768 4949 2922 4990; x_wconf 90' lang='lat' dir='ltr'><strong>suam</strong></span> <span class='ocrx_word' id='word_1_760' title='bbox 2952 4935 3293 4993; x_wconf 83' lang='lat' dir='ltr'><strong>manifestius</strong></span> <span class='ocrx_word' id='word_1_761' title='bbox 3335 4939 3509 4993; x_wconf 82' lang='lat' dir='ltr'><strong>decla-</strong></span> 
     </span>
    </p>
   </div>
   <div class='ocr_carea' id='block_1_108' title="bbox 1949 5026 3508 5097">
    <p class='ocr_par' dir='ltr' id='par_1_108' title="bbox 1949 5026 3508 5097">
     <span class='ocr_line' id='line_1_108' title="bbox 1949 5026 3508 5097; baseline 0 -15"><span class='ocrx_word' id='word_1_762' title='bbox 1949 5035 2121 5082; x_wconf 91' lang='lat' dir='ltr'><strong>rante.</strong></span> <span class='ocrx_word' id='word_1_763' title='bbox 2155 5026 2285 5080; x_wconf 83' lang='lat' dir='ltr'><strong>Nam</strong></span> <span class='ocrx_word' id='word_1_764' title='bbox 2335 5034 2466 5080; x_wconf 93' lang='lat' dir='ltr'><strong>tunc</strong></span> <span class='ocrx_word' id='word_1_765' title='bbox 2506 5041 2724 5097; x_wconf 90' lang='lat' dir='ltr'><strong>quoque</strong></span> <span class='ocrx_word' id='word_1_766' title='bbox 2765 5026 2922 5082; x_wconf 89' lang='lat' dir='ltr'><strong>nobis</strong></span> <span class='ocrx_word' id='word_1_767' title='bbox 2967 5028 3158 5085; x_wconf 90' lang='lat' dir='ltr'><strong>adesse</strong></span> <span class='ocrx_word' id='word_1_768' title='bbox 3191 5027 3334 5085; x_wconf 90' lang='lat' dir='ltr'><strong>Deus</strong></span> <span class='ocrx_word' id='word_1_769' title='bbox 3371 5029 3508 5083; x_wconf 82' lang='lat' dir='ltr'><strong>dici-</strong></span> 
     </span>
    </p>
   </div>
   <div class='ocr_carea' id='block_1_109' title="bbox 1951 5116 3508 5189">
    <p class='ocr_par' dir='ltr' id='par_1_109' title="bbox 1951 5116 3508 5189">
     <span class='ocr_line' id='line_1_109' title="bbox 1951 5116 3508 5189; baseline 0.001 -19"><span class='ocrx_word' id='word_1_770' title='bbox 1951 5125 2060 5180; x_wconf 90' lang='lat' dir='ltr'><strong>tur,</strong></span> <span class='ocrx_word' id='word_1_771' title='bbox 2098 5116 2315 5186; x_wconf 91' lang='lat' dir='ltr'><strong>quando</strong></span> <span class='ocrx_word' id='word_1_772' title='bbox 2353 5117 2512 5171; x_wconf 89' lang='lat' dir='ltr'><strong>bonis</strong></span> <span class='ocrx_word' id='word_1_773' title='bbox 2568 5116 2810 5172; x_wconf 90' lang='lat' dir='ltr'><strong>moribus</strong></span> <span class='ocrx_word' id='word_1_774' title='bbox 2869 5133 2970 5172; x_wconf 90' lang='lat' dir='ltr'><strong>nos</strong></span> <span class='ocrx_word' id='word_1_775' title='bbox 3003 5119 3347 5189; x_wconf 91' lang='lat' dir='ltr'><strong>suscipiendo</strong></span> <span class='ocrx_word' id='word_1_776' title='bbox 3396 5117 3508 5172; x_wconf 92' lang='lat' dir='ltr'><strong>Deo</strong></span> 
     </span>
    </p>
   </div>
   <div class='ocr_carea' id='block_1_110' title="bbox 1948 5208 3506 5280">
    <p class='ocr_par' dir='ltr' id='par_1_110' title="bbox 1948 5208 3506 5280">
     <span class='ocr_line' id='line_1_110' title="bbox 1948 5208 3506 5280; baseline 0.001 -17"><span class='ocrx_word' id='word_1_777' title='bbox 1948 5209 2141 5278; x_wconf 84' lang='lat' dir='ltr'><strong>dignos</strong></span> <span class='ocrx_word' id='word_1_778' title='bbox 2168 5208 2511 5278; x_wconf 69' lang='lat' dir='ltr'><strong>prazbemus;</strong></span> <span class='ocrx_word' id='word_1_779' title='bbox 2553 5208 2625 5261; x_wconf 93' lang='lat' dir='ltr'><strong>ita</strong></span> <span class='ocrx_word' id='word_1_780' title='bbox 2663 5214 2717 5262; x_wconf 91' lang='lat' dir='ltr'><strong>et</strong></span> <span class='ocrx_word' id='word_1_781' title='bbox 2765 5209 2988 5273; x_wconf 87' lang='lat' dir='ltr'><strong>abesse,</strong></span> <span class='ocrx_word' id='word_1_782' title='bbox 3027 5209 3245 5280; x_wconf 88' lang='lat' dir='ltr'><strong>quando</strong></span> <span class='ocrx_word' id='word_1_783' title='bbox 3291 5224 3320 5262; x_wconf 90' lang='lat' dir='ltr'><strong>a</strong></span> <span class='ocrx_word' id='word_1_784' title='bbox 3359 5218 3506 5264; x_wconf 85' lang='lat' dir='ltr'><strong>recta</strong></span> 
     </span>
    </p>
   </div>
   <div class='ocr_carea' id='block_1_111' title="bbox 1947 5301 3502 5372">
    <p class='ocr_par' dir='ltr' id='par_1_111' title="bbox 1947 5301 3502 5372">
     <span class='ocr_line' id='line_1_111' title="bbox 1947 5301 3502 5372; baseline 0 -15"><span class='ocrx_word' id='word_1_785' title='bbox 1947 5302 2034 5357; x_wconf 91' lang='lat' dir='ltr'><strong>via</strong></span> <span class='ocrx_word' id='word_1_786' title='bbox 2056 5301 2464 5356; x_wconf 80' lang='lat' dir='ltr'><strong>deﬂectentibus</strong></span> <span class='ocrx_word' id='word_1_787' title='bbox 2497 5301 2677 5365; x_wconf 90' lang='lat' dir='ltr'><strong>nobis,</strong></span> <span class='ocrx_word' id='word_1_788' title='bbox 2707 5310 2924 5372; x_wconf 88' lang='lat' dir='ltr'><strong>propter</strong></span> <span class='ocrx_word' id='word_1_789' title='bbox 2943 5303 3265 5372; x_wconf 87' lang='lat' dir='ltr'><strong>depravatos</strong></span> <span class='ocrx_word' id='word_1_790' title='bbox 3299 5316 3502 5368; x_wconf 77' lang='lat' dir='ltr'><strong>mores,</strong></span> 
     </span>
    </p>
   </div>
   <div class='ocr_carea' id='block_1_112' title="bbox 1946 5391 2738 5462">
    <p class='ocr_par' dir='ltr' id='par_1_112' title="bbox 1946 5391 2738 5462">
     <span class='ocr_line' id='line_1_112' title="bbox 1946 5391 2738 5462; baseline -0.003 -15"><span class='ocrx_word' id='word_1_791' title='bbox 1946 5392 2292 5462; x_wconf 88' lang='lat' dir='ltr'><strong>acquiescere</strong></span> <span class='ocrx_word' id='word_1_792' title='bbox 2318 5407 2428 5446; x_wconf 93' lang='lat' dir='ltr'><strong>non</strong></span> <span class='ocrx_word' id='word_1_793' title='bbox 2466 5391 2738 5461; x_wconf 82' lang='lat' dir='ltr'><strong>dignatur.</strong></span> 
     </span>
    </p>
   </div>
   <div class='ocr_carea' id='block_1_113' title="bbox 1946 5481 3505 5548">
    <p class='ocr_par' dir='ltr' id='par_1_113' title="bbox 1946 5481 3505 5548">
     <span class='ocr_line' id='line_1_113' title="bbox 1946 5481 3505 5548; baseline 0.005 -18"><span class='ocrx_word' id='word_1_794' title='bbox 1946 5528 1948 5530; x_wconf 85' lang='lat'><strong>.</strong></span> <span class='ocrx_word' id='word_1_795' title='bbox 2019 5481 2185 5538; x_wconf 89' lang='lat' dir='ltr'><strong>Vens.</strong></span> <span class='ocrx_word' id='word_1_796' title='bbox 2215 5482 2266 5537; x_wconf 88' lang='lat'><strong>7.</strong></span> <span class='ocrx_word' id='word_1_797' title='bbox 2292 5482 2755 5548; x_wconf 84' lang='lat' dir='ltr'><strong>Quemadmodum</strong></span> <span class='ocrx_word' id='word_1_798' title='bbox 2809 5485 2898 5538; x_wconf 81' lang='lat' dir='ltr'><strong>lux</strong></span> <span class='ocrx_word' id='word_1_799' title='bbox 2952 5483 3056 5538; x_wconf 89' lang='lat' dir='ltr'><strong>diei</strong></span> <span class='ocrx_word' id='word_1_800' title='bbox 3088 5485 3340 5538; x_wconf 86' lang='lat' dir='ltr'><strong>omnibus</strong></span> <span class='ocrx_word' id='word_1_801' title='bbox 3372 5497 3505 5538; x_wconf 87' lang='lat' dir='ltr'><strong>con-</strong></span> 
     </span>
    </p>
   </div>
   <div class='ocr_carea' id='block_1_114' title="bbox 1948 5571 3502 5644">
    <p class='ocr_par' dir='ltr' id='par_1_114' title="bbox 1948 5571 3502 5644">
     <span class='ocr_line' id='line_1_114' title="bbox 1948 5571 3502 5644; baseline -0.001 -16"><span class='ocrx_word' id='word_1_802' title='bbox 1948 5574 2195 5644; x_wconf 90' lang='lat' dir='ltr'><strong>spicitur,</strong></span> <span class='ocrx_word' id='word_1_803' title='bbox 2214 5587 2320 5644; x_wconf 91' lang='lat' dir='ltr'><strong>qua</strong></span> <span class='ocrx_word' id='word_1_804' title='bbox 2350 5571 2430 5627; x_wconf 88' lang='lat' dir='ltr'><strong>sol</strong></span> <span class='ocrx_word' id='word_1_805' title='bbox 2461 5571 2721 5644; x_wconf 78' lang='lat' dir='ltr'><strong>eﬂulgens</strong></span> <span class='ocrx_word' id='word_1_806' title='bbox 2755 5580 2964 5628; x_wconf 82' lang='lat' dir='ltr'><strong>montes</strong></span> <span class='ocrx_word' id='word_1_807' title='bbox 2989 5579 3217 5629; x_wconf 90' lang='lat' dir='ltr'><strong>cunctos</strong></span> <span class='ocrx_word' id='word_1_808' title='bbox 3242 5574 3502 5640; x_wconf 79' lang='lat' dir='ltr'><strong>illustrat,</strong></span> 
     </span>
    </p>
   </div>
   <div class='ocr_carea' id='block_1_115' title="bbox 3124 5833 3196 5892">
    <p class='ocr_par' dir='ltr' id='par_1_115' title="bbox 3124 5833 3196 5892">
     <span class='ocr_line' id='line_1_115' title="bbox 3124 5833 3196 5892; baseline 0 0"><span class='ocrx_word' id='word_1_809' title='bbox 3124 5833 3196 5892; x_wconf 62' lang='lat' dir='ltr'><strong>E3</strong></span> 
     </span>
    </p>
   </div>
  </div>
