4038 6288
597 310 733 367 1555

1739 298 2083 358 THEODOlll
2118 289 2634 353 IIERACLEENSIS

3632 285 3734 347 1356

597 430 669 482 ita
709 424 1158 497 splendidus‘erit
1194 432 1247 479 et
1281 422 1512 479 illustris
1551 435 1705 478 meus
1736 420 1803 476 ad
1831 434 1931 476 vos
1955 417 2155 473 adven—
2190 460 2192 474 .

2141 445 2155 456 .
2190 425 2230 478 Α
2256 412 2426 476 οὔτως
2480 408 2690 481 φανερά
2731 409 2823 461 καὶ
2855 404 3092 469 ἐπίδοξος
3136 401 3282 455 ἐσται
3331 402 3364 472 ἡ
3396 402 3510 473 παρ’
3535 402 3648 473 ἐμοῦ
3678 410 3736 472 είς

597 530 718 587 tus,
763 526 911 574 tanta
941 533 1038 573 vos
1093 516 1276 572 laetitia
1335 523 1390 570 et
1444 512 1808 570 exsultatione
1836 510 2157 567 eil'eremini.

598 611 718 679 Quo
750 611 930 667 studio
957 609 1202 664 auditum
1225 608 1376 679 pacis
1408 614 1460 661 et
1482 604 1758 661 felicitatis
1790 603 2160 675 accepissetis,

599 719 666 759 eo
693 705 918 758 salutem
946 700 1104 757 vobis
1137 699 1572 770 cvangelizantes
1603 697 1946 768 suscipietis,
1983 696 2055 751 ita
2080 702 2160 760 ut,

600 795 710 851 vita
724 802 904 850 vestra
932 792 1486 863 sapientiusinstituta
1505 831 1519 855 ,
1551 806 1646 845 rex
1674 795 1853 845 vester
1879 788 2060 843 vocari
2080 785 2163 841 di-

600 900 751 956 gner.
785 884 884 938 llic
912 883 1143 938 miratur
1191 898 1407 953 quoque
1438 882 1663 952 spiritus
1689 880 2042 951 propheticus
2070 891 2151 948 pe-

599 974 697 1031 des
739 989 1050 1045 praeconum
1098 972 1450 1043 Evangelium
1500 970 1931 1042 praedicantium,
1966 969 2163 1039 quibus

600 1074 787 1138 gentes
825 1074 1051 1121 cunctas
1083 1064 1415 1135 perlustrati,
1463 1063 1744 1118 deﬁnitum
1782 1061 1885 1117 sibi
1918 1061 2165 1116 curricu-

599 1157 715 1213 lum
739 1157 1109 1213 conl‘ecerunt.
1148 1155 1339 1211 Lucidi
1360 1163 1516 1211 erant
1540 1155 1704 1226 pedes
1734 1169 1946 1221 eorum,
1981 1162 2167 1224 utpote

601 1250 697 1320 qui
735 1250 1046 1304 t‘uerant‘ab
1077 1250 1193 1321 ipso
1233 1248 1516 1303 Salvatore
1561 1248 1678 1303 loti.
1739 1245 1914 1316 Super
1949 1253 2161 1300 montes

603 1339 732 1396 ferri
760 1340 1037 1405 dicuntur,
1060 1348 1278 1412 propter
1301 1339 1668 1411 praestantiam
1701 1345 1754 1392 et
1780 1337 2166 1392 sublimitatem

603 1433 929 1503 evangelicae
957 1432 1240 1487 doctrinm.
1267 1430 1463 1486 Pacem
1502 1427 1961 1500 evangelizabant,
1980 1442 2167 1498 pacem

602 1525 808 1580 scilicet
846 1539 971 1579 cum
1025 1522 1135 1578 Deo
1173 1523 1560 1593 praedicantes,
1615 1521 1683 1575 ab
1742 1519 1997 1575 omnibus
2053 1527 2167 1574 tum

604 1626 800 1681 prope,
846 1618 959 1665 tum
1007 1610 1199 1679 procul
1249 1609 1317 1665 de
1369 1610 1621 1680 gentibus
1668 1608 2079 1680 excipiendam;
2113 1615 2169 1663 et

604 1703 881 1760 Christum
920 1702 1017 1758 Dei
1041 1703 1504 1769 commendantes,
1535 1703 1628 1772 qui
1657 1701 1833 1757 divisa
1886 1704 1945 1756 in
1997 1717 2167 1755 unum

2262 505 2405 575 ὑμᾶς
2428 504 2587 576 ῥοπή·
2621 503 2795 573 χαράς
2824 515 2885 551 τε
2918 497 3013 551 καὶ⁵
3041 492 3393 564 ἀγαλλιάσεως
3418 492 3545 548 οῦτω
3573 495 3737 568 πληρω.

2261 593 2509 667 θήσεσθε·
2540 592 2790 662 καθάπερ
2818 589 2917 661 τὴν
2948 585 3115 658 ἀκοὴν
3135 585 3403 657 είρηνικήν
3420 601 3475 636 τε
3500 584 3584 637 καὶ
3601 580 3739 657 ήδὲῑαν

2260 686 2584 759 δεχομένοις,
2616 682 2755 737 οὓτω
2786 699 2847 735 τε
2885 678 3204 747 ἐξάκουστος
3234 675 3379 729 ἔσται
3404 676 3656 747 ήύμετέρα
3676 678 3741 730 λύ-

2260 796 2481 853 τρωσις,
2513 778 2606 832 καὶ
2639 775 2863 837 ἑαυτοὺς
2898 770 3189 827 ἐπιδώσετε
3230 767 3360 838 πρὸς
3395 766 3658 836 διόρθωσιν,
3689 768 3745 830 ὡς

2262 872 2357 925 καὶ
2382 871 2481 942 ἐμὲ
2505 868 2667 922 αὐτὸν
2700 864 2919 937 βασιλέα
2947 862 3099 934 ὑμῶν
3130 860 3260 926 ἀξιῶ
3298 857 3570 911 καλεῖσθαι.
3593 887 3649 900 -
3681 857 3744 911 Ἐν

2263 964 2471 1026 τούτοις
2499 961 2560 1013 τὸ
2589 958 2805 1028 πνεῦμα
2835 956 2897 1010 τὸ
2920 951 3279 1027 προφητικὸν,
3302 949 3404 1004 τῶν
3435 948 3655 1020 κηρύκων
3676 951 3745 1002 τοῦ

2263 1054 2593 1125 Εύαγγελίου
2615 1053 2738 1116 τοὺς
2768 1050 2929 1114 πόδας
2958 1043 3346 1116 ἀποθαυμάζει,
3369 1042 3431 1095 δι’
3456 1036 3522 1095 ὧν
3547 1042 3737 1113 πεποίην

2264 1170 2354 1208 ται
2374 1152 2571 1224 δρόμον
2593 1145 3027 1220 ἐκπεριελθόντες
3050 1143 3147 1214 τὴν
3173 1142 3251 1203 εἰς
3277 1138 3442 1192 πάντα
3475 1137 3536 1191 τὰ
3557 1136 3658 1207 ἔθνη
3679 1154 3750 1189 πε-

2268 1246 2459 1319 ρίοδον·
2498 1242 2688 1314 ὡραῖοι
2723 1257 2783 1293 τε
2825 1236 3000 1291 αὐτῶν
3027 1231 3163 1305 ἦσαν
3186 1233 3236 1284 οἱ
3275 1230 3425 1293 πόδες
3453 1228 3530 1281 διά
3553 1228 3603 1280 τὸ
3626 1245 3750 1281 κεκα-

2267 1337 2482 1409 θάρθαι,
2506 1337 2579 1400 ὼς
2612 1335 2676 1388 ἂν
2702 1330 2794 1387 τοῦ
2820 1329 3069 1409 Σωτῆρος
3097 1325 3293 1389 αὐτοὺς
3332 1321 3661 1391 ἀπονίψαντος·
3684 1325 3752 1378 ἐπὶ

2266 1428 2322 1482 δὲ
2340 1405 2524 1498 ’ὀρέων
2560 1423 2799 1494 ἔτρεχον,
2840 1420 2929 1474 διὰ
2963 1405 3025 1471 τὸ
3064 1415 3334 1488 μετέωρον
3369 1413 3457 1467 καὶ
3488 1412 3653 1482 ὑψηλὸν
3682 1413 3750 1466 τοῦ

2267 1517 2618 1590 εὐαγγελικοῦ
2674 1513 3044 1588 κηρύγματος
3090 1509 3314 1581 εἰρήνην
3358 1506 3414 1559 δέ
3457 1504 3752 1576 κατήγγελλον

2267 1609 2591 1683 ἀνθρώποις,
2618 1604 3094 1677 εὐαγγελιζόμενοι
3134 1600 3233 1671 τὴν
3260 1597 3392 1669 πρὸς
3414 1597 3534 1650 Θεὸν
3559 1599 3750 1669 εἰρήνην,

2268 1704 2336 1775 ἢν
2375 1705 2487 1767 τοῖς
2530 1700 2744 1774 μακράν
2787 1697 2881 1752 καὶ¹
2920 1698 3032 1758 τοῖς
3070 1695 3236 1762 ἐγγὺς
3277 1688 3663 1761 εὐηγγελίζοντο.
3689 1689 3755 1758 δὴ

606 1797 927 1867 conjunxit,
965 1805 1018 1853 et
1050 1813 1265 1852 murum
1299 1797 1612 1852 medianum
1647 1796 2027 1868 separationis,
2063 1795 2171 1850 ini.
2200 1818 2201 1823 π

2158 1827 2171 1841 -
2200 1770 2240 1824 Β
2267 1770 2484 1855 λοῦντες
2503 1770 2593 1844 {ev
2624 1770 2856 1859 Χριστὸν
2882 1785 2978 1840 τοῦ
3009 1782 3142 1837 Θεοῦ
3170 1781 3265 1835 τὸν
3298 1780 3575 1850 ποιήσαντα
3602 1776 3655 1829 τὰ
3677 1778 3753 1847 ἀμ-

606 1889 845 1946 micitias
876 1904 1066 1960 nempe
1103 1904 1314 1957 omnes,
1360 1893 1418 1944 in
1456 1904 1622 1945 carne
1651 1903 1750 1945 sua
1778 1887 1961 1943 solvit.

684 2065 844 2121 Vens.
882 2067 966 2120 11.
998 2064 1068 2121 Ut
1096 2065 1295 2122 animis
1325 2067 1440 2122 suis
1461 2074 1751 2123 consulant
1783 2066 2030 2121 hortatur
2050 2080 2170 2131 eos,

609 2159 891 2215 affectibus
945 2160 1127 2230 pravis
1175 2169 1229 2215 et
1284 2159 1592 2214 Chaldaicis
1642 2159 1960 2225 immutatis,
1988 2160 2172 2230 potius

612 2267 774 2322 quam
802 2250 973 2319 locis;
1008 2266 1074 2306 ne
1105 2249 1299 2307 iisdem
1344 2250 1590 2306 moribus
1639 2250 1995 2304 immorentur
2045 2264 2172 2306 sua-

608 2340 719 2407 det,
738 2340 938 2411 quibus
967 2341 1141 2395 donec
1168 2338 1512 2409 indulserint,
1536 2338 1803 2394 immundi
1822 2338 2170 2395 videbuntur.

678 2539 846 2596 Vens.
907 2538 994 2594 15.
1052 2536 1226 2609 Reges
1279 2535 1492 2606 placido
1547 2520 1825 2604 tacitoque
1877 2550 1973 2590 ore
2003 2532 2175 2590 Deum

610 2632 928 2689 adorabunt.
966 2630 1106 2685 Caeci
1137 2628 1358 2699 quidem
1390 2626 1749 2682 remanebunt
1786 2632 1841 2681 et
1888 2625 2174 2691 indociles,

609 2726 702 2797 qui
732 2725 899 2795 legem
941 2728 1299 2793 acceperant,
1337 2727 1391 2776 et
1427 2718 1685 2775 vaticinia
1731 2718 2018 2774 audierant
2049 2733 2176 2789 pro-

607 2819 916 2887 phetarum,
960 2823 1014 2869 et
1043 2813 1358 2884 prophetias
1387 2819 1756 2883 cognoverant
1797 2812 1865 2867 de
1896 2811 2177 2868 Salvatore

608 2908 879 2977 prolatas;
921 2912 1108 2976 gentes
1144 2913 1357 2967 contra,
1399 2904 1598 2973 quibus
1628 2904 1763 2957 nihil
1794 2903 2176 2958 annuntiatum

609 2998 713 3053 fuit
745 3013 846 3053 nec
891 2997 1208 3061 revelatum,
1238 2995 1368 3050 !sola
1403 2995 1505 3049 ﬁde
1534 2994 1628 3049 Dei
1659 2996 1945 3050 scientiam
1983 3011 2178 3052 conse-

2269 1891 2469 1961 φότερα
2495 1887 2573 1953 ἓν,
2603 1886 2696 1939 καὶ
2725 1883 2786 1937 τὸ
2819 1880 3130 1954 μεσότοιχον
3160 1876 3256 1930 τοῦ
3290 1870 3532 1946 φραγμοῦ
3561 1869 3753 1935 λύσαντα,

2269 1981 2368 2049 τὴν
2393 1979 2612 2052 ἔχθραν,
2645 1979 2703 2030 ἐν
2726 1977 2792 2045 τῇ
2817 1972 2981 2044 σαρκὶ
3008 1969 3192 2026 αὑτοῦ.

2340 2072 2586 2144 Ψυχικὴν
2618 2068 2812 2131 αὐτοὺς
2840 2064 3156 2135 ἐπιμέλειαν
3194 2058 3399 2114 ἑαυτῶν
3433 2054 3660 2112 ποιεῖσθαι
3680 2071 3755 2108 πα-

2277 2164 2644 2238 ρακελεύεται,
2679 2161 2772 2215 καὶ
2802 2159 2907 2231 πρὸ
2934 2156 3042 2210 τῶν
3072 2154 3256 2209 τόπων
3285 2148 3657 2224 μετανίστασθαι
3678 2147 3757 2200 τῶν

2276 2255 2563 2330 μοχθηρῶν
2578 2252 2760 2325 ἱδεῖνῌ
2774 2252 2823 2321 1)
2843 2251 2934 2305 καὶ
2954 2246 3297 2310 Χαλδαϊκῶν,
3316 2245 3406 2298 καὶ
3424 2243 3492 2315 μὴ
3513 2238 3757 2314 μολύνεσθαι

2273 2354 2332 2405 ἐν
2365 2348 2597 2412 ἐκείνοις¹
2620 2349 2735 2409 τοῖς
2760 2344 2966 2416 ῆθεσιν,
3002 2342 3060 2395 ἐν
3091 2336 3171 2403 οἷς
3214 2338 3435 2399 ἑαυτοὺς
3466 2331 3756 2394 ἐνδεδωκότες,

2274 2439 2568 2511 ἀκάθαρτοι
2597 2435 2940 2506 ὀφθήσονται.

2345 2532 2412 2586 Οἱ
2445 2548 2505 2584 τε
2531 2527 2764 2599 βασιλεῖς
2805 2523 2920 2597 μεθ’
2949 2522 3178 2594 ἡσυχίας
3208 2521 3304 2574 καὶ
3349 2518 3544 2587 σιωπῆς
3582 2530 3764 2584 προσκυ-

2277 2626 2511 2688 νοῦντες,
2549 2619 2962 2691 τυφλωττόντων
3005 2615 3097 2669 καὶ
3131 2611 3379 2684 ἀνηκόων
3430 2609 3658 2681 μενόντων
3689 2605 3765 2658 τῶν

2277 2717 2372 2771 καὶ¹
2413 2714 2575 2786 νόμον
2604 2709 2912 2780 δεξαμένων
2958 2708 3050 2762 καὶ
3091 2703 3388 2777 προφητῶν
3421 2698 3767 2774 προαγορεύσεις

2277 2803 2716 2866 ἐπακουσάντων,
2751 2799 2845 2853 καὶ
2876 2797 2972 2861 τὰς
3006 2796 3133 2867 περὶ
3176 2791 3276 2846 τοῦ
3327 2790 3561 2862 Σωτῆρος
3607 2802 3767 2858 προφη-

2277 2899 2425 2962 τείας
2470 2895 2785 2966 ἐγνωκότων
2810 2908 2823 2921 ·
2877 2889 2984 2943 τῶν
3029 2888 3087 2940 δέ
3130 2883 3302 2939 ἐθνῶν
3345 2882 3450 2936 τῶν
3490 2881 3633 2952 μηδὲν
3671 2878 3768 2949 μήτε

2278 2991 2598 3064 ἑωρακότων
2640 2988 2776 3059 μήτε
2804 2980 3137 3054 ἀκηκοότων,
3174 2977 3339 3048 μόνον
3367 2975 3425 3028 δέ
3462 2973 3619 3026 πίστει
3646 2982 3770 3064 1:90a-

609 3098 875 3162 quentur,
915 3095 969 3144 et
995 3101 1185 3144 eorum
1234 3101 1355 3157 quae
1393 3085 1538 3143 Deus
1591 3087 1660 3143 de
1707 3087 1988 3160 unigenito
2037 3086 2204 3146 Filio.

2174 3115 2176 3131 ι
2202 3105 2245 3165 C
2273 3057 2711 3154 δεδραμηκότων
2734 3078 2812 3139 εἰς
2846 3073 2942 3145 τὴν
2974 3066 3453 3165 θεογνωσίαν,ηκαλ.
3477 3065 3548 3127 είς
3576 3061 3656 3132 τὴν
3681 3057 3769 3127 περὶ

609 3198 713 3240 suo
736 3182 1023 3254 disposuit.

681 3274 809 3329 Cn.
842 3272 976 3338 LIII,
1004 3270 1171 3328 Vens.
1211 3271 1355 3359 1.2,
1413 3271 1466 3325 5.
1525 3269 1659 3337 Quis
1717 3271 1946 3327 credat?
1997 3272 2178 3327 innuit

608 3367 892 3439 propheta.
937 3365 1038 3420 Cui
1095 3363 1426 3421 revelabitur
1474 3363 1723 3419 doctrina
1776 3365 1844 3420 de
1898 3365 2177 3436 unigenito

609 3458 706 3514 Dei
750 3456 926 3512 Filio?
952 3456 1210 3512 Eamdem
1255 3470 1356 3510 nos
1390 3455 1545 3526 quasi
1580 3456 1867 3526 parvulum
1914 3456 2174 3513 humilem

609 3549 1038 3620 descripsimus,
1101 3547 1260 3618 quasi
1322 3546 1562 3602 radicem
1621 3546 1904 3603 deﬁciente
1948 3548 2178 3605 humore

610 3649 966 3698 attenuatam.
1021 3639 1154 3694 Tam
1186 3639 1409 3694 humilis
1447 3637 1693 3709 profecto
1743 3638 1793 3692 ei
1839 3639 2081 3708 species,
2115 3647 2175 3693 ut

609 3751 736 3791 cum
763 3736 911 3791 nulla
941 3734 1046 3788 alia
1077 3731 1316 3788 conferri
1355 3732 1550 3802 possit,
1582 3738 1640 3785 ut
1671 3730 1893 3785 minime
1920 3731 2174 3786 virtutem

609 3829 758 3883 illam
791 3829 984 3883 decere
1030 3825 1302 3890 videatur,
1332 3839 1441 3893 qua
1501 3831 1580 3878 tot
1618 3837 1681 3878 ac
1731 3829 1880 3877 tanta
1929 3823 2173 3894 prodigia

607 3920 754 3977 edita
793 3918 1032 3974 fuerunt.

683 4010 847 4068 Vens.
872 4011 925 4067 5.
953 4009 1368 4081 Ingravescente
1387 4007 1443 4062 in
1466 4006 1583 4061 dies
1604 4005 1885 4059 hominum
1909 4006 2173 4076 nequitia,

610 4112 667 4161 et
725 4103 859 4158 nihil
910 4105 1231 4159 intentatum
1266 4100 1754 4167 intemeratumque
1797 4096 2172 4169 relinquente,

610 4209 773 4266 ptena
804 4210 903 4249 nos
954 4202 1009 4249 et
1047 4192 1279 4248 vindicta
1327 4191 1598 4246 manebat.
1652 4188 1785 4255 Quae
1830 4204 1959 4244 vero
2015 4190 2176 4247 nobis

613 4287 809 4343 merita
864 4288 1120 4354 supplicia
1197 4282 1532 4353 unigenitum
1580 4279 1817 4335 Verbum
1877 4281 1933 4335 in
1973 4291 2175 4337 terram

611 4389 857 4437 nostram
883 4376 1186 4447 delapsum,
1211 4375 1380 4445 legem
1409 4388 1625 4428 omnem
1661 4380 1716 4428 ct
1748 4371 2018 4443 justitiam
2053 4390 2174 4444 per-

2282 3172 2375 3229 τοῦ
2408 3167 2725 3245 μονογενοῦς
2756 3163 2885 3221 Υίοῦ
2916 3161 3010 3217 τοῦ
3039 3158 3174 3214 Θεοῦ
3206 3155 3523 3228 κατάληψιν.

2365 3240 2511 3320 ’Ᾰντὶ
2540 3261 2656 3326 τοῦ,
2688 3261 2783 3323 Τίς
2818 3254 3094 3310 πιστεύσει
3120 3252 3218 3305 καὶ
3258 3251 3364 3303 τίνι
3397 3240 3769 3311 ἀποκαλυφθήσε-

2280 3375 2372 3415 ται
2403 3357 2431 3409 ὁ
2459 3355 2585 3425 περὶ
2612 3351 2705 3405 τοῦ
2740 3344 3055 3421 μονογενοῦς
3084 3341 3215 3396 Υίοῦ
3251 3341 3346 3395 τοῦ
3387 3337 3516 3393 Θεοῦ
3544 3335 3703 3403 λόγος;
3726 3330 3770 3380 Οἱ

2282 3451 2390 3522 γάρ
2419 3448 2675 3519 ἡμέτεροι
2706 3444 2851 3512 λόγοι
2878 3441 3013 3512 πρὸς
3035 3437 3124 3491 τὸν
3146 3436 3310 3489 αὐτὸν
3338 3433 3594 3503 γινόμενοι
3615 3427 3774 3522 ὡσπερ-

2283 3548 2333 3600 εὶ
2370 3540 2582 3596 παιδίου
2623 3534 2873 3598 εὐτελοῦς
2913 3529 3077 3602 εἶχον,
3107 3530 3204 3584 καὶ
3238 3527 3393 3600 ριζης
3420 3524 3577 3585 οὕτως
3599 3517 3775 3576 ἀτόνου,

2281 3639 2356 3701 ὼς
2383 3639 2439 3689 ἐν
2476 3633 2670 3687 σπάνει
2696 3628 2899 3691 νοτίδος
2928 3622 3301 3696 ἀποκειμένης
3321 3638 3335 3651 ·
3371 3618 3499 3673 αὐτὸ
3528 3615 3579 3669 δὲ
3608 3611 3657 3665 τδ
3676 3606 3777 3701 εἶδος

2282 3727 2444 3784 αὐτοῦ
2471 3726 2642 3788 οὓτως
2674 3720 2906 3783 εύτελές,
2933 3719 3007 3781 ὡς
3035 3715 3168 3769 πολὺ
3196 3708 3587 3783 ύποὸεϐηκέναι
3607 3704 3686 3766 τὰς
3702 3699 3779 3752 τῶν

2281 3820 2482 3877 λοιπῶν
2526 3816 2694 3887 δψεις,
2724 3814 2786 3867 οὐ
2817 3811 2922 3883 μὴν
2954 3807 3090 3862 ἀλλά
3141 3807 3232 3861 καὶ
3280 3805 3379 3877 τὴν
3430 3801 3676 3872 ἐνέργειαν
3709 3792 3779 3860 τῆς

2280 3916 2578 3984 δυνάμεως,
2604 3908 2670 3962 δι’
2697 3902 2764 3979 ἦς
2796 3905 2865 3958 τά
2897 3904 3094 3974 σημεῖα
3124 3899 3357 3952 ἐτελεῖτο

2366 3975 2716 4076 ’Ᾰκμασάσης
2743 3998 2839 4068 τῆς
2879 3994 2985 4048 τῶν
3017 3990 3320 4064 ἀνθρώπων
3359 3987 3576 4048 κακίας,
3602 3979 3682 4032 καὶ
3706 3975 3781 4076 πᾶν

2281 4089 2419 4157 εἶδος
2468 4062 2953 4160 παρανομημάτων
3008 4062 3426 4151 ἐργασαμένης,
3470 4062 3785 4160 τιμωρία-καὶ

2282 4154 2501 4247 κόλασις
2556 4154 2867 4252 ἐπήρτητοο
2927 4174 3117 4245 ἥντινα
3171 4170 3329 4241 δίκην
3395 4154 3783 4254 χρεωστονμένην

2283 4278 2434 4347 ἡμῖν,
2481 4274 2509 4327 ὁ
2554 4250 2846 4344 μονογενὴς
2890 4263 2982 4318 τοῦ
3034 4259 3168 4316 Θεοῦ
3201 4261 3395 4328 Λόγος,
3431 4252 3587 4308 ἐλθὼν
3601 4250 3683 4347 *είς
3720 4250 3788 4347 τὸν

2283 4333 2404 4418 δίελθ’
2422 4333 2576 4434 ’ἡμᾶς
2609 4333 2831 4430 κόσμον,
2862 4356 2956 4410 καὶ
2985 4354 3163 4408 πάντα
3215 4350 3403 4421 νόμον,
3436 4346 3525 4400 καὶ
3556 4342 3709 4395 πᾶσαν

612 4423 857 4437 ..νυ-η..--
887 4423 1186 4447 ----,,-----,
1211 4423 1380 4445 --ο-η-
1668 4423 1712 4428 --
2053 4423 2137 4444 τ--

612 4469 821 4533 ﬁciens,
847 4480 1069 4539 peccaro
1098 4479 1221 4519 vero
1240 4463 1379 4520 nulli
1399 4463 1714 4520 obnoxium.
1746 4473 1940 4532 sponte
1967 4462 2173 4530 subiit;

2206 4469 2251 4525 1)
2279 4423 2568 4525 καιοσύνην
2613 4423 2925 4522 πληρώσας,
2982 4444 3223 4516 ἁμαρτίᾳ
3282 4457 3344 4494 τε
3408 4437 3478 4510 μὴ
3530 4423 3786 4539 ultam-:60:

610 4578 678 4620 ea
714 4564 1024 4620 voluntate,
1060 4564 1120 4611 ut
1159 4555 1225 4613 ὣς
1265 4555 1493 4627 ingratis
1545 4571 1645 4611 nos
1677 4563 1862 4626 gratos
1896 4554 2004 4611 Deo
2046 4555 2171 4611 red-

612 4651 766 4708 deret
785 4660 838 4707 et
866 4657 1080 4705 amicos.
1120 4646 1235 4718 Ipse
1281 4645 1503 4716 quidem
1538 4659 1727 4715 poenas
1779 4661 1970 4701 omnes
1997 4654 2049 4700 ct
2075 4662 2174 4716 op-

612 4743 835 4815 probria
871 4758 971 4811 pro
1018 4741 1173 4796 nobis
1206 4737 1457 4808 pertulit;
1497 4751 1597 4791 nos
1630 4746 1809 4789 autem
1862 4750 1956 4804 per
2018 4734 2174 4790 (idem

614 4849 738 4889 cum
766 4848 831 4888 eo
861 4833 1239 4903 compatitnur,
1270 4844 1366 4901 per
1402 4827 1631 4900 gratiam
1659 4840 1782 4880 cum
1810 4841 1875 4883 eo
1896 4827 2180 4882 commori-

613 4940 738 4982 mur
763 4932 818 4980 et
851 4926 1141 4978 salvamur.

688 5017 852 5075 Vsus.
881 5017 936 5072 6.
967 5015 1211 5071 Tradidit
1237 5032 1359 5072 eum
1387 5015 1551 5079 Deus,
1573 5020 1766 5085 sponte
1789 5011 1997 5069 scilicet
2024 5011 2175 5067 obla-

610 5121 749 5178 tum,
776 5125 888 5166 non
914 5109 967 5164 vi
997 5114 1264 5162 coactum.
1297 5105 1428 5162 Nam
1476 5105 1771 5178 Apostolus
1826 5118 2043 5174 quoque
2082 5116 2173 5158 ea-

610 5207 735 5262 dem
761 5218 897 5262 voce
935 5200 1105 5256 utitur
1135 5199 1201 5252 ad
1230 5199 1532 5255 libertatem
1556 5208 1609 5255 et
1631 5199 1965 5256 voluntatem
1996 5194 2172 5250 Patris

611 5296 995 5354 declarandam
1022 5335 1036 5350 .
1074 5311 1093 5346 ι
1155 5291 1245 5346 Sic
1275 5292 1599 5349 enim.Dcus
1657 5291 1850 5347 dilexit
1884 5289 2167 5356 mundum,

612 5401 671 5448 ut
707 5390 903 5448 Filium
931 5403 1093 5446 suum
1114 5386 1449 5457 unigenitum
1483 5386 1715 5443 traderet
1742 5399 1843 5459 pro
1873 5383 2115 5441 nobis".
2140 5399 2160 5434 ι

577 5582 588 5611 .
678 5547 725 5581 ¹³
743 5545 900 5604 Joan.
931 5562 1013 5612 tn,
1040 5546 1127 5601 16.

683 5703 704 5766 ι
715 5702 796 5767 11)
824 5701 987 5759 Forte
1014 5701 1165 5757 ίδεῶν
1191 5700 1274 5759 vel
1302 5699 1460 5755 ίδίων.

2278 4550 2455 4606 ἐκοντὶ
2495 4515 2741 4617 δέχεται-ί
2771 4543 2836 4595 ἵν’
2877 4534 3319 4611 ἡμῖνμεταϐάλῃ
3366 4533 3463 4603 τὴν
3509 4524 3703 4617 κόλασιν
3727 4515 3788 4617 είς

2278 4642 2496 4713 εἰρήνην
2521 4605 2590 4690 τέ
2619 4636 2711 4690 καὶ
2738 4605 3052 4703 εύμένίειανί
3079 4626 3243 4682 αὐτοῦ
3280 4605 3379 4696 μὲν
3400 4624 3462 4693 τῇ
3486 4618 3641 4713 πείρᾳ
3666 4605 3791 4713 ιλπελο

2281 4701 2464 4794 θέντος
2498 4729 2596 4792 τὰς
2624 4701 2817 4799 ὕϐρεις.
2841 4723 2933 4776 καὶ
2972 4721 3071 4784 τὰς
3099 4718 3368 4782 κολάσεις,
3393 4710 3544 4785 ἡμῶν
3567 4706 3617 4759 δέ
3645 4701 3788 4799 πίστει

2277 4821 2661 4894 οἰκειουμένων
2686 4817 2754 4871 τά
2778 4814 2943 4885 πάθη,
2968 4812 3062 4868 καὶ
3084 4805 3617 4878 συναποθνῃσκόντων
3644 4794 3789 4865 χάριτι

2281 4917 2374 4970 καὶ
2408 4913 2749 4983 σωζομένων.

2350 4973 2748 5080 Παρατδεδόσθαι
2777 4999 2834 5053 δέ
2865 4999 3025 5052 αὑτὸν
3054 4997 3286 5059 ἀκούων,
3324 4995 3398 5064 μὴ
3429 4988 3653 5080 ἀνάγκην
3679 4973 3787 5080 καθ’

2280 5072 2570 5163 υπόπτευε,
2602 5096 2662 5149 τὸ
2702 5094 2758 5148 δὲ
2799 5092 3041 5147 ἑκούσιον
3074 5089 3200 5144 νόει.
3228 5087 3338 5142 Καὶ
3372 5084 3479 5155 γὰρ
3514 5082 3541 5133 ὁ
3579 5072 3787 5163 “rd???-

2276 5192 2365 5256 λος
2403 5189 2481 5262 τῷ
2507 5189 2727 5260 ὀνόματι
2755 5185 2926 5255 τούτῳ
2955 5184 3236 5255 κέχρηται,
3271 5175 3551 5232 αύθεντίαν
3577 5166 3659 5223 καὶ
3689 5158 3787 5232 βούο

2274 5283 2428 5356 λησιν
2452 5256 2673 5355 ⁷Ποιτρὸς
2705 5279 2917 5353 μηνύων
2935 5295 2948 5308 ·
2992 5295 3011 5328 ι
3048 5274 3202 5329 Οὕτω
3229 5271 3337 5342 γὰρ
3365 5271 3393 5322 ό
3430 5265 3554 5326 Θεὸς
3578 5256 3783 5356 hydria?

2272 5344 2363 5432 τόν
2395 5344 2616 5449 κόσμον,
2816 5372 2907 5426 τὸν
2936 5367 3194 5441 μονογενῆ
3226 5363 3349 5418 Υἰὺν
3379 5356 3537 5416 αὑτοῦ
3565 5344 3786 5421 παραδοῖ
