4038 6288
203 427 208 432 _
301 358 426 413 εδει

1723 346 1788 401 ιΝ
1831 328 2084 401 rsum.

3391 333 3525 408 λιιι

297 491 375 528 θαι
410 472 551 542 ὑπὲρ
585 469 760 541 ήμῶν.
798 487 816 520 ι
865 468 1076 522 Ἐκοντὶ
1103 467 1281 520 τοίνυν
1309 462 1604 534 ὑπομείνας
1636 462 1704 514 τά
1750 465 1857 515 πά-

1963 463 2251 518 Cruciatus
2286 470 2467 518 autem
2519 469 2711 532 sponte
2751 466 3000 532 acceptos
3047 469 3226 520 metus
3268 469 3527 540 pertulit,

294 564 379 635 θη,
439 564 648 633 σιωπὴν
699 561 871 633 φέρει,
929 559 1090 630 νόμον
1144 559 1274 628 ἡμῖν
1333 554 1608 624 ὑπομονῆς
1663 552 1853 606 ἑαυτὸν

291 655 685 726 παρεχόμενος.
1541 723 1552 732 .

362 747 434 801 Τὸ
465 745 710 799 ἑκούσιον
739 742 832 796 τοῦ
875 743 1124 812 Σωτῆρος
1168 743 1224 792 ὲν
1267 742 1335 810 τῇ
1379 739 1544 808 πείρᾳ
1574 737 1681 787 τῶν
1715 735 1858 786 οίκο-

291 836 637 909 νομουμένων
669 834 1016 905 σημαίνεταιδ
1052 833 1127 896 ὠς
1159 831 1265 902 γάρ
1296 829 1564 901 πρόϐατον
1595 826 1857 897 ἀγόμενον

293 933 372 993 είς
407 927 616 991 θυσίαν,
664 925 697 996 ἢ
745 925 912 997 ἀμνὸς
946 923 1186 978 ἐναντίον
1215 920 1307 974 τοῦ
1354 921 1628 989 κείροντος
1675 917 1856 985 αὑτὸν,

291 1021 504 1089 ἀνάγκῃ
557 1034 616 1070 τε
665 1016 1018 1086 δαμαζόμενα
1086 1015 1203 1068 οὐδὲ
1258 1013 1554 1084 βληχᾶσθαι
1603 1012 1663 1063 τὸ
1714 1010 1858 1065 ἐνδό-

291 1127 448 1182 σιμον
503 1108 614 1178 ἔχει
649 1123 663 1137 ·
724 1106 895 1170 οὕτως
952 1107 1110 1169 αὑτὸς
1183 1103 1322 1159 ἑκὼν
1379 1107 1436 1157 ὲν
1492 1101 1572 1173 τῷ
1629 1101 1856 1172 πάσχειν

291 1197 600 1252 ἀπεσιώπα.

361 1289 470 1359 Τὴν
502 1287 814 1358 παράνομον
851 1285 946 1339 καὶ
974 1285 1156 1341 ἄδικον
1187 1284 1363 1356 κρίσιν
1393 1282 1562 1354 δηλοῖ,
1596 1283 1693 1352 τῆς
1724 1283 1857 1352 exn-

292 1379 440 1443 θείας
465 1378 782 1450 κρυϐείσης.
810 1379 920 1449 Τὴν
950 1378 1087 1448 μετὰ
1113 1379 1210 1449 τὴν
1237 1377 1528 1430 ἀνάστασιν
1559 1375 1854 1446 γενομένην

291 1471 466 1538 δόξαν,
498 1472 592 1524 καὶ
623 1470 720 1542 τήν
748 1471 942 1542 ἐγγενῆ
969 1471 1131 1524 αὑτοῦ
1157 1470 1332 1536 ἀξίαν,
1362 1471 1429 1542 ἣν
1455 1474 1488 1542 ἡ
1517 1471 1624 1524 τῶν
1657 1473 1861 1524 οίκονο-

1961 563 2018 609 ιιι
2051 571 2108 610 se
2135 555 2294 610 nobis
2334 557 2478 609 velut
2510 557 2677 626 legem
2722 555 2997 625 patientiae
3028 557 3312 626 praeberet.

2030 731 2196 787 Vsus.
2228 733 2280 785 7.
2315 733 2524 799 Quanta
2549 734 2829 797 voluntate
2854 733 3102 790 Salvator
3134 735 3524 806 redemptionis

1957 839 2097 893 opus
2137 823 2458 893 perfecerit,
2517 824 2742 879 iudicat.
2807 807 3271 890 Quemadmodum
3305 827 3422 882 ovis
3455 829 3524 882 ad

1958 915 2232 970 victimam
2261 915 2460 972 ductus
2481 955 2497 981 ,
2532 925 2626 970 aut
2662 932 2836 988 agnus
2858 932 3042 972 coram
3074 919 3334 975 tondente
3354 920 3400 952 “
3429 936 3498 975 ne

1958 1009 2217 1064 cessitate
2247 1009 2408 1074 victi,
2467 1011 2686 1064 balandi
2731 1011 3074 1066 occasionem
3121 1027 3231 1067 non
3282 1012 3520 1079 habent,

1959 1101 2033 1156 ita
2058 1101 2173 1172 ipse
2202 1100 2399 1156 mediis
2427 1101 2481 1154 in
2504 1103 2837 1158 cruciatibus
2870 1110 3063 1173 Sponte
3095 1105 3238 1160 silet.

2034 1279 2200 1336 Vens.
2233 1280 2285 1335 8.
2320 1279 2566 1351 Iniquum
2599 1289 2652 1337 et
2698 1281 2962 1351 injustum
2993 1283 3107 1338 fore
3129 1284 3397 1354 judicium
3429 1286 3524 1340 de;

1957 1372 2163 1437 clarat,
2211 1374 2440 1428 veritate
2485 1389 2766 1443 Oppressa.
2809 1374 3048 1429 Gloriam
3099 1383 3223 1445 post
3271 1391 3524 1432 resurre-

1966 1465 2204 1520 ctionem
2232 1481 2262 1518 a
2289 1463 2508 1520 Christo
2530 1466 2776 1536 adeptam
2795 1503 2812 1531 ,
2844 1474 2896 1521 et
2929 1467 3168 1521 nativam
3197 1467 3316 1538 ejus
3345 1468 3525 1539 dignis

296 1565 574 1637 μηθέντων
624 1563 868 1627 ὑπέδειξε
919 1566 1105 1635 πεῖρα,
1153 1565 1236 1627 τίς
1285 1563 1436 1617 ἔσται
1488 1564 1672 1626 ἱκανὸς
1715 1563 1861 1634 λόγῳ

1963 1563 2162 1623 tatem,
2207 1573 2328 1627 quae
2354 1560 2409 1612 in
2454 1558 2838 1613 lncarnatione
2875 1559 3108 1622 eﬂ‘ulsit,
3154 1561 3278 1630 quis
3322 1564 3524 1632 poterit

292 1658 526 1730 φράσαις
556 1654 717 1709 αὑτοῦ
752 1655 848 1726 μὲν
882 1645 1095 1726 οανάτιρ
1135 1655 1601 1726 ὑποϐαλλομένου,
1645 1655 1860 1707 πάντων

1963 1661 2212 1703 sermone
2240 1649 2567 1719 complecti?
2602 1649 2815 1722 Quippe
2845 1653 2972 1720 qui,
3002 1661 3177 1708 morte
3201 1669 3520 1724 oppressus.

290 1749 348 1802 δὲ
389 1750 468 1812 εἰς
517 1747 820 1819 ἀφθαρσίαν
849 1747 1030 1820 χάριτι
1077 1746 1239 1800 αὑτοῦ
1269 1746 1736 1816 ζωοποιουμένων,
1767 1745 1860 1798 καὶ

1963 1741 2214 1797 omnibus
2242 1742 2415 1812 gratia
2454 1757 2552 1796 sua
2583 1743 2752 1797 vitam
2795 1745 3155 1800 immortalem
3200 1745 3431 1816 largitur
3471 1757 3520 1802 e‘.

295 1844 478 1896 πίστει
509 1840 909 1912 λυτρουμένων.
945 1839 1144 1902 Διττῶς
1173 1839 1402 1891 νοεῖται’
1441 1836 1596 1891 τοῦτο
1631 1837 1747 1907 μὲν,
1776 1837 1858 1890 ὅτι

1963 1833 2210 1888 salutem.
2256 1833 2464 1904 Duplici
2497 1834 2564 1889 de
2605 1850 2770 1892 causa
2801 1835 2912 1890 haec
2943 1836 3201 1891 dicuntur
3234 1858 3247 1892 :
3280 1836 3521 1893 Primum

293 1935 513 2004 ἐδέησεν
543 1933 854 2001 ἀναγκαίως
877 1930 1131 2000 γενέσθαι
1162 1930 1260 2000 τὴν
1285 1930 1586 2000 παρουσίαν
1614 1927 1708 2010 τοῦ
1743 1930 1856 1981 Σω-

292 2029 457 2098 τῆρος
492 2027 578 2080 διὰ
613 2026 680 2078 τὰ
715 2025 956 2098 ἡμέτερα
998 2024 1432 2094 παρανομήματα
1454 2038 1466 2050 ·
1498 2022 1598 2075 οὐκ
1640 2011 1706 2075 ἂν
1751 2020 1859 2091 γὰρ

296 2116 476 2188 χώραν
515 2115 668 2186 ἔσχεν
700 2117 734 2185 ή
765 2114 860 2167 τοῦ
901 2113 1148 2183 Σωτῆρος
1188 2111 1437 2182 ὲνδημία,
1471 2110 1630 2182 ήμῶν
1683 2109 1757 2180 μὴ
1801 2111 1859 2165 ἐν

295 2208 656 2280 παρανομίαις
683 2203 1073 2268 ὲξετασθέντων
1098 2219 1112 2233 ο
1151 2201 1310 2255 τοῦτο
1339 2203 1416 2267 δὲ,
1451 2203 1533 2256 ὅτι
1558 2202 1649 2254 ὑπ’
1681 2199 1860 2256 αὐτῶν

295 2299 402 2351 τῶν
431 2297 669 2368 ἀνομιῶν
699 2297 778 2359 είς
805 2295 896 2348 τὸν
932 2294 1156 2347 θάνατον
1184 2293 1345 2364 ῆχθη.

393 2390 530 2442 Οσον
555 2387 652 2459 μὲν
673 2381 806 2459 ἧκεν
838 2388 915 2449 εἰς
955 2384 1152 2456 ἑαυτὴν
1177 2384 1274 2455 τῆν
1295 2385 1475 2456 φωνήν
1494 2383 1860 2451 ἀνεξετάστως

291 2478 730 2550 λαμϐανομένην,
757 2477 997 2548 κατάρας
1029 2475 1122 2528 καὶ
1153 2476 1251 2528 οὐκ
1275 2475 1520 2544 εὐλογίας
1553 2471 1689 2528 εἷναι
1717 2475 1860 2529 δοκεῖ

293 2570 560 2642 ἔμφασις·
614 2571 682 2642 ἢν
740 2569 798 2621 δέ
859 2585 944 2632 τις
989 2567 1077 2620 τὸν
1125 2567 1543 2637 ὲναποκείμενον
1595 2565 1719 2620 νοῦν
1766 2569 1860 2620 ἀν-

296 2663 525 2734 ιχνεύειν
579 2662 828 2734 ἐθελήσῃ,
873 2661 1096 2732 εὑρήσει
1164 2659 1402 2728 πέλαγος
1453 2658 1860 2730 φιλανθρωπίας

295 2757 742 2826 ἑναποκείμενονο
779 2756 904 2818 τοὺς
952 2756 1061 2826 γὰρ
1109 2756 1375 2826 πονηροὺς
1426 2756 1519 2808 καὶ
1551 2756 1609 2806 ὲν
1647 2754 1859 2822 πλούτῳ

296 2847 591 2919 αὐχοῦντας
610 2849 703 2902 καὶ
723 2846 1272 2918 καταδεδικασμένους
1300 2846 1531 2917 θανάτῳ,
1556 2847 1679 2900 ὅσον
1702 2839 1856 2918 ἧκεν,

299 2944 362 2994 ἐκ
411 2941 518 2992 τῶν
565 2942 745 3003 αὑτοῖς
794 2939 1166 3011 είργασμένων
1222 2940 1463 3012 ῥύσεται,
1514 2939 1856 3002 πιστεύοντας

297 3033 389 3084 καὶ
432 3031 902 3102 παραδεχομένους
951 3031 1041 3084 τὸν
1071 3031 1294 3086 θάνατον
1343 3030 1436 3084 τοῦ
1468 3031 1754 3102 Σωτῆρος,
1801 3031 1860 3094 ὃς

297 3119 448 3174 ἔσται
499 3122 680 3183 αὐτοῖς
746 3119 1225 3192 ἀντικατάλλαγμα
1289 3121 1690 3192 καρπουμένοις
1740 3121 1861 3174 ἀντὶ

296 3213 472 3284 ταφῆς
496 3213 588 3266 καὶ
621 3211 847 3265 θανάτου
884 3211 1026 3284 ζωήν
1049 3211 1262 3266 αίώνιον
1289 3212 1384 3266 καὶ
1416 3210 1689 3284 ἄφθαρτον
1731 3211 1862 3266 ἀθα-

298 3307 506 3361 νασίαν.

369 3395 443 3449 Τὸ
475 3395 678 3459 ⁸ἄδικον
739 3393 1092 3466 ὲμπαροινίαν
1142 3389 1237 3448 τοῦ
1285 3393 1528 3449 διαϐόλου
1575 3393 1744 3465 δηλοῖ,
1796 3392 1863 3464 ἢν

301 3487 394 3539 ἐπὶ
437 3485 532 3540 τοῦ
584 3486 837 3560 Σωτῆρος
874 3485 1029 3558 ήμῶν
1067 3486 1404 3551 ἐπεδείξατοο
1442 3485 1709 3556 μηδεμιᾶς
1756 3482 1864 3555 γὰρ

303 3579 570 3652 ἁμαρτίας
598 3561 912 3651 εὑρεθείσης
941 3582 998 3632 ὲν
1029 3581 1095 3650 τῇ
1129 3579 1267 3632 κατὰ
1301 3579 1476 3650 σάρκα
1508 3577 1673 3630 αὑτοῦ
1713 3575 1864 3629 πολι-

298 3672 437 3741 τείᾳ,
469 3669 583 3724 ἀλλ’
617 3671 994 3741 ἀναμαρτήτου
1025 3669 1283 3740 μεινάσης
1310 3673 1408 3739 τῆς
1443 3669 1662 3740 σαρκὸς,
1696 3667 1867 3732 οὕτως

299 3761 374 3826 ὡς
406 3762 547 3816 κατὰ
578 3762 764 3832 ὲνόχου
792 3762 1062 3832 ἁμαρτίας
1088 3761 1384 3832 γενομένης
1417 3762 1593 3830 ἐπῆγε
1631 3761 1724 3815 τὸν
1773 3759 1868 3813 θά-

300 3870 481 3918 νατον,
511 3853 724 3916 δεικνὺς
767 3853 866 3923 τὴν
900 3851 1093 3904 ἑαυτοῦ
1139 3851 1444 3923 ἀρχέκακον
1483 3853 1714 3906 κακίανο
1749 3853 1864 3905 ἀνθ’

301 3938 376 4000 ὧν
433 3944 650 4014 εὔλογος
699 3944 964 4015 λύτρωσις
1017 3944 1224 4012 γίνεται
1274 3947 1384 4008 τοῖς
1436 3943 1540 3997 ὑπὸ
1591 3943 1864 4015 ἁμαρτίαν

303 4038 612 4091 πίπτουσιν.

374 4132 582 4202 Ὠσπερ
625 4129 694 4184 τά
743 4131 873 4202 ἡμῖν
917 4131 1331 4202 χρεωστούμενα
1368 4129 1665 4200 παθήματα
1706 4129 1868 4196 αὑτὸς

301 4222 694 4294 ἀναδεξάμενος
737 4220 1067 4293 ᾠκειώσατο,
1102 4221 1242 4275 οὕτω
1283 4223 1378 4275 καὶ
1409 4221 1506 4292 τὴν
1536 4223 1602 4276 ὲκ
1634 4221 1868 4285 πίστεως

301 4315 591 4385 γινομένην
619 4316 750 4385 ήμῖν
787 4314 1054 4386 κάθαρσιν
1087 4314 1247 4370 αὑτὸν
1276 4314 1518 4386 δεδέχθαι
1544 4315 1762 4384 φάσκει.
1798 4344 1868 4354 -

314 4402 576 4458 Ἐνταῦθα
601 4404 743 4458 δόσιν
787 4406 848 4458 οὑ
888 4406 986 4476 τὴν
1019 4406 1077 4458 ὲν
1105 4405 1335 4469 θυσίαις·
1359 4405 1577 4474 φάσκει,
1607 4405 1742 4460 ἀλλά
1770 4406 1868 4478 τὴν

1962 1925 2182 1995 quidem
2213 1926 2340 1997 quia
2366 1935 2588 1997 propter
2611 1938 2831 1998 peccata
2860 1937 3049 1984 nostra
3080 1929 3361 1985 Salvatore
3390 1931 3526 1985 indi-

1965 2034 2152 2089 gemus
2178 2057 2193 2082 ,
2227 2033 2329 2074 nec
2361 2017 2556 2075 [uisset
2588 2036 2686 2074 cur
2709 2021 2917 2076 veniret
2944 2021 3216 2087 Salvator,
3249 2021 3358 2078 nisi
3390 2037 3524 2092 pec-

1963 2111 2100 2166 catis
2125 2110 2421 2166 fuissemus
2441 2113 2651 2177 obruti;
2682 2112 2875 2168 deinde
2903 2113 3031 2184 quia
3067 2113 3134 2168 ab
3158 2114 3294 2186 ipsis
3319 2115 3524 2187 iniqui;
3550 2141 3555 2146 -

1963 2203 2167 2258 tatibus
2197 2203 2266 2258 ad
2290 2211 2518 2259 mortem
2549 2205 2748 2260 ductus
2773 2214 2875 2262 est.
2884 2241 2897 2274 ε

2037 2381 2202 2438 Vsus.
2232 2383 2284 2438 9.
2338 2382 2468 2449 Quae
2515 2383 2584 2438 ad
2633 2386 2858 2442 verbum
2922 2389 3333 2448 inconsiderate
3381 2395 3528 2449 ποί-ί

1963 2476 2130 2544 pienti
2186 2477 2600 2534 maledictiones
2644 2493 2768 2534 esse
2815 2479 3163 2548 videbuntur,
3212 2499 3323 2538 non
3361 2485 3527 2541 bene;

1963 2567 2246 2626 dictiones.
2271 2569 2426 2637 Quod
2452 2570 2498 2625 si
2519 2587 2647 2627 vero
2667 2573 2924 2628 latentem
2945 2583 3180 2631 mentem
3203 2578 3528 2650 investigare

1962 2664 2238 2731 volueris,
2292 2661 2536 2736 reperies
2574 2665 2640 2722 in
2691 2665 2794 2720 hoc
2837 2680 3090 2724 sermone
3137 2670 3530 2728 misericordiae

1964 2771 2248 2811 oceanum.
2289 2757 2423 2812 Nam
2462 2759 2731 2828 pessimos
2769 2769 2824 2814 et
2863 2758 3069 2815 divitiis
3100 2762 3432 2831 gloriantes,
3462 2779 3530 2819 ac.

1963 2855 2138 2903 morte
2166 2849 2452 2906 damnatos
2475 2892 2491 2916 ,
2525 2861 2788 2921 quantum
2823 2851 2972 2907 ineo
3005 2853 3144 2916 erit,
3173 2855 3242 2908 ab
3270 2856 3529 2925 operibus

1963 2958 2155 2999 eorum
2213 2944 2502 3008 liberabit,
2534 2946 2830 3001 dummodo
2874 2948 2930 3000 in
2971 2948 3438 3018 ipsumcredant,
3474 2960 3529 3004 et

1967 3035 2267 3092 Salvatoris
2291 3045 2520 3092 mortem
2541 3037 2838 3108 excipiant,
2868 3055 2988 3110 quae
3016 3041 3124 3096 illis
3145 3044 3367 3110 praemio
3388 3043 3526 3112 erit;

1913 3160 1930 3198 ς
1965 3147 2064 3201 pro
2097 3132 2376 3202 sepultura
2413 3145 2478 3186 ac
2524 3139 2702 3187 morte
2735 3135 2904 3187 vitam
2954 3143 3215 3189 azternam
3245 3143 3301 3190 et
3344 3137 3527 3192 incoro'

1963 3224 2276 3294 ruptibilem
2307 3224 2772 3279 immortalitatem
2805 3225 3089 3296 largietur.

2032 3399 2242 3456 lndicat
2302 3401 2392 3457 hic
2462 3414 2625 3471 quam
2695 3403 3085 3461 contumeliose
3163 3405 3438 3480 diabolus}
3471 3427 3527 3465 In

1966 3492 2295 3550 Salvatorem
2351 3496 2715 3552 debacchatus
2775 3496 2865 3552 sit.
2921 3495 3090 3562 Nam,
3147 3497 3275 3554 licet
3316 3503 3524 3558 nullum

1963 3596 2237 3658 repertum
2270 3588 2343 3644 sit
2372 3591 2425 3643 in
2449 3591 2656 3644 carnali
2682 3590 2803 3659 ejus
2837 3592 2944 3645 vita
2971 3601 3276 3662 peccatum,
3308 3603 3363 3651 et
3389 3612 3524 3666 pura

1963 3682 2320 3737 remansisset
2346 3683 2468 3750 ejus
2511 3697 2640 3738 caro
2675 3694 2838 3753 atque
2885 3685 3130 3755 integra,
3164 3686 3411 3743 diabolus
3438 3699 3526 3742 ta-

1964 3791 2088 3831 men
2122 3791 2283 3840 eum,
2321 3777 2467 3830 velut
2500 3785 2840 3846 peccatorem
2865 3820 2880 3844 ,
2913 3786 3088 3834 morte
3125 3777 3337 3846 aﬂ'ecit,
3372 3796 3526 3835 sum-

1965 3884 2108 3922 mam
2158 3884 2312 3923 suam
2341 3871 2636 3939 nequitiam
2684 3870 2990 3926 declarans.
3027 3870 3144 3937 Qua
3188 3874 3397 3928 ratione
3439 3873 3529 3942 ju-

1966 3978 2089 4032 gum
2117 3961 2348 4018 feliciter
2375 3964 2612 4019 solutum
2643 3971 2726 4020 est
2757 3975 2979 4034 peccato
3015 3965 3460 4022 inservientibus.

2038 4143 2202 4199 Vens.
2239 4145 2326 4199 i0.
2369 4144 2438 4199 Ut
2464 4145 2685 4200 merit-as
2713 4145 2874 4200 nobis
2911 4159 3105 4216 prenas
3134 4145 3240 4200 iste
3275 4145 3526 4204 Christus

1967 4237 2275 4310 suscipiens
2301 4254 2399 4310 pro
2427 4238 2588 4294 nobis
2620 4239 2863 4310 pertulit,
2896 4239 2972 4293 ita
3003 4239 3205 4295 dicitur
3227 4247 3281 4296 et
3312 4242 3528 4295 mundi-

1965 4332 2097 4385 tiam
2119 4371 2134 4396 ,
2168 4329 2328 4386 nobis
2357 4346 2455 4402 per
2485 4330 2642 4385 ﬁdem
2681 4331 2962 4401 adeptam,
2999 4330 3108 4387 Deo
3141 4333 3528 4402 acceptabilem

1968 4421 2103 4476 fore.
2132 4452 2204 4462 —
2231 4420 2333 4478 Hic
2359 4422 2476 4476 dari
2507 4421 2612 4477 sibi
2641 4420 2796 4492 jubet
2833 4436 2942 4478 non
2967 4422 3214 4477 victimas
3236 4462 3250 4486 .
3287 4423 3384 4479 sed
3411 4424 3529 4478 cula

305 4495 404 4549 σὺν
445 4495 694 4567 αἰσθήσει
741 4498 834 4550 καὶ
874 4497 1129 4569 μετανοίᾳ
1153 4515 1167 4528 ⁸
1200 4498 1268 4568 ἢν
1298 4501 1356 4552 ὲν
1404 4499 1526 4562 ταῖς
1571 4497 1862 4568 ἁμαρτίαις

1971 4523 2084 4567 tum
2112 4515 2280 4569 animi
2305 4515 2510 4570 conscii
2551 4521 2606 4570 et
2647 4515 2909 4580 contriti,
2939 4514 3048 4585 quo
3079 4524 3399 4586 peccatores
3418 4532 3528 4569 non

302 4587 632 4659 ποιούμενοι,
687 4586 829 4642 ῐασιν
872 4588 1115 4661 ἐδέχοντο
1157 4589 1412 4661 ψυχικὴν,
1465 4591 1526 4644 οὑ
1576 4589 1733 4659 μόνον
1767 4589 1864 4672 τήν

301 4679 536 4734 ἐνταῦθα
564 4679 706 4751 ζωὴν
735 4680 946 4743 ἑαυτοῖς
973 4681 1502 4752 πραγματευόμενοι.
1846 4750 1848 4753 _

383 4770 601 4842 Ἐπειδὴ
629 4770 707 4823 ἔτι
738 4770 926 4842 κέρδος
969 4773 1171 4826 οίκεῖον
1215 4774 1243 4826 ό
1286 4771 1580 4844 μονογενὴς
1621 4772 1747 4835 Υἱὸς
1773 4770 1866 4824 τοῦ

299 4860 436 4914 θεοῦ
488 4861 694 4914 τίθεται
738 4860 838 4932 τὴν
885 4860 1160 4932 ἡμετέραν
1210 4861 1506 4932 σωτηρίαν,
1551 4861 1737 4933 διόπερ
1777 4862 1869 4914 καὶ

303 4952 463 5023 σῶμα
494 4952 742 5016 ἀνέλαϐε,
797 4953 892 5006 καὶ
943 4951 1011 5004 τὰ
1050 4951 1192 5024 ὑπὲρ
1253 4953 1408 5024 ἡμῶν
1430 4952 1636 5024 ὑπέστη
1671 4953 1815 5016 πάθη
1850 4969 1865 4983 ο

302 5045 615 5112 ἀναγκαίως
652 5044 746 5096 καὶ
797 5043 954 5097 πόνον
992 5043 1155 5098 αὑτοῦ
1209 5042 1552 5114 ἀφαιρεῖσθαι
1598 5044 1794 5111 φάσκει
1841 5045 1871 5097 ό

301 5134 466 5186 αὑτοῦ
494 5133 682 5204 Πατὴρ
723 5133 821 5204 τὴν
855 5134 1130 5205 ἡμετέραν
1163 5132 1306 5186 ἴασίν
1350 5150 1409 5186 τε
1443 5134 1536 5186 καὶ
1569 5132 1830 5206 κάθαρσιν
1851 5148 1866 5163 ⁸

303 5224 398 5277 καὶ
432 5223 547 5293 φῶς
588 5223 736 5294 αὑτῷ
769 5224 937 5288 δεῖξαι
982 5223 1072 5277 τόν
1112 5224 1376 5295 ἡμέτερον
1419 5222 1718 5293 φωτισμὸν,
1748 5223 1868 5276 καθ’

301 5315 362 5368 ὃν
408 5317 862 5388 κατηυγαζόμεθα
892 5318 1026 5387 πρὸς
1056 5317 1382 5386 θεογνωσίαν
1428 5317 1522 5369 καὶ
1554 5314 1867 5386 ἐπίγνωσιν,

302 5407 676 5480 ἀμειϐομένων
722 5409 828 5465 τῶν
874 5409 1019 5481 ῆθῶν
1067 5410 1159 5463 ἐπὶ
1197 5409 1258 5461 τὸ
1296 5408 1522 5480 βέλτιον,
1572 5409 1666 5462 καὶ
1710 5405 1868 5480 μετα-

303 5502 684 5571 πλαττομένων
727 5505 792 5573 τῇ
841 5502 934 5556 τοῦ
963 5501 1098 5556 Θεοῦ
1138 5501 1368 5556 συνέσει.
1406 5499 1512 5554 Τοῦ
1550 5499 1870 5572 μονογενοῦς

305 5590 436 5646 Υίοῦ
452 5590 546 5645 τοῦ
574 5591 705 5644 Θεοῦ
727 5593 847 5647 κατ’
873 5594 1088 5664 ἐντολὴν
1117 5593 1385 5666 πατρικὴν
1412 5595 1584 5649 πάντα
1612 5594 1869 5666 πράττονο

374 5791 421 5824 ⁸⁸
446 5787 549 5850 lsa.
583 5792 700 5861 Elii,
733 5783 788 5847 ’ἴε

1966 4605 2286 4676 corpoream
2313 4609 2523 4662 tantum
2547 4606 2735 4671 vitam,
2762 4606 2856 4662 se‘d
2877 4609 2932 4662 et
2954 4606 3295 4676 spiritualem
3325 4607 3532 4663 sanitaa

1968 4704 2076 4752 tem
2102 4706 2581 4767 consequerentur.

2037 4788 2204 4845 Vens.
2235 4791 2320 4846 11.
2350 4790 2486 4846 Cum
2515 4791 2744 4846 salutem
2771 4797 3014 4845 nostram
3050 4805 3190 4846 onus
3222 4806 3345 4847 esse
3368 4802 3530 4846 suum

1967 4882 2300 4952 reputaverit
2329 4881 2643 4952 unigenitus
2691 4879 2788 4935 Dei
2837 4877 3010 4934 Filius
3030 4919 3045 4943 ,
3077 4886 3132 4934 et
3161 4879 3284 4934 ideo
3309 4894 3532 4934 carnem

1969 4973 2274 5042 susceperit
2320 4986 2384 5025 ac
2431 4987 2530 5042 pro
2579 4970 2737 5026 nobis
2792 4970 2866 5025 sit
2913 4985 3150 5040 passus,
3198 4979 3348 5026 recte
3397 4970 3532 5024 dicit

1967 5065 2128 5119 Pater
2151 5080 2210 5120 se
2237 5064 2352 5118 nali
2379 5064 2595 5118 dolores
2624 5062 2859 5128 auferre,
2891 5078 2995 5119 nos
3013 5063 3257 5118 sanando
3288 5072 3342 5117 et
3375 5076 3534 5115 mun-

1969 5156 2182 5223 dando;
2217 5153 2404 5224 adjicit
2433 5171 2492 5210 se
2520 5153 2808 5210 ostendere
2839 5155 2888 5208 ei
2915 5155 3117 5220 lucem,
3144 5154 3290 5208 illam
3321 5151 3531 5205 scilicet

1967 5264 2076 5320 qua
2108 5249 2397 5304 illuminati
2446 5248 2513 5301 ad
2563 5248 2846 5304 scientiam
2887 5256 2940 5302 et
2985 5244 3394 5316 intelligentiam
3435 5240 3526 5297 Dei

1968 5341 2329 5406 illustramur,
2375 5340 2616 5395 moribus
2648 5340 2704 5394 in
2751 5341 2947 5395 melius
2977 5336 3254 5394 conversis
3293 5341 3347 5390 et
3373 5334 3529 5404 jtnta

1967 5431 2064 5488 Dei
2093 5444 2363 5504 pracepta
2394 5433 2724 5488 inl‘ormatis.
2772 5430 3062 5502 Unigenito
3088 5428 3180 5483 Dei
3211 5424 3374 5490 Filio,
3405 5440 3531 5480 cum

1969 5521 2147 5577 Patris
2179 5523 2434 5590 mandata
2479 5522 2806 5594 perﬁcienda
2850 5527 3066 5583 essent,
3109 5525 3164 5574 et
3191 5518 3374 5572 omnis
3411 5516 3534 5585 ejus

1970 5629 2124 5671 mens
2157 5614 2384 5672 ﬁdeliter
2416 5614 2688 5687 implenda
2708 5655 2723 5682 ,
2754 5628 2976 5670 necesse
3017 5619 3135 5668 erat
3177 5618 3236 5666 ut
3284 5608 3540 5666 Salvator
