4038 6288
567 373 701 429 1350

1719 344 2062 408 TBEODORI
2099 341 2618 398 HERACLEENSIS

3636 337 3820 416 uso,

564 485 778 544 mantili
806 499 866 540 se
893 484 1165 550 cingeret,
1210 480 1265 530 et
1305 487 1502 544 aquam
1535 469 1845 524 infundet-et
1876 466 1931 519 in
1963 461 2131 516 label-

2161 461 2207 517 Α
2233 475 2344 520 τος,
2395 458 2490 511 καὶ
2544 459 2611 526 τῇ
2651 454 2867 523 ὑπακοῇ
2924 452 3029 521 πλη
3040 448 3254 521 ροῦντος
3320 449 3495 503 πᾶσαν
3561 449 3740 510 ἔννοιαν.

569 583 719 642 ιυω,
763 583 1064 643 cunctaque
1115 583 1398 625 servorum
1450 577 1680 619 munera
1728 560 1953 615 subiret.
2001 556 2134 621 Quae

569 670 753 727 omnia
799 667 969 721 Filius
1009 661 1191 718 studio
1241 658 1531 731 praestitit,
1582 655 1766 709 cibum
1808 666 1967 707 suum
2015 663 2137 703 esse

571 776 843 822 asserens.
880 767 940 812 ut
969 757 1131 811 faciat
1161 755 1491 808 voluntatem
1519 748 1698 802 Patris
1720 747 1787 803 ".

644 1029 810 1088 Vens.
845 1029 931 1084 12.
973 1026 1260 1082 Possessio
1291 1021 1415 1076 Filii
1442 1030 1709 1075 vocantur
1744 1017 2058 1089 quicunque
2086 1013 2139 1066 in

574 1142 696 1183 eum
725 1124 987 1188 credunt,
1034 1137 1136 1175 nec
1169 1118 1440 1172 immerito
1481 1114 1700 1170 eosdem
1751 1118 1909 1164 antea
1943 1107 2140 1162 diaboli

576 1220 752 1290 spolia
794 1218 968 1271 fuisse
1017 1214 1245 1268 dixeris.
1289 1210 1423 1264 Cum
1474 1206 1791 1277 unigenitus
1840 1203 1935 1257 Dei
1969 1201 2144 1255 Filius

575 1311 812 1368 mirabili
845 1308 1222 1365 incarnatione
1252 1320 1351 1358 sua
1381 1316 1576 1356 omnes
1609 1297 1677 1352 ad
1722 1297 1900 1350 Patris
1941 1303 1993 1348 et
2021 1292 2142 1346 Filii

579 1407 907 1477 agnitionem
970 1399 1293 1462 deduxerit,
1346 1398 1414 1450 ab
1464 1393 1748 1449 erroribus
1805 1399 1858 1444 et
1916 1387 2146 1458 imperio

578 1497 776 1552 diaboli
804 1496 1062 1549 liberatos
1084 1533 1100 1556 ,
1133 1507 1292 1558 quem
1328 1488 1520 1542 fortem
1552 1501 1675 1540 esse
1713 1490 1966 1538 errantes
1993 1479 2146 1550 prius

581 1589 1009 1649 existimabant,
1054 1592 1204 1638 recte
1233 1598 1334 1635 nos
1387 1582 1455 1635 ab
1487 1595 1553 1632 co
1601 1576 1871 1647 possideri
1915 1573 2148 1626 dicimur

583 1683 876 1754 participes
913 1681 1033 1747 ejus
1061 1676 1275 1738 effecti,
1309 1674 1543 1743 spoliato
1575 1672 1813 1735 diabolo,
1855 1669 1944 1722 cui
1977 1668 2150 1719 inser-

585 1780 697 1832 vire
724 1776 1065 1831 videbamur.

658 1936 790 1990 Cn.
823 1932 960 1995 LIV,
994 1930 1156 1985 Vens.
1195 1932 1246 1983 1.
1297 1928 1426 1994 ριιτε
1453 1943 1549 1997 per
1581 1938 1900 1996 anagogiam
1928 1923 1996 1977 de
2039 1922 2154 1975 sin-

588 2029 728 2098 gulis
752 2027 947 2081 animis
994 2025 1174 2078 valent
1216 2024 1299 2076 sui
1332 2020 1661 2083 incuriosis;
1694 2017 1997 2088 praesertim
2026 2029 2154 2069 vero

589 2122 658 2176 de
689 2120 970 2175 vocatione
994 2118 1232 2187 gentium
1277 2129 1398 2185 quae
1420 2154 1434 2178 ,
1487 2111 1768 2166 Salvatore
1798 2108 2118 2163 adveniente
2137 2147 2152 2171 ,

591 2213 848 2281 augenda:
875 2221 928 2265 et
960 2208 1389 2278 multiplicandaa
1417 2213 1599 2262 erant.

662 2306 826 2360 Vens.
854 2305 909 2358 2.
947 2301 1077 2368 Qua:
1107 2301 1324 2370 quidem
1358 2299 1424 2352 ad
1461 2300 1634 2367 ipsam
1677 2293 1977 2350 Jerusalem
2017 2291 2157 2346 refe-

592 2397 795 2461 renda,
842 2403 964 2467 post
1007 2394 1373 2462 captivitatem
1425 2390 1762 2460 augendam;
1801 2387 2000 2442 rectius
2029 2400 2158 2440 vero

594 2492 661 2545 ad
712 2492 860 2560 ipsas
909 2488 1172 2543 ecclesias
1226 2483 1474 2555 quotidie
1517 2483 1773 2536 dilatatas
1818 2487 1874 2535 et
1931 2477 2133 2549 amplili

595 2592 768 2646 catas,
813 2579 1196 2636 accedentibus
1222 2590 1576 2647 quoscunque
1607 2574 1779 2645 gratia
1811 2572 1905 2626 Dei
1949 2585 2148 2641 permo

593 2675 769 2736 verit;
821 2673 1087 2742 intelliges
1131 2671 1297 2724 etiam
1355 2684 1420 2724 ea
1482 2668 1550 2723 de
1606 2680 1933 2737 quacunque
1984 2662 2161 2716 anima

598 2767 812 2836 egregie
838 2763 1090 2818 mandata
1116 2761 1207 2817 Dei
1240 2761 1572 2832 perﬁcienle.

671 2950 840 3005 Vens.
871 2951 925 3004 '5.
969 2948 1233 3018 Loquitur
1267 2948 1358 3001 hic
1389 2961 1553 3001 sensu
1598 2944 1900 3015 anagogico
1939 2941 2009 2996 de
2041 2955 2168 3012 gcn-

603 3045 782 3108 tibus,
827 3043 894 3097 ab
926 3041 1094 3096 Israel
1136 3055 1247 3094 non
1281 3047 1337 3092 ut
1367 3047 1592 3108 pereant
1630 3037 1850 3107 quidem
1883 3035 2171 3106 possiden-

2235 547 2525 602 ἀκόλουθον
2563 548 2658 599 καὶ
2699 546 2760 598 τδ
2797 543 3156 614 περιεζῶσθαι
3186 543 3389 595 λέντιον
3419 541 3505 594 τὸν
3535 543 3742 615 Σωτῆρι,

2237 641 2328 693 καὶ
2380 639 2522 708 ὕδωρ
2572 637 2749 708 βαλεῖν
2805 639 2883 698 εἰς
2928 637 3020 687 τὸν
3071 635 3342 704 νιπτῆρα,
3388 633 3479 684 καὶ
3519 634 3608 703 τὴν
3641 638 3746 705 προς

2238 733 2415 785 πάντα
2447 730 2690 784 δουλείαν
2725 725 3115 791 ἀναδέξασθαι·
3141 720 3220 788 οἷς
3252 725 3384 776 πᾶσι
3407 725 3679 794 γενομένοις
3702 730 3748 778 ἐκ

2240 823 2546 895 προθυμίας
2596 820 2804 884 παιδὸς,
2855 819 3056 890 βρῶσιν
3109 817 3164 870 δὲ
3209 817 3544 885 λογιζομένου
3589 818 3750 887 ὑπηρε-

2239 917 2448 970 τεῖσθαι
2474 919 2587 978 τοῖς
2617 914 2709 967 τοῦ
2737 912 2948 983 Πατρὸς
2978 910 3268 980 θελήματι.

2311 1010 2656 1083 κληρονομία
2697 1007 2826 1060 Tia-3
2861 1005 3106 1072 λέγονται
3142 1001 3340 1064 πάντες
3369 1003 3417 1053 οἱ
3456 1002 3750 1067 πιστεύοντες

2242 1107 2321 1168 εἰς
2358 1104 2536 1164 αὐτὸν,
2569 1102 2756 1170 ὥσπερ
2783 1097 2877 1150 καὶ
2901 1091 3333 1166 προγεγενῆσθαι
3365 1093 3525 1144 σκῦλα
3554 1092 3747 1157 δικαίως,

2243 1193 2307 1246 ἄν
2340 1210 2423 1255 τις
2453 1193 2594 1243 εἴποι
2620 1189 2713 1241 τοῦ
2751 1187 3024 1240 διαϐόλου.
3077 1183 3293 1252 Ἐπειδὴ
3327 1183 3494 1234 τοίνυν
3521 1186 3546 1236 ὁ
3575 1202 3750 1254 μονογε-

2243 1285 2340 1356 νὴς
2375 1284 2499 1344 Υἱὸς
2539 1281 2632 1333 τοῦ
2669 1278 2803 1332 Θεοῦ
2839 1281 2903 1348 τῇ
2953 1277 3238 1347 θαυμαστῇ
3287 1275 3554 1346 οἰκονομίᾳ⁸
3591 1278 3752 1340 πάντας

2244 1376 2556 1446 ᾠκειώσατο
2590 1375 2668 1435 εἰς
2695 1373 2793 1443 τὴν
2822 1370 3033 1441 Πατρὸς
3056 1371 3149 1422 καὶ
3175 1366 3306 1420 Υἰοῦ
3327 1367 3535 1435 γνῶσιν,
3563 1368 3755 1420 ﬁrmami-

2250 1487 2347 1532 σας
2376 1468 2474 1536 τῆς
2505 1466 2713 1535 πλάνης
2737 1465 2829 1516 καὶ
2855 1463 2954 1532 τῆς
2979 1460 3290 1532 τυραννίδος
3320 1458 3412 1511 τοῦ
3441 1457 3656 1511 διαϐόλου
3675 1501 3687 1523 ,
3709 1461 3754 1512 ὃν

2253 1560 2469 1631 ἰσχυρὸν
2497 1558 2726 1629 ἡγοῦντο
2756 1551 2893 1608 εἶναι
2926 1556 2975 1605 οἰ
3002 1552 3061 1606 τὸ
3090 1553 3219 1622 πρὶν
3248 1549 3599 1619 πλανώμενοι·
3628 1552 3755 1617 ἀναγ-

2250 1655 2420 1715 καίως
2451 1650 2674 1712 τούτους
2705 1643 3210 1718 κεκληρονομῆσθαι
3244 1644 3438 1710 φάσκει
3481 1642 3648 1712 μερίδα
3683 1645 3753 1695 αὖ·

2253 1745 2344 1798 τοῦ
2377 1742 2726 1813 γεγενῆσθαι,
2775 1737 3158 1798 σκυλευθέντος
3190 1735 3284 1788 τοῦ
3313 1733 3578 1797 δοκοῦντος
3609 1735 3753 1796 αὐτοὺς

2254 1839 2475 1908 κρατεῖν
2501 1833 2768 1888 διαϐόλου.

2324 1926 2507 1979 Ταῦτα
2555 1924 2696 1978 κατὰ
2750 1925 3039 1992 ἁναγωγην
3091 1920 3184 1973 καὶ
3239 1921 3321 1982 εἰς
3370 1919 3588 1988 ἑκάστην
3623 1917 3752 1988 ψυχὴν

2255 2016 2571 2089 ἐκληπτέον,
2602 2015 2954 2087 ἀμελήσασαν
2983 2016 3179 2084 ἑαυτῆς
3198 2027 3214 2042 ·
3242 2011 3305 2064 οὐ
3332 2009 3435 2081 μὴν
3463 2009 3584 2062 ἀλλὰ
3608 2010 3678 2061 καὶ
3696 2011 3753 2070 εἰς

2255 2110 2352 2179 τὴν
2381 2109 2570 2178 κλῆσιν
2596 2107 2704 2160 τῶν
2734 2105 2902 2160 ἐθνῶν
2931 2104 3278 2175 αὐξηθέντων
3307 2104 3401 2155 καὶ
3431 2099 3751 2171 πληρωθέντων

2256 2206 2362 2258 ἀπὸ
2393 2205 2490 2275 τῆς
2515 2203 2607 2256 τοῦ
2638 2203 2886 2272 Σωτῆρος
2911 2200 3216 2272 παρουσίας

2327 2296 2435 2350 Καὶ
2463 2295 2634 2348 ταῦτα
2664 2294 2749 2346 ἐπ’
2787 2293 2954 2363 αὐτῆς
2981 2293 3078 2362 τῆς
3117 2292 3181 2344 Ἱε
3192 2290 3467 2360 ρουσαλὴμ
3492 2287 3750 2358 ὲκληιιτέον,

2260 2388 2560 2459 αὐξομένης
2624 2385 2759 2456 μετὰ
2808 2386 2907 2456 τὴν
2949 2382 3357 2453 αἰχμαλωσίαν·
3405 2377 3753 2451 κυριώτερονῶ

2260 2481 2344 2532 ἐπ’
2370 2479 2547 2534 αὐτῶν
2574 2477 2682 2531 τῶν
2719 2475 3052 2546 Ἐκκλησιῶν
3089 2475 3369 2545 ὁσημέραι
3416 2470 3754 2539 πλατυνομένων

2262 2575 2354 2628 καὶ
2379 2571 2618 2625 ἐπίδοσιν
2657 2568 3048 2640 λαμϐανουσῶν
3102 2567 3192 2620 διὰ
3247 2565 3356 2617 τῶν
3395 2561 3756 2634 προστιθεμένων

2260 2666 2327 2735 τῇ
2371 2664 2552 2733 χάριτι
2623 2659 2716 2713 τοῦ
2786 2657 2954 2713 Θεοῦο
3027 2659 3230 2710 νοεῖται
3292 2653 3350 2706 δὲ
3416 2653 3504 2706 καὶ
3562 2651 3625 2711 εἰς
3665 2649 3757 2700 ἑκά-

2266 2771 2397 2824 στην
2439 2752 2614 2824 ψυχὴν
2656 2750 3012 2805 συντελοῦσαν
3060 2750 3139 2812 εἷς
3184 2766 3238 2801 τι
3284 2745 3392 2800 τῶν
3435 2744 3527 2814 τῆς
3562 2741 3757 2811 ἀληθείας

2266 2847 2466 2903 καλῶν.

2338 2943 2498 3010 Λέγει
2526 2941 2583 2992 δὲ
2610 2939 2705 2993 καὶ
2733 2935 2873 2990 κατὰ
2909 2933 3200 3004 ἀναγωγὴν
3233 2932 3361 3003 περὶ
3384 2929 3486 2982 τῶν
3518 2925 3659 2978 ἐθνῶν
3681 2919 3760 2974 τῶν

2275 3033 2574 3106 μελλόντων
2619 3029 2692 3100 μὴ
2731 3029 2810 3091 εἰς
2859 3027 3085 3080 θάνατον
3117 3018 3557 3094 κληρονομεῖσθαι
3595 3015 3668 3068 ὑπ’
3695 3011 3761 3063 αὐ·

605 3137 714 3204 dis,
748 3136 844 3190 sed
876 3143 934 3188 ut
964 3149 1070 3188 una
1104 3131 1206 3187 lide
1237 3103 1525 3186 credentes
1553 3103 1677 3184 cum
1715 3131 1836 3199 ipso
1868 3103 2170 3184 salventur.
2198 3163 2200 3179 ‹

2162 3142 2242 3201 ,α
2272 3103 2402 3193 τῶν,
2448 3126 2563 3178 ἀλλ’
2628 3125 2708 3185 εἰς
2778 3118 3123 3190 περιποίησιν
3180 3116 3280 3168 καὶ
3355 3108 3603 3181 σωτηρίαν
3649 3103 3757 3171 κοινῇ

685 3316 846 3372 Vens.
881 3315 930 3369 7.
967 3315 1178 3369 Cuncta
1240 3328 1300 3368 se
1344 3312 1487 3366 mala
1529 3311 1792 3366 oblivioni
1839 3310 2168 3364 traditurum

608 3413 832 3469 indicat.
869 3410 960 3464 Sic
997 3409 1142 3464 enim
1193 3408 1370 3477 inquit
1406 3425 1418 3460 :
1456 3404 1790 3460 (Iondonabo
1818 3401 2174 3474 negligentias

610 3513 754 3565 tuas.
778 3512 838 3558 ut
861 3505 971 3574 jam
991 3515 1102 3555 non
1121 3499 1355 3569 amplius
1386 3496 1484 3551 tibi
1515 3510 1699 3550 earum
1733 3494 2050 3548 memoriam
2079 3507 2142 3546 ex

611 3597 887 3667 probrem,
941 3591 1087 3663 quod
1143 3589 1321 3644 facere
1355 3588 1531 3644 solent
1559 3587 1652 3657 qui
1693 3586 1878 3655 lapsas
1921 3583 2177 3638 mulieres

613 3686 681 3740 ad
709 3693 922 3755 tempus
955 3681 1228 3751 rejiciunt.

688 3777 850 3832 Vens.
874 3777 960 3830 Η.
992 3772 1393 3830 lnclementiam
1421 3771 1508 3826 hic
1528 3771 1768 3826 declarat
1783 3767 2176 3824 Chaldaeorum.

614 3872 827 3942 Quippe
863 3868 978 3938 qui,
1003 3881 1199 3921 munus
1228 3879 1353 3919 cum
1389 3863 1730 3932 accepissent
1763 3875 1794 3912 a
1829 3858 1938 3914 Deo
1965 3857 2180 3912 Israeli-

617 3969 700 4017 tas
735 3970 952 4031 propter
1000 3963 1222 4028 peccata
1276 3954 1567 4024 puniente,
1617 3965 1715 4006 sua
1747 3949 1910 4004 etiam
1959 3947 2182 4002 nnidine

616 4054 894 4123 graviores
945 4052 1001 4106 in
1052 4065 1147 4106 eos
1193 4062 1384 4119 poenas
1421 4045 1866 4115 excogitaverunt
1917 4050 1971 4096 et
2007 4041 2182 4095 inten-

620 4148 838 4202 derunt.

697 4236 858 4291 νεεδ.
889 4236 971 4289 l7.
1003 4234 1086 4288 Nil
1106 4233 1448 4305 profecturos
1477 4230 1717 4286 hostium
1749 4227 2004 4282 incursus
2027 4224 2182 4288 dicit,

622 4331 742 4400 ipso
779 4325 1073 4382 Jerusalem
1100 4332 1448 4394 protegente;
1477 4336 1586 4376 non
1625 4319 1770 4374 enim
1795 4317 1994 4373 valebit
2025 4330 2186 4369 omne

623 4436 720 4476 vas
751 4417 949 4474 hostile
976 4417 1031 4470 in
1064 4431 1195 4479 vos;
1229 4413 1543 4482 vosmetipsi
1576 4410 1928 4482 superabitis.

698 4599 826 4654 Cn.
858 4595 968 4663 LV,
1004 4595 1170 4651 Vens.
1204 4594 1257 4648 2.
1307 4593 1536 4648 Paratus
1571 4602 1655 4648 est
1685 4592 1950 4648 Dominus
1980 4591 2049 4647 ad
2089 4591 2189 4646 du-

631 4692 834 4747 cendos
858 4690 1130 4752 homines,
1167 4689 1232 4743 ad
1266 4703 1360 4744 eos
1382 4687 1539 4742 bonis
1567 4686 1850 4742 donandos
1881 4686 2191 4742 misericors

631 4783 811 4850 Deus;
856 4799 957 4839 nec
993 4783 1136 4838 dona
1189 4781 1523 4853 temporaria
1573 4780 1735 4835 modo
1787 4779 1876 4834 hic
1924 4794 1983 4834 se
2035 4777 2194 4832 nobis

631 4875 952 4944 largiturum
1010 4874 1330 4939 annuntiat,
1389 4873 1481 4930 sed
1535 4879 1589 4928 et
1642 4880 1843 4927 aeterna
1902 4872 1958 4925 in
2007 4871 2190 4936 cmlo;

634 4967 770 5023 nihil
795 4965 941 5020 aliud
971 4982 1001 5020 a
1043 4968 1200 5022 nobis
1239 4967 1533 5037 deposcet,
1576 4965 1683 5020 nisi
1715 4964 1956 5018 animum
1983 4971 2196 5035 gratum

633 5069 688 5115 et
715 5058 948 5114 docilem
971 5097 987 5123 ,
1018 5059 1232 5114 docenti
1258 5059 1688 5116 consentientem
1707 5101 1721 5124 ,
1747 5065 1801 5113 et
1828 5056 2048 5112 vocanti
2074 5071 2196 5109 cum

638 5151 823 5207 studio
853 5153 1294 5222 respondentem.

713 5241 876 5300 Vens.
908 5244 963 5300 5.
997 5242 1233 5298 Auribus
1263 5246 1539 5301 attendere
1563 5244 1690 5299 dum
1716 5243 1903 5314 jubet,
1939 5256 2048 5296 non
2082 5256 2207 5297 sen-

641 5353 737 5393 sus
766 5338 1012 5408 corporis
1045 5335 1326 5391 intendere
1362 5337 1600 5392 videtur.
1634 5337 1770 5390 Nam
1806 5336 1984 5391 oculis
2030 5342 2207 5392 atten-

644 5429 869 5498 dentes,
899 5429 1093 5486 iisdem
1135 5429 1324 5483 audire
1362 5446 1470 5484 non
1515 5432 1800 5496 valemus;
1843 5445 1943 5486 nec
1981 5429 2207 5484 auribus

647 5524 985 5588 attendenti,
1024 5525 1213 5579 iisdem
1256 5524 1441 5578 videre
1491 5523 1635 5577 licet.
1708 5524 1863 5589 Quod
1923 5524 2086 5578 etiam
2145 5521 2210 5576 de

649 5619 859 5672 caeteris
916 5621 1162 5688 corporis
1193 5619 1443 5675 sensibus
1487 5616 1649 5672 valet.
1685 5616 1803 5681 Quo
1842 5624 2058 5672 constat
2087 5631 2209 5670 cum

727 5779 772 5812 "
788 5779 944 5834 Joan.
989 5796 1061 5845 Iv,
1087 5781 1173 5834 5L

2275 3217 2678 3273 πιστευσάντων
2707 3212 2817 3265 τῶν
2847 3210 3033 3264 ἐθνῶν.

2343 3310 2417 3363 Τὸ
2448 3305 2822 3378 ἀμνησίκακον
2847 3299 2938 3352 τοῦ
2967 3296 3101 3350 Θεοῦ
3131 3294 3225 3350 καλ¹
3259 3295 3316 3348 ὲν
3350 3291 3514 3360 τούτῳ
3535 3285 3758 3359 δηλοῦται*

2273 3402 2414 3455 οὓτω
2451 3377 2559 3470 γάρ
2589 3412 2742 3466 φησιο
2779 3391 3123 3462 Συγχωρήσω
3149 3386 3221 3440 τὰ
3257 3377 3664 3455 πλημμελήματά
3686 3391 3756 3470 cf.

2275 3494 2350 3558 ὡς
2383 3465 2637 3564 μηδὲ-εις
2681 3486 2983 3556 ὑπόμνησιν
3017 3479 3195 3534 αὐτῶν
3229 3495 3361 3531 ποτε
3401 3475 3592 3529 ἐλθόντα
3619 3465 3763 3564 ὀνειδί-

2279 3555 2402 3638 σαιέ
2433 3555 2686 3651 καθάπερ
2713 3555 2958 3631 ποιοῦσιν
2984 3575 3031 3627 oi
3064 3572 3331 3642 γυναῖκας
3363 3562 3664 3639 ἁμαρτούσας
3681 3555 3766 3608 ὀλί-

2278 3697 2372 3749 γον
2410 3674 2832 3748 ἀπορρίψαντες.

2349 3769 2460 3839 Τῆς
2490 3742 2878 3836 ἀπανθρωπίας
2904 3758 3132 3814 ἐνταῦθα
3156 3757 3532 3829 κατηγορεῖται
3555 3749 3644 3803 τῶν
3667 3742 3770 3799 Χαλ-

2279 3864 2462 3928 δαίων,
2490 3858 2762 3912 λαϐόντων
2804 3855 2902 3926 μὲν
2949 3850 3100 3924 παρὰ
3146 3849 3239 3904 τοῦ
3287 3849 3420 3902 Θεοῦ
3464 3845 3521 3899 τὸ
3556 3841 3770 3906 ἐνδόσιμον

2280 3957 2373 4012 τοῦ
2399 3949 2813 4026 τιμωρήσασθαι
2851 3948 2976 4012 τοὺς
3016 3943 3358 4018 Ἰσραηλίτας
3383 3941 3466 3995 διὰ
3492 3938 3554 3992 τὰ
3580 3935 3774 4026 πλημμεκ

2281 4023 2510 4120 ληθέντα
2538 4023 2735 4106 αὐτοῖς,
2771 4040 2911 4112 ἰσχύϊ
2945 4039 3002 4091 δὲ
3043 4037 3148 4108 ἰδίᾳ
3188 4033 3549 4106 λογισαμένων
3587 4026 3662 4079 καὶ
3693 4023 3773 4074 ἐπι-

2283 4140 2564 4193 τεινόντων
2594 4136 2776 4198 αὑτοῖς
2807 4132 2878 4186 τὰ
2907 4130 3074 4186 δεινά.

2353 4233 2465 4304 Τὴν
2490 4231 2638 4301 παρὰ
2663 4227 2770 4281 τῶν
2797 4224 3070 4295 πολεμίων
3108 4221 3296 4292 ἔφοδον
3333 4219 3429 4289 τῆς
3457 4210 3622 4304 αὐτοῦ.

2289 4292 2776 4395 παρούσηςάὐτοῖς
2819 4292 3167 4384 ἀδυνατήσειν
3212 4309 3395 4379 λέγει·
3428 4303 3536 4358 οὐδὲ
3570 4298 3662 4367 γὰρ
3699 4292 3776 4344 πᾶν

2292 4416 2480 4479 σκεῦος
2505 4409 2797 4483 πολεμικὸν
2831 4407 3037 4479 ἰσχύσει
3077 4404 3197 4458 καθ’
3227 4399 3382 4472 ὑμῶν
3400 4415 3414 4428 ·
3441 4396 3584 4466 ὑμεῖς
3609 4398 3777 4457 περιγεο

2220 4484 2266 4542 D
2293 4508 2355 4560 νή
2364 4524 2420 4559 σε
2429 4505 2520 4558 σθε
2549 4503 2722 4573 ὑμῶν.

2360 4559 2614 4668 Ἕτοιμος
2651 4593 2726 4646 ὢν
2779 4591 2915 4662 πρὸς
2955 4587 3056 4650 τὰς
3090 4583 3352 4657 χορηγίας
3374 4581 3402 4633 δ
3431 4559 3778 4668 Δεσπότηςνρκαὶ

2292 4692 2468 4764 βρύων
2502 4662 2612 4750 ἑοῖς
2649 4684 2871 4753 ἀγαθοῖς
2920 4683 2949 4734 ὁ
2997 4676 3372 4748 φιλάνθρωπος
3407 4668 3555 4764 Θεός²
3581 4662 3633 4715 οὐ
3660 4666 3779 4764 313:):

2536 4741 2768 4833 ἐνταῦθα
2813 4741 3420 4842 ἀγαθὰ-ἐπαγγέλλεται
3455 4757 3642 4856 δώσειν,
3681 4741 3779 4798 ἀλλά

2293 4843 2385 4930 καί
2425 4873 2531 4927 τῶν
2561 4869 2852 4943 μετέπειτα
2883 4863 3114 4918 αἰωνίων
3138 4856 3355 4930 δωρεῶν
3381 4853 3474 4924 τὴν
3507 4843 3778 4940 ἀπόλαυσιγ’

2295 4968 2445 5022 οὐδὲν
2469 4938 2654 5036 ἕτερον
2679 4960 2900 5015 ἀπαιτεῖ
2929 4957 2962 5027 ἢ
2999 4951 3313 5024 εὐγνώμονα
3338 4938 3610 5036 ἀκροατην,
3632 4938 3781 5036 fuit”

2297 5079 2366 5115 τα
2403 5059 2496 5130 μὲν
2541 5025 2608 5109 τὰ
2649 5025 3368 5123 λεγόμεναξπροστρέχοντα
3407 5038 3460 5090 δὲ
3493 5031 3564 5102 τῷ
3587 5025 3780 5080 καλοῦντι

2303 5150 2419 5224 μετ’
2447 5147 2678 5209 εὐνοίας.

2324 5279 2340 5284 ν-
2372 5242 2445 5295 Τὸ
2479 5205 2766 5311 προσέχειν
2793 5232 2926 5286 ὠσὶν
2955 5232 3028 5294 ὼς
3055 5223 3187 5299 ἧκεν
3215 5226 3292 5287 εἰς
3340 5219 3434 5282 τὰς
3464 5213 3556 5311 τοῦ
3589 5205 3781 5311 Utinm???

2305 5299 2591 5407 αἰσθήσεις
2631 5299 2982 5385 ἀνακόλουθον
3015 5317 3151 5375 εἶναι
3195 5315 3366 5407 δοκεῖ·
3414 5299 3780 5407 ὀφθαλμοζίεέῗξ

2307 5380 2681 5500 προσέχοκίτες,
2726 5420 2835 5483 τοῖς
2876 5417 3059 5478 αὐτοῖς
3091 5411 3184 5465 καὶ
3227 5405 3434 5500 ἀκούειν
3461 5400 3516 5453 οὐ
3536 5380 3776 5500 Fuﬁi":

2313 5461 2681 5500 ..γυυελυνυειυ
2738 5461 2833 5483 nu,
2876 5461 3056 5478 ..ν---τ
3093 5461 3182 5465 ---μ
3230 5461 3258 5464 -,

2307 5519 2401 5572 ml.
2450 5515 2581 5569 ὠσὶν
2629 5510 2934 5572 ἀκούοντες,
2979 5503 3184 5564 τούτοις
3242 5495 3447 5569 βλέπειν
3502 5485 3587 5554 οὐχ
3636 5461 3778 5599 οἷίξί

2943 5597 2948 5599 -
3015 5597 3024 5599 -
3080 5596 3089 5599 —
3183 5589 3208 5599 -
3285 5585 3359 5599 --κ
3469 5575 3566 5599 -.⁴¹¹...
3597 5577 3703 5599 una-tl

2310 5615 2472 5680 ἐςμεν
2497 5627 2510 5642 ⁸
2543 5604 2742 5678 ὁμοίως
2773 5601 2828 5655 δὲ
2869 5597 2964 5653 καὶ
3011 5596 3103 5648 ἐπὶ
3141 5589 3248 5644 τῶν
3279 5585 3442 5641 ἄλλων
3467 5575 3566 5630 τῶν
3597 5569 3704 5622 κατά
3735 5569 3758 5604 τ
