4038 6288
297 345 425 401 1361
1715 363 1783 417 IN
1822 363 1865 419 ιε

1960 365 2072 423 ΑΜ.
3400 384 3543 440 1363

298 462 459 535 σῶμα
513 465 851 536 αἰσθήσεωνσ
900 470 977 535 ὡς
1016 460 1091 525 ’ἐκ
1149 473 1337 527 τούτου
1381 475 1686 534 δείκνυσθαι
1741 498 1865 553 συμ-

1971 486 2128 541 nobis
2158 487 2478 553 consulere,
2512 496 2570 543 ut
2604 489 2779 546 oculis
2811 491 2976 546 animi
3008 499 3382 561 attendamus,
3415 500 3536 567 qui-

297 554 569 624 βουλεύειν
614 559 795 623 αὑτοῖς
838 562 1125 634 προσέχειν
1154 564 1293 618 κατὰ
1321 567 1447 630 τοὺς
1492 569 1590 638 τῆς
1630 569 1864 636 διανοίας

1964 578 2068 633 bus
2091 584 2145 632 et
2166 576 2355 632 audire
2382 577 2466 633 fas
2494 585 2574 634 est
2604 599 2618 645 ;
2654 580 2881 650 simplex
2910 582 3056 637 enim
3085 597 3206 637 cum
3237 585 3308 640 sit
3339 554 3541 642 natura-

295 646 628 735 ὀφθαλμοὺς,
661 649 782 703 καθ’
813 651 907 716 οὓς
937 654 1028 706 καὶ
1055 656 1275 709 ἀκούειν
1297 656 1518 712 δυνατόν
1537 676 1551 691 ’
1581 660 1725 733 ἁπλῆ
1751 663 1864 735 γάρ

294 754 379 801 τις
401 734 533 792 οὖσα
564 741 597 810 ή
635 740 779 812 ψυχὴ
809 744 903 797 καὶ
935 746 1208 817 μονοειδὴς
1233 746 1331 818 τὴν
1363 748 1542 818 φύσιν,
1578 755 1677 823 μιᾷ
1709 753 1865 809 δυνά-

299 846 389 898 μει
420 829 480 882 τό
505 847 564 883 τε
589 832 806 886 ἀκούειν
838 837 931 888 καὶ
964 838 1096 909 ὁρᾷν
1125 828 1405 912 κέκτηται.

378 921 515 975 Ἀλλ’
560 923 690 987 ἴσως
734 931 1056 999 στενοχωρεῖ
1103 929 1267 1001 ὑμᾶς,
1321 933 1414 987 καὶ
1464 933 1661 990 κωλύει
1715 937 1863 1010 αὐτῷ

295 1017 628 1083 προσφυγεῖν
662 1016 722 1069 τὸ
759 1017 958 1090 πλῆθος
982 1019 1088 1073 τῶν
1119 1023 1400 1095 ἁμαρτιῶν
1429 1026 1523 1080 καὶ
1556 1027 1616 1080 τὸ
1653 1029 1732 1092 είς
1769 1029 1865 1082 αὑ-

252 1188 255 1191 .
294 1104 384 1160 τὸν
427 1107 787 1179 ἠσεϐηκέναι·
820 1110 936 1166 ἀλλ’
984 1113 1104 1168 οὐδέ
1140 1134 1241 1170 που
1285 1117 1425 1189 μέγα
1473 1119 1700 1191 κώλυμα
1735 1124 1862 1194 ὑμῖν

296 1201 562 1264 φανεῖται,
599 1201 647 1253 εἰ
676 1200 767 1254 τὸν
811 1201 974 1256 αὐτοῦ
1016 1202 1161 1259 ἔλεον
1203 1206 1407 1275 ἄφατον
1456 1210 1583 1263 ὑντα
1629 1210 1863 1283 ἐνθυμη-

294 1292 443 1363 θῆτε.
472 1292 547 1346 Οὐ
576 1291 682 1363 γὰρ
707 1293 941 1348 τοσαῦτα
978 1294 1131 1350 ἔσται
1157 1296 1309 1368 ὑμῶν
1335 1299 1401 1353 τὰ
1428 1300 1592 1365 κακὰ,
1619 1300 1694 1366 ὼς
1719 1304 1865 1375 νικῆ-

297 1403 387 1440 σαι
412 1385 506 1439 καὶ
532 1387 856 1458 ὑπερϐαλεῖν
877 1386 974 1460 τὴν
1006 1389 1171 1443 αὑτοῦ
1205 1390 1611 1464 φιλανθρωπίαν
1634 1411 1649 1425 ·
1680 1395 1864 1459 πολὺς

294 1479 400 1549 γὰρ
440 1478 515 1532 ὢν
550 1481 608 1534 ἐν
649 1481 971 1552 οίκτιρμοῖς,
1004 1482 1200 1553 πολλὴν
1243 1484 1337 1538 καὶ
1375 1486 1473 1556 τὴν
1521 1486 1711 1556 ἄφεσιν
1753 1487 1862 1542 τῶν

294 1571 577 1641 ἁμαρτιῶν
600 1572 753 1643 ὑμῶν
779 1574 1059 1646 ποιήσεται
1078 1591 1092 1605 ’
1117 1575 1209 1628 καὶ⁵
1230 1576 1402 1642 οὑτως
1427 1579 1568 1649 ὑμᾶς
1591 1579 1863 1653 καθαροὺς

295 1661 585 1729 ἀποδείξει,
631 1663 706 1726 ὡς
755 1663 886 1735 μηδὲ
935 1661 1080 1735 ῐχνος
1124 1664 1392 1731 σώζεσθαι
1433 1667 1543 1721 τῶν
1584 1669 1862 1742 προτέρων

297 1754 449 1824 ὑμῶν
475 1756 688 1828 ἀμαρτη
698 1756 900 1827 μάτων.

1966 668 2182 724 animus
2218 678 2272 724 et
2317 670 2716 742 incompositus
2741 713 2756 739 ,
2787 688 2892 727 una
2934 674 3235 744 eademque
3277 676 3533 737 facultate

1965 761 2118 815 audit
2149 776 2212 817 ac
2244 762 2408 818 videt.

2033 931 2200 987 Vens.
2228 932 2279 988 7.
2313 930 2620 1005 Impediunt
2648 940 2704 989 te
2736 933 2969 989 fortasse
2996 945 3217 1004 peccata
3248 944 3340 992 tua
3370 944 3537 1009 atque

1964 1022 2020 1077 in
2041 1021 2206 1077 Deum
2231 1022 2505 1093 impietas,
2538 1031 2591 1079 et
2618 1032 2803 1079 vetant
2828 1041 2897 1080 ne
2922 1025 2988 1080 ad
3015 1026 3191 1095 ipsum
3220 1026 3528 1099 confugias.

1962 1114 2118 1182 Quod
2172 1115 2217 1169 si
2277 1123 2457 1170 autem
2513 1115 2943 1171 misericordiam
2989 1117 3109 1187 ejus
3156 1110 3529 1190 perpenderis,

1959 1207 2069 1276 jam
2099 1206 2235 1260 nihil
2268 1213 2320 1261 te
2362 1204 2629 1275 impedire
2662 1206 2903 1274 valebit;
2942 1223 3051 1262 non
3095 1208 3239 1263 enim
3272 1224 3335 1264 ea
3369 1218 3532 1265 erunt

1962 1305 2184 1369 peccata
2218 1307 2332 1364 tua,
2359 1312 2481 1368 quae
2520 1297 2911 1369 benignitatem
2937 1299 3057 1368 ejus
3087 1300 3308 1356 vincere
3335 1309 3390 1356 et
3437 1317 3529 1358 su-

1962 1405 2152 1460 perare
2180 1390 2431 1460 possint;
2478 1390 2680 1447 multus
2709 1391 2826 1460 ipse
2859 1391 2912 1445 in
2965 1393 3361 1460 misericordia,
3391 1395 3530 1448 mul-

1961 1492 2015 1534 ta
2068 1497 2286 1552 quoque
2332 1490 2552 1552 peccata
2600 1481 2875 1548 dimittet,
2921 1492 2975 1538 et
3026 1485 3099 1538 ita
3137 1499 3245 1540 .vos
3293 1486 3527 1543 mundos

1961 1575 2153 1630 eliiciet
2183 1614 2197 1639 ,
2231 1583 2291 1628 ut
2323 1589 2390 1627 ne
2420 1574 2708 1643 vestigium
2753 1574 2970 1644 quidem
3018 1576 3262 1646 priorum
3296 1575 3525 1633 delicto-

1962 1681 2084 1721 rum
2116 1673 2416 1721 remaneat.

365 1846 474 1918 Τὴν
500 1849 589 1901 ἐπὶ
611 1850 728 1911 ταῖς
766 1850 1006 1914 ἐντολαῖς
1035 1849 1128 1904 τοῦ
1163 1850 1330 1922 νόμου
1359 1852 1566 1907 εὐοδίαν
1602 1853 1858 1926 παρέξειν

2034 1843 2200 1898 Vens.
2237 1845 2327 1898 Η.
2363 1844 2660 1910 Prosperas
2684 1846 2798 1900 vias
2822 1846 3242 1902 observantibus
3271 1847 3439 1918 legem
3469 1863 3529 1906 se

292 1938 476 2001 αὑτοῖς
504 1940 893 2009 ἐπαγγέλλεται
916 1942 1068 2015 Θεὸς,
1109 1943 1269 2014 μόνον
1294 1945 1343 1997 εί
1374 1945 1597 2009 ἑαυτοὺς
1629 1948 1863 2018 ἐργάτας

294 2027 473 2083 αὐτῶν
509 2029 678 2095 δεῖξαι
715 2031 1083 2102 ἐθελήσουσιν,
1114 2032 1276 2086 αὑτοῦ
1304 2033 1664 2106 χορηγοῦντος
1712 2038 1862 2107 ίσχὺν

295 2121 429 2190 πρὸς
452 2121 512 2175 τὸ
542 2122 846 2176 ἐπιτελέσαι
886 2122 1106 2188 ταύτας.
1138 2125 1213 2177 Οὑ
1253 2125 1360 2195 μὴν
1392 2125 1526 2203 ἀλλά
1561 2127 1653 2180 καὶ
1682 2125 1776 2198 τὴν
1798 2129 1863 2182 ὲκ

294 2215 392 2285 τῆς
435 2214 809 2285 αἰχμαλωσίας
853 2214 1038 2269 ἄνοδον
1077 2214 1249 2281 οὕτως
1283 2216 1462 2282 ἔδοξεν
1496 2218 1691 2282 αὐτοὺς
1737 2220 1863 2283 τοὺς

294 2304 553 2372 ἀφιέντας
584 2306 852 2376 τοσαύτην
884 2306 1173 2361 ἀναλαϐεῖν
1199 2306 1506 2379 προθυμίαν
1535 2309 1630 2380 τῆς
1661 2309 1863 2364 τούτων

293 2397 600 2467 ἐκπομπῆς,
631 2397 706 2461 ὼς
739 2396 877 2468 μετά
907 2397 1230 2470 δορυφορίας
1261 2399 1353 2451 καὶ
1375 2398 1660 2471 ὁδηγήσειν
1685 2415 1698 2428 ·
1727 2400 1863 2473 ὅπερ

293 2487 387 2541 ἐπὶ
411 2486 591 2558 Κύρου
616 2486 707 2540 τοῦ
755 2486 1016 2558 βασιλέως
1037 2488 1262 2560 Περσῶν
1292 2489 1612 2561 ἐπληροῦτο,
1647 2507 1865 2563 τρανου-

299 2576 465 2647 μένης
493 2578 592 2649 τῆς
619 2576 713 2630 τοῦ
745 2576 880 2630 Θεοῦ
896 2580 1067 2649 ροπῆς
1085 2595 1098 2607 ·
1122 2578 1215 2632 καὶ
1237 2579 1323 2630 ἐπ’
1350 2578 1528 2633 αὑτῶν
1560 2579 1666 2633 τῶν
1691 2581 1862 2652 ὀρέων

293 2669 351 2721 ὲν
405 2671 470 2740 τῇ
523 2669 727 2723 τούτων
774 2669 983 2741 κινήσει
1022 2668 1118 2741 τὴν
1171 2669 1487 2738 ἀγαλλίασιν
1518 2672 1860 2738 δεικνύντων,

294 2760 374 2814 ἔτι
419 2760 522 2833 μὴν
590 2761 685 2815 καὶ
755 2760 929 2815 ἄλλων
976 2761 1215 2832 σημείων
1274 2762 1858 2833 παρακολουθούντων·

294 2851 480 2925 ὥσπερ
539 2851 648 2923 γάρ
696 2853 787 2905 ἐπὶ
835 2851 933 2923 τὴν
975 2850 1179 2924 ἔρημον
1231 2852 1469 2908 διιόντων
1524 2852 1860 2925 ὑπεχώρειή

307 2944 539 3016 Ἐρυθρά
558 2940 821 3008 θάλασσα,
868 2943 1059 3008 οὕτως,
1108 2943 1355 3007 ἐξιόντων
1386 2944 1492 2998 ἀπὸ
1523 2944 1619 3016 τῆς
1662 2946 1863 3017 αίχμα·

294 3037 513 3102 λωσίας,
555 3039 842 3110 ἱστορεῖται
879 3036 970 3091 τὸν
1003 3038 1193 3109 Τίγριν
1227 3038 1469 3109 ποταμὸν
1508 3039 1627 3093 ποδὶ
1665 3040 1859 3103 αὐτοὺς

293 3126 691 3196 διαϐεϐηκέναι,
742 3126 883 3180 καθά
938 3128 1030 3180 καὶ
1071 3130 1100 3181 ὀ
1138 3128 1428 3200 Ἰορδάνηςο
1463 3130 1558 3182 καὶ
1591 3129 1857 3200 τοσαύτην
1885 3178 1926 3231 Γ

298 3217 596 3290 μεταϐολὴν
648 3217 719 3271 τὰ
763 3218 863 3290 ὅρη
905 3217 1107 3284 λαϐεῖν,
1150 3219 1271 3272 ἀντὶ
1309 3219 1407 3288 τῆς
1447 3219 1857 3289 καταλαϐούσης
1887 3215 1927 3232 “¹

297 3312 362 3366 ὲκ
410 3310 517 3365 τῶν
561 3310 832 3383 πολεμίων
891 3310 1143 3382 ἐρημίας,
1185 3310 1260 3374 ὠς
1312 3311 1405 3364 καὶ
1423 3310 1655 3384 δένδρων
1692 3310 1856 3375 ξένων

295 3402 446 3475 παρά
494 3403 562 3456 τὰ
588 3403 715 3457 ὄντα
748 3401 990 3457 ἐκδοῦναι
1033 3401 1265 3474 βλάστην
1284 3419 1298 3432 ’
1330 3403 1422 3455 καὶ
1453 3402 1551 3474 τὴν
1581 3402 1673 3456 τοῦ
1720 3401 1855 3456 Θεοῦ

1961 1938 2216 1992 daturum
2267 1936 2588 2001 denuntiat,
2620 1938 2766 1993 vires
2809 1938 2877 1991 ad
2909 1937 3240 2018 perficienda
3274 1939 3526 1994 mandata

1960 2036 2227 2098 praestans
2249 2067 2264 2094 ,
2296 2027 2596 2084 dummodo
2629 2027 2765 2100 legis
2795 2028 3032 2085 factores
3072 2045 3132 2085 se
3162 2030 3402 2100 praebere
3429 2047 3525 2088 ve-

1960 2122 2082 2177 lint.
2110 2119 2420 2176 Praesertim
2455 2135 2585 2176 vero
2612 2120 2715 2174 hoc
2746 2119 2855 2176 Deo
2884 2120 3087 2192 placuit
3127 2128 3185 2175 ut
3216 2122 3308 2193 qui
3345 2123 3525 2193 capti-

1959 2215 2175 2270 vitatem
2227 2228 2295 2268 ex
2324 2211 2559 2283 Egypto
2591 2212 2826 2268 soluturi
2863 2220 3062 2278 erant,
3101 2228 3316 2268 summo
3344 2213 3528 2269 studio

1959 2321 2095 2376 opus
2125 2319 2283 2360 suum
2307 2304 2661 2374 perﬁcerent,
2714 2303 2817 2374 ipsi
2857 2304 3226 2360 lsraelitarum
3259 2307 3362 2362 iter
3390 2306 3528 2362 diri-

1960 2403 2148 2466 gerent
2199 2403 2254 2451 et
2287 2394 2543 2466 praesidio
2574 2403 2877 2450 tuerentur.
2923 2393 3078 2461 Quod
3121 2398 3339 2468 quidem
3364 2439 3379 2464 ,
3413 2397 3527 2455 Deo

1955 2486 2209 2555 jubente,
2239 2483 2368 2556 Cyri
2393 2484 2685 2540 Persarum
2715 2484 2859 2555 regis
2884 2500 2986 2556 ope
3019 2484 3224 2541 factum
3243 2497 3358 2556 est;
3385 2488 3526 2560 ipsis

1958 2578 2238 2634 montibus
2267 2579 2334 2632 de
2358 2577 2461 2632 hac
2484 2577 2808 2648 migratione
2834 2579 3270 2645 exsultantibus,
3299 2587 3352 2636 et
3402 2580 3526 2636 aliis

1960 2683 2177 2739 qu0qne
2211 2667 2605 2740 apparentibus
2646 2668 2840 2738 signis.
2888 2665 3024 2722 Nam
3060 2668 3204 2724 sicut
3246 2668 3522 2726 desertum

1959 2761 2343 2816 accedentibus
2375 2774 2526 2814 mare
2557 2758 2892 2831 Erythmum
2924 2761 3161 2817 transire
3189 2760 3363 2824 licuit,
3391 2762 3465 2817 ita
3494 2778 3525 2818 ε

1959 2853 2272 2924 captivitate
2309 2851 2513 2923 egressi
2560 2851 2725 2906 siccis
2786 2852 3016 2923 pedibus
3065 2854 3266 2912 flumen
3315 2854 3520 2927 Tigrim

1959 2945 2241 3014 trajecisse
2283 2954 2609 3012 narrantur,
2660 2955 2719 3000 ut
2762 2947 2893 3000 olim
2933 2945 3259 3011 Iordanem.
3293 2948 3525 3004 refertur

1957 3052 2176 3107 quoque
2212 3044 2455 3101 montes,
2489 3038 2555 3093 ab
2585 3038 2836 3095 hostibus
2871 3047 3030 3093 antea
3075 3048 3317 3096 vastatos
3347 3080 3363 3105 ,
3395 3050 3525 3094 tun:

1960 3144 1990 3182 ιι
2016 3127 2124 3183 Deo
2151 3126 2322 3183 fuisse
2355 3128 2431 3181 ita
2482 3128 2835 3193 immutatos,
2871 3137 2930 3182 ut
2982 3145 3092 3184 non
3141 3130 3255 3186 suis
3284 3138 3520 3194 tantum,

1961 3220 2053 3274 sed
2089 3225 2143 3273 et
2172 3218 2401 3274 exoticis
2433 3219 2725 3275 arboribus
2768 3218 3046 3276 florerent.
3102 3220 3220 3286 Qua
3254 3222 3519 3277 montium

1961 3309 2338 3364 immutatione
2394 3309 2626 3379 benigne
2689 3310 3066 3380 comprobavit
3122 3310 3266 3367 Deus
3326 3320 3524 3368 cuncta

1960 3400 2131 3470 ipsius
2165 3401 2222 3455 in
2253 3400 2506 3456 manibus
2536 3402 2830 3470 contineri,
2869 3410 2923 3457 et
2960 3410 3142 3458 mente
3172 3401 3356 3473 dirigi.

293 3495 575 3564 εὐμένειαν
611 3497 676 3550 ἐκ
715 3496 816 3568 τῆς
856 3497 963 3551 τῶν
997 3495 1164 3568 ὀρέων
1209 3495 1508 3569 μεταϐολῆς
1539 3497 1845 3568 δειχθῆναι·
1885 3495 1959 3558 ὡς
1991 3495 2164 3549 πάντα
2191 3493 2430 3548 συντελεῖ
2457 3496 2535 3560 είς
2553 3496 2649 3566 τὴν
2678 3495 2770 3549 τοῦ
2792 3494 2929 3549 Θεοῦ
2968 3496 3218 3568 δύναμιν,
3277 3498 3371 3551 καὶ
3428 3496 3532 3568 τήν

217 3586 221 3589 ’
293 3588 501 3642 ἐκείνου
538 3591 784 3661 μήνυσιν.

366 3681 439 3735 Οὐ
471 3682 647 3735 τοίνυν
690 3682 872 3752 ὠνητά
912 3682 981 3736 τὰ
1010 3682 1158 3753 παρά
1192 3681 1350 3748 Θεοῦ,
1392 3681 1529 3735 ἀλλά
1563 3682 1765 3754 προῖκά
1799 3699 1860 3735 τε

293 3775 388 3829 καὶ
420 3773 585 3846 χωρὶς
616 3774 878 3845 ἀργυρίου
909 3773 1081 3825 ταῦτα
1128 3772 1360 3844 λήψεσθε
1380 3790 1393 3803 ·
1425 3773 1546 3826 οὑδὲ
1577 3773 1686 3845 γὰρ
1719 3773 1859 3826 οἴνου

295 3865 452 3936 χρεία
509 3866 588 3929 είς
641 3864 890 3935 σπονδὴν,
934 3865 1030 3917 καὶ
1072 3864 1288 3930 στέατος
1334 3867 1414 3929 εἰς
1447 3865 1667 3933 θυσίαν⁶
1703 3866 1740 3921 ἃ
1768 3868 1861 3920 καὶ

249 3992 254 3996 -
294 3955 466 4012 ταῦτα
503 3955 766 4028 ἀργυρίου
810 3954 1125 4026 ὠνούμενοι,
1159 3956 1308 4009 οὐδὲν
1334 3955 1495 4011 πλέον
1517 3957 1859 4028 ἀποφέρεσθε

294 4051 374 4112 εις
400 4047 581 4119 ὄνησιν
604 4046 888 4119 ῆκόπον,ἢ
920 4046 1136 4119 μόχθον,
1157 4046 1231 4118 μὴ
1260 4047 1428 4102 ὄντων
1459 4047 1655 4101 ίκανῶν
1679 4047 1858 4101 δυσω-

297 4156 372 4211 πη
381 4140 563 4210 μάτων
569 4180 583 4194 .

377 4227 585 4303 Ὑμεῖς,
628 4230 812 4303 φησὶν,
845 4232 893 4284 οἱ
940 4229 1262 4299 ἀλλογενεῖς,
1297 4231 1346 4282 οἱ
1385 4228 1464 4302 τῷ
1495 4228 1612 4301 Θεῷ
1644 4229 1861 4284 ἀνακεί-

302 4335 474 4390 μενοι,
528 4320 623 4373 καὶ
675 4319 815 4373 κατὰ
868 4319 967 4383 τὰς
1012 4319 1230 4384 ἐντολὰς
1273 4319 1439 4374 αὑτοῦ
1488 4318 1746 4390 βιοῦντες,
1785 4319 1859 4391 μὴ

296 4408 583 4479 λογίσησθε
633 4412 853 4474 ἑαυτοὺς
907 4411 1303 4484 μακαριότητος
1343 4411 1717 4478 ὲπιτεύξεσθαι
1766 4412 1861 4466 καὶ

2029 3676 2195 3733 Vens.
2235 3677 2325 3732 .15.
2364 3675 2480 3732 Non
2530 3676 2699 3748 igitur
2743 3692 2852 3733 aere
2887 3677 3056 3743 dato,
3105 3678 3200 3734 sed
3254 3680 3425 3749 gratis
3472 3687 3528 3733 et

1958 3772 2077 3827 sine
2128 3762 2360 3842 pecunia
2412 3767 2555 3826 dona
2611 3767 2707 3824 Dei
2747 3771 3204 3841 consequemini;
3265 3786 3374 3827 non
3413 3771 3527 3826 vini

1957 3863 2309 3920 libaminibus
2332 3902 2348 3927 ,
2374 3871 2468 3917 aut
2498 3862 2844 3917 victimarum
2868 3861 3026 3932 adipe
3054 3861 3311 3934 indigetis
3339 3880 3353 3928 ;
3399 3863 3525 3933 qui-

1954 3956 2058 4010 bus
2089 3955 2271 4019 enim,
2327 3964 2382 4008 et
2408 3954 2531 4009 aliis
2563 3952 2739 4023 pretio
2770 3952 3005 4024 emptis,
3046 3967 3154 4008 non
3194 3954 3317 4025 plus
3362 3952 3533 4025 profl-

1959 4047 2115 4102 cietis
2140 4086 2155 4111 ,
2183 4061 2345 4117 quam
2381 4045 2662 4100 laboribus
2692 4052 2749 4098 et
2778 4043 3168 4116 defatigatione
3192 4060 3207 4111 ;
3239 4045 3354 4100 haec
3381 4044 3528 4100 enim

1959 4154 2067 4194 non
2101 4137 2377 4194 sufficiunt
2404 4136 2486 4195 .ad
2517 4135 2847 4191 ﬂectendum
2880 4133 3049 4191 Deum

2032 4229 2159 4285 Car.
2190 4227 2326 4291 LVI,
2364 4227 2531 4282 Vens.
2564 4228 2616 4283 5.
2650 4224 2781 4293 Vos,
2819 4226 3017 4297 inquit,
3046 4225 3361 4297 alienigenae
3387 4266 3403 4291 ,
3434 4226 3526 4296 qui

1963 4320 2072 4374 Deo
2133 4320 2364 4390 appositi
2419 4319 2595 4383 estis,
2648 4324 2702 4372 et
2753 4316 2817 4372 ad
2871 4324 3141 4388 praecepta
3197 4316 3317 4387 ejus
3361 4316 3527 4372 vitam

1916 4433 1925 4441 δ
1960 4414 2253 4479 instruitis,
2283 4428 2350 4468 ne
2367 4412 2572 4483 putetis
2602 4427 2696 4467 vos
2724 4410 3113 4466 beatitudinem
3139 4418 3528 4465 consecuturos

297 4499 393 4552 τοῦ
425 4498 624 4571 κλήρου
663 4498 770 4553 τῶν
819 4501 1017 4568 ἁγίων·
1046 4500 1160 4555 ἀλλ’
1183 4500 1552 4573 ἐπιστάμενοι,
1573 4502 1648 4567 ὡς
1669 4501 1863 4573 τρόπος

1964 4515 2019 4560 et
2077 4504 2449 4560 haereditatem
2502 4511 2864 4569 sanctorum;
2916 4502 3014 4558 sed
3067 4501 3171 4556 hoc
3233 4499 3526 4566 recordati,

301 4590 446 4659 ὑμᾶς
495 4590 749 4644 συνάπτει
798 4589 876 4661 τῷ
922 4591 1188 4664 Ἀϐραὰμ,
1233 4593 1326 4648 καὶ
1359 4595 1419 4648 οὑ
1470 4595 1659 4663 γένους
1703 4594 1862 4664 ἀγχι-

301 4680 473 4743 στεία,
511 4679 655 4751 ἠθῶν
693 4682 1003 4752 ἐπιμέλειαν
1034 4683 1296 4749 ποιεῖσθε,
1327 4687 1421 4740 καὶ
1445 4685 1563 4757 Θεῷ
1595 4685 1865 4741 δουλεύειν

301 4772 578 4838 σπεύδετε,
630 4774 724 4828 καὶ
751 4774 811 4828 οὑ
872 4773 1396 4848 φυλοκρινηθήσεσθε
1423 4777 1516 4830 τοῦ
1550 4777 1740 4846 γένους
1758 4777 1865 4833 τῶν

300 4862 330 4915 δ
338 4862 542 4917 .καίων.

385 4954 610 5024 Ἐπάγει
654 4955 851 5019 αὐτοὺς
900 4957 980 5020 είς
1029 4958 1352 5027 κατανόησιν
1409 4957 1497 5013 διὰ
1528 4960 1731 5013 τούτων
1757 4960 1866 5014 τῶν

300 5045 412 5106 τοῖς
437 5043 663 5109 δικαίοις
693 5045 1056 5117 ὀφειλομένων
1077 5034 1340 5119 ἀμοιϐῶν.

374 5135 541 5190 Πάλιν
570 5138 633 5190 ἐκ
675 5137 1039 5210 προσαγωγῆς
1069 5140 1150 5202 είς
1173 5138 1516 5212 συναίσθησιν
1539 5141 1733 5205 αὑτοὺς
1755 5141 1865 5194 τῶν

306 5229 450 5284 ἰδίων
477 5229 957 5303 πλημμελημάτων
999 5232 1226 5301 ἀγαγεῖν
1273 5230 1538 5303 βούλεται,
1561 5232 1868 5306 φθεγγομέ-

301 5340 426 5386 νους
457 5323 554 5395 μὲν
581 5323 750 5388 ἀδεῶς
770 5323 908 5378 κατά
929 5321 1020 5377 τοῦ
1053 5323 1280 5388 δικαίου,
1312 5324 1658 5395 ἀπρονοήτως
1688 5323 1744 5377 δὲ
1771 5323 1865 5378 τοῦ

306 5414 421 5485 βίου
465 5414 654 5470 τούτου
705 5414 1017 5486 νομίζοντας
1056 5413 1522 5469 ἀπαλλάττεσθαι·
1550 5414 1866 5480 ὑποδεικνὺς

305 5506 486 5568 αὐτοῖς
539 5505 614 5569 ὡς
670 5506 981 5577 ἠρνήθησαν
1012 5505 1111 5577 μὲν
1134 5506 1195 5560 τὸ
1232 5506 1541 5577 σωματικὸν
1574 5503 1713 5572 εἶδος
1756 5507 1866 5562 τῶν

307 5596 477 5664 ἁγίων
499 5613 512 5627 ·
546 5600 614 5667 τῇ
654 5597 710 5651 δὲ
746 5596 854 5651 τῶν
881 5598 1096 5670 τρόπων
1138 5598 1409 5672 μοχθηρίᾳ
1434 5599 1717 5671 ᾠκείωσαν
1743 5602 1867 5655 ἑαυ-

303 5688 430 5751 τοὺς
465 5690 671 5759 μοιχοῖς
693 5705 751 5741 τε
780 5689 872 5740 καὶ
899 5688 1113 5761 πόρνοις
1133 5707 1146 5720 ·
1183 5689 1257 5762 μὴ
1280 5690 1743 5763 ἀναλογισάμενοι,
1767 5694 1863 5758 ὡς,

304 5781 460 5836 αὐτοὶ
515 5781 665 5846 ὅντες
711 5782 983 5848 ἀπωλείας
1012 5785 1173 5854 ἄξιοι,
1216 5785 1461 5854 κακίζειν
1499 5786 1867 5861 ἐπειράθησαν

1961 4597 2108 4669 quod
2138 4597 2382 4654 moribus
2433 4611 2559 4652 cum
2608 4596 2879 4651 Abraham
2935 4593 3371 4665 conjungimini,
3420 4608 3529 4650 non

1961 4689 2175 4761 generis
2212 4688 2575 4760 cognatione,
2629 4702 2843 4743 morum
2895 4701 3080 4741 curam
3121 4685 3323 4756 geratis
3350 4724 3366 4751 ,
3412 4694 3533 4743 stu-

1963 4782 2115 4839 diose
2147 4780 2258 4837 Deo
2292 4780 2639 4846 inserviatis,
2667 4790 2722 4836 et
2762 4795 2873 4835 non
2905 4778 3235 4849 separemini
3266 4794 3297 4833 a
3336 4794 3533 4851 genere

1961 4870 2258 4941 justorum.

2032 4962 2160 5018 Car.
2191 4962 2350 5028 LVII,
2382 4962 2551 5018 Vens.
2585 4963 2637 5015 t.
2678 4961 2907 5017 Deducit
2935 4977 3030 5018 eos
3063 4959 3131 5017 ad
3159 4962 3533 5034 paenitentiam

1964 5056 2230 5112 memoria
2262 5056 2533 5111 bonorum
2563 5055 2731 5125 justis
2768 5055 3195 5112 destinatorum.

2036 5146 2202 5203 Vsus.
2251 5148 2305 5204 5.
2364 5147 2607 5203 Ulterius
2656 5162 2986 5219 progressus
3046 5149 3246 5205 iterum
3305 5161 3402 5202 eos
3464 5145 3540 5201 ad

1962 5238 2305 5310 agnoscenda
2368 5248 2590 5311 peccata
2658 5241 2929 5297 adducere
3009 5239 3247 5302 studet,
3324 5238 3534 5308 justum

1965 5330 2271 5401 procaciter
2295 5330 2673 5401 increpantes,
2704 5341 2758 5388 et
2785 5347 2909 5388 eum
2963 5331 3276 5387 inconsulte
3323 5329 3390 5384 de
3422 5328 3534 5382 vita

1966 5419 2208 5473 ablatum
2296 5420 2694 5477 existimantes.
2785 5421 2994 5478 indicat
3057 5434 3152 5476 eos
3217 5432 3535 5489 corpoream

1968 5513 2206 5581 speciem
2239 5520 2556 5568 sanctorum
2589 5516 2894 5587 negavisse,
2934 5521 2989 5569 et
3017 5528 3230 5568 morum
3267 5513 3540 5584 pravitate

1968 5620 2028 5660 se
2059 5604 2208 5674 ipsos
2257 5605 2665 5662 consociavisse
2709 5622 2833 5662 cum
2883 5604 3144 5660 adulteris
3188 5617 3243 5659 et
3294 5602 3539 5658 meretri-

1967 5696 2144 5751 cibus.
2196 5695 2512 5753 Perditione
2548 5698 2697 5769 digni
2730 5713 2851 5754 cum
2891 5704 3115 5764 essent,
3149 5704 3353 5751 temere
3390 5695 3537 5750 viros

1968 5789 2239 5848 lacessere
2293 5791 2474 5848 conati
2515 5801 2645 5846 sunt
2687 5788 2779 5862 qui
2826 5790 2892 5846 de
2926 5798 3074 5847 recto
3103 5804 3297 5847 curare
3334 5795 3388 5845 et
3432 5787 3540 5844 Deo
