4038 6288
585 374 720 436 1565

1733 380 2077 438 τιιεουοιιι
2102 383 2618 439 HERACLEENSIS

3622 395 3721 454 1361

578 490 863 548 intendere
909 491 1217 561 studebant.
1276 492 1546 567 ldolorum
1598 496 1880 563 fautores,
1937 501 2130 570 quibus

2244 501 2369 564 τοὺς
2408 499 2499 552 τοῦ
2548 501 2756 552 δικαίου
2823 496 3247 568 ἐπιμελομένους
3275 500 3362 552 καὶ
3411 501 3514 572 Θεῷ
3547 522 3725 568 προσαν-

577 598 779 656 pueros
817 599 978 652 super
1032 594 1240 639 montes
1270 595 1323 640 et
1370 596 1550 656 petras
1588 588 1902 657 deferebant
1945 593 2138 645 immo-

578 675 790 738 landos,
827 675 916 729 Dei
955 675 1245 730 vindictam
1277 681 1544 747 vitaturus
1575 684 1871 751 sperabant

648 945 809 1009 Vens.
845 946 932 1000 15.
967 944 1176 1010 Quibus
1203 945 1518 999 nominibus
1544 946 1774 1017 benigne
1800 947 1942 1008 Deus
1971 949 2139 1020 signi-

573 1040 700 1094 ﬁcat
734 1053 792 1093 se
821 1053 942 1092 esse
976 1022 1300 1098 Excelsum:
1335 1035 1438 1106 ipsi
1465 1037 1608 1092 enim
1654 1047 1916 1108 quantum
1961 1042 2016 1095 in
2059 1041 2140 1096 eis

572 1136 692 1184 erat
712 1169 727 1190 ,
766 1128 929 1183 Deum
961 1127 1220 1180 humilem
1251 1125 1573 1195 effecerant,
1605 1115 1766 1184 idolis
1794 1131 2140 1185 consentien-

573 1221 663 1274 do.
698 1219 1002 1274 Praesertim
1028 1233 1156 1272 vero
1182 1227 1428 1282 sanetum
1454 1234 1510 1273 se
1535 1234 1656 1274 esse
1678 1221 1987 1284 contendit,
2014 1237 2136 1275 cum

571 1312 647 1375 illi
679 1327 876 1366 nomen
903 1312 1021 1379 ejus
1053 1310 1235 1380 pravis
1275 1310 1696 1380 cogitationibus
1737 1318 1789 1364 et
1839 1311 2139 1367 inhonestis

569 1402 831 1471 operibus
886 1401 1256 1471 profanarent.
1302 1399 1412 1471 Ego
1452 1416 1582 1455 vero
1625 1410 1847 1456 sanctus
1891 1419 2042 1467 sum,
2087 1413 2140 1458 et

571 1496 776 1550 sanctis
806 1482 1141 1564 congaudeo,
1169 1503 1224 1549 et
1257 1500 1476 1549 sanctos
1503 1493 1746 1548 homines
1773 1493 1964 1559 efﬁcio,
1995 1496 2139 1550 vires

570 1601 759 1644 eorum
785 1586 1032 1656 augendo
1051 1626 1066 1648 ,
1094 1594 1148 1640 et
1174 1594 1383 1643 mentes
1411 1585 1667 1655 erigendo
1699 1585 1762 1638 ad
1791 1586 2135 1652 sublimiora,

570 1679 864 1741 dummodo
895 1694 954 1734 se
985 1693 1085 1747 ope
1112 1692 1232 1731 mea
1261 1677 1453 1748 dignos
1485 1677 1745 1747 praebere,
1772 1687 1822 1732 et
1849 1677 2136 1731 contritam

567 1769 1018 1839 humiliatamque
1043 1769 1369 1823 voluntatem
1389 1777 1646 1838 prmstare
1667 1769 1982 1835 videantur;
2010 1784 2133 1822 nam

567 1863 767 1918 talibus
795 1877 894 1938 ego
924 1862 1088 1916 vitam
1117 1869 1372 1915 aeternam
1403 1861 1623 1930 largior.

645 2042 809 2117 Vens.
850 2045 936 2098 16.
981 2043 1183 2099 Ulcisci
1226 2057 1292 2097 eo
1337 2058 1503 2097 sensu
1544 2041 1689 2096 Deus
1727 2039 1948 2105 dicitur,
1989 2039 2135 2109 quod

567 2144 887 2210 peccatores
917 2136 1038 2191 ideo
1066 2137 1227 2191 malis
1255 2134 1486 2199 alliciat,
1515 2143 1574 2188 ut
1607 2150 1666 2190 se
1691 2134 1920 2204 quisque
1943 2132 2010 2186 ad
2040 2134 2136 2187 bo-

564 2244 690 2298 nam
731 2228 938 2302 frugem
973 2229 1236 2299 recipiat;
1279 2228 1420 2298 quod
1465 2227 1592 2283 facit
1618 2226 1794 2290 Deus,
1824 2226 2134 2282 misericor-

563 2321 650 2392 dia
685 2321 842 2387 nobis
872 2337 1123 2390 parcens.

633 2410 805 2488 Vens.
973 2413 1030 2467 In
1060 2415 1192 2483 ipsis
1217 2415 1378 2470 etiam
1405 2414 1580 2484 pmnis
1601 2413 1906 2484 repetendis
1927 2412 2134 2467 miseri-
2168 2459 2174 2467 .

562 2504 802 2559 cordiam
833 2521 986 2560 suam
1016 2507 1258 2562 declarat
1289 2505 1460 2574 Deus,
1495 2506 1622 2559 dum
1648 2506 1814 2559 multa
1844 2512 2130 2574 peccantes

559 2599 758 2668 paucis
783 2598 989 2669 afﬂigit.

631 2690 757 2761 Car.
794 2690 953 2762 LYlll
975 2733 990 2756 ,
1023 2689 1190 2758 Vens,
1219 2692 1268 2746 1.
1299 2689 1427 2746 Rem
1459 2691 1646 2745 leviter
1673 2690 2128 2766 perpendentibus

558 2782 733 2848 lauari
777 2784 1031 2839 videntur
1070 2785 1218 2854 impii
1261 2786 1318 2838 in
1360 2785 1733 2854 voluptatibus
1773 2785 1928 2851 suis;
1974 2793 2028 2837 at
2073 2785 2126 2838 in

559 2877 678 2940 dies
721 2875 788 2946 ad
821 2876 1114 2946 perniciem
1151 2878 1373 2952 propius
1399 2876 1751 2939 accedentes,
1783 2892 1910 2931 vera
1942 2876 2127 2934 laetitia

560 2974 787 3031 carent;
819 2981 926 3020 non
961 2967 1105 3020 enim
1138 2974 1222 3020 est
1253 2967 1358 3020 alia
1385 2966 1569 3024 laetitia
1607 2974 1800 3034 praeter
1826 2982 1944 3021 eam
1967 3009 1980 3031 ,
2008 2983 2128 3036 qua:

559 3073 660 3132 per
691 3057 904 3128 labores
940 3067 995 3111 et
1031 3057 1407 3112 tribulationes
1431 3057 1597 3111 vitam
1628 3065 1884 3112 aternam
1935 3072 2126 3127 opera-

557 3159 670 3206 tur.
704 3150 846 3224 Justi
876 3158 1052 3205 autem
1085 3165 1210 3212 vera
1236 3151 1418 3211 laetitia
1447 3151 1762 3220 replentur;
1799 3151 1997 3222 quippe
2031 3152 2122 3221 qui
2151 3188 2196 3249 Ο

557 3258 722 3314 opere
765 3257 827 3297 ea
868 3242 1157 3312 perficiunt
1181 3258 1301 3312 quae
1327 3243 1646 3300 intendunt.
1679 3251 1732 3298 et
1762 3243 1883 3299 ideo
1911 3245 2123 3314 placida

558 3342 741 3389 mente
772 3331 1027 3404 fruuntur
1057 3347 1121 3387 ac
1147 3333 1460 3403 tranquilla.

630 3511 794 3567 Vens.
828 3511 882 3567 9.
912 3512 1043 3578 Quae
1064 3511 1279 3581 quidem
1311 3513 1620 3567 hominibus
1645 3514 1948 3582 peragenda
1973 3519 2119 3580 sunt,

558 3605 726 3659 vitam
757 3619 911 3659 suam
943 3612 998 3660 et
1028 3620 1208 3659 mores
1239 3619 1368 3658 suos
1399 3614 1544 3659 recte
1573 3605 1987 3660 instruentibus.

627 3695 764 3772 cap.
796 3694 942 3762 LIX,
986 3695 1151 3770 Vens.
1182 3697 1234 3750 5.
1275 3696 1538 3767 Pleraque
1578 3697 1960 3761 consiliorum,
2003 3713 2122 3768 qua:

555 3789 738 3844 verbis
777 3789 945 3843 locuti
998 3797 1157 3855 sunt,
1210 3797 1271 3844 ut
1315 3805 1416 3844 ova
1458 3789 1704 3860 aspidum
1734 3791 1974 3844 nondum
2004 3806 2120 3844 ma-

554 3886 680 3934 tura
702 3922 725 3957 ..
751 3888 845 3934 aut
874 3880 977 3935 tela
1009 3895 1218 3936 araneae
1247 3897 1366 3952 qua:
1409 3881 1613 3937 nullius
1655 3899 1791 3938 usus
1836 3893 1955 3948 est,
1999 3884 2120 3954 plus

556 3971 736 4024 damni
763 3970 993 4043 afferunt
1018 3988 1180 4042 quam
1209 3973 1476 4030 utilitatis.
1505 3973 1662 4040 Quod
1694 3975 1740 4029 si
1771 3983 1951 4029 autem
1982 3974 2122 4030 forte

555 4076 618 4116 ea
639 4102 652 4126 ,
687 4062 835 4116 velut
866 4063 976 4117 fota
999 4103 1012 4126 ,
1045 4079 1208 4132 opere
1235 4063 1518 4134 perﬁcient
1538 4105 1552 4130 ,
1589 4082 1770 4122 nonne
1798 4068 1993 4123 merito
2025 4082 2121 4125 eos

555 4165 681 4205 cum
711 4151 1024 4208 hominibus
1052 4153 1331 4210 conferres
1350 4195 1365 4216 ,
1396 4171 1557 4209 ovum
1585 4156 1791 4226 aspidis
1819 4155 2120 4228 frangenti-

555 4243 691 4305 bus,
719 4255 773 4314 et
801 4243 854 4296 in
884 4259 949 4298 eo
979 4245 1224 4313 regulum
1271 4246 1714 4315 reperientibus?
1759 4245 1864 4328 Qui
1909 4249 2121 4305 scilicet

553 4327 750 4398 anguis
780 4337 864 4383 est
894 4339 1192 4400 venenatus
1221 4339 1274 4386 et
1303 4333 1639 4405 mortiferus.

2246 589 2498 658 έχονταςο
2544 585 2780 651 εἰδώλοις
2829 587 2938 658 γὰρ
2967 586 3393 657 προσκυνοῦντες,
3447 593 3530 645 καὶ
3565 594 3722 654 τούτοις

2247 673 2612 742 προσάγοντες
2669 673 2735 726 τὰ
2786 673 2994 727 ἑαυτῶν
3036 673 3200 726 τέκνα
3242 675 3316 735 εἰς
3368 679 3555 749 σφαγὴν
3581 683 3654 735 ἐπί
3681 702 3723 739 τε

2241 766 2348 817 τῶν
2370 766 2542 836 ὀρέων
2569 766 2662 818 καὶ
2693 766 2800 818 τῶν
2833 766 3066 838 πετρῶν,
3107 765 3203 835 τὴν
3227 765 3316 820 τοῦ
3346 767 3468 822 Θεοῦ
3489 770 3619 842 δίκην
3638 774 3724 828 δια·

2243 854 2465 922 φεύγειν
2499 855 2893 925 ὑπελάμϐανον.

2311 945 2408 998 Διὰ
2432 945 2636 998 τούτων
2669 946 2802 999 ὅλων
2835 946 2941 1000 τῶν
2970 947 3244 1016 ὀνομάτων
3277 948 3308 1019 ἡ
3340 949 3425 1002 τοῦ
3454 949 3570 1004 Θεοῦ
3597 955 3722 1025 εὐμέ-

2239 1056 2356 1092 νεια
2381 1038 2652 1108 δηλοῦται,
2683 1041 2764 1093 ὅτι
2795 1057 2853 1092 τε
2889 1039 3107 1110 ῦψιστός
3133 1043 3275 1094 ἐστιν
3298 1058 3311 1073 ’
3335 1044 3379 1095 εί
3398 1044 3498 1108 καὶ,
3519 1045 3619 1098 ὅσον
3645 1044 3725 1118 ἦκε

2239 1127 2299 1179 τὸ
2343 1127 2519 1180 αὐτῶν
2549 1129 2732 1199 μέρος,
2781 1129 3028 1182 ταπεινὸν
3045 1133 3386 1200 πεποιήκασι,
3416 1135 3722 1204 συγκρίνοντες

2240 1219 2475 1282 εἰδώλοις
2519 1237 2578 1272 τε
2629 1220 2722 1272 καὶ
2780 1219 3056 1290 δαίμοσινο
3092 1220 3152 1272 ού
3195 1221 3298 1290 μὴν
3335 1221 3461 1274 ἀλλά
3490 1224 3569 1275 καὶ
3587 1225 3719 1291 ἅγιος,

2239 1310 2442 1365 τούτων
2477 1310 2843 1382 βεϐηλούντων
2879 1310 2940 1363 τὸ
2970 1310 3132 1365 αὐτοῦ
3165 1312 3330 1383 ὄνομα
3351 1317 3526 1377 κακαῖς
3543 1316 3725 1388 ἐνθυμὴα

2242 1421 2357 1456 σεσι
2387 1404 2480 1457 καὶ
2511 1403 2768 1475 πράξεσιν
2791 1404 2850 1456 οὐ
2886 1404 3106 1468 καλαῖςο
3133 1405 3244 1458 ἀλλ’
3271 1407 3413 1475 ὅμως
3447 1408 3585 1471 αὐτὸς
3609 1410 3725 1478 ἅγιος

2239 1493 2314 1547 ὢν
2340 1496 2432 1548 καὶ
2454 1495 2629 1563 ἁγίοις
2659 1495 2884 1566 χαίρων,
2917 1495 3198 1561 κάκείνους
3238 1495 3484 1565 ἁγιάζων,
3512 1501 3722 1571 ὲπιρῤων-

2239 1586 2333 1648 νὺς
2362 1586 2539 1639 αὐτῶν
2562 1585 2658 1657 τὴν
2685 1585 2912 1657 δύναμιν
2936 1626 2952 1651 ,
2988 1589 3081 1640 καὶ
3116 1588 3340 1660 ἐγείρων
3368 1589 3531 1643 αὐτῶν
3556 1591 3609 1644 τὰ
3629 1611 3725 1664 φρο-

2240 1675 2475 1745 νήματα,
2529 1676 2686 1746 μόνον
2745 1679 2792 1728 εί
2843 1677 3138 1748 φανείησαν
3195 1680 3414 1741 ἑαυτοὺς
3461 1681 3722 1751 παρέχοντες

2239 1771 2438 1835 ἀξίους,
2460 1771 2554 1823 καὶ
2577 1771 2674 1848 τὴν
2707 1772 2912 1825 ἑαυτῶν
2941 1772 3154 1841 θέλησιν
3165 1772 3460 1835 δεικνύντες
3482 1790 3725 1844 συντετριμ-

2165 1851 2208 1906 Β
2240 1862 2404 1932 μένην
2430 1863 2521 1915 καὶ
2565 1864 3039 1934 τεταπεινωμένην
3060 1881 3074 1895 ·
3113 1864 3206 1917 καὶ
3243 1864 3348 1932 γὰρ
3381 1865 3469 1916 καὶ
3495 1861 3613 1934 ζωὴν
3631 1866 3725 1918 αἱώο

2236 1965 2344 2002 νιον
2365 1952 2477 2012 τοῖς
2498 1950 2758 2013 τοιούτοις
2785 1955 3095 2023 χορηγήσω.

2323 2043 2564 2097 Ἐκδικία
2597 2043 2653 2095 δὲ
2674 2044 2766 2096 καὶ
2793 2047 2909 2097 κατ’
2944 2044 3099 2098 ἄλλον
3129 2045 3329 2116 τρόπον
3355 2045 3571 2114 λέγεται,
3590 2045 3634 2098 τὸ
3655 2051 3723 2099 τὸν

2233 2138 2610 2209 ἁμαρτάνοντα
2635 2136 3000 2208 παραδοθῆναι
3030 2137 3370 2206 σκυθρωποῖς
3397 2137 3522 2208 πρδς
3540 2137 3589 2189 τὺ
3606 2137 3725 2189 αὐτόν

2231 2244 2351 2280 τινα
2398 2226 2527 2297 παρ’
2576 2225 2767 2279 ἑαυτοῦ
2826 2224 3210 2295 παιδευθῆναι·
3253 2226 3421 2279 ταῦτα
3459 2228 3584 2278 ποιεῖ
3613 2225 3723 2290 Θεὸς,

2233 2318 2604 2390 φιλανθρωπία
2634 2317 2946 2388 φειδόμενος
2974 2311 3066 2370 τοῦ
3100 2317 3369 2389 ἡμετέρου
3402 2318 3586 2386 γένους.

2299 2408 2409 2480 Τὴν
2472 2409 2879 2481 φιλανθρωπίαν
2912 2409 3104 2462 ἑαυτοῦ
3142 2411 3172 2462 ὀ
3209 2410 3344 2473 Θεὸς
3369 2410 3456 2462 καὶ
3480 2412 3531 2463 ἐν
3553 2412 3649 2472 ταῖς
3671 2425 3727 2460 τις

2234 2503 2464 2571 μωρίαις
2493 2502 2841 2565 ἐνδείκνυται,
2861 2501 3016 2572 ἡμῶν
3040 2502 3136 2572 μὲν
3155 2501 3327 2555 πολλὰ
3355 2501 3727 2572 ἁμαρτανόντων,

2229 2593 2391 2646 αὐτοῦ
2412 2593 2465 2646 δὲ
2497 2593 2650 2662 ὀλίγα
2679 2593 3039 2657 παιδεύοντος.

2293 2684 2411 2736 Κάν
2460 2683 2568 2755 γὰρ
2617 2688 2664 2738 οἱ
2711 2685 2926 2748 ἀσεϐεῖς
2959 2686 3034 2756 τῷ
3066 2685 3245 2738 δοκεῖν
3279 2685 3469 2739 δοκῶσι
3496 2684 3668 2756 χαίρειν
3689 2684 3732 2736 ἐν

2227 2779 2347 2840 ταῖς
2397 2777 2603 2831 ἑαυτῶν
2657 2778 2869 2849 ἡδοναῖς
2919 2778 3265 2849 τρεφόμενοι,
3316 2778 3446 2833 ἀλλά
3502 2775 3628 2846 γὀὗν
3673 2778 3733 2838 είς

2227 2868 2498 2932 ἀπωλείας
2553 2869 2704 2933 τέλος
2748 2871 3230 2941 καταστρέφοντες,
3292 2872 3352 2923 οὐ
3395 2871 3487 2940 τὴν
3531 2866 3734 2937 ἀληθινὴν

2225 2959 2397 3030 χαρὰν
2459 2959 2738 3032 χαίρουσι’
2774 2961 2905 3031 μόνη
2961 2960 3067 3031 γάρ
3124 2961 3337 3031 κυρίως
3366 2960 3428 3014 ἂν
3467 2960 3540 3028 εῐη
3575 2955 3732 3028 χαρὰή

2227 3052 2290 3103 ὲκ
2322 3052 2578 3120 καμάτων
2631 3069 2688 3104 τε
2739 3052 2832 3105 καὶ
2873 3051 3102 3121 θλίψεων
3127 3051 3278 3124 ζωὴν
3305 3050 3511 3104 αἰώνιον
3532 3063 3737 3120 πραγμα-

2225 3143 2507 3214 τευομένη.
2545 3143 2704 3196 Ἀλλά
2739 3145 2831 3197 καὶ
2857 3145 3029 3216 χαρᾶς
3056 3143 3156 3214 τῆς
3178 3143 3444 3215 ἀληθινῆς
3464 3138 3736 3211 πληροῦνται

2225 3235 2272 3285 οί
2315 3232 2845 3304 δικαιοπραγοῦντες,
2874 3235 2951 3296 εἰς
2981 3232 3137 3302 ἔργον
3176 3235 3371 3298 αὐτοῖς
3396 3229 3740 3304 προχωροῦντος

2221 3324 2315 3378 τοῦ
2343 3326 2566 3390 σκοποῦ,
2604 3327 2697 3380 καὶ
2725 3327 2998 3399 ἀταράχου
3043 3328 3316 3400 μενούσης
3358 3328 3454 3399 τῆς
3479 3325 3642 3399 ψυχῆς,
3665 3320 3734 3374 καὶ

2220 3417 2647 3490 γαληνιαζούσης
2677 3420 2734 3471 ὲν
2765 3420 2951 3489 ἑαυτῇ.

2290 3509 2398 3561 Καὶ
2423 3507 2596 3563 ταῦτα
2651 3509 3017 3580 ρυθμιζόντων
3043 3510 3245 3575 αὐτοὺς
3297 3513 3380 3576 εἰς
3413 3511 3518 3582 βίον
3558 3507 3632 3560 τὸν
3673 3507 3737 3558 ἐν-

2222 3599 2433 3671 άρετον,
2462 3602 2554 3654 καὶ
2582 3602 2799 3672 τρόπων
2827 3602 3094 3673 εὐθύτητα
3125 3605 3441 3675 ὑφηγεῖται.

2292 3692 2372 3744 Τὰ
2397 3693 2500 3764 γάρ
2534 3693 2760 3747 πλεῖστα
2787 3694 2892 3747 τῶν
2912 3695 3066 3748 ἐπιθυ
3075 3713 3146 3766 μη
3157 3697 3349 3766 μάτων
3372 3694 3542 3750 αὐτῶν
3564 3685 3626 3745 ὧν
3645 3704 3739 3740 συν·

2221 3781 2468 3849 ελέξαντο
2515 3783 2700 3855 ῶσπερ
2750 3785 2833 3838 ὠὰ
2874 3787 3111 3841 ἀσπίδων
3135 3789 3561 3858 ἀτελεσφόρητα,
3590 3783 3666 3836 καὶ
3687 3779 3744 3838 ὡς

2225 3874 2370 3937 ἱστὸς
2393 3873 2635 3946 ἀράχνης
2674 3878 2752 3940 είς
2787 3876 2936 3929 οὐδὲν
2964 3879 3231 3932 συντελῶν
3262 3872 3436 3949 μένει,
3471 3875 3647 3946 βλάϐην
3669 3871 3742 3925 αὕι

2220 3966 2331 4027 τοῖς
2361 3964 2556 4035 μᾶλλον
2584 3966 2726 4037 ἥπερ
2752 3965 3020 4035 ὠφέλειαν
3052 3968 3293 4040 φέροντα
3324 3988 3338 4000 ·
3373 3970 3422 4022 εί
3451 3969 3505 4021 δὲ
3538 3965 3619 4019 καὶ
3642 3979 3747 4028 συμ-

2223 4055 2349 4126 6αίη
2375 4057 2579 4120 ταύτας
2601 4057 2698 4120 τὰς
2747 4058 2953 4122 ἐννοίας
2994 4059 3178 4133 ῶσπερ
3201 4058 3668 4131 διαθερμανθείσας
3687 4053 3746 4115 εἰς

2222 4149 2446 4219 πράξεις
2470 4149 2757 4224 προκόψαι,
2790 4150 2888 4204 οὐκ
2921 4151 3095 4207 ἔοικεν
3129 4154 3365 4217 ἐκείνοις
3403 4157 3515 4214 τοῖς
3549 4150 3742 4203 κλάσασι

2223 4239 2323 4310 μὲν
2369 4241 2473 4294 ὠὸν
2531 4242 2772 4306 ἀσπίδος,
2809 4242 3119 4313 βασιλίσκον
3167 4244 3226 4297 δὲ
3255 4247 3316 4298 ἐν
3347 4245 3525 4307 αὐτοῖς
3553 4239 3656 4312 (12)
3679 4237 3750 4289 εὖ·

2221 4329 2402 4400 ροῦσι;
2437 4331 2527 4383 καὶ
2579 4331 2710 4384 αὑτό
2755 4333 2870 4385 ἐστι
2922 4333 3124 4387 ἰοϐόλον
3157 4337 3253 4388 καὶ
3292 4335 3650 4405 θανατηφόρον
3682 4329 3754 4397 ἐρ·

2220 4423 2400 4475 πετόν.

626 4504 797 4581 Vsas.
834 4510 926 4579 10.
962 4508 1092 4575 Quae
1121 4509 1223 4565 hoc
1257 4525 1424 4566 sensu
1457 4512 1690 4584 accipies
1718 4533 1731 4569 :
1766 4517 2116 4586 quemadmo-

2296 4514 2404 4566 Καὶ
2450 4513 2608 4567 τοῦτο
2655 4514 2713 4567 δὲ
2761 4517 3078 4586 σκοπητέον,
3109 4518 3212 4582 ὅτι,
3268 4520 3462 4587 ὥσπερ
3503 4510 3757 4585 ὀφθαλμῶν

552 4593 682 4650 dum
711 4599 845 4656 nihil
871 4614 1059 4655 eorum
1091 4615 1212 4671 quae
1239 4602 1602 4657 obversantur
1630 4621 1852 4662 eernere
1881 4609 2112 4676 poterit,

553 4687 644 4756 qui
678 4689 849 4746 oculis
877 4691 1003 4745 licet
1034 4691 1293 4761 praeditus
1327 4692 1446 4747 luce
1475 4704 1658 4766 caret,
1695 4706 1788 4749 aut
1816 4700 1906 4767 qui
1940 4699 2116 4753 lucem

554 4777 812 4848 adeptus,
843 4782 1015 4836 oculis
1046 4783 1384 4850 destituitur,
1432 4785 1507 4838 ita
1553 4801 1774 4842 necesse
1819 4797 1903 4843 est
1931 4797 1992 4843 ut
2023 4791 2116 4859 qui

552 4879 734 4926 mente
763 4870 964 4940 aliquid
989 4875 1276 4944 complecti
1307 4876 1538 4949 voluerit
1560 4919 1575 4943 ,
1608 4879 2117 4952 doetrinaillustre-

550 4968 640 5012 tur
670 4973 742 5013 ex.
763 4955 963 5014 divinis
993 4960 1290 5034 Scripturis
1319 4964 1624 5036 desumpta.

624 5046 790 5104 Vens.
835 5049 922 5106 11.
963 5050 1169 5108 Tantus
1211 5056 1313 5111 erit
1353 5058 1432 5112 eis
1466 5059 1697 5129 gemitus
1747 5069 1801 5115 et
1844 5061 2112 5129 ululatus,

551 5151 790 5213 quantus
823 5157 954 5198 urso
981 5145 1191 5200 catulos
1237 5148 1467 5205 amissos
1516 5151 1759 5220 lugenti;
1811 5160 1905 5206 aut
1950 5133 2114 5210 etiam

551 5243 790 5306 quantus
819 5236 1087 5292 columba;
1112 5253 1232 5308 quae
1257 5250 1452 5296 natura
1482 5245 1741 5299 continuo
1769 5243 1971 5301 fremit.

623 5409 788 5470 Vens.
825 5413 911 5468 Π.
946 5414 1186 5471 Salutem
1207 5456 1221 5480 ,
1250 5431 1411 5486 quam
1438 5432 1628 5487 poenas
1655 5425 1846 5476 dantes
1875 5437 1971 5492 per
1995 5437 2112 5492 poe—

550 5504 831 5573 nitentiam
874 5514 928 5562 et
968 5508 1305 5564 docilitatem
1349 5509 1597 5568 homines
1641 5515 1746 5569 sihi-
1795 5522 2109 5586 operantur,

2218 4605 2404 4669 ὄντων,
2463 4609 2510 4659 εί
2563 4607 2636 4680 μὴ
2663 4610 2860 4681 παρείη
2894 4609 3029 4678 φῶς,
3061 4611 3154 4664 καὶ
3197 4612 3385 4680 φωτὸς
3431 4610 3594 4671 ὄντος,
3627 4607 3668 4657 εί
3697 4600 3756 4672 μὴ

2217 4691 2346 4750 ὦσιν
2367 4699 2630 4770 ὀφθαλμοὶ
2665 4700 2972 4770 βλέποντες,
3019 4703 3282 4757 ἀδύνατόν
3318 4707 3436 4756 ἐστι
3471 4702 3537 4754 τά
3569 4695 3757 4752 ὑποκεί-

2221 4805 2354 4858 μενα
2380 4790 2617 4863 καθορᾷν
2639 4809 2653 4823 ο
2693 4791 2865 4856 οὕτως
2895 4793 3105 4865 ἀνάγκη
3147 4796 3239 4847 καὶ
3272 4794 3365 4848 τδν
3393 4788 3692 4863 βουλόμενόν
3712 4799 3756 4834 τι

2215 4881 2537 4937 διανοεῖσθαι
2570 4884 2713 4949 νοῦν,
2745 4886 2820 4957 μὴ
2837 4886 2900 4940 ὲκ
2923 4886 3032 4941 τῶν
3050 4886 3207 4942 θείων
3230 4886 3472 4960 Γραφῶν
3496 4883 3758 4955 ἀρυόμενον

2219 4974 2426 5045 σοφίαν,
2455 4976 2792 5048 διαμαρτεῖν.

2287 5066 2548 5131 Τοσοῦτος
2593 5068 2650 5120 δὲ
2688 5067 2837 5121 ἔσται
2870 5071 2897 5122 ὀ
2926 5072 3221 5142 στεναγμὸς
3255 5071 3358 5125 καὶ
3392 5071 3427 5142 ἡ
3464 5067 3588 5138 παρ’
3610 5058 3760 5118 αὐτῶν

2215 5157 2449 5229 οἰμωγὴν
2482 5159 2614 5230 ὅσην
2649 5159 2848 5232 ἄρκτος
2872 5163 3180 5217 ἀπολέσασα
3201 5164 3270 5217 τὰ
3296 5163 3502 5232 ἑαυτῆς
3523 5158 3675 5212 τέκνα
3695 5152 3757 5204 ol—

2217 5243 2503 5319 μώξειοοῦ
2541 5251 2647 5322 μὴν
2691 5251 2826 5306 ἀλλά
2852 5254 2945 5307 κα¹1¹
2977 5254 3272 5328 περιστερά
3303 5253 3660 5310 ἀδιαλείπτως
3678 5260 3760 5314 φυ⁹

2215 5343 2382 5406 σικῶς
2408 5343 2700 5414 βρύχουσα.

2283 5436 2393 5507 Τὴν
2421 5439 2483 5489 ἐκ
2517 5437 2617 5508 τῆς
2660 5440 2942 5510 μετανοίας
2979 5441 3073 5495 καὶ
3100 5441 3375 5508 συνέσεως
3406 5448 3757 5512 πραγματευο-

2217 5525 2383 5596 μένην
2417 5527 2688 5597 σωτηρίαν
2721 5531 2833 5592 τοῖς
2875 5521 3308 5602 τιμωρουμένοις
3338 5528 3662 5584 οἰκειοῦσθαι
3685 5520 3756 5577 τὸν

552 5595 828 5676 ςυεοίρετο
850 5595 984 5652 dicit
1002 5596 1170 5654 Deum
1192 5638 1208 5665 ,
1231 5608 1286 5657 et
1304 5601 1452 5658 velut
1478 5601 1854 5676 indumentum
1876 5647 1891 5675 ,
1923 5621 2108 5665 eorum

2216 5595 2349 5686 Θεὸν
2400 5595 2618 5684 φάσκει,
2680 5617 2772 5670 καὶ
2801 5595 3077 5672 ἐνδύεσθαι
3119 5595 3320 5690 ῶσπερ
3360 5637 3416 5673 τι
3454 5619 3645 5686 ἔνδυμα
3676 5609 3758 5692 τὴν

618 5723 729 5856 (ιε)
758 5767 940 5838 Potius
971 5774 1138 5861 αὐτῷ,
