4038 6288
297 345 432 400 1565

1711 348 1775 402 ΙΝ
1809 349 2056 405 ISAIAM.

3366 355 3389 406 1
3399 354 3499 409 566

295 457 865 530 τούτωνβικαιοσύνην
889 474 901 486 ·
938 457 996 510 ού
1030 459 1132 529 μὴν
1150 458 1282 512 ἀλλὰ
1314 460 1404 511 καὶ
1427 459 1613 529 ὥσπερ
1637 476 1687 512 τι
1720 461 1852 531 κρά-
1877 502 1886 520 ι

1987 462 2210 516 istitiam
2243 463 2484 518 induere.
2509 463 2620 520 lmo
2651 467 2804 536 quasi
2829 468 2992 521 lorica
3019 477 3068 522 et
3088 482 3236 538 galea
3257 507 3269 531 ,
3296 473 3499 538 uiquit,

299 567 388 613 νος
419 550 513 603 καλ⁸
573 547 795 618 θώρακα
836 550 1202 621 περιτίθεσθαι
1230 550 1425 619 φάσκει
1454 551 1543 606 τὸν
1563 551 1713 614 Θεὸν,
1750 552 1846 616 τὰς

301 641 408 696 τῶν
433 640 732 711 ἀνθρώπων
771 641 1322 714 δικαιοπραγματείας
1348 659 1360 673 ·
1401 643 1468 696 τὰ
1511 644 1568 696 δὲ
1604 644 1695 696 ἐπὶ
1714 643 1847 696 Θεοῦ

303 733 552 802 εῐληπται
599 733 945 804 παραμυθίαν
983 734 1210 806 φέροντα
1247 736 1358 797 τοῖς
1391 735 1681 805 ἀκροαταῖς
1705 752 1719 766 ο
1757 735 1850 788 καὶ

303 823 575 893 ἐπεγείρει
641 823 816 877 αὑτῶν
875 825 944 878 τὰ
993 826 1348 896 φρονήματα,
1409 824 1483 890 ὡς
1542 825 1852 896 δυναμένων

305 914 482 967 αὐτῶν
532 914 625 967 καὶ
655 914 851 986 ἔνδυμα
895 915 1028 972 Θεοῦ
1055 915 1322 986 γενέσθαι,
1357 915 1700 987 δικαιοσύνην
1727 934 1850 987 μετ-

307 1007 514 1059 ιόντων.

381 1096 691 1168 Προειδέναι
725 1099 830 1170 χρὴ
859 1099 919 1152 τὸ
951 1095 1081 1170 ἦθος
1112 1099 1169 1152 τὸ
1212 1099 1547 1163 δεσποτικὸν,
1578 1101 1657 1154 ὅτι
1680 1100 1858 1155 πάντα

307 1189 372 1240 δι’
399 1187 706 1259 ἀγαθότητα
749 1190 1031 1258 προλέγει·
1080 1192 1174 1254 ὡς,
1207 1192 1332 1245 ὅταν
1370 1191 1564 1261 ἀπειλῇ
1599 1192 1715 1262 μὲν,
1750 1191 1856 1253 ἵνα,

312 1279 636 1350 φοϐηθέντες
675 1280 744 1334 τὰ
776 1281 1089 1352 σκυθρωπὰ,
1124 1282 1543 1353 ἐπιστρέψαντες
1568 1283 1660 1336 καὶ
1696 1299 1861 1353 μετα-

312 1371 600 1439 νοήσαντες
655 1371 1005 1440 άπαλλαγῶσι
1052 1375 1150 1444 τῆς
1187 1375 1377 1445 πείρας
1435 1375 1543 1427 τῶν
1570 1374 1784 1428 δεινῶν·
1826 1375 1859 1445 ἢ

315 1460 473 1513 πάλιν
505 1462 891 1530 ἐπαγγέλλεται
920 1464 988 1517 τὰ
1020 1463 1218 1533 ἀγαθὰ,
1243 1466 1329 1519 ἵνα
1355 1468 1473 1530 ταῖς
1514 1465 1862 1534 ἐπαγγελίαις

316 1551 597 1623 ἐπιῤῥώσῃ
617 1553 722 1606 τῶν
745 1553 1269 1626 δικαιοπραγούντων
1289 1555 1386 1628 τάς
1420 1555 1613 1625 ψυχὰς,
1648 1555 1780 1625 πρὸς
1806 1554 1865 1607 τὸ

319 1641 521 1714 μᾶλλον
584 1644 798 1716 ἔχεσθαι
849 1647 945 1717 τῆς
989 1647 1122 1718 πρὸς
1157 1647 1245 1702 τὸν
1284 1647 1417 1700 Θεὸν
1446 1647 1674 1710 ἐλπίδος.
1728 1646 1864 1700 Ἀλλ’

315 1735 437 1790 ούδέ
468 1753 568 1789 που
624 1737 714 1790 καὶ
769 1737 1008 1809 ἀνάγκην
1033 1738 1142 1808 ἔχει
1178 1737 1308 1802 Θεὸς
1340 1738 1576 1810 πληροῦν
1598 1740 1800 1793 ταῦτα·
1832 1737 1864 1809 ἢ

318 1827 426 1898 γὰρ
459 1828 897 1898 μετανοησάντων
934 1830 1102 1899 ἀνῆκε
1135 1830 1222 1883 τὸν
1252 1829 1441 1900 θυμὸν,
1481 1831 1538 1899 ἢ,
1581 1829 1654 1901 μὴ
1682 1831 1872 1900 ἐμμει-
1903 1811 1949 1868 Β

321 1918 525 1973 νάντων
567 1923 678 1983 τοῖς
723 1921 927 1986 καλοῖς,
962 1921 1021 1973 ού
1070 1919 1340 1974 τελειώσει
1373 1922 1441 1976 τὰ
1474 1920 1872 1990 ἐπαγγελθέντα

319 2007 479 2072 καλὰ,
506 2008 659 2078 ήμῶν
678 2011 1018 2080 παρεχόντων
1051 2011 1147 2074 τὰς
1172 2011 1347 2073 αἰτίας
1375 2008 1451 2080 τῷ
1479 2008 1596 2079 Θεῷ
1619 2008 1710 2061 τοῦ
1743 2007 1875 2078 πλη-

323 2095 450 2166 ροῦν
477 2097 545 2148 τὰ
572 2098 977 2168 ἐπαγγελθέντα
1003 2098 1168 2152 κακά.

392 2189 501 2242 Καὶ
524 2188 690 2241 ταῦτα
712 2188 901 2241 δὲκαθ’
933 2189 1171 2260 ἱστορίαν
1193 2187 1438 2259 ζητοῦντι
1456 2187 1658 2241 ἔνεστιν
1675 2188 1870 2259 εὑρεῖν·

322 2277 480 2330 τοῦτο
509 2280 604 2348 μὲν
639 2278 818 2350 Κύρου
857 2278 1328 2350 ἀνοικοδομοῦντος
1361 2279 1458 2350 τὴν
1505 2278 1874 2348 Ἰερουσαλὴμ,

323 2369 418 2420 καὶ
459 2373 576 2440 μετ’
602 2370 760 2424 αὑτὸν
798 2372 1028 2442 Δαρείου
1054 2389 1069 2405 ο
1105 2373 1166 2424 οὐ
1205 2372 1310 2442 μὴν
1338 2371 1472 2425 ἀλλὰ
1505 2372 1597 2426 καὶ
1635 2371 1878 2437 Ἀλεξάν-

321 2459 448 2530 δρου
475 2460 565 2513 τὸν
605 2463 871 2534 ἱερατικὸν
902 2463 1080 2515 στόλον
1106 2461 1462 2533 θεασαμένου,
1496 2461 1588 2516 καὶ
1615 2460 1880 2533 μεταϐαλ-

325 2549 548 2619 λομένου
572 2550 661 2604 τὸν
693 2550 860 2621 θυμὸν
887 2553 964 2614 είς
986 2550 1373 2622 προσκύνησιν.

397 2642 571 2713 Ὅπερ
598 2637 684 2713 ἦν,
710 2643 802 2695 καὶ
824 2642 915 2694 ἐπί
938 2642 1037 2712 τῆς
1064 2642 1179 2696 νυνὶ
1206 2641 1587 2705 καταστάσεως
1611 2641 1716 2694 τῶν
1761 2642 1881 2694 Ἐκ-

327 2731 561 2803 κλησιῶν
589 2731 869 2802 δηλοῦται·
897 2732 1092 2796 πάντες
1124 2731 1234 2803 γὰρ
1270 2731 1634 2802 ἁπανταχόθεν
1660 2731 1880 2794 ταύταις

328 2823 672 2894 προσοίσουσι
700 2822 798 2886 τὰς
824 2823 1095 2895 ἀπαρχάς.

410 2912 766 2975 Ἐπισκόπους
815 2913 957 2983 λέγει
986 2915 1112 2977 τοὺς
1145 2913 1569 2977 ἐπιστατοῦντας
1597 2914 1688 2967 τοῦ
1731 2914 1879 2979 λαοῦ,

329 3002 423 3066 οὒς
445 3005 538 3058 καὶ
572 3002 910 3076 δικαιοσύνης
947 3004 1178 3076 ἐραστὰς
1215 3005 1424 3076 μέλλειν
1466 3004 1679 3058 ἔσεσθαι
1715 3005 1881 3077 προῦ-

329 3092 504 3161 λεγεν.

402 3185 562 3249 Ἔθος
589 3190 700 3250 τοῖς
729 3187 1050 3259 προφήταις,
1083 3187 1555 3260 προαναθεωροῦσι
1582 3189 1641 3241 τὸ
1674 3189 1880 3258 μέλλον,

332 3276 425 3329 ἐπὶ
455 3277 550 3347 μὲν
575 3276 680 3329 τῶν
732 3278 1067 3347 σκυθρωπῶν
1120 3279 1368 3332 ἀνιᾶσθαι
1407 3281 1498 3332 καὶ
1535 3278 1766 3343 πενθεῖν,
1797 3278 1886 3330 ἐπὶ

331 3371 389 3422 δέ
432 3373 498 3441 τῇ
550 3371 656 3424 τῶν
716 3371 934 3438 ἀγαθῶν
990 3371 1189 3442 θεωρίᾳ
1221 3372 1286 3443 ἦν
1331 3371 1765 3440 εὐαγγελίζονται
1810 3369 1886 3440 τῷ

332 3461 466 3533 λαῷ,
506 3462 604 3517 κᾶν
619 3464 1010 3535 ἀναισθητῶσιν
1024 3468 1069 3518 οἱ
1099 3463 1382 3528 ἀκούοντες
1419 3464 1634 3528 αὐτοὺς,
1657 3479 1886 3534 προεορ-

334 3557 518 3621 τάξειν
585 3558 678 3611 καὶ
713 3558 1096 3628 προεπιᾶσθαι
1153 3557 1294 3610 κατὰ
1337 3556 1531 3627 ψυχὴν,
1561 3559 1767 3626 πεῖσμα
1800 3553 1887 3624 βέ-

336 3648 486 3702 ϐαιον
517 3649 884 3718 κεκτημένους
915 3648 1011 3718 τῆς
1061 3647 1166 3701 τῶν
1192 3647 1506 3717 δειχθέντων
1549 3647 1797 3718 θεωρίας.
1822 3677 1890 3689 ——

336 3740 558 3793 Βλέπων
605 3740 782 3791 τοίνυν
843 3741 871 3791 ὁ
928 3740 1206 3810 προφήτης
1256 3739 1390 3810 πρὸς
1417 3738 1506 3790 τὸν
1538 3738 1789 3809 Χριστὸν,
1816 3738 1889 3802 ὡς

339 3831 547 3902 ἔνδυμα
574 3829 736 3883 αὐτοῦ
763 3830 1019 3898 ἐγεγόνει·
1052 3832 1156 3893 πᾶς
1190 3828 1296 3900 γὰρ
1327 3832 1354 3882 ὁ
1379 3829 1730 3899 ἐνδυσάμενος
1755 3831 1891 3902 Χρι-

342 3922 484 3988 στὸν,
526 3922 736 3992 ἱμάτιον
805 3921 1072 3992 σωτηρίας
1117 3920 1419 3985 ἐνεδύσατο,
1459 3921 1578 3974 καθ’
1609 3920 1637 3974 ὃ
1681 3923 1773 3975 καὶ
1796 3920 1892 3993 τὴν

340 4016 501 4084 ἁγίαν
544 4014 707 4068 αὐτοῦ
749 4013 1072 4084 Ἐκκλησίαν
1115 4015 1469 4082 κατακοσμεῖ.
1499 4012 1772 4082 Κάκείνην
1796 4011 1893 4083 τὴν

340 4106 577 4161 διάθεσιν
630 4105 871 4176 πληρῶν,
926 4107 990 4176 ἣν
1043 4105 1107 4159 ἂν
1150 4103 1412 4178 πληρώσῃ
1431 4104 1710 4167 νεανίσκος
1760 4104 1897 4174 πρὸς

345 4198 631 4270 παρθένον,
672 4197 856 4268 ἔχαιρε
907 4196 998 4250 καὶ
1026 4197 1277 4266 εὐωχεῖτο
1313 4195 1452 4249 κατὰ
1481 4196 1678 4266 ψυχὴν,
1719 4195 1793 4260 ὡς
1821 4194 1899 4270 τῶ

343 4287 564 4359 Χριστῷ
621 4285 813 4350 συνὼν,
863 4288 1110 4340 κάκεῖνον
1180 4286 1543 4357 ἐνδεδυμένος,
1585 4287 1676 4339 καὶ
1701 4286 1898 4356 χιτῶνα

344 4381 505 4435 αὐτὸν
531 4379 666 4451 ἔχων
691 4377 1042 4449 εὐφροσύνης.

1955 552 2382 607 circumdabitur
2405 553 2548 609 Deus
2571 556 2730 609 bonis
2755 557 3032 611 hominum
3064 557 3336 626 operibus.
3375 559 3502 625 Qua:

1955 642 2170 710 quidem
2196 642 2263 697 de
2294 641 2404 698 Deo
2431 643 2763 712 referuntur,
2787 654 2844 700 ut
2870 647 3149 703 audientes
3169 649 3427 716 excitent,
3454 661 3506 705 et

1954 743 2161 788 mentes
2190 750 2376 788 eorum
2409 735 2648 806 erigant,
2699 738 3101 796 recordantium
3140 754 3199 797 se
3238 739 3503 798 iustitiam

1956 824 2182 880 colendo
2209 825 2304 881 Dei
2335 827 2704 883 indumentum
2733 846 2892 900 posse
2925 830 3056 886 ﬁeri.

2099 1102 2225 1156 CAP.
2269 1103 2394 1170 LX,
2443 1103 2599 1161 Vens.
2642 1107 2693 1160 8.
2733 1106 2851 1161 Prae
2893 1109 3064 1163 oculis
3108 1109 3383 1165 habendus
3429 1121 3511 1166 est

1963 1191 2057 1246 Dei
2091 1207 2209 1246 mos
2239 1201 2456 1263 propter
2485 1195 2871 1265 benignitatem
2897 1207 3120 1251 ventura
3151 1197 3508 1266 praedicentis.

1963 1281 2117 1337 Nunc
2155 1285 2330 1338 minas
2363 1283 2624 1351 intendit,
2678 1295 2737 1340 ut
2766 1286 2899 1341 diris
2929 1290 3199 1356 perterriti
3220 1330 3233 1353 ,
3269 1305 3364 1359 per
3398 1303 3513 1360 pa:-

1966 1376 2251 1429 nitentiam
2283 1385 2336 1430 et
2380 1377 2683 1432 animorum
2727 1380 3132 1435 conversionem
3179 1380 3513 1435 imminentia

1968 1466 2068 1520 sibi
2104 1467 2243 1520 mala
2270 1476 2513 1521 avertant
2539 1487 2552 1534 ;
2586 1484 2730 1522 nunc
2753 1479 2929 1523 autem
2958 1471 3095 1524 bona
3128 1472 3422 1540 promittit,
3454 1478 3513 1523 ut

1963 1557 2234 1625 justorum
2269 1561 2477 1613 animos
2519 1561 2799 1628 promissis
2843 1561 3155 1626 confirmet,
3201 1571 3253 1616 ct
3287 1562 3517 1633 ﬂagrau-

1969 1647 2093 1700 tiori
2122 1647 2176 1700 in
2208 1647 2375 1701 Deum
2421 1649 2599 1702 studio
2653 1650 2924 1704 incendat.
2968 1652 3036 1703 At
3083 1653 3225 1704 nulla
3282 1668 3514 1722 unquam

1972 1738 2087 1810 lege
2113 1739 2178 1794 ad
2206 1740 2322 1795 haec
2345 1741 2668 1810 perficienda
2699 1743 2928 1811 cogitur.
2960 1741 3092 1796 Nam
3121 1744 3224 1797 illis
3254 1747 3518 1814 poeniten-

1975 1831 2102 1882 tiam
2132 1831 2415 1900 agentibus
2435 1872 2450 1896 ,
2487 1832 2621 1884 iram
2665 1832 2817 1900 ponit
2846 1848 2860 1896 ;
2889 1839 2942 1885 et
2974 1830 3056 1884 his
3081 1845 3111 1883 a
3141 1839 3286 1886 recta
3313 1833 3399 1886 via
3426 1832 3519 1886 de-

1972 1918 2346 1986 ﬂectentibus,
2378 1921 2634 1989 praadicta
2659 1921 2798 1975 bona
2829 1935 2935 1974 non
2970 1919 3237 1990 largitur:
3275 1922 3376 1991 ipsi
3419 1936 3520 1977 nos

1973 2018 2224 2065 auctores
2261 2026 2449 2066 sumus
2479 2010 2586 2065 Deo
2618 2012 2974 2081 praenuntiata
3005 2012 3144 2066 mala
3176 2012 3517 2067 immittendi.

2045 2187 2206 2243 Vens.
2231 2189 2316 2243 10.
2339 2188 2468 2255 Quae
2490 2206 2560 2245 an
2583 2205 2770 2261 reapse
2791 2192 3026 2259 perfecta
3049 2191 3157 2245 sint
3177 2199 3522 2261 quwrentcm,

1976 2281 2203 2336 historia
2233 2282 2572 2352 apertissime
2617 2283 2873 2339 docebit:
2918 2283 3149 2354 primum
3192 2298 3313 2337 cum
3353 2281 3525 2352 Cyrus

1976 2382 2027 2427 et
2056 2383 2179 2443 post
2210 2374 2353 2428 hunc
2382 2375 2574 2431 Darius
2613 2375 2914 2432 Jerusalem
2961 2375 3293 2440 mdiﬁcaret;
3335 2373 3527 2428 deinde

1976 2465 2137 2518 etiam
2171 2481 2292 2520 cum
2337 2467 2660 2533 Alexander,
2705 2484 2914 2523 sacram
2964 2481 3213 2538 pompam
3260 2466 3523 2534 miratus,

1978 2568 2075 2622 pro
2105 2553 2244 2609 irato
2275 2555 2661 2610 amicissimum
2693 2572 2751 2612 se
2779 2557 3058 2626 praeberet.

2048 2643 2215 2704 Vens.
2256 2647 2340 2700 15.
2383 2645 2534 2712 Quod
2563 2648 2689 2701 olim
2718 2648 2929 2712 evenit,
2964 2653 3017 2702 et
3043 2660 3191 2700 nunc
3219 2659 3434 2715 quoque
3465 2642 3532 2698 do

1978 2735 2236 2793 Ecclesiis
2277 2741 2670 2796 constituendis
2712 2741 2897 2807 valet;
2926 2739 3126 2810 quibus
3169 2737 3314 2794 enim
3358 2735 3530 2792 unde-

1979 2849 2192 2903 quaque
2220 2843 2404 2904 gentes
2433 2837 2698 2905 primitias
2723 2835 2972 2890 aﬂ‘erunt.

2051 2925 2213 2980 Vens.
2249 2924 2331 2977 17.
2370 2924 2666 2994 Episcopos
2688 2934 2847 2979 vocat
2870 2921 3150 2994 principes
3171 2918 3373 2990 populi,
3400 2930 3538 2986 quos

1981 3021 2033 3068 et
2056 3013 2277 3084 iustitiae
2307 3014 2662 3068 inservituros
2694 3012 3040 3083 praedicebat.

2054 3190 2181 3244 CAP.
2223 3188 2371 3254 LXI,
2415 3187 2577 3244 Vens.
2627 3188 2711 3243 10.
2755 3187 2868 3242 Mos
2896 3194 2978 3240 est
3010 3185 3285 3256 prophetis
3314 3191 3536 3238 ventura

1985 3280 2438 3352 prospicientihus
2459 3321 2472 3345 ,
2503 3279 2568 3334 de
2603 3279 2839 3333 miseriis
2873 3277 3088 3348 quidem
3117 3278 3301 3346 lugere
3327 3284 3381 3329 et
3412 3289 3531 3328 con-

1986 3373 2223 3437 tristari,
2255 3371 2321 3426 de
2353 3371 2616 3426 bonorum
2665 3377 2848 3428 autem
2889 3367 3374 3438 contemplatione,
3398 3420 3400 3424 ,
3423 3380 3544 3435 quae

1987 3466 2184 3536 populo
2217 3464 2498 3528 nuntiant,
2541 3462 2757 3516 etiamsi
2803 3460 3084 3515 audientes
3116 3459 3274 3513 ﬁdem
3308 3457 3541 3527 denega-

1986 3559 2182 3622 verint,
2219 3556 2388 3611 laetari
2417 3562 2470 3609 et
2500 3554 2690 3626 spiritu
2719 3554 3023 3617 exsultare,
3057 3559 3260 3605 certam
3286 3549 3544 3603 habentes

1988 3652 2092 3722 ipsi
2118 3664 2298 3705 rerum
2322 3648 2742 3719 signiticatarum
2767 3646 3038 3701 ﬁduciam.
3057 3642 3544 3712 -—Prospectatum

1991 3745 2155 3817 igitur
2177 3743 2450 3798 Christum
2479 3739 2738 3812 propheta
2760 3779 2774 3804 ,
2806 3747 2864 3793 ut
2886 3737 3268 3793 vestimentum
3289 3774 3302 3797 ,
3332 3733 3507 3787 induit
3531 3749 3544 3795 ;

1992 3838 2302 3907 quicunque
2349 3837 2490 3890 enim
2541 3835 2818 3889 Christum
2886 3829 3124 3884 induerit
3153 3868 3169 3893 ,
3219 3826 3546 3881 vestimento

1995 3925 2182 3980 salutis
2208 3924 2436 3979 vestitus
2464 3930 2577 3988 est,
2606 3937 2713 3993 quo
2750 3922 2911 3975 etiam
2957 3925 3199 3973 sanctam
3251 3930 3402 3972 suam
3447 3912 3548 3966 Ec-

1995 4017 2218 4070 clesiam
2266 4023 2514 4071 exornat.
2573 4014 2650 4068 Ac
2697 4013 2888 4067 iisdem
2943 4009 3226 4065 affectibus
3271 4013 3550 4078 permotus

1996 4107 2194 4176 quibus
2234 4123 2468 4178 sponsus
2516 4106 2571 4160 in
2621 4118 2876 4174 sponsam
2927 4111 3195 4163 movetur,
3233 4097 3425 4166 spiritu
3462 4097 3552 4150 lae-

1997 4207 2142 4253 tatur
2169 4206 2224 4253 et
2273 4199 2538 4263 exsultat,
2588 4194 2733 4248 haud
2773 4208 2930 4248 secus
2972 4207 3034 4247 ac
3074 4191 3121 4246 si
3170 4204 3294 4244 cum
3334 4187 3553 4242 Christo

1999 4290 2433 4361 coniungeretur,
2458 4283 3019 4355 Christurnjnduisset
3039 4324 3052 4348 ,
3083 4290 3134 4336 et
3162 4280 3400 4333 tunicam
3430 4291 3553 4330 eum

2000 4380 2276 4434 habuisset
2304 4379 2518 4433 lwtitizc.

418 4473 556 4535 Τοὺς
584 4471 991 4541 σπερματικοὺς
1032 4469 1220 4539 λόγους
1257 4471 1527 4541 σημαίνει,
1558 4487 1683 4533 τους
1717 4470 1886 4540 ὥσπεε

2075 4471 2242 4527 Vens.
2284 4472 2371 4525 11.
2415 4467 2717 4524 Seminales
2760 4479 3039 4521 sermones
3083 4459 3317 4516 intendit
3360 4455 3556 4510 animis

347 4571 405 4626 ἐν
428 4569 497 4636 γῇ
529 4569 594 4636 τῇ
613 4564 756 4635 ψυχῇ
783 4563 1256 4632 ἐναποκειμένους,
1275 4565 1367 4617 καὶ
1382 4564 1456 4627 ὠς
1480 4563 1652 4634 κῆπον
1679 4563 1904 4631 αὔξοντα

346 4661 417 4713 τὰ
441 4660 498 4712 ἐν
526 4656 672 4726 αὐτῷ
705 4655 1011 4726 σπέρματα,
1037 4657 1132 4707 καὶ
1159 4658 1257 4707 οὐκ
1293 4655 1491 4720 ἔξωθεν
1527 4655 1646 4709 ούδέ
1677 4653 1904 4725 ἀλλαχό-

350 4753 441 4806 θεν
474 4749 864 4821 ἐπεισφέροντα
888 4747 1197 4817 σπέρματα,
1229 4747 1342 4800 ἀλλ’
1376 4747 1513 4801 ὥστε
1551 4747 1653 4816 γῆν
1683 4746 1905 4816 ἔχουσαν

348 4846 506 4912 λόγον
537 4842 629 4895 καὶ
642 4841 986 4895 ὁδοποιοῦσαν
1011 4843 1088 4904 είς
1112 4840 1342 4911 Χριστόν
1361 4855 1372 4867 ·
1397 4839 1544 4892 ὥσπε
1553 4856 1583 4909 ρ
1605 4840 1662 4890 ἐν
1697 4837 1906 4908 σώματι

350 4936 615 5006 ὀφθαλμοὶ
654 4933 968 5002 συγγένειαν
1004 4931 1183 5002 έχουσι
1217 4931 1350 5002 πρὸς
1393 4931 1452 4983 τὸ
1492 4930 1625 4999 φῶς,
1658 4929 1751 4982 καὶ
1777 4929 1906 4982 ἀνα-

351 5029 624 5090 τείλαντος
678 5025 828 5097 ἡλίου
859 5024 1056 5086 εὐθέως
1089 5023 1149 5076 τὸ
1197 5022 1449 5092 συγγενὲς
1473 5021 1707 5093 ὁρῶμεν,
1745 5019 1905 5086 οὕτω,

352 5121 446 5176 τοῦ
473 5120 720 5190 Σωτῆρος
749 5120 781 5188 ή
793 5117 905 5188 μῶν
937 5115 1357 5185 ἐπιλάμψαντος,
1391 5113 1487 5185 τὴν
1524 5111 1909 5184 κεκρυμμένην

355 5217 412 5270 ἐν
433 5218 562 5284 ἡμῖν
586 5213 994 5283 ἐπιτηδειότητα
1013 5210 1146 5281 πρὸς
1160 5207 1499 5278 δικαιοσύνην
1523 5206 1908 5276 ἐκλάμψωμεν,

355 5308 418 5360 τὸ
453 5305 722 5361 σκοτεινὸν
769 5302 1093 5372 ἀποθέμενοι
1163 5301 1261 5371 τῆς
1299 5300 1474 5370 ψυχῆς
1519 5294 1671 5369 ἦθος.
1729 5297 1913 5366 Ἀγαλ-

357 5397 532 5450 λίασιν
569 5396 624 5449 δέ
665 5395 812 5463 λέγει
849 5391 1073 5446 ἐνώπιον
1130 5391 1237 5445 τῶν
1285 5389 1450 5443 ἐθνῶν
1494 5389 1908 5459 ἐξαπλούμενος.

429 5487 536 5542 Τοῦ
567 5487 841 5559 προφήτου
873 5485 1010 5538 κατὰ
1039 5483 1212 5554 ψυχὴν
1255 5480 1588 5543 ἐστιαθέντος
1629 5479 1713 5532 διὰ
1746 5479 1811 5534 τά
1837 5479 1914 5550 τῷ

357 5580 473 5652 λαῷ
512 5577 940 5648 ἐπαγγελθέντα·
997 5578 1056 5630 οὐ
1108 5575 1212 5646 μὴν
1246 5575 1380 5628 ἀλλὰ
1423 5573 1513 5628 καὶ
1547 5574 1749 5626 τούτων
1783 5573 1916 5643 ἀμε-

359 5673 591 5730 λούντων
632 5670 728 5742 τὴν
755 5669 832 5734 είς
858 5669 926 5723 τὰ
952 5668 1077 5738 ἔθνη
1129 5669 1439 5736 φθάνουσαν,
1472 5667 1628 5738 χάριν
1683 5683 1916 5737 προανα-

367 5767 732 5840 φωνήσαντος,
765 5760 1068 5824 ἀκολούθως
1099 5760 1215 5814 οὐδὲ
1250 5762 1346 5832 τῆς
1377 5759 1510 5813 Σιὼν
1546 5759 1914 5830 ἐπιμελεῖσθαί

2006 4550 2151 4616 velut
2177 4568 2337 4614 terrae
2367 4557 2728 4621 commissos;
2759 4564 2812 4609 et
2849 4569 2972 4607 cum
3016 4551 3176 4604 horto
3217 4546 3443 4602 collatos
3475 4559 3560 4600 se-

2004 4655 2148 4708 mina
2176 4665 2274 4707 sua
2307 4650 2598 4713 etTerente,
2631 4663 2742 4702 non
2791 4645 3002 4700 exotica
3045 4648 3138 4694 aut
3180 4639 3352 4693 aliena
3399 4635 3558 4690 indu-

2005 4753 2162 4801 cente
2186 4762 2201 4811 ;
2236 4760 2357 4799 cum
2384 4751 2530 4797 terra
2557 4740 2770 4794 ratione
2797 4735 3018 4808 praedita
3047 4740 3100 4787 et
3134 4733 3276 4786 viam
3307 4729 3372 4784 ad
3402 4728 3558 4783 Chri-

2006 4848 2149 4894 stum
2197 4834 2570 4907 patel‘aciente.
2620 4831 2737 4896 Quo
2785 4828 2926 4880 enim
2977 4823 3136 4878 modo
3181 4821 3324 4877 oculi
3373 4821 3558 4874 intima

2008 4929 2330 5001 cognatione
2372 4941 2493 4979 cum
2537 4924 2656 4976 luce
2697 4919 3122 4987 coniunguntur,
3155 4921 3211 4968 et
3264 4921 3384 4968 orto
3414 4911 3586 4973 sole,_

2008 5020 2190 5076 statim
2234 5018 2349 5071 haec
2379 5013 2630 5083 cognatio
2675 5016 2926 5080 apparet,
2972 5008 3045 5062 ita
3087 5006 3421 5060 illuminante
3460 5015 3563 5055 nos-

2011 5111 2323 5176 Salvatore,
2376 5105 2678 5163 tenebrosis
2720 5103 2912 5157 anima:
2948 5101 3192 5155 moribus
3240 5094 3586 5161 illustratus,”

2012 5201 2316 5274 splendebit
2362 5199 2415 5253 in
2456 5195 2614 5252 nobis
2643 5195 2817 5248 latens
2861 5192 2927 5246 ad
2977 5190 3256 5274 justitiam,
3291 5184 3560 5274 habilitas.

2011 5270 2439 5348 Exsultationem
2466 5285 2599 5340 dicit
2627 5299 2684 5338 se
2716 5284 2770 5336 in
2799 5287 3092 5348 conspectu
3120 5273 3356 5346 gentium
3387 5270 3566 5325 multi-

2013 5387 2351 5456 plicaturum.

2082 5479 2209 5533 Cu).
2262 5470 2442 5536 LXII,
2469 5469 2632 5525 Vens.
2670 5467 2721 5520 1.
2766 5464 2968 5535 Spiritu
3015 5457 3253 5514 exsultat
3305 5453 3566 5525 propheta

2015 5577 2233 5642 propter
2262 5567 2404 5621 bona
2433 5561 2632 5633 populo
2684 5554 3004 5612 denuntiata
3031 5569 3056 5642 ;7
3081 5546 3329 5642 praedicit
3379 5544 3566 5642 prole:-

2017 5634 2208 5720 διο-νεὶ
2235 5659 2421 5714 invitis
2437 5653 2704 5711 lsraelitis
2723 5648 2946 5719 gratiam
2977 5641 3141 5697 a.Deo
3161 5640 3214 5694 in
3239 5645 3427 5710 gentes
3464 5634 3573 5692 dif-

2022 5752 2373 5817 fundendam,
2405 5745 2662 5820 non_ideo
2687 5751 2864 5796 tamen
2890 5736 3022 5792 Sion
3046 5731 3442 5804 negligendam,
3476 5734 3570 5782 aut
