4038 6288
501 352 636 408 i367

1650 350 1997 409 THEODORJ
2031 347 2547 407 HERACLEENSIS

3580 344 3724 403 1568

498 465 981 535 derelinquendam
1042 462 1393 532 Jerusalem;
1458 479 1574 521 naec
1624 475 1808 521 autem
1855 464 2040 520 illumi-

2158 483 2342 537 φησιν,
2371 464 2494 520 οὐδὲ
2538 464 2637 537 τὴν
2697 459 3047 537 Ἰερουσαλὴμ
3096 462 3313 517 ὲακεναι
3363 460 3532 531 λέγει,
3581 460 3721 514 ἀλλά

496 558 679 614 nanda
724 566 841 613 erat
871 557 940 612 ab
968 571 1034 611 eo
1056 556 1293 628 [propter
1315 556 1501 611 divina
1539 557 1609 613 de
1658 559 1777 630 ipsa
1803 558 2054 625 consilia,

494 660 551 708 et
594 652 736 706 dona
782 648 885 719 ipsi
936 649 1150 720 largita.
1191 647 1405 704 Etenim
1455 653 1875 721 properantibus
1914 666 2054 723 apo-

471 740 650 795 stolis
695 737 1053 809 Evangelium
1093 741 1349 811 gentibus
1390 740 1689 812 praedicare
1731 744 1899 812 jussit
1932 745 2055 803 Sal-

494 838 668 894 vator,
686 839 746 884 ut
774 830 841 886 ad
869 845 1000 888 oves
1034 833 1190 904 prius
1221 833 1383 899 irent,
1410 848 1532 898 quae
1560 835 1839 905 perierunt
1860 835 2055 894 domus

493 919 660 977 lsrael
690 922 756 976 ³⁸.

560 1099 726 1157 Vens.
754 1100 815 1155 2..
861 1100 1069 1158 Nomen
1099 1117 1299 1158 novum
1331 1103 1534 1159 dicitur
1561 1120 1756 1159 nomen
1788 1105 2054 1164 Christia-

491 1209 735 1260 norum;
783 1195 982 1264 saepius
1031 1194 1173 1250 idem
1231 1195 1433 1253 innuit.
1485 1194 1698 1252 Etenim
1746 1197 2053 1269 baptizatus

489 1287 762 1358 baptismo
791 1287 1009 1350 salutis,
1056 1295 1315 1342 renovata
1366 1295 1477 1344 tota
1517 1289 1692 1359 ipsius
1716 1289 2049 1360 conditione,

488 1393 634 1433 novo
680 1394 898 1449 quoque
932 1381 1155 1436 nomine
1187 1369 1417 1437 vocatur
1451 1380 1647 1437 ﬁdelis.
1699 1381 1923 1439 Judazus
1951 1398 2053 1438 no-

487 1490 615 1530 vum
658 1474 795 1543 illud
842 1489 1040 1530 nomen
1092 1475 1396 1547 impugnat.
1456 1475 1610 1535 Dicat
1657 1477 1862 1548 igitur,
1893 1478 2051 1548 juxta

486 1566 639 1623 Isaiae
664 1567 1002 1637 prophetiam
1027 1607 1042 1631 ,
1094 1584 1297 1624 novum
1332 1585 1530 1625 nomen
1559 1571 1721 1641 quale
1752 1570 1856 1627 sibi
1885 1570 2052 1628 fuerit

486 1657 821 1727 impositum.
856 1659 926 1713 At
953 1673 1062 1713 non
1106 1658 1269 1715 habet
1302 1661 1449 1731 quod
1476 1661 1699 1717 indicet.
1734 1661 1924 1719 Restat
1949 1664 2051 1736 igi-

484 1756 576 1803 tur
613 1756 674 1804 ut
728 1764 927 1805 nomen
984 1750 1120 1806 illud
1164 1750 1601 1809 Christianorum
1637 1770 1835 1811 nomen
1889 1756 1979 1821 sit,
2016 1770 2046 1810 a

2158 558 2252 612 καὶ
2280 556 2483 627 ταύτην
2510 553 3074 625 καταυγασθήσεσθαι·
3092 553 3183 607 ὑπ’
3216 549 3378 605 αὐτοῦ
3405 549 3494 604 διά
3530 566 3594 603 τε
3618 550 3722 619 τὴν

2155 643 2294 716 πρὸς
2322 642 2490 713 αὐτὴν
2527 640 2730 695 ἀνωθεν
2761 639 2943 711 σχέσιν
2968 637 3061 692 καὶ
3098 637 3184 691 διὰ
3223 636 3291 689 τά
3319 634 3542 689 δοθέντα
3579 634 3719 706 αὐτῇ

2156 722 2330 804 σεμνά
2348 748 2362 762 ·
2393 731 2488 785 καὶ
2533 728 2641 802 γὰρ
2670 728 2780 782 τῶν
2808 726 3119 782 ἀποστόλων
3157 725 3489 780 σπευδόντων
3520 725 3604 788 είς
3650 723 3721 776 τά

2153 824 2280 896 ἔθνη
2312 823 2374 877 τὸ
2407 823 2666 894 κήρυγμα
2696 821 3003 890 ἐξαγαγεῖν,
3031 821 3060 874 6
3107 820 3295 890 Σωτὴρ
3330 819 3593 890 πρότερον
3619 818 3718 870 αι’.-

2150 918 2278 981 τοὺς
2322 915 2591 968 ποιεῖσθαι
2631 913 2692 966 τὸ
2734 915 2996 986 κήρυγμα
3035 910 3427 985 παρεκελεύετο
3465 910 3602 981 πρὸς
3646 909 3716 964 τὰ

2152 1007 2399 1079 πρόϐατα
2432 1005 2499 1059 τά
2529 1006 2837 1061 ἀπολωλότα
2864 1006 3009 1060 οίκου
3054 1003 3287 1077 Ἰσραήλ.

2223 1102 2431 1171 Ὄνομα
2464 1098 2646 1154 καινὸν
2687 1098 2903 1168 λέγεται
2935 1097 2995 1152 τὸ
3021 1095 3176 1169 ἡμῶν
3204 1095 3310 1151 τῶν
3337 1094 3676 1167 Χριστιανῶν
3694 1111 3708 1124 ·

2151 1191 2433 1263 πολλαχῶς
2476 1191 2533 1245 δὲ
2561 1190 2718 1244 τοῦτο
2764 1192 2960 1245 νοεῖται
2979 1206 2993 1219 ο
3042 1188 3138 1243 καὶ
3178 1187 3286 1260 γὰρ
3327 1189 3357 1241 6
3394 1187 3714 1259 βαπτισθεὶς

2150 1286 2432 1358 βάπτισμα
2478 1286 2740 1357 σωτήριον
2781 1283 2950 1355 ὄνομα
3009 1282 3195 1353 ἕτερον
3244 1279 3566 1353 ὀνομάζεται
3590 1320 3607 1346 ,
3685 1284 3714 1334 6

2150 1382 2359 1446 πιστὸς,
2390 1377 3040 1448 ἀνακαίνισινλδεχόμενος
3066 1376 3165 1447 τῆς
3189 1374 3317 1446 ὅλης
3345 1374 3510 1428 αὐτοῦ
3544 1391 3715 1429 κατα-

2151 1476 2412 1538 στάσεως.
2459 1472 2599 1526 Ἀλλ’
2628 1472 2657 1524 6
2696 1469 2946 1532 Ἰουδαῖος
2984 1468 3211 1540 μάχεται
3261 1466 3397 1539 πρὸς
3428 1465 3488 1520 τὸ
3525 1465 3713 1520 καινὸν

2148 1570 2305 1623 τοῦτο
2341 1569 2510 1641 ὄνομα
2532 1587 2545 1600 ·
2595 1570 2802 1624 εἰπάτω
2837 1567 3036 1631 τοίνυν,
3082 1564 3221 1619 κατά
3249 1563 3468 1616 Ἡσαΐου
3494 1579 3711 1633 προφη-

2146 1663 2316 1728 τείαν,
2360 1662 2532 1733 ὄνομα
2564 1660 2747 1716 καινὸν
2781 1657 3029 1713 ὲπιτεθὲν
3058 1655 3240 1727 αύτῷ·
3292 1653 3406 1709 ἀλλ’
3454 1655 3556 1708 οὐκ
3598 1653 3712 1723 ἔχει

2146 1754 2346 1818 δεῖξαι·
2388 1753 2496 1825 ἄρα
2535 1753 2712 1807 τοίνυν
2757 1751 2818 1805 τὸ
2862 1748 3201 1823 Χριστιανῶν
3237 1749 3418 1811 ἐστιν,
3462 1744 3572 1800 ἀπὸ
3618 1745 3710 1798 τοῦ

483 1839 704 1897 Christo
735 1841 1107 1912 desumptum,
1134 1843 1280 1914 quod
1304 1845 1422 1914 ipse
1453 1844 1612 1901 nobis
1645 1844 1909 1903 Dominus
1941 1819 2040 1903 im-

2148 1846 2382 1919 Χριστοῦ
2412 1819 2830 1918 γνωριζόμενον,
2882 1819 2926 1897 ὃ-
2961 1846 2990 1898 6
3031 1842 3234 1913 Κύριος
3274 1843 3406 1912 ἡμῖν
3445 1838 3709 1901 τέθεικεν,

483 1933 696 2002 posuit,
737 1943 924 2003 gentes
955 1937 1176 1991 nomine
1209 1952 1310 1993 suo
1338 1938 1656 1995 nobilitans.

561 2021 717 2081 Vens.
749 2026 802 2080 5.
838 2026 915 2081 Ex
946 2029 1114 2085 variis
1143 2028 1369 2087 ﬂoribus
1425 2041 1570 2088 serta
1602 2048 1804 2089 corona
1831 2043 1885 2091 et
1924 2034 2042 2090 dia-

482 2115 636 2170 dema
669 2118 822 2188 regni
892 2127 1093 2175 coetum
1144 2123 1513 2193 apostolorum
1578 2126 1899 2197 designant,
1945 2127 2039 2200 qui

478 2204 844 2264 Ecclesiarum
891 2211 1169 2283 principes
1208 2213 1432 2270 fuerunt
1460 2224 1515 2271 et
1541 2217 1703 2273 simul
1733 2233 1931 2284 genere
1959 2217 2038 2273 ls-

479 2299 947 2372 raelitae;quibus
995 2320 1197 2361 novum
1230 2324 1429 2365 nomen
1485 2318 1610 2381 apte
1654 2312 2035 2379 conveniebat,

479 2407 603 2447 cum
655 2408 944 2451 commune
974 2412 1145 2468 genus
1186 2415 1310 2455 cum
1338 2401 1409 2458 iis
1438 2401 1723 2459 haberent.

547 2484 712 2543 Vsus.
743 2488 797 2542 4.
836 2487 1100 2548 Voluntas
1127 2504 1394 2549 vocantur
1447 2498 1540 2566 qui
1572 2496 1669 2552 Dei
1701 2498 2036 2554 voluntatem
2130 2554 2131 2557 η

478 2575 720 2647 faciunt;
755 2596 852 2636 vos
907 2590 962 2637 et
1005 2583 1233 2655 diligere
1287 2586 1528 2654 dicitur,
1584 2588 1728 2643 sicut
1782 2590 2037 2646 habitans

473 2670 689 2738 juvenis
721 2687 844 2727 cum
899 2674 1127 2746 virgine.
1176 2677 1290 2734 Hoc
1326 2696 1455 2736 vero
1508 2696 1616 2736 non
1659 2691 1992 2740 marcentem
2020 2724 2034 2750 ,

478 2765 573 2818 sed
622 2763 901 2821 florentem
928 2769 1297 2825 conditionem
1345 2772 1667 2843 designans;
1700 2791 1825 2830 nam
1878 2792 2039 2849 spon-

476 2872 572 2911 sus
595 2872 849 2926 sponsam
881 2860 1291 2918 cohabitatione
1325 2868 1578 2936 protegit.

544 2947 710 3004 Vens.
746 2949 797 3004 6.
828 2948 1157 3007 Hodiernam
1194 2954 1560 3011 Ecclesiarum
1591 2962 2036 3019 constitutionem

475 3040 901 3111 indicat;populo
923 3049 1037 3097 tota
1051 3043 1139 3100 die
1157 3052 1212 3101 et
1234 3055 1344 3101 tota
1361 3057 1522 3104 nocte
1550 3053 1803 3109 mandata
1832 3055 1925 3111 Dei
1940 3071 2007 3111 cu
2020 3086 2037 3100 -

475 3133 772 3203 stodiente;
807 3141 921 3191 tota
948 3144 1107 3194 nocte
1137 3137 1456 3197 docentibus
1484 3143 1815 3213 presbyteris
1850 3164 2034 3205 veram
2065 3176 2107 3233 ο

472 3225 542 3281 de
570 3225 681 3282 Deo
702 3227 1004 3285 doctrinam
1021 3270 1038 3297 ,
1069 3246 1134 3286 ac
1156 3230 1250 3287 Dei
1276 3233 1465 3292 laudes
1484 3244 1538 3292 et
1562 3240 1878 3296 memoriam
1900 3243 2040 3299 cele-

472 3318 784 3373 brantibus.

540 3410 670 3465 Car.
694 3410 875 3477 LXIII,
899 3410 1067 3469 Vnus.
1106 3414 1157 3470 l.
1189 3413 1355 3468 Edom
1380 3424 1538 3470 vocat
1561 3390 1717 3474 iilios
1741 3418 1905 3490 Esau;
1937 3421 2040 3478 Bo-

472 3516 567 3557 aoz
589 3501 675 3556 vel
705 3499 872 3558 Bosra
907 3503 1105 3558 dicitur
1136 3519 1265 3560 caro
1289 3504 1422 3577 (15).
1447 3505 1544 3561 Vir
1577 3509 1744 3578 igitur
1770 3511 1876 3568 iste
1912 3528 2034 3569 cum

473 3593 789 3651 fortitudine
840 3606 894 3651 et
956 3596 1217 3652 violentia
1290 3598 1576 3655 vobiscum
1621 3600 1774 3671 justo
1826 3605 2036 3660 calculo

470 3684 724 3758 litigahit,
776 3703 967 3758 pmnas
1020 3703 1049 3742 a
1109 3689 1265 3745 vobis
1324 3700 1597 3761 repetens.
1640 3690 1841 3765 Litigat
1892 3695 2036 3753 Deus

470 3776 615 3830 enim
645 3790 768 3831 cum
815 3776 1151 3842 hominibus,
1206 3780 1427 3849 quando
1458 3790 1620 3837 vocat
1658 3797 1755 3839 eos
1782 3784 1837 3838 in
1881 3784 2034 3854 judi-

471 3867 637 3927 cium.
673 3875 734 3922 ut
780 3867 975 3924 doceat
1004 3885 1063 3925 se
1102 3870 1341 3942 legitima
1387 3874 1628 3929 vindicta
1658 3877 1760 3941 uti,
1805 3891 1908 3932 nos
1936 3892 2033 3932 au-

468 3965 576 4012 tem
609 3959 715 4030 ipsi
763 3968 1018 4018 auctores
1048 3978 1174 4018 esse
1219 3965 1488 4035 supplicia
1518 3966 1573 4020 in
1612 3981 1712 4023 nos
1743 3967 2029 4025 inferendi.

466 4048 602 4102 Nam
628 4091 643 4115 ,
678 4052 762 4106 vel
811 4053 1107 4109 vindictam
1140 4054 1365 4127 exigens
1395 4098 1411 4123 ,
1469 4057 1654 4113 omnia
1701 4061 1768 4116 ad
1801 4061 2032 4118 salutem

466 4142 630 4197 nobis
662 4147 1060 4214 procurandam
1107 4148 1277 4214 facit,
1312 4158 1424 4206 uta
1457 4153 1699 4222 peccatis
1731 4170 2029 4221 cessemus,

468 4242 529 4288 ut
563 4235 937 4304 paenitentiam
968 4248 1193 4309 agentes
1238 4242 1536 4307 salvemur,
1573 4251 1669 4299 aut
1703 4245 2033 4301 mundemur

464 4342 752 4398 poenarum
780 4329 1007 4400 judicio.
1039 4332 1107 4386 Et
1129 4334 1288 4401 paulo
1317 4347 1433 4405 post
1455 4353 1473 4390 :
1505 4337 1644 4394 Vere
1672 4339 2033 4397 admiratione

466 4422 763 4490 stupebunt
786 4422 1101 4494 Spirituales
1123 4426 1355 4483 virtutes
1377 4468 1391 4493 ,
1416 4444 1539 4484 cum
1568 4431 1829 4488 videbunt
1859 4433 2027 4490 Deum

2146 1938 2253 1992 ἀπὸ
2279 1936 2373 1992 τοῦ
2400 1937 2599 1991 οίκείου
2632 1937 2895 2007 ὀνόματος
2920 1936 3197 2007 σεμνύνων
3218 1933 3289 1988 τά
3314 1933 3461 2005 ἔθνη.

2227 2032 2322 2085 Ἐκ
2366 2031 2636 2102 διαφόρων
2669 2028 2845 2085 ἀνθῶν
2894 2028 3139 2095 πλακεὶς,
3170 2028 3262 2081 καὶ
3286 2025 3521 2097 διάδημα
3558 2023 3702 2095 βασι.

2145 2123 2293 2189 λείας
2318 2123 2380 2177 τὸ
2400 2124 2584 2193 τάγμα
2614 2122 2722 2176 τῶν
2750 2121 3061 2177 ἀποστόλων
3091 2120 3365 2191 τυγχάνει,
3396 2118 3446 2171 οἶ
3473 2118 3566 2171 καὶ
3597 2116 3710 2170 τῶν

2158 2216 2486 2289 Ἐκκλησιῶν
2514 2215 2886 2288 προήχθησαν,
2917 2215 3069 2279 ὄντες
3095 2213 3235 2268 κατὰ
3258 2212 3413 2282 γένος
3448 2210 3707 2283 Ἰσραηλῖ-

2144 2325 2255 2376 ται,
2286 2304 2367 2371 οἶς
2412 2309 2506 2362 καὶ
2534 2308 2743 2379 ἥρμοσε
2787 2307 2850 2360 τὸ
2876 2305 3047 2378 ὄνομα
3090 2304 3152 2359 τὸ
3188 2303 3393 2368 καινὸν,
3424 2301 3706 2356 κοινωνίαν

2143 2400 2324 2472 έχουσι
2355 2400 2491 2471 πρὸς
2521 2398 2583 2452 τὸ
2615 2398 2790 2468 γένος.

2211 2490 2433 2563 Θέλημα
2461 2489 2640 2544 τοίνυν
2673 2487 2959 2542 καλοῦνται
2990 2487 3040 2541 οί
3072 2487 3133 2540 τὸ
3163 2485 3372 2558 θέλημα
3413 2482 3585 2537 αὐτοῦ
3614 2498 3710 2534 πε-

2143 2584 2449 2655 ποιηκότες,
2477 2582 2570 2647 οὓς
2609 2583 2699 2636 καὶ
2729 2583 2945 2653 ἀγαπᾷν
2971 2581 3139 2649 λέγει,
3180 2579 3256 2644 ὡς
3290 2576 3552 2632 συνοικῶν
3586 2592 3712 2630 νεαο

2142 2676 2324 2739 νίσκος
2348 2674 2616 2746 παρθένῳ.
2648 2673 2817 2728 Τοῦτο
2842 2674 2898 2728 δὲ
2926 2676 2987 2728 οὐ
3035 2672 3240 2745 φθορὰν
3275 2671 3547 2743 σημαίνει,
3592 2669 3708 2724 ἀλλ’

2142 2768 2490 2840 ἀκμάζουσαν
2517 2769 2699 2840 σχέσιν
2717 2785 2731 2798 ·
2763 2767 2858 2821 καὶ
2889 2766 2997 2841 γάρ
3016 2770 3174 2839 τηρεῖ
3198 2766 3257 2819 ὲν
3279 2764 3358 2836 τῷ
3389 2763 3711 2835 συνοικεσίῳ

2140 2860 2237 2933 τὴν
2267 2860 2553 2933 παρθένον.

2210 2953 2321 3024 Τὴν
2346 2953 2462 3006 νυνὶ
2504 2952 2834 3015 κατάστασιν
2880 2950 2987 3004 τῶν
3033 2948 3365 3021 Ἐκκλησιῶν
3414 2946 3706 3018 ἐμφαίνει·

2143 3043 2259 3114 μεθ’
2290 3042 2504 3115 ἡμέραν
2527 3060 2585 3095 τε
2608 3043 2701 3097 καὶ⁸
2723 3041 2937 3113 νύκτωρ
2966 3038 3295 3110 μελετῶντος
3321 3035 3411 3089 τοῦ
3440 3034 3572 3089 λαοῦ
3606 3034 3707 3098 τάς

2140 3135 2358 3199 ἐντολὰς
2388 3134 2479 3189 τοῦ
2506 3134 2640 3187 Θεοῦ
2662 3151 2676 3165 ’
2708 3131 3129 3187 ὲκδιδασκόντων
3160 3146 3219 3183 τε
3254 3129 3442 3197 ίερέων
3473 3126 3545 3180 τά
3574 3142 3706 3196 τερι

2140 3227 2272 3281 Θεοῦ
2301 3229 2367 3281 δι’
2399 3227 2527 3300 ὅλης
2564 3227 2774 3292 νυκτὸς,
2807 3224 3096 3281 αἰνούντων
3125 3223 3217 3278 τδν
3249 3222 3453 3295 Κύριον
3480 3225 3575 3276 καὶ
3604 3221 3704 3276 αύο

2138 3321 2232 3374 τοῦ
2264 3320 2723 3393 μνημονευόντων.

2219 3411 2398 3483 Ἐδὼμ
2424 3412 2569 3481 λέγει
2600 3412 2728 3475 τοὺς
2750 3411 2900 3474 υἱοὺς
2943 3409 3136 3463 Ἡσαῦ.
3173 3408 3342 3481 Βοσὸρ
3361 3407 3419 3462 δὲ
3461 3408 3577 3479 ἦτοι
3603 3405 3701 3478 τὴν

2137 3506 2374 3579 Βόστραν
2413 3506 2559 3575 λέγει
2593 3505 2714 3559 καθ’
2761 3505 3040 3578 Ἐϐραίους
3082 3505 3278 3577 σάρκα.
3312 3496 3481 3568 Οὗτος
3518 3504 3699 3557 τοίνυν

2136 3600 2165 3652 6
2200 3600 2371 3669 μέγας
2415 3602 2473 3652 ὲν
2521 3599 2664 3671 ίσχύῖ
2695 3600 2788 3652 καὶ¹
2828 3598 3156 3669 ἀσύγκριτος
3202 3597 3517 3670 κριθήσεται
3557 3595 3698 3667 πρὸς

2135 3689 2330 3754 αὐτοὺς
2372 3688 2554 3760 δικαίᾳ
2596 3688 2780 3761 ψήφῳ,
2814 3689 2913 3761 τὴν
2946 3690 3065 3743 κατ’
3097 3689 3294 3752 αὐτοὺς
3333 3686 3697 3759 ποιησάμενον

2136 3779 2403 3834 ἐκδικίαν·
2455 3781 2549 3834 καὶ
2584 3782 2692 3853 γὰρ
2735 3780 2867 3844 Θεὸς
2909 3779 3044 3852 πρὸς
3089 3778 3407 3852 ἀνθρώπους
3458 3778 3699 3849 κρίνεται

2134 3873 2313 3926 καλῶν
2340 3874 2487 3945 ἡμᾶς
2518 3874 2598 3937 είς
2642 3873 2841 3946 κρίσιν,
2894 3873 2978 3926 ἵνα
3029 3871 3252 3944 διδάξῃ,·
3282 3873 3365 3925 ὅτι
3396 3869 3561 3925 αὐτοῦ
3602 3870 3700 3941 μὲν

2131 3964 2316 4019 δικαία
2344 3966 2378 4037 η
2407 3965 2610 4037 ἄμυνα,
2649 3967 2807 4035 ἡμεῖς
2835 3964 2891 4018 δὲ
2920 3964 3098 4018 αὐτῶν
3136 3962 3295 4017 αἴτιοι
3335 3962 3457 4017 καθ’
3488 3960 3699 4014 έαυτιῖν

2132 4057 2498 4128 ἐπισπώμενοι
2524 4057 2621 4129 τὴν
2663 4057 2818 4127 δίκην
2842 4073 2856 4085 ·
2913 4056 3074 4120 αὐτὸς
3128 4055 3237 4127 γὰρ
3268 4055 3360 4109 καὶ
3392 4054 3549 4126 δίκην
3599 4057 3698 4107 ἐπ·

2130 4154 2298 4223 ἀγων,
2332 4153 2472 4225 ὑπὲρ
2514 4153 2782 4225 σωτηρίας
2811 4152 2967 4224 ήμῶν
2999 4151 3174 4206 πάντα
3212 4154 3373 4215 ποιεῖ,
3415 4150 3558 4223 ὑπὲρ
3599 4149 3697 4203 τοῦ

2131 4248 2223 4301 καὶ
2255 4245 2466 4300 παῦλαν
2503 4248 2648 4318 ἡμᾶς
2675 4244 2856 4300 λαϐεῖν
2884 4245 2976 4299 τοῦ
3029 4245 3384 4317 ἁμαρτάνειν,
3433 4244 3466 4315 ἢ
3524 4261 3693 4315 μετα-

2131 4339 2424 4411 νοήσαντας
2452 4336 2709 4407 σωθῆναι,
2745 4337 2777 4410 ἢ
2806 4337 3159 4408 κουφισθῆναι
3205 4338 3262 4390 ἐν
3292 4339 3354 4407 τῇ
3388 4337 3566 4409 κρίσει
3594 4338 3695 4407 τῆς

2129 4429 2416 4501 τιμωρίας.
2455 4428 2565 4482 Καὶ
2598 4430 2725 4498 μετ’
2762 4429 2954 4499 ὀλίγαι
3006 4427 3245 4498 Ἀληθῶς
3272 4426 3379 4499 γὰρ
3415 4426 3695 4498 θαύματος

465 4530 647 4578 suum,
682 4530 807 4570 cum
838 4530 1070 4586 corpore
1105 4517 1163 4571 in
1195 4518 1364 4575 cmlos
1394 4522 1780 4578 ascendentem
1801 4565 1815 4589 ,
1856 4534 1910 4581 et
1933 4542 2026 4580 ru-

2138 4521 2515 4595 ἐπεπλήρωντο
2556 4520 2651 4575 καὶ
2697 4523 2751 4575 αί
2796 4520 2983 4593 νοηταὶ
3022 4521 3313 4591 δυνάμεις,
3355 4519 3556 4592 ὁρῶσαι
3600 4520 3694 4574 τὸν

462 4605 677 4660 bentem
707 4608 991 4679 sanguine,
1015 4615 1069 4662 et
1096 4610 1278 4664 crucis
1316 4610 1658 4682 stigmatibus
1683 4615 2025 4684 transﬁxum;

462 4702 519 4750 et
549 4695 836 4754 victoriam
878 4700 944 4755 de
979 4708 1153 4756 morte
1183 4701 1448 4769 relatam;
1482 4711 1537 4759 et
1579 4707 1806 4774 gratiam
1849 4708 2026 4763 homi-

461 4790 624 4845 nibus
655 4790 937 4861 largitam;
969 4801 1025 4848 et
1060 4803 1406 4864 peccatorum
1451 4796 1848 4853 remissionem.
1889 4797 2023 4855 Nam

459 4882 773 4938 hominibus
833 4897 1052 4956 propter
1084 4898 1308 4959 peccata
1364 4906 1462 4945 sua
1505 4898 1681 4947 morte
1712 4892 2019 4960 damnatis,

462 4974 713 5030 Salvator
742 4987 928 5031 noster
957 4979 1072 5047 ipse
1118 4995 1218 5050 pro
1250 4981 1408 5038 nobis
1451 4991 1678 5037 mortem
1721 4984 1888 5039 subiit
1913 5023 1928 5047 ,
1958 4993 2020 5039 ut

457 5067 619 5122 nobis
675 5067 1135 5125 immortalitatem
1196 5081 1536 5141 operaretur.
1574 5071 1643 5126 Et
1675 5072 1836 5142 paulo
1863 5086 2019 5142 post:

456 5156 611 5223 Quod
645 5158 693 5215 si
733 5158 953 5230 angelos
990 5163 1350 5228 exsultavisse
1400 5163 1638 5219 audieris
1662 5204 1677 5229 ,
1730 5165 1838 5219 noli
1895 5166 2018 5219 illos

457 5249 779 5319 ignorantia:
811 5265 1066 5321 arguere;
1102 5265 1366 5322 noverant
1396 5255 1539 5309 enim
1568 5253 1865 5310 Salvatoris
1885 5270 2019 5310 con-

456 5338 581 5394 silia
603 5355 669 5396 ex
697 5355 808 5412 quo
836 5343 891 5396 in
933 5349 1133 5397 terram
1175 5341 1431 5414 delapsus
1477 5359 1696 5400 carnem
1730 5345 1968 5416 suscepit
1998 5364 2013 5415 ;

495 5495 541 5527 ¹⁶
560 5495 750 5552 Matth.
782 5514 814 5551 x
866 5500 915 5553 6.

2131 4613 2337 4667 ἑαυτῶν
2378 4613 2508 4667 Θεὸν
2543 4615 2599 4665 ὲν
2640 4612 2848 4683 σώματι
2896 4615 2975 4677 είς
3019 4613 3279 4686 οὐρανοὺς
3328 4612 3545 4666 ἀνιόντα
3596 4613 3693 4666 καὶ

2129 4704 2364 4776 φέροντα
2406 4703 2467 4756 τὸ
2517 4701 2764 4774 ἐρύθημα
2813 4702 2906 4758 τοῦ
2961 4703 3189 4773 αἵματος
3218 4702 3310 4756 καὶ
3336 4700 3404 4755 τά
3448 4701 3693 4773 σύμϐολα

2126 4794 2220 4848 τοῦ
2250 4795 2504 4867 σταυροῦ,
2538 4800 2638 4866 τήν
2682 4812 2741 4849 τε
2788 4795 2928 4850 κατά
2964 4795 3057 4849 τοῦ
3099 4795 3328 4850 θανάτου
3374 4793 3549 4866 νίκην,
3596 4811 3692 4847 και

2123 4888 2223 4960 τὴν
2262 4887 2567 4959 ἀνθρώποις
2598 4886 2949 4961 χαρισθεῖσαν
2976 4887 3134 4960 χάριν
3171 4888 3265 4941 καὶ
3293 4887 3484 4958 ἄφεσιν
3511 4887 3690 4957 ἀμαρ-

2124 4981 2274 5037 τιῶν.
2309 4982 2430 5036 Τῶν
2455 4981 2563 5055 γὰρ
2599 4980 2899 5055 ἀνθρώπων
2944 4982 3084 5052 ὑπὲρ
3121 4981 3229 5035 τῶν
3257 4980 3471 5034 οἰκείων
3504 4981 3686 5049 ἀμαρ-

2123 5074 2384 5145 τημάτων
2434 5074 2661 5129 θάνατον
2710 5073 3158 5145 χρεωστούντων,
3210 5075 3238 5126 6
3288 5072 3478 5142 Σωτὴρ
3531 5071 3685 5143 ἡμῶν

2124 5165 2360 5237 ὑπῆλθεν
2409 5166 2570 5230 αὐτὸς
2614 5167 2705 5220 τὸν
2760 5165 2982 5220 θάνατον
3030 5164 3168 5236 ὑπὲρ
3216 5162 3398 5234 ἡμῶν,
3434 5161 3502 5214 ἶν’
3554 5164 3683 5232 ἡμῖν

2122 5257 2419 5311 ἀθανασίαν
2454 5258 2960 5330 πραγματεύσηται.
2997 5257 3105 5310 Καὶ
3135 5257 3261 5326 μετ’
3292 5256 3464 5325 ὀλίγα
3492 5270 3507 5286 ’
3540 5255 3601 5308 Ei
3624 5255 3682 5308 δὲ

2122 5347 2214 5400 ἐπὶ
2258 5348 2503 5417 ἀγγέλων
2546 5348 2763 5413 ἀκούοις
2825 5348 2899 5414 ὼς
2944 5347 3385 5421 ὲπαπορούντων,
3438 5345 3512 5418 μὴ
3542 5343 3681 5397 ὲκεί-

528 5653 824 5732 (55)__I_Ianc
858 5674 1042 5716 vocem
1082 5674 1191 5716 non
1217 5657 1767 5729 carnemsigniﬁcare,
1803 5659 1896 5717 sed
1915 5660 2123 5730 ﬁrmam
2156 5669 2318 5732 atque
2355 5663 2632 5727 munitam,
2669 5660 2790 5718 luce
2819 5660 3013 5732 prohat
3030 5658 3235 5717 clarius
3264 5656 3321 5713 S.
3349 5656 3500 5716 Hier.
3531 5666 3669 5715 ecm.

460 5723 514 5779 in
537 5721 628 5779 Is.
643 5725 737 5782 lib.
773 5744 884 5782 xvii
