4038 6288
348 313 489 372 1369

1770 311 1833 366 IN
1873 310 2135 368 lSAlAM.

3449 313 3587 370 1370

347 450 458 498 νοις
487 432 1021 506 ἄγνοιαν”προσάγῃς
1039 448 1055 462 ’
1103 432 1320 505 ⁴ᾔδεισαν
1351 433 1461 504 γὰρ
1492 433 1561 489 τά
1598 434 1905 507 οἰκονομού-

2014 434 2107 491 sed
2130 414 2189 489 te
2220 426 2506 489 erudiendi
2544 435 2720 506 gratia
2752 446 2817 488 ac
2851 431 3086 488 docendi
3127 431 3245 488 haec
3270 432 3412 488 dicta
3435 442 3584 500 sunt,

349 541 488 597 μενα
537 523 643 578 ὑπὸ
672 521 767 577 τοῦ
798 523 1070 595 Σωτῆρος,
1106 523 1198 593 ἀφ’
1234 519 1295 578 οῦ
1345 525 1426 588 εἰς
1473 523 1676 595 κόσμον
1724 524 1911 597 ἐπιδη-

348 617 526 687 μήσας
557 614 736 686 σάρκα
766 613 1081 685 ἀνειλήφει*
1126 613 1262 671 ἀλλὰ
1288 614 1385 687 τὴν
1411 613 1550 671 εἶναι
1589 615 1911 687 όμμάτωσιν

345 706 438 758 καὶ
463 703 809 759 διδασκαλίαν
840 703 902 757 τὸ
929 706 1177 777 πρᾶγμα,
1212 705 1298 759 ἴνα
1344 705 1544 778 μάθῃς,
1570 707 1652 761 ὅτι
1682 708 1776 760 καὶ
1805 707 1907 777 ἀγ-

343 797 489 866 γελοι
540 796 790 870 χαίρουσι
844 796 937 850 ἐπὶ
996 796 1271 870 σωτηρίᾳ,
1320 799 1414 852 καὶ
1463 798 1782 872 γεραίρουσι
1821 797 1914 852 τόν

2005 535 2070 582 ut
2097 526 2283 583 discas
2311 523 2537 596 angelos
2561 538 2780 595 quoque
2803 523 2872 580 de
2903 523 3083 579 salute
3112 534 3300 579 nostra
3329 524 3585 596 gaudere,

2007 633 2072 674 ac
2103 616 2336 673 Domino
2375 617 2769 689 congratulari,
2795 623 2849 672 et
2875 616 3065 672 mirari
3099 616 3246 687 quod
3277 615 3422 673 Deus
3466 633 3589 689 pa:-

2007 724 2113 766 nas
2147 709 2391 781 peccatis
2419 708 2629 765 nostris
2658 707 2875 765 debitas
2896 747 2911 774 ,
2944 708 3011 763 ad
3045 707 3220 763 salute
3247 722 3350 764 nos
3399 717 3453 763 et
3485 709 3590 765 im-

2004 801 2338 857 mortalitate
2412 800 2717 866 donandos,
2780 813 2880 871 pro
2911 801 3070 857 nobis
3092 801 3279 857 subire
3307 800 3557 857 voluerit.

342 889 641 961 Δεσπότην,
684 887 779 942 καὶ
817 886 1205 960 θαυμάζουσιν,
1249 889 1330 943 ὅτι
1355 892 1383 943 6
1409 889 1541 953 Θεὸς
1571 890 1827 961 ἠνέσχετο
1860 889 1922 943 τὸ
1956 892 2397 964 χρεωστούμενον
2447 891 2758 964 ἀνθρώποις
2809 893 2898 948 διὰ
2966 892 3066 958 τὰς
3117 892 3298 949 αὐτῶν
3345 908 3586 965 παρανο-

345 979 475 1049 μίας
506 976 757 1032 ὑπελθεῖν
788 977 925 1050 ὑπὲρ
955 978 1157 1043 αὐτῶν,
1187 981 1237 1035 ἵν
1288 980 1474 1044 αὐτοῖς
1503 980 1779 1052 σωτηρίαν
1824 981 2137 1054 χαρίσηται,
2171 983 2473 1039 ἀθανασίαν
2501 984 2684 1048 αὐτοῖς
2710 984 3097 1057 χαρισάμενος.

410 1072 579 1125 Πάλιν
622 1070 857 1126 ἐνταῦθα
896 1071 959 1125 τὸ
1005 1072 1211 1142 ἄφατον
1255 1072 1352 1144 τῆς
1402 1073 1496 1127 τοῦ
1541 1072 1677 1127 Θεοῦ
1722 1073 1911 1143 φιλαν-

342 1162 586 1235 θρωπίας
635 1163 987 1234 σημαίνεταιο
1023 1164 1145 1219 καθ’
1197 1164 1226 1218 ὃ
1268 1165 1540 1219 δείκνυται
1573 1165 1733 1230 αὐτὸς
1778 1167 1908 1237 ἡμῖν

342 1254 705 1326 παρεσχηκὼς
758 1257 851 1310 καὶ
906 1256 968 1310 τὸ
1005 1252 1144 1311 εἶναι
1191 1256 1259 1311 δι’
1306 1256 1618 1328 ἀγαθότητα
1637 1296 1652 1322 ,
1706 1256 1800 1310 καὶ
1846 1255 1909 1310 τὸ

341 1347 606 1400 ἐλεεῖσθαι
655 1346 746 1401 διὰ
792 1346 1219 1420 φιλανθρωπίας,
1270 1348 1346 1413 ὡς
1401 1349 1546 1404 ίδίων
1590 1350 1907 1421 ποιημάτων

342 1434 817 1507 ἀντιποιούμενος·
873 1436 970 1490 καὶ
1020 1438 1141 1508 οὐχὶ
1186 1437 1316 1510 παρ’
1348 1437 1508 1492 ἄλλου
1560 1439 1707 1511 ἡμᾶς
1749 1437 1905 1504 δεξά-

344 1545 502 1600 μενος
528 1528 730 1597 ἔλεγεν,
761 1547 781 1580 ι
812 1529 924 1600 Οὐχ
970 1531 1001 1583 6
1038 1529 1167 1594 λαός
1211 1529 1312 1602 μού
1361 1533 1475 1585 ἐστι
1510 1530 1676 1585 τέκνα
1709 1547 1844 1602 μου;
1891 1551 1912 1585 ι

339 1619 630 1687 τουτέστιν,
647 1620 786 1692 Ἐμά
798 1620 1051 1688 ῦντες,είς
1065 1621 1229 1677 τέκνα
1245 1638 1344 1693 μου
1358 1621 1737 1694 λογιώήσεσθε
1757 1639 1770 1651 ·
1784 1621 1916 1694 ἐμοῦ

340 1710 438 1782 τὴν
458 1711 694 1766 διάθεσιν
714 1711 812 1784 τὴν
843 1712 917 1776 ὠς
943 1712 1154 1778 τέκνοις
1173 1713 1526 1786 ὀφειλομένην
1555 1714 1630 1786 μὴ
1659 1712 1919 1769 ἀθετοῦν-

342 1820 455 1867 τος,
479 1805 527 1857 εί
552 1804 643 1857 καὶ
674 1804 829 1874 ὑμεῖς
856 1803 1169 1875 ἀγνώμονες
1196 1805 1325 1875 περὶ
1353 1804 1444 1859 τὸν
1477 1804 1683 1860 ἑαυτῶν
1708 1805 1917 1877 πατέρα

343 1895 652 1967 γεγένησθε.
671 1896 854 1951 Ταῦτα
878 1896 1149 1969 δὲῆρμοζε
1168 1897 1293 1968 παρ’
1322 1897 1496 1952 αὐτῶν
1510 1897 1760 1968 λέγεσθαι
1781 1898 1917 1971 πρὸς

340 1987 431 2041 τὸν
445 1988 594 2053 Θεὸν,
613 1987 995 2043 οίκειωθέντων
1021 1990 1101 2052 είς
1126 1988 1218 2043 τὸν
1238 1986 1347 2043 τῶν
1364 1988 1567 2043 τέκνων
1599 1988 1915 2057 κατάλογον.

2081 1077 2250 1135 Vsus.
2269 1078 2322 1133 8.
2344 1076 2559 1135 Rursus
2572 1077 2664 1132 hic
2681 1077 2924 1132 declarat
2936 1091 3102 1147 quam
3122 1075 3501 1133 inenarrabilis
3514 1076 3586 1132 sit

2011 1170 2107 1227 Dei
2118 1170 2451 1242 benignitas.
2475 1168 2738 1227 Memorat
2752 1168 2897 1225 enim
2913 1183 2974 1224 se
2993 1168 3123 1223 olim
3141 1168 3308 1223 vitam
3322 1168 3483 1225 nobis
3497 1167 3585 1224 be-

2008 1258 2173 1328 nigne
2200 1267 2255 1313 et
2275 1257 2402 1315 dein
2435 1259 2653 1315 veniam
2690 1256 3123 1314 misericorditer
3156 1258 3443 1323 tribuisse,
3478 1273 3582 1316 nos

2008 1350 2164 1421 quasi
2186 1357 2470 1406 creaturas
2498 1364 2628 1406 suas
2661 1348 2766 1404 sibi
2786 1348 3093 1405 vindicans.
3131 1348 3243 1405 Nec
3263 1349 3331 1405 ab
3358 1349 3465 1404 alio
3480 1363 3583 1406 nos

2015 1440 2292 1510 accepisse
2327 1439 2691 1496 contendebat
2725 1457 2783 1494 ει
2806 1439 2999 1497 Nonne
3032 1442 3266 1512 populus
3297 1456 3451 1497 meus
3486 1440 3580 1497 filii

2014 1532 2175 1587 mei?»
2208 1530 2324 1587 Hoc
2342 1530 2558 1598 est,Mei
2576 1546 2703 1587 cum
2723 1532 2970 1603 sitis,pro
2988 1533 3114 1590 ﬁliis
3130 1534 3485 1601 babebimini;
3507 1530 3586 1588 af-

2014 1622 2161 1680 fectu
2186 1639 2286 1681 vos
2314 1624 2664 1696 complectar,
2689 1640 2798 1696 quo
2830 1626 2925 1682 filii
2957 1626 3213 1696 diligendi
3242 1638 3388 1693 sunt,
3419 1628 3580 1683 dum-

2013 1718 2175 1777 modo
2189 1733 2287 1774 vos
2312 1718 2368 1774 in
2390 1724 2601 1789 patrem
2630 1725 2870 1775 vestrum
2893 1719 3418 1791 gratosexhibcatis.
3450 1721 3582 1787 Qua

2014 1816 2195 1865 autem
2218 1810 2287 1865 ab
2303 1809 2384 1867 eis
2400 1809 2511 1866 Deo
2530 1809 2760 1866 dicenda
2774 1810 3196 1877 erant,ﬁliorunt
3219 1812 3273 1866 in
3294 1826 3581 1868 numerum

2017 1903 2274 1973 receptis.

410 2100 578 2154 Πάλιν
595 2102 624 2154 6
659 2100 943 2170 προφήτης
969 2100 1067 2170 τῆς
1094 2099 1326 2171 σχέσεως
1371 2100 1472 2172 τῆς
1503 2101 1641 2172 πρὸς
1669 2101 1762 2156 τὸν
1782 2101 1905 2157 λαὸν

2081 2081 2250 2139 Vens.
2282 2083 2370 2139 11.
2405 2083 2621 2140 Rursus
2658 2082 3007 2140 commendat
3055 2081 3324 2155 propheta
3352 2081 3579 2141 affectus

340 2187 435 2243 τοῦ
472 2190 606 2245 Θεοῦ
633 2190 929 2263 γενομένης
957 2192 1382 2264 ὑπομιμνήσκει,
1416 2192 1766 2264 μνημονεύων
1792 2192 1903 2247 τῶν

342 2281 403 2347 ἐξ
431 2281 626 2354 ἀρχῆς,
670 2282 764 2336 καὶ
800 2280 988 2355 ὥσπερ
1019 2281 1214 2353 ῦποψιν
1261 2283 1443 2349 αὐτοῖς
1471 2283 1594 2352 ἀγει
1632 2283 1711 2356 τῷ
1740 2282 1902 2356 λόγῳ,

341 2373 411 2426 τά
440 2374 520 2437 είς
549 2374 676 2437 τοὺς
701 2373 1041 2445 πατριάρχας
1070 2374 1358 2445 γενόμενα.

423 2486 685 2540 Ἐνταῦθα
711 2489 739 2541 6
787 2487 1070 2560 προφήτης
1108 2488 1188 2550 είς
1233 2486 1332 2559 τὴν
1378 2487 1544 2560 εὐχὴν
1587 2486 1902 2559 μετατίθησι

340 2577 429 2633 τὸν
468 2578 645 2647 λόγον,
675 2579 768 2632 καὶ
815 2579 911 2632 ἀπ’
947 2577 1175 2650 ούρανοῦ
1219 2579 1505 2652 γνωρίζειν
1538 2578 1670 2632 Θεὸν
1718 2577 1860 2643 ἀξιοῖ
1884 2594 1898 2607 ο

339 2674 436 2743 οὐχ
464 2673 538 2737 ὡς
567 2672 662 2726 τοῦ
690 2671 824 2727 Θεοῦ
850 2675 907 2727 ἐν
937 2674 1185 2745 ούρανοις
1204 2673 1641 2745 ἀποκλειομένου,
1679 2672 1773 2726 καὶ¹
1798 2671 1904 2735 ἕως

339 2768 442 2834 γῆς
475 2764 672 2835 φθάσαι
705 2764 779 2836 μὴ
816 2763 1137 2836 δυναμένοιῖ,
1167 2763 1280 2818 ἀλλ’
1309 2764 1385 2827 ὡς
1429 2763 1731 2836 ἐγείροντος
1771 2779 1903 2833 φρο-

339 2856 555 2926 νήματα
587 2855 1072 2921 καταπεπτωκότα,
1101 2855 1196 2909 καὶ
1222 2855 1302 2919 εἰς
1345 2855 1450 2926 γῆν
1486 2854 1725 2924 ἓρποντα
1748 2894 1763 2919 ,
1812 2855 1898 2908 ἀνα

340 2947 560 3018 ἀγοντος
575 2950 653 3012 είς
668 2947 946 3019 οὐρανοὺς,
964 2947 1058 3001 καὶ
1083 2945 1484 3011 ἐκδιδάσκοντος
1507 2946 1670 3017 μηδὲν
1693 2949 1899 3018 γήϊνον,

342 3037 505 3109 μηδὲν
538 3036 790 3090 ταπεινὸν
826 3038 963 3089 νοεῖν
995 3035 1122 3105 περὶ
1160 3032 1294 3088 Θεοῦ
1314 3051 1328 3065 ·
1359 3033 1475 3089 ἀλλ’
1501 3033 1718 3100 εἰδέναι,
1751 3034 1826 3098 ὡς
1872 3036 1902 3088 6

342 3130 514 3200 μέγας
566 3128 712 3192 νοῦς,
758 3128 787 3180 6
832 3127 902 3182 τά
955 3127 1130 3181 πάντα
1176 3126 1412 3198 συνέχων
1458 3127 1551 3181 καὶ¹
1600 3124 1897 3198 κυϐερνῶν,

335 3220 503 3276 τᾶλλα
527 3220 741 3284 οἰκείως
771 3219 1092 3292 γνωρίζεται
1123 3219 1216 3272 ἀπ’
1247 3217 1499 3291 ούρανοῦ.

412 3312 545 3365 Οὐδὲ
577 3310 687 3383 γὰρ
728 3310 820 3363 τὸν
876 3308 1123 3381 Ἀϐραάμ
1159 3310 1367 3380 εἴποιμι
1418 3308 1487 3362 τά
1531 3307 1626 3363 νῦν
1666 3307 1896 3379 πατέρα,

337 3406 435 3458 οὐκ
456 3404 782 3476 ἀρνούμενος
806 3403 896 3457 τὸν
925 3403 1288 3475 πατριάρχην,
1322 3401 1436 3457 ἀλλ’
1485 3401 1560 3467 ὡς
1593 3401 1788 3473 μᾶλλον
1820 3401 1898 3473 τῷ
1923 3425 1964 3484 C

337 3495 453 3569 Θεῷ
478 3493 572 3548 τοῦ
606 3493 808 3566 πατρὸς
830 3493 994 3565 ὄνομα
1015 3491 1364 3565 ἁρμόζοντος.

416 3610 475 3662 '0
519 3609 802 3680 προφήτης
846 3608 1020 3662 πάντα
1062 3607 1155 3661 ἐπὶ
1185 3606 1278 3660 τὸν
1316 3605 1448 3660 Θεὸν
1476 3607 1753 3679 ἀναφέρει,
1796 3606 1894 3678 οὐχ

336 3701 412 3765 ὡς
433 3700 524 3754 τοῦ
560 3699 692 3753 Θεοῦ
726 3699 898 3753 αίτίου
927 3700 1055 3770 ἡμῖν
1081 3696 1364 3768 γινομένου
1412 3696 1507 3751 τοῦ
1538 3697 1892 3770 ἁμαρτάνειν,

336 3790 452 3846 ἀλλ’
481 3790 768 3855 ἐνδιδόντος
808 3789 902 3844 καὶ
942 3788 1349 3862 συγχωροῦντος
1381 3790 1564 3843 ἐκεῖνα
1609 3788 1892 3861 πράττειν,

335 3883 371 3938 ἃ
398 3884 462 3938 ἄν
491 3900 578 3947 τις
608 3881 858 3954 αίρῆταν
894 3880 971 3944 ὡς
996 3880 1092 3952 τήν
1145 3880 1244 3952 μὲν
1276 3881 1455 3935 αἰτίαν
1482 3880 1625 3952 ἔχειν
1657 3880 1719 3946 ἐξ
1741 3880 1895 3954 ἡμῶν

339 3974 430 4027 καὶ
463 3975 592 4046 παρ’
636 3971 813 4045 ήμῶν,
846 3973 946 4045 τὴν
986 3972 1045 4026 δὲ
1088 3973 1364 4046 ἀναφοράν
1392 3973 1487 4026 ἐπὶ
1513 3973 1604 4029 τὸν
1642 3972 1793 4028 Θεόν.
1826 4002 1898 4013 -

347 4065 436 4130 Ὦς
477 4063 1007 4135 ἐγκαταλειφθέντων
1035 4064 1237 4131 αὐτῶν,
1271 4065 1363 4120 καὶ
1395 4066 1469 4137 μὴ
1502 4064 1895 4137 ἀναστελλομέ-

337 4174 442 4211 νων
472 4154 560 4209 διὰ
589 4154 811 4225 πληγῶν
841 4151 946 4207 τῶν
977 4154 1299 4209 κωλυουσῶν
1331 4155 1405 4227 μὴ
1435 4154 1786 4227 ἁμαρτάνειν.

405 4354 525 4408 Τῶν
567 4353 673 4426 γὰρ
717 4354 1015 4427 Ἀσσυρίων
1056 4353 1403 4425 ἀφελομένων
1439 4353 1539 4419 τὰς
1573 4353 1754 4417 πόλεις
1797 4353 1898 4409 αύ-

335 4446 443 4500 τῶν
475 4446 570 4500 καὶ
616 4445 1025 4518 περικοψάντων
1057 4446 1155 4512 τὰς
1183 4447 1440 4511 πλείστας
1481 4446 1686 4511 πόλεις,
1719 4447 1901 4502 ἀντοι-

336 4540 619 4609 κησάντων
647 4538 703 4592 δὲ
729 4538 854 4602 τοὺς
876 4539 1181 4607 Γοτθαίους,
1205 4540 1255 4594 οἳ
1282 4540 1376 4594 καὶ
1408 4540 1743 4612 Σαμαρεῖται
1772 4541 1903 4594 ἐκα-

335 4632 542 4696 λοῦντο,
576 4632 640 4684 ἐκ
686 4629 780 4683 τοῦ
821 4630 984 4684 τόπου
1011 4630 1108 4702 τὴν
1142 4631 1526 4704 προσωνυμίαν
1567 4631 1899 4703 εἰληφότων

339 4723 500 4792 μόνον
543 4721 599 4775 δὲ
651 4720 743 4773 δύο
792 4721 964 4790 ἥμισυ
1020 4720 1201 4790 φυλῶν
1246 4721 1697 4795 περιλειφθεισῶν
1739 4723 1901 4794 μέρος

2004 2174 2223 2231 Domini
2258 2177 2315 2232 in
2349 2177 2608 2247 populum
2638 2179 2924 2248 probatos,
2966 2191 3055 2233 res
3087 2174 3396 2246 prazteritas
3457 2189 3578 2231 me-

2005 2283 2257 2334 morans,
2281 2278 2335 2325 et
2360 2269 2519 2324 [idem
2566 2276 2626 2324 ut
2660 2269 2766 2325 sibi
2820 2268 3032 2338 faciat,
3086 2269 3245 2339 signa
3275 2265 3445 2331 refert
3478 2282 3578 2338 pa-

2002 2359 2375 2415 triarcharum
2412 2360 2588 2432 gratia
2614 2359 2783 2419 edita.

2070 2472 2233 2530 Vnus.
2250 2474 2331 2529 15.
2363 2473 2463 2529 ilic
2490 2474 2749 2546 propheta
2769 2474 2836 2529 ad
2860 2488 3048 2545 preces
3064 2472 3387 2544 confugit,et
3406 2469 3577 2525 Deum

2001 2572 2196 2621 oratut
2223 2564 2290 2620 de
2318 2566 2459 2620 caelo
2489 2566 2805 2636 prospiciat.
2827 2565 2944 2621 Non
2974 2565 3221 2637 profecto
3250 2564 3406 2635 quasi
3434 2562 3580 2618 Deus

2001 2658 2059 2713 in
2125 2657 2280 2714 coelis
2340 2658 2738 2723 includeretur,
2776 2665 2831 2715 et
2887 2666 3090 2714 terram
3153 2671 3425 2726 occupare
3459 2669 3575 2709 non

2000 2756 2207 2819 posset,
2241 2746 2338 2803 sed
2372 2759 2434 2803 ut
2466 2748 2741 2805 demissas
2794 2757 3006 2805 mentes
3058 2749 3350 2815 relevaret,
3406 2754 3460 2803 et
3507 2745 3577 2801 ad

2000 2846 2208 2894 terram
2233 2839 2522 2911 depressas
2548 2841 2617 2896 ad
2669 2842 2917 2897 coelestia
2950 2842 3202 2911 erigeret,
3236 2855 3301 2895 ac
3355 2839 3578 2896 doceret

2002 2945 2096 2986 eos
2125 2932 2200 2985 nil
2231 2930 2457 2997 humile,
2501 2933 2579 2987 nil
2611 2932 2891 3004 indignum
2920 2933 2987 2988 de
3024 2931 3134 2989 Deo
3175 2948 3300 2988 esse
3334 2932 3579 2987 sentien-

2001 3020 2153 3086 dum,
2188 3021 2501 3078 habendum
2535 3038 2663 3078 vero
2695 3039 2807 3094 prae
2856 3023 3035 3078 oculis
3057 3062 3071 3086 ,
3125 3023 3270 3093 quod
3307 3028 3576 3093 praestans

1999 3110 2091 3165 illa
2116 3126 2270 3167 mens
2290 3128 2410 3183 quae
2433 3119 2632 3167 cuncta
2667 3112 2909 3167 continet
2941 3120 2994 3167 et
3038 3113 3197 3183 regit,
3230 3111 3411 3166 omnia
3438 3124 3577 3181 quo-

2000 3219 2105 3275 que
2136 3220 2243 3258 uno
2275 3205 2473 3259 intuitu
2499 3206 2567 3261 de
2597 3206 2738 3260 coelo
2761 3206 3076 3276 perspiciat.

2068 3294 2353 3352 “135.16.
2406 3297 2686 3352 Abraham
2737 3305 2949 3368 patrem
2989 3311 3141 3353 nunc
3193 3311 3305 3351 non
3339 3297 3570 3351 vocabo.

1998 3403 2112 3444 non
2155 3387 2304 3459 quod
2337 3388 2709 3460 patriarcham
2767 3405 2982 3462 negem,
3026 3390 3121 3446 sed
3161 3389 3312 3460 quod
3373 3403 3572 3445 nomen

1996 3478 2175 3537 Patris
2205 3481 2411 3537 rectius
2433 3481 2542 3538 Deo
2569 3482 2852 3539 convenit.

2060 3594 2229 3653 Vnus.
2258 3597 2346 3652 17.
2394 3596 2608 3653 Cuncta
2647 3597 2715 3653 ad
2767 3596 3056 3652 Dominum
3105 3595 3377 3653 referente
3434 3610 3573 3667 pro-

1992 3685 2178 3757 pheta,
2214 3703 2283 3743 ne
2317 3695 2477 3759 putes
2504 3687 2671 3743 Deum
2694 3688 2858 3745 nobis
2897 3697 3180 3743 auctorem
3222 3699 3571 3758 peccatorum

1994 3795 2161 3848 esse;
2212 3778 2531 3835 facultatem
2561 3788 2775 3835 tantum
2811 3779 3078 3851 permittit
3116 3791 3170 3835 et
3202 3781 3453 3836 concedit
3484 3779 3563 3834 fa-

1995 3870 2198 3939 ciendi,
2233 3886 2354 3942 quae
2398 3871 2596 3943 cuique
2634 3872 2898 3928 libuerint
2931 3888 2944 3924 :
2977 3886 3145 3928 causa
3216 3871 3386 3944 igitur
3443 3887 3572 3943 pec-

1996 3962 2104 4018 cati
2132 3962 2190 4018 in
2221 3964 2380 4020 nobis
2411 3971 2465 4018 et
2495 3978 2525 4018 a
2552 3965 2733 4029 nobis,
2763 3964 2834 4019 ad
2863 3962 3034 4020 Deum
3064 3971 3246 4019 autem
3277 3963 3563 4019 referenda

1996 4055 2257 4125 peccandi
2340 4054 2594 4113 facultas.
2628 4086 2699 4097 —
2751 4055 2917 4122 Quasi
2979 4055 3564 4127 comprehenderentur

1995 4147 2123 4218 ipsi,
2155 4155 2210 4203 et
2238 4148 2644 4204 calamitatibus
2674 4149 3136 4221 opprimerentur,
3174 4162 3244 4204 ne
3273 4155 3566 4218 peccarent

1998 4235 2449 4308 impedientibus.

2067 4346 2235 4405 Vsus.
2284 4349 2369 4406 l9.
2429 4350 2673 4422 Assyriis
2715 4350 2930 4408 scilicet
2955 4351 3120 4409 urbes
3159 4359 3380 4409 nostras
3428 4348 3557 4405 diri-

2000 4438 2275 4507 pientibus
2303 4483 2319 4508 ,
2366 4448 2420 4496 et
2464 4441 2758 4513 plerasque
2799 4458 2989 4500 earum
3021 4442 3392 4498 evertentibus
3415 4481 3431 4506 ,
3467 4456 3568 4497 att-

2000 4526 2410 4601 ferentibusque
2445 4531 2513 4588 de
2540 4532 2719 4602 patria
2756 4532 3033 4598 Gotbaeos,
3082 4533 3175 4602 qui
3207 4539 3262 4588 et
3320 4531 3567 4588 Samari-

2001 4621 2113 4675 tani
2164 4630 2450 4688 vocantur,
2494 4624 2601 4680 loci
2659 4627 2881 4682 nomine
2908 4625 3204 4696 appellati;
3236 4639 3302 4680 ac
3351 4625 3567 4682 duabus

2005 4720 2216 4768 tantum
2266 4715 2518 4772 tribubus
2571 4715 2628 4771 in
2660 4717 2859 4787 angulo
2906 4716 3336 4783 remanentibus,
3391 4718 3557 4774 sentit

335 4787 670 4883 κατεχόντων
722 4787 932 4882 μικρὸν,
980 4813 1009 4865 6
1033 4787 1344 4884 *προφήτης
1389 4787 1562 4884 ἠξίου,
1617 4787 1757 4868 ὥστε
1808 4787 1901 4869 καὶ

2004 4804 2268 4875 propheta
2302 4821 2526 4876 parvam
2558 4807 2716 4862 istam
2773 4813 2983 4877 partem
3010 4845 3025 4871 ,
3088 4821 3252 4876 quam
3284 4807 3573 4877 possidere

333 4904 490 4958 τοῦτο
514 4903 543 4956 ὃ
569 4903 783 4956 ἐδόκουν
816 4902 1066 4972 κατέχειν
1095 4902 1507 4975 περιλειφθῆναι
1544 4905 1726 4969 αὐτοῖς
1769 4906 1903 4978 πρὸς

338 4996 559 5067 μνήμην
588 4995 685 5064 τῆς
710 4994 771 5058 ἐξ
794 4994 966 5063 ἀρχῆς
996 5009 1089 5046 σου
1119 4995 1199 5056 είς
1222 4993 1285 5046 τὸ
1307 4995 1461 5063 γένος
1491 4997 1788 5069 γενομένης
1815 4998 1904 5050 εύ-

339 5087 589 5156 μενείας·
629 5085 702 5156 μή
745 5101 820 5154 πη
854 5083 950 5135 καὶ
983 5084 1172 5137 τούτου
1219 5085 1477 5156 ἀρθέντος
1509 5088 1796 5160 γενοίμεθα
1826 5090 1901 5153 ὡς

339 5179 412 5250 μή
444 5177 570 5242 λαός
603 5194 719 5242 σου,
753 5176 886 5247 μηδὲ
913 5175 1345 5248 χρηματίσαντες
1379 5179 1537 5255 μερίς
1576 5197 1689 5235 σου.

409 5377 574 5432 Πάλιν
602 5375 877 5447 ἐμφαίνων
917 5375 945 5426 6
977 5376 1277 5447 προφήτης,
1309 5376 1385 5440 ὡς
1424 5379 1485 5431 ού
1524 5379 1593 5433 δι’
1622 5380 1900 5436 ἀσθένειαν

254 5474 260 5481 ’
334 5469 430 5521 τοῦ
459 5468 595 5523 Θεοῦ
632 5461 774 5522 οὗτοι
803 5467 1295 5537 ἐγκατελείφθησαν
1322 5469 1544 5524 τοιαῦτα
1572 5472 1863 5544 ὑποστῆναι
1881 5514 1896 5540 ,

336 5560 489 5632 παρά
519 5561 619 5631 τὴν
654 5558 835 5613 αὐτῶν
882 5557 1182 5630 μοχθηρίαν
1212 5561 1562 5633 ἁμαρτόντων
1591 5564 1686 5618 καὶ
1718 5582 1895 5638 παραυ

335 5652 648 5723 ϐεϐηκότων
680 5651 781 5714 τάς
808 5651 1045 5714 ἐντολάς,
1077 5649 1347 5722 ἐξηγεῖται
1375 5654 1473 5726 τὴν
1509 5657 1899 5729 μεγαλειότητα

336 5744 424 5797 τοῦ
487 5742 655 5811 Θεοῦ,
706 5741 781 5806 ὡς
835 5743 926 5796 καὶ
987 5740 1308 5814 βουλομένου
1354 5746 1518 5800 αὑτοῦ
1575 5750 1623 5802 oi
1680 5750 1897 5822 οὐρανοὶ

1997 4897 2352 4963 videbantur,
2392 4898 2461 4954 iis
2491 4914 2599 4954 non
2640 4898 2750 4953 nisi
2795 4913 2859 4954 ea
2887 4898 2957 4954 de
3014 4913 3183 4956 causa
3228 4898 3402 4958 fuisse
3430 4899 3569 4955 reli-

1997 4996 2162 5053 ctam,
2205 4999 2263 5045 ut
2302 4990 2623 5046 memoriam
2659 4990 3015 5062 benignitatis
3051 5000 3376 5058 servarent,
3426 4991 3560 5047 olim

1998 5094 2029 5133 a
2065 5079 2174 5136 Deo
2209 5083 2459 5152 patribus
2487 5082 2891 5152 comprobatae;
2947 5099 3019 5139 ne
3050 5085 3099 5140 si
3127 5085 3234 5140 ista
3264 5084 3427 5138 etiam
3465 5097 3564 5137 au-

1997 5167 2230 5225 ferretur
2257 5187 2288 5226 a
2319 5172 2498 5237 nobis,
2530 5173 2689 5241 quasi
2717 5175 2952 5244 populus
2981 5175 3083 5230 tibi
3108 5174 3340 5243 alienus,
3360 5180 3415 5230 et
3442 5189 3565 5229 mu-

2004 5276 2198 5316 nerum
2246 5268 2465 5318 tuorum
2494 5277 2692 5332 expers
2726 5263 3001 5321 fieremus.

2074 5374 2202 5431 Cn.
2242 5374 2428 5442 LXlV,
2460 5375 2627 5433 Vsus.
2654 5378 2705 5431 1.
2737 5376 2950 5434 Rursus
2982 5376 3267 5433 declarans
3302 5376 3563 5447 prepheta

2004 5482 2111 5522 non
2163 5478 2386 5539 propter
2437 5469 2865 5526 imbecillitatem
2900 5468 2992 5524 Dei
3043 5468 3193 5538 ipsos
3252 5466 3425 5524 fuisse
3464 5484 3564 5538 op-

2004 5575 2245 5632 pressos,
2287 5561 2383 5618 sed
2420 5570 2643 5633 propter
2674 5561 2977 5632 nequitiam
3021 5561 3364 5629 peccantium
3397 5569 3451 5616 et
3480 5561 3561 5614 le-

2002 5669 2096 5725 ges
2127 5653 2341 5712 divinas
2389 5656 2729 5719 violantium,
2780 5652 2939 5708 eﬂ’crt
2966 5651 3366 5720 sublimitatem
3415 5651 3558 5720 Dei;

2004 5748 2205 5820 quippe
2230 5746 2321 5820 qui
2351 5755 2538 5804 tantus
2570 5755 2676 5815 est,
2709 5754 2789 5813 ut,
2823 5747 2944 5816 ipso
2971 5744 3217 5815 iubente,
3237 5747 3420 5802 omium
3448 5760 3567 5802 anes
