4038 6288
457 347 590 407 1571

1643 347 1989 406 THEODORI
2024 347 2540 406 HERACLEENSIS

3543 345 3686 400 i372

457 467 634 522 riatttr
663 473 715 520 et
745 471 940 519 cuncta
973 470 1030 516 ut
1056 479 1175 516 cera
1210 461 1521 533 liquescant.
1555 461 1850 520 Hic.Deum
1888 480 2012 518 cum

2129 463 2574 535 ἀνεῳχθήσονται,
2612 463 2705 516 καὶ
2740 461 2808 515 τά
2839 460 3168 532 ὑποκείμενα
3207 461 3362 532 δίκην
3392 456 3562 532 κηροῦ
3592 476 3689 512 τα-

457 557 584 612 aliis
611 554 915 617 conferens,
962 553 1056 622 qui
1087 551 1163 606 dii
1202 560 1485 619 vocantur,
1511 568 1636 608 eum
1660 555 1836 609 oculis
1861 555 2012 610 cerni

457 657 640 721 negat,
686 658 779 702 aut
810 647 1036 703 auribus
1061 647 1236 701 audiri
1263 666 1278 713 ;
1307 647 1402 703 sed
1436 648 1529 718 qui
1555 648 1609 701 in
1637 648 1818 702 omnia
1845 649 2014 718 impe-

458 741 599 794 rium
630 747 877 794 exerceat
905 778 920 804 ,
955 739 1104 794 solus
1131 746 1214 796 est
1247 755 1348 795 nec
1372 748 1456 794 est
1478 740 1616 795 alius
1641 741 1735 811 qui
1772 756 1894 796 eum
1924 757 2015 797 su-

459 845 649 902 perare
679 830 876 885 valeat.

531 1001 698 1059 Vens.
725 1003 778 1059 5.
832 1003 963 1070 Quae
992 1004 1162 1060 hocce
1198 1005 1360 1060 modo
1396 1005 1745 1075 intelligenda
1791 1023 1804 1060 :
1842 1007 2018 1063 bonus

457 1096 720 1168 Magister
769 1111 891 1150 cum
933 1110 1156 1164 pravum
1195 1097 1447 1152 habuerit
1477 1096 1828 1166 discipulum,
1859 1113 2017 1168 quem

461 1206 491 1244 a
524 1186 768 1257 nequitia
812 1201 1072 1242 rovocare
1128 1187 1404 1250 voluerit,
1452 1187 1758 1241 hortabitur
1809 1203 1931 1242 eum
1968 1197 2022 1242 ut

460 1282 653 1337 melior
702 1279 828 1346 ﬁat;
875 1281 1020 1350 quod
1075 1281 1121 1334 si
1172 1289 1350 1335 autem
1399 1281 1488 1336 hic
1517 1281 1755 1336 deterior
1801 1284 1859 1335 in
1907 1279 2024 1336 dies

461 1372 692 1436 evadat,
745 1371 941 1427 nedum
992 1386 1022 1424 a
1081 1371 1224 1425 malo
1271 1372 1580 1437 abstineat,
1631 1379 1758 1425 tunc
1796 1371 2024 1441 depellet

461 1479 586 1519 eum
617 1463 871 1533 Magister
895 1473 947 1518 et
975 1463 1292 1518 derelictum
1325 1464 1572 1533 pluribus
1598 1465 1758 1518 etiam
1788 1465 2022 1534 peccatis

463 1555 660 1611 tradet.
695 1556 770 1609 lta
796 1555 862 1610 de
895 1557 1051 1610 nobis
1093 1554 1292 1609 factum
1326 1564 1430 1610 est.
1455 1555 1588 1609 Cum
1621 1570 1650 1608 a
1695 1557 1874 1624 pravis
1907 1572 2024 1611 mo-

463 1646 620 1700 ribus
663 1645 829 1700 averti
871 1645 1241 1715 uoluerimus,
1280 1653 1337 1698 tu
1390 1644 1562 1699 iratus
1590 1660 1672 1708 es,
1701 1653 1754 1697 et
1782 1660 1882 1699 nos
1922 1661 2022 1714 Ope

464 1752 557 1795 tua
630 1740 875 1796 destituti
903 1779 917 1803 ,
951 1740 1193 1794 omnium
1221 1739 1474 1794 vitiorum
1503 1739 1625 1794 labe
1661 1741 1948 1794 trahimur.

2119 555 2393 625 κήσονται.
2433 555 2551 608 Κάν
2579 552 2752 624 τούτῳ
2785 551 2955 621 δηλῶν
2997 555 3025 605 ό
3057 553 3355 625 προφήτης,
3399 549 3522 604 οὔτε
3566 550 3688 618 δένει

2120 646 2491 700 ὑποϐάλλεσθα
2513 645 2672 701 αὑτὸν
2702 645 2918 714 φάσκει,
2954 644 3076 698 οὑτε
3106 646 3236 699 ὠσὶν
3268 644 3516 709 ἀκοῦσαι,
3560 643 3692 712 σύγ-

2121 755 2298 810 κρισιν
2309 739 2471 792 αὑτοῦ
2494 739 2628 811 πρὸς
2645 738 2834 800 ἄλλους
2858 737 3178 807 λεγομένους
3195 737 3347 800 θεοὺς
3369 735 3653 804 γεγονέναι
3673 753 3688 765 ’

2120 829 2255 883 ἀλλά
2269 829 2410 884 κατά
2432 830 2644 883 πάντων
2661 827 2795 899 ἔχων
2815 827 2876 880 τὸ
2895 827 3080 898 κῦρος,
3117 827 3276 898 μόνος
3294 827 3410 879 ἐστὶ
3425 826 3692 890 τοιοῦτος,

2120 921 2282 974 ἄλλου
2314 921 2449 991 πρὸς
2492 919 2652 972 αὑτὸν
2690 917 3129 990 παραϐάλλεσθαι
3165 917 3237 987 μὴ
3275 913 3597 986 δυναμένου.

2193 1010 2442 1064 Τοιοῦτόν
2470 1027 2590 1063 τινα
2622 1008 2746 1063 νοῦν
2775 1008 2886 1078 ἕχει
2906 1023 2921 1038 ο
2965 1007 3072 1069 Ὡς,
3106 1005 3182 1060 ὅτ’
3221 1005 3286 1059 ἂν
3317 1004 3631 1068 διδάσκαλος
3662 1007 3696 1058 ὁ

2123 1103 2324 1172 ἀγαθὸς
2368 1101 2479 1171 ἔχοι
2527 1101 2760 1172 πονηρὸν
2816 1099 3094 1171 μαθητὴν,
3146 1099 3227 1162 εί,
3289 1095 3693 1168 μεταϐαλέσθαι

2125 1194 2286 1247 αὑτὸν
2319 1192 2640 1263 βουλόμενος
2663 1191 2769 1245 ἀπὸ
2802 1190 2902 1260 τῆς
2931 1189 3195 1260 πονηρίας
3230 1187 3415 1250 αὑτοῦ,
3449 1187 3697 1241 νουθετεῖ

2128 1285 2288 1340 αὑτὸν
2331 1286 2613 1356 κρείττονα
2648 1283 2840 1337 ἐαυτοῦ
2887 1281 3176 1350 γενέσθαι·
3233 1283 3260 1334 ὁ
3308 1281 3362 1333 δέ
3402 1281 3474 1350 μὴ
3529 1279 3695 1350 μόνον

2127 1377 2514 1431 ἀπαλλάττοιτο
2553 1375 2663 1432 τῶν
2712 1374 2916 1438 κακῶν,
2962 1373 3095 1428 ἀλλά
3129 1373 3222 1427 καὶ
3267 1371 3584 1443 προσθήκην
3632 1373 3696 1424 ἐν

2127 1471 2360 1540 πονηρίᾳ
2413 1468 2655 1532 δέξαιτο·
2716 1467 3003 1520 ἀκόλουθον
3057 1463 3468 1535 ἀποστραφῆναι
3527 1462 3695 1514 αὑτὸν

2124 1560 2214 1613 τὸν
2247 1558 2581 1620 διδάσκαλον,
2605 1557 2851 1610 κάκεῖνον
2889 1555 3378 1626 ἐγκαταλειφθέντα
3398 1555 3476 1616 εἰς
3507 1552 3694 1604 πλείο-

2124 1668 2217 1713 νας
2265 1650 2492 1714 ἀταξίας
2540 1649 2730 1702 ἑαυτὸν
2771 1649 3049 1703 ἐκδοῦναι·
3091 1647 3231 1700 οὕτω
3275 1646 3409 1716 φησὶ
3456 1645 3550 1698 καὶ
3605 1644 3695 1712 ἐφ’

2051 1741 2093 1793 Β
2120 1743 2298 1814 ἡμῶν,
2335 1744 2408 1813 μὴ
2448 1740 2789 1811 ἀνεχομένων
2823 1741 2978 1811 ἡμῶν
3021 1737 3345 1812 μεταθέσθαι
3387 1736 3484 1791 τοῦ
3520 1752 3693 1805 πονη-

469 1831 563 1903 ροῦ
608 1833 763 1902 ἡμῶν
797 1831 1016 1903 τρόπου,
1053 1829 1214 1893 αὑτὸς
1259 1829 1555 1900 ὠργίσθης,
1605 1831 1697 1884 καὶ
1728 1833 1887 1902 ἡμεῖς
1934 1849 2025 1886 σου
2063 1833 2161 1903 τῆς
2199 1835 2493 1896 ἐποπτείας
2561 1833 2944 1902 ἀποτυχόντες,
3014 1832 3153 1887 κατὰ
3195 1832 3318 1886 όοῦν
3357 1829 3467 1883 τῶν
3511 1829 3694 1899 ἁμαο-

463 1927 721 1998 τημάτων
757 1925 954 1995 ἡνέχθη
965 1942 1078 1994 μεν.

536 2017 702 2072 Vens.
735 2017 788 2071 6.
837 2017 912 2070 Ea
937 2017 1151 2087 quidem
1185 2018 1394 2072 ratione
1431 2018 1684 2073 mandata
1716 2018 2028 2073 observabi-

466 2126 611 2174 mus,
642 2109 735 2164 ubi
770 2108 983 2178 justitia
1009 2109 1121 2178 jam
1153 2124 1259 2162 non
1311 2109 1604 2162 amicitiam
1636 2118 1878 2164 nostram
1903 2125 2026 2163 cum

467 2200 577 2256 Deo
605 2200 873 2256 defendet.
911 2199 1064 2254 Tunc
1088 2200 1233 2255 enim
1276 2200 1344 2254 ab
1379 2215 1444 2254 eo
1477 2199 1826 2263 deficiemus.
1872 2203 2028 2270 quasi

466 2291 598 2345 folia
653 2290 722 2344 ab
776 2290 1062 2344 arboribus
1114 2298 1167 2344 et
1219 2304 1248 2342 a
1307 2291 1477 2360 stirpe
1519 2305 1618 2347 sua
1674 2290 2027 2362 decidentiaj;

467 2382 612 2453 quod
643 2382 936 2436 maximum
969 2382 1176 2436 crimen
1217 2381 1272 2436 in
1301 2397 1402 2438 nos
1431 2381 1613 2438 habet.

541 2557 705 2615 Vens.
739 2559 787 2613 7.
835 2557 1486 2627 Quotiescunque.Deus,
1529 2558 1616 2612 vel
1641 2557 1810 2612 multa
1850 2556 2033 2612 horta-

468 2657 580 2714 tus,
619 2665 729 2704 non
776 2650 975 2719 poterit
1023 2647 1208 2702 ﬁdeles
1250 2662 1381 2704 suos
1415 2662 1447 2702 a
1477 2647 1716 2718 peccatis
1748 2661 2022 2711 revocare,

467 2749 599 2796 tunc
628 2741 744 2811 ipse
772 2740 987 2795 tandem
1019 2741 1304 2806 irascetur,
1340 2746 1393 2796 et
1419 2739 1590 2811 ipsius
1617 2754 1748 2794 cura
1781 2739 2026 2795 desertos

469 2832 825 2889 derelinquet.

539 3005 669 3060 Cn.
725 3003 884 3068 LXV,
941 3002 1106 3058 Vens.
1151 3005 1202 3058 l.
1260 3004 1341 3059 Ad
1392 3002 1730 3058 Salvatorem
1782 2982 2097 3074 spectantc

469 3094 634 3149 etiam
666 3093 800 3148 haec.
843 3093 1052 3163 Quippe
1079 3095 1172 3163 qui
1203 3094 1379 3163 patria
1427 3092 1761 3161 benignitate
1804 3093 2026 3158 missus,

469 3191 524 3237 et
557 3198 656 3237 sua
716 3183 1090 3238 misericordia
1149 3193 1348 3250 motus,
1409 3183 1661 3238 omnibus
1718 3181 2029 3237 hominibus

469 3270 794 3327 manifestus
826 3272 1005 3327 factus
1035 3281 1139 3336 est,
1173 3273 1488 3328 hominibus
1544 3287 1668 3327 eum
1701 3287 1803 3326 nec
1829 3285 2028 3326 vocan-

414 3423 418 3426 ,
470 3365 638 3430 tibus,
672 3379 774 3420 nec
802 3367 1228 3421 arcessentibus.

541 3455 706 3512 Vsus.
739 3457 791 3512 5.
827 3457 1004 3512 Ultrix
1039 3458 1248 3512 scilicet
1274 3455 1376 3511 vis.

539 3547 704 3604 Vens.
737 3549 790 3604 6.
827 3550 1054 3616 Quando
1083 3551 1234 3614 dicit,
1277 3551 1543 3618 scriptum
1589 3555 1676 3604 est
1700 3587 1715 3612 ,
1770 3547 2030 3618 ignoran-

470 3641 603 3695 tiam
636 3651 878 3695 nostram
909 3642 978 3696 ab
999 3656 1064 3695 eo
1091 3640 1276 3695 doceri
1305 3638 1518 3694 credas.
1546 3637 1680 3693 Cum
1719 3639 1864 3692 enim
1894 3638 2033 3692 scri-

469 3740 564 3802 pta
584 3733 740 3787 nobis
769 3733 1166 3802 praeteritarum
1182 3746 1363 3787 rerum
1394 3729 1710 3785 memoriam
1739 3728 2029 3791 retineant,

470 3832 526 3878 et
547 3823 615 3878 ad
654 3823 1115 3879 reminiscentiam
1161 3840 1263 3879 nos
1286 3823 1592 3885 deducant,
1623 3829 1678 3875 et
1717 3820 1878 3891 quasi
1907 3827 2033 3875 ante

470 3917 662 3973 oculos
707 3932 796 3972 res
836 3925 1018 3986 gestas
1049 3925 1351 3986 exponant,
1388 3914 1576 3970 eodem
1609 3913 1772 3968 modo
1797 3929 1898 3968 nos
1936 3913 2034 3967 do-

471 4017 559 4064 cet
588 4009 750 4065 Deus.
802 4009 1014 4064 Cuncta
1045 4016 1224 4064 autem
1258 4006 1368 4063 Deo
1406 4013 1557 4073 nota,
1618 4013 1674 4060 et
1738 4012 2030 4075 antequam

473 4102 684 4165 tierent,
711 4102 825 4170 jam
848 4103 996 4156 novit
1021 4116 1106 4156 ea.

544 4190 710 4246 Vens.
762 4192 815 4246 8.
844 4191 1057 4247 Rursus
1084 4193 1174 4247 hic
1199 4189 1418 4247 divitias
1461 4189 1749 4246 charitatis
1777 4204 1888 4245 suae
1921 4203 2034 4241 ma-

2199 2011 2434 2064 Τοιαῦτα
2481 2010 2632 2082 ἡμῶν
2672 2010 2822 2064 ἔσται
2859 2007 2928 2061 τά
2971 2007 3071 2077 τῆς
3105 2009 3535 2079 παρατηρήσεως
3583 2013 3693 2068 τῶν

2128 2102 2374 2168 ἐντολῶν,
2409 2101 2643 2156 διάθεσιν
2697 2101 2832 2172 πρὸς
2860 2099 2992 2152 θεὸν
3041 2098 3113 2170 μὴ
3164 2097 3440 2168 σωζοὺσης
3477 2101 3578 2171 τῆς
3610 2102 3691 2156 δι-

2127 2194 2446 2264 καιοσὺνης·
2504 2194 2537 2264 ἢ
2581 2194 2673 2247 καὶ
2725 2192 2971 2263 έκρευσιν
3012 2193 3144 2261 ἡμῖν
3192 2190 3570 2263 προεξένησεν,
3612 2194 3688 2259 ὡς

2129 2282 2346 2352 φύλλοις
2403 2282 2690 2337 πίπτουσιν
2733 2282 2840 2335 ἀπὸ
2868 2281 2974 2334 τῶν
3024 2279 3254 2350 δένδρων
3301 2281 3394 2334 καλ⁸
3440 2283 3546 2335 ἀπὸ
3594 2285 3691 2356 τῆς

2129 2374 2334 2427 ἑαυτῶν
2365 2374 2550 2446 ῥίζηςο
2591 2375 2727 2443 ὅπερ
2755 2372 2852 2443 τὴν
2882 2373 3113 2443 ἐσχάτην
3146 2371 3326 2425 αὐτῶν
3359 2377 3692 2446 κατηγορίαν

2131 2465 2261 2536 ἔχει.

2203 2557 2318 2609 ’Ὀτ’
2373 2555 2439 2610 ἂν
2477 2555 2586 2629 γάρ
2635 2555 2766 2618 Θεὸς
2820 2555 2910 2607 ἐπὶ
2967 2554 3096 2608 πολὺ
3134 2555 3398 2608 νουθετῶν
3437 2556 3508 2628 μὴ
3541 2559 3694 2630 σχοίη

2131 2648 2256 2710 τοὺς
2309 2646 2659 2717 πειθομένους
2688 2645 2832 2716 αὑτῴ
2869 2645 3190 2716 μεταθέσθαι
3232 2645 3340 2698 τῶν
3376 2663 3698 2718 παρανομηο

2135 2739 2318 2809 μάτων
2342 2738 2537 2802 αὑτῶν,
2565 2737 2682 2791 τότε
2717 2738 2808 2789 καὶ
2836 2736 2996 2800 αὐτὸς
3025 2736 3202 2790 τέλεον
3229 2738 3508 2809 ὀργισθεὶς
3532 2739 3697 2806 ἐγκα-

2129 2829 2455 2900 ταλιμπάνει
2499 2829 2694 2892 αὐτοὺς
2741 2829 2814 2892 ὡς
2852 2829 3086 2899 ἐρήμους
3130 2829 3327 2892 αὑτοὺς
3373 2829 3695 2900 γενομένους

2129 2922 2228 2993 τῆς
2269 2919 2432 2974 αὑτοῦ
2476 2919 2817 2990 κηδεμονίας.

2213 3010 2536 3081 Ἐκληπτέον
2555 3011 2612 3064 δὲ
2640 3011 2732 3064 καὶ
2756 3012 2834 3073 είς
2856 3008 3084 3081 Σωτῆρα
3115 3009 3306 3073 ταῦτα,
3337 3010 3417 3078 ὃς,
3449 3017 3693 3085 πατρικῇ

2128 3102 2423 3172 ἀγαθότητι
2450 3101 2770 3164 ἀποσταλεὶς
2797 3101 2889 3154 καὶ
2907 3101 3080 3172 οἰκείᾳ
3106 3101 3480 3175 φιλανθρωπίᾳ
3496 3103 3692 3172 ἐλθὼν,

2128 3192 2376 3265 ἐμφανὴς
2397 3195 2560 3246 πᾶσιν
2584 3192 2888 3264 ἀνθρώποις
2925 3191 3144 3261 γέγονεν
3178 3193 3206 3244 ὁ
3239 3193 3448 3265 Σωτὴρ,
3488 3194 3694 3266 ἀνθρὼ-

2130 3302 2248 3341 πων
2281 3288 2415 3357 μὴτε
2445 3285 2936 3357 πρεσϐευσαμένων
2968 3284 3101 3356 πρὸς
3133 3284 3311 3351 αὑτὸν,
3348 3287 3485 3356 μήτε
3520 3303 3692 3358 παρα-

2129 3374 2493 3431 καλεσάντων.

2212 3464 2276 3518 Ἡ
2313 3463 2658 3535 τιμωρητικὴ
2690 3463 2887 3535 δηλαδὴ
2909 3464 3153 3534 δύναμις.

2199 3555 2274 3609 Τό
2309 3555 2386 3619 δέ,
2425 3555 2752 3625 γέγραπται,
2783 3554 3015 3619 ἀκούων,
3047 3555 3154 3608 νόει
3180 3555 3254 3619 ὡς
3275 3555 3540 3628 ἡμετέραν
3579 3574 3688 3611 πα-

2134 3647 2457 3721 ραμυθεῖται
2484 3646 2724 3715 ἄγνοιαν,
2770 3646 2984 3718 Ἐπειδὴ
3012 3646 3118 3718 γὰρ
3155 3650 3284 3718 ἡμῖν
3314 3648 3371 3715 ἐξ
3404 3649 3692 3718 ἐγγράφων

2132 3741 2164 3811 ἡ
2197 3741 2383 3811 μνήμη
2414 3742 2788 3810 συγκροτεῖται
2821 3738 2926 3792 τῶν
2953 3738 3321 3812 παρελθόντων
3348 3740 3690 3811 πραγμάτων

2131 3833 2211 3896 εἰς
2247 3832 2552 3903 ὑπόμνησιν
2602 3833 2748 3901 ἡμᾶς
2797 3831 3023 3900 ἄγουσα,
3075 3831 3168 3884 καὶ
3215 3831 3401 3902 ὥσπερ
3453 3832 3693 3902 ὑπ”δψιν

2131 3924 2252 3992 ἄγει
2281 3923 2348 3976 τὰ
2395 3923 2730 3994 παρελθόντα
2777 3923 3094 3994 πράγματα,
3133 3921 3302 3986 οὑτως
3353 3923 3688 3976 ἐκδιδάσκει·

2131 4012 2316 4066 Πάντα
2361 4010 2603 4082 ἐγνώσθη
2655 4012 2733 4081 τῷ
2783 4010 2920 4083 Θεῷ,
2975 4012 3067 4066 καὶ
3107 4012 3235 4081 πρὶν
3276 4011 3308 4082 ἡ
3361 4013 3578 4084 γένηται
3625 4014 3694 4068 τὰ

2131 4103 2398 4174 γενόμενα
2431 4104 2736 4159 ἐπίσταται.

2215 4192 2476 4247 Ἐνταῦθα
2521 4193 2680 4246 πάλιν
2719 4193 2747 4245 ὁ
2793 4190 3018 4256 πλοῦτος
3067 4193 3167 4260 τῆς
3212 4191 3543 4264 ἀγαθότητος
3598 4193 3692 4248 τοῦ

471 4280 831 4337 nifestissime
860 4283 1101 4338 declarat
1136 4281 1785 4352 singularidocumento;
1812 4295 1937 4333 nam
1973 4288 2029 4332 ut

2134 4284 2267 4338 Θεοῦ
2335 4283 2689 4355 φανερώτατα
2742 4281 2993 4355 δηλοῦται
3041 4282 3223 4352 οἰκείῳ
3302 4282 3690 4353 ὑποδείγματι·

473 4391 599 4431 cum
652 4376 932 4431 inventum
993 4383 1078 4430 est
1132 4375 1344 4430 acinum
1399 4375 1456 4430 in
1499 4376 1661 4432 botro
1731 4383 2028 4439 maturum,

473 4475 697 4539 propter
738 4467 962 4521 unicum
1004 4467 1137 4521 illud
1167 4483 1269 4520 uva
1315 4469 1432 4537 ipsa
1483 4476 1752 4534 servatur,
1791 4478 1844 4524 et
1884 4469 2032 4523 aesti-

473 4571 653 4614 matur
684 4561 890 4632 magni,
919 4567 973 4614 et
995 4575 1023 4613 a
1059 4558 1275 4613 nemine
1299 4559 1568 4630 carpitur,
1591 4561 1664 4613 ita
1694 4574 1792 4628 ego
1819 4574 2033 4629 quoque

475 4650 521 4704 si
547 4665 714 4702 unum
745 4649 1024 4719 reperiero
1054 4648 1384 4704 servientem
1406 4648 1562 4711 mihi,
1617 4648 1874 4704 omnibus
1909 4664 2033 4718 par-

474 4754 618 4803 cam,
641 4740 798 4809 juxta
828 4757 891 4796 ea
912 4756 1032 4811 quae
1059 4740 1332 4795 Abraham
1364 4739 1585 4795 fuerunt
1613 4739 1781 4802 dicta,
1815 4740 2033 4810 quando

478 4845 674 4901 pmnas
705 4845 734 4884 a
768 4830 1005 4887 Sodoma
1037 4833 1374 4903 repetebam,
1415 4841 1467 4887 et
1489 4832 1576 4886 vel
1606 4831 1897 4902 quinquies
1934 4832 2036 4885 mi-

479 4920 837 4975 sericordiam
867 4938 1044 4978 meam
1081 4923 1431 4994 comprobavi
1457 4942 1474 4992 ;
1506 4924 1648 4979 idem
1690 4933 1744 4979 et
1775 4939 1922 4979 nunc
1948 4940 2036 4980 re-

476 5014 582 5068 fert
619 5013 686 5067 ad
713 5012 1054 5068 indicandam
1084 5016 1470 5087 benignitatem
1500 5032 1675 5072 suam.

549 5105 714 5162 Vens.
748 5105 834 5160 10.
895 5105 1024 5171 Quae
1044 5108 1217 5186 igitur
1239 5109 1374 5180 ipsis
1408 5110 1612 5180 largior
1641 5117 1864 5181 propter
1899 5125 2035 5181 pau-

475 5210 570 5250 cos
598 5195 959 5251 inservientes
986 5196 1118 5252 mihi
1138 5215 1152 5257 :
1173 5213 1271 5254 vos
1299 5214 1454 5268 vero,
1479 5202 1571 5270 qui
1594 5201 1725 5254 mihi
1763 5201 2036 5255 contradi-

475 5291 601 5346 citis
646 5292 771 5346 vitae
802 5292 958 5347 vobis
993 5292 1228 5355 auctori,
1265 5293 1359 5364 qui
1408 5294 1746 5350 daemonibus
1793 5294 2034 5365 indulge-

475 5385 570 5449 tis,
599 5391 654 5440 et
677 5393 859 5440 mente
893 5385 1213 5441 carentibus
1248 5400 1491 5440 mensam
1523 5388 1729 5458 paratis
1769 5401 1832 5441 ac
1853 5387 2035 5456 potio-

474 5493 596 5544 nes,
634 5489 809 5535 morte
829 5478 1152 5534 moriemini.
1177 5475 1308 5534 Jure
1335 5485 1517 5533 autem
1553 5496 1648 5536 eos
1675 5488 1851 5535 morte
1888 5481 2037 5535 dam-

475 5578 602 5636 nat;
661 5572 860 5642 quippe
903 5571 996 5642 qui
1046 5579 1171 5642 post
1219 5571 1552 5641 impietatem
1603 5582 1658 5629 et
1713 5581 1936 5642 peccata
1977 5575 2030 5628 in

486 5659 676 5725 Deum,
701 5670 983 5717 vocantem
1032 5678 1138 5717 non
1184 5662 1490 5728 audierunt,
1535 5670 1588 5718 et
1635 5663 1811 5718 locum
1857 5664 2032 5735 poeni-

477 5748 661 5810 tentia
716 5752 996 5820 prastanti
1048 5767 1158 5810 non
1193 5760 1518 5826 paruerunt,
1573 5751 1668 5810 sed
1715 5752 2032 5826 iniquitates

2140 4377 2350 4448 Ὠσπερ
2388 4376 2518 4447 γὰρ,
2555 4377 2628 4429 ὅτ’
2674 4374 2738 4430 ἂν
2779 4374 2973 4448 εὑρεθῇ
3038 4374 3094 4427 ἐν
3135 4373 3212 4444 τῷ
3257 4373 3439 4444 βότρυῖ
3504 4376 3532 4426 ό
3582 4371 3695 4445 ρὼξ

2140 4469 2417 4539 πέπειρος,
2462 4468 2528 4520 δι’
2569 4469 2772 4521 ἐκεῖνον
2841 4467 2931 4520 τὸν
2978 4467 3073 4518 ἕνα
3118 4467 3224 4529 πᾶς
3274 4465 3539 4532 σώζεται,
3599 4465 3694 4518 καὶ

2137 4561 2266 4630 περὶ
2316 4557 2513 4611 πολλοῦ
2559 4560 2820 4622 ποιεῖται,
2881 4557 3104 4627 μηδενὸς
3148 4556 3309 4610 αὑτοῦ
3352 4556 3655 4627 ἁπτομένου
3676 4573 3690 4585 ·

2138 4654 2299 4719 οὑτω,
2323 4651 2475 4722 φησὶ,
2504 4649 2679 4719 κάγὼ,
2715 4649 2833 4713 ἐνὸς
2870 4648 3182 4720 εὑρεθέντος
3212 4647 3546 4710 δουλεύοντάς
3581 4665 3691 4717 μοι,

2139 4742 2346 4806 πάντας
2393 4741 2837 4812 περιποιήσομαι,
2869 4737 3010 4790 κατά
3049 4738 3110 4789 τὸ
3140 4736 3218 4808 τῷ
3269 4736 3513 4807 Ἀϐραὰμ
3549 4736 3697 4789 λελε-

2137 4834 2363 4905 γμένον,
2393 4806 2556 4903 ἡνίκᾶ
2597 4806 2805 4900 ήκάτά
2848 4827 3096 4897 Σοδόμων
3138 4806 3257 4899 δίκη
3291 4806 3689 4897 κατεπέμπετο,

2137 4926 2242 4990 ἓως
2268 4926 2426 4980 πέντε
2453 4923 2550 4994 τὴν
2588 4921 2992 4993 φιλανθρωπίαν
3033 4919 3429 4991 ἐνδειξαμένου.
3457 4921 3531 4974 Τὸ
3564 4923 3694 4976 αὑτὸ

2136 5019 2316 5072 τοίνυν
2345 5016 2436 5070 καὶ
2461 5013 2554 5068 νῦν
2581 5013 2776 5084 φάσκει
2805 5012 2924 5066 κατ’
2953 5011 3201 5065 ἐπίτασιν
3233 5011 3588 5082 ἀγαθότητος.

2209 5109 2392 5163 Ταῦτα
2417 5107 2594 5161 τοίνυν
2617 5105 2838 5177 παρέχω
2864 5105 3046 5166 αὑτοῖς
3074 5103 3138 5156 δι’
3170 5103 3383 5172 ὀλίγους
3408 5105 3533 5166 τοὺς
3576 5103 3693 5157 δουο

2138 5201 2388 5265 λεὺοντάς
2416 5218 2524 5271 μοι.
2556 5200 2744 5268 Ὑμεῖς
2762 5198 2839 5262 δὲ,
2862 5199 2908 5249 οἱ
2924 5195 3379 5266 ἀνταλλαξάμενοι
3409 5196 3528 5249 ἀντὶ
3560 5195 3693 5265 ἐμοῦ

2137 5292 2230 5346 τοῦ
2271 5292 2330 5346 τὸ
2375 5287 2510 5345 εἷναι
2544 5291 2671 5360 ὑμῖν
2711 5287 3144 5358 παρεσχηκότος,
3185 5288 3279 5340 καὶ
3318 5285 3695 5347 δουλεύσαντες

2139 5384 2453 5455 δαιμονίοις,
2482 5383 2574 5436 καὶ
2603 5381 2828 5451 ἀψύχοις
2869 5376 3252 5448 παρατιθέντες
3283 5377 3558 5446 τράπεζαν
3603 5379 3694 5430 καὶ

2141 5477 2476 5548 κεράσματα,
2509 5473 2722 5540 θανάτῳ
2753 5469 3130 5524 ὑποπεσεϊσθε.
3158 5469 3395 5522 Θάνατον
3419 5468 3476 5522 δέ
3517 5467 3692 5522 αὐτῶν

2139 5567 2356 5631 δικαίως
2379 5565 2850 5636 καταψηφίζεται·
2881 5563 2960 5617 ὅτι
2996 5563 3088 5616 καὶ
3119 5560 3255 5632 μετά
3290 5561 3386 5632 τὴν
3417 5560 3688 5624 ἀσέϐειαν,

2141 5659 2236 5713 καὶ
2279 5657 2340 5710 τὸ
2378 5657 2700 5728 ἐξαμαρτεῖν
2739 5654 2934 5718 αὐτοὺς
2968 5656 3048 5717 είς
3099 5653 3189 5705 τὸν
3239 5651 3370 5706 Θεδν
3394 5692 3408 5717 ,
3443 5651 3692 5706 καλοῦντι

2138 5753 2236 5823 οὑχ
2271 5751 2609 5823 ὑπήκουσανξ
2633 5749 2724 5803 καὶ
2757 5750 2918 5801 τόπον
2953 5744 3236 5816 μετανοίας
3270 5744 3450 5809 αὐτοῖς
3476 5743 3690 5810 διδόντι,
