4038 6288
405 347 542 407 1573

1839 363 1906 418 ΙΝ
1942 365 2190 422 ιεΑιΑΜ.

3472 387 3604 446 1574

403 471 502 526 οὐκ
531 457 680 538 εἶξαν
700 486 716 502 ⁸
756 471 870 530 ἀλλ’
901 473 1211 529 ὲπετείνατε
1243 477 1365 530 καθ’
1397 479 1604 535 ἑαυτῶν
1643 482 1710 535 τὰ
1730 485 1958 556 πονηρὰ,

2061 503 2192 544 suas
2224 497 2389 546 etiam
2418 503 2706 560 auxerunt,
2739 511 2910 567 eaque
2933 497 3175 554 fecerunt
3201 514 3321 571 qua:
3335 501 3600 564 nolebam.

407 562 501 617 καὶ
525 563 561 618 ἃ
591 563 691 617 οὐκ
722 565 922 635 ήρεσκέ
953 583 1041 636 μοι
1061 568 1377 639 ἐπράττετε.

489 653 703 725 Ἐπειδὴ
722 655 851 728 γὰρ,
881 657 1008 727 περὶ
1034 659 1274 731 γαστέρα
1313 661 1715 734 ἀσχολούμενοι,
1746 669 1826 733 εἰς
1862 669 1962 741 τὴν

406 743 513 798 τῶν
548 746 775 817 καρπῶν
808 747 1101 802 ἀπόλαυσιν
1130 751 1191 804 τὸ
1219 752 1326 805 πᾶν
1350 753 1449 822 τῆς
1483 753 1818 829 εὐφροσύνης
1849 761 1961 812 ὲτί-

409 832 581 900 θεντο,
634 837 730 890 καὶ
791 837 1109 909 εὐδαίμονας
1153 839 1397 912 ἐνόμιζον
1426 844 1552 907 τοὺς
1580 845 1784 901 τούτων
1823 850 1958 903 ἀπο-

405 924 686 990 λαύοντας,
734 926 974 996 λυπῆσαι
1013 929 1209 994 αὐτοὺς
1251 930 1566 1004 βουλόμενος
1616 937 1672 989 έν
1702 940 1767 1009 τῇ
1802 939 1958 1012 ἀκοῇ,

409 1013 474 1065 ἶν’
504 1013 926 1086 ἐπιστρέψαντες
965 1017 1178 1072 σωθῶσι
1197 1061 1212 1087 ,
1245 1020 1344 1091 τὴν
1383 1021 1587 1077 τούτων
1629 1025 1810 1091 αὐτοῖς
1841 1029 1960 1082 στέ-

410 1121 563 1176 ρησιν
591 1108 968 1178 προαγορεύει.

477 1197 886 1267 Προκαταλέξας
938 1200 974 1254 ὃ.
1001 1201 1273 1258 πείσονται
1319 1206 1368 1257 οἰ
1401 1206 1474 1276 μὴ
1516 1206 1832 1277 φοϐούμενοι
1873 1210 1961 1264 τὸν

407 1285 632 1357 Κύριον,
658 1287 790 1357 μηδὲ
814 1291 1227 1362 ἐπιστρέφοντες
1259 1294 1396 1366 πρὸς
1429 1296 1610 1362 αὑτὸν,
1642 1299 1856 1367 ἐπάγει,
1881 1301 1962 1353 ὅτι

421 1378 765 1441 ’Δπεναντίας
809 1379 1008 1434 τούτων
1055 1384 1104 1436 οἰ
1162 1383 1499 1452 δουλεύοντές
1553 1405 1643 1459 μοι
1699 1391 1759 1443 ού
1804 1392 1962 1461 μόνον

407 1468 700 1535 τεύξονται,
730 1469 864 1524 ἀλλά
895 1474 985 1524 καί
1014 1473 1312 1544 ὀνομάτων,
1336 1478 1582 1552 καθάπερ
1612 1484 1660 1534 οἰ
1694 1484 1962 1556 πατριάρ-

406 1577 517 1631 χαι,
548 1562 597 1614 oi
623 1562 758 1632 πρὸς
782 1565 893 1627 τοῖς
922 1565 1140 1635 τρόποις
1168 1569 1260 1620 καὶ
1281 1569 1556 1641 ὀνομάτων
1577 1574 1776 1627 καινῶν
1801 1575 1960 1644 ἐτύγ-

405 1669 588 1722 χανον.
624 1653 838 1707 Τούτων
863 1654 919 1707 δὲ
952 1656 1027 1727 μὴ
1064 1660 1480 1728 μετανοούντων,
1511 1664 1669 1718 τοῦτο
1698 1666 1760 1718 τὸ
1795 1666 1962 1738 ὄνομα

404 1739 684 1812 δοθήσεται
713 1745 824 1806 τοῖς
854 1743 1050 1810 ἔθνεσι,
1072 1746 1132 1799 τὸ
1158 1748 1259 1818 μὲν
1303 1752 1382 1814 εἰς
1424 1753 1527 1818 ἀεὶ,
1565 1754 1700 1825 ὅπερ
1743 1755 1858 1808 ἐστὶ
1897 1755 1959 1810 τὸ

2127 661 2295 720 Vens.
2328 665 2416 721 15.
2457 665 2686 732 Quando
2721 670 2894 724 ventri
2925 671 3083 726 unice
3120 671 3339 740 deditis,
3390 675 3446 729 in
3475 691 3604 747 pos-

2059 753 2303 809 srdendis
2334 753 2583 826 frugibus
2633 773 2902 813 summam
2948 759 3262 818 felicitatem
3306 765 3606 824 consistere

2056 842 2356 909 videretur,
2405 861 2470 901 ac
2519 863 2614 903 eos
2667 855 2882 904 tantum
2933 851 3123 908 beatos
3170 869 3293 910 esse
3344 857 3436 926 qui
3483 857 3606 913 iStis

2059 931 2360 1000 abundant,
2395 943 2599 992 terrere
2631 951 2726 992 eos
2749 953 3000 995 sermone
3036 942 3243 1009 volens,
3276 951 3336 998 ut
3356 945 3603 1002 conversi

2058 1023 2358 1092 salventur,
2395 1025 2612 1096 frugum
2634 1028 2874 1099 inapiam
2897 1029 3201 1086 denuntiat.
3600 1032 3606 1037 ’

2141 1200 2300 1258 Vens.
2358 1203 2444 1258 15.
2489 1201 2774 1261 Praedictis
2806 1221 2927 1276 quae
2956 1206 3269 1264 hominibus
3301 1209 3602 1276 imminent,

2057 1307 2159 1347 nec
2182 1291 2350 1348 Deum
2382 1293 2717 1362 timentibus,
2775 1313 2874 1352 nec
2910 1299 2978 1353 ad
3017 1301 3194 1370 ipsum
3242 1314 3301 1354 se
3341 1301 3606 1371 recipieno

2057 1383 2226 1445 tibus,
2253 1383 2439 1452 adjicit
2468 1383 2648 1442 Deus:
2681 1385 2799 1440 Non
2842 1389 3015 1443 modo
3049 1391 3207 1460 longe
3246 1390 3458 1444 diversa
3486 1405 3607 1445 sor-

2057 1473 2265 1526 tientur
2295 1474 2386 1543 qui
2417 1475 2546 1529 mihi
2577 1477 2900 1542 inserviunt,
2925 1478 3018 1534 sed
3035 1481 3255 1534 nomine
3278 1481 3441 1534 etiam
3467 1496 3606 1536 novo

2059 1563 2419 1631 vocabuntur,
2454 1566 2594 1620 sicut
2623 1567 2965 1635 patriarchae,
3003 1569 3096 1638 qui
3123 1586 3218 1638 pro
3241 1573 3484 1627 moribus
3507 1587 3605 1626 noo

2059 1651 2143 1707 vis
2200 1669 2414 1723 quoque
2471 1655 2784 1710 hominibus
2847 1657 3295 1727 insignichantur.
3345 1659 3604 1717 haelitis

2061 1750 2239 1796 autem
2279 1745 2654 1814 paenitentiam
2688 1748 3076 1812 renuentibus,
3104 1750 3355 1820 gentibus
3389 1751 3604 1806 dabitur

405 1829 511 1884 τῶν
534 1833 871 1904 Χριστιανῶν
889 1851 902 1864 ·
933 1837 1124 1907 μηκέτι
1149 1838 1256 1910 γὰρ
1279 1841 1506 1896 εἰδώλων
1534 1847 1748 1915 μνήμην
1775 1847 1956 1900 ποιού-

2059 1831 2160 1886 hoc
2189 1848 2406 1897 nomen,
2447 1836 2590 1904 quod
2619 1837 2674 1890 in
2703 1846 2962 1892 aeternum
3009 1840 3269 1904 manebit,
3316 1856 3415 1895 nec
3457 1838 3603 1896 aliud

409 1939 575 1992 μενοι,
606 1926 727 1996 μηδ’
753 1926 828 1991 ὡς
863 1929 942 1992 εἰς
972 1928 1124 1993 θεοὺς
1169 1931 1455 2002 ὀμνύοντες
1477 1973 1491 1998 ,
1523 1935 1636 1989 ἀλλ’
1671 1940 1748 2001 εἰς
1796 1940 1954 1994 αὐτὸν

405 2012 496 2067 τὸν
529 2014 658 2069 Θεὸν
689 2018 783 2071 καὶ
827 2018 1151 2091 δημιουργὸν
1185 2023 1384 2088 αὐτῶν,
1420 2028 1549 2095 παρ’
1595 2028 1957 2096 αὐτοῦ’ἒξουσι

405 2106 503 2175 τὴν
532 2107 638 2162 τῶν
666 2109 882 2178 ἀγαθῶν
910 2111 1224 2169 ἀπόλαυσιν.

472 2373 853 2444 Μακροϐίωσιν
905 2375 962 2428 δὲ
1017 2377 1195 2441 αὐτοῖς
1254 2378 1345 2430 ἐπὶ
1377 2377 1545 2444 πολὺ,
1615 2378 1809 2446 ἀώρως
1860 2398 1957 2452 μεν

407 2461 629 2532 μηδενὸς
671 2463 1149 2533 μεταλλάττοντος,
1196 2468 1274 2531 εἰς
1321 2468 1500 2540 γῆρας
1553 2469 1780 2541 λιπαρὸν
1823 2471 1959 2541 φθά-

406 2569 612 2616 νοντος·
654 2555 746 2607 καὶ
776 2553 884 2626 γὰρ
916 2554 1105 2608 ἑκατὸν
1139 2556 1274 2609 ἐτῶν
1309 2560 1336 2610 6
1362 2559 1688 2630 τελευτήσας
1727 2561 1784 2613 ὲν
1819 2562 1960 2614 ὲκεί-

406 2658 516 2706 νοις
547 2642 716 2722 ἔσται,
746 2643 820 2707 ὡς
863 2645 967 2714 πρὸ
1005 2644 1152 2716 ὥρας
1201 2645 1318 2709 νέος
1343 2647 1652 2713 ἀπαλλάξας
1696 2649 1842 2704 τόνδε
1869 2651 1959 2703 τὸν

407 2729 554 2805 βίον·
600 2733 628 2784 6
671 2731 727 2783 δὲ
771 2730 914 2784 οὕτω
963 2733 1335 2803 μεταλλάττων
1389 2737 1447 2790 ὲν
1504 2737 1747 2807 κατάρας
1804 2739 1957 2811 μέρει

407 2821 644 2880 κείσεται
674 2824 994 2896 ἁμαρτωλὸς
1025 2827 1438 2899 συγκρινόμενος
1460 2827 1538 2899 τῷ
1563 2829 1752 2902 μακρῷ
1783 2831 1902 2902 βίῳ.

478 2913 559 2966 Τὰ
584 2913 691 2986 γὰρ
719 2915 942 2985 ἀειθαλῆ
978 2917 1117 2985 φυτὰ
1153 2918 1209 2971 ὲν
1241 2917 1315 2988 τῷ
1351 2918 1660 2990 παραδείσῳ
1701 2920 1957 2986 ἀειζώους

406 3009 646 3078 καρποὺς
679 3009 830 3080 φέρει
851 3027 863 3040 υ
888 3010 1078 3074 οἵτινες
1099 3012 1155 3064 ὲν
1181 3011 1278 3082 μὲν
1305 3010 1382 3081 τῷ
1410 3009 1546 3066 εἶναι
1568 3013 1656 3065 τὸν
1679 3013 1956 3085 ἄνθρωπον

407 3101 465 3152 ἐν
491 3098 567 3169 τῷ
595 3099 923 3169 παραδείσῳ,
944 3099 1087 3153 ἄλλοι
1114 3100 1199 3152 ἐπ’
1232 3101 1410 3165 ἄλλοις
1434 3103 1702 3173 γινόμενοι
1733 3105 1952 3176 καρποὶ,

406 3193 662 3262 παρεῖχον
709 3189 786 3260 τῷ
828 3189 1096 3262 ἀνθρώπῳ
1127 3191 1188 3244 τὸ
1235 3193 1322 3246 ἀεὶ
1384 3172 1709 3248 ἀπολαύεινο
1755 3172 1843 3249 ὅτε
1898 3197 1953 3250 δὲ
1982 3172 2026 3233 c

407 3280 611 3352 ἐξώσθη
643 3283 672 3334 ὀ
712 3281 1016 3352 ἅνθρωπος,
1044 3283 1092 3335 οἱ
1129 3283 1329 3354 καρποὶ
1361 3285 1606 3355 μένουσιν
1645 3288 1724 3349 εἰς
1779 3287 1839 3340 τὸ
1876 3287 1953 3340 δι-

405 3375 596 3442 ηνεκὲς
620 3371 902 3442 ἄφθαρτοι.

476 3461 659 3515 Ταῦτα
689 3462 785 3532 μὲν
821 3458 913 3515 οῦν
956 3465 983 3515 ὀ
1007 3463 1138 3526 Θεὸς
1179 3461 1273 3517 τοῦ
1313 3465 1526 3536 Ἰσραὴλ
1567 3467 1952 3536 ἐπαγγέλλεται

412 3553 776 3613 ,ιετανοοῦντι-
812 3555 996 3624 ἐπειδὴ
1041 3555 1096 3607 δὲ
1135 3556 1379 3619 ἀπειθεῖς
1427 3558 1794 3629 μεμενήκασι,
1831 3576 1954 3630 μετο

407 3648 526 3712 ἀγει
547 3645 643 3707 τὰς
663 3644 907 3711 εὐλογίας
930 3647 1008 3707 εἰς
1036 3645 1102 3698 τὰ
1129 3645 1254 3716 ἔθνη
1273 3663 1286 3676 ’
1309 3647 1384 3709 ὡς
1407 3648 1499 3700 καὶ
1519 3649 1598 3710 εἰς
1619 3648 1716 3719 τὴν
1731 3649 1954 3720 Ἐκκλη-

409 3737 528 3788 σίαν
558 3735 727 3788 ταῦτα
753 3735 894 3788 κατά
920 3735 1173 3806 ἀλήθειαν
1203 3736 1654 3808 ὲκλαμϐάνεσθαι.

476 3825 596 3878 Τῶν
633 3825 724 3879 δύο
769 3827 937 3897 ἣμισυ
973 3826 1152 3896 φυλῶν
1191 3826 1272 3880 ἔτι
1304 3829 1361 3881 ὲν
1403 3830 1514 3892 τοῖς
1540 3827 1725 3893 τόποις
1765 3829 1951 3897 ὄντων,

408 3919 499 3976 καὶ
523 3919 776 3988 οἰομένων
812 3919 885 3991 μὴ
914 3919 1218 3988 ἀπάγεσθαι
1249 3920 1328 3983 εἰς
1356 3920 1453 3989 τὴν
1474 3922 1841 3991 αἰχμαλωσίαν
1870 3923 1956 3977 διὰ

408 4015 504 4086 τήν
536 4014 670 4082 πρὸς
699 4013 787 4066 τὸν
813 4013 938 4067 ναὸν
968 4015 1148 4085 σχέσιν
1179 3995 1277 4067 τοῦ
1298 4013 1453 4080 Θεοῦ,
1493 4016 1611 4086 οὐχὶ
1637 4015 1694 4068 δὲ
1723 4016 1808 4069 διὰ
1836 4017 1958 4087 τρό-

411 4123 524 4159 πων
548 4105 744 4176 ἀρετὴν
777 4107 869 4159 καὶ
899 4105 996 4176 τὴν
1025 4106 1160 4176 πρὸς
1191 4106 1281 4158 τὸν
1307 4105 1437 4158 Θεὸν
1475 4105 1705 4173 εὔνοιαν,
1746 4108 1956 4161 υποδεί-

410 4213 595 4250 κνυσιν
619 4200 646 4250 ὀ
671 4197 821 4262 Θεὸς,
860 4198 935 4260 ὡς
962 4199 1021 4250 οὐ
1051 4197 1218 4250 τόπου
1255 4198 1413 4268 χάριν
1439 4197 1472 4269 ἢ
1501 4198 1628 4252 ναοῦ
1666 4199 1956 4271 ρυσθήσον-

407 4303 496 4342 ται
537 4288 635 4359 τῆς
667 4287 1035 4358 αἰχμαλωσίας
1074 4288 1496 4360 προηγουμένως
1522 4291 1571 4342 οἱ
1609 4290 1780 4344 ταῦτα
1812 4291 1960 4361 ἔχον-

409 4393 528 4440 τες’
557 4377 755 4430 τούτων
774 4378 880 4449 γὰρ
913 4378 1241 4448 ἀντέχοντες,
1271 4379 1400 4442 Θεὸς
1421 4379 1588 4448 λέγει,
1619 4380 1706 4433 διὰ
1730 4381 1824 4452 τὴν
1853 4381 1958 4435 τῶν

410 4469 695 4522 οἰκούντων
727 4471 852 4539 περὶ
883 4470 949 4523 τὰ
981 4470 1186 4540 νόμιμα
1231 4470 1472 4541 φυλακὴν
1497 4509 1512 4534 ,
1559 4470 1652 4534 οὒς
1701 4474 1794 4525 καὶ
1837 4474 1958 4526 ναὸν

413 4560 655 4637 βούλεται
687 4561 852 4632 ἔχειν,
895 4563 987 4615 καὶ
1027 4563 1207 4628 ἀξίους
1229 4558 1366 4616 εἶναι
1394 4561 1485 4615 τοῦ
1525 4563 1749 4617 ἐνοικεῖν
1781 4567 1837 4616 ὲν
1866 4566 1962 4619 αὐ-

411 4657 540 4718 τοῖς.

482 4746 663 4802 Πάντα
709 4745 817 4818 γὰρ
875 4746 1205 4817 πανταχόθεν
1255 4746 1352 4818 βοᾷ
1395 4748 1490 4819 τὴν
1539 4748 1749 4804 δικαίαν
1787 4752 1963 4822 κρίσιν

2056 1928 2141 1978 est
2175 1931 2371 1992 prarter
2395 1940 2592 1979 nomen
2620 1923 3081 1981 Christianorum.
3100 1925 3220 1982 Jam
3247 1943 3354 1983 non
3376 1930 3604 1999 amplius

2056 2012 2322 2067 idolorum
2373 2016 2693 2070 memoriam
2750 2015 2970 2083 facient,
3017 2033 3194 2088 neque
3236 2034 3298 2074 ea
3345 2026 3603 2088 tanquam

2056 2107 2188 2163 deos
2214 2109 2566 2174 invocabunt,
2620 2111 2715 2166 sed
2749 2127 2922 2166 unum
2957 2111 3126 2167 Deum
3175 2119 3229 2168 et
3269 2112 3602 2167 conditorem

2056 2212 2215 2250 suum
2248 2199 2450 2267 colent,
2477 2207 2530 2254 et
2561 2200 2630 2255 ab
2676 2200 2796 2270 ipso
2855 2201 3122 2256 bonorum
3169 2203 3380 2270 copiam
3434 2203 3604 2271 impe-

2055 2286 2293 2341 trahunt.

2132 2372 2297 2432 Vens.
2336 2378 2424 2432 20.
2469 2378 2668 2436 Multos
2697 2395 2870 2436 annos
2900 2380 3127 2451 perfecit
3157 2381 3249 2451 qui
3281 2395 3388 2434 non
3413 2380 3602 2434 imma-

2056 2475 2179 2522 tura
2211 2479 2386 2524 morte
2429 2472 2641 2540 rapitur
2693 2480 2748 2527 et
2795 2474 3020 2528 viridem
3060 2473 3413 2542 consequitur
3449 2485 3605 2525 sene-

2059 2567 2281 2614 ctutem.
2318 2559 2508 2616 Justus
2537 2563 2680 2616 enim
2717 2564 3061 2618 centonarius
3102 2563 3206 2618 erit
3228 2563 3384 2633 quasi
3425 2562 3607 2616 adole-

2059 2665 2220 2705 scens
2250 2660 2375 2707 ante
2411 2660 2624 2724 tempus
2650 2655 2918 2714 moriens;
2967 2663 3221 2724 peccator
3258 2669 3386 2709 vero
3431 2663 3605 2708 cente-

2058 2741 2250 2798 narius
2301 2744 2624 2798 maledictus
2683 2745 2808 2810 erit,
2859 2753 3082 2814 propter
3128 2744 3302 2815 ipsam
3347 2742 3604 2814 grandem

2057 2839 2270 2887 aetatem
2303 2832 2614 2889 damnatus.

2131 2923 2293 2980 Vens.
2334 2924 2423 2979 2‘2.
2469 2925 2742 2978 Continuo
2796 2923 3054 2979 ﬂorentes
3113 2921 3356 2994 paradisi
3408 2922 3605 2992 planta:

2057 3021 2288 3070 aeternos
2315 3015 2522 3071 fructus
2554 3015 2750 3071 ferunt.
2780 3015 2990 3085 Quippe
3025 3013 3152 3083 qui,
3188 3013 3314 3066 dum
3348 3010 3511 3065 homo
3549 3010 3605 3062 in

2058 3106 2313 3176 paradiso
2339 3117 2500 3174 esset,
2536 3108 2591 3162 in
2619 3106 2735 3160 dies
2754 3106 2922 3176 magis
2955 3120 3016 3158 ac
3030 3105 3199 3171 magis
3219 3102 3384 3167 aucti,
3405 3108 3606 3155 aeterna

2058 3195 2260 3249 homini
2291 3195 2483 3264 gaudia
2525 3195 2870 3264 praebebant;
2899 3194 3125 3262 expulso
3151 3203 3344 3246 autem
3391 3191 3609 3245 homine

2058 3300 2124 3339 es
2153 3284 2428 3354 paradiso,
2473 3291 2753 3339 remanent
2782 3283 2990 3337 fructus
3026 3283 3082 3337 in
3117 3292 3376 3337 aeternum
3427 3281 3608 3334 incor-

2057 3377 2363 3446 ruptibiles.

2131 3467 2296 3523 Vens.
2336 3468 2426 3523 25.
2467 3467 2596 3534 Quae
2650 3465 2864 3536 quidem
2921 3465 3203 3520 denuntiat
3255 3461 3606 3532 Deustrael

2059 3558 2437 3628 paenitentiam
2465 3559 2678 3629 agenti;
2713 3559 2840 3627 quia
2879 3563 3056 3611 autem
3090 3554 3356 3612 indociles
3386 3567 3606 3609 reman-

2061 3657 2270 3713 serunt,
2335 3649 2740 3704 benedictiones
2785 3663 2916 3702 snas
2969 3645 3222 3717 gentibus
3277 3645 3603 3714 impertitur,

2061 3751 2118 3795 ut
2147 3741 2200 3793 in
2235 3739 2533 3794 Ecclesiam
2560 3739 2712 3808 juxta
2748 3741 3032 3793 veritatem
3075 3735 3464 3804 suscipiantur.

2131 3827 2260 3886 Car.
2315 3827 2498 3892 LXVI,
2533 3827 2698 3884 Vens.
2731 3829 2782 3883 1.
2823 3827 3097 3881 Ambabus
3132 3825 3379 3879 tribubus
3429 3822 3605 3876 adhuc

2059 3930 2261 3976 terram
2294 3934 2443 3974 suam
2474 3919 2887 3988 occupantibus,
2930 3933 3097 3988 seque
3143 3918 3198 3970 in
3237 3916 3604 3986 captivitatem

2062 4020 2280 4082 pr0pter
2310 4011 2546 4067 studium
2583 4010 2676 4065 Dei
2726 4010 2780 4063 in
2819 4010 3077 4080 templum
3110 4025 3220 4063 non
3270 4007 3462 4062 abduci
3505 4022 3605 4076 pu-

2061 4104 2322 4168 tantibus,
2352 4119 2459 4156 non
2493 4118 2618 4158 vero
2644 4109 2864 4172 propter
2893 4101 3189 4154 bonitatem
3227 4115 3440 4153 morum
3475 4113 3606 4153 suo-

2063 4209 2182 4248 rum
2210 4203 2303 4248 aut
2360 4209 2511 4249 suam
2569 4196 2625 4248 in
2687 4193 2974 4248 Dominum
3040 4193 3316 4263 pietatem,
3369 4191 3609 4247 declarat

2063 4284 2205 4340 Deus
2241 4304 2254 4340 :
2287 4285 2405 4341 illos
2426 4301 2534 4339 non
2565 4285 2784 4339 lociaut
2819 4285 3009 4355 templi
3061 4285 3234 4354 gratia
3283 4282 3609 4354 captivitatis

2064 4376 2335 4431 immunes
2375 4376 2612 4442 futuros,
2643 4377 2738 4447 qui
2770 4376 2884 4431 haec
2928 4377 3196 4448 praecipue
3239 4376 3440 4431 colunt.
3471 4373 3606 4427 Nam

2064 4468 2177 4522 haec
2217 4468 2544 4532 retinebunt,
2599 4469 2674 4522 ait
2713 4468 2877 4533 Deus,
2927 4478 3144 4538 promer
3188 4466 3612 4522 inhabitantium

2061 4561 2206 4613 circa
2238 4559 2427 4628 legalia
2457 4559 2751 4627 pietatem;
2793 4574 2931 4629 quos
2955 4558 3098 4613 enim
3133 4556 3386 4626 templum
3426 4555 3607 4626 possi-

2059 4650 2186 4706 dere
2216 4651 2358 4711 volo,
2392 4649 2502 4704 sint
2535 4649 2683 4719 digni
2710 4650 2804 4719 qui
2838 4649 2970 4702 illud
3001 4645 3326 4701 inhabitent.

2128 4739 2292 4796 Vens.
2333 4739 2385 4794 6.
2427 4740 2784 4795 Conclamant
2821 4747 3016 4794 cuncta
3057 4737 3320 4807 judicium
3358 4735 3452 4792 Dei
3485 4751 3611 4792 esse

412 4838 504 4892 τοῦ
538 4837 692 4902 Θεοῦ,
724 4836 992 4908 πολεμίων
1022 4838 1120 4907 μὲν
1154 4839 1690 4910 καταστρεφομένων,
1727 4841 1960 4905 Ἐζεκίου

2059 4833 2286 4902 justum,
2342 4831 2480 4886 fusis
2523 4832 2796 4895 hostibus,
2836 4829 3064 4884 Ezechia
3115 4828 3181 4883 de
3223 4829 3424 4899 templo
3457 4843 3608 4897 egre-

413 4932 466 4984 δὲ
495 4932 558 4983 ἐκ
579 4929 672 4983 τοῦ
698 4929 828 4983 ναοῦ
850 4930 1160 4994 ἐπανιόντος
1185 4929 1277 4982 καὶ
1298 4929 1653 5000 κηρύττοντος
1673 4933 1768 5003 τὴν
1799 4950 1964 5003 μεγα-

413 5023 664 5094 λειότητα
689 5021 781 5074 τοῦ
808 5019 964 5074 Θεοῦ.

376 5105 380 5122 ’
482 5097 758 5180 Τουτέστι,
799 5112 911 5183 Πρὸ
950 5110 1044 5165 τοῦ
1079 5111 1318 5165 κινδύνου
1359 5112 1469 5183 (14)
1517 5111 1700 5165 ἔτεκεν
1729 5111 1911 5184 ἄρσεν,
1936 5114 1965 5168 ὅ

415 5209 529 5259 ἐστι
557 5205 746 5276 κύημα
771 5205 932 5259 καλὸν
956 5206 1048 5259 καὶ
1073 5203 1392 5275 τριπόθητον
1408 5207 1568 5270 ’,ταῖς
1608 5204 1717 5276 γὰρ
1751 5205 1963 5259 τικτού-

417 5313 537 5359 σαις
585 5295 936 5367 ἀρῥενοτοκία
980 5294 1176 5367 μᾶλλον
1226 5293 1450 5364 θατέρου
1503 5293 1890 5364 προτέτακται·
1929 5295 1962 5366 ἢ

414 5390 553 5460 τάχα
597 5405 700 5441 που
735 5387 827 5442 καὶ
859 5388 1024 5458 ἄρσεν
1063 5385 1124 5439 τὸ
1165 5384 1386 5456 τεχθέν⁶
1425 5385 1483 5437 οὐ
1530 5384 1636 5455 γὰρ
1681 5385 1962 5456 θηλύνεται

417 5480 550 5552 πρὸς
585 5465 958 5552 μκαρισμους
983 5480 1010 5530 6
1044 5478 1102 5529 ἑν
1139 5476 1357 5549 Χριστῷ
1386 5475 1543 5540 λαός·
1573 5477 1824 5548 φρόνημα
1852 5479 1958 5549 γάρ

417 5550 562 5636 ἑστιν
592 5573 651 5627 ὲν
675 5569 822 5651 αὑτῷ
840 5550 1552 5626 ’νεανικόνί-Ἐκδιδάσκει
1581 5569 1866 5648 προλαϐεῖν
1895 5573 1962 5650 τῇ

421 5663 675 5742 μετανοίᾳ
699 5664 791 5717 τὸν
820 5662 1010 5733 καιρὸν
1037 5662 1147 5715 τῶν
1185 5660 1409 5725 ὠδίνων,
1440 5663 1531 5726 καὶ
1560 5661 1746 5743 ῶσπερ
1779 5662 1965 5718 παιδία

435 5747 441 5754 ι
485 5777 596 5858 (14)
631 5775 791 5845 Forte
825 5775 1104 5856 κινητικοῦ..

2058 4923 2240 4979 dicnte
2270 4933 2324 4978 et
2347 4923 2778 4991 magniticcntias
2810 4920 2902 4976 Dei
2935 4919 3280 4990 praedicante.

2129 5094 2288 5149 Vens.
2331 5095 2380 5149 7.
2426 5093 2539 5149 Hoc
2565 5103 2687 5150 est:
2721 5093 2885 5148 Partu
2927 5095 3166 5150 nondum
3198 5104 3412 5150 maturo
3445 5107 3606 5162 pepe-

2058 5188 2131 5243 rit
2191 5189 2516 5252 masculum,
2570 5195 2920 5258 prazstantem
2966 5187 3173 5241 scilicet
3211 5185 3377 5248 fetum
3419 5190 3473 5237 et
3521 5191 3604 5238 ter

2060 5286 2338 5348 Optatum;
2393 5278 2661 5332 matribus
2715 5277 2860 5332 enim
2914 5276 3277 5331 masculorum
3331 5274 3610 5343 generatio

2061 5369 2284 5442 gratior.
2320 5368 2386 5422 Et
2419 5367 2662 5438 profecto
2705 5369 3006 5424 masculum
3046 5365 3284 5436 genitum
3316 5363 3453 5427 fuit;
3495 5361 3607 5426 dici

2062 5463 2206 5519 enim
2235 5461 2580 5516 effeminatus
2612 5476 2717 5515 non
2749 5468 2926 5530 potest
2955 5458 3183 5529 populus
3223 5455 3444 5510 Christo
3475 5453 3609 5510 fide.

2061 5555 2169 5621 lis;
2205 5567 2329 5607 nam
2360 5569 2557 5609 sensus
2595 5552 2671 5607 illi
2703 5552 2898 5607 virilis.
2937 5579 3006 5589 —
3040 5547 3205 5603 Docet
3247 5555 3306 5602 ut
3338 5548 3607 5617 paenitens

2065 5647 2137 5711 tia
2170 5645 2310 5702 diem
2346 5654 2532 5728 partus
2573 5657 3030 5727 praeoccupemus,
3079 5651 3134 5698 et
3172 5641 3322 5698 velut
3353 5639 3612 5713 pantiqu
