4038 6288
481 352 618 409 I375

1654 342 1696 396 Τ
1704 339 1998 397 HEODORI
2034 339 2545 397 HERACLEENSIS

3549 343 3688 399 1376

480 470 711 527 salutem
764 475 1008 521 nostram
1063 463 1361 534 pariamus.
1415 460 1514 518 Est
1551 461 1769 531 quidem
1809 461 2023 515 omnino

2129 460 2432 530 ἀποκυῆσαι
2472 460 2570 531 τὴν
2600 460 2805 513 ἑαυτῶν
2840 460 3141 531 σωτηρίαν·
3174 461 3311 533 ὅπερ
3353 463 3503 514 ἐστὶν
3545 462 3687 532 ὑπὲρ

481 574 647 629 super
677 558 955 612 hominum
992 569 1196 620 mores,
1228 552 1375 624 quod
1407 552 1683 623 paulisper
1709 551 2030 606 brevissima

481 650 795 713 tolerantes,
826 646 983 717 quasi
1019 644 1277 699 diuturna
1322 642 1757 712 pertulissemus,
1800 641 2030 697 salutem

479 752 894 808 consequamur.
926 736 1058 804 Quae
1089 751 1218 793 vero
1254 733 1583 805 perﬁcienda
1614 748 1737 789 esse
1771 732 1838 788 de
1873 730 2032 787 Jeru-

478 830 645 887 salem
674 828 981 893 nuntiabat,
1031 828 1099 882 ad
1137 842 1301 898 quam
1347 827 1510 898 paulo
1537 836 1662 896 post
1701 825 2031 880 habitatores

476 921 718 975 redirent
745 935 810 975 ac
842 930 956 974 tota
984 934 1138 990 gens.

483 1004 491 1011 ’
550 1010 711 1067 Vens.
746 1011 799 1066 8.
832 1011 966 1065 Nam
1010 1011 1059 1066 si
1114 1010 1184 1064 ad
1237 1007 1406 1064 Deum
1437 1006 1849 1070 convertamini,
1900 1020 2031 1061 con-

476 1101 658 1158 festim
683 1118 781 1158 vos
801 1102 1069 1172 excipiet;
1116 1117 1217 1157 nec
1244 1117 1358 1156 rem
1392 1102 1512 1170 ipso
1542 1100 1610 1154 ad
1648 1100 1867 1168 longum
1896 1104 2031 1151 tem-

475 1195 624 1265 poris
687 1194 921 1265 spatium
977 1192 1259 1248 differente
1288 1232 1304 1258 ,
1359 1193 1478 1247 sine
1504 1190 1617 1246 ulla
1648 1204 1800 1244 mora
1846 1187 2029 1243 statim

474 1301 664 1342 omnes
698 1286 755 1339 in
791 1284 1089 1341 Jerusalem
1150 1283 1645 1354 congregabuntur.
1705 1278 1826 1334 Non
1868 1287 2030 1334 erunt

474 1379 566 1450 qui
601 1379 758 1434 ﬁdem
806 1386 899 1433 aut
932 1394 1149 1449 operam
1195 1377 1560 1447 denegantes,
1615 1373 1873 1444 praedicta
1917 1372 2031 1426 dis-

473 1469 715 1525 turbant.
792 1469 1221 1541 Complebuntur
1275 1482 1407 1523 sane
1487 1480 1608 1536 qua:
1656 1464 1721 1519 de
1779 1463 2028 1533 gentibus

474 1561 617 1616 dicta
672 1569 826 1625 sunt;
881 1562 1080 1631 quippe
1138 1574 1295 1629 quas,
1350 1557 1466 1613 suis
1512 1555 1809 1618 derelictis,
1855 1551 2023 1606 Deum

474 1669 632 1709 suum
660 1652 1064 1708 eOSalvatorem
1091 1660 1465 1721 agnoscentes,
1489 1646 1556 1701 de
1577 1645 1849 1716 prioribus
1877 1657 2029 1699 erro-

474 1746 624 1800 ribus
653 1744 1023 1815 paanitentiam
1083 1749 1328 1814 agentes,
1381 1739 1449 1794 ad
1498 1740 1777 1794 caelestem
1804 1736 2028 1792 Jerusa-

473 1840 579 1894 lem
610 1838 886 1892 accedent.
927 1835 1093 1891 lsrael
1126 1850 1255 1890 vero
1295 1849 1465 1903 usque
1495 1833 1768 1903 ingratum
1796 1846 1855 1885 se
1888 1844 2028 1899 prae-

474 1930 659 1984 bebit:
698 1927 809 1983 Deo
855 1928 940 1983 vel
987 1927 1434 1998 praestantissima
1465 1925 1833 1994 promittente,
1871 1921 2028 1976 indo—

473 2020 606 2075 ciles
635 2020 1010 2085 remanebunt,
1046 2034 1114 2072 ne
1150 2016 1281 2072 illud
1323 2016 1539 2087 quidem
1590 2013 1856 2071 recordati
1884 2013 2029 2084 quod

481 2127 581 2166 una
610 2112 895 2166 mulierum
941 2109 1192 2173 fecunda,
1234 2110 1406 2163 altera
1454 2123 1582 2163 vero
1633 2107 1834 2163 sterilis
1891 2120 2029 2176 prat-

472 2203 790 2271 nuntiatur;
823 2201 1050 2256 Domino
1087 2212 1406 2255 naturarum
1449 2209 1738 2269 utramque
1776 2207 2028 2252 naturam

471 2295 540 2350 ad
561 2302 754 2349 nutum
784 2310 943 2349 suum
991 2300 1391 2364 componente;
1427 2292 1587 2345 aliam
1627 2290 1845 2361 quidem
1883 2290 2029 2343 velut

473 2398 660 2453 agrum
692 2382 1046 2455 frugiferum;
1078 2384 1239 2438 aliam
1262 2398 1394 2439 vero
1423 2383 1568 2439 velut
1595 2389 1792 2437 terram
1821 2381 2027 2435 aridam

471 2484 524 2530 et
556 2473 920 2531 infecundam.

542 2652 704 2709 Vens.
754 2655 841 2710 12.
890 2655 1155 2711 Omnibus
1200 2653 1267 2709 ad
1324 2669 1444 2712 eam
1490 2654 1848 2725 undequaque
1896 2666 2029 2707 con-

473 2742 790 2800 ﬂuentibus.
830 2743 965 2799 Nam
1012 2745 1240 2816 gloriam
1274 2748 1517 2817 gentium
1554 2746 1814 2815 largietur
1842 2743 1923 2799 eis
1959 2743 2026 2796 ad

467 2833 766 2891 Jerusalem
803 2834 1195 2901 festinantium,
1229 2837 1386 2909 quasi
1432 2836 1572 2892 ﬁlios
1628 2851 1757 2892 suos
1791 2846 1844 2892 ct
1887 2835 2026 2889 ﬁlias

470 2939 599 2979 suas
645 2925 702 2979 in
745 2925 985 2981 humeris
1026 2926 1378 2995 portantium,
1426 2933 1479 2981 et
1521 2926 1809 2982 ferentium
1862 2938 2028 2994 super

467 3030 676 3087 genua,
730 3024 789 3071 ut
834 3033 956 3071 cum
998 3019 1066 3072 iis
1114 3018 1536 3072 communicent.
1617 3018 1826 3072 Cuncta
1878 3018 2023 3072 enim

2131 551 2307 603 πᾶσαν
2345 549 2686 621 ἀνθρωπίνην
2716 549 3016 622 συνήθειαν,
3055 552 3112 605 ἐν
3151 550 3421 623 ἀκαριαίῳ
3464 551 3687 623 διαστή-

2133 656 2262 711 ματι
2293 640 2478 713 ὥσπερ
2506 641 2599 694 ἐπὶ
2636 641 2802 695 πολὺν
2829 642 3017 713 χρόνον
3053 642 3369 713 κάμνοντες,
3411 640 3689 712 σωτηρίαν

2129 731 2541 803 καρπώσασθαι.
2576 732 3006 804 Τελεσθήσεσθαι
3049 733 3106 787 δέ
3140 733 3278 787 αὑτά
3319 731 3691 804 ἐπηγγέλλετο

2128 822 2220 874 ἐπὶ
2251 822 2351 893 τῆς
2376 822 2745 894 Ἰερουσαλὴμ,
2776 826 2833 878 ἐν
2856 823 3021 895 ὀλίγῳ
3047 823 3532 895 ἀπολαμϐανούσης
3556 823 3690 885 τοὺς

2126 914 2418 984 οἰκήτορας
2448 914 2542 967 καὶ
2580 913 2727 969 ἅπαν
2756 915 2817 968 τὸ
2847 915 3018 979 ἔθνος.

2201 1004 2275 1056 Οὐ
2326 1004 2482 1075 μόνον
2523 1004 2651 1075 γὰρ,
2695 1006 2788 1059 ἐὰν
2830 1006 3197 1077 ἐπιστραφῆτε
3250 1005 3343 1058 ἐπὶ
3381 1006 3473 1059 τὸν
3510 1005 3690 1072 Θεὸν,

2129 1094 2355 1167 ταχίστη
2398 1094 2548 1149 ἐσται
2594 1095 2746 1166 ὑμῶν
2799 1098 2831 1167 ἡ
2864 1096 3183 1168 ἀντίληψις,
3224 1097 3323 1149 οὐκ
3350 1099 3430 1159 είς
3477 1098 3690 1166 χρόνων

2129 1185 2373 1256 περίοδον
2419 1186 2841 1258 ὑπερτιθεμένου
2873 1189 2966 1242 τοῦ
3021 1187 3193 1253 Θεοῦ,
3240 1187 3353 1241 ἀλλ’
3406 1187 3534 1241 εὐθὺ
3589 1186 3689 1240 καὶ

2129 1278 2382 1350 παραχρῆ
2391 1296 2466 1348 μα
2520 1279 2735 1333 πάντων
2785 1280 3152 1351 ἁπανταχόθεν
3209 1278 3692 1350 ἐπισυναγομένων

2127 1369 2219 1422 ἐπὶ
2257 1371 2353 1441 τὴν
2380 1371 2762 1443 Ἰερουσαλήμ·
2804 1372 2864 1425 οὺ
2908 1372 3436 1444 στενοχωρηθήσεται
3480 1372 3549 1423 τά
3583 1369 3691 1438 τῆς

2126 1461 2456 1529 ἐπαγγελίας
2512 1462 2586 1535 μὴ
2636 1463 2988 1534 βουλομένων,
3044 1465 3178 1536 μηδὲ
3228 1464 3649 1517 ὑπακουσάντων
3670 1476 3687 1489 ·

2126 1553 2538 1625 πληρωθήσεται
2565 1555 2622 1609 δὲ
2653 1557 2730 1619 εἰς
2756 1555 2824 1609 τὰ
2851 1555 2999 1627 ἔθνη,
3022 1556 3227 1610 τούτων
3258 1556 3356 1627 μὲν
3386 1553 3694 1609 ἀποϐαλλο-

2129 1645 2305 1715 μένων
2331 1647 2430 1717 τῆς
2461 1647 2803 1720 οίκειότητος,
2834 1647 3257 1719 εἰσποιουμένων
3300 1646 3359 1700 δὲ
3384 1645 3492 1698 τῶν
3512 1642 3691 1697 ἐθνῶν

2127 1741 2206 1803 είς
2238 1738 2337 1810 τὴν
2381 1740 2696 1811 ἐπουράνιον
2732 1740 3115 1813 Ἰερουσαλὴμ,
3159 1739 3546 1809 ἐπεγνωκότων
3591 1737 3692 1790 τὸν

2127 1831 2334 1885 ἑαυτῶν
2365 1831 2495 1885 Θεόν
2525 1849 2584 1885 τε
2611 1834 2705 1886 καὶ
2726 1834 2973 1906 Σωτῆρα,
3006 1834 3097 1887 καὶ
3127 1832 3571 1904 μετανοησάντων
3592 1830 3689 1883 ἐπι

2125 1924 2190 1994 τῇ
2223 1923 2462 1996 προτέρᾳ
2510 1923 2705 1997 πλάνῃ.
2748 1926 2805 1979 '0
2842 1926 2899 1979 δὲ
2942 1925 3151 1998 Ἰσραὴλ
3202 1924 3471 1996 ἀγνώμων
3508 1926 3687 1978 ἁπαν-

2125 2014 2288 2085 ταχοῦ
2304 2031 2317 2044 ⁸
2346 2017 2439 2069 καὶ
2467 2016 2574 2088 γὰρ
2596 2018 2815 2081 ἐλπίδας
2844 2019 3024 2082 αὑτοῖς
3045 2018 3252 2087 ἀγαθὰς
3275 2016 3688 2087 ὑπογράψαντος

2124 2103 2218 2157 τοῦ
2243 2104 2396 2170 Θεοῦ,
2412 2104 2600 2175 ἔμενον
2637 2106 2980 2178 ἀντίστροφοι
3000 2124 3013 2137 ·
3048 2109 3185 2178 μήτε
3220 2106 3377 2160 τοῦτο
3396 2104 3533 2160 κατά
3556 2104 3686 2157 νοῦν

2124 2194 2394 2260 λαϐόντες,
2426 2197 2507 2249 ὅτι
2537 2198 2569 2268 ἡ
2605 2197 2701 2268 μέν
2722 2214 2803 2261 τις
2825 2199 2959 2269 γυνὴ
2988 2197 3255 2262 πολύπαις
3287 2197 3680 2260 ἀναδείκνυται,

2124 2292 2157 2360 ὴ
2186 2289 2242 2342 δέ
2268 2306 2348 2352 τις
2394 2289 2596 2361 ἕρημος
2626 2291 2828 2346 παίδων
2849 2309 2861 2322 ·
2887 2291 2984 2344 τοῦ
3026 2292 3293 2344 Δεσπότου
3320 2289 3427 2342 τῶν
3467 2288 3685 2357 φύσεων

2125 2363 2261 2452 πρὸς
2287 2382 2346 2433 τὸ
2388 2381 2577 2434 ἑαυτοῦ
2621 2380 2794 2453 νεῦμα
2842 2384 3065 2452 ἄγοντος
3107 2383 3342 2454 ἑκάστην
3371 2383 3558 2452 φύσιν·
3586 2381 3685 2433 καὶ

2124 2460 2221 2542 τῆν
2254 2470 2353 2542 μέν
2377 2488 2495 2525 τινα
2519 2470 2705 2544 ὥσπερ
2726 2474 2826 2544 γῆν
2848 2473 3118 2545 εὔκαρπον
3147 2473 3553 2543 ἀποφαίνοντος,
3583 2472 3691 2543 τὴν

2124 2561 2180 2614 δὲ
2211 2562 2405 2633 ἄγονον
2433 2564 2526 2616 καὶ
2554 2565 2789 2636 στείραν.

2193 2651 2315 2706 Τῶν
2363 2655 2444 2717 είς
2482 2655 2649 2726 αὐτὴν
2690 2656 3021 2727 πανταχόθεν
3051 2656 3411 2729 συρρεόντων·
3444 2655 3543 2726 τὴν
3572 2655 3691 2727 γάρ

2123 2747 2278 2813 δόξαν
2317 2747 2425 2800 τῶν
2468 2747 2633 2801 ἐθνῶν
2667 2752 2931 2820 χαριεῖται
2973 2749 3152 2815 αὐτοῖς
3185 2751 3265 2813 εἰς
3315 2748 3479 2819 αὐτὴν
3509 2764 3686 2799 σπευ-

2122 2838 2345 2904 δόντων,
2395 2838 2470 2902 ὼς
2507 2840 2630 2903 τοὺς
2670 2841 2817 2903 υἱοὺς
2868 2839 3034 2911 αὐτῆς
3066 2840 3174 2894 ,καὶ¹
3228 2839 3328 2902 τὰς
3372 2839 3686 2911 θυγατέρας

2123 2929 2210 2980 ἐπ’
2232 2928 2398 3000 ὤμων
2425 2929 2607 3001 φέρειν
2635 2930 2714 2994 είς
2748 2930 2844 3001 τὴν
2873 2929 3243 3002 Ἰερουσαλὴμ,
3270 2916 3363 2983 xiii.
3393 2929 3485 2982 ἐπὶ
3517 2929 3688 2997 γονά-

2120 3036 2229 3074 των
2266 3021 2449 3094 φέρειν
2478 3023 2694 3087 αὐτοὺς,
2739 3022 3164 3094 μεταδιώκοντας
3193 3024 3290 3094 τὴν
3322 3021 3460 3092 πρὸς
3484 3021 3686 3085 αὐτοὺς

471 3109 727 3179 ρταξὺεὺὶι
752 3109 832 3165 eis
858 3108 1000 3166 Deus
1036 3108 1275 3179 adjutor,
1317 3110 1508 3165 matris
1546 3111 1613 3165 ad
1642 3123 1890 3165 normam
1926 3109 2023 3164 bo-

2124 3112 2402 3166 κοινωνίαν
2422 3131 2435 3143 ·
2472 3116 2503 3185 ή
2541 3115 2650 3186 γὰρ
2681 3116 2760 3178 εἰς
2787 3116 2980 3179 αὐτοὺς
3010 3116 3148 3186 ῥοπὴ
3178 3114 3270 3167 τοῦ
3297 3113 3428 3167 Θεοῦ
3454 3112 3685 3184 παρέξει

468 3217 552 3257 na
581 3202 647 3258 de
677 3204 818 3258 natis
842 3203 957 3258 suis
982 3216 1167 3257 curam
1191 3201 1446 3273 gerentis.

544 3385 702 3439 Vens.
753 3383 839 3439 15.
884 3382 1015 3448 Qua:
1042 3382 1281 3451 reperies
1331 3380 1576 3436 historiis
1625 3378 2019 3449 comprobata;

468 3474 768 3547 praesertim
806 3488 937 3526 vero
971 3473 1288 3526 narratione
1314 3487 1495 3526 rerum
1545 3486 1692 3525 nunc
1734 3469 1877 3541 apud
1919 3485 2020 3526 nos

468 3573 590 3637 post
622 3565 908 3621 adventum
948 3561 1241 3619 Salvatoris
1283 3563 1455 3618 nostri
1476 3570 1770 3633 gestarum.
1817 3561 2022 3618 Idcirco

467 3659 535 3712 ad
571 3672 753 3713 veram
795 3655 1095 3713 Jerusalem
1139 3654 1440 3720 tendimus,
1491 3661 1545 3709 et
1588 3669 1747 3709 veros
1788 3652 2019 3711 Judaaos

465 3758 745 3821 portamus
775 3765 937 3821 super
970 3750 1227 3804 humeros
1260 3764 1324 3803 ac
1359 3763 1535 3818 genua
1581 3748 1849 3814 ferentes;
1894 3761 2018 3801 cum

464 3843 610 3898 enim
656 3844 709 3898 in
760 3844 1009 3898 manibus
1063 3842 1253 3897 beatos
1305 3841 1598 3912 prophetas
1644 3840 1927 3904 habemus,
1967 3846 2021 3893 et

467 3935 685 3988 illorum
733 3934 890 3989 libris
932 3933 1298 4000 occurrimus,
1343 3933 1445 4003 ipsi
1499 3948 1718 4003 quoque
1763 3932 1819 3986 in
1852 3930 2020 3986 Deum

465 4027 739 4081 Abraham
792 4034 844 4081 et
890 4034 1206 4081 caeterorum
1263 4034 1478 4095 patrum
1534 4039 1870 4094 speramus;
1910 4038 2022 4094 prie

464 4117 657 4186 primis
679 4132 807 4171 vero
838 4117 1007 4172 libros
1040 4116 1301 4172 habentes
1339 4131 1369 4169 a
1400 4116 1573 4170 beatis
1602 4114 1863 4185 apostolis
1898 4119 2020 4183 post

466 4209 799 4263 Salvatorem
841 4217 1085 4265 nostrum
1129 4208 1470 4278 conscriptos
1513 4216 1566 4262 et
1597 4222 1691 4261 eos
1737 4208 1792 4261 in
1831 4206 2022 4260 hume-

466 4300 543 4356 ris
594 4308 903 4371 portantes,
940 4315 1005 4353 ac
1048 4299 1115 4353 de
1149 4300 1257 4355 illis
1294 4300 1537 4371 symbola
1580 4299 1771 4355 salutis
1818 4306 2019 4353 nostrae

466 4393 800 4460 haurientes,
824 4405 934 4462 quo
971 4398 1129 4459 pacto
1157 4405 1266 4445 non
1316 4408 1439 4447 vere
1489 4407 1645 4446 veros
1681 4391 1821 4447 ﬁlios
1878 4405 2019 4445 vera:

2125 3201 2309 3264 αὐτοῖς
2337 3201 2569 3267 ἅπαντα,
2611 3202 2764 3273 δίκην
2802 3204 3004 3274 μητρὸς
3035 3203 3274 3274 χρηστῆς
3304 3203 3431 3273 περὶ
3463 3203 3525 3255 τὸ
3550 3202 3683 3255 ἴδιον

2122 3292 2309 3345 τέκνον
2337 3292 2747 3365 ἐνδεικνυμένης
2771 3296 2871 3366 τὴν
2901 3297 3096 3366 ἑαυτῆς
3126 3294 3446 3365 κηδεμονίαν

2191 3386 2300 3438 Καὶ
2329 3384 2499 3439 ταῦτα
2549 3387 2795 3458 εὑρήσεις
2825 3386 2995 3451 οὕτως
3037 3386 3225 3457 ἔχοντα
3266 3387 3355 3439 ἐπὶ
3401 3386 3498 3456 τῆς
3538 3388 3682 3438 ίστο-

2124 3477 2245 3549 ρίας
2265 3492 2279 3505 '
2313 3478 2373 3530 ού
2405 3478 2509 3548 μὴν
2544 3477 2680 3532 ἀλλὰ
2717 3479 2808 3531 καὶ
2833 3478 2936 3541 ἕως
2968 3480 3063 3550 τῆς
3086 3477 3242 3549 δεῦρο
3274 3478 3442 3540 οὕτως
3487 3476 3681 3547 ἔχοντα

2121 3567 2354 3621 τελεῖται
2375 3567 2503 3639 παρ’
2527 3569 2683 3640 ἡμῶν
2707 3569 2843 3640 μετά
2861 3571 2958 3641 τὴν
2989 3570 3289 3641 παρουσίαν
3308 3568 3401 3622 τοῦ
3429 3568 3677 3638 Σωτῆρος

2121 3657 2315 3730 ἡμῶνο
2358 3660 2438 3713 διὸ
2481 3661 2576 3713 καὶ⁹
2619 3661 2717 3731 τὴν
2763 3661 2977 3732 άληθῶς
3011 3662 3361 3733 Ἰερουσαλὴμ
3414 3659 3678 3732 μεταδιὼ-

2123 3769 2309 3823 κομεν,
2342 3754 2435 3806 καὶ
2466 3754 2589 3815 τοὺς
2633 3752 2845 3824 άληθῶς
2881 3752 3162 3817 Ἰουδαίους
3204 3751 3543 3823 βαστάζομεν
3585 3753 3682 3821 φέ-

2124 3859 2304 3914 ροντες
2334 3843 2420 3895 ἐπ’
2450 3841 2613 3915 ὤμων
2644 3844 2735 3896 καὶ
2757 3845 3014 3913 γονάτων.
3032 3846 3146 3898 Ὅτ’
3166 3844 3231 3897 ἂν
3249 3844 3304 3896 δὲ
3335 3842 3470 3914 μετά
3492 3846 3683 3913 χεῖρας

2086 3954 2089 3957 λ
2122 3934 2331 4005 ἔχωμεν
2359 3935 2484 3998 τοὺς
2509 3935 2807 4006 μακαρίους
2833 3937 3130 4006 προφήτας,
3148 3937 3242 3987 καὶ
3267 3934 3679 4003 ἐντυγχάνωμεν

2120 4030 2238 4091 ταῖς
2272 4027 2493 4081 ἐκείνων
2523 4027 2743 4098 βίϐλοις,
2777 4028 2870 4081 καὶ
2900 4030 2991 4081 ἐπὶ
3012 4029 3100 4081 τὸν
3131 4028 3261 4081 Θεὸν
3299 4026 3391 4080 τοῦ
3427 4027 3681 4097 Ἀϐραάμ

2121 4119 2215 4172 καὶ
2254 4119 2361 4174 τῶν
2414 4119 2644 4191 καθεξῆς
2675 4119 2923 4191 πατέρων
2959 4119 3276 4190 ἐλπίζομεν·
3329 4119 3409 4172 ἔτι
3444 4119 3550 4191 μὴν
3583 4136 3666 4173 κε

2118 4211 2245 4273 τοὺς
2271 4211 2569 4285 μακαρίους
2603 4211 2928 4275 ἀποστόλους
2963 4211 3099 4281 μετά
3129 4212 3219 4265 τὸν
3259 4211 3483 4282 Σωτῆρα
3515 4210 3679 4281 ἡμῶν

2120 4304 2543 4375 ἐπιφερομένους
2581 4303 2679 4367 τὰς
2726 4303 2902 4358 αὑτῶν
2936 4304 3147 4374 βίϐλους
3192 4303 3420 4372 ἔχοντες,
3459 4305 3554 4355 καὶ
3588 4306 3680 4355 ἐπ’

2120 4394 2284 4465 ὤμων
2311 4395 2478 4458 αὑτὰς
2515 4395 2887 4467 βαστάζοντες,
2913 4396 3007 4449 καὶ
3032 4398 3088 4448 ἐν
3121 4397 3307 4460 αὑταῖς
3335 4397 3404 4449 τὰ
3431 4395 3676 4466 σύμϐολα

462 4483 760 4539 Jerusalem
813 4497 976 4553 super
1006 4483 1261 4538 humeros
1292 4486 1551 4553 gerimus,
1601 4485 1913 4556 quicunque
1953 4485 2019 4541 de

2123 4486 2219 4556 τῆς
2253 4488 2519 4559 σωτηρίας
2548 4487 2702 4559 ἡμῶν
2738 4487 3015 4560 μαθόντες,
3035 4487 3151 4551 πῶς
3179 4489 3297 4557 οὐχὶ
3317 4487 3527 4559 άληθῶς
3548 4490 3677 4551 τοὺς

463 4575 714 4643 gentibus
747 4575 1106 4644 undequaque
1127 4588 1250 4627 cum
1288 4574 1377 4627 illa
1404 4576 1660 4647 conjungi
1691 4576 1930 4632 student.

2120 4576 2404 4647 ἀληθινοὺς
2437 4579 2583 4641 υἱοὺς
2614 4579 2711 4648 τῆς
2744 4577 2956 4650 άληθῶς
2992 4578 3364 4650 Ἰερουσαλὴμ,
3392 4578 3478 4630 ἐπ’
3508 4576 3675 4648 ὤμων

465 4664 841 4735 βαστάζοντες,
868 4668 916 4719 oi.
955 4667 1062 4721 ἀπὸ
1107 4666 1215 4719 τῶν
1247 4665 1414 4719 ἐθνῶν
1443 4667 1639 4730 πάντες
1681 4666 2017 4738 πανταχόθεν
2044 4667 2359 4723 σπεύδουσιν
2385 4669 2469 4719 ἐπ’
2501 4667 2668 4739 αὐτὴν
2700 4667 3056 4739 συναχθῆναι;

540 4754 698 4812 Vens.
745 4759 831 4813 M.
878 4758 1016 4815 Ossa
1054 4760 1461 4829 germinabunt,
1502 4759 1788 4830 pristinam
1848 4762 2019 4815 virtu-

462 4855 570 4904 tem
616 4849 923 4918 recipientia
971 4850 1126 4921 juxta
1171 4850 1518 4906 Dominicam
1588 4851 2013 4922 praedictionem;

461 4940 603 5010 quod
634 4940 796 4995 etiam
828 4942 894 4995 de
916 4942 1072 4998 beato
1103 4943 1351 4999 Ezechiel
1398 4943 1627 4998 historia
1659 4944 1845 5009 refert,
1876 4944 2015 5000 ossi-

461 5034 564 5088 bus
615 5031 786 5088 aridis
827 5033 1074 5090 excitatis
1118 5041 1172 5092 et
1226 5037 1370 5092 inter
1419 5052 1478 5092 se
1528 5046 1653 5108 apte
1698 5037 2018 5093 cohaerenti-

459 5127 561 5182 bus
593 5125 659 5179 ⁸⁷.

535 5219 691 5274 Vens.
729 5216 816 5275 15.
853 5216 978 5273 Haec
1012 5217 1215 5289 profert
1261 5229 1319 5275 ιιι
1340 5222 1562 5286 indicet,
1615 5220 1778 5293 quam
1827 5224 2015 5294 rapide

458 5310 719 5381 judicium
754 5310 1025 5366 facturum
1070 5310 1142 5366 sit
1182 5326 1305 5366 cum
1334 5312 1478 5370 Deus
1524 5329 1625 5370 nec
1654 5322 1895 5385 tempore
1931 5316 2016 5369 in-

459 5401 661 5472 digeat,
693 5416 795 5456 nec
828 5416 978 5455 mora
1003 5422 1016 5457 :
1043 5416 1151 5456 non
1192 5402 1335 5457 enim
1380 5413 1634 5460 externos
1664 5413 2012 5461 accusatores

459 5500 757 5563 exspectat,
790 5492 882 5564 qui
914 5495 1029 5563 ipse
1054 5502 1250 5549 cuncta
1282 5495 1433 5550 novit
1480 5506 1769 5568 antequam
1799 5499 2011 5566 ﬁerent,

459 5583 534 5640 uti
584 5583 786 5639 dictum
837 5594 921 5639 est
970 5602 983 5639 :
1051 5603 1068 5636 ι
1115 5584 1458 5655 lnoperatum
1527 5602 1702 5642 meum
1766 5589 2015 5646 viderunt

535 5752 790 5812 "Ezech.
819 5772 1021 5825 xxxv",
1056 5759 1120 5813 l2
1158 5774 1276 5833 sqq.

2189 4761 2300 4830 Τὴν
2338 4760 2470 4813 ίδίαν
2502 4761 2651 4832 ἰσχὺν
2686 4759 3019 4813 ἀναλαϐόντα
3048 4761 3187 4813 κατὰ
3228 4759 3324 4831 τὴν
3354 4758 3674 4828 δεσποτικὴν

2122 4850 2469 4919 ἐπαγγελίαν,
2492 4850 2669 4915 καθὼς
2698 4850 2843 4920 καὶὴ
2874 4851 3080 4921 ἱστορία
3100 4848 3190 4903 τοῦ
3226 4849 3492 4921 μακαρίου
3517 4846 3678 4911 Ἰεζε-

2121 4944 2244 5015 κιὴλ
2269 4945 2527 5017 περιέχει,
2559 4942 2982 5015 ἀνεγειρομένων
3009 4942 3116 4995 τῶν
3138 4941 3316 5011 ξηρῶν
3343 4940 3562 5005 ὀστέων,
3582 4941 3677 4993 καὶ

2120 5023 2604 5107 ἀπολαμϐανόντων
2629 5037 2727 5107 τὴν
2754 5034 3025 5106 σύμπηξιν
3056 5034 3149 5087 καὶ
3179 5032 3459 5104 ἁρμονίαν.

2191 5214 2374 5269 Ταῦτα
2404 5215 2836 5287 παραλαμϐάνει,
2852 5215 3025 5287 δηλῶν
3051 5215 3113 5268 τὸ
3141 5213 3275 5285 ταχὺ
3298 5212 3398 5283 τῆς
3418 5211 3671 5282 κρίσεως,

2120 5307 2179 5360 ού
2228 5306 2440 5377 χρόνου,
2472 5308 2531 5360 ού
2574 5306 2851 5377 διατριϐῆς
2892 5307 3145 5377 δεομένου
3195 5303 3329 5377 πρὸς
3386 5302 3544 5356 τοῦτο
3579 5300 3675 5356 τοῦ

2119 5398 2251 5453 Θεοῦ
2273 5416 2286 5430 ο
2313 5398 2436 5452 οὔτε
2476 5400 2585 5471 γὰρ
2618 5399 2810 5467 ἔξωθεν
2849 5400 3184 5471 κατηγόρους
3231 5398 3531 5470 περιμένει,
3562 5399 3676 5451 ἐπιο

2121 5487 2382 5557 στάμενος
2402 5490 2528 5561 πρὶν
2552 5489 2584 5559 ἢ
2609 5489 2703 5542 καὶ
2735 5489 2833 5560 τὴν
2862 5488 3059 5561 πρᾶξιν
3087 5491 3168 5553 εἰς
3194 5488 3351 5561 ἔργον
3388 5488 3516 5560 παρ’
3540 5486 3673 5558 ἐμοῦ

2121 5582 2469 5652 προχωρῆσαι
2495 5580 2635 5635 κατά
2666 5581 2725 5634 τὸ
2764 5581 3049 5654 εἰρημένον
3074 5600 3086 5612 ·
3122 5600 3141 5634 ι
3168 5581 3240 5634 Τὸ
3269 5562 3672 5653 ἀκατὲργαατόν
