4038 6288
344 356 482 410 15ῖῖ
1771 343 1837 398 ΙΝ
1867 343 1926 399 IS

2020 343 2122 399 ΚΜ.
3427 335 3562 390 1578

343 488 442 544 μου
476 466 613 524 εἶδον
657 469 706 521 οἱ
741 465 1004 537 ὀφθαλμοί
1039 479 1152 516 σου.
1177 481 1194 514 ι
1221 458 1555 530 Ἀναγκαίως
1586 457 1785 522 τοίνυν,
1809 462 1903 512 ἐκο

2020 458 2150 513 >ουιί
2201 456 2280 512 tui
2309 455 2375 509 ³⁸.
2421 472 2438 505 ι
2473 452 2664 508 Merito
2729 450 2898 522 igitur
2945 445 3264 505 rescindens
3305 450 3566 517 peccandi

341 538 555 617 κόπτων
593 558 685 611 τὸν
732 556 887 623 λόγον
937 551 1029 607 τοῦ
1071 551 1408 624 ἁμαρτάνειν
1429 587 1444 611 ,
1493 546 1906 620 παραλαμϐάνει

2020 549 2294 612 rationem,
2335 545 2626 617 procellam
2668 550 2722 598 et
2760 544 2938 614 ignem
2972 538 3222 610 suscipit,
3255 553 3418 609 quem
3453 540 3569 610 ipse

342 653 454 725 πῦρ
477 652 570 706 καὶ
603 649 911 716 καταιγίδα,
942 646 970 698 ὃ
1018 644 1182 707 αὐτὸς
1233 643 1462 697 ἀνάπτει
1491 643 1549 695 ἐν
1578 642 1697 705 ταῖς
1741 656 1910 695 συνει-

343 748 562 818 δήσεσιν
588 741 767 812 ἡμῶν.

413 837 488 889 Δι’
525 827 593 905 ἦς
618 829 868 902 ἐμφαίνει
899 825 1134 896 ψυχικὴν
1162 824 1403 889 κόλασιν,
1443 823 1535 878 καὶ
1572 823 1908 896 τραυματίας

343 924 559 980 ἔσεσθαι
605 921 829 982 πολλοὺς
868 919 1047 986 λέγει·
1083 917 1186 980 ἵνα,
1225 914 1310 968 διὰ
1342 916 1439 984 τῆς
1469 916 1639 984 ἀκοῆς
1683 915 1791 968 τῶν
1823 915 1909 967 δο-

346 1018 582 1072 κούντων
607 1012 754 1082 αύτῷ
785 1009 1030 1080 φοϐερῶν
1054 1003 1190 1060 εἶναι
1222 1006 1514 1072 παιδεύσας
1538 1008 1757 1074 αὐτοὺς,
1781 1007 1911 1060 ἀνα-

347 1112 562 1181 χαιτίσῃ
587 1105 694 1160 τῶν
717 1101 1150 1174 ἁμαρτημάτων.

417 1198 596 1252 Ταῦτα
637 1196 693 1249 δὲ
740 1193 1088 1266 προστίθησιν
1137 1195 1193 1246 ἐν
1253 1191 1439 1262 μέσῳ,
1469 1191 1530 1243 οὐ
1580 1190 1910 1262 κατηγορίαν

347 1289 525 1344 αὐτῶν
558 1288 715 1358 μόνον
756 1286 1120 1356 ἐνιστάμενος,
1145 1284 1276 1338 ἀλλὰ
1303 1285 1396 1338 καὶ
1427 1283 1698 1353 σωτηρίαν
1731 1284 1913 1344 αὐτοῖς

350 1378 619 1452 προξενῶν
648 1377 734 1432 διὰ
763 1376 856 1431 τοῦ
887 1377 1129 1447 ἐλέγχου,
1153 1376 1244 1428 ἐὰν
1272 1377 1603 1446 ἐπιστήσωσι
1633 1374 1723 1427 τὸν
1752 1371 1876 1426 νοῦν
1894 1386 1908 1400 ⁸

350 1473 442 1526 καὶ
479 1471 587 1542 γὰρ
635 1470 726 1523 τὸν
779 1468 882 1540 μῦν
930 1466 1225 1539 παρέλαϐε,
1270 1467 1376 1530 ἵνα,
1412 1465 1518 1520 κᾶν
1556 1463 1686 1533 γοῦν
1742 1461 1913 1526 οὕτως

350 1562 681 1624 αἰδεσθέντες
728 1561 788 1613 τὸ
843 1560 1080 1631 μυσαρὸν
1128 1559 1236 1611 τῶν
1292 1557 1572 1630 πράξεων,
1623 1553 1908 1625 ἀνακωχὴν

348 1655 558 1708 δώσωσι
590 1656 701 1717 τοῖς
724 1655 934 1715 κακοῖς.

422 1747 496 1800 Οὐ
535 1745 689 1816 μόνον
716 1743 771 1796 δὲ
796 1743 903 1795 τῶν
936 1741 1183 1813 φανερῶν
1215 1739 1466 1812 πράξεων
1498 1737 1676 1793 αὐτῶν
1695 1737 1911 1807 ἔλεγχον

350 1840 603 1902 ἐποιεῖτο,
627 1836 760 1890 ἀλλά
788 1837 878 1889 καὶ⁸
912 1834 1089 1888 αὐτῶν
1117 1833 1224 1886 τῶν
1260 1833 1441 1896 αὐτοῖς
1471 1829 1911 1902 κινηθησομένων

354 1929 539 1982 κακῶν
567 1927 837 1998 λογισμῶν
859 1944 872 1956 ·
907 1927 1041 1998 ὅπερ
1062 1924 1370 1994 ἀναγκαίως
1399 1925 1492 1978 καὶ
1513 1922 1792 1996 χρησίμως
1825 1919 1914 1973 ἐπὶ

353 2020 452 2087 τῆς
483 2016 659 2069 αὐτῶν
689 2013 1019 2077 λυσιτελείας
1049 2014 1241 2067 ἐποίει.
1261 2012 1540 2065 -Οὐκέτι
1582 2011 1680 2082 τὴν
1710 2009 1798 2063 διὰ
1828 2008 1914 2062 λό-

355 2124 464 2175 γων
488 2105 712 2176 ἀπειλὴν
748 2103 1086 2174 ποιούμενος,
1110 2102 1245 2156 ἀλλά
1264 2102 1360 2155 καὶ
1383 2099 1680 2172 παρουσίαν
1711 2099 1914 2152 οἰκείαν

353 2194 814 2265 ἐπαγγελλόμενος
829 2210 843 2221 ·
868 2193 1197 2264 πανταχόθεν
1221 2193 1328 2264 γὰρ
1349 2191 1427 2262 τῷ
1451 2193 1694 2261 Δεσπότῃ
1717 2189 1916 2253 σκοπὸς

358 2288 527 2367 σῶσαι
562 2288 650 2342 τὸν
674 2286 823 2347 λαὸν,
851 2286 945 2340 καὶ
979 2285 1169 2355 στῆσαι
1195 2285 1286 2338 τὸν
1319 2284 1475 2352 λόγον
1504 2281 1592 2337 τὸν
1617 2281 1751 2354 πρὸς
1790 2283 1915 2345 τοὺς

357 2380 599 2451 πατέρας
627 2377 988 2448 γεγενημένον
1009 2395 1022 2408 ·
1056 2377 1176 2431 ὃθεν
1203 2376 1298 2430 καὶ
1329 2375 1416 2429 διὰ
1453 2373 1790 2447 σκυθρωπῶν
1822 2374 1917 2427 καὶ

355 2472 605 2544 χρηστῶν
623 2470 796 2541 ὄψεων
824 2469 1093 2541 σωτηρίαν
1113 2470 1294 2533 αὐτοῖς
1319 2465 1784 2539 πραγματεύεται.
1807 2465 1918 2519 Καὶ

351 2565 478 2634 μετ’
517 2565 690 2633 ὀλίγα
717 2581 730 2592 '
761 2564 861 2617 Τὸν
895 2563 1054 2617 αὑτὸν
1083 2560 1280 2633 τρόπον
1311 2560 1403 2613 καὶ
1445 2556 1675 2611 ἐνταῦθα
1713 2558 1810 2628 τὴν
1840 2559 1919 2622 είς

356 2659 548 2722 αὐτοὺς
579 2657 865 2727 ἐπίσκεψιν
895 2655 1058 2710 αὐτοῦ
1091 2655 1225 2709 ἰδίαν
1263 2654 1561 2726 παρουσίαν
1604 2650 1766 2706 αὐτοῦ
1793 2670 1921 2706 κατ-

356 2748 638 2818 αγγέλλει,
686 2746 893 2818 δηλῶν,
919 2747 992 2810 ὡς
1022 2744 1328 2808 ἐπισυνάξει
1370 2742 1566 2805 αὐτοὺς
1592 2743 1659 2794 ἐκ
1707 2741 1920 2795 πάντων

353 2839 464 2892 τῶν
495 2838 659 2893 ἐθνῶν
677 2841 732 2892 ἐν
757 2833 837 2902 οἷς
863 2837 1297 2909 ἀνεστράφησαν,
1322 2836 1441 2888 ἐκεῖ
1461 2831 1792 2905 ἐκμαθόντες
1825 2833 1920 2886 καὶ⁹

357 2931 457 2994 τὰς
478 2930 726 2999 γλώσσας
750 2929 949 2984 αὐτῶν.

439 3023 675 3077 Ἐκεῖθεν
707 3022 762 3075 δὲ
809 3022 900 3075 καὶ⁸
937 3020 1062 3084 τοὺς
1096 3018 1394 3092 μακαρίους
1428 3019 1753 3083 ἀποστόλους
1787 3017 1924 3073 ἀπέ-

360 3116 534 3169 στειλε
585 3117 826 3186 κήρυκας
872 3113 991 3166 καθ’
1025 3114 1151 3183 ὅλης
1179 3114 1498 3184 οἰκουμένης
1531 3111 1924 3184 γενησομένους
1949 3141 1990 3198 C

359 3210 454 3263 ἀπ’
481 3208 662 3282 ἄκρων
686 3206 790 3270 ἓως
821 3206 1026 3277 ἄκρων.

431 3301 641 3353 Ἵππων
669 3298 762 3351 καὶ
784 3297 1018 3369 ἡμιόνων
1060 3298 1152 3350 καὶ
1181 3297 1462 3368 λαμπίνων
1500 3295 1798 3366 μέμνηται,
1828 3292 1926 3363 δη-

360 3393 469 3446 λῶν
507 3391 604 3463 τὴν
646 3391 755 3444 τῶν
805 3389 971 3443 ἐθνῶν
1020 3389 1303 3460 εὐθυμίαν,
1335 3390 1456 3459 ἥτις
1486 3385 1716 3460 πρώτως
1762 3384 1926 3456 ἐπλη-

367 3484 524 3558 ροῦτο
546 3484 757 3538 ἐπὶ-τοῦ
776 3483 1027 3554 εὐνούχου
1056 3483 1156 3553 τῆς
1194 3482 1476 3554 Κανδάκης
1507 3480 1839 3551 βασιλίσσης,
1867 3477 1925 3541 ὃς

362 3578 454 3632 τὸν
481 3577 740 3630 Φίλιππον
763 3575 954 3646 έφερεν
984 3575 1077 3628 ἐπὶ
1108 3574 1200 3627 τοῦ
1236 3575 1480 3646 ἅρματος
1512 3573 1702 3626 αὑτοῦ.

436 3670 630 3724 Οὐκέτι
670 3668 777 3740 γὰρ
819 3670 898 3732 είς
956 3667 1144 3720 τοῦτον
1191 3665 1654 3737 ἀπατηθήσονται,
1687 3665 1806 3718 οὐδὲ
1849 3663 1927 3735 τῷ

367 3763 555 3833 κόσμῳ
589 3759 762 3831 τούτῳ
803 3759 1266 3829 δελεασθήσονται,
1298 3758 1392 3810 καὶ
1429 3757 1502 3820 ὠς
1530 3755 1646 3827 Θεῷ
1698 3773 1929 3828 προσκυ-

365 3859 643 3931 νήσουσιν·
687 3855 821 3908 ἀλλὰ
855 3852 1420 3925 προσκολληθήσονται
1465 3849 1653 3922 Κυρίῳ
1683 3851 1760 3921 τῷ
1789 3849 1924 3918 Θεῷ,

365 3952 463 4015 τὰς
491 3949 780 4019 ἐνδελεχεῖς
806 3945 994 4009 θυσίας
1016 3944 1398 4015 προσάγοντες,
1423 3943 1608 3996 οὐκέτι
1637 3943 1814 4015 τρίτον
1834 3942 1926 3997 τοῦ

367 4037 608 4094 ἐνιαυτοῦ
637 4038 814 4108 μόνον,
847 4034 982 4088 ἀλλὰ
1016 4032 1136 4086 καθ’
1177 4032 1443 4103 ἑϐδομάδα
1490 4033 1582 4086 καὶ
1622 4035 1765 4105 μῆνα
1789 4049 1928 4104 ¹συν--

367 4130 738 4204 αθροιζόμενοι
770 4127 859 4180 ἐπὶ
890 4125 997 4179 τῶν
1026 4125 1197 4194 ἁγίων
1234 4123 1566 4196 ἐκκλησιῶν·
1599 4125 1656 4178 οὺ
1691 4126 1847 4197 μόνον
1873 4125 1928 4178 δὲ

366 4226 472 4290 ἕως
500 4223 687 4279 τούτου
720 4224 1025 4294 στήσονται,
1054 4219 1191 4273 ἀλλά
1217 4220 1432 4292 νύκτωρ
1454 4222 1548 4275 καὶ
1577 4221 1692 4292 μεθ’
1719 4221 1928 4292 ἡμέραν

366 4318 428 4371 οὐ
450 4315 742 4371 παύσονται
760 4312 858 4384 τὴν
885 4310 1248 4385 προσκύνησιν
1272 4311 1584 4382 ποιούμενοι
1604 4314 1682 4377 είς
1695 4313 1786 4368 τὸν
1809 4312 1932 4384 ἀλη-

370 4410 513 4464 θινὸν
544 4409 694 4463 Θεόν.

442 4503 562 4556 Τῶν
585 4497 1051 4570 ἐπισυναχθέντων
1076 4497 1244 4553 ἐθνῶν
1267 4498 1361 4553 ἐπὶ
1401 4499 1640 4565 Ἐζεκίου
1667 4497 1930 4570 βασιλέως
1961 4493 2004 4547 D

373 4595 488 4664 ἀμα
516 4591 594 4662 τῷ
639 4588 1001 4662 Σεναχηρείμ.
1033 4621 1104 4632 --
1131 4589 1315 4644 Ταῦτα
1352 4590 1410 4644 δὲ
1440 4589 1616 4645 πάντα
1657 4590 1934 4663 τρανωθή-

372 4699 522 4738 σεται
550 4683 608 4735 ἐν
632 4684 698 4753 τῇ
728 4679 1000 4752 παρουσίᾳ
1023 4679 1116 4733 τοῦ
1146 4681 1350 4753 Κυρίου
1375 4684 1441 4753 τῇ
1476 4681 1681 4754 φοϐερᾷ
1719 4682 1813 4736 καὶ
1852 4681 1936 4735 ἐν·

370 4773 505 4846 δόξῳ
521 4789 535 4805 ·
569 4775 658 4828 ὅτε
681 4771 742 4826 τὸ
763 4771 1136 4842 οίκουμενικὸν
1160 4771 1383 4844 θέατρον
1413 4777 1820 4845 συγκροτεῖται·
1847 4774 1934 4826 ὅτε

373 4868 571 4930 πάντες
599 4864 931 4935 πανταχόθεν
971 4863 1419 4936 συναχθήσονται·
1450 4865 1538 4919 ὅτε
1583 4866 1810 4929 ἕκαστος
1845 4882 1936 4920 κο-

375 4959 576 5029 μιεῖται
603 4956 738 5026 πρὸς
765 4955 800 5010 ἃ
827 4953 1060 5026 ἔπραξεν
1078 4971 1093 4986 ο
1122 4956 1210 5008 ὅτε
1241 4958 1268 5008 ό
1296 4955 1526 5009 ἑκάστου
1556 4954 1753 5027 κλῆρος
1776 4971 1935 5024 φανε-

376 5049 560 5121 ροῦται
579 5067 592 5079 ·
628 5051 715 5102 ὅτε
753 5048 970 5118 δψονται
999 5046 1213 5118 ἀληθῶς
1238 5047 1344 5101 τῶν
1368 5047 1830 5120 παραϐεϐηκότων
1856 5049 1935 5120 τῷ

375 5141 493 5212 Θεῷ
545 5140 637 5194 τὸν
681 5139 935 5211 σκώληκα
969 5141 1146 5195 αὐτῶν
1187 5139 1559 5210 ἀτελεύτητον,
1595 5140 1689 5194 καὶ
1734 5140 1794 5193 τὸ
1825 5139 1936 5212 πῦρ

375 5233 552 5286 αὐτῶν
585 5232 874 5286 ἄσϐεστον·
901 5233 1145 5286 τουτέστι
1189 5231 1250 5285 τὸ
1288 5232 1568 5303 κριτήριον
1595 5235 1693 5304 τῆς
1732 5233 1936 5298 οἰκείας

377 5323 555 5378 αὐτῶν
601 5324 973 5394 συνειδήσεως,
1007 5323 1035 5376 ὃ
1063 5324 1216 5394 δίκην
1259 5322 1538 5392 σκώληκος
1587 5323 1935 5396 ἀτελευτήτου

377 5413 435 5467 ἐν
468 5413 650 5477 αὐτοῖς
701 5413 1017 5468 ἐνειλεῖται·
1061 5415 1155 5469 καὶ
1209 5413 1534 5484 καταφλέξει
1582 5414 1775 5478 αὐτοὺς
1827 5415 1936 5487 πῦρ

379 5505 622 5574 ⁸πηγιιὶξον
649 5508 706 5559 ἐν
725 5507 903 5570 αὐτοῖς
919 5523 932 5536 ·
965 5507 1056 5560 καὶ
1081 5505 1289 5560 ἔσονται
1320 5506 1543 5578 φανεροὶ
1561 5509 1691 5561 πᾶσι
1712 5510 1821 5570 τοῖς
1843 5509 1938 5561 ἐπ-

379 5597 641 5666 εγνωκόσι
668 5600 758 5652 τὸν
787 5598 994 5653 ἑαυτῶν
1021 5599 1281 5670 δεσπότην
1313 5617 1371 5653 τε
1401 5600 1492 5654 καὶ
1512 5601 1758 5673 ποιητήν.

453 5750 498 5783 ³⁸
518 5748 661 5806 Psal.
693 5767 954 5820 cxxxvm,
990 5754 1072 5807 16.

2005 643 2061 697 ἱη
2087 638 2434 698 conscientiis
2464 635 2667 692 nostris
2699 632 2977 689 accendet.

2076 821 2239 880 Vens.
2277 821 2359 876 l6.
2396 819 2500 876 Per
2545 818 2782 889 gladium
2817 816 3086 888 signiﬁcat
3121 817 3398 887 spirituale
3422 814 3570 886 judi-

2007 915 2153 970 cium
2184 923 2236 969 et
2265 913 2468 968 multos
2497 911 2632 965 dicit
2680 925 2804 965 esse
2829 909 3217 975 vulnerandos,
3271 917 3331 963 ut
3370 907 3573 978 gravis-

2007 1006 2159 1061 simis
2189 1004 2349 1061 minis
2379 1003 2648 1070 deterriti,
2682 1018 2712 1056 a
2737 1002 2980 1072 peccatis
3008 1001 3287 1056 recedant.

2082 1179 2243 1235 Vnus.
2272 1179 2356 1231 l7.
2391 1175 2522 1243 Quae
2550 1177 2602 1231 in
2637 1175 2874 1231 medium
2909 1173 3086 1240 aiiert,
3139 1189 3247 1228 non
3276 1181 3484 1228 tantum
3511 1180 3574 1227 ut

2010 1287 2104 1328 eos
2166 1269 2566 1333 incriminetur,
2622 1266 2716 1322 sed
2768 1267 2930 1322 etiam
2988 1273 3044 1320 ut
3083 1265 3164 1321 eis
3221 1265 3449 1321 salutem
3486 1279 3574 1318 re-

2009 1361 2466 1434 prehensionibus
2490 1365 2776 1430 praeparet,
2811 1359 2858 1413 si
2887 1358 3026 1413 forte
3050 1364 3287 1412 mentem
3318 1354 3569 1410 intende-

2013 1460 2153 1508 rent.
2175 1451 2251 1506 De
2281 1466 2436 1505 mure
2470 1450 2558 1503 hic
2585 1450 2848 1518 loquitur,
2888 1453 2946 1501 ut
2975 1445 3058 1500 vel
3097 1445 3168 1498 ita
3197 1443 3572 1498 dedetestan-

2011 1542 2096 1599 dis
2115 1542 2374 1614 operibus
2406 1540 2520 1597 suis
2558 1540 2967 1605 erubescentes,
2996 1552 3023 1589 a
3047 1534 3202 1590 malis
3228 1542 3566 1589 revocentur.

2083 1699 2250 1755 Vens.
2291 1697 2378 1752 18.
2423 1693 2541 1750 Non
2577 1708 2740 1763 opera
2798 1690 2959 1746 modo
3001 1689 3180 1756 arguit
3227 1688 3572 1743 extrinsecus

1941 1803 1986 1863 Β
2015 1790 2354 1865 apparentia,
2393 1788 2487 1846 sed
2523 1788 2671 1858 ipsas
2711 1799 2928 1855 quoque
2965 1796 3163 1852 pravas
3195 1780 3390 1834 mentis
3419 1777 3569 1848 cogi-

2012 1888 2244 1941 tationes
2276 1903 2288 1939 :
2322 1882 2466 1954 quod
2515 1881 2709 1935 merito
2752 1888 2806 1935 et
2847 1877 3142 1933 salubriter
3179 1875 3246 1930 ad
3284 1875 3572 1929 utilitatem

2013 1985 2256 2034 nostram
2293 1977 2533 2044 praestat.
2563 1999 2634 2011 —-
2661 1967 2781 2022 Jam
2823 1983 2932 2022 non
2965 1966 3146 2022 verbis
3187 1965 3362 2019 minas
3395 1965 3573 2018 inten-

2013 2070 2111 2135 dit,
2155 2082 2308 2123 suam
2335 2078 2550 2135 quoque
2591 2062 2934 2132 praesentiam
2971 2056 3282 2112 annuntiat.
3323 2055 3425 2110 Per
3456 2070 3574 2110 om-

2014 2159 2105 2214 nia
2161 2157 2306 2211 enim
2348 2152 2529 2210 studet
2569 2150 2832 2207 Dominus
2888 2155 2949 2203 ut
2996 2148 3168 2204 salvet
3214 2145 3468 2216 populum
3521 2154 3575 2199 et

2017 2261 2320 2306 sermonem
2390 2243 2636 2316 perﬁciat
2685 2241 2752 2296 ad
2805 2247 2987 2311 patres
3049 2238 3317 2310 prolatum
3371 2254 3387 2290 :
3445 2234 3569 2290 ideo

2016 2349 2128 2394 tum
2161 2338 2325 2393 minis
2357 2352 2480 2392 cum
2513 2334 2801 2406 promissis
2845 2333 3074 2388 salutem
3114 2331 3248 2400 ipsis
3296 2335 3570 2399 operatur.

2018 2431 2086 2486 Et
2113 2430 2273 2501 paulo
2297 2438 2458 2500 post:
2490 2427 2691 2482 Eadem
2729 2424 2940 2480 ratione
2956 2423 3044 2476 hic
3078 2435 3294 2491 quoque
3323 2434 3475 2473 suam
3517 2418 3573 2472 in

2017 2540 2112 2580 eos
2142 2522 2556 2593 inspectionem,
2601 2519 2891 2572 adventum
2922 2529 3080 2569 suum
3124 2510 3436 2577 denuntiat;
3479 2509 3576 2563 de-

2018 2613 2235 2668 clarans
2279 2627 2340 2666 se
2381 2625 2476 2665 eos
2516 2608 2582 2663 de
2614 2605 2867 2663 omnibus
2909 2603 3162 2674 gentibus
3215 2606 3577 2672 congregatu-

2019 2719 2164 2768 rum,
2208 2703 2349 2757 inter
2375 2714 2512 2772 quas
2563 2697 2846 2770 degebant,
2879 2709 3108 2767 quarum
3155 2693 3318 2750 etiam
3363 2694 3577 2764 linguas

2020 2796 2310 2853 edisceban
2323 2831 2336 2850 .

2094 2990 2261 3050 Vens.
2285 2985 2558 3047 1971mm
2585 2997 2749 3045 etiam
2782 2993 2971 3043 beatos
3003 2986 3274 3056 apostolos
3317 2991 3581 3041 emistt't‘tt

2025 3096 2202 3144 tolum
2265 3092 2534 3140 terrarum
2585 3080 2770 3135 orbem
2839 3078 3186 3149 perlustrati,
3232 3075 3580 3148 Evangelium

2023 3180 2107 3235 vel
2139 3177 2195 3230 in
2222 3173 2481 3230 extremis
2509 3170 2826 3240 regionibus
2857 3169 3235 3239 praedicarent.

2093 3266 2260 3322 Vens.
2310 3264 2400 3318 20.
2458 3261 2557 3316 llic
2610 3275 2781 3331 equos
2832 3260 3148 3330 mulosque,
3197 3264 3252 3314 et
3305 3260 3582 3330 lampenas

2021 3366 2306 3422 memorat,
2342 3355 2593 3409 indicans
2647 3351 3099 3422 pmstantissimo
3147 3350 3328 3405 animo
3371 3350 3582 3407 futuras

2023 3458 2246 3523 gentes,
2296 3463 2454 3518 quem
2510 3446 2719 3516 primus
2759 3443 3004 3499 exhibuit
3053 3442 3342 3499 eunuchus
3384 3444 3582 3511 regina:

2021 3543 2319 3605 Candaces,
2351 3539 2443 3610 qui
2473 3537 2778 3606 Philippum
2809 3549 2976 3590 curru
3005 3550 3104 3590 suo
3132 3535 3300 3589 vexit.

2092 3634 2258 3689 Vens.
2288 3633 2380 3687 25.
2406 3632 2523 3686 Jam
2550 3645 2657 3683 non
2676 3628 2907 3698 amplius
2939 3627 3198 3683 errabunt
3225 3627 3372 3682 circa
3391 3627 3582 3684 Deum.

2023 3743 2125 3783 nec
2154 3725 2339 3780 mundi
2370 3723 2641 3778 illecebris
2685 3720 2851 3775 illecti
2916 3720 3020 3789 ipsi
3056 3729 3316 3789 tanquam
3350 3718 3462 3774 Deo
3500 3719 3585 3774 in-

2027 3819 2295 3882 servient;
2347 3815 2441 3871 sed
2485 3829 2606 3868 cum
2640 3810 2870 3868 Domino
2903 3808 3013 3867 Deo
3043 3811 3422 3882 conglutinati,
3453 3825 3584 3866 con-

2028 3913 2180 3966 tinuo
2207 3910 2257 3964 ei
2293 3906 2560 3965 sacriﬁcia
2597 3905 2860 3971 onerent;
2896 3904 3008 3974 jam
3049 3918 3159 3958 non
3211 3911 3295 3959 ter
3335 3903 3496 3959 modo
3527 3903 3581 3958 in

2027 4016 2258 4066 annum,
2298 3998 2393 4054 sed
2427 3999 2484 4053 in
2531 3997 2773 4067 singulos
2814 4010 3068 4062 menses,
3126 3995 3292 4065 inque
3343 3995 3584 4066 singulas

2026 4089 2389 4148 bebdomades
2419 4086 2896 4158 congregabuntur
2931 4085 2986 4139 in
3032 4093 3250 4141 sanctas
3294 4085 3580 4142 ecclesias.

2026 4181 2182 4249 Quin
2231 4179 2363 4244 imo,
2397 4177 2629 4233 ulterius
2671 4176 2834 4232 etiam
2879 4176 3176 4247 pregressi,
3228 4192 3331 4232 nec
3361 4176 3451 4233 die
3485 4192 3586 4232 nec

2027 4281 2190 4329 nocte
2223 4287 2253 4326 a
2286 4271 2436 4326 cultu
2465 4269 2578 4325 veri
2602 4268 2696 4325 Dei
2726 4269 3042 4325 cessabunt.

2099 4433 2266 4501 Vens.
2321 4443 2410 4498 24.
2476 4441 2755 4498 Cadavera
2828 4440 3087 4498 videbunt
3155 4443 3395 4514 gentium
3459 4457 3583 4498 cum

2033 4535 2405 4592 Sennacherib
2451 4533 2713 4590 adversus
2760 4549 2941 4604 regem
2977 4533 3258 4588 Ezechiam
3291 4548 3587 4608 congrega-

2036 4633 2234 4680 tarum.
2274 4656 2344 4665 —
2386 4624 2518 4690 Quae
2567 4629 2747 4679 autem
2789 4625 2969 4678 omnia
2998 4621 3495 4680 manifestabuntur
3531 4627 3586 4682 in

2032 4715 2306 4773 horrendo
2340 4722 2394 4771 et
2454 4715 2652 4769 illustri
2691 4714 2784 4769 Dei
2817 4714 3070 4777 adventu,
3112 4727 3254 4778 cum,
3287 4725 3588 4771 convocato

2034 4814 2406 4862 creaturarum
2448 4804 2694 4858 omnium
2736 4811 2901 4866 ccetu,
2941 4801 3194 4856 omnibus
3229 4802 3589 4876 undequaque

2035 4899 2299 4960 collectis,
2337 4897 2572 4968 quisque
2611 4909 2709 4966 pro
2770 4892 2982 4949 meritis
3045 4894 3160 4948 suis
3236 4895 3484 4966 accipiet,
3523 4912 3587 4951 ac

2036 5002 2156 5044 sors
2188 4986 2452 5055 cujusque
2489 4983 2788 5055 apparebit,
2815 4992 2868 5038 et
2901 4981 3159 5039 videbunt
3190 5000 3315 5041 vere
3348 5001 3585 5042 vermem

2034 5086 2380 5151 peccatorum
2400 5075 2778 5140 immortalem,
2804 5075 3086 5146 ignemque
3117 5091 3302 5132 eorum
3326 5077 3588 5133 inexstin-

2034 5169 2325 5242 guibilem;
2389 5167 2494 5221 hoc
2545 5173 2650 5229 est,
2705 5164 2968 5236 judicium
3026 5165 3411 5232 conscientiae,
3468 5181 3588 5236 quae

2035 5257 2180 5311 velut
2207 5255 2409 5310 vermis
2439 5254 2763 5309 immortalis
2795 5255 2851 5308 in
2872 5269 3062 5310 eorum
3096 5256 3276 5309 animo
3308 5263 3585 5325 vertetur;

2035 5355 2089 5403 et
2106 5346 2330 5402 torrebit
2359 5346 2522 5401 etiam
2547 5361 2644 5404 eos
2670 5347 2808 5418 ignis
2828 5362 2894 5402 ex
2917 5347 3049 5418 ipsis
3065 5347 3297 5411 elicitus,
3328 5355 3385 5402 et
3414 5351 3590 5403 omni-

2035 5441 2138 5497 bus
2193 5438 2598 5510 conspicientur
2661 5440 2753 5512 qui
2811 5439 3098 5498 Dominum
3148 5441 3590 5514 conditoremque

2038 5548 2194 5589 suum
2228 5540 2551 5604 agnoscunt.
