  <div class='ocr_page' id='page_1' title='image "/cluster/home/n/w/nwhite01/storage/ocr_20150623/18/umn.319510024773129/016.png"; bbox 0 0 4180 6458; ppageno 0'>
   <div class='ocr_carea' id='block_1_1' title="bbox 1960 307 1987 317">
    <p class='ocr_par' dir='ltr' id='par_1_1' title="bbox 1960 307 1987 317">
     <span class='ocr_line' id='line_1_1' title="bbox 1960 307 1987 317; baseline 0 -3"><span class='ocrx_word' id='word_1_1' title='bbox 1960 307 1987 317; x_wconf 63' lang='grc' dir='ltr'>ε.</span> 
     </span>
    </p>
   </div>
   <div class='ocr_carea' id='block_1_2' title="bbox 1996 305 2054 316">
    <p class='ocr_par' dir='ltr' id='par_1_2' title="bbox 1996 305 2054 316">
     <span class='ocr_line' id='line_1_2' title="bbox 1996 305 2054 316; baseline -0.034 0"><span class='ocrx_word' id='word_1_2' title='bbox 1996 305 2054 316; x_wconf 63' lang='grc' dir='ltr'><strong>μοι.</strong></span> 
     </span>
    </p>
   </div>
   <div class='ocr_carea' id='block_1_3' title="bbox 2141 305 2914 318">
    <p class='ocr_par' dir='ltr' id='par_1_3' title="bbox 2141 305 2914 318">
     <span class='ocr_line' id='line_1_3' title="bbox 2141 305 2914 318; baseline 0.005 -4"><span class='ocrx_word' id='word_1_3' title='bbox 2141 305 2914 318; x_wconf 47' lang='grc' dir='ltr'><strong>-.ρ-*Μ’*</strong></span> 
     </span>
    </p>
   </div>
   <div class='ocr_carea' id='block_1_4' title="bbox 330 345 1951 745">
    <p class='ocr_par' dir='ltr' id='par_1_4' title="bbox 330 345 1917 745">
     <span class='ocr_line' id='line_1_4' title="bbox 330 345 1917 745; baseline 0.001 -5"><span class='ocrx_word' id='word_1_4' title='bbox 330 513 1917 742; x_wconf 87' lang='lat' dir='ltr'><strong>APPENDIX</strong></span> 
     </span>
    </p>
   </div>
   <div class='ocr_carea' id='block_1_5' title="bbox 2060 345 3614 745">
    <p class='ocr_par' dir='ltr' id='par_1_5' title="bbox 2060 345 3614 744">
     <span class='ocr_line' id='line_1_5' title="bbox 2060 345 3614 744; baseline 0.001 -2"><span class='ocrx_word' id='word_1_5' title='bbox 2060 345 3614 744; x_wconf 48' lang='lat' dir='ltr'><strong>(mea.</strong></span> 
     </span>
    </p>
   </div>
   <div class='ocr_carea' id='block_1_6' title="bbox 373 889 3587 969">
    <p class='ocr_par' dir='ltr' id='par_1_6' title="bbox 373 889 3587 969">
     <span class='ocr_line' id='line_1_6' title="bbox 373 889 3587 969; baseline 0.002 -20"><span class='ocrx_word' id='word_1_6' title='bbox 373 889 802 955; x_wconf 80' lang='lat' dir='ltr'><strong>AUCTORES</strong></span> <span class='ocrx_word' id='word_1_7' title='bbox 833 893 934 954; x_wconf 88' lang='lat' dir='ltr'><strong>ET</strong></span> <span class='ocrx_word' id='word_1_8' title='bbox 968 893 1481 957; x_wconf 84' lang='lat' dir='ltr'><strong>MONUMENTA</strong></span> <span class='ocrx_word' id='word_1_9' title='bbox 1514 893 1673 955; x_wconf 89' lang='lat' dir='ltr'><strong>VEL</strong></span> <span class='ocrx_word' id='word_1_10' title='bbox 1703 893 2078 956; x_wconf 76' lang='lat' dir='ltr'><strong>INCERTE</strong></span> <span class='ocrx_word' id='word_1_11' title='bbox 2108 893 2448 969; x_wconf 68' lang='lat' dir='ltr'><strong>JETATIS,</strong></span> <span class='ocrx_word' id='word_1_12' title='bbox 2481 894 2638 956; x_wconf 85' lang='lat' dir='ltr'><strong>VEL</strong></span> <span class='ocrx_word' id='word_1_13' title='bbox 2667 893 2930 957; x_wconf 79' lang='lat' dir='ltr'><strong>DUBUE</strong></span> <span class='ocrx_word' id='word_1_14' title='bbox 2963 893 3587 968; x_wconf 84' lang='lat' dir='ltr'><strong>AUCTORITATIS,</strong></span> 
     </span>
    </p>
   </div>
   <div class='ocr_carea' id='block_1_7' title="bbox 819 1036 3148 1104">
    <p class='ocr_par' dir='ltr' id='par_1_7' title="bbox 819 1036 3148 1104">
     <span class='ocr_line' id='line_1_7' title="bbox 819 1036 3148 1104; baseline -0 -3"><span class='ocrx_word' id='word_1_15' title='bbox 819 1039 975 1102; x_wconf 85' lang='lat' dir='ltr'><strong>VEL</strong></span> <span class='ocrx_word' id='word_1_16' title='bbox 1018 1040 1352 1103; x_wconf 83' lang='lat' dir='ltr'><strong>TANTUM</strong></span> <span class='ocrx_word' id='word_1_17' title='bbox 1397 1036 1943 1104; x_wconf 84' lang='lat' dir='ltr'><strong>CONNEXIONIS</strong></span> <span class='ocrx_word' id='word_1_18' title='bbox 1986 1039 2242 1104; x_wconf 85' lang='lat' dir='ltr'><strong>CAUSA</strong></span> <span class='ocrx_word' id='word_1_19' title='bbox 2286 1039 2673 1102; x_wconf 81' lang='lat' dir='ltr'><strong>PATRIBUS</strong></span> <span class='ocrx_word' id='word_1_20' title='bbox 2717 1039 3148 1103; x_wconf 84' lang='lat' dir='ltr'><strong>ADJUNCTA.</strong></span> 
     </span>
    </p>
   </div>
   <div class='ocr_carea' id='block_1_8' title="bbox 1183 1206 2113 1263">
    <p class='ocr_par' dir='ltr' id='par_1_8' title="bbox 1183 1206 2113 1263">
     <span class='ocr_line' id='line_1_8' title="bbox 1183 1206 2113 1263; baseline -0.002 0"><span class='ocrx_word' id='word_1_21' title='bbox 1183 1206 2113 1263; x_wconf 72' lang='lat' dir='ltr'><strong>—-—————t&lt;mt&gt;r</strong></span> 
     </span>
    </p>
   </div>
   <div class='ocr_carea' id='block_1_9' title="bbox 1673 1407 2436 1456">
    <p class='ocr_par' dir='ltr' id='par_1_9' title="bbox 1673 1407 2436 1456">
     <span class='ocr_line' id='line_1_9' title="bbox 1673 1407 2436 1456; baseline -0.004 -1"><span class='ocrx_word' id='word_1_22' title='bbox 1673 1409 1840 1455; x_wconf 80' lang='lat' dir='ltr'><strong>ANNO</strong></span> <span class='ocrx_word' id='word_1_23' title='bbox 1874 1407 2109 1456; x_wconf 73' lang='lat' dir='ltr'><strong>DOMlNl</strong></span> <span class='ocrx_word' id='word_1_24' title='bbox 2140 1408 2436 1454; x_wconf 73' lang='lat' dir='ltr'><strong>CCCXCIX.</strong></span> 
     </span>
    </p>
   </div>
   <div class='ocr_carea' id='block_1_10' title="bbox 766 1554 3222 1728">
    <p class='ocr_par' dir='ltr' id='par_1_10' title="bbox 766 1554 3222 1728">
     <span class='ocr_line' id='line_1_10' title="bbox 766 1554 3222 1728; baseline -0.004 -4"><span class='ocrx_word' id='word_1_25' title='bbox 766 1559 1840 1728; x_wconf 80' lang='lat' dir='ltr'><strong>SANCTUS</strong></span> <span class='ocrx_word' id='word_1_26' title='bbox 1972 1554 3222 1716; x_wconf 77' lang='lat' dir='ltr'><strong>MARTINUS</strong></span> 
     </span>
    </p>
   </div>
   <div class='ocr_carea' id='block_1_11' title="bbox 1242 1819 2725 1909">
    <p class='ocr_par' dir='ltr' id='par_1_11' title="bbox 1242 1819 2725 1909">
     <span class='ocr_line' id='line_1_11' title="bbox 1242 1819 2725 1909; baseline -0.006 0"><span class='ocrx_word' id='word_1_27' title='bbox 1242 1820 1885 1909; x_wconf 88' lang='lat' dir='ltr'><strong>EPISCOPUS</strong></span> <span class='ocrx_word' id='word_1_28' title='bbox 1955 1819 2725 1905; x_wconf 81' lang='lat' dir='ltr'><strong>TURONENSIS.</strong></span> 
     </span>
    </p>
   </div>
   <div class='ocr_carea' id='block_1_12' title="bbox 1431 2003 2556 2073">
    <p class='ocr_par' dir='ltr' id='par_1_12' title="bbox 1431 2003 2556 2073">
     <span class='ocr_line' id='line_1_12' title="bbox 1431 2003 2556 2073; baseline -0.004 -13"><span class='ocrx_word' id='word_1_29' title='bbox 1431 2009 1528 2073; x_wconf 85' lang='lat' dir='ltr'><strong>(Ex</strong></span> <span class='ocrx_word' id='word_1_30' title='bbox 1553 2008 1775 2060; x_wconf 84' lang='lat' dir='ltr'><strong>Galland.</strong></span> <span class='ocrx_word' id='word_1_31' title='bbox 1803 2006 1916 2059; x_wconf 83' lang='lat' dir='ltr'><strong>Vet.</strong></span> <span class='ocrx_word' id='word_1_32' title='bbox 1944 2006 2078 2056; x_wconf 85' lang='lat' dir='ltr'><strong>Patr.</strong></span> <span class='ocrx_word' id='word_1_33' title='bbox 2104 2003 2338 2056; x_wconf 86' lang='lat' dir='ltr'><strong>Bibliotb.</strong></span> <span class='ocrx_word' id='word_1_34' title='bbox 2359 2011 2398 2056; x_wconf 86' lang='lat' dir='ltr'><strong>t.</strong></span> <span class='ocrx_word' id='word_1_35' title='bbox 2421 2003 2556 2070; x_wconf 80' lang='lat' dir='ltr'><strong>VII.)</strong></span> 
     </span>
    </p>
   </div>
   <div class='ocr_carea' id='block_1_13' title="bbox 1870 2163 2133 2181">
    <p class='ocr_par' dir='ltr' id='par_1_13' title="bbox 1870 2163 2133 2181">
     <span class='ocr_line' id='line_1_13' title="bbox 1870 2163 2133 2181; baseline 0.015 -4"><span class='ocrx_word' id='word_1_36' title='bbox 1870 2163 2133 2181; x_wconf 42' lang='grc' dir='ltr'><strong>ξ</strong></span> 
     </span>
    </p>
   </div>
   <div class='ocr_carea' id='block_1_14' title="bbox 1569 2295 2404 2371">
    <p class='ocr_par' dir='ltr' id='par_1_14' title="bbox 1569 2295 2404 2371">
     <span class='ocr_line' id='line_1_14' title="bbox 1569 2295 2404 2371; baseline 0.005 -4"><span class='ocrx_word' id='word_1_37' title='bbox 1569 2295 2376 2371; x_wconf 83' lang='lat' dir='ltr'><strong>PROLEGOMENA</strong></span> <span class='ocrx_word' id='word_1_38' title='bbox 2392 2359 2404 2371; x_wconf 89' lang='lat'><strong>.</strong></span> 
     </span>
    </p>
   </div>
   <div class='ocr_carea' id='block_1_15' title="bbox 415 2652 3652 2739">
    <p class='ocr_par' dir='ltr' id='par_1_15' title="bbox 415 2652 3652 2739">
     <span class='ocr_line' id='line_1_15' title="bbox 415 2652 3652 2739; baseline -0.001 -24"><span class='ocrx_word' id='word_1_39' title='bbox 415 2660 458 2715; x_wconf 87' lang='lat'><strong>1.</strong></span> <span class='ocrx_word' id='word_1_40' title='bbox 491 2659 607 2715; x_wconf 80' lang='lat' dir='ltr'><strong>Non</strong></span> <span class='ocrx_word' id='word_1_41' title='bbox 639 2666 850 2716; x_wconf 85' lang='lat' dir='ltr'><strong>tantum</strong></span> <span class='ocrx_word' id='word_1_42' title='bbox 878 2659 1005 2713; x_wconf 74' lang='lat' dir='ltr'><strong>vita:</strong></span> <span class='ocrx_word' id='word_1_43' title='bbox 1036 2655 1358 2722; x_wconf 93' lang='lat' dir='ltr'><strong>sanctitate,</strong></span> <span class='ocrx_word' id='word_1_44' title='bbox 1400 2669 1593 2711; x_wconf 86' lang='lat' dir='ltr'><strong>verum</strong></span> <span class='ocrx_word' id='word_1_45' title='bbox 1633 2654 1794 2710; x_wconf 89' lang='lat' dir='ltr'><strong>etiam</strong></span> <span class='ocrx_word' id='word_1_46' title='bbox 1811 2653 1942 2709; x_wconf 52' lang='lat' dir='ltr'><strong>doc.</strong></span> <span class='ocrx_word' id='word_1_47' title='bbox 1972 2661 2028 2720; x_wconf 75' lang='grc' dir='ltr'>Α</span> <span class='ocrx_word' id='word_1_48' title='bbox 2049 2652 2128 2708; x_wconf 92' lang='lat' dir='ltr'><strong>De</strong></span> <span class='ocrx_word' id='word_1_49' title='bbox 2158 2667 2225 2709; x_wconf 93' lang='lat' dir='ltr'><strong>eo</strong></span> <span class='ocrx_word' id='word_1_50' title='bbox 2255 2661 2437 2708; x_wconf 87' lang='lat' dir='ltr'><strong>autem</strong></span> <span class='ocrx_word' id='word_1_51' title='bbox 2473 2655 2588 2710; x_wconf 67' lang='lat' dir='ltr'><strong>hmo</strong></span> <span class='ocrx_word' id='word_1_52' title='bbox 2617 2655 2780 2710; x_wconf 83' lang='lat' dir='ltr'><strong>habet</strong></span> <span class='ocrx_word' id='word_1_53' title='bbox 2805 2657 3166 2715; x_wconf 86' lang='lat' dir='ltr'><strong>Combefislus</strong></span> <span class='ocrx_word' id='word_1_54' title='bbox 3195 2665 3264 2733; x_wconf 81' lang='grc' dir='ltr'><strong>(ε)</strong></span> <span class='ocrx_word' id='word_1_55' title='bbox 3294 2681 3304 2716; x_wconf 91' lang='lat'>:</span> <span class='ocrx_word' id='word_1_56' title='bbox 3341 2682 3359 2716; x_wconf 74' lang='grc' dir='ltr'><strong><em>ι</em></strong></span> <span class='ocrx_word' id='word_1_57' title='bbox 3402 2666 3652 2739; x_wconf 78' lang='lat' dir='ltr'><strong>Exserip.</strong></span> 
     </span>
    </p>
   </div>
   <div class='ocr_carea' id='block_1_16' title="bbox 345 2750 3649 2834">
    <p class='ocr_par' dir='ltr' id='par_1_16' title="bbox 345 2750 3649 2834">
     <span class='ocr_line' id='line_1_16' title="bbox 345 2750 3649 2834; baseline 0 -21"><span class='ocrx_word' id='word_1_58' title='bbox 345 2759 506 2814; x_wconf 60' lang='lat' dir='ltr'><strong>trinas</strong></span> <span class='ocrx_word' id='word_1_59' title='bbox 535 2755 699 2816; x_wconf 75' lang='lat' dir='ltr'><strong>laude</strong></span> <span class='ocrx_word' id='word_1_60' title='bbox 729 2754 1240 2827; x_wconf 67' lang='lat' dir='ltr'><strong>praestantissimum</strong></span> <span class='ocrx_word' id='word_1_61' title='bbox 1272 2752 1442 2808; x_wconf 89' lang='lat' dir='ltr'><strong>fuisse</strong></span> <span class='ocrx_word' id='word_1_62' title='bbox 1489 2752 1708 2808; x_wconf 85' lang='lat' dir='ltr'><strong>beatum</strong></span> <span class='ocrx_word' id='word_1_63' title='bbox 1741 2752 1946 2807; x_wconf 74' lang='grc' dir='ltr'><strong>ΜΑιιτι-</strong></span> <span class='ocrx_word' id='word_1_64' title='bbox 2050 2761 2264 2814; x_wconf 83' lang='lat' dir='ltr'><strong>seram,</strong></span> <span class='ocrx_word' id='word_1_65' title='bbox 2298 2750 2504 2819; x_wconf 82' lang='lat' dir='ltr'><strong>inquit,</strong></span> <span class='ocrx_word' id='word_1_66' title='bbox 2551 2765 2863 2807; x_wconf 85' lang='lat' dir='ltr'><strong>sermonem</strong></span> <span class='ocrx_word' id='word_1_67' title='bbox 2903 2755 2967 2808; x_wconf 87' lang='lat' dir='ltr'><strong>de</strong></span> <span class='ocrx_word' id='word_1_68' title='bbox 2998 2766 3180 2810; x_wconf 83' lang='lat' dir='ltr'><strong>sancta</strong></span> <span class='ocrx_word' id='word_1_69' title='bbox 3215 2756 3499 2829; x_wconf 74' lang='lat' dir='ltr'><strong>Trinitate,</strong></span> <span class='ocrx_word' id='word_1_70' title='bbox 3530 2766 3649 2834; x_wconf 81' lang='lat' dir='ltr'><strong>ejus</strong></span> 
     </span>
    </p>
   </div>
   <div class='ocr_carea' id='block_1_17' title="bbox 345 2847 1947 2914">
    <p class='ocr_par' dir='ltr' id='par_1_17' title="bbox 345 2847 1947 2914">
     <span class='ocr_line' id='line_1_17' title="bbox 345 2847 1947 2914; baseline -0.004 -6"><span class='ocrx_word' id='word_1_71' title='bbox 345 2865 454 2908; x_wconf 65' lang='grc' dir='ltr'>ω</span> <span class='ocrx_word' id='word_1_72' title='bbox 484 2851 740 2907; x_wconf 69' lang='lat' dir='ltr'><strong>ecctesiz</strong></span> <span class='ocrx_word' id='word_1_73' title='bbox 765 2848 1053 2906; x_wconf 66' lang='lat' dir='ltr'><strong>Turonicaa</strong></span> <span class='ocrx_word' id='word_1_74' title='bbox 1097 2849 1434 2914; x_wconf 88' lang='lat' dir='ltr'><strong>antistitem,</strong></span> <span class='ocrx_word' id='word_1_75' title='bbox 1485 2847 1788 2903; x_wconf 89' lang='lat' dir='ltr'><strong>luculenter</strong></span> <span class='ocrx_word' id='word_1_76' title='bbox 1815 2849 1947 2901; x_wconf 88' lang='lat' dir='ltr'><strong>satis</strong></span> 
     </span>
    </p>
   </div>
   <div class='ocr_carea' id='block_1_18' title="bbox 345 2939 1941 3014">
    <p class='ocr_par' dir='ltr' id='par_1_18' title="bbox 345 2939 1941 3014">
     <span class='ocr_line' id='line_1_18' title="bbox 345 2939 1941 3014; baseline -0.003 -16"><span class='ocrx_word' id='word_1_77' title='bbox 345 2952 583 2999; x_wconf 90' lang='lat' dir='ltr'><strong>testatur</strong></span> <span class='ocrx_word' id='word_1_78' title='bbox 622 2943 713 3014; x_wconf 87' lang='lat' dir='ltr'><strong>qui</strong></span> <span class='ocrx_word' id='word_1_79' title='bbox 751 2957 876 2998; x_wconf 89' lang='lat' dir='ltr'><strong>eum</strong></span> <span class='ocrx_word' id='word_1_80' title='bbox 922 2941 1094 3013; x_wconf 85' lang='lat' dir='ltr'><strong>probe</strong></span> <span class='ocrx_word' id='word_1_81' title='bbox 1124 2952 1349 2996; x_wconf 83' lang='lat' dir='ltr'><strong>noverat</strong></span> <span class='ocrx_word' id='word_1_82' title='bbox 1382 2939 1656 3010; x_wconf 81' lang='lat' dir='ltr'><strong>Sulpicius</strong></span> <span class='ocrx_word' id='word_1_83' title='bbox 1685 2940 1941 2995; x_wconf 81' lang='lat' dir='ltr'><strong>Severus.</strong></span> 
     </span>
    </p>
   </div>
   <div class='ocr_carea' id='block_1_19' title="bbox 340 3033 1948 3107">
    <p class='ocr_par' dir='ltr' id='par_1_19' title="bbox 340 3033 1948 3107">
     <span class='ocr_line' id='line_1_19' title="bbox 340 3033 1948 3107; baseline -0.005 -13"><span class='ocrx_word' id='word_1_84' title='bbox 340 3037 435 3094; x_wconf 87' lang='lat' dir='ltr'><strong>Sic</strong></span> <span class='ocrx_word' id='word_1_85' title='bbox 484 3037 633 3093; x_wconf 89' lang='lat' dir='ltr'><strong>enim</strong></span> <span class='ocrx_word' id='word_1_86' title='bbox 682 3036 771 3091; x_wconf 91' lang='lat' dir='ltr'><strong>ille</strong></span> <span class='ocrx_word' id='word_1_87' title='bbox 797 3035 874 3107; x_wconf 81' lang='grc' dir='ltr'><strong>(α)</strong></span> <span class='ocrx_word' id='word_1_88' title='bbox 903 3053 915 3089; x_wconf 91' lang='lat'><strong>:</strong></span> <span class='ocrx_word' id='word_1_89' title='bbox 951 3054 968 3086; x_wconf 76' lang='grc' dir='ltr'>ι</span> <span class='ocrx_word' id='word_1_90' title='bbox 1003 3033 1122 3091; x_wconf 83' lang='lat' dir='ltr'><strong>Jam</strong></span> <span class='ocrx_word' id='word_1_91' title='bbox 1151 3050 1319 3100; x_wconf 87' lang='lat' dir='ltr'><strong>vero,</strong></span> <span class='ocrx_word' id='word_1_92' title='bbox 1354 3035 1555 3102; x_wconf 72' lang='lat' dir='ltr'><strong>inquit,</strong></span> <span class='ocrx_word' id='word_1_93' title='bbox 1589 3035 1640 3088; x_wconf 91' lang='lat' dir='ltr'><strong>in</strong></span> <span class='ocrx_word' id='word_1_94' title='bbox 1673 3035 1853 3089; x_wconf 86' lang='lat' dir='ltr'><strong>verbis</strong></span> <span class='ocrx_word' id='word_1_95' title='bbox 1895 3044 1948 3088; x_wconf 90' lang='lat' dir='ltr'><strong>et</strong></span> 
     </span>
    </p>
   </div>
   <div class='ocr_carea' id='block_1_20' title="bbox 345 3126 1948 3199">
    <p class='ocr_par' dir='ltr' id='par_1_20' title="bbox 345 3126 1948 3199">
     <span class='ocr_line' id='line_1_20' title="bbox 345 3126 1948 3199; baseline -0.002 -14"><span class='ocrx_word' id='word_1_96' title='bbox 345 3128 793 3186; x_wconf 88' lang='lat' dir='ltr'><strong>confabulatione</strong></span> <span class='ocrx_word' id='word_1_97' title='bbox 816 3127 935 3198; x_wconf 84' lang='lat' dir='ltr'><strong>ejus</strong></span> <span class='ocrx_word' id='word_1_98' title='bbox 955 3136 1154 3199; x_wconf 83' lang='lat' dir='ltr'><strong>quanta</strong></span> <span class='ocrx_word' id='word_1_99' title='bbox 1180 3128 1422 3199; x_wconf 78' lang='lat' dir='ltr'><strong>gravitas</strong></span> <span class='ocrx_word' id='word_1_100' title='bbox 1440 3168 1458 3194; x_wconf 96' lang='lat'><strong>,</strong></span> <span class='ocrx_word' id='word_1_101' title='bbox 1487 3135 1684 3197; x_wconf 87' lang='lat' dir='ltr'><strong>quanta</strong></span> <span class='ocrx_word' id='word_1_102' title='bbox 1713 3126 1948 3196; x_wconf 77' lang='lat' dir='ltr'><strong>dignitas</strong></span> 
     </span>
    </p>
   </div>
   <div class='ocr_carea' id='block_1_21' title="bbox 346 3220 1945 3294">
    <p class='ocr_par' dir='ltr' id='par_1_21' title="bbox 346 3220 1945 3294">
     <span class='ocr_line' id='line_1_21' title="bbox 346 3220 1945 3294; baseline -0.003 -16"><span class='ocrx_word' id='word_1_103' title='bbox 346 3223 496 3278; x_wconf 87' lang='lat' dir='ltr'><strong>erat!</strong></span> <span class='ocrx_word' id='word_1_104' title='bbox 531 3237 693 3294; x_wconf 86' lang='lat' dir='ltr'><strong>quam</strong></span> <span class='ocrx_word' id='word_1_105' title='bbox 726 3237 884 3283; x_wconf 84' lang='lat' dir='ltr'><strong>acer.</strong></span> <span class='ocrx_word' id='word_1_106' title='bbox 914 3236 1077 3292; x_wconf 82' lang='lat' dir='ltr'><strong>quam</strong></span> <span class='ocrx_word' id='word_1_107' title='bbox 1120 3220 1313 3276; x_wconf 82' lang='lat' dir='ltr'><strong>efficax</strong></span> <span class='ocrx_word' id='word_1_108' title='bbox 1342 3265 1357 3291; x_wconf 91' lang='lat'><strong>,</strong></span> <span class='ocrx_word' id='word_1_109' title='bbox 1387 3230 1442 3277; x_wconf 91' lang='lat' dir='ltr'><strong>et</strong></span> <span class='ocrx_word' id='word_1_110' title='bbox 1481 3238 1638 3293; x_wconf 87' lang='lat' dir='ltr'><strong>quam</strong></span> <span class='ocrx_word' id='word_1_111' title='bbox 1673 3221 1725 3275; x_wconf 91' lang='lat' dir='ltr'><strong>in</strong></span> <span class='ocrx_word' id='word_1_112' title='bbox 1764 3220 1945 3275; x_wconf 89' lang='lat' dir='ltr'><strong>absol-</strong></span> 
     </span>
    </p>
   </div>
   <div class='ocr_carea' id='block_1_22' title="bbox 346 3313 1947 3386">
    <p class='ocr_par' dir='ltr' id='par_1_22' title="bbox 346 3313 1947 3386">
     <span class='ocr_line' id='line_1_22' title="bbox 346 3313 1947 3386; baseline -0.001 -16"><span class='ocrx_word' id='word_1_113' title='bbox 346 3315 541 3370; x_wconf 90' lang='lat' dir='ltr'><strong>vendis</strong></span> <span class='ocrx_word' id='word_1_114' title='bbox 587 3315 988 3383; x_wconf 85' lang='lat' dir='ltr'><strong>scripturarum</strong></span> <span class='ocrx_word' id='word_1_115' title='bbox 1017 3313 1416 3386; x_wconf 67' lang='lat' dir='ltr'><strong>quaestionibus</strong></span> <span class='ocrx_word' id='word_1_116' title='bbox 1463 3325 1744 3386; x_wconf 90' lang='lat' dir='ltr'><strong>promptus</strong></span> <span class='ocrx_word' id='word_1_117' title='bbox 1787 3324 1838 3369; x_wconf 92' lang='lat' dir='ltr'><strong>et</strong></span> <span class='ocrx_word' id='word_1_118' title='bbox 1870 3314 1947 3368; x_wconf 87' lang='lat' dir='ltr'><strong>fa-</strong></span> 
     </span>
    </p>
   </div>
   <div class='ocr_carea' id='block_1_23' title="bbox 346 3407 1948 3478">
    <p class='ocr_par' dir='ltr' id='par_1_23' title="bbox 346 3407 1948 3478">
     <span class='ocr_line' id='line_1_23' title="bbox 346 3407 1948 3478; baseline -0.001 -14"><span class='ocrx_word' id='word_1_119' title='bbox 346 3409 476 3466; x_wconf 91' lang='lat' dir='ltr'><strong>cilis</strong></span> <span class='ocrx_word' id='word_1_120' title='bbox 502 3409 516 3464; x_wconf 86' lang='lat'><strong>!</strong></span> <span class='ocrx_word' id='word_1_121' title='bbox 541 3438 612 3450; x_wconf 94' lang='lat'><strong><em>—</em></strong></span> <span class='ocrx_word' id='word_1_122' title='bbox 637 3407 824 3464; x_wconf 79' lang='lat' dir='ltr'><strong>Jesum</strong></span> <span class='ocrx_word' id='word_1_123' title='bbox 858 3415 1030 3464; x_wconf 71' lang='lat' dir='ltr'><strong>testor</strong></span> <span class='ocrx_word' id='word_1_124' title='bbox 1059 3423 1323 3478; x_wconf 80' lang='lat' dir='ltr'><strong>spemque</strong></span> <span class='ocrx_word' id='word_1_125' title='bbox 1352 3423 1731 3476; x_wconf 88' lang='lat' dir='ltr'><strong>communem,</strong></span> <span class='ocrx_word' id='word_1_126' title='bbox 1766 3424 1850 3463; x_wconf 89' lang='lat' dir='ltr'><strong>me</strong></span> <span class='ocrx_word' id='word_1_127' title='bbox 1881 3424 1948 3462; x_wconf 81' lang='lat' dir='ltr'><strong>ex</strong></span> 
     </span>
    </p>
   </div>
   <div class='ocr_carea' id='block_1_24' title="bbox 349 3501 1946 3574">
    <p class='ocr_par' dir='ltr' id='par_1_24' title="bbox 349 3501 1946 3574">
     <span class='ocr_line' id='line_1_24' title="bbox 349 3501 1946 3574; baseline -0.004 -16"><span class='ocrx_word' id='word_1_128' title='bbox 349 3503 556 3559; x_wconf 86' lang='lat' dir='ltr'><strong>nullius</strong></span> <span class='ocrx_word' id='word_1_129' title='bbox 576 3516 832 3574; x_wconf 82' lang='lat' dir='ltr'><strong>umquam</strong></span> <span class='ocrx_word' id='word_1_130' title='bbox 851 3515 950 3558; x_wconf 85' lang='lat' dir='ltr'><strong>ore</strong></span> <span class='ocrx_word' id='word_1_131' title='bbox 968 3511 1174 3557; x_wconf 84' lang='lat' dir='ltr'><strong>tantum</strong></span> <span class='ocrx_word' id='word_1_132' title='bbox 1199 3501 1465 3564; x_wconf 73' lang='lat' dir='ltr'><strong>scientim,</strong></span> <span class='ocrx_word' id='word_1_133' title='bbox 1495 3511 1700 3555; x_wconf 89' lang='lat' dir='ltr'><strong>tantum</strong></span> <span class='ocrx_word' id='word_1_134' title='bbox 1725 3501 1946 3572; x_wconf 81' lang='lat' dir='ltr'><strong>ingenii,</strong></span> 
     </span>
    </p>
   </div>
   <div class='ocr_carea' id='block_1_25' title="bbox 351 3585 1948 3666">
    <p class='ocr_par' dir='ltr' id='par_1_25' title="bbox 351 3585 1948 3666">
     <span class='ocr_line' id='line_1_25' title="bbox 351 3585 1948 3666; baseline -0.002 -13"><span class='ocrx_word' id='word_1_135' title='bbox 351 3608 462 3653; x_wconf 88' lang='lat' dir='ltr'><strong>tam</strong></span> <span class='ocrx_word' id='word_1_136' title='bbox 494 3597 623 3652; x_wconf 84' lang='lat' dir='ltr'><strong>boni</strong></span> <span class='ocrx_word' id='word_1_137' title='bbox 649 3608 702 3652; x_wconf 89' lang='lat' dir='ltr'><strong>et</strong></span> <span class='ocrx_word' id='word_1_138' title='bbox 735 3606 844 3651; x_wconf 86' lang='lat' dir='ltr'><strong>tam</strong></span> <span class='ocrx_word' id='word_1_139' title='bbox 876 3585 998 3666; x_wconf 88' lang='lat' dir='ltr'><strong>puri</strong></span> <span class='ocrx_word' id='word_1_140' title='bbox 1039 3604 1311 3652; x_wconf 74' lang='lat' dir='ltr'><strong>sermonis</strong></span> <span class='ocrx_word' id='word_1_141' title='bbox 1340 3596 1576 3651; x_wconf 82' lang='lat' dir='ltr'><strong>audisse.</strong></span> <span class='ocrx_word' id='word_1_142' title='bbox 1611 3595 1948 3665; x_wconf 87' lang='lat' dir='ltr'><strong>Quamquam</strong></span> 
     </span>
    </p>
   </div>
   <div class='ocr_carea' id='block_1_26' title="bbox 351 3690 1947 3762">
    <p class='ocr_par' dir='ltr' id='par_1_26' title="bbox 351 3690 1947 3762">
     <span class='ocr_line' id='line_1_26' title="bbox 351 3690 1947 3762; baseline -0.002 -14"><span class='ocrx_word' id='word_1_143' title='bbox 351 3693 406 3748; x_wconf 91' lang='lat' dir='ltr'><strong>in</strong></span> <span class='ocrx_word' id='word_1_144' title='bbox 441 3693 656 3748; x_wconf 79' lang='lat' dir='ltr'><strong>Martini</strong></span> <span class='ocrx_word' id='word_1_145' title='bbox 687 3691 984 3748; x_wconf 78' lang='lat' dir='ltr'><strong>virtutibus</strong></span> <span class='ocrx_word' id='word_1_146' title='bbox 1009 3693 1270 3762; x_wconf 87' lang='lat' dir='ltr'><strong>quantula</strong></span> <span class='ocrx_word' id='word_1_147' title='bbox 1302 3701 1388 3746; x_wconf 85' lang='lat' dir='ltr'><strong>est</strong></span> <span class='ocrx_word' id='word_1_148' title='bbox 1417 3691 1514 3745; x_wconf 88' lang='lat' dir='ltr'><strong>ista</strong></span> <span class='ocrx_word' id='word_1_149' title='bbox 1547 3690 1813 3744; x_wconf 84' lang='lat' dir='ltr'><strong>laudatio!</strong></span> <span class='ocrx_word' id='word_1_150' title='bbox 1847 3690 1947 3745; x_wconf 82' lang='lat' dir='ltr'><strong>nisi</strong></span> 
     </span>
    </p>
   </div>
   <div class='ocr_carea' id='block_1_27' title="bbox 351 3783 1948 3854">
    <p class='ocr_par' dir='ltr' id='par_1_27' title="bbox 351 3783 1948 3854">
     <span class='ocr_line' id='line_1_27' title="bbox 351 3783 1948 3854; baseline 0 -18"><span class='ocrx_word' id='word_1_151' title='bbox 351 3785 497 3854; x_wconf 89' lang='lat' dir='ltr'><strong>quod</strong></span> <span class='ocrx_word' id='word_1_152' title='bbox 530 3786 729 3840; x_wconf 85' lang='lat' dir='ltr'><strong>mirum</strong></span> <span class='ocrx_word' id='word_1_153' title='bbox 758 3792 878 3850; x_wconf 77' lang='lat' dir='ltr'><strong>est,</strong></span> <span class='ocrx_word' id='word_1_154' title='bbox 914 3783 1124 3839; x_wconf 89' lang='lat' dir='ltr'><strong>homini</strong></span> <span class='ocrx_word' id='word_1_155' title='bbox 1159 3784 1436 3839; x_wconf 89' lang='lat' dir='ltr'><strong>illitterato</strong></span> <span class='ocrx_word' id='word_1_156' title='bbox 1467 3799 1533 3838; x_wconf 88' lang='lat' dir='ltr'><strong>nc</strong></span> <span class='ocrx_word' id='word_1_157' title='bbox 1563 3783 1702 3838; x_wconf 83' lang='lat' dir='ltr'><strong>hanc</strong></span> <span class='ocrx_word' id='word_1_158' title='bbox 1730 3783 1948 3854; x_wconf 88' lang='lat' dir='ltr'><strong>quidem</strong></span> 
     </span>
    </p>
   </div>
   <div class='ocr_carea' id='block_1_28' title="bbox 350 3874 1946 3950">
    <p class='ocr_par' dir='ltr' id='par_1_28' title="bbox 350 3874 1946 3950">
     <span class='ocr_line' id='line_1_28' title="bbox 350 3874 1946 3950; baseline -0.005 -17"><span class='ocrx_word' id='word_1_159' title='bbox 350 3879 585 3950; x_wconf 86' lang='lat' dir='ltr'><strong>gratiam</strong></span> <span class='ocrx_word' id='word_1_160' title='bbox 611 3875 874 3940; x_wconf 76' lang='lat' dir='ltr'><strong>defuisse.</strong></span> <span class='ocrx_word' id='word_1_161' title='bbox 911 3895 930 3928; x_wconf 72' lang='grc' dir='ltr'><strong>ι</strong></span> <span class='ocrx_word' id='word_1_162' title='bbox 966 3877 1032 3931; x_wconf 78' lang='lat' dir='ltr'><strong>Et</strong></span> <span class='ocrx_word' id='word_1_163' title='bbox 1055 3876 1185 3932; x_wconf 87' lang='lat' dir='ltr'><strong>alibi</strong></span> <span class='ocrx_word' id='word_1_164' title='bbox 1213 3875 1324 3947; x_wconf 87' lang='lat' dir='ltr'><strong>(b):</strong></span> <span class='ocrx_word' id='word_1_165' title='bbox 1361 3895 1380 3926; x_wconf 72' lang='grc' dir='ltr'><strong><em>ι</em></strong></span> <span class='ocrx_word' id='word_1_166' title='bbox 1410 3875 1529 3930; x_wconf 85' lang='lat' dir='ltr'><strong>Jam</strong></span> <span class='ocrx_word' id='word_1_167' title='bbox 1561 3876 1603 3929; x_wconf 86' lang='lat' dir='ltr'><strong>si</strong></span> <span class='ocrx_word' id='word_1_168' title='bbox 1633 3875 1699 3928; x_wconf 86' lang='lat' dir='ltr'><strong>ad</strong></span> <span class='ocrx_word' id='word_1_169' title='bbox 1730 3874 1946 3941; x_wconf 68' lang='lat' dir='ltr'><strong>lmvam,</strong></span> 
     </span>
    </p>
   </div>
   <div class='ocr_carea' id='block_1_29' title="bbox 355 3966 1951 4039">
    <p class='ocr_par' dir='ltr' id='par_1_29' title="bbox 355 3966 1951 4039">
     <span class='ocr_line' id='line_1_29' title="bbox 355 3966 1951 4039; baseline -0.004 -14"><span class='ocrx_word' id='word_1_170' title='bbox 355 3968 578 4032; x_wconf 72' lang='lat' dir='ltr'><strong>Achaiae</strong></span> <span class='ocrx_word' id='word_1_171' title='bbox 622 3969 801 4025; x_wconf 85' lang='lat' dir='ltr'><strong>sinum</strong></span> <span class='ocrx_word' id='word_1_172' title='bbox 835 3967 1115 4039; x_wconf 86' lang='lat' dir='ltr'><strong>paululum</strong></span> <span class='ocrx_word' id='word_1_173' title='bbox 1162 3967 1403 4024; x_wconf 78' lang='lat' dir='ltr'><strong>devexus</strong></span> <span class='ocrx_word' id='word_1_174' title='bbox 1446 3968 1770 4031; x_wconf 88' lang='lat' dir='ltr'><strong>intraveris,</strong></span> <span class='ocrx_word' id='word_1_175' title='bbox 1812 3966 1951 4021; x_wconf 72' lang='lat' dir='ltr'><strong>sciat</strong></span> 
     </span>
    </p>
   </div>
   <div class='ocr_carea' id='block_1_30' title="bbox 2055 2839 3644 2913">
    <p class='ocr_par' dir='ltr' id='par_1_30' title="bbox 2055 2839 3644 2913">
     <span class='ocr_line' id='line_1_30' title="bbox 2055 2839 3644 2913; baseline 0.012 -22"><span class='ocrx_word' id='word_1_176' title='bbox 2055 2839 2332 2910; x_wconf 81' lang='lat' dir='ltr'><strong>(Martini)</strong></span> <span class='ocrx_word' id='word_1_177' title='bbox 2367 2852 2728 2911; x_wconf 66' lang='lat' dir='ltr'><strong>prmuotatum</strong></span> <span class='ocrx_word' id='word_1_178' title='bbox 2763 2845 3011 2913; x_wconf 87' lang='lat' dir='ltr'><strong>nomine,</strong></span> <span class='ocrx_word' id='word_1_179' title='bbox 3047 2863 3111 2902; x_wconf 83' lang='lat' dir='ltr'><strong>ex</strong></span> <span class='ocrx_word' id='word_1_180' title='bbox 3142 2850 3330 2907; x_wconf 88' lang='lat' dir='ltr'><strong>codice</strong></span> <span class='ocrx_word' id='word_1_181' title='bbox 3358 2869 3463 2908; x_wconf 84' lang='lat' dir='ltr'><strong>cm.</strong></span> <span class='ocrx_word' id='word_1_182' title='bbox 3497 2859 3644 2912; x_wconf 61' lang='grc' dir='ltr'><strong>ειη-(1.</strong></span> 
     </span>
    </p>
   </div>
   <div class='ocr_carea' id='block_1_31' title="bbox 2051 2933 3654 3008">
    <p class='ocr_par' dir='ltr' id='par_1_31' title="bbox 2051 2933 3654 3008">
     <span class='ocr_line' id='line_1_31' title="bbox 2051 2933 3654 3008; baseline 0.014 -22"><span class='ocrx_word' id='word_1_183' title='bbox 2051 2933 2342 2999; x_wconf 84' lang='lat' dir='ltr'><strong>Mazarini;</strong></span> <span class='ocrx_word' id='word_1_184' title='bbox 2373 2936 2468 2991; x_wconf 89' lang='lat' dir='ltr'><strong>sed</strong></span> <span class='ocrx_word' id='word_1_185' title='bbox 2503 2936 2574 2990; x_wconf 89' lang='lat' dir='ltr'><strong>ita</strong></span> <span class='ocrx_word' id='word_1_186' title='bbox 2615 2938 2664 2992; x_wconf 88' lang='lat' dir='ltr'><strong>in</strong></span> <span class='ocrx_word' id='word_1_187' title='bbox 2705 2956 2769 2994; x_wconf 85' lang='lat' dir='ltr'><strong>eo</strong></span> <span class='ocrx_word' id='word_1_188' title='bbox 2804 2941 3093 3008; x_wconf 59' lang='lat' dir='ltr'><strong>vitiosum,</strong></span> <span class='ocrx_word' id='word_1_189' title='bbox 3138 2956 3194 2998; x_wconf 76' lang='grc' dir='ltr'>ιιι</span> <span class='ocrx_word' id='word_1_190' title='bbox 3235 2964 3343 3002; x_wconf 89' lang='lat' dir='ltr'><strong>non</strong></span> <span class='ocrx_word' id='word_1_191' title='bbox 3374 2951 3550 3006; x_wconf 90' lang='lat' dir='ltr'><strong>visum</strong></span> <span class='ocrx_word' id='word_1_192' title='bbox 3584 2959 3654 3008; x_wconf 79' lang='lat' dir='ltr'><strong>sit</strong></span> 
     </span>
    </p>
   </div>
   <div class='ocr_carea' id='block_1_32' title="bbox 2055 3032 3648 3114">
    <p class='ocr_par' dir='ltr' id='par_1_32' title="bbox 2055 3032 3648 3114">
     <span class='ocr_line' id='line_1_32' title="bbox 2055 3032 3648 3114; baseline 0.013 -33"><span class='ocrx_word' id='word_1_193' title='bbox 2055 3040 2489 3096; x_wconf 68' lang='lat' dir='ltr'><strong>reprmsentare:</strong></span> <span class='ocrx_word' id='word_1_194' title='bbox 2525 3032 2575 3084; x_wconf 88' lang='lat' dir='ltr'><strong>id</strong></span> <span class='ocrx_word' id='word_1_195' title='bbox 2610 3033 2736 3089; x_wconf 88' lang='lat' dir='ltr'><strong>inde</strong></span> <span class='ocrx_word' id='word_1_196' title='bbox 2775 3034 2977 3090; x_wconf 84' lang='lat' dir='ltr'><strong>factum</strong></span> <span class='ocrx_word' id='word_1_197' title='bbox 3023 3039 3270 3108; x_wconf 88' lang='lat' dir='ltr'><strong>videtur,</strong></span> <span class='ocrx_word' id='word_1_198' title='bbox 3323 3048 3464 3114; x_wconf 91' lang='lat' dir='ltr'><strong>quod</strong></span> <span class='ocrx_word' id='word_1_199' title='bbox 3512 3051 3648 3102; x_wconf 72' lang='lat' dir='ltr'><strong>anti-</strong></span> 
     </span>
    </p>
   </div>
   <div class='ocr_carea' id='block_1_33' title="bbox 2053 3121 3648 3197">
    <p class='ocr_par' dir='ltr' id='par_1_33' title="bbox 2053 3121 3648 3197">
     <span class='ocr_line' id='line_1_33' title="bbox 2053 3121 3648 3197; baseline 0.016 -25"><span class='ocrx_word' id='word_1_200' title='bbox 2053 3121 2275 3190; x_wconf 88' lang='lat' dir='ltr'><strong>quarius</strong></span> <span class='ocrx_word' id='word_1_201' title='bbox 2316 3137 2380 3176; x_wconf 83' lang='lat' dir='ltr'><strong>ex</strong></span> <span class='ocrx_word' id='word_1_202' title='bbox 2421 3126 2815 3181; x_wconf 88' lang='lat' dir='ltr'><strong>vetustioribus</strong></span> <span class='ocrx_word' id='word_1_203' title='bbox 2849 3131 3180 3186; x_wconf 76' lang='lat' dir='ltr'><strong>membranis</strong></span> <span class='ocrx_word' id='word_1_204' title='bbox 3221 3145 3311 3187; x_wconf 87' lang='lat' dir='ltr'><strong>aut</strong></span> <span class='ocrx_word' id='word_1_205' title='bbox 3355 3142 3497 3193; x_wconf 85' lang='lat' dir='ltr'><strong>ceris</strong></span> <span class='ocrx_word' id='word_1_206' title='bbox 3544 3157 3648 3197; x_wconf 86' lang='lat' dir='ltr'><strong>non</strong></span> 
     </span>
    </p>
   </div>
   <div class='ocr_carea' id='block_1_34' title="bbox 2049 3213 3641 3299">
    <p class='ocr_par' dir='ltr' id='par_1_34' title="bbox 2049 3213 3641 3299">
     <span class='ocr_line' id='line_1_34' title="bbox 2049 3213 3641 3299; baseline 0.013 -32"><span class='ocrx_word' id='word_1_207' title='bbox 2049 3214 2182 3267; x_wconf 86' lang='lat' dir='ltr'><strong>satis</strong></span> <span class='ocrx_word' id='word_1_208' title='bbox 2229 3213 2462 3270; x_wconf 81' lang='lat' dir='ltr'><strong>feliciter</strong></span> <span class='ocrx_word' id='word_1_209' title='bbox 2493 3220 2730 3287; x_wconf 78' lang='lat' dir='ltr'><strong>potuerit</strong></span> <span class='ocrx_word' id='word_1_210' title='bbox 2782 3224 3109 3279; x_wconf 85' lang='lat' dir='ltr'><strong>exscribere.</strong></span> <span class='ocrx_word' id='word_1_211' title='bbox 3156 3226 3253 3281; x_wconf 72' lang='lat' dir='ltr'><strong>Est</strong></span> <span class='ocrx_word' id='word_1_212' title='bbox 3288 3239 3464 3286; x_wconf 79' lang='lat' dir='ltr'><strong>tamen</strong></span> <span class='ocrx_word' id='word_1_213' title='bbox 3515 3235 3641 3299; x_wconf 87' lang='lat' dir='ltr'><strong>ille,</strong></span> 
     </span>
    </p>
   </div>
   <div class='ocr_carea' id='block_1_35' title="bbox 2051 3308 3654 3404">
    <p class='ocr_par' dir='ltr' id='par_1_35' title="bbox 2051 3308 3654 3404">
     <span class='ocr_line' id='line_1_35' title="bbox 2051 3308 3654 3404; baseline 0.012 -43"><span class='ocrx_word' id='word_1_214' title='bbox 2051 3309 2384 3376; x_wconf 72' lang='lat' dir='ltr'><strong>conjectura:</strong></span> <span class='ocrx_word' id='word_1_215' title='bbox 2431 3308 2512 3364; x_wconf 87' lang='lat' dir='ltr'><strong>his</strong></span> <span class='ocrx_word' id='word_1_216' title='bbox 2561 3328 2679 3381; x_wconf 74' lang='lat' dir='ltr'><strong>qua:</strong></span> <span class='ocrx_word' id='word_1_217' title='bbox 2727 3313 2963 3370; x_wconf 87' lang='lat' dir='ltr'><strong>Severus</strong></span> <span class='ocrx_word' id='word_1_218' title='bbox 3011 3317 3077 3371; x_wconf 83' lang='lat' dir='ltr'><strong>de</strong></span> <span class='ocrx_word' id='word_1_219' title='bbox 3119 3319 3386 3377; x_wconf 89' lang='lat' dir='ltr'><strong>illitterati</strong></span> <span class='ocrx_word' id='word_1_220' title='bbox 3434 3325 3654 3404; x_wconf 64' lang='lat' dir='ltr'><strong>Martini</strong></span> 
     </span>
    </p>
   </div>
   <div class='ocr_carea' id='block_1_36' title="bbox 2052 3401 3648 3474">
    <p class='ocr_par' dir='ltr' id='par_1_36' title="bbox 2052 3401 3648 3474">
     <span class='ocr_line' id='line_1_36' title="bbox 2052 3401 3648 3474; baseline 0.011 -18"><span class='ocrx_word' id='word_1_221' title='bbox 2052 3401 2364 3457; x_wconf 83' lang='lat' dir='ltr'><strong>eruditione</strong></span> <span class='ocrx_word' id='word_1_222' title='bbox 2393 3418 2457 3458; x_wconf 90' lang='lat' dir='ltr'><strong>ac</strong></span> <span class='ocrx_word' id='word_1_223' title='bbox 2491 3403 2740 3460; x_wconf 86' lang='lat' dir='ltr'><strong>facundia</strong></span> <span class='ocrx_word' id='word_1_224' title='bbox 2763 3450 2776 3472; x_wconf 89' lang='lat'><strong>,</strong></span> <span class='ocrx_word' id='word_1_225' title='bbox 2814 3417 2955 3464; x_wconf 89' lang='lat' dir='ltr'><strong>tanta</strong></span> <span class='ocrx_word' id='word_1_226' title='bbox 2987 3412 3177 3468; x_wconf 89' lang='lat' dir='ltr'><strong>scribit</strong></span> <span class='ocrx_word' id='word_1_227' title='bbox 3204 3415 3590 3474; x_wconf 85' lang='lat' dir='ltr'><strong>obtestatione.</strong></span> <span class='ocrx_word' id='word_1_228' title='bbox 3632 3401 3648 3473; x_wconf 62' lang='lat' dir='ltr'><strong>i</strong></span> 
     </span>
    </p>
   </div>
   <div class='ocr_carea' id='block_1_37' title="bbox 2059 3492 3659 3583">
    <p class='ocr_par' dir='ltr' id='par_1_37' title="bbox 2059 3492 3659 3583">
     <span class='ocr_line' id='line_1_37' title="bbox 2059 3492 3659 3583; baseline 0.014 -37"><span class='ocrx_word' id='word_1_229' title='bbox 2059 3492 2134 3547; x_wconf 87' lang='lat' dir='ltr'><strong>Ita</strong></span> <span class='ocrx_word' id='word_1_230' title='bbox 2176 3492 2567 3562; x_wconf 85' lang='lat' dir='ltr'><strong>Combefisius,</strong></span> <span class='ocrx_word' id='word_1_231' title='bbox 2611 3514 2671 3553; x_wconf 91' lang='lat' dir='ltr'><strong>ea</strong></span> <span class='ocrx_word' id='word_1_232' title='bbox 2713 3503 3012 3568; x_wconf 78' lang='lat' dir='ltr'><strong>respiciens</strong></span> <span class='ocrx_word' id='word_1_233' title='bbox 3045 3521 3160 3573; x_wconf 68' lang='lat' dir='ltr'><strong>qua!</strong></span> <span class='ocrx_word' id='word_1_234' title='bbox 3193 3509 3352 3561; x_wconf 91' lang='lat' dir='ltr'><strong>modo</strong></span> <span class='ocrx_word' id='word_1_235' title='bbox 3380 3525 3445 3564; x_wconf 79' lang='lat' dir='ltr'><strong>ex</strong></span> <span class='ocrx_word' id='word_1_236' title='bbox 3477 3512 3659 3583; x_wconf 82' lang='lat' dir='ltr'><strong>Sulpi-</strong></span> 
     </span>
    </p>
   </div>
   <div class='ocr_carea' id='block_1_38' title="bbox 2058 3585 3653 3660">
    <p class='ocr_par' dir='ltr' id='par_1_38' title="bbox 2058 3585 3653 3660">
     <span class='ocr_line' id='line_1_38' title="bbox 2058 3585 3653 3660; baseline 0.011 -19"><span class='ocrx_word' id='word_1_237' title='bbox 2058 3585 2144 3641; x_wconf 92' lang='lat' dir='ltr'><strong>cio</strong></span> <span class='ocrx_word' id='word_1_238' title='bbox 2173 3589 2536 3643; x_wconf 77' lang='lat' dir='ltr'><strong>recitavimus.</strong></span> <span class='ocrx_word' id='word_1_239' title='bbox 2570 3589 2647 3644; x_wconf 81' lang='lat' dir='ltr'><strong>Ex</strong></span> <span class='ocrx_word' id='word_1_240' title='bbox 2679 3594 2872 3660; x_wconf 81' lang='lat' dir='ltr'><strong>priscis</strong></span> <span class='ocrx_word' id='word_1_241' title='bbox 2897 3596 3023 3648; x_wconf 77' lang='lat' dir='ltr'><strong>item</strong></span> <span class='ocrx_word' id='word_1_242' title='bbox 3056 3601 3386 3654; x_wconf 81' lang='lat' dir='ltr'><strong>membranis</strong></span> <span class='ocrx_word' id='word_1_243' title='bbox 3410 3605 3653 3659; x_wconf 77' lang='lat' dir='ltr'><strong>eamdi-tn</strong></span> 
     </span>
    </p>
   </div>
   <div class='ocr_carea' id='block_1_39' title="bbox 2058 3679 3656 3758">
    <p class='ocr_par' dir='ltr' id='par_1_39' title="bbox 2058 3679 3656 3758">
     <span class='ocr_line' id='line_1_39' title="bbox 2058 3679 3656 3758; baseline 0.012 -25"><span class='ocrx_word' id='word_1_244' title='bbox 2058 3679 2475 3736; x_wconf 85' lang='lat' dir='ltr'><strong>Confessionem</strong></span> <span class='ocrx_word' id='word_1_245' title='bbox 2509 3683 2746 3753; x_wconf 80' lang='lat' dir='ltr'><strong>TrajeCIi</strong></span> <span class='ocrx_word' id='word_1_246' title='bbox 2789 3688 3069 3758; x_wconf 85' lang='lat' dir='ltr'><strong>evolgavit</strong></span> <span class='ocrx_word' id='word_1_247' title='bbox 3103 3704 3248 3745; x_wconf 89' lang='lat' dir='ltr'><strong>anno</strong></span> <span class='ocrx_word' id='word_1_248' title='bbox 3280 3694 3415 3749; x_wconf 77' lang='lat' dir='ltr'><strong>15H</strong></span> <span class='ocrx_word' id='word_1_249' title='bbox 3445 3695 3656 3753; x_wconf 83' lang='lat' dir='ltr'><strong>Tlteod.</strong></span> 
     </span>
    </p>
   </div>
   <div class='ocr_carea' id='block_1_40' title="bbox 2058 3774 3654 3846">
    <p class='ocr_par' dir='ltr' id='par_1_40' title="bbox 2058 3774 3654 3846">
     <span class='ocr_line' id='line_1_40' title="bbox 2058 3774 3654 3846; baseline 0.011 -18"><span class='ocrx_word' id='word_1_250' title='bbox 2058 3774 2425 3842; x_wconf 87' lang='lat' dir='ltr'><strong>Pulmatmus,</strong></span> <span class='ocrx_word' id='word_1_251' title='bbox 2456 3777 2610 3846; x_wconf 85' lang='lat' dir='ltr'><strong>cujus</strong></span> <span class='ocrx_word' id='word_1_252' title='bbox 2648 3780 2826 3835; x_wconf 90' lang='lat' dir='ltr'><strong>varias</strong></span> <span class='ocrx_word' id='word_1_253' title='bbox 2866 3782 3130 3838; x_wconf 85' lang='lat' dir='ltr'><strong>lectiones</strong></span> <span class='ocrx_word' id='word_1_254' title='bbox 3157 3784 3223 3839; x_wconf 87' lang='lat' dir='ltr'><strong>ad</strong></span> <span class='ocrx_word' id='word_1_255' title='bbox 3260 3803 3370 3840; x_wconf 66' lang='lat' dir='ltr'><strong>smn</strong></span> <span class='ocrx_word' id='word_1_256' title='bbox 3399 3789 3654 3845; x_wconf 78' lang='lat' dir='ltr'><strong>editionis</strong></span> 
     </span>
    </p>
   </div>
   <div class='ocr_carea' id='block_1_41' title="bbox 2058 3869 3651 3949">
    <p class='ocr_par' dir='ltr' id='par_1_41' title="bbox 2058 3869 3651 3949">
     <span class='ocr_line' id='line_1_41' title="bbox 2058 3869 3651 3949; baseline 0.009 -26"><span class='ocrx_word' id='word_1_257' title='bbox 2058 3869 2262 3925; x_wconf 85' lang='lat' dir='ltr'><strong>calcem</strong></span> <span class='ocrx_word' id='word_1_258' title='bbox 2300 3887 2424 3940; x_wconf 66' lang='lat' dir='ltr'><strong>quae</strong></span> <span class='ocrx_word' id='word_1_259' title='bbox 2466 3871 2696 3943; x_wconf 68' lang='lat' dir='ltr'><strong>Cygneze</strong></span> <span class='ocrx_word' id='word_1_260' title='bbox 2731 3873 2929 3942; x_wconf 90' lang='lat' dir='ltr'><strong>prodiit</strong></span> <span class='ocrx_word' id='word_1_261' title='bbox 2959 3876 3094 3931; x_wconf 72' lang='grc'>1677</span> <span class='ocrx_word' id='word_1_262' title='bbox 3140 3879 3332 3949; x_wconf 79' lang='lat' dir='ltr'><strong>rejeeit</strong></span> <span class='ocrx_word' id='word_1_263' title='bbox 3371 3881 3651 3940; x_wconf 85' lang='lat' dir='ltr'><strong>Daumius.</strong></span> 
     </span>
    </p>
   </div>
   <div class='ocr_carea' id='block_1_42' title="bbox 2131 3962 3652 4034">
    <p class='ocr_par' dir='ltr' id='par_1_42' title="bbox 2131 3962 3652 4034">
     <span class='ocr_line' id='line_1_42' title="bbox 2131 3962 3652 4034; baseline 0.01 -18"><span class='ocrx_word' id='word_1_264' title='bbox 2131 3963 2221 4018; x_wconf 88' lang='lat' dir='ltr'><strong>Ill.</strong></span> <span class='ocrx_word' id='word_1_265' title='bbox 2284 3962 2480 4019; x_wconf 87' lang='lat' dir='ltr'><strong>Verum</strong></span> <span class='ocrx_word' id='word_1_266' title='bbox 2531 3980 2637 4034; x_wconf 76' lang='lat' dir='ltr'><strong>pne</strong></span> <span class='ocrx_word' id='word_1_267' title='bbox 2689 3969 2904 4020; x_wconf 66' lang='lat' dir='ltr'><strong>cmteris</strong></span> <span class='ocrx_word' id='word_1_268' title='bbox 2954 3972 3384 4027; x_wconf 86' lang='lat' dir='ltr'><strong>commendanda</strong></span> <span class='ocrx_word' id='word_1_269' title='bbox 3439 3976 3652 4031; x_wconf 88' lang='lat' dir='ltr'><strong>videtur</strong></span> 
     </span>
    </p>
   </div>
   <div class='ocr_carea' id='block_1_43' title="bbox 351 4054 3655 4131">
    <p class='ocr_par' dir='ltr' id='par_1_43' title="bbox 351 4054 3655 4131">
     <span class='ocr_line' id='line_1_43' title="bbox 351 4054 3655 4131; baseline 0.002 -14"><span class='ocrx_word' id='word_1_270' title='bbox 351 4060 692 4129; x_wconf 82' lang='lat' dir='ltr'><strong>Corinthus,</strong></span> <span class='ocrx_word' id='word_1_271' title='bbox 747 4063 926 4117; x_wconf 80' lang='lat' dir='ltr'><strong>sciant</strong></span> <span class='ocrx_word' id='word_1_272' title='bbox 972 4059 1240 4127; x_wconf 69' lang='lat' dir='ltr'><strong>Athenae,</strong></span> <span class='ocrx_word' id='word_1_273' title='bbox 1301 4077 1406 4116; x_wconf 88' lang='lat' dir='ltr'><strong>non</strong></span> <span class='ocrx_word' id='word_1_274' title='bbox 1461 4060 1845 4131; x_wconf 84' lang='lat' dir='ltr'><strong>sapientiorem</strong></span> <span class='ocrx_word' id='word_1_275' title='bbox 1900 4060 1951 4113; x_wconf 91' lang='lat' dir='ltr'><strong>in</strong></span> <span class='ocrx_word' id='word_1_276' title='bbox 1984 4061 2032 4121; x_wconf 86' lang='lat' dir='ltr'><strong>B</strong></span> <span class='ocrx_word' id='word_1_277' title='bbox 2061 4054 2285 4110; x_wconf 72' lang='lat' dir='ltr'><strong>Thomze</strong></span> <span class='ocrx_word' id='word_1_278' title='bbox 2319 4055 2648 4113; x_wconf 83' lang='lat' dir='ltr'><strong>Beauxamis</strong></span> <span class='ocrx_word' id='word_1_279' title='bbox 2688 4061 2949 4123; x_wconf 87' lang='lat' dir='ltr'><strong>solertia;</strong></span> <span class='ocrx_word' id='word_1_280' title='bbox 2983 4063 3072 4129; x_wconf 91' lang='lat' dir='ltr'><strong>qui</strong></span> <span class='ocrx_word' id='word_1_281' title='bbox 3118 4073 3228 4117; x_wconf 87' lang='lat' dir='ltr'><strong>tres</strong></span> <span class='ocrx_word' id='word_1_282' title='bbox 3258 4069 3655 4124; x_wconf 72' lang='lat' dir='ltr'><strong>vetustissimos</strong></span> 
     </span>
    </p>
   </div>
   <div class='ocr_carea' id='block_1_44' title="bbox 353 4150 1946 4219">
    <p class='ocr_par' dir='ltr' id='par_1_44' title="bbox 353 4150 1946 4219">
     <span class='ocr_line' id='line_1_44' title="bbox 353 4150 1946 4219; baseline -0.003 -9"><span class='ocrx_word' id='word_1_283' title='bbox 353 4155 649 4211; x_wconf 83' lang='lat' dir='ltr'><strong>Academia</strong></span> <span class='ocrx_word' id='word_1_284' title='bbox 682 4154 1000 4219; x_wconf 83' lang='lat' dir='ltr'><strong>Platonem,</strong></span> <span class='ocrx_word' id='word_1_285' title='bbox 1036 4169 1138 4209; x_wconf 90' lang='lat' dir='ltr'><strong>nec</strong></span> <span class='ocrx_word' id='word_1_286' title='bbox 1163 4153 1441 4208; x_wconf 82' lang='lat' dir='ltr'><strong>Socratem</strong></span> <span class='ocrx_word' id='word_1_287' title='bbox 1476 4153 1529 4207; x_wconf 91' lang='lat' dir='ltr'><strong>in</strong></span> <span class='ocrx_word' id='word_1_288' title='bbox 1571 4167 1790 4207; x_wconf 86' lang='lat' dir='ltr'><strong>carcere</strong></span> <span class='ocrx_word' id='word_1_289' title='bbox 1834 4150 1946 4206; x_wconf 82' lang='lat' dir='ltr'><strong>for-</strong></span> 
     </span>
    </p>
   </div>
   <div class='ocr_carea' id='block_1_45' title="bbox 356 4246 1954 4320">
    <p class='ocr_par' dir='ltr' id='par_1_45' title="bbox 356 4246 1954 4320">
     <span class='ocr_line' id='line_1_45' title="bbox 356 4246 1954 4320; baseline -0.004 -16"><span class='ocrx_word' id='word_1_290' title='bbox 356 4250 559 4304; x_wconf 89' lang='lat' dir='ltr'><strong>tiorem</strong></span> <span class='ocrx_word' id='word_1_291' title='bbox 589 4266 602 4303; x_wconf 90' lang='lat'><strong>:</strong></span> <span class='ocrx_word' id='word_1_292' title='bbox 637 4246 849 4305; x_wconf 84' lang='lat' dir='ltr'><strong>felicem</strong></span> <span class='ocrx_word' id='word_1_293' title='bbox 877 4248 1098 4320; x_wconf 91' lang='lat' dir='ltr'><strong>quidem</strong></span> <span class='ocrx_word' id='word_1_294' title='bbox 1128 4249 1427 4312; x_wconf 69' lang='lat' dir='ltr'><strong>Graeciam,</strong></span> <span class='ocrx_word' id='word_1_295' title='bbox 1469 4262 1588 4317; x_wconf 67' lang='lat' dir='ltr'><strong>quae</strong></span> <span class='ocrx_word' id='word_1_296' title='bbox 1631 4248 1830 4301; x_wconf 89' lang='lat' dir='ltr'><strong>meruit</strong></span> <span class='ocrx_word' id='word_1_297' title='bbox 1859 4260 1954 4298; x_wconf 90' lang='lat' dir='ltr'><strong>au-</strong></span> 
     </span>
    </p>
   </div>
   <div class='ocr_carea' id='block_1_46' title="bbox 2057 4150 3652 4226">
    <p class='ocr_par' dir='ltr' id='par_1_46' title="bbox 2057 4150 3652 4226">
     <span class='ocr_line' id='line_1_46' title="bbox 2057 4150 3652 4226; baseline 0.008 -24"><span class='ocrx_word' id='word_1_298' title='bbox 2057 4150 2274 4204; x_wconf 81' lang='lat' dir='ltr'><strong>codices</strong></span> <span class='ocrx_word' id='word_1_299' title='bbox 2301 4161 2511 4212; x_wconf 83' lang='lat' dir='ltr'><strong>nactus,</strong></span> <span class='ocrx_word' id='word_1_300' title='bbox 2544 4166 2731 4205; x_wconf 91' lang='lat' dir='ltr'><strong>eorum</strong></span> <span class='ocrx_word' id='word_1_301' title='bbox 2762 4151 3052 4208; x_wconf 86' lang='lat' dir='ltr'><strong>eollatione</strong></span> <span class='ocrx_word' id='word_1_302' title='bbox 3074 4155 3360 4226; x_wconf 82' lang='lat' dir='ltr'><strong>diligenter</strong></span> <span class='ocrx_word' id='word_1_303' title='bbox 3386 4162 3652 4226; x_wconf 81' lang='lat' dir='ltr'><strong>instituta,</strong></span> 
     </span>
    </p>
   </div>
   <div class='ocr_carea' id='block_1_47' title="bbox 2055 4244 3651 4315">
    <p class='ocr_par' dir='ltr' id='par_1_47' title="bbox 2055 4244 3651 4315">
     <span class='ocr_line' id='line_1_47' title="bbox 2055 4244 3651 4315; baseline 0.006 -18"><span class='ocrx_word' id='word_1_304' title='bbox 2055 4244 2308 4298; x_wconf 87' lang='lat' dir='ltr'><strong>eumdem</strong></span> <span class='ocrx_word' id='word_1_305' title='bbox 2352 4246 2522 4298; x_wconf 91' lang='lat' dir='ltr'><strong>sancti</strong></span> <span class='ocrx_word' id='word_1_306' title='bbox 2563 4245 2809 4315; x_wconf 82' lang='lat' dir='ltr'><strong>praesulis</strong></span> <span class='ocrx_word' id='word_1_307' title='bbox 2834 4246 3167 4303; x_wconf 85' lang='lat' dir='ltr'><strong>Turonensis</strong></span> <span class='ocrx_word' id='word_1_308' title='bbox 3212 4250 3454 4305; x_wconf 85' lang='lat' dir='ltr'><strong>libellum</strong></span> <span class='ocrx_word' id='word_1_309' title='bbox 3495 4254 3651 4310; x_wconf 80' lang='lat' dir='ltr'><strong>brevi</strong></span> 
     </span>
    </p>
   </div>
   <div class='ocr_carea' id='block_1_48' title="bbox 356 4339 3651 4414">
    <p class='ocr_par' dir='ltr' id='par_1_48' title="bbox 356 4339 3651 4414">
     <span class='ocr_line' id='line_1_48' title="bbox 356 4339 3651 4414; baseline 0.001 -18"><span class='ocrx_word' id='word_1_310' title='bbox 356 4342 478 4396; x_wconf 91' lang='lat' dir='ltr'><strong>dire</strong></span> <span class='ocrx_word' id='word_1_311' title='bbox 529 4341 852 4412; x_wconf 83' lang='lat' dir='ltr'><strong>Apostolum</strong></span> <span class='ocrx_word' id='word_1_312' title='bbox 903 4341 1331 4412; x_wconf 66' lang='lat' dir='ltr'><strong>prmdicantem;</strong></span> <span class='ocrx_word' id='word_1_313' title='bbox 1380 4339 1475 4395; x_wconf 89' lang='lat' dir='ltr'><strong>sed</strong></span> <span class='ocrx_word' id='word_1_314' title='bbox 1536 4353 1876 4407; x_wconf 82' lang='lat' dir='ltr'><strong>nequaquam</strong></span> <span class='ocrx_word' id='word_1_315' title='bbox 1923 4353 1953 4391; x_wconf 94' lang='lat' dir='ltr'><strong>a</strong></span> <span class='ocrx_word' id='word_1_316' title='bbox 2056 4341 2457 4394; x_wconf 89' lang='lat' dir='ltr'><strong>cmumentario</strong></span> <span class='ocrx_word' id='word_1_317' title='bbox 2503 4340 2829 4394; x_wconf 89' lang='lat' dir='ltr'><strong>illustratum</strong></span> <span class='ocrx_word' id='word_1_318' title='bbox 2879 4341 3292 4414; x_wconf 77' lang='lat' dir='ltr'><strong>subjectumque</strong></span> <span class='ocrx_word' id='word_1_319' title='bbox 3327 4346 3459 4401; x_wconf 79' lang='lat' dir='ltr'><strong>Vitae</strong></span> <span class='ocrx_word' id='word_1_320' title='bbox 3510 4350 3651 4405; x_wconf 82' lang='lat' dir='ltr'><strong>beati</strong></span> 
     </span>
    </p>
   </div>
   <div class='ocr_carea' id='block_1_49' title="bbox 355 4429 1954 4503">
    <p class='ocr_par' dir='ltr' id='par_1_49' title="bbox 355 4429 1954 4503">
     <span class='ocr_line' id='line_1_49' title="bbox 355 4429 1954 4503; baseline -0.002 -15"><span class='ocrx_word' id='word_1_321' title='bbox 355 4433 578 4489; x_wconf 84' lang='lat' dir='ltr'><strong>Christo</strong></span> <span class='ocrx_word' id='word_1_322' title='bbox 613 4432 816 4490; x_wconf 87' lang='lat' dir='ltr'><strong>Gallias</strong></span> <span class='ocrx_word' id='word_1_323' title='bbox 845 4431 1134 4489; x_wconf 86' lang='lat' dir='ltr'><strong>derelictas</strong></span> <span class='ocrx_word' id='word_1_324' title='bbox 1155 4473 1170 4499; x_wconf 92' lang='lat'><strong>,</strong></span> <span class='ocrx_word' id='word_1_325' title='bbox 1200 4431 1398 4503; x_wconf 86' lang='lat' dir='ltr'><strong>quibus</strong></span> <span class='ocrx_word' id='word_1_326' title='bbox 1428 4431 1715 4486; x_wconf 86' lang='lat' dir='ltr'><strong>donaverit</strong></span> <span class='ocrx_word' id='word_1_327' title='bbox 1752 4429 1954 4486; x_wconf 81' lang='lat' dir='ltr'><strong>habere</strong></span> 
     </span>
    </p>
   </div>
   <div class='ocr_carea' id='block_1_50' title="bbox 357 4526 1216 4597">
    <p class='ocr_par' dir='ltr' id='par_1_50' title="bbox 357 4526 1216 4597">
     <span class='ocr_line' id='line_1_50' title="bbox 357 4526 1216 4597; baseline -0.002 -15"><span class='ocrx_word' id='word_1_328' title='bbox 357 4526 674 4582; x_wconf 76' lang='lat' dir='ltr'><strong>Martinum.</strong></span> <span class='ocrx_word' id='word_1_329' title='bbox 709 4546 728 4580; x_wconf 74' lang='grc' dir='ltr'><strong><em>ι</em></strong></span> <span class='ocrx_word' id='word_1_330' title='bbox 763 4526 887 4583; x_wconf 69' lang='grc' dir='ltr'><strong>ιιειιο</strong></span> <span class='ocrx_word' id='word_1_331' title='bbox 920 4526 1216 4597; x_wconf 89' lang='lat' dir='ltr'><strong>Sulpicius.</strong></span> 
     </span>
    </p>
   </div>
   <div class='ocr_carea' id='block_1_51' title="bbox 434 4617 1958 4706">
    <p class='ocr_par' dir='ltr' id='par_1_51' title="bbox 434 4617 1958 4706">
     <span class='ocr_line' id='line_1_51' title="bbox 434 4617 1958 4706; baseline -0.002 -32"><span class='ocrx_word' id='word_1_332' title='bbox 434 4620 498 4676; x_wconf 86' lang='lat' dir='ltr'><strong>ll.</strong></span> <span class='ocrx_word' id='word_1_333' title='bbox 546 4620 716 4706; x_wconf 66' lang='lat' dir='ltr'><strong>Porro</strong></span> <span class='ocrx_word' id='word_1_334' title='bbox 753 4620 856 4674; x_wconf 86' lang='lat' dir='ltr'><strong>sub</strong></span> <span class='ocrx_word' id='word_1_335' title='bbox 900 4621 1036 4674; x_wconf 83' lang='lat' dir='ltr'><strong>tanti</strong></span> <span class='ocrx_word' id='word_1_336' title='bbox 1085 4618 1264 4674; x_wconf 88' lang='lat' dir='ltr'><strong>Patris</strong></span> <span class='ocrx_word' id='word_1_337' title='bbox 1313 4618 1533 4674; x_wconf 88' lang='lat' dir='ltr'><strong>nomine</strong></span> <span class='ocrx_word' id='word_1_338' title='bbox 1577 4617 1958 4674; x_wconf 83' lang='lat' dir='ltr'><strong>circumfertur</strong></span> 
     </span>
    </p>
   </div>
   <div class='ocr_carea' id='block_1_52' title="bbox 357 4710 1957 4784">
    <p class='ocr_par' dir='ltr' id='par_1_52' title="bbox 357 4710 1957 4784">
     <span class='ocr_line' id='line_1_52' title="bbox 357 4710 1957 4784; baseline -0.003 -16"><span class='ocrx_word' id='word_1_339' title='bbox 357 4713 632 4784; x_wconf 79' lang='lat' dir='ltr'><strong>Confessio</strong></span> <span class='ocrx_word' id='word_1_340' title='bbox 652 4710 824 4767; x_wconf 69' lang='lat' dir='ltr'><strong>Trium</strong></span> <span class='ocrx_word' id='word_1_341' title='bbox 841 4713 1053 4767; x_wconf 74' lang='lat' dir='ltr'><strong>unitatis</strong></span> <span class='ocrx_word' id='word_1_342' title='bbox 1080 4721 1126 4765; x_wconf 86' lang='lat' dir='ltr'><strong>et</strong></span> <span class='ocrx_word' id='word_1_343' title='bbox 1149 4711 1304 4766; x_wconf 79' lang='lat' dir='ltr'><strong>unius</strong></span> <span class='ocrx_word' id='word_1_344' title='bbox 1325 4710 1599 4766; x_wconf 74' lang='lat' dir='ltr'><strong>Trinitatis</strong></span> <span class='ocrx_word' id='word_1_345' title='bbox 1618 4754 1632 4776; x_wconf 94' lang='lat'><strong>,</strong></span> <span class='ocrx_word' id='word_1_346' title='bbox 1660 4712 1802 4784; x_wconf 82' lang='lat' dir='ltr'><strong>stylo</strong></span> <span class='ocrx_word' id='word_1_347' title='bbox 1827 4711 1957 4764; x_wconf 81' lang='lat' dir='ltr'><strong>sim—</strong></span> 
     </span>
    </p>
   </div>
   <div class='ocr_carea' id='block_1_53' title="bbox 357 4804 1961 4877">
    <p class='ocr_par' dir='ltr' id='par_1_53' title="bbox 357 4804 1961 4877">
     <span class='ocr_line' id='line_1_53' title="bbox 357 4804 1961 4877; baseline -0.002 -17"><span class='ocrx_word' id='word_1_348' title='bbox 357 4806 487 4877; x_wconf 88' lang='lat' dir='ltr'><strong>plici</strong></span> <span class='ocrx_word' id='word_1_349' title='bbox 520 4815 576 4860; x_wconf 89' lang='lat' dir='ltr'><strong>et</strong></span> <span class='ocrx_word' id='word_1_350' title='bbox 603 4805 798 4860; x_wconf 87' lang='lat' dir='ltr'><strong>alicubi</strong></span> <span class='ocrx_word' id='word_1_351' title='bbox 837 4807 1194 4868; x_wconf 85' lang='lat' dir='ltr'><strong>obscuriore,</strong></span> <span class='ocrx_word' id='word_1_352' title='bbox 1229 4805 1574 4860; x_wconf 84' lang='lat' dir='ltr'><strong>librariorum</strong></span> <span class='ocrx_word' id='word_1_353' title='bbox 1608 4804 1841 4859; x_wconf 89' lang='lat' dir='ltr'><strong>fortasse</strong></span> <span class='ocrx_word' id='word_1_354' title='bbox 1880 4806 1961 4859; x_wconf 89' lang='lat' dir='ltr'><strong>in-</strong></span> 
     </span>
    </p>
   </div>
   <div class='ocr_carea' id='block_1_54' title="bbox 355 4897 1962 4968">
    <p class='ocr_par' dir='ltr' id='par_1_54' title="bbox 355 4897 1962 4968">
     <span class='ocr_line' id='line_1_54' title="bbox 355 4897 1962 4968; baseline -0.002 -13"><span class='ocrx_word' id='word_1_355' title='bbox 355 4900 554 4963; x_wconf 83' lang='lat' dir='ltr'><strong>scitia,</strong></span> <span class='ocrx_word' id='word_1_356' title='bbox 601 4899 942 4968; x_wconf 79' lang='lat' dir='ltr'><strong>conscripta;</strong></span> <span class='ocrx_word' id='word_1_357' title='bbox 991 4913 1151 4968; x_wconf 90' lang='lat' dir='ltr'><strong>quam</strong></span> <span class='ocrx_word' id='word_1_358' title='bbox 1185 4913 1328 4952; x_wconf 92' lang='lat' dir='ltr'><strong>anno</strong></span> <span class='ocrx_word' id='word_1_359' title='bbox 1358 4898 1498 4953; x_wconf 74' lang='grc'>1512</span> <span class='ocrx_word' id='word_1_360' title='bbox 1540 4897 1747 4965; x_wconf 89' lang='lat' dir='ltr'><strong>primus</strong></span> <span class='ocrx_word' id='word_1_361' title='bbox 1791 4897 1962 4952; x_wconf 83' lang='lat' dir='ltr'><strong>edidit</strong></span> 
     </span>
    </p>
   </div>
   <div class='ocr_carea' id='block_1_55' title="bbox 357 4990 1956 5062">
    <p class='ocr_par' dir='ltr' id='par_1_55' title="bbox 357 4990 1956 5062">
     <span class='ocr_line' id='line_1_55' title="bbox 357 4990 1956 5062; baseline -0.003 -15"><span class='ocrx_word' id='word_1_362' title='bbox 357 5008 486 5047; x_wconf 89' lang='lat' dir='ltr'><strong>cum</strong></span> <span class='ocrx_word' id='word_1_363' title='bbox 534 4992 656 5046; x_wconf 84' lang='lat' dir='ltr'><strong>aliis</strong></span> <span class='ocrx_word' id='word_1_364' title='bbox 704 5002 949 5047; x_wconf 86' lang='lat' dir='ltr'><strong>veterum</strong></span> <span class='ocrx_word' id='word_1_365' title='bbox 993 4993 1271 5062; x_wconf 84' lang='lat' dir='ltr'><strong>opusculis</strong></span> <span class='ocrx_word' id='word_1_366' title='bbox 1315 4992 1550 5047; x_wconf 77' lang='lat' dir='ltr'><strong>.Iodot-us</strong></span> <span class='ocrx_word' id='word_1_367' title='bbox 1590 4990 1956 5046; x_wconf 82' lang='lat' dir='ltr'><strong>Cliehtoveus.</strong></span> 
     </span>
    </p>
   </div>
   <div class='ocr_carea' id='block_1_56' title="bbox 359 5084 1960 5155">
    <p class='ocr_par' dir='ltr' id='par_1_56' title="bbox 359 5084 1960 5155">
     <span class='ocr_line' id='line_1_56' title="bbox 359 5084 1960 5155; baseline -0.002 -13"><span class='ocrx_word' id='word_1_368' title='bbox 359 5086 638 5155; x_wconf 81' lang='lat' dir='ltr'><strong>Deinceps</strong></span> <span class='ocrx_word' id='word_1_369' title='bbox 669 5101 800 5140; x_wconf 90' lang='lat' dir='ltr'><strong>vero</strong></span> <span class='ocrx_word' id='word_1_370' title='bbox 827 5087 1025 5154; x_wconf 61' lang='lat' dir='ltr'><strong>sapius</strong></span> <span class='ocrx_word' id='word_1_371' title='bbox 1055 5086 1196 5141; x_wconf 88' lang='lat' dir='ltr'><strong>idem</strong></span> <span class='ocrx_word' id='word_1_372' title='bbox 1230 5086 1477 5150; x_wconf 87' lang='lat' dir='ltr'><strong>libellus,</strong></span> <span class='ocrx_word' id='word_1_373' title='bbox 1514 5084 1755 5139; x_wconf 89' lang='lat' dir='ltr'><strong>virormn</strong></span> <span class='ocrx_word' id='word_1_374' title='bbox 1783 5086 1960 5138; x_wconf 86' lang='lat' dir='ltr'><strong>erudi-</strong></span> 
     </span>
    </p>
   </div>
   <div class='ocr_carea' id='block_1_57' title="bbox 359 5179 1959 5248">
    <p class='ocr_par' dir='ltr' id='par_1_57' title="bbox 359 5179 1959 5248">
     <span class='ocr_line' id='line_1_57' title="bbox 359 5179 1959 5248; baseline -0.003 -13"><span class='ocrx_word' id='word_1_375' title='bbox 359 5189 545 5235; x_wconf 79' lang='lat' dir='ltr'><strong>torum</strong></span> <span class='ocrx_word' id='word_1_376' title='bbox 597 5179 743 5235; x_wconf 80' lang='lat' dir='ltr'><strong>Petri</strong></span> <span class='ocrx_word' id='word_1_377' title='bbox 796 5179 1026 5244; x_wconf 72' lang='lat' dir='ltr'><strong>Pitlitei,</strong></span> <span class='ocrx_word' id='word_1_378' title='bbox 1073 5181 1326 5248; x_wconf 79' lang='lat' dir='ltr'><strong>CaSparis</strong></span> <span class='ocrx_word' id='word_1_379' title='bbox 1375 5179 1578 5233; x_wconf 73' lang='lat' dir='ltr'><strong>Birthii</strong></span> <span class='ocrx_word' id='word_1_380' title='bbox 1608 5220 1622 5244; x_wconf 87' lang='lat'><strong>,</strong></span> <span class='ocrx_word' id='word_1_381' title='bbox 1667 5179 1959 5233; x_wconf 77' lang='lat' dir='ltr'><strong>Christiani</strong></span> 
     </span>
    </p>
   </div>
   <div class='ocr_carea' id='block_1_58' title="bbox 362 5270 1964 5341">
    <p class='ocr_par' dir='ltr' id='par_1_58' title="bbox 362 5270 1964 5341">
     <span class='ocr_line' id='line_1_58' title="bbox 362 5270 1964 5341; baseline -0.002 -15"><span class='ocrx_word' id='word_1_382' title='bbox 362 5271 578 5326; x_wconf 86' lang='lat' dir='ltr'><strong>Daumii</strong></span> <span class='ocrx_word' id='word_1_383' title='bbox 608 5271 948 5339; x_wconf 90' lang='lat' dir='ltr'><strong>aliorumque</strong></span> <span class='ocrx_word' id='word_1_384' title='bbox 979 5285 1144 5338; x_wconf 92' lang='lat' dir='ltr'><strong>opera</strong></span> <span class='ocrx_word' id='word_1_385' title='bbox 1165 5311 1180 5332; x_wconf 82' lang='lat'><strong>,</strong></span> <span class='ocrx_word' id='word_1_386' title='bbox 1215 5272 1356 5341; x_wconf 84' lang='lat' dir='ltr'><strong>typis</strong></span> <span class='ocrx_word' id='word_1_387' title='bbox 1389 5270 1572 5326; x_wconf 90' lang='lat' dir='ltr'><strong>denuo</strong></span> <span class='ocrx_word' id='word_1_388' title='bbox 1611 5272 1964 5340; x_wconf 81' lang='lat' dir='ltr'><strong>consignatus</strong></span> 
     </span>
    </p>
   </div>
   <div class='ocr_carea' id='block_1_59' title="bbox 357 5362 1962 5434">
    <p class='ocr_par' dir='ltr' id='par_1_59' title="bbox 357 5362 1962 5434">
     <span class='ocr_line' id='line_1_59' title="bbox 357 5362 1962 5434; baseline 0 -18"><span class='ocrx_word' id='word_1_389' title='bbox 357 5363 722 5431; x_wconf 82' lang='lat' dir='ltr'><strong>comperitur.</strong></span> <span class='ocrx_word' id='word_1_390' title='bbox 767 5362 954 5417; x_wconf 65' lang='lat' dir='ltr'><strong>Exstat</strong></span> <span class='ocrx_word' id='word_1_391' title='bbox 999 5375 1266 5431; x_wconf 58' lang='lat' dir='ltr'><strong>prati-rea</strong></span> <span class='ocrx_word' id='word_1_392' title='bbox 1316 5365 1366 5417; x_wconf 91' lang='lat' dir='ltr'><strong>in</strong></span> <span class='ocrx_word' id='word_1_393' title='bbox 1427 5364 1698 5434; x_wconf 79' lang='lat' dir='ltr'><strong>plerisque</strong></span> <span class='ocrx_word' id='word_1_394' title='bbox 1744 5363 1962 5417; x_wconf 80' lang='lat' dir='ltr'><strong>Patrum</strong></span> 
     </span>
    </p>
   </div>
   <div class='ocr_carea' id='block_1_60' title="bbox 2060 4427 3655 4505">
    <p class='ocr_par' dir='ltr' id='par_1_60' title="bbox 2060 4427 3655 4505">
     <span class='ocr_line' id='line_1_60' title="bbox 2060 4427 3655 4505; baseline 0.009 -23"><span class='ocrx_word' id='word_1_395' title='bbox 2060 4427 2274 4484; x_wconf 80' lang='lat' dir='ltr'><strong>Martini</strong></span> <span class='ocrx_word' id='word_1_396' title='bbox 2302 4445 2329 4483; x_wconf 87' lang='lat' dir='ltr'><strong>a</strong></span> <span class='ocrx_word' id='word_1_397' title='bbox 2358 4429 2599 4499; x_wconf 87' lang='lat' dir='ltr'><strong>Sulpicio</strong></span> <span class='ocrx_word' id='word_1_398' title='bbox 2623 4431 2831 4487; x_wconf 88' lang='lat' dir='ltr'><strong>Severo</strong></span> <span class='ocrx_word' id='word_1_399' title='bbox 2848 4435 3194 4504; x_wconf 67' lang='lat' dir='ltr'><strong>conscriptae,</strong></span> <span class='ocrx_word' id='word_1_400' title='bbox 3218 4438 3368 4505; x_wconf 86' lang='lat' dir='ltr'><strong>prelo</strong></span> <span class='ocrx_word' id='word_1_401' title='bbox 3381 4442 3655 4496; x_wconf 67' lang='lat' dir='ltr'><strong>Commisit</strong></span> 
     </span>
    </p>
   </div>
   <div class='ocr_carea' id='block_1_61' title="bbox 2061 4524 3655 4597">
    <p class='ocr_par' dir='ltr' id='par_1_61' title="bbox 2061 4524 3655 4597">
     <span class='ocr_line' id='line_1_61' title="bbox 2061 4524 3655 4597; baseline 0.008 -17"><span class='ocrx_word' id='word_1_402' title='bbox 2061 4524 2283 4580; x_wconf 83' lang='lat' dir='ltr'><strong>Parisiis</strong></span> <span class='ocrx_word' id='word_1_403' title='bbox 2311 4541 2454 4580; x_wconf 83' lang='lat' dir='ltr'><strong>anno</strong></span> <span class='ocrx_word' id='word_1_404' title='bbox 2497 4525 2653 4580; x_wconf 81' lang='grc'>1571.</span> <span class='ocrx_word' id='word_1_405' title='bbox 2698 4525 3145 4597; x_wconf 87' lang='lat' dir='ltr'><strong>Quandoquidem</strong></span> <span class='ocrx_word' id='word_1_406' title='bbox 3193 4547 3322 4586; x_wconf 82' lang='lat' dir='ltr'><strong>vero</strong></span> <span class='ocrx_word' id='word_1_407' title='bbox 3364 4534 3500 4587; x_wconf 87' lang='lat' dir='ltr'><strong>hanc</strong></span> <span class='ocrx_word' id='word_1_408' title='bbox 3542 4539 3655 4592; x_wconf 86' lang='lat' dir='ltr'><strong>edi-</strong></span> 
     </span>
    </p>
   </div>
   <div class='ocr_carea' id='block_1_62' title="bbox 2063 4616 3650 4691">
    <p class='ocr_par' dir='ltr' id='par_1_62' title="bbox 2063 4616 3650 4691">
     <span class='ocr_line' id='line_1_62' title="bbox 2063 4616 3650 4691; baseline 0.008 -21"><span class='ocrx_word' id='word_1_409' title='bbox 2063 4618 2264 4671; x_wconf 90' lang='lat' dir='ltr'><strong>tionem</strong></span> <span class='ocrx_word' id='word_1_410' title='bbox 2295 4616 2520 4685; x_wconf 81' lang='lat' dir='ltr'><strong>reliquis</strong></span> <span class='ocrx_word' id='word_1_411' title='bbox 2549 4618 2719 4672; x_wconf 90' lang='lat' dir='ltr'><strong>multo</strong></span> <span class='ocrx_word' id='word_1_412' title='bbox 2747 4620 3175 4676; x_wconf 87' lang='lat' dir='ltr'><strong>emendatiorem</strong></span> <span class='ocrx_word' id='word_1_413' title='bbox 3221 4628 3396 4679; x_wconf 83' lang='lat' dir='ltr'><strong>secuti</strong></span> <span class='ocrx_word' id='word_1_414' title='bbox 3426 4643 3614 4681; x_wconf 81' lang='lat' dir='ltr'><strong>sumus</strong></span> <span class='ocrx_word' id='word_1_415' title='bbox 3636 4673 3650 4691; x_wconf 83' lang='lat'><strong>.</strong></span> 
     </span>
    </p>
   </div>
   <div class='ocr_carea' id='block_1_63' title="bbox 2061 4715 3656 4789">
    <p class='ocr_par' dir='ltr' id='par_1_63' title="bbox 2061 4715 3656 4789">
     <span class='ocr_line' id='line_1_63' title="bbox 2061 4715 3656 4789; baseline 0.006 -23"><span class='ocrx_word' id='word_1_416' title='bbox 2061 4727 2181 4781; x_wconf 61' lang='lat' dir='ltr'><strong>quas</strong></span> <span class='ocrx_word' id='word_1_417' title='bbox 2222 4722 2482 4782; x_wconf 57' lang='lat' dir='ltr'><strong>prmterea</strong></span> <span class='ocrx_word' id='word_1_418' title='bbox 2526 4715 2667 4769; x_wconf 83' lang='lat' dir='ltr'><strong>inter</strong></span> <span class='ocrx_word' id='word_1_419' title='bbox 2700 4715 2934 4769; x_wconf 87' lang='lat' dir='ltr'><strong>rariores</strong></span> <span class='ocrx_word' id='word_1_420' title='bbox 2966 4730 3280 4772; x_wconf 87' lang='lat' dir='ltr'><strong>recensetur</strong></span> <span class='ocrx_word' id='word_1_421' title='bbox 3309 4720 3386 4788; x_wconf 79' lang='grc' dir='ltr'><strong>(ά)</strong></span> <span class='ocrx_word' id='word_1_422' title='bbox 3408 4737 3427 4786; x_wconf 88' lang='grc'><em>;</em></span> <span class='ocrx_word' id='word_1_423' title='bbox 3453 4722 3656 4789; x_wconf 87' lang='lat' dir='ltr'><strong>juverit</strong></span> 
     </span>
    </p>
   </div>
   <div class='ocr_carea' id='block_1_64' title="bbox 2062 4804 3655 4874">
    <p class='ocr_par' dir='ltr' id='par_1_64' title="bbox 2062 4804 3655 4874">
     <span class='ocr_line' id='line_1_64' title="bbox 2062 4804 3655 4874; baseline 0.008 -18"><span class='ocrx_word' id='word_1_424' title='bbox 2062 4804 2291 4874; x_wconf 88' lang='lat' dir='ltr'><strong>proinde</strong></span> <span class='ocrx_word' id='word_1_425' title='bbox 2317 4807 2573 4858; x_wconf 87' lang='lat' dir='ltr'><strong>nonnulla</strong></span> <span class='ocrx_word' id='word_1_426' title='bbox 2600 4822 2661 4859; x_wconf 78' lang='lat' dir='ltr'><strong>ex</strong></span> <span class='ocrx_word' id='word_1_427' title='bbox 2694 4807 2884 4860; x_wconf 80' lang='lat' dir='ltr'><strong>eodem</strong></span> <span class='ocrx_word' id='word_1_428' title='bbox 2913 4808 3205 4863; x_wconf 85' lang='lat' dir='ltr'><strong>Parisiensi</strong></span> <span class='ocrx_word' id='word_1_429' title='bbox 3235 4812 3440 4867; x_wconf 86' lang='lat' dir='ltr'><strong>edi;ore</strong></span> <span class='ocrx_word' id='word_1_430' title='bbox 3467 4814 3518 4868; x_wconf 89' lang='lat' dir='ltr'><strong>in</strong></span> <span class='ocrx_word' id='word_1_431' title='bbox 3545 4832 3655 4870; x_wconf 88' lang='lat' dir='ltr'><strong>me-</strong></span> 
     </span>
    </p>
   </div>
   <div class='ocr_carea' id='block_1_65' title="bbox 2063 4897 3653 4968">
    <p class='ocr_par' dir='ltr' id='par_1_65' title="bbox 2063 4897 3653 4968">
     <span class='ocr_line' id='line_1_65' title="bbox 2063 4897 3653 4968; baseline 0.007 -16"><span class='ocrx_word' id='word_1_432' title='bbox 2063 4897 2214 4952; x_wconf 91' lang='lat' dir='ltr'><strong>dium</strong></span> <span class='ocrx_word' id='word_1_433' title='bbox 2259 4901 2530 4965; x_wconf 70' lang='lat' dir='ltr'><strong>proferre,</strong></span> <span class='ocrx_word' id='word_1_434' title='bbox 2580 4898 2777 4968; x_wconf 88' lang='lat' dir='ltr'><strong>quibus</strong></span> <span class='ocrx_word' id='word_1_435' title='bbox 2820 4900 2944 4954; x_wconf 89' lang='lat' dir='ltr'><strong>dum</strong></span> <span class='ocrx_word' id='word_1_436' title='bbox 2979 4901 3073 4955; x_wconf 89' lang='lat' dir='ltr'><strong>ille</strong></span> <span class='ocrx_word' id='word_1_437' title='bbox 3118 4903 3350 4956; x_wconf 83' lang='lat' dir='ltr'><strong>studium</strong></span> <span class='ocrx_word' id='word_1_438' title='bbox 3401 4921 3556 4960; x_wconf 91' lang='lat' dir='ltr'><strong>suum</strong></span> <span class='ocrx_word' id='word_1_439' title='bbox 3602 4910 3653 4962; x_wconf 92' lang='lat' dir='ltr'><strong>in</strong></span> 
     </span>
    </p>
   </div>
   <div class='ocr_carea' id='block_1_66' title="bbox 2065 4991 3653 5066">
    <p class='ocr_par' dir='ltr' id='par_1_66' title="bbox 2065 4991 3653 5066">
     <span class='ocr_line' id='line_1_66' title="bbox 2065 4991 3653 5066; baseline 0.004 -22"><span class='ocrx_word' id='word_1_440' title='bbox 2065 4991 2205 5045; x_wconf 85' lang='lat' dir='ltr'><strong>hanc</strong></span> <span class='ocrx_word' id='word_1_441' title='bbox 2249 4992 2480 5061; x_wconf 81' lang='lat' dir='ltr'><strong>opellam</strong></span> <span class='ocrx_word' id='word_1_442' title='bbox 2520 4993 2820 5060; x_wconf 82' lang='lat' dir='ltr'><strong>impensum</strong></span> <span class='ocrx_word' id='word_1_443' title='bbox 2872 4995 3078 5062; x_wconf 86' lang='lat' dir='ltr'><strong>prodit,</strong></span> <span class='ocrx_word' id='word_1_444' title='bbox 3123 4997 3242 5062; x_wconf 90' lang='lat' dir='ltr'><strong>ejus</strong></span> <span class='ocrx_word' id='word_1_445' title='bbox 3290 5000 3493 5066; x_wconf 84' lang='lat' dir='ltr'><strong>pariter</strong></span> <span class='ocrx_word' id='word_1_446' title='bbox 3540 5005 3653 5058; x_wconf 79' lang='lat' dir='ltr'><strong>sive</strong></span> 
     </span>
    </p>
   </div>
   <div class='ocr_carea' id='block_1_67' title="bbox 2065 5086 3652 5165">
    <p class='ocr_par' dir='ltr' id='par_1_67' title="bbox 2065 5086 3652 5165">
     <span class='ocr_line' id='line_1_67' title="bbox 2065 5086 3652 5165; baseline 0.008 -27"><span class='ocrx_word' id='word_1_447' title='bbox 2065 5087 2455 5155; x_wconf 81' lang='lat' dir='ltr'><strong>integritatem,</strong></span> <span class='ocrx_word' id='word_1_448' title='bbox 2484 5086 2596 5138; x_wconf 84' lang='lat' dir='ltr'><strong>sive</strong></span> <span class='ocrx_word' id='word_1_449' title='bbox 2618 5087 2849 5155; x_wconf 83' lang='lat' dir='ltr'><strong>pretium</strong></span> <span class='ocrx_word' id='word_1_450' title='bbox 2883 5090 3094 5140; x_wconf 82' lang='lat' dir='ltr'><strong>astruit.</strong></span> <span class='ocrx_word' id='word_1_451' title='bbox 3126 5090 3393 5159; x_wconf 72' lang='lat' dir='ltr'><strong>Sicigttur</strong></span> <span class='ocrx_word' id='word_1_452' title='bbox 3428 5094 3519 5148; x_wconf 87' lang='lat' dir='ltr'><strong>ille</strong></span> <span class='ocrx_word' id='word_1_453' title='bbox 3544 5094 3652 5165; x_wconf 90' lang='lat' dir='ltr'><strong>(e):</strong></span> 
     </span>
    </p>
   </div>
   <div class='ocr_carea' id='block_1_68' title="bbox 2072 5177 3656 5247">
    <p class='ocr_par' dir='ltr' id='par_1_68' title="bbox 2072 5177 3656 5247">
     <span class='ocr_line' id='line_1_68' title="bbox 2072 5177 3656 5247; baseline 0.007 -18"><span class='ocrx_word' id='word_1_454' title='bbox 2072 5196 2088 5229; x_wconf 73' lang='grc' dir='ltr'>ι</span> <span class='ocrx_word' id='word_1_455' title='bbox 2117 5177 2266 5241; x_wconf 86' lang='lat' dir='ltr'><strong>Tria,</strong></span> <span class='ocrx_word' id='word_1_456' title='bbox 2295 5178 2493 5247; x_wconf 85' lang='lat' dir='ltr'><strong>inquit,</strong></span> <span class='ocrx_word' id='word_1_457' title='bbox 2532 5195 2559 5231; x_wconf 90' lang='lat' dir='ltr'><strong>e</strong></span> <span class='ocrx_word' id='word_1_458' title='bbox 2588 5181 2819 5232; x_wconf 73' lang='lat' dir='ltr'><strong>diversis</strong></span> <span class='ocrx_word' id='word_1_459' title='bbox 2845 5180 3197 5236; x_wconf 79' lang='lat' dir='ltr'><strong>bibliothecis</strong></span> <span class='ocrx_word' id='word_1_460' title='bbox 3230 5184 3500 5238; x_wconf 86' lang='lat' dir='ltr'><strong>volumina</strong></span> <span class='ocrx_word' id='word_1_461' title='bbox 3527 5187 3656 5242; x_wconf 84' lang='lat' dir='ltr'><strong>mihi</strong></span> 
     </span>
    </p>
   </div>
   <div class='ocr_carea' id='block_1_69' title="bbox 2068 5272 3654 5344">
    <p class='ocr_par' dir='ltr' id='par_1_69' title="bbox 2068 5272 3654 5344">
     <span class='ocr_line' id='line_1_69' title="bbox 2068 5272 3654 5344; baseline 0.001 -20"><span class='ocrx_word' id='word_1_462' title='bbox 2068 5272 2270 5342; x_wconf 88' lang='lat' dir='ltr'><strong>prolata</strong></span> <span class='ocrx_word' id='word_1_463' title='bbox 2309 5281 2462 5333; x_wconf 91' lang='lat' dir='ltr'><strong>sunt,</strong></span> <span class='ocrx_word' id='word_1_464' title='bbox 2512 5288 2629 5337; x_wconf 66' lang='lat' dir='ltr'><strong>quas</strong></span> <span class='ocrx_word' id='word_1_465' title='bbox 2680 5288 2869 5326; x_wconf 87' lang='lat' dir='ltr'><strong>manus</strong></span> <span class='ocrx_word' id='word_1_466' title='bbox 2913 5274 3022 5340; x_wconf 53' lang='lat' dir='ltr'><strong>ipsa</strong></span> <span class='ocrx_word' id='word_1_467' title='bbox 3050 5315 3062 5336; x_wconf 88' lang='lat'><strong>,</strong></span> <span class='ocrx_word' id='word_1_468' title='bbox 3107 5275 3241 5327; x_wconf 89' lang='lat' dir='ltr'><strong>satis</strong></span> <span class='ocrx_word' id='word_1_469' title='bbox 3277 5279 3654 5344; x_wconf 50' lang='lat' dir='ltr'><strong>atclitluisgima</strong></span> 
     </span>
    </p>
   </div>
   <div class='ocr_carea' id='block_1_70' title="bbox 2066 5364 3658 5436">
    <p class='ocr_par' dir='ltr' id='par_1_70' title="bbox 2066 5364 3658 5436">
     <span class='ocr_line' id='line_1_70' title="bbox 2066 5364 3658 5436; baseline 0.006 -18"><span class='ocrx_word' id='word_1_470' title='bbox 2066 5379 2190 5418; x_wconf 89' lang='lat' dir='ltr'><strong>esse</strong></span> <span class='ocrx_word' id='word_1_471' title='bbox 2221 5365 2631 5418; x_wconf 82' lang='lat' dir='ltr'><strong>eontestabatur</strong></span> <span class='ocrx_word' id='word_1_472' title='bbox 2660 5383 2669 5415; x_wconf 92' lang='lat'>:</span> <span class='ocrx_word' id='word_1_473' title='bbox 2704 5364 3050 5419; x_wconf 79' lang='lat' dir='ltr'><strong>characteres</strong></span> <span class='ocrx_word' id='word_1_474' title='bbox 3079 5368 3221 5419; x_wconf 88' lang='lat' dir='ltr'><strong>enim</strong></span> <span class='ocrx_word' id='word_1_475' title='bbox 3255 5369 3374 5421; x_wconf 85' lang='lat' dir='ltr'><strong>aliis</strong></span> <span class='ocrx_word' id='word_1_476' title='bbox 3411 5372 3497 5436; x_wconf 78' lang='lat' dir='ltr'><strong>qui</strong></span> <span class='ocrx_word' id='word_1_477' title='bbox 3532 5382 3658 5427; x_wconf 86' lang='lat' dir='ltr'><strong>ante</strong></span> 
     </span>
    </p>
   </div>
   <div class='ocr_carea' id='block_1_71' title="bbox 358 5449 3658 5527">
    <p class='ocr_par' dir='ltr' id='par_1_71' title="bbox 358 5449 3658 5527">
     <span class='ocr_line' id='line_1_71' title="bbox 358 5449 3658 5527; baseline 0.001 -14"><span class='ocrx_word' id='word_1_478' title='bbox 358 5456 712 5513; x_wconf 81' lang='lat' dir='ltr'><strong>bibliothecis</strong></span> <span class='ocrx_word' id='word_1_479' title='bbox 733 5468 784 5510; x_wconf 91' lang='lat' dir='ltr'><strong>et</strong></span> <span class='ocrx_word' id='word_1_480' title='bbox 812 5455 865 5510; x_wconf 89' lang='lat' dir='ltr'><strong>in</strong></span> <span class='ocrx_word' id='word_1_481' title='bbox 888 5456 1306 5511; x_wconf 64' lang='lat' dir='ltr'><strong>Colla-tionibus</strong></span> <span class='ocrx_word' id='word_1_482' title='bbox 1328 5456 1680 5512; x_wconf 71' lang='lat' dir='ltr'><strong>conciliorum</strong></span> <span class='ocrx_word' id='word_1_483' title='bbox 1706 5473 1955 5512; x_wconf 81' lang='lat' dir='ltr'><strong>excusus.</strong></span> <span class='ocrx_word' id='word_1_484' title='bbox 1991 5449 2034 5511; x_wconf 90' lang='lat' dir='ltr'><strong>C</strong></span> <span class='ocrx_word' id='word_1_485' title='bbox 2067 5457 2216 5512; x_wconf 89' lang='lat' dir='ltr'><strong>mille</strong></span> <span class='ocrx_word' id='word_1_486' title='bbox 2237 5472 2408 5511; x_wconf 83' lang='lat' dir='ltr'><strong>annos</strong></span> <span class='ocrx_word' id='word_1_487' title='bbox 2433 5457 2487 5510; x_wconf 90' lang='lat' dir='ltr'><strong>in</strong></span> <span class='ocrx_word' id='word_1_488' title='bbox 2517 5473 2612 5511; x_wconf 90' lang='lat' dir='ltr'><strong>usu</strong></span> <span class='ocrx_word' id='word_1_489' title='bbox 2641 5468 2824 5522; x_wconf 85' lang='lat' dir='ltr'><strong>erant,</strong></span> <span class='ocrx_word' id='word_1_490' title='bbox 2855 5458 3062 5520; x_wconf 83' lang='lat' dir='ltr'><strong>collati.</strong></span> <span class='ocrx_word' id='word_1_491' title='bbox 3092 5461 3396 5527; x_wconf 84' lang='lat' dir='ltr'><strong>persimiles</strong></span> <span class='ocrx_word' id='word_1_492' title='bbox 3419 5465 3658 5519; x_wconf 91' lang='lat' dir='ltr'><strong>omnium</strong></span> 
     </span>
    </p>
   </div>
   <div class='ocr_carea' id='block_1_72' title="bbox 439 5613 1958 5688">
    <p class='ocr_par' dir='ltr' id='par_1_72' title="bbox 439 5613 1958 5688">
     <span class='ocr_line' id='line_1_72' title="bbox 439 5613 1958 5688; baseline 0.003 -21"><span class='ocrx_word' id='word_1_493' title='bbox 439 5613 710 5688; x_wconf 81' lang='lat' dir='ltr'><strong>(a)_Su|p.</strong></span> <span class='ocrx_word' id='word_1_494' title='bbox 763 5613 890 5688; x_wconf 88' lang='lat' dir='ltr'><strong>S_e_v.</strong></span> <span class='ocrx_word' id='word_1_495' title='bbox 945 5614 1016 5688; x_wconf 83' lang='lat' dir='ltr'><strong>de</strong></span> <span class='ocrx_word' id='word_1_496' title='bbox 1061 5615 1174 5688; x_wconf 48' lang='lat' dir='ltr'><strong>llit.</strong></span> <span class='ocrx_word' id='word_1_497' title='bbox 1243 5616 1300 5669; x_wconf 87' lang='grc' dir='ltr'><strong>Β.</strong></span> <span class='ocrx_word' id='word_1_498' title='bbox 1347 5615 1501 5670; x_wconf 85' lang='lat' dir='ltr'><strong>.‘llart.</strong></span> <span class='ocrx_word' id='word_1_499' title='bbox 1535 5631 1652 5687; x_wconf 86' lang='lat' dir='ltr'><strong>cap.</strong></span> <span class='ocrx_word' id='word_1_500' title='bbox 1700 5617 1786 5670; x_wconf 62' lang='lat'><strong>&quot;25.</strong></span> <span class='ocrx_word' id='word_1_501' title='bbox 1835 5632 1958 5688; x_wconf 90' lang='lat' dir='ltr'><strong>opp.</strong></span> 
     </span>
    </p>
   </div>
   <div class='ocr_carea' id='block_1_73' title="bbox 362 5683 1440 5754">
    <p class='ocr_par' dir='ltr' id='par_1_73' title="bbox 362 5683 1440 5754">
     <span class='ocr_line' id='line_1_73' title="bbox 362 5683 1440 5754; baseline -0.004 -10"><span class='ocrx_word' id='word_1_502' title='bbox 362 5695 505 5744; x_wconf 74' lang='lat' dir='ltr'><strong>tarn.</strong></span> <span class='ocrx_word' id='word_1_503' title='bbox 539 5684 587 5744; x_wconf 84' lang='lat' dir='ltr'><strong>I.</strong></span> <span class='ocrx_word' id='word_1_504' title='bbox 623 5701 741 5754; x_wconf 72' lang='lat' dir='ltr'><strong>pag.</strong></span> <span class='ocrx_word' id='word_1_505' title='bbox 777 5683 868 5751; x_wconf 71' lang='grc'><strong>54,</strong></span> <span class='ocrx_word' id='word_1_506' title='bbox 899 5687 1030 5740; x_wconf 90' lang='lat' dir='ltr'><strong>edit.</strong></span> <span class='ocrx_word' id='word_1_507' title='bbox 1059 5685 1254 5741; x_wconf 82' lang='lat' dir='ltr'><strong>Veron.</strong></span> <span class='ocrx_word' id='word_1_508' title='bbox 1284 5687 1440 5740; x_wconf 73' lang='lat' dir='ltr'><strong>17M.</strong></span> 
     </span>
    </p>
   </div>
   <div class='ocr_carea' id='block_1_74' title="bbox 441 5757 1661 5829">
    <p class='ocr_par' dir='ltr' id='par_1_74' title="bbox 441 5757 1661 5829">
     <span class='ocr_line' id='line_1_74' title="bbox 441 5757 1661 5829; baseline 0.001 -19"><span class='ocrx_word' id='word_1_509' title='bbox 441 5758 522 5829; x_wconf 73' lang='lat' dir='ltr'><strong>(lt)</strong></span> <span class='ocrx_word' id='word_1_510' title='bbox 563 5757 643 5829; x_wconf 86' lang='lat' dir='ltr'><strong>l_d.</strong></span> <span class='ocrx_word' id='word_1_511' title='bbox 675 5758 810 5829; x_wconf 71' lang='lat' dir='ltr'><strong>Diui.</strong></span> <span class='ocrx_word' id='word_1_512' title='bbox 837 5773 913 5829; x_wconf 69' lang='lat' dir='ltr'><strong>in,</strong></span> <span class='ocrx_word' id='word_1_513' title='bbox 946 5772 1069 5827; x_wconf 89' lang='lat' dir='ltr'><strong>cap.</strong></span> <span class='ocrx_word' id='word_1_514' title='bbox 1098 5759 1188 5822; x_wconf 85' lang='grc'>17,</span> <span class='ocrx_word' id='word_1_515' title='bbox 1220 5760 1348 5812; x_wconf 87' lang='lat' dir='ltr'><strong>ibid.</strong></span> <span class='ocrx_word' id='word_1_516' title='bbox 1377 5774 1511 5829; x_wconf 79' lang='lat' dir='ltr'><strong>page</strong></span> <span class='ocrx_word' id='word_1_517' title='bbox 1542 5759 1661 5814; x_wconf 72' lang='lat' dir='ltr'><strong>HG.</strong></span> 
     </span>
    </p>
   </div>
   <div class='ocr_carea' id='block_1_75' title="bbox 446 5827 1961 5903">
    <p class='ocr_par' dir='ltr' id='par_1_75' title="bbox 446 5827 1961 5903">
     <span class='ocr_line' id='line_1_75' title="bbox 446 5827 1961 5903; baseline 0.001 -21"><span class='ocrx_word' id='word_1_518' title='bbox 446 5827 520 5901; x_wconf 84' lang='lat' dir='ltr'><strong>(c)</strong></span> <span class='ocrx_word' id='word_1_519' title='bbox 563 5827 814 5884; x_wconf 89' lang='lat' dir='ltr'><strong>Combef.</strong></span> <span class='ocrx_word' id='word_1_520' title='bbox 863 5828 1006 5884; x_wconf 90' lang='lat' dir='ltr'><strong>Bibl.</strong></span> <span class='ocrx_word' id='word_1_521' title='bbox 1060 5829 1229 5884; x_wconf 88' lang='lat' dir='ltr'><strong>Couc.</strong></span> <span class='ocrx_word' id='word_1_522' title='bbox 1293 5841 1423 5885; x_wconf 92' lang='lat' dir='ltr'><strong>tom.</strong></span> <span class='ocrx_word' id='word_1_523' title='bbox 1452 5827 1606 5895; x_wconf 10' lang='lat' dir='ltr'><strong>SVIII,</strong></span> <span class='ocrx_word' id='word_1_524' title='bbox 1660 5845 1779 5903; x_wconf 85' lang='lat' dir='ltr'><strong>pag.</strong></span> <span class='ocrx_word' id='word_1_525' title='bbox 1825 5828 1961 5896; x_wconf 67' lang='grc'><strong>470,</strong></span> 
     </span>
    </p>
   </div>
   <div class='ocr_carea' id='block_1_76' title="bbox 655 5921 1228 5983">
    <p class='ocr_par' dir='ltr' id='par_1_76' title="bbox 655 5921 1228 5983">
     <span class='ocr_line' id='line_1_76' title="bbox 655 5921 1228 5983; baseline -0.003 -1"><span class='ocrx_word' id='word_1_526' title='bbox 655 5921 932 5983; x_wconf 67' lang='lat' dir='ltr'><strong>Panos.</strong></span> <span class='ocrx_word' id='word_1_527' title='bbox 999 5921 1228 5983; x_wconf 77' lang='lat' dir='ltr'><strong>XVIII.</strong></span> 
     </span>
    </p>
   </div>
   <div class='ocr_carea' id='block_1_77' title="bbox 2074 5616 3655 5760">
    <p class='ocr_par' dir='ltr' id='par_1_77' title="bbox 2074 5616 3655 5760">
     <span class='ocr_line' id='line_1_77' title="bbox 2074 5616 3655 5760; baseline -0.013 0"><span class='ocrx_word' id='word_1_528' title='bbox 2074 5616 2239 5757; x_wconf 43' lang='lat' dir='ltr'><strong>&quot;eiii;</strong></span> <span class='ocrx_word' id='word_1_529' title='bbox 2269 5616 2458 5741; x_wconf 43' lang='grc' dir='ltr'><strong>ἓῖθυηῖ·</strong></span> <span class='ocrx_word' id='word_1_530' title='bbox 2492 5688 2698 5760; x_wconf 55' lang='lat' dir='ltr'><strong>lll‘mfat.</strong></span> <span class='ocrx_word' id='word_1_531' title='bbox 2725 5688 2788 5741; x_wconf 79' lang='lat' dir='ltr'><strong>ad</strong></span> <span class='ocrx_word' id='word_1_532' title='bbox 2822 5705 3012 5756; x_wconf 86' lang='lat' dir='ltr'><strong>opusc.</strong></span> <span class='ocrx_word' id='word_1_533' title='bbox 3036 5689 3103 5743; x_wconf 83' lang='lat' dir='ltr'><strong>de</strong></span> <span class='ocrx_word' id='word_1_534' title='bbox 3128 5690 3181 5744; x_wconf 82' lang='lat' dir='ltr'><strong>S.</strong></span> <span class='ocrx_word' id='word_1_535' title='bbox 3211 5688 3402 5742; x_wconf 77' lang='lat' dir='ltr'><strong>Trinit.</strong></span> <span class='ocrx_word' id='word_1_536' title='bbox 3442 5707 3559 5760; x_wconf 59' lang='lat' dir='ltr'><strong>pug.</strong></span> <span class='ocrx_word' id='word_1_537' title='bbox 3603 5697 3655 5749; x_wconf 84' lang='grc'>7,</span> 
     </span>
    </p>
   </div>
   <div class='ocr_carea' id='block_1_78' title="bbox 2076 5758 3656 5832">
    <p class='ocr_par' dir='ltr' id='par_1_78' title="bbox 2076 5758 3656 5832">
     <span class='ocr_line' id='line_1_78' title="bbox 2076 5758 3656 5832; baseline 0.001 -19"><span class='ocrx_word' id='word_1_538' title='bbox 2076 5759 2212 5832; x_wconf 66' lang='lat' dir='ltr'><strong>Hist.</strong></span> <span class='ocrx_word' id='word_1_539' title='bbox 2253 5759 2350 5832; x_wconf 67' lang='lat' dir='ltr'><strong>litt.</strong></span> <span class='ocrx_word' id='word_1_540' title='bbox 2396 5760 2456 5813; x_wconf 85' lang='lat' dir='ltr'><strong>de</strong></span> <span class='ocrx_word' id='word_1_541' title='bbox 2486 5760 2534 5812; x_wconf 86' lang='lat' dir='ltr'><strong>la</strong></span> <span class='ocrx_word' id='word_1_542' title='bbox 2569 5758 2800 5832; x_wconf 73' lang='lat' dir='ltr'><strong>France,</strong></span> <span class='ocrx_word' id='word_1_543' title='bbox 2837 5772 2965 5832; x_wconf 78' lang='lat' dir='ltr'><strong>tum.</strong></span> <span class='ocrx_word' id='word_1_544' title='bbox 3004 5761 3056 5824; x_wconf 89' lang='grc' dir='ltr'><strong>Ι,</strong></span> <span class='ocrx_word' id='word_1_545' title='bbox 3093 5769 3228 5828; x_wconf 80' lang='lat' dir='ltr'><strong>patt.</strong></span> <span class='ocrx_word' id='word_1_546' title='bbox 3275 5776 3333 5826; x_wconf 87' lang='lat' dir='ltr'><strong>tt,</strong></span> <span class='ocrx_word' id='word_1_547' title='bbox 3379 5758 3656 5832; x_wconf 31' lang='lat' dir='ltr'><strong>pag-417.</strong></span> 
     </span>
    </p>
   </div>
   <div class='ocr_carea' id='block_1_79' title="bbox 2146 5828 3128 5902">
    <p class='ocr_par' dir='ltr' id='par_1_79' title="bbox 2146 5828 3128 5902">
     <span class='ocr_line' id='line_1_79' title="bbox 2146 5828 3128 5902; baseline 0.001 -20"><span class='ocrx_word' id='word_1_548' title='bbox 2146 5828 2216 5901; x_wconf 86' lang='lat' dir='ltr'><strong>(e)</strong></span> <span class='ocrx_word' id='word_1_549' title='bbox 2256 5830 2456 5888; x_wconf 82' lang='lat' dir='ltr'><strong>Bcaux.</strong></span> <span class='ocrx_word' id='word_1_550' title='bbox 2491 5831 2696 5901; x_wconf 70' lang='lat' dir='ltr'><strong>prtefat.</strong></span> <span class='ocrx_word' id='word_1_551' title='bbox 2734 5847 2853 5902; x_wconf 83' lang='lat' dir='ltr'><strong>pag.</strong></span> <span class='ocrx_word' id='word_1_552' title='bbox 2882 5831 2980 5889; x_wconf 73' lang='grc'><strong>251</strong></span> <span class='ocrx_word' id='word_1_553' title='bbox 3013 5848 3128 5902; x_wconf 88' lang='lat' dir='ltr'><strong>seq.</strong></span> 
     </span>
    </p>
   </div>
   <div class='ocr_carea' id='block_1_80' title="bbox 3152 5926 3182 5984">
    <p class='ocr_par' dir='ltr' id='par_1_80' title="bbox 3152 5926 3182 5984">
     <span class='ocr_line' id='line_1_80' title="bbox 3152 5926 3182 5984; baseline 0 0"><span class='ocrx_word' id='word_1_554' title='bbox 3152 5926 3182 5984; x_wconf 85' lang='lat'><strong>1</strong></span> 
     </span>
    </p>
   </div>
  </div>
