  <div class='ocr_page' id='page_1' title='image "/cluster/home/n/w/nwhite01/storage/ocr_20150623/18/umn.319510024773129/017.png"; bbox 0 0 4180 6446; ppageno 0'>
   <div class='ocr_carea' id='block_1_1' title="bbox 536 333 2145 398">
    <p class='ocr_par' dir='ltr' id='par_1_1' title="bbox 536 337 2120 398">
     <span class='ocr_line' id='line_1_1' title="bbox 536 337 2120 398; baseline -0.001 -2"><span class='ocrx_word' id='word_1_1' title='bbox 536 343 597 397; x_wconf 79' lang='grc' dir='ltr'>Η</span> <span class='ocrx_word' id='word_1_2' title='bbox 1037 341 1095 398; x_wconf 80' lang='lat'><strong>5.</strong></span> <span class='ocrx_word' id='word_1_3' title='bbox 1139 337 1422 398; x_wconf 67' lang='lat' dir='ltr'><strong>MARTINI</strong></span> <span class='ocrx_word' id='word_1_4' title='bbox 1461 337 1847 398; x_wconf 61' lang='grc' dir='ltr'><strong>συμπεριειο</strong></span> <span class='ocrx_word' id='word_1_5' title='bbox 1884 337 2120 395; x_wconf 67' lang='grc' dir='ltr'><strong>ἰΊὶιΝᾹΕ</strong></span> 
     </span>
    </p>
   </div>
   <div class='ocr_carea' id='block_1_2' title="bbox 2230 333 3843 398">
    <p class='ocr_par' dir='ltr' id='par_1_2' title="bbox 2230 333 3843 398">
     <span class='ocr_line' id='line_1_2' title="bbox 2230 333 3843 398; baseline 0.001 -4"><span class='ocrx_word' id='word_1_6' title='bbox 2230 336 2487 395; x_wconf 59' lang='grc' dir='ltr'><strong>ῚΙΤΛΊῚΞ</strong></span> <span class='ocrx_word' id='word_1_7' title='bbox 2530 337 2618 393; x_wconf 61' lang='lat' dir='ltr'><strong>tif</strong></span> <span class='ocrx_word' id='word_1_8' title='bbox 2665 335 2870 396; x_wconf 74' lang='lat' dir='ltr'><strong>llNlUS</strong></span> <span class='ocrx_word' id='word_1_9' title='bbox 2911 333 3334 398; x_wconf 47' lang='lat' dir='ltr'><strong>&#39;l‘lllNlTATIS.</strong></span> <span class='ocrx_word' id='word_1_10' title='bbox 3769 340 3843 396; x_wconf 70' lang='lat'><strong>18</strong></span> 
     </span>
    </p>
   </div>
   <div class='ocr_carea' id='block_1_3' title="bbox 532 452 3842 526">
    <p class='ocr_par' dir='ltr' id='par_1_3' title="bbox 532 452 3842 526">
     <span class='ocr_line' id='line_1_3' title="bbox 532 452 3842 526; baseline 0.001 -20"><span class='ocrx_word' id='word_1_11' title='bbox 532 453 853 509; x_wconf 68' lang='lat' dir='ltr'><strong>testimonio</strong></span> <span class='ocrx_word' id='word_1_12' title='bbox 882 452 1047 508; x_wconf 70' lang='lat' dir='ltr'><strong>habiti</strong></span> <span class='ocrx_word' id='word_1_13' title='bbox 1078 463 1226 510; x_wconf 84' lang='lat' dir='ltr'><strong>sunt.</strong></span> <span class='ocrx_word' id='word_1_14' title='bbox 1264 457 1428 511; x_wconf 75' lang='lat' dir='ltr'><strong>Porro</strong></span> <span class='ocrx_word' id='word_1_15' title='bbox 1460 456 1635 510; x_wconf 88' lang='lat' dir='ltr'><strong>tribus</strong></span> <span class='ocrx_word' id='word_1_16' title='bbox 1669 457 1817 511; x_wconf 72' lang='lat' dir='ltr'><strong>iii-ce</strong></span> <span class='ocrx_word' id='word_1_17' title='bbox 1845 454 2138 510; x_wconf 88' lang='lat' dir='ltr'><strong>volnmini-</strong></span> <span class='ocrx_word' id='word_1_18' title='bbox 2167 458 2210 518; x_wconf 79' lang='grc' dir='ltr'><strong>Λ</strong></span> <span class='ocrx_word' id='word_1_19' title='bbox 2243 455 2543 511; x_wconf 82' lang='lat' dir='ltr'><strong>edisserere</strong></span> <span class='ocrx_word' id='word_1_20' title='bbox 2564 471 2815 526; x_wconf 67' lang='lat' dir='ltr'><strong>pergens.</strong></span> <span class='ocrx_word' id='word_1_21' title='bbox 2836 457 3150 526; x_wconf 46' lang='lat' dir='ltr'><strong>col-:‘zplures</strong></span> <span class='ocrx_word' id='word_1_22' title='bbox 3183 456 3421 512; x_wconf 53' lang='lat' dir='ltr'><strong>hrereses</strong></span> <span class='ocrx_word' id='word_1_23' title='bbox 3443 453 3546 510; x_wconf 85' lang='lat' dir='ltr'><strong>hac</strong></span> <span class='ocrx_word' id='word_1_24' title='bbox 3576 469 3669 509; x_wconf 80' lang='lat' dir='ltr'><strong>sua</strong></span> <span class='ocrx_word' id='word_1_25' title='bbox 3699 453 3842 510; x_wconf 86' lang='lat' dir='ltr'><strong>Cou-</strong></span> 
     </span>
    </p>
   </div>
   <div class='ocr_carea' id='block_1_4' title="bbox 534 545 2134 620">
    <p class='ocr_par' dir='ltr' id='par_1_4' title="bbox 534 545 2134 620">
     <span class='ocr_line' id='line_1_4' title="bbox 534 545 2134 620; baseline 0.003 -20"><span class='ocrx_word' id='word_1_26' title='bbox 534 545 634 601; x_wconf 83' lang='lat' dir='ltr'><strong>bus</strong></span> <span class='ocrx_word' id='word_1_27' title='bbox 684 546 1074 612; x_wconf 76' lang='lat' dir='ltr'><strong>cimildicatis,</strong></span> <span class='ocrx_word' id='word_1_28' title='bbox 1126 547 1326 619; x_wconf 73' lang='lat' dir='ltr'><strong>triplex</strong></span> <span class='ocrx_word' id='word_1_29' title='bbox 1383 551 1571 608; x_wconf 82' lang='lat' dir='ltr'><strong>Severi</strong></span> <span class='ocrx_word' id='word_1_30' title='bbox 1620 548 1850 620; x_wconf 82' lang='lat' dir='ltr'><strong>Sulpicii</strong></span> <span class='ocrx_word' id='word_1_31' title='bbox 1903 547 2134 604; x_wconf 71' lang='lat' dir='ltr'><strong>historia</strong></span> 
     </span>
    </p>
   </div>
   <div class='ocr_carea' id='block_1_5' title="bbox 532 639 2136 715">
    <p class='ocr_par' dir='ltr' id='par_1_5' title="bbox 532 639 2136 715">
     <span class='ocr_line' id='line_1_5' title="bbox 532 639 2136 715; baseline 0.004 -22"><span class='ocrx_word' id='word_1_32' title='bbox 532 641 1024 698; x_wconf 73' lang='lat' dir='ltr'><strong>contexebatar....</strong></span> <span class='ocrx_word' id='word_1_33' title='bbox 1058 642 1252 700; x_wconf 85' lang='lat' dir='ltr'><strong>Verum</strong></span> <span class='ocrx_word' id='word_1_34' title='bbox 1283 655 1406 699; x_wconf 87' lang='lat' dir='ltr'><strong>cum</strong></span> <span class='ocrx_word' id='word_1_35' title='bbox 1433 639 1690 715; x_wconf 76' lang='lat' dir='ltr'><strong>primulo</strong></span> <span class='ocrx_word' id='word_1_36' title='bbox 1715 641 1846 700; x_wconf 80' lang='lat' dir='ltr'>libri</span> <span class='ocrx_word' id='word_1_37' title='bbox 1878 639 2136 715; x_wconf 72' lang='lat' dir='ltr'><strong>cujusque</strong></span> 
     </span>
    </p>
   </div>
   <div class='ocr_carea' id='block_1_6' title="bbox 533 728 2134 807">
    <p class='ocr_par' dir='ltr' id='par_1_6' title="bbox 533 728 2134 807">
     <span class='ocr_line' id='line_1_6' title="bbox 533 728 2134 807; baseline 0.006 -21"><span class='ocrx_word' id='word_1_38' title='bbox 533 728 763 806; x_wconf 71' lang='lat' dir='ltr'><strong>vcsniglo</strong></span> <span class='ocrx_word' id='word_1_39' title='bbox 805 737 1166 807; x_wconf 76' lang='lat' dir='ltr'><strong>compendium</strong></span> <span class='ocrx_word' id='word_1_40' title='bbox 1190 745 1384 796; x_wconf 67' lang='lat' dir='ltr'><strong>nostri:</strong></span> <span class='ocrx_word' id='word_1_41' title='bbox 1411 741 1536 805; x_wconf 77' lang='lat' dir='ltr'><strong>ﬁdei</strong></span> <span class='ocrx_word' id='word_1_42' title='bbox 1559 757 1589 796; x_wconf 88' lang='lat' dir='ltr'><strong>a</strong></span> <span class='ocrx_word' id='word_1_43' title='bbox 1629 742 1690 796; x_wconf 85' lang='grc' dir='ltr'><strong>ι).</strong></span> <span class='ocrx_word' id='word_1_44' title='bbox 1723 740 1972 797; x_wconf 72' lang='lat' dir='ltr'><strong>Maurum</strong></span> <span class='ocrx_word' id='word_1_45' title='bbox 1999 751 2134 796; x_wconf 83' lang='lat' dir='ltr'><strong>con-</strong></span> 
     </span>
    </p>
   </div>
   <div class='ocr_carea' id='block_1_7' title="bbox 526 832 2132 906">
    <p class='ocr_par' dir='ltr' id='par_1_7' title="bbox 526 832 2132 906">
     <span class='ocr_line' id='line_1_7' title="bbox 526 832 2132 906; baseline 0.006 -23"><span class='ocrx_word' id='word_1_46' title='bbox 526 832 794 900; x_wconf 88' lang='lat' dir='ltr'><strong>scriptum</strong></span> <span class='ocrx_word' id='word_1_47' title='bbox 856 833 1245 902; x_wconf 56' lang='lat' dir='ltr'><strong>agnovissent;</strong></span> <span class='ocrx_word' id='word_1_48' title='bbox 1304 835 1563 902; x_wconf 82' lang='lat' dir='ltr'><strong>obstupui</strong></span> <span class='ocrx_word' id='word_1_49' title='bbox 1627 852 1792 906; x_wconf 98' lang='lat' dir='ltr'><strong>sane,</strong></span> <span class='ocrx_word' id='word_1_50' title='bbox 1861 853 1958 892; x_wconf 87' lang='lat' dir='ltr'><strong>cur</strong></span> <span class='ocrx_word' id='word_1_51' title='bbox 2009 854 2132 892; x_wconf 91' lang='lat' dir='ltr'><strong>cum</strong></span> 
     </span>
    </p>
   </div>
   <div class='ocr_carea' id='block_1_8' title="bbox 527 922 2136 1000">
    <p class='ocr_par' dir='ltr' id='par_1_8' title="bbox 527 922 2136 1000">
     <span class='ocr_line' id='line_1_8' title="bbox 527 922 2136 1000; baseline 0.007 -25"><span class='ocrx_word' id='word_1_52' title='bbox 527 922 696 980; x_wconf 81' lang='lat' dir='ltr'><strong>toties</strong></span> <span class='ocrx_word' id='word_1_53' title='bbox 741 923 982 982; x_wconf 76' lang='lat' dir='ltr'><strong>Severus</strong></span> <span class='ocrx_word' id='word_1_54' title='bbox 1011 941 1044 982; x_wconf 86' lang='lat' dir='ltr'><strong>e</strong></span> <span class='ocrx_word' id='word_1_55' title='bbox 1088 927 1257 996; x_wconf 81' lang='lat' dir='ltr'><strong>prelis</strong></span> <span class='ocrx_word' id='word_1_56' title='bbox 1298 927 1582 1000; x_wconf 72' lang='lat' dir='ltr'><strong>prodiret,</strong></span> <span class='ocrx_word' id='word_1_57' title='bbox 1625 928 1774 984; x_wconf 87' lang='lat' dir='ltr'><strong>illius</strong></span> <span class='ocrx_word' id='word_1_58' title='bbox 1817 942 1886 985; x_wconf 86' lang='lat' dir='ltr'><strong>ne</strong></span> <span class='ocrx_word' id='word_1_59' title='bbox 1929 929 2136 986; x_wconf 77' lang='lat' dir='ltr'><strong>mentio</strong></span> 
     </span>
    </p>
   </div>
   <div class='ocr_carea' id='block_1_9' title="bbox 529 1016 2136 1091">
    <p class='ocr_par' dir='ltr' id='par_1_9' title="bbox 529 1016 2136 1091">
     <span class='ocr_line' id='line_1_9' title="bbox 529 1016 2136 1091; baseline 0.007 -24"><span class='ocrx_word' id='word_1_60' title='bbox 529 1016 752 1086; x_wconf 82' lang='lat' dir='ltr'><strong>quidem</strong></span> <span class='ocrx_word' id='word_1_61' title='bbox 781 1016 922 1074; x_wconf 78' lang='lat' dir='ltr'><strong>facta</strong></span> <span class='ocrx_word' id='word_1_62' title='bbox 967 1019 1058 1074; x_wconf 86' lang='lat' dir='ltr'><strong>sil.</strong></span> <span class='ocrx_word' id='word_1_63' title='bbox 1095 1021 1201 1077; x_wconf 87' lang='lat' dir='ltr'><strong>Sed</strong></span> <span class='ocrx_word' id='word_1_64' title='bbox 1225 1064 1240 1089; x_wconf 90' lang='lat'><strong>,</strong></span> <span class='ocrx_word' id='word_1_65' title='bbox 1273 1029 1333 1076; x_wconf 97' lang='grc' dir='ltr'><strong>ιιι</strong></span> <span class='ocrx_word' id='word_1_66' title='bbox 1375 1024 1634 1086; x_wconf 87' lang='lat' dir='ltr'><strong>arbitror,</strong></span> <span class='ocrx_word' id='word_1_67' title='bbox 1665 1032 1868 1091; x_wconf 64' lang='lat' dir='ltr'><strong>praeter</strong></span> <span class='ocrx_word' id='word_1_68' title='bbox 1911 1023 2136 1079; x_wconf 87' lang='lat' dir='ltr'><strong>charac-</strong></span> 
     </span>
    </p>
   </div>
   <div class='ocr_carea' id='block_1_10' title="bbox 529 1113 2137 1186">
    <p class='ocr_par' dir='ltr' id='par_1_10' title="bbox 529 1113 2137 1186">
     <span class='ocr_line' id='line_1_10' title="bbox 529 1113 2137 1186; baseline 0.006 -21"><span class='ocrx_word' id='word_1_69' title='bbox 529 1121 709 1166; x_wconf 88' lang='lat' dir='ltr'><strong>tcrnm</strong></span> <span class='ocrx_word' id='word_1_70' title='bbox 744 1113 1125 1182; x_wconf 80' lang='lat' dir='ltr'><strong>antiquitatem</strong></span> <span class='ocrx_word' id='word_1_71' title='bbox 1145 1159 1157 1179; x_wconf 92' lang='lat'><strong>,</strong></span> <span class='ocrx_word' id='word_1_72' title='bbox 1188 1117 1266 1171; x_wconf 87' lang='lat' dir='ltr'><strong>rei</strong></span> <span class='ocrx_word' id='word_1_73' title='bbox 1298 1117 1471 1186; x_wconf 81' lang='lat' dir='ltr'><strong>ipsius</strong></span> <span class='ocrx_word' id='word_1_74' title='bbox 1507 1128 1604 1174; x_wconf 79' lang='lat' dir='ltr'><strong>cus</strong></span> <span class='ocrx_word' id='word_1_75' title='bbox 1631 1115 1926 1174; x_wconf 70' lang='lat' dir='ltr'><strong>difﬁcultas</strong></span> <span class='ocrx_word' id='word_1_76' title='bbox 1952 1117 2137 1175; x_wconf 87' lang='lat' dir='ltr'><strong>deter-</strong></span> 
     </span>
    </p>
   </div>
   <div class='ocr_carea' id='block_1_11' title="bbox 530 1203 2135 1279">
    <p class='ocr_par' dir='ltr' id='par_1_11' title="bbox 530 1203 2135 1279">
     <span class='ocr_line' id='line_1_11' title="bbox 530 1203 2135 1279; baseline 0.008 -21"><span class='ocrx_word' id='word_1_77' title='bbox 530 1205 708 1258; x_wconf 81' lang='lat' dir='ltr'><strong>rebat.</strong></span> <span class='ocrx_word' id='word_1_78' title='bbox 743 1203 854 1261; x_wconf 73' lang='lat' dir='ltr'><strong>Nec</strong></span> <span class='ocrx_word' id='word_1_79' title='bbox 895 1207 1040 1262; x_wconf 90' lang='lat' dir='ltr'><strong>enim</strong></span> <span class='ocrx_word' id='word_1_80' title='bbox 1087 1209 1200 1264; x_wconf 83' lang='lat' dir='ltr'><strong>suis</strong></span> <span class='ocrx_word' id='word_1_81' title='bbox 1251 1209 1528 1279; x_wconf 83' lang='lat' dir='ltr'><strong>periodis,</strong></span> <span class='ocrx_word' id='word_1_82' title='bbox 1579 1213 1804 1277; x_wconf 72' lang='lat' dir='ltr'><strong>virgulis</strong></span> <span class='ocrx_word' id='word_1_83' title='bbox 1847 1214 2135 1270; x_wconf 71' lang='lat' dir='ltr'><strong>cmterisve</strong></span> 
     </span>
    </p>
   </div>
   <div class='ocr_carea' id='block_1_12' title="bbox 527 1297 2130 1375">
    <p class='ocr_par' dir='ltr' id='par_1_12' title="bbox 527 1297 2130 1375">
     <span class='ocr_line' id='line_1_12' title="bbox 527 1297 2130 1375; baseline 0.005 -23"><span class='ocrx_word' id='word_1_84' title='bbox 527 1297 732 1352; x_wconf 63' lang='lat' dir='ltr'><strong>notulis</strong></span> <span class='ocrx_word' id='word_1_85' title='bbox 778 1307 1071 1355; x_wconf 82' lang='lat' dir='ltr'><strong>contextus</strong></span> <span class='ocrx_word' id='word_1_86' title='bbox 1109 1301 1470 1358; x_wconf 86' lang='lat' dir='ltr'><strong>deﬁniebatur</strong></span> <span class='ocrx_word' id='word_1_87' title='bbox 1499 1321 1512 1357; x_wconf 89' lang='lat'><strong>:</strong></span> <span class='ocrx_word' id='word_1_88' title='bbox 1545 1304 1682 1360; x_wconf 85' lang='lat' dir='ltr'><strong>adeo</strong></span> <span class='ocrx_word' id='word_1_89' title='bbox 1721 1315 1778 1360; x_wconf 90' lang='lat' dir='ltr'><strong>ut</strong></span> <span class='ocrx_word' id='word_1_90' title='bbox 1808 1305 2130 1375; x_wconf 88' lang='lat' dir='ltr'><strong>quibusdam</strong></span> 
     </span>
    </p>
   </div>
   <div class='ocr_carea' id='block_1_13' title="bbox 525 1389 2136 1470">
    <p class='ocr_par' dir='ltr' id='par_1_13' title="bbox 525 1389 2136 1470">
     <span class='ocr_line' id='line_1_13' title="bbox 525 1389 2136 1470; baseline 0.006 -27"><span class='ocrx_word' id='word_1_91' title='bbox 525 1389 813 1460; x_wconf 80' lang='lat' dir='ltr'><strong>ambiguus</strong></span> <span class='ocrx_word' id='word_1_92' title='bbox 838 1432 854 1458; x_wconf 95' lang='lat'><strong>,</strong></span> <span class='ocrx_word' id='word_1_93' title='bbox 895 1392 1020 1448; x_wconf 87' lang='lat' dir='ltr'><strong>aliis</strong></span> <span class='ocrx_word' id='word_1_94' title='bbox 1049 1411 1302 1460; x_wconf 87' lang='lat' dir='ltr'><strong>mancus,</strong></span> <span class='ocrx_word' id='word_1_95' title='bbox 1335 1399 1588 1451; x_wconf 89' lang='lat' dir='ltr'><strong>omnibus</strong></span> <span class='ocrx_word' id='word_1_96' title='bbox 1627 1399 1933 1454; x_wconf 74' lang='lat' dir='ltr'><strong>abstrusior</strong></span> <span class='ocrx_word' id='word_1_97' title='bbox 1967 1415 2136 1470; x_wconf 83' lang='lat' dir='ltr'><strong>appa-</strong></span> 
     </span>
    </p>
   </div>
   <div class='ocr_carea' id='block_1_14' title="bbox 518 1482 2131 1548">
    <p class='ocr_par' dir='ltr' id='par_1_14' title="bbox 518 1482 2131 1548">
     <span class='ocr_line' id='line_1_14' title="bbox 518 1482 2131 1548; baseline 0.006 -12"><span class='ocrx_word' id='word_1_98' title='bbox 518 1493 694 1537; x_wconf 77' lang='lat' dir='ltr'><strong>reret.</strong></span> <span class='ocrx_word' id='word_1_99' title='bbox 747 1482 880 1538; x_wconf 76' lang='lat' dir='ltr'><strong>Nam</strong></span> <span class='ocrx_word' id='word_1_100' title='bbox 955 1502 1076 1540; x_wconf 89' lang='lat' dir='ltr'><strong>cum</strong></span> <span class='ocrx_word' id='word_1_101' title='bbox 1123 1505 1339 1543; x_wconf 84' lang='lat' dir='ltr'><strong>stuntna</strong></span> <span class='ocrx_word' id='word_1_102' title='bbox 1383 1490 1662 1546; x_wconf 84' lang='lat' dir='ltr'><strong>brevitate</strong></span> <span class='ocrx_word' id='word_1_103' title='bbox 1726 1508 1842 1546; x_wconf 74' lang='lat' dir='ltr'><strong>rem</strong></span> <span class='ocrx_word' id='word_1_104' title='bbox 1887 1493 2131 1548; x_wconf 89' lang='lat' dir='ltr'><strong>omnium</strong></span> 
     </span>
    </p>
   </div>
   <div class='ocr_carea' id='block_1_15' title="bbox 518 1573 2138 1652">
    <p class='ocr_par' dir='ltr' id='par_1_15' title="bbox 518 1573 2138 1652">
     <span class='ocr_line' id='line_1_15' title="bbox 518 1573 2138 1652; baseline 0.008 -24"><span class='ocrx_word' id='word_1_105' title='bbox 518 1573 905 1631; x_wconf 75' lang='lat' dir='ltr'><strong>ditlicillimaru</strong></span> <span class='ocrx_word' id='word_1_106' title='bbox 947 1579 1378 1646; x_wconf 81' lang='lat' dir='ltr'><strong>complectatur;</strong></span> <span class='ocrx_word' id='word_1_107' title='bbox 1417 1585 1538 1652; x_wconf 83' lang='lat' dir='ltr'><strong>quis</strong></span> <span class='ocrx_word' id='word_1_108' title='bbox 1568 1583 1712 1638; x_wconf 80' lang='lat' dir='ltr'><strong>inter</strong></span> <span class='ocrx_word' id='word_1_109' title='bbox 1745 1583 2020 1640; x_wconf 72' lang='lat' dir='ltr'><strong>dictiones</strong></span> <span class='ocrx_word' id='word_1_110' title='bbox 2051 1584 2138 1640; x_wconf 88' lang='lat' dir='ltr'><strong>in-</strong></span> 
     </span>
    </p>
   </div>
   <div class='ocr_carea' id='block_1_16' title="bbox 519 1670 2135 1748">
    <p class='ocr_par' dir='ltr' id='par_1_16' title="bbox 519 1670 2135 1748">
     <span class='ocr_line' id='line_1_16' title="bbox 519 1670 2135 1748; baseline 0.006 -22"><span class='ocrx_word' id='word_1_111' title='bbox 519 1670 968 1742; x_wconf 86' lang='lat' dir='ltr'><strong>circumscriptas</strong></span> <span class='ocrx_word' id='word_1_112' title='bbox 1017 1675 1156 1730; x_wconf 89' lang='lat' dir='ltr'><strong>adeo</strong></span> <span class='ocrx_word' id='word_1_113' title='bbox 1202 1677 1525 1746; x_wconf 74' lang='lat' dir='ltr'><strong>perplexas,</strong></span> <span class='ocrx_word' id='word_1_114' title='bbox 1570 1679 1704 1748; x_wconf 76' lang='lat' dir='ltr'><strong>quid</strong></span> <span class='ocrx_word' id='word_1_115' title='bbox 1748 1679 1886 1736; x_wconf 77' lang='lat' dir='ltr'><strong>certi</strong></span> <span class='ocrx_word' id='word_1_116' title='bbox 1927 1679 2135 1736; x_wconf 84' lang='lat' dir='ltr'><strong>elicere</strong></span> 
     </span>
    </p>
   </div>
   <div class='ocr_carea' id='block_1_17' title="bbox 521 1763 2128 1841">
    <p class='ocr_par' dir='ltr' id='par_1_17' title="bbox 521 1763 2128 1841">
     <span class='ocr_line' id='line_1_17' title="bbox 521 1763 2128 1841; baseline 0.007 -24"><span class='ocrx_word' id='word_1_117' title='bbox 521 1763 874 1833; x_wconf 84' lang='lat' dir='ltr'><strong>potuisset?..</strong></span> <span class='ocrx_word' id='word_1_118' title='bbox 917 1768 1110 1836; x_wconf 76' lang='lat' dir='ltr'><strong>Operm</strong></span> <span class='ocrx_word' id='word_1_119' title='bbox 1137 1771 1388 1838; x_wconf 64' lang='lat' dir='ltr'><strong>pragtium</strong></span> <span class='ocrx_word' id='word_1_120' title='bbox 1415 1770 1578 1841; x_wconf 82' lang='lat' dir='ltr'><strong>igitur</strong></span> <span class='ocrx_word' id='word_1_121' title='bbox 1600 1772 1725 1826; x_wconf 85' lang='lat' dir='ltr'><strong>duxi</strong></span> <span class='ocrx_word' id='word_1_122' title='bbox 1751 1771 1862 1825; x_wconf 84' lang='lat' dir='ltr'><strong>suis</strong></span> <span class='ocrx_word' id='word_1_123' title='bbox 1893 1774 2128 1840; x_wconf 87' lang='lat' dir='ltr'><strong>punctis,</strong></span> 
     </span>
    </p>
   </div>
   <div class='ocr_carea' id='block_1_18' title="bbox 2239 546 3841 618">
    <p class='ocr_par' dir='ltr' id='par_1_18' title="bbox 2239 546 3841 618">
     <span class='ocr_line' id='line_1_18' title="bbox 2239 546 3841 618; baseline 0.001 -13"><span class='ocrx_word' id='word_1_124' title='bbox 2239 548 2477 606; x_wconf 83' lang='lat' dir='ltr'><strong>fossione</strong></span> <span class='ocrx_word' id='word_1_125' title='bbox 2518 550 2579 606; x_wconf 77' lang='grc' dir='ltr'><strong>Β.</strong></span> <span class='ocrx_word' id='word_1_126' title='bbox 2633 551 2921 606; x_wconf 80' lang='lat' dir='ltr'><strong>Martinam</strong></span> <span class='ocrx_word' id='word_1_127' title='bbox 2971 561 3225 607; x_wconf 91' lang='lat' dir='ltr'><strong>evertere</strong></span> <span class='ocrx_word' id='word_1_128' title='bbox 3266 550 3541 616; x_wconf 84' lang='lat' dir='ltr'><strong>ostendit,</strong></span> <span class='ocrx_word' id='word_1_129' title='bbox 3575 546 3800 606; x_wconf 81' lang='lat' dir='ltr'><strong>Ebionis</strong></span> <span class='ocrx_word' id='word_1_130' title='bbox 3825 593 3841 618; x_wconf 88' lang='lat'><strong>,</strong></span> 
     </span>
    </p>
   </div>
   <div class='ocr_carea' id='block_1_19' title="bbox 2238 642 3842 724">
    <p class='ocr_par' dir='ltr' id='par_1_19' title="bbox 2238 642 3842 724">
     <span class='ocr_line' id='line_1_19' title="bbox 2238 642 3842 724; baseline 0 -24"><span class='ocrx_word' id='word_1_131' title='bbox 2238 642 2524 712; x_wconf 75' lang='lat' dir='ltr'><strong>Corinthi,</strong></span> <span class='ocrx_word' id='word_1_132' title='bbox 2573 644 2893 711; x_wconf 75' lang='lat' dir='ltr'><strong>Marcionis,</strong></span> <span class='ocrx_word' id='word_1_133' title='bbox 2955 645 3221 714; x_wconf 81' lang='lat' dir='ltr'><strong>Manetis,</strong></span> <span class='ocrx_word' id='word_1_134' title='bbox 3268 644 3593 724; x_wconf 78' lang='lat' dir='ltr'><strong>Apollinarii</strong></span> <span class='ocrx_word' id='word_1_135' title='bbox 3622 688 3634 710; x_wconf 90' lang='lat'><strong>,</strong></span> <span class='ocrx_word' id='word_1_136' title='bbox 3685 644 3842 713; x_wconf 73' lang='lat' dir='ltr'><strong>Arii,</strong></span> 
     </span>
    </p>
   </div>
   <div class='ocr_carea' id='block_1_20' title="bbox 2239 736 3848 809">
    <p class='ocr_par' dir='ltr' id='par_1_20' title="bbox 2239 736 3848 809">
     <span class='ocr_line' id='line_1_20' title="bbox 2239 736 3848 809; baseline 0.002 -17"><span class='ocrx_word' id='word_1_137' title='bbox 2239 736 2535 794; x_wconf 82' lang='lat' dir='ltr'><strong>Macedonii</strong></span> <span class='ocrx_word' id='word_1_138' title='bbox 2560 755 2621 795; x_wconf 86' lang='lat' dir='ltr'><strong>ac</strong></span> <span class='ocrx_word' id='word_1_139' title='bbox 2654 739 2931 795; x_wconf 82' lang='lat' dir='ltr'><strong>Eunumii.</strong></span> <span class='ocrx_word' id='word_1_140' title='bbox 2964 740 3172 809; x_wconf 83' lang='lat' dir='ltr'><strong>Quibus</strong></span> <span class='ocrx_word' id='word_1_141' title='bbox 3197 742 3494 805; x_wconf 88' lang='lat' dir='ltr'><strong>enarratis,</strong></span> <span class='ocrx_word' id='word_1_142' title='bbox 3526 740 3597 795; x_wconf 82' lang='lat' dir='ltr'><strong>ita</strong></span> <span class='ocrx_word' id='word_1_143' title='bbox 3625 740 3848 797; x_wconf 83' lang='lat' dir='ltr'><strong>conclu-</strong></span> 
     </span>
    </p>
   </div>
   <div class='ocr_carea' id='block_1_21' title="bbox 2238 831 3844 903">
    <p class='ocr_par' dir='ltr' id='par_1_21' title="bbox 2238 831 3844 903">
     <span class='ocr_line' id='line_1_21' title="bbox 2238 831 3844 903; baseline 0.002 -19"><span class='ocrx_word' id='word_1_144' title='bbox 2238 831 2356 885; x_wconf 86' lang='lat' dir='ltr'><strong>dit:</strong></span> <span class='ocrx_word' id='word_1_145' title='bbox 2416 852 2432 885; x_wconf 85' lang='grc' dir='ltr'><strong>ι</strong></span> <span class='ocrx_word' id='word_1_146' title='bbox 2466 831 2668 898; x_wconf 82' lang='lat' dir='ltr'><strong>Vides,</strong></span> <span class='ocrx_word' id='word_1_147' title='bbox 2723 833 3030 889; x_wconf 67' lang='lat' dir='ltr'><strong>Christiane</strong></span> <span class='ocrx_word' id='word_1_148' title='bbox 3077 835 3291 897; x_wconf 86' lang='lat' dir='ltr'><strong>lector,</strong></span> <span class='ocrx_word' id='word_1_149' title='bbox 3346 843 3405 888; x_wconf 91' lang='lat' dir='ltr'><strong>ut</strong></span> <span class='ocrx_word' id='word_1_150' title='bbox 3451 832 3844 903; x_wconf 83' lang='lat' dir='ltr'><strong>compendiose</strong></span> 
     </span>
    </p>
   </div>
   <div class='ocr_carea' id='block_1_22' title="bbox 2237 923 3845 996">
    <p class='ocr_par' dir='ltr' id='par_1_22' title="bbox 2237 923 3845 996">
     <span class='ocr_line' id='line_1_22' title="bbox 2237 923 3845 996; baseline 0 -17"><span class='ocrx_word' id='word_1_151' title='bbox 2237 926 2434 980; x_wconf 80' lang='lat' dir='ltr'><strong>multas</strong></span> <span class='ocrx_word' id='word_1_152' title='bbox 2464 924 2708 982; x_wconf 69' lang='lat' dir='ltr'><strong>haereses</strong></span> <span class='ocrx_word' id='word_1_153' title='bbox 2734 934 2921 982; x_wconf 66' lang='lat' dir='ltr'><strong>noster</strong></span> <span class='ocrx_word' id='word_1_154' title='bbox 2948 924 3213 981; x_wconf 78' lang='lat' dir='ltr'><strong>Martinus</strong></span> <span class='ocrx_word' id='word_1_155' title='bbox 3241 935 3431 981; x_wconf 80' lang='lat' dir='ltr'><strong>enecet</strong></span> <span class='ocrx_word' id='word_1_156' title='bbox 3450 927 3477 980; x_wconf 78' lang='grc' dir='ltr'><strong><em>τ</em></strong></span> <span class='ocrx_word' id='word_1_157' title='bbox 3501 923 3614 980; x_wconf 87' lang='lat' dir='ltr'><strong>Illis</strong></span> <span class='ocrx_word' id='word_1_158' title='bbox 3643 925 3845 996; x_wconf 84' lang='lat' dir='ltr'><strong>quippe</strong></span> 
     </span>
    </p>
   </div>
   <div class='ocr_carea' id='block_1_23' title="bbox 2238 1019 3845 1091">
    <p class='ocr_par' dir='ltr' id='par_1_23' title="bbox 2238 1019 3845 1091">
     <span class='ocr_line' id='line_1_23' title="bbox 2238 1019 3845 1091; baseline 0.001 -19"><span class='ocrx_word' id='word_1_159' title='bbox 2238 1019 2575 1088; x_wconf 65' lang='lat' dir='ltr'><strong>tenuioribus</strong></span> <span class='ocrx_word' id='word_1_160' title='bbox 2601 1019 2809 1075; x_wconf 80' lang='lat' dir='ltr'><strong>exstitit</strong></span> <span class='ocrx_word' id='word_1_161' title='bbox 2839 1061 2853 1085; x_wconf 93' lang='lat'><strong>,</strong></span> <span class='ocrx_word' id='word_1_162' title='bbox 2883 1020 3081 1091; x_wconf 86' lang='lat' dir='ltr'><strong>quibus</strong></span> <span class='ocrx_word' id='word_1_163' title='bbox 3112 1032 3200 1073; x_wconf 82' lang='lat' dir='ltr'><strong>aut</strong></span> <span class='ocrx_word' id='word_1_164' title='bbox 3233 1020 3324 1090; x_wconf 86' lang='lat' dir='ltr'><strong>qui</strong></span> <span class='ocrx_word' id='word_1_165' title='bbox 3353 1020 3676 1075; x_wconf 82' lang='lat' dir='ltr'><strong>Trinitatem</strong></span> <span class='ocrx_word' id='word_1_166' title='bbox 3702 1063 3716 1086; x_wconf 98' lang='lat'><strong>,</strong></span> <span class='ocrx_word' id='word_1_167' title='bbox 3749 1027 3845 1074; x_wconf 90' lang='lat' dir='ltr'><strong>aut</strong></span> 
     </span>
    </p>
   </div>
   <div class='ocr_carea' id='block_1_24' title="bbox 2237 1105 3844 1186">
    <p class='ocr_par' dir='ltr' id='par_1_24' title="bbox 2237 1105 3844 1186">
     <span class='ocr_line' id='line_1_24' title="bbox 2237 1105 3844 1186; baseline -0.001 -19"><span class='ocrx_word' id='word_1_168' title='bbox 2237 1105 2326 1186; x_wconf 69' lang='lat' dir='ltr'><strong>Qui</strong></span> <span class='ocrx_word' id='word_1_169' title='bbox 2357 1115 2571 1170; x_wconf 90' lang='lat' dir='ltr'><strong>unicam</strong></span> <span class='ocrx_word' id='word_1_170' title='bbox 2602 1115 2942 1170; x_wconf 77' lang='lat' dir='ltr'><strong>divinitatem</strong></span> <span class='ocrx_word' id='word_1_171' title='bbox 2970 1127 3220 1172; x_wconf 86' lang='lat' dir='ltr'><strong>evertere</strong></span> <span class='ocrx_word' id='word_1_172' title='bbox 3247 1114 3583 1179; x_wconf 86' lang='lat' dir='ltr'><strong>nitebantur,</strong></span> <span class='ocrx_word' id='word_1_173' title='bbox 3611 1113 3844 1184; x_wconf 69' lang='lat' dir='ltr'><strong>pullula-</strong></span> 
     </span>
    </p>
   </div>
   <div class='ocr_carea' id='block_1_25' title="bbox 2236 1209 3845 1280">
    <p class='ocr_par' dir='ltr' id='par_1_25' title="bbox 2236 1209 3845 1280">
     <span class='ocr_line' id='line_1_25' title="bbox 2236 1209 3845 1280; baseline -0.001 -16"><span class='ocrx_word' id='word_1_174' title='bbox 2236 1217 2456 1264; x_wconf 91' lang='lat' dir='ltr'><strong>runt....</strong></span> <span class='ocrx_word' id='word_1_175' title='bbox 2509 1209 2768 1280; x_wconf 77' lang='lat' dir='ltr'><strong>Expende</strong></span> <span class='ocrx_word' id='word_1_176' title='bbox 2801 1224 2931 1264; x_wconf 88' lang='lat' dir='ltr'><strong>vero</strong></span> <span class='ocrx_word' id='word_1_177' title='bbox 2971 1218 3104 1279; x_wconf 82' lang='lat' dir='ltr'><strong>quot</strong></span> <span class='ocrx_word' id='word_1_178' title='bbox 3132 1209 3424 1264; x_wconf 80' lang='lat' dir='ltr'><strong>schismata</strong></span> <span class='ocrx_word' id='word_1_179' title='bbox 3448 1251 3462 1271; x_wconf 87' lang='lat'><strong>,</strong></span> <span class='ocrx_word' id='word_1_180' title='bbox 3495 1209 3758 1265; x_wconf 79' lang='lat' dir='ltr'><strong>factiones</strong></span> <span class='ocrx_word' id='word_1_181' title='bbox 3786 1216 3845 1263; x_wconf 91' lang='lat' dir='ltr'><strong>ct</strong></span> 
     </span>
    </p>
   </div>
   <div class='ocr_carea' id='block_1_26' title="bbox 2238 1301 3841 1373">
    <p class='ocr_par' dir='ltr' id='par_1_26' title="bbox 2238 1301 3841 1373">
     <span class='ocr_line' id='line_1_26' title="bbox 2238 1301 3841 1373; baseline -0.001 -15"><span class='ocrx_word' id='word_1_182' title='bbox 2238 1312 2433 1369; x_wconf 70' lang='lat' dir='ltr'><strong>scetze,</strong></span> <span class='ocrx_word' id='word_1_183' title='bbox 2465 1320 2572 1373; x_wconf 88' lang='lat' dir='ltr'><strong>quo</strong></span> <span class='ocrx_word' id='word_1_184' title='bbox 2603 1313 2850 1373; x_wconf 87' lang='lat' dir='ltr'><strong>tempore</strong></span> <span class='ocrx_word' id='word_1_185' title='bbox 2879 1303 3060 1358; x_wconf 88' lang='lat' dir='ltr'><strong>ﬁoruit</strong></span> <span class='ocrx_word' id='word_1_186' title='bbox 3086 1346 3099 1369; x_wconf 92' lang='lat'><strong>,</strong></span> <span class='ocrx_word' id='word_1_187' title='bbox 3129 1303 3455 1358; x_wconf 70' lang='lat' dir='ltr'><strong>emerserint</strong></span> <span class='ocrx_word' id='word_1_188' title='bbox 3483 1320 3494 1357; x_wconf 72' lang='grc' dir='ltr'>ε</span> <span class='ocrx_word' id='word_1_189' title='bbox 3529 1312 3641 1356; x_wconf 86' lang='grc' dir='ltr'>ιιιιιι</span> <span class='ocrx_word' id='word_1_190' title='bbox 3678 1301 3841 1357; x_wconf 78' lang='lat' dir='ltr'><strong>facile</strong></span> 
     </span>
    </p>
   </div>
   <div class='ocr_carea' id='block_1_27' title="bbox 2236 1394 3836 1465">
    <p class='ocr_par' dir='ltr' id='par_1_27' title="bbox 2236 1394 3836 1465">
     <span class='ocr_line' id='line_1_27' title="bbox 2236 1394 3836 1465; baseline 0 -15"><span class='ocrx_word' id='word_1_191' title='bbox 2236 1410 2503 1465; x_wconf 78' lang='lat' dir='ltr'><strong>agnosces</strong></span> <span class='ocrx_word' id='word_1_192' title='bbox 2530 1413 2638 1451; x_wconf 92' lang='lat' dir='ltr'><strong>non</strong></span> <span class='ocrx_word' id='word_1_193' title='bbox 2667 1397 2763 1453; x_wconf 86' lang='lat' dir='ltr'><strong>abs</strong></span> <span class='ocrx_word' id='word_1_194' title='bbox 2784 1412 2842 1452; x_wconf 89' lang='lat' dir='ltr'><strong>re</strong></span> <span class='ocrx_word' id='word_1_195' title='bbox 2868 1397 3004 1450; x_wconf 75' lang='lat' dir='ltr'><strong>banc</strong></span> <span class='ocrx_word' id='word_1_196' title='bbox 3033 1397 3100 1450; x_wconf 83' lang='lat' dir='ltr'><strong>de</strong></span> <span class='ocrx_word' id='word_1_197' title='bbox 3124 1396 3411 1451; x_wconf 87' lang='lat' dir='ltr'><strong>Trinitatis</strong></span> <span class='ocrx_word' id='word_1_198' title='bbox 3435 1405 3491 1452; x_wconf 88' lang='lat' dir='ltr'><strong>et</strong></span> <span class='ocrx_word' id='word_1_199' title='bbox 3518 1396 3676 1450; x_wconf 74' lang='lat' dir='ltr'><strong>mlius</strong></span> <span class='ocrx_word' id='word_1_200' title='bbox 3699 1394 3836 1450; x_wconf 82' lang='lat' dir='ltr'><strong>divi-</strong></span> 
     </span>
    </p>
   </div>
   <div class='ocr_carea' id='block_1_28' title="bbox 2238 1489 3839 1560">
    <p class='ocr_par' dir='ltr' id='par_1_28' title="bbox 2238 1489 3839 1560">
     <span class='ocr_line' id='line_1_28' title="bbox 2238 1489 3839 1560; baseline -0.001 -16"><span class='ocrx_word' id='word_1_201' title='bbox 2238 1493 2425 1546; x_wconf 88' lang='lat' dir='ltr'><strong>nitatis</strong></span> <span class='ocrx_word' id='word_1_202' title='bbox 2458 1492 2562 1546; x_wconf 87' lang='lat' dir='ltr'><strong>ﬁde</strong></span> <span class='ocrx_word' id='word_1_203' title='bbox 2587 1492 2791 1547; x_wconf 76' lang='lat' dir='ltr'><strong>editam</strong></span> <span class='ocrx_word' id='word_1_204' title='bbox 2819 1491 3172 1546; x_wconf 84' lang='lat' dir='ltr'><strong>sententiam.</strong></span> <span class='ocrx_word' id='word_1_205' title='bbox 3207 1509 3226 1543; x_wconf 74' lang='grc' dir='ltr'><strong>ι</strong></span> <span class='ocrx_word' id='word_1_206' title='bbox 3261 1490 3388 1546; x_wconf 68' lang='grc' dir='ltr'><strong>ΙΙωο</strong></span> <span class='ocrx_word' id='word_1_207' title='bbox 3414 1490 3524 1545; x_wconf 91' lang='lat' dir='ltr'><strong>ille.</strong></span> <span class='ocrx_word' id='word_1_208' title='bbox 3553 1489 3686 1559; x_wconf 76' lang='lat' dir='ltr'><strong>Qum</strong></span> <span class='ocrx_word' id='word_1_209' title='bbox 3714 1491 3839 1560; x_wconf 86' lang='lat' dir='ltr'><strong>qui-</strong></span> 
     </span>
    </p>
   </div>
   <div class='ocr_carea' id='block_1_29' title="bbox 2237 1583 3840 1656">
    <p class='ocr_par' dir='ltr' id='par_1_29' title="bbox 2237 1583 3840 1656">
     <span class='ocr_line' id='line_1_29' title="bbox 2237 1583 3840 1656; baseline 0.001 -19"><span class='ocrx_word' id='word_1_210' title='bbox 2237 1583 2360 1638; x_wconf 87' lang='lat' dir='ltr'><strong>dem</strong></span> <span class='ocrx_word' id='word_1_211' title='bbox 2386 1584 2568 1639; x_wconf 85' lang='lat' dir='ltr'><strong>omnia</strong></span> <span class='ocrx_word' id='word_1_212' title='bbox 2589 1585 2636 1639; x_wconf 82' lang='lat' dir='ltr'><strong>si</strong></span> <span class='ocrx_word' id='word_1_213' title='bbox 2661 1585 2784 1655; x_wconf 76' lang='lat' dir='ltr'><strong>quis</strong></span> <span class='ocrx_word' id='word_1_214' title='bbox 2806 1593 3067 1640; x_wconf 75' lang='lat' dir='ltr'><strong>accurate</strong></span> <span class='ocrx_word' id='word_1_215' title='bbox 3094 1583 3420 1654; x_wconf 86' lang='lat' dir='ltr'><strong>perpendat,</strong></span> <span class='ocrx_word' id='word_1_216' title='bbox 3447 1591 3639 1656; x_wconf 89' lang='lat' dir='ltr'><strong>arguet</strong></span> <span class='ocrx_word' id='word_1_217' title='bbox 3663 1584 3840 1638; x_wconf 84' lang='lat' dir='ltr'><strong>enirn-</strong></span> 
     </span>
    </p>
   </div>
   <div class='ocr_carea' id='block_1_30' title="bbox 2236 1674 3840 1746">
    <p class='ocr_par' dir='ltr' id='par_1_30' title="bbox 2236 1674 3840 1746">
     <span class='ocr_line' id='line_1_30' title="bbox 2236 1674 3840 1746; baseline 0.001 -17"><span class='ocrx_word' id='word_1_218' title='bbox 2236 1690 2372 1730; x_wconf 81' lang='lat' dir='ltr'><strong>vero</strong></span> <span class='ocrx_word' id='word_1_219' title='bbox 2396 1717 2410 1740; x_wconf 91' lang='lat'><strong>,</strong></span> <span class='ocrx_word' id='word_1_220' title='bbox 2443 1690 2561 1731; x_wconf 89' lang='lat' dir='ltr'><strong>mea</strong></span> <span class='ocrx_word' id='word_1_221' title='bbox 2587 1674 2806 1746; x_wconf 75' lang='lat' dir='ltr'><strong>quidem</strong></span> <span class='ocrx_word' id='word_1_222' title='bbox 2838 1677 3108 1731; x_wconf 84' lang='lat' dir='ltr'><strong>sententia</strong></span> <span class='ocrx_word' id='word_1_223' title='bbox 3131 1718 3146 1744; x_wconf 96' lang='lat'><strong>,</strong></span> <span class='ocrx_word' id='word_1_224' title='bbox 3192 1675 3491 1731; x_wconf 82' lang='lat' dir='ltr'><strong>nonnullos</strong></span> <span class='ocrx_word' id='word_1_225' title='bbox 3534 1677 3679 1730; x_wconf 84' lang='lat' dir='ltr'><strong>viros</strong></span> <span class='ocrx_word' id='word_1_226' title='bbox 3715 1691 3840 1730; x_wconf 82' lang='lat' dir='ltr'><strong>eru-</strong></span> 
     </span>
    </p>
   </div>
   <div class='ocr_carea' id='block_1_31' title="bbox 2235 1765 3837 1838">
    <p class='ocr_par' dir='ltr' id='par_1_31' title="bbox 2235 1765 3837 1838">
     <span class='ocr_line' id='line_1_31' title="bbox 2235 1765 3837 1838; baseline 0 -17"><span class='ocrx_word' id='word_1_227' title='bbox 2235 1767 2382 1821; x_wconf 82' lang='lat' dir='ltr'><strong>ditos</strong></span> <span class='ocrx_word' id='word_1_228' title='bbox 2412 1767 2676 1836; x_wconf 83' lang='lat' dir='ltr'><strong>ejusmodi</strong></span> <span class='ocrx_word' id='word_1_229' title='bbox 2700 1765 3112 1823; x_wconf 81' lang='lat' dir='ltr'><strong>Coufessioucm</strong></span> <span class='ocrx_word' id='word_1_230' title='bbox 3143 1769 3324 1823; x_wconf 88' lang='lat' dir='ltr'><strong>minus</strong></span> <span class='ocrx_word' id='word_1_231' title='bbox 3352 1778 3500 1823; x_wconf 90' lang='lat' dir='ltr'><strong>recte</strong></span> <span class='ocrx_word' id='word_1_232' title='bbox 3526 1777 3837 1838; x_wconf 79' lang='lat' dir='ltr'><strong>suspectam</strong></span> 
     </span>
    </p>
   </div>
   <div class='ocr_carea' id='block_1_32' title="bbox 449 1858 3840 1935">
    <p class='ocr_par' dir='ltr' id='par_1_32' title="bbox 449 1858 3840 1935">
     <span class='ocr_line' id='line_1_32' title="bbox 449 1858 3840 1935; baseline 0.003 -25"><span class='ocrx_word' id='word_1_233' title='bbox 449 1923 456 1929; x_wconf 92' lang='lat'>_</span> <span class='ocrx_word' id='word_1_234' title='bbox 520 1858 677 1926; x_wconf 86' lang='lat' dir='ltr'><strong>quasi</strong></span> <span class='ocrx_word' id='word_1_235' title='bbox 705 1859 931 1925; x_wconf 86' lang='lat' dir='ltr'><strong>vinclis,</strong></span> <span class='ocrx_word' id='word_1_236' title='bbox 975 1859 1268 1917; x_wconf 71' lang='lat' dir='ltr'><strong>rl&#39;ﬁuentes</strong></span> <span class='ocrx_word' id='word_1_237' title='bbox 1293 1862 1558 1919; x_wconf 77' lang='lat' dir='ltr'><strong>dictiones</strong></span> <span class='ocrx_word' id='word_1_238' title='bbox 1597 1861 1902 1929; x_wconf 78' lang='lat' dir='ltr'><strong>cohibere,</strong></span> <span class='ocrx_word' id='word_1_239' title='bbox 1942 1865 2131 1935; x_wconf 78' lang='lat' dir='ltr'><strong>sicque</strong></span> <span class='ocrx_word' id='word_1_240' title='bbox 2163 1873 2209 1934; x_wconf 76' lang='grc' dir='ltr'>Β</span> <span class='ocrx_word' id='word_1_241' title='bbox 2237 1859 2533 1928; x_wconf 73' lang='lat' dir='ltr'><strong>habuisse;</strong></span> <span class='ocrx_word' id='word_1_242' title='bbox 2575 1877 2697 1934; x_wconf 66' lang='lat' dir='ltr'><strong>qua:</strong></span> <span class='ocrx_word' id='word_1_243' title='bbox 2745 1863 3000 1918; x_wconf 88' lang='lat' dir='ltr'><strong>nimirum</strong></span> <span class='ocrx_word' id='word_1_244' title='bbox 3041 1865 3092 1916; x_wconf 92' lang='lat' dir='ltr'><strong>iu</strong></span> <span class='ocrx_word' id='word_1_245' title='bbox 3129 1862 3318 1934; x_wconf 85' lang='lat' dir='ltr'><strong>primis</strong></span> <span class='ocrx_word' id='word_1_246' title='bbox 3342 1864 3840 1922; x_wconf 73' lang='lat' dir='ltr'><strong>vetustissimorum</strong></span> 
     </span>
    </p>
   </div>
   <div class='ocr_carea' id='block_1_33' title="bbox 515 1946 2124 2028">
    <p class='ocr_par' dir='ltr' id='par_1_33' title="bbox 515 1946 2124 2028">
     <span class='ocr_line' id='line_1_33' title="bbox 515 1946 2124 2028; baseline 0.006 -27"><span class='ocrx_word' id='word_1_247' title='bbox 515 1946 678 2004; x_wconf 81' lang='lat' dir='ltr'><strong>facile</strong></span> <span class='ocrx_word' id='word_1_248' title='bbox 715 1950 779 2005; x_wconf 84' lang='grc' dir='ltr'><strong>Ι).</strong></span> <span class='ocrx_word' id='word_1_249' title='bbox 811 1951 1045 2008; x_wconf 69' lang='lat' dir='ltr'><strong>Mauris:</strong></span> <span class='ocrx_word' id='word_1_250' title='bbox 1075 1950 1466 2016; x_wconf 77' lang='lat' dir='ltr'><strong>Confessionem</strong></span> <span class='ocrx_word' id='word_1_251' title='bbox 1495 1956 1754 2012; x_wconf 87' lang='lat' dir='ltr'><strong>reddere.</strong></span> <span class='ocrx_word' id='word_1_252' title='bbox 1803 1957 1869 2012; x_wconf 79' lang='lat' dir='ltr'><strong>Et</strong></span> <span class='ocrx_word' id='word_1_253' title='bbox 1899 1973 1965 2012; x_wconf 89' lang='lat' dir='ltr'><strong>ne</strong></span> <span class='ocrx_word' id='word_1_254' title='bbox 1993 1957 2124 2028; x_wconf 90' lang='lat' dir='ltr'><strong>quid</strong></span> 
     </span>
    </p>
   </div>
   <div class='ocr_carea' id='block_1_34' title="bbox 515 2039 2128 2120">
    <p class='ocr_par' dir='ltr' id='par_1_34' title="bbox 515 2039 2128 2120">
     <span class='ocr_line' id='line_1_34' title="bbox 515 2039 2128 2120; baseline 0.007 -26"><span class='ocrx_word' id='word_1_255' title='bbox 515 2039 768 2110; x_wconf 86' lang='lat' dir='ltr'><strong>deesset,</strong></span> <span class='ocrx_word' id='word_1_256' title='bbox 798 2047 1277 2102; x_wconf 83' lang='lat' dir='ltr'><strong>aunotatiunculas</strong></span> <span class='ocrx_word' id='word_1_257' title='bbox 1301 2048 1520 2115; x_wconf 87' lang='lat' dir='ltr'><strong>addidi,</strong></span> <span class='ocrx_word' id='word_1_258' title='bbox 1551 2066 1620 2104; x_wconf 91' lang='lat' dir='ltr'><strong>nc</strong></span> <span class='ocrx_word' id='word_1_259' title='bbox 1662 2049 1815 2120; x_wconf 83' lang='lat' dir='ltr'><strong>cujus</strong></span> <span class='ocrx_word' id='word_1_260' title='bbox 1845 2049 1993 2104; x_wconf 72' lang='lat' dir='ltr'><strong>vocis</strong></span> <span class='ocrx_word' id='word_1_261' title='bbox 2027 2050 2128 2106; x_wconf 79' lang='lat' dir='ltr'><strong>ob-</strong></span> 
     </span>
    </p>
   </div>
   <div class='ocr_carea' id='block_1_35' title="bbox 517 2133 2124 2213">
    <p class='ocr_par' dir='ltr' id='par_1_35' title="bbox 517 2133 2124 2213">
     <span class='ocr_line' id='line_1_35' title="bbox 517 2133 2124 2213; baseline 0.007 -26"><span class='ocrx_word' id='word_1_262' title='bbox 517 2133 753 2189; x_wconf 84' lang='lat' dir='ltr'><strong>scuritas</strong></span> <span class='ocrx_word' id='word_1_263' title='bbox 795 2136 1002 2192; x_wconf 88' lang='lat' dir='ltr'><strong>diutius</strong></span> <span class='ocrx_word' id='word_1_264' title='bbox 1050 2138 1312 2195; x_wconf 82' lang='lat' dir='ltr'><strong>lectorem</strong></span> <span class='ocrx_word' id='word_1_265' title='bbox 1367 2142 1750 2213; x_wconf 82' lang='lat' dir='ltr'><strong>suSpendcret.</strong></span> <span class='ocrx_word' id='word_1_266' title='bbox 1785 2161 1803 2194; x_wconf 73' lang='grc' dir='ltr'><strong>ι</strong></span> <span class='ocrx_word' id='word_1_267' title='bbox 1859 2143 2124 2212; x_wconf 82' lang='lat' dir='ltr'><strong>Deinceps</strong></span> 
     </span>
    </p>
   </div>
   <div class='ocr_carea' id='block_1_36' title="bbox 511 2230 2120 2307">
    <p class='ocr_par' dir='ltr' id='par_1_36' title="bbox 511 2230 2120 2307">
     <span class='ocr_line' id='line_1_36' title="bbox 511 2230 2120 2307; baseline 0.006 -26"><span class='ocrx_word' id='word_1_268' title='bbox 511 2240 643 2284; x_wconf 85' lang='lat' dir='ltr'><strong>vero</strong></span> <span class='ocrx_word' id='word_1_269' title='bbox 669 2238 857 2286; x_wconf 88' lang='lat' dir='ltr'><strong>noster</strong></span> <span class='ocrx_word' id='word_1_270' title='bbox 897 2230 1078 2288; x_wconf 91' lang='lat' dir='ltr'><strong>editor</strong></span> <span class='ocrx_word' id='word_1_271' title='bbox 1120 2234 1443 2291; x_wconf 78' lang='lat' dir='ltr'><strong>l’aiisiensis</strong></span> <span class='ocrx_word' id='word_1_272' title='bbox 1508 2237 1677 2292; x_wconf 86' lang='lat' dir='ltr'><strong>libelli</strong></span> <span class='ocrx_word' id='word_1_273' title='bbox 1750 2237 2120 2307; x_wconf 66' lang='lat' dir='ltr'><strong>praestantiam</strong></span> 
     </span>
    </p>
   </div>
   <div class='ocr_carea' id='block_1_37' title="bbox 583 2363 1944 2442">
    <p class='ocr_par' dir='ltr' id='par_1_37' title="bbox 583 2363 1944 2442">
     <span class='ocr_line' id='line_1_37' title="bbox 583 2363 1944 2442; baseline 0.001 -21"><span class='ocrx_word' id='word_1_274' title='bbox 583 2363 662 2436; x_wconf 81' lang='grc' dir='ltr'><strong>(η)</strong></span> <span class='ocrx_word' id='word_1_275' title='bbox 704 2366 826 2422; x_wconf 77' lang='grc' dir='ltr'>νιιι.</span> <span class='ocrx_word' id='word_1_276' title='bbox 860 2378 1035 2425; x_wconf 89' lang='lat' dir='ltr'><strong>nostr.</strong></span> <span class='ocrx_word' id='word_1_277' title='bbox 1073 2370 1214 2426; x_wconf 87' lang='lat' dir='ltr'><strong>Bibl.</strong></span> <span class='ocrx_word' id='word_1_278' title='bbox 1251 2370 1356 2427; x_wconf 84' lang='lat' dir='ltr'><strong>PP.</strong></span> <span class='ocrx_word' id='word_1_279' title='bbox 1395 2381 1505 2428; x_wconf 89' lang='lat' dir='ltr'><strong>tom</strong></span> <span class='ocrx_word' id='word_1_280' title='bbox 1528 2372 1628 2437; x_wconf 87' lang='grc' dir='ltr'>ιιι,</span> <span class='ocrx_word' id='word_1_281' title='bbox 1659 2388 1782 2442; x_wconf 82' lang='lat' dir='ltr'><strong>pag.</strong></span> <span class='ocrx_word' id='word_1_282' title='bbox 1814 2371 1944 2427; x_wconf 78' lang='lat'><strong>535.</strong></span> 
     </span>
    </p>
   </div>
   <div class='ocr_carea' id='block_1_38' title="bbox 1929 2523 2181 2534">
    <p class='ocr_par' dir='ltr' id='par_1_38' title="bbox 1929 2523 2181 2534">
     <span class='ocr_line' id='line_1_38' title="bbox 1929 2523 2181 2534; baseline -0.008 0"><span class='ocrx_word' id='word_1_283' title='bbox 1929 2523 2181 2534; x_wconf 70' lang='lat'><strong>.._.__..——.</strong></span> 
     </span>
    </p>
   </div>
   <div class='ocr_carea' id='block_1_39' title="bbox 1373 2659 2979 2777">
    <p class='ocr_par' dir='ltr' id='par_1_39' title="bbox 1373 2659 2979 2777">
     <span class='ocr_line' id='line_1_39' title="bbox 1373 2659 2979 2777; baseline 0 0"><span class='ocrx_word' id='word_1_284' title='bbox 1373 2659 2062 2777; x_wconf 71' lang='lat' dir='ltr'><strong>SANCTI</strong></span> <span class='ocrx_word' id='word_1_285' title='bbox 2137 2662 2979 2777; x_wconf 69' lang='lat' dir='ltr'><strong>MARTINI</strong></span> 
     </span>
    </p>
   </div>
   <div class='ocr_carea' id='block_1_40' title="bbox 2234 1954 3838 2028">
    <p class='ocr_par' dir='ltr' id='par_1_40' title="bbox 2234 1954 3838 2028">
     <span class='ocr_line' id='line_1_40' title="bbox 2234 1954 3838 2028; baseline 0.003 -20"><span class='ocrx_word' id='word_1_286' title='bbox 2234 1955 2482 2011; x_wconf 88' lang='lat' dir='ltr'><strong>codicum</strong></span> <span class='ocrx_word' id='word_1_287' title='bbox 2531 1954 2638 2010; x_wconf 86' lang='lat' dir='ltr'><strong>ﬁde</strong></span> <span class='ocrx_word' id='word_1_288' title='bbox 2679 1963 2734 2010; x_wconf 89' lang='lat' dir='ltr'><strong>et</strong></span> <span class='ocrx_word' id='word_1_289' title='bbox 2779 1957 3104 2011; x_wconf 89' lang='lat' dir='ltr'><strong>auctoritate</strong></span> <span class='ocrx_word' id='word_1_290' title='bbox 3152 1957 3440 2010; x_wconf 89' lang='lat' dir='ltr'><strong>munitur:</strong></span> <span class='ocrx_word' id='word_1_291' title='bbox 3485 1956 3644 2027; x_wconf 82' lang='lat' dir='ltr'><strong>digna</strong></span> <span class='ocrx_word' id='word_1_292' title='bbox 3677 1957 3838 2028; x_wconf 86' lang='lat' dir='ltr'><strong>plane</strong></span> 
     </span>
    </p>
   </div>
   <div class='ocr_carea' id='block_1_41' title="bbox 2232 2044 3837 2122">
    <p class='ocr_par' dir='ltr' id='par_1_41' title="bbox 2232 2044 3837 2122">
     <span class='ocr_line' id='line_1_41' title="bbox 2232 2044 3837 2122; baseline 0.003 -23"><span class='ocrx_word' id='word_1_293' title='bbox 2232 2058 2354 2118; x_wconf 71' lang='lat' dir='ltr'><strong>qute</strong></span> <span class='ocrx_word' id='word_1_294' title='bbox 2396 2062 2522 2102; x_wconf 88' lang='lat' dir='ltr'><strong>cum</strong></span> <span class='ocrx_word' id='word_1_295' title='bbox 2573 2044 2912 2118; x_wconf 68' lang='lat' dir='ltr'><strong>Expositione</strong></span> <span class='ocrx_word' id='word_1_296' title='bbox 2957 2048 3080 2118; x_wconf 78' lang='lat' dir='ltr'><strong>ﬁdei</strong></span> <span class='ocrx_word' id='word_1_297' title='bbox 3132 2048 3385 2120; x_wconf 80' lang='lat' dir='ltr'><strong>Gregorii</strong></span> <span class='ocrx_word' id='word_1_298' title='bbox 3443 2048 3837 2122; x_wconf 81' lang='lat' dir='ltr'><strong>Thaumatnrgi</strong></span> 
     </span>
    </p>
   </div>
   <div class='ocr_carea' id='block_1_42' title="bbox 2233 2138 3832 2212">
    <p class='ocr_par' dir='ltr' id='par_1_42' title="bbox 2233 2138 3832 2212">
     <span class='ocr_line' id='line_1_42' title="bbox 2233 2138 3832 2212; baseline 0.004 -19"><span class='ocrx_word' id='word_1_299' title='bbox 2233 2138 2547 2195; x_wconf 78' lang='lat' dir='ltr'><strong>conferatur</strong></span> <span class='ocrx_word' id='word_1_300' title='bbox 2569 2140 2646 2210; x_wconf 82' lang='grc' dir='ltr'><strong>(α)</strong></span> <span class='ocrx_word' id='word_1_301' title='bbox 2673 2181 2686 2205; x_wconf 89' lang='grc'><strong><em>,</em></strong></span> <span class='ocrx_word' id='word_1_302' title='bbox 2719 2141 2764 2194; x_wconf 88' lang='lat' dir='ltr'><strong>si</strong></span> <span class='ocrx_word' id='word_1_303' title='bbox 2795 2155 2994 2212; x_wconf 76' lang='lat' dir='ltr'><strong>paucas</strong></span> <span class='ocrx_word' id='word_1_304' title='bbox 3023 2141 3208 2196; x_wconf 83' lang='lat' dir='ltr'><strong>demas</strong></span> <span class='ocrx_word' id='word_1_305' title='bbox 3247 2139 3595 2199; x_wconf 80' lang='lat' dir='ltr'><strong>duriusculas</strong></span> <span class='ocrx_word' id='word_1_306' title='bbox 3627 2159 3792 2200; x_wconf 81' lang='lat' dir='ltr'><strong>voces</strong></span> <span class='ocrx_word' id='word_1_307' title='bbox 3816 2185 3832 2209; x_wconf 88' lang='lat'><strong>,</strong></span> 
     </span>
    </p>
   </div>
   <div class='ocr_carea' id='block_1_43' title="bbox 2233 2235 3152 2292">
    <p class='ocr_par' dir='ltr' id='par_1_43' title="bbox 2233 2235 3152 2292">
     <span class='ocr_line' id='line_1_43' title="bbox 2233 2235 3152 2292; baseline 0.002 -3"><span class='ocrx_word' id='word_1_308' title='bbox 2233 2235 2472 2291; x_wconf 87' lang='lat' dir='ltr'><strong>librariis</strong></span> <span class='ocrx_word' id='word_1_309' title='bbox 2503 2235 2646 2291; x_wconf 75' lang='lat' dir='ltr'><strong>forte</strong></span> <span class='ocrx_word' id='word_1_310' title='bbox 2674 2236 2809 2292; x_wconf 89' lang='lat' dir='ltr'><strong>vitio</strong></span> <span class='ocrx_word' id='word_1_311' title='bbox 2841 2237 3152 2292; x_wconf 75' lang='lat' dir='ltr'><strong>vellendas.</strong></span> 
     </span>
    </p>
   </div>
   <div class='ocr_carea' id='block_1_44' title="bbox 2910 2523 3284 2535">
    <p class='ocr_par' dir='ltr' id='par_1_44' title="bbox 2910 2523 3284 2535">
     <span class='ocr_line' id='line_1_44' title="bbox 2910 2523 3284 2535; baseline 0.011 -4"><span class='ocrx_word' id='word_1_312' title='bbox 2910 2523 3284 2535; x_wconf 54' lang='grc' dir='ltr'><strong>Ἥ</strong></span> 
     </span>
    </p>
   </div>
   <div class='ocr_carea' id='block_1_45' title="bbox 951 2891 3376 2983">
    <p class='ocr_par' dir='ltr' id='par_1_45' title="bbox 951 2891 3376 2983">
     <span class='ocr_line' id='line_1_45' title="bbox 951 2891 3376 2983; baseline 0.001 -3"><span class='ocrx_word' id='word_1_313' title='bbox 951 2893 1341 2982; x_wconf 68' lang='lat' dir='ltr'><strong>TRIN/E</strong></span> <span class='ocrx_word' id='word_1_314' title='bbox 1416 2891 1960 2979; x_wconf 84' lang='lat' dir='ltr'><strong>UNITATIS</strong></span> <span class='ocrx_word' id='word_1_315' title='bbox 2036 2891 2186 2976; x_wconf 87' lang='lat' dir='ltr'><strong>ET</strong></span> <span class='ocrx_word' id='word_1_316' title='bbox 2259 2893 2628 2978; x_wconf 87' lang='lat' dir='ltr'><strong>UNIUS</strong></span> <span class='ocrx_word' id='word_1_317' title='bbox 2701 2893 3376 2983; x_wconf 80' lang='lat' dir='ltr'><strong>TRINITATIS</strong></span> 
     </span>
    </p>
   </div>
   <div class='ocr_carea' id='block_1_46' title="bbox 1570 3089 2764 3246">
    <p class='ocr_par' dir='ltr' id='par_1_46' title="bbox 1570 3089 2764 3246">
     <span class='ocr_line' id='line_1_46' title="bbox 1570 3089 2764 3246; baseline -0.006 -2"><span class='ocrx_word' id='word_1_318' title='bbox 1570 3089 2764 3246; x_wconf 85' lang='lat' dir='ltr'><strong>CONFESSIO.</strong></span> 
     </span>
    </p>
   </div>
   <div class='ocr_carea' id='block_1_47' title="bbox 1935 3324 2407 3381">
    <p class='ocr_par' dir='ltr' id='par_1_47' title="bbox 1935 3324 2407 3381">
     <span class='ocr_line' id='line_1_47' title="bbox 1935 3324 2407 3381; baseline -0.008 -1"><span class='ocrx_word' id='word_1_319' title='bbox 1935 3324 2407 3381; x_wconf 42' lang='lat' dir='ltr'><strong>«amatura</strong></span> 
     </span>
    </p>
   </div>
   <div class='ocr_carea' id='block_1_48' title="bbox 583 3486 3826 3565">
    <p class='ocr_par' dir='ltr' id='par_1_48' title="bbox 583 3486 3826 3565">
     <span class='ocr_line' id='line_1_48' title="bbox 583 3486 3826 3565; baseline -0.005 -3"><span class='ocrx_word' id='word_1_320' title='bbox 583 3504 838 3564; x_wconf 84' lang='lat' dir='ltr'><strong>Clemens</strong></span> <span class='ocrx_word' id='word_1_321' title='bbox 863 3495 1106 3559; x_wconf 76' lang='lat' dir='ltr'><strong>Trinitas</strong></span> <span class='ocrx_word' id='word_1_322' title='bbox 1131 3505 1218 3556; x_wconf 90' lang='lat' dir='ltr'><strong>est</strong></span> <span class='ocrx_word' id='word_1_323' title='bbox 1243 3513 1348 3553; x_wconf 88' lang='lat' dir='ltr'><strong>una</strong></span> <span class='ocrx_word' id='word_1_324' title='bbox 1389 3496 1679 3561; x_wconf 88' lang='lat' dir='ltr'><strong>divinitas,</strong></span> <span class='ocrx_word' id='word_1_325' title='bbox 1713 3502 1770 3550; x_wconf 93' lang='lat' dir='ltr'><strong>ut</strong></span> <span class='ocrx_word' id='word_1_326' title='bbox 1799 3502 1980 3549; x_wconf 89' lang='lat' dir='ltr'><strong>autem</strong></span> <span class='ocrx_word' id='word_1_327' title='bbox 2017 3506 2116 3562; x_wconf 89' lang='lat' dir='ltr'><strong>per</strong></span> <span class='ocrx_word' id='word_1_328' title='bbox 2141 3493 2187 3555; x_wconf 67' lang='grc' dir='ltr'><strong>(ζ</strong></span> <span class='ocrx_word' id='word_1_329' title='bbox 2219 3486 2451 3560; x_wconf 81' lang='lat' dir='ltr'><strong>genuit:</strong></span> <span class='ocrx_word' id='word_1_330' title='bbox 2485 3497 2541 3543; x_wconf 89' lang='lat' dir='ltr'><strong>et</strong></span> <span class='ocrx_word' id='word_1_331' title='bbox 2567 3503 2729 3544; x_wconf 87' lang='lat' dir='ltr'><strong>nemo</strong></span> <span class='ocrx_word' id='word_1_332' title='bbox 2756 3489 3026 3561; x_wconf 88' lang='lat' dir='ltr'><strong>comperit</strong></span> <span class='ocrx_word' id='word_1_333' title='bbox 3053 3499 3267 3546; x_wconf 88' lang='lat' dir='ltr'><strong>secreta</strong></span> <span class='ocrx_word' id='word_1_334' title='bbox 3296 3491 3498 3562; x_wconf 84' lang='lat' dir='ltr'><strong>patris,</strong></span> <span class='ocrx_word' id='word_1_335' title='bbox 3528 3491 3630 3549; x_wconf 88' lang='lat' dir='ltr'><strong>nisi</strong></span> <span class='ocrx_word' id='word_1_336' title='bbox 3663 3492 3707 3548; x_wconf 88' lang='lat' dir='ltr'><strong>is</strong></span> <span class='ocrx_word' id='word_1_337' title='bbox 3734 3492 3826 3565; x_wconf 71' lang='grc' dir='ltr'>ιιιιὶ</span> 
     </span>
    </p>
   </div>
   <div class='ocr_carea' id='block_1_49' title="bbox 504 3585 2121 3666">
    <p class='ocr_par' dir='ltr' id='par_1_49' title="bbox 504 3585 2121 3666">
     <span class='ocr_line' id='line_1_49' title="bbox 504 3585 2121 3666; baseline -0.009 -11"><span class='ocrx_word' id='word_1_338' title='bbox 504 3607 910 3655; x_wconf 86' lang='lat' dir='ltr'><strong>sacramentum</strong></span> <span class='ocrx_word' id='word_1_339' title='bbox 937 3603 1301 3666; x_wconf 74' lang='lat' dir='ltr'><strong>cognoscatur</strong></span> <span class='ocrx_word' id='word_1_340' title='bbox 1327 3607 1340 3645; x_wconf 93' lang='lat'>:</span> <span class='ocrx_word' id='word_1_341' title='bbox 1372 3590 1554 3647; x_wconf 87' lang='lat' dir='ltr'><strong>unitas</strong></span> <span class='ocrx_word' id='word_1_342' title='bbox 1577 3597 1665 3645; x_wconf 87' lang='lat' dir='ltr'><strong>est</strong></span> <span class='ocrx_word' id='word_1_343' title='bbox 1683 3598 1710 3625; x_wconf 73' lang='grc'>⁸</span> <span class='ocrx_word' id='word_1_344' title='bbox 1732 3587 1802 3642; x_wconf 88' lang='lat' dir='ltr'><strong>ab</strong></span> <span class='ocrx_word' id='word_1_345' title='bbox 1828 3601 1894 3642; x_wconf 90' lang='lat' dir='ltr'><strong>eo</strong></span> <span class='ocrx_word' id='word_1_346' title='bbox 1919 3585 2008 3657; x_wconf 89' lang='lat' dir='ltr'><strong>qui</strong></span> <span class='ocrx_word' id='word_1_347' title='bbox 2035 3594 2121 3640; x_wconf 89' lang='lat' dir='ltr'><strong>est</strong></span> 
     </span>
    </p>
   </div>
   <div class='ocr_carea' id='block_1_50' title="bbox 515 3679 2121 3761">
    <p class='ocr_par' dir='ltr' id='par_1_50' title="bbox 515 3679 2121 3761">
     <span class='ocr_line' id='line_1_50' title="bbox 515 3679 2121 3761; baseline -0.009 -13"><span class='ocrx_word' id='word_1_348' title='bbox 515 3702 772 3758; x_wconf 88' lang='lat' dir='ltr'><strong>sanctus,</strong></span> <span class='ocrx_word' id='word_1_349' title='bbox 803 3699 862 3747; x_wconf 88' lang='lat' dir='ltr'><strong>et</strong></span> <span class='ocrx_word' id='word_1_350' title='bbox 889 3688 1115 3761; x_wconf 89' lang='lat' dir='ltr'><strong>spiritus</strong></span> <span class='ocrx_word' id='word_1_351' title='bbox 1143 3703 1158 3742; x_wconf 91' lang='lat'><strong>:</strong></span> <span class='ocrx_word' id='word_1_352' title='bbox 1201 3702 1230 3740; x_wconf 92' lang='lat' dir='ltr'><strong>a</strong></span> <span class='ocrx_word' id='word_1_353' title='bbox 1260 3700 1370 3757; x_wconf 87' lang='lat' dir='ltr'><strong>quo</strong></span> <span class='ocrx_word' id='word_1_354' title='bbox 1390 3727 1405 3752; x_wconf 92' lang='lat'><strong>,</strong></span> <span class='ocrx_word' id='word_1_355' title='bbox 1437 3685 1527 3756; x_wconf 88' lang='lat' dir='ltr'><strong>qui</strong></span> <span class='ocrx_word' id='word_1_356' title='bbox 1559 3693 1644 3740; x_wconf 90' lang='lat' dir='ltr'><strong>est</strong></span> <span class='ocrx_word' id='word_1_357' title='bbox 1667 3722 1682 3747; x_wconf 92' lang='lat'><strong>,</strong></span> <span class='ocrx_word' id='word_1_358' title='bbox 1714 3691 1770 3737; x_wconf 87' lang='lat' dir='ltr'><strong>et</strong></span> <span class='ocrx_word' id='word_1_359' title='bbox 1807 3679 2121 3751; x_wconf 86' lang='lat' dir='ltr'><strong>unigenitus</strong></span> 
     </span>
    </p>
   </div>
   <div class='ocr_carea' id='block_1_51' title="bbox 514 3775 2119 3846">
    <p class='ocr_par' dir='ltr' id='par_1_51' title="bbox 514 3775 2119 3846">
     <span class='ocr_line' id='line_1_51' title="bbox 514 3775 2119 3846; baseline -0.008 -5"><span class='ocrx_word' id='word_1_360' title='bbox 514 3786 594 3842; x_wconf 88' lang='lat' dir='ltr'><strong>sic</strong></span> <span class='ocrx_word' id='word_1_361' title='bbox 622 3785 896 3840; x_wconf 80' lang='lat' dir='ltr'><strong>exsistens</strong></span> <span class='ocrx_word' id='word_1_362' title='bbox 922 3781 1122 3838; x_wconf 75' lang='lat' dir='ltr'><strong>divina:</strong></span> <span class='ocrx_word' id='word_1_363' title='bbox 1153 3789 1400 3846; x_wconf 64' lang='lat' dir='ltr'><strong>naturae,</strong></span> <span class='ocrx_word' id='word_1_364' title='bbox 1435 3777 1570 3832; x_wconf 91' lang='lat' dir='ltr'><strong>lucis</strong></span> <span class='ocrx_word' id='word_1_365' title='bbox 1590 3819 1605 3842; x_wconf 88' lang='lat'><strong>,</strong></span> <span class='ocrx_word' id='word_1_366' title='bbox 1647 3775 1872 3846; x_wconf 89' lang='lat' dir='ltr'><strong>spiritus</strong></span> <span class='ocrx_word' id='word_1_367' title='bbox 1898 3815 1913 3840; x_wconf 93' lang='lat'><strong>,</strong></span> <span class='ocrx_word' id='word_1_368' title='bbox 1953 3788 1982 3826; x_wconf 84' lang='lat' dir='ltr'><strong>a</strong></span> <span class='ocrx_word' id='word_1_369' title='bbox 2025 3787 2119 3836; x_wconf 84' lang='lat' dir='ltr'><strong>se.</strong></span> 
     </span>
    </p>
   </div>
   <div class='ocr_carea' id='block_1_52' title="bbox 514 3867 2119 3949">
    <p class='ocr_par' dir='ltr' id='par_1_52' title="bbox 514 3867 2119 3949">
     <span class='ocr_line' id='line_1_52' title="bbox 514 3867 2119 3949; baseline -0.011 -14"><span class='ocrx_word' id='word_1_370' title='bbox 514 3893 576 3935; x_wconf 88' lang='lat' dir='ltr'><strong>se</strong></span> <span class='ocrx_word' id='word_1_371' title='bbox 603 3893 703 3949; x_wconf 88' lang='lat' dir='ltr'><strong>per</strong></span> <span class='ocrx_word' id='word_1_372' title='bbox 729 3883 978 3932; x_wconf 86' lang='lat' dir='ltr'><strong>naturam</strong></span> <span class='ocrx_word' id='word_1_373' title='bbox 1005 3915 1019 3938; x_wconf 86' lang='lat'><strong>,</strong></span> <span class='ocrx_word' id='word_1_374' title='bbox 1050 3888 1148 3944; x_wconf 83' lang='lat' dir='ltr'><strong>per</strong></span> <span class='ocrx_word' id='word_1_375' title='bbox 1182 3871 1542 3927; x_wconf 64' lang='lat' dir='ltr'><strong>substantiam</strong></span> <span class='ocrx_word' id='word_1_376' title='bbox 1574 3867 1904 3938; x_wconf 76' lang='lat' dir='ltr'><strong>iuajestatis,</strong></span> <span class='ocrx_word' id='word_1_377' title='bbox 1941 3877 2119 3935; x_wconf 83' lang='lat' dir='ltr'><strong>petes-</strong></span> 
     </span>
    </p>
   </div>
   <div class='ocr_carea' id='block_1_53' title="bbox 513 3955 2116 4035">
    <p class='ocr_par' dir='ltr' id='par_1_53' title="bbox 513 3955 2116 4035">
     <span class='ocr_line' id='line_1_53' title="bbox 513 3955 2116 4035; baseline -0.01 -11"><span class='ocrx_word' id='word_1_378' title='bbox 513 3968 641 4024; x_wconf 88' lang='lat' dir='ltr'><strong>tatis</strong></span> <span class='ocrx_word' id='word_1_379' title='bbox 659 4012 672 4035; x_wconf 94' lang='lat'><strong>,</strong></span> <span class='ocrx_word' id='word_1_380' title='bbox 700 3961 952 4031; x_wconf 89' lang='lat' dir='ltr'><strong>virtutis,</strong></span> <span class='ocrx_word' id='word_1_381' title='bbox 980 3963 1178 4020; x_wconf 69' lang='lat' dir='ltr'><strong>divina:</strong></span> <span class='ocrx_word' id='word_1_382' title='bbox 1200 3963 1356 4018; x_wconf 91' lang='lat' dir='ltr'><strong>lucis.</strong></span> <span class='ocrx_word' id='word_1_383' title='bbox 1385 3961 1621 4032; x_wconf 85' lang='lat' dir='ltr'><strong>Spiritus</strong></span> <span class='ocrx_word' id='word_1_384' title='bbox 1644 3974 1788 4014; x_wconf 88' lang='lat' dir='ltr'><strong>unus</strong></span> <span class='ocrx_word' id='word_1_385' title='bbox 1810 3960 1861 4014; x_wconf 93' lang='lat' dir='ltr'><strong>in</strong></span> <span class='ocrx_word' id='word_1_386' title='bbox 1884 3955 2116 4022; x_wconf 84' lang='lat' dir='ltr'><strong>duobus,</strong></span> 
     </span>
    </p>
   </div>
   <div class='ocr_carea' id='block_1_54' title="bbox 514 4051 2118 4134">
    <p class='ocr_par' dir='ltr' id='par_1_54' title="bbox 514 4051 2118 4134">
     <span class='ocr_line' id='line_1_54' title="bbox 514 4051 2118 4134; baseline -0.01 -14"><span class='ocrx_word' id='word_1_387' title='bbox 514 4073 571 4122; x_wconf 93' lang='lat' dir='ltr'><strong>et</strong></span> <span class='ocrx_word' id='word_1_388' title='bbox 598 4074 828 4134; x_wconf 86' lang='lat' dir='ltr'><strong>uterque</strong></span> <span class='ocrx_word' id='word_1_389' title='bbox 852 4061 902 4115; x_wconf 90' lang='lat' dir='ltr'><strong>in</strong></span> <span class='ocrx_word' id='word_1_390' title='bbox 933 4058 985 4115; x_wconf 92' lang='lat' dir='ltr'><strong>id</strong></span> <span class='ocrx_word' id='word_1_391' title='bbox 1017 4059 1194 4128; x_wconf 86' lang='lat' dir='ltr'><strong>ipsum</strong></span> <span class='ocrx_word' id='word_1_392' title='bbox 1221 4076 1233 4110; x_wconf 90' lang='lat'><strong>:</strong></span> <span class='ocrx_word' id='word_1_393' title='bbox 1263 4067 1419 4129; x_wconf 86' lang='lat' dir='ltr'><strong>pater</strong></span> <span class='ocrx_word' id='word_1_394' title='bbox 1446 4056 1502 4111; x_wconf 92' lang='lat' dir='ltr'><strong>in</strong></span> <span class='ocrx_word' id='word_1_395' title='bbox 1527 4053 1661 4118; x_wconf 86' lang='lat' dir='ltr'><strong>ﬁlio,</strong></span> <span class='ocrx_word' id='word_1_396' title='bbox 1690 4051 1832 4108; x_wconf 89' lang='lat' dir='ltr'><strong>lilius</strong></span> <span class='ocrx_word' id='word_1_397' title='bbox 1860 4053 1912 4106; x_wconf 91' lang='lat' dir='ltr'><strong>in</strong></span> <span class='ocrx_word' id='word_1_398' title='bbox 1941 4057 2118 4121; x_wconf 75' lang='lat' dir='ltr'><strong>patre.</strong></span> 
     </span>
    </p>
   </div>
   <div class='ocr_carea' id='block_1_55' title="bbox 512 4141 2121 4224">
    <p class='ocr_par' dir='ltr' id='par_1_55' title="bbox 512 4141 2121 4224">
     <span class='ocr_line' id='line_1_55' title="bbox 512 4141 2121 4224; baseline -0.012 -11"><span class='ocrx_word' id='word_1_399' title='bbox 512 4159 566 4213; x_wconf 85' lang='lat' dir='ltr'><strong>in</strong></span> <span class='ocrx_word' id='word_1_400' title='bbox 625 4163 822 4212; x_wconf 86' lang='lat' dir='ltr'><strong>sancto</strong></span> <span class='ocrx_word' id='word_1_401' title='bbox 860 4150 1092 4224; x_wconf 85' lang='lat' dir='ltr'><strong>Spiritu.</strong></span> <span class='ocrx_word' id='word_1_402' title='bbox 1135 4147 1226 4207; x_wconf 86' lang='lat' dir='ltr'><strong>Sic</strong></span> <span class='ocrx_word' id='word_1_403' title='bbox 1248 4150 1424 4205; x_wconf 86' lang='lat' dir='ltr'><strong>tribus</strong></span> <span class='ocrx_word' id='word_1_404' title='bbox 1467 4147 1751 4218; x_wconf 84' lang='lat' dir='ltr'><strong>personis,</strong></span> <span class='ocrx_word' id='word_1_405' title='bbox 1793 4141 2121 4198; x_wconf 77' lang='lat' dir='ltr'><strong>conﬁtemur</strong></span> 
     </span>
    </p>
   </div>
   <div class='ocr_carea' id='block_1_56' title="bbox 513 4239 2119 4318">
    <p class='ocr_par' dir='ltr' id='par_1_56' title="bbox 513 4239 2119 4318">
     <span class='ocr_line' id='line_1_56' title="bbox 513 4239 2119 4318; baseline -0.011 -14"><span class='ocrx_word' id='word_1_406' title='bbox 513 4247 762 4318; x_wconf 85' lang='lat' dir='ltr'><strong>bcorpus</strong></span> <span class='ocrx_word' id='word_1_407' title='bbox 815 4245 1173 4316; x_wconf 65' lang='lat' dir='ltr'><strong>prmscientim</strong></span> <span class='ocrx_word' id='word_1_408' title='bbox 1205 4262 1216 4296; x_wconf 93' lang='lat'><strong>:</strong></span> <span class='ocrx_word' id='word_1_409' title='bbox 1255 4241 1400 4313; x_wconf 87' lang='lat' dir='ltr'><strong>quod</strong></span> <span class='ocrx_word' id='word_1_410' title='bbox 1448 4255 1617 4310; x_wconf 88' lang='lat' dir='ltr'><strong>super</strong></span> <span class='ocrx_word' id='word_1_411' title='bbox 1649 4239 1831 4292; x_wconf 88' lang='lat' dir='ltr'><strong>omnia</strong></span> <span class='ocrx_word' id='word_1_412' title='bbox 1862 4277 1875 4301; x_wconf 93' lang='lat'><strong>,</strong></span> <span class='ocrx_word' id='word_1_413' title='bbox 1924 4243 2119 4290; x_wconf 89' lang='lat' dir='ltr'><strong>cuncta</strong></span> 
     </span>
    </p>
   </div>
   <div class='ocr_carea' id='block_1_57' title="bbox 515 4329 2121 4408">
    <p class='ocr_par' dir='ltr' id='par_1_57' title="bbox 515 4329 2121 4408">
     <span class='ocr_line' id='line_1_57' title="bbox 515 4329 2121 4408; baseline -0.011 -11"><span class='ocrx_word' id='word_1_414' title='bbox 515 4333 818 4398; x_wconf 88' lang='lat' dir='ltr'><strong>concludit.</strong></span> <span class='ocrx_word' id='word_1_415' title='bbox 843 4337 904 4393; x_wconf 84' lang='lat' dir='ltr'><strong>In</strong></span> <span class='ocrx_word' id='word_1_416' title='bbox 931 4332 1037 4393; x_wconf 85' lang='lat' dir='ltr'><strong>hoc</strong></span> <span class='ocrx_word' id='word_1_417' title='bbox 1064 4334 1382 4408; x_wconf 83' lang='lat' dir='ltr'><strong>mysterium</strong></span> <span class='ocrx_word' id='word_1_418' title='bbox 1407 4348 1540 4404; x_wconf 87' lang='lat' dir='ltr'><strong>ergo</strong></span> <span class='ocrx_word' id='word_1_419' title='bbox 1567 4329 1843 4388; x_wconf 86' lang='lat' dir='ltr'><strong>credimus</strong></span> <span class='ocrx_word' id='word_1_420' title='bbox 1863 4371 1878 4394; x_wconf 87' lang='lat'><strong>,</strong></span> <span class='ocrx_word' id='word_1_421' title='bbox 1905 4341 2027 4383; x_wconf 59' lang='lat' dir='ltr'><strong>esse</strong></span> <span class='ocrx_word' id='word_1_422' title='bbox 2054 4341 2121 4381; x_wconf 80' lang='lat' dir='ltr'><strong>ex</strong></span> 
     </span>
    </p>
   </div>
   <div class='ocr_carea' id='block_1_58' title="bbox 518 4425 2122 4498">
    <p class='ocr_par' dir='ltr' id='par_1_58' title="bbox 518 4425 2122 4498">
     <span class='ocr_line' id='line_1_58' title="bbox 518 4425 2122 4498; baseline -0.011 -7"><span class='ocrx_word' id='word_1_423' title='bbox 518 4433 684 4491; x_wconf 90' lang='lat' dir='ltr'><strong>nullis</strong></span> <span class='ocrx_word' id='word_1_424' title='bbox 707 4428 1053 4489; x_wconf 81' lang='lat' dir='ltr'><strong>exstantibus</strong></span> <span class='ocrx_word' id='word_1_425' title='bbox 1073 4435 1265 4484; x_wconf 85' lang='lat' dir='ltr'><strong>cuneta</strong></span> <span class='ocrx_word' id='word_1_426' title='bbox 1291 4437 1433 4493; x_wconf 87' lang='lat' dir='ltr'><strong>orta,</strong></span> <span class='ocrx_word' id='word_1_427' title='bbox 1456 4425 1598 4498; x_wconf 87' lang='lat' dir='ltr'><strong>quod</strong></span> <span class='ocrx_word' id='word_1_428' title='bbox 1625 4425 1942 4497; x_wconf 86' lang='lat' dir='ltr'><strong>mysterium</strong></span> <span class='ocrx_word' id='word_1_429' title='bbox 1968 4437 2122 4476; x_wconf 84' lang='lat' dir='ltr'><strong>mens</strong></span> 
     </span>
    </p>
   </div>
   <div class='ocr_carea' id='block_1_59' title="bbox 521 4507 2121 4591">
    <p class='ocr_par' dir='ltr' id='par_1_59' title="bbox 521 4507 2121 4591">
     <span class='ocr_line' id='line_1_59' title="bbox 521 4507 2121 4591; baseline -0.008 -9"><span class='ocrx_word' id='word_1_430' title='bbox 521 4528 753 4582; x_wconf 86' lang='lat' dir='ltr'><strong>humana</strong></span> <span class='ocrx_word' id='word_1_431' title='bbox 799 4521 1094 4591; x_wconf 84' lang='lat' dir='ltr'><strong>concipere</strong></span> <span class='ocrx_word' id='word_1_432' title='bbox 1133 4536 1242 4576; x_wconf 90' lang='lat' dir='ltr'><strong>non</strong></span> <span class='ocrx_word' id='word_1_433' title='bbox 1275 4527 1488 4591; x_wconf 87' lang='lat' dir='ltr'><strong>potest,</strong></span> <span class='ocrx_word' id='word_1_434' title='bbox 1533 4534 1636 4574; x_wconf 88' lang='lat' dir='ltr'><strong>nec</strong></span> <span class='ocrx_word' id='word_1_435' title='bbox 1660 4517 1902 4572; x_wconf 85' lang='lat' dir='ltr'><strong>oratoria</strong></span> <span class='ocrx_word' id='word_1_436' title='bbox 1934 4507 2121 4585; x_wconf 88' lang='lat' dir='ltr'><strong>lingua</strong></span> 
     </span>
    </p>
   </div>
   <div class='ocr_carea' id='block_1_60' title="bbox 516 4608 2123 4688">
    <p class='ocr_par' dir='ltr' id='par_1_60' title="bbox 516 4608 2123 4688">
     <span class='ocr_line' id='line_1_60' title="bbox 516 4608 2123 4688; baseline -0.009 -10"><span class='ocrx_word' id='word_1_437' title='bbox 516 4633 777 4678; x_wconf 85' lang='lat' dir='ltr'><strong>enarrare</strong></span> <span class='ocrx_word' id='word_1_438' title='bbox 799 4659 814 4682; x_wconf 87' lang='lat'><strong>,</strong></span> <span class='ocrx_word' id='word_1_439' title='bbox 843 4630 1022 4688; x_wconf 89' lang='lat' dir='ltr'><strong>neque</strong></span> <span class='ocrx_word' id='word_1_440' title='bbox 1045 4613 1225 4670; x_wconf 76' lang='lat' dir='ltr'><strong>diffusi</strong></span> <span class='ocrx_word' id='word_1_441' title='bbox 1253 4612 1527 4670; x_wconf 89' lang='lat' dir='ltr'><strong>sermonis</strong></span> <span class='ocrx_word' id='word_1_442' title='bbox 1548 4608 1998 4666; x_wconf 78' lang='lat' dir='ltr'><strong>bibliothecarum</strong></span> <span class='ocrx_word' id='word_1_443' title='bbox 2028 4621 2123 4664; x_wconf 86' lang='lat' dir='ltr'><strong>vo-</strong></span> 
     </span>
    </p>
   </div>
   <div class='ocr_carea' id='block_1_61' title="bbox 519 4701 2119 4778">
    <p class='ocr_par' dir='ltr' id='par_1_61' title="bbox 519 4701 2119 4778">
     <span class='ocr_line' id='line_1_61' title="bbox 519 4701 2119 4778; baseline -0.009 -8"><span class='ocrx_word' id='word_1_444' title='bbox 519 4713 756 4778; x_wconf 87' lang='lat' dir='ltr'><strong>lumina,</strong></span> <span class='ocrx_word' id='word_1_445' title='bbox 805 4712 848 4764; x_wconf 89' lang='lat' dir='ltr'><strong>si</strong></span> <span class='ocrx_word' id='word_1_446' title='bbox 899 4717 1074 4765; x_wconf 77' lang='lat' dir='ltr'><strong>toturn</strong></span> <span class='ocrx_word' id='word_1_447' title='bbox 1124 4705 1384 4763; x_wconf 88' lang='lat' dir='ltr'><strong>mundum</strong></span> <span class='ocrx_word' id='word_1_448' title='bbox 1434 4705 1552 4761; x_wconf 86' lang='lat' dir='ltr'><strong>libri</strong></span> <span class='ocrx_word' id='word_1_449' title='bbox 1606 4705 1889 4774; x_wconf 85' lang='lat' dir='ltr'><strong>repleant,</strong></span> <span class='ocrx_word' id='word_1_450' title='bbox 1937 4701 2119 4757; x_wconf 86' lang='lat' dir='ltr'><strong>divina</strong></span> 
     </span>
    </p>
   </div>
   <div class='ocr_carea' id='block_1_62' title="bbox 517 4795 2122 4874">
    <p class='ocr_par' dir='ltr' id='par_1_62' title="bbox 517 4795 2122 4874">
     <span class='ocr_line' id='line_1_62' title="bbox 517 4795 2122 4874; baseline -0.011 -8"><span class='ocrx_word' id='word_1_451' title='bbox 517 4807 750 4866; x_wconf 85' lang='lat' dir='ltr'><strong>scientia</strong></span> <span class='ocrx_word' id='word_1_452' title='bbox 795 4819 903 4860; x_wconf 90' lang='lat' dir='ltr'><strong>non</strong></span> <span class='ocrx_word' id='word_1_453' title='bbox 944 4797 1118 4874; x_wconf 88' lang='lat' dir='ltr'><strong>possit</strong></span> <span class='ocrx_word' id='word_1_454' title='bbox 1165 4799 1546 4858; x_wconf 88' lang='lat' dir='ltr'><strong>inenarrabilis</strong></span> <span class='ocrx_word' id='word_1_455' title='bbox 1584 4798 1825 4854; x_wconf 85' lang='lat' dir='ltr'><strong>enarrari</strong></span> <span class='ocrx_word' id='word_1_456' title='bbox 1860 4815 1874 4851; x_wconf 88' lang='lat'><strong>:</strong></span> <span class='ocrx_word' id='word_1_457' title='bbox 1907 4795 1998 4867; x_wconf 88' lang='lat' dir='ltr'><strong>qui</strong></span> <span class='ocrx_word' id='word_1_458' title='bbox 2036 4805 2122 4850; x_wconf 88' lang='lat' dir='ltr'><strong>est</strong></span> 
     </span>
    </p>
   </div>
   <div class='ocr_carea' id='block_1_63' title="bbox 517 4890 2120 4961">
    <p class='ocr_par' dir='ltr' id='par_1_63' title="bbox 517 4890 2120 4961">
     <span class='ocr_line' id='line_1_63' title="bbox 517 4890 2120 4961; baseline -0.009 -5"><span class='ocrx_word' id='word_1_459' title='bbox 517 4897 814 4956; x_wconf 71' lang='lat' dir='ltr'><strong>illdiCiiIiliS</strong></span> <span class='ocrx_word' id='word_1_460' title='bbox 841 4939 856 4961; x_wconf 84' lang='lat'><strong>,</strong></span> <span class='ocrx_word' id='word_1_461' title='bbox 889 4896 1041 4951; x_wconf 85' lang='lat' dir='ltr'><strong>nullo</strong></span> <span class='ocrx_word' id='word_1_462' title='bbox 1073 4894 1234 4950; x_wconf 87' lang='lat' dir='ltr'><strong>modo</strong></span> <span class='ocrx_word' id='word_1_463' title='bbox 1275 4894 1447 4958; x_wconf 68' lang='lat' dir='ltr'><strong>possit</strong></span> <span class='ocrx_word' id='word_1_464' title='bbox 1476 4890 1746 4955; x_wconf 86' lang='lat' dir='ltr'><strong>describi,</strong></span> <span class='ocrx_word' id='word_1_465' title='bbox 1775 4904 1956 4960; x_wconf 86' lang='lat' dir='ltr'><strong>neque</strong></span> <span class='ocrx_word' id='word_1_466' title='bbox 1985 4901 2120 4943; x_wconf 76' lang='lat' dir='ltr'><strong>con-</strong></span> 
     </span>
    </p>
   </div>
   <div class='ocr_carea' id='block_1_64' title="bbox 2228 3583 3830 3657">
    <p class='ocr_par' dir='ltr' id='par_1_64' title="bbox 2228 3583 3830 3657">
     <span class='ocr_line' id='line_1_64' title="bbox 2228 3583 3830 3657; baseline 0.004 -21"><span class='ocrx_word' id='word_1_467' title='bbox 2228 3599 2326 3653; x_wconf 85' lang='lat' dir='ltr'><strong>per</strong></span> <span class='ocrx_word' id='word_1_468' title='bbox 2360 3591 2647 3648; x_wconf 87' lang='lat' dir='ltr'><strong>naturam,</strong></span> <span class='ocrx_word' id='word_1_469' title='bbox 2691 3583 2949 3639; x_wconf 90' lang='lat' dir='ltr'><strong>nascendi</strong></span> <span class='ocrx_word' id='word_1_470' title='bbox 2983 3583 3197 3638; x_wconf 77' lang='lat' dir='ltr'><strong>initium</strong></span> <span class='ocrx_word' id='word_1_471' title='bbox 3227 3584 3425 3641; x_wconf 84' lang='lat' dir='ltr'><strong>amisit.</strong></span> <span class='ocrx_word' id='word_1_472' title='bbox 3470 3583 3660 3640; x_wconf 86' lang='lat' dir='ltr'><strong>Omnis</strong></span> <span class='ocrx_word' id='word_1_473' title='bbox 3695 3602 3830 3657; x_wconf 87' lang='lat' dir='ltr'><strong>ergo</strong></span> 
     </span>
    </p>
   </div>
   <div class='ocr_carea' id='block_1_65' title="bbox 2225 3675 3828 3748">
    <p class='ocr_par' dir='ltr' id='par_1_65' title="bbox 2225 3675 3828 3748">
     <span class='ocr_line' id='line_1_65' title="bbox 2225 3675 3828 3748; baseline 0.004 -20"><span class='ocrx_word' id='word_1_474' title='bbox 2225 3675 2586 3731; x_wconf 88' lang='lat' dir='ltr'><strong>mansuetudo</strong></span> <span class='ocrx_word' id='word_1_475' title='bbox 2614 3686 2668 3733; x_wconf 92' lang='lat' dir='ltr'><strong>ct</strong></span> <span class='ocrx_word' id='word_1_476' title='bbox 2700 3676 2966 3732; x_wconf 85' lang='lat' dir='ltr'><strong>modestia</strong></span> <span class='ocrx_word' id='word_1_477' title='bbox 2998 3677 3332 3748; x_wconf 89' lang='lat' dir='ltr'><strong>peritorum,</strong></span> <span class='ocrx_word' id='word_1_478' title='bbox 3374 3688 3732 3734; x_wconf 78' lang='lat' dir='ltr'><strong>convertatur</strong></span> <span class='ocrx_word' id='word_1_479' title='bbox 3758 3677 3828 3734; x_wconf 91' lang='lat' dir='ltr'><strong>ad</strong></span> 
     </span>
    </p>
   </div>
   <div class='ocr_carea' id='block_1_66' title="bbox 2224 3771 3828 3842">
    <p class='ocr_par' dir='ltr' id='par_1_66' title="bbox 2224 3771 3828 3842">
     <span class='ocr_line' id='line_1_66' title="bbox 2224 3771 3828 3842; baseline 0.004 -19"><span class='ocrx_word' id='word_1_480' title='bbox 2224 3771 2545 3842; x_wconf 87' lang='lat' dir='ltr'><strong>prophetam</strong></span> <span class='ocrx_word' id='word_1_481' title='bbox 2579 3795 2592 3828; x_wconf 89' lang='lat'><strong>:</strong></span> <span class='ocrx_word' id='word_1_482' title='bbox 2629 3781 2684 3826; x_wconf 91' lang='lat' dir='ltr'><strong>et</strong></span> <span class='ocrx_word' id='word_1_483' title='bbox 2709 3772 2982 3827; x_wconf 70' lang='lat' dir='ltr'><strong>dominicti</strong></span> <span class='ocrx_word' id='word_1_484' title='bbox 3014 3773 3347 3829; x_wconf 86' lang='lat' dir='ltr'><strong>auctoritate</strong></span> <span class='ocrx_word' id='word_1_485' title='bbox 3378 3783 3707 3842; x_wconf 72' lang='lat' dir='ltr'><strong>praesumat,</strong></span> <span class='ocrx_word' id='word_1_486' title='bbox 3741 3773 3828 3830; x_wconf 32' lang='lat' dir='ltr'><strong>die</strong></span> 
     </span>
    </p>
   </div>
   <div class='ocr_carea' id='block_1_67' title="bbox 2225 3860 3824 3940">
    <p class='ocr_par' dir='ltr' id='par_1_67' title="bbox 2225 3860 3824 3940">
     <span class='ocr_line' id='line_1_67' title="bbox 2225 3860 3824 3940; baseline 0.003 -20"><span class='ocrx_word' id='word_1_487' title='bbox 2225 3860 2401 3920; x_wconf 87' lang='lat' dir='ltr'><strong>cendo</strong></span> <span class='ocrx_word' id='word_1_488' title='bbox 2427 3881 2440 3917; x_wconf 90' lang='lat'><strong>:</strong></span> <span class='ocrx_word' id='word_1_489' title='bbox 2469 3863 2712 3931; x_wconf 84' lang='lat' dir='ltr'><strong>Credidi,</strong></span> <span class='ocrx_word' id='word_1_490' title='bbox 2743 3876 2953 3939; x_wconf 77' lang='lat' dir='ltr'><strong>propter</strong></span> <span class='ocrx_word' id='word_1_491' title='bbox 2979 3867 3120 3936; x_wconf 71' lang='lat' dir='ltr'><strong>quod</strong></span> <span class='ocrx_word' id='word_1_492' title='bbox 3143 3868 3350 3922; x_wconf 82' lang='lat' dir='ltr'><strong>loculus</strong></span> <span class='ocrx_word' id='word_1_493' title='bbox 3370 3884 3483 3922; x_wconf 79' lang='lat' dir='ltr'><strong>sum</strong></span> <span class='ocrx_word' id='word_1_494' title='bbox 3502 3865 3676 3940; x_wconf 78' lang='lat' dir='ltr'><strong>(Psal.</strong></span> <span class='ocrx_word' id='word_1_495' title='bbox 3698 3884 3824 3936; x_wconf 75' lang='grc' dir='ltr'>ειν,</span> 
     </span>
    </p>
   </div>
   <div class='ocr_carea' id='block_1_68' title="bbox 2227 3955 3829 4034">
    <p class='ocr_par' dir='ltr' id='par_1_68' title="bbox 2227 3955 3829 4034">
     <span class='ocr_line' id='line_1_68' title="bbox 2227 3955 3829 4034; baseline 0.004 -22"><span class='ocrx_word' id='word_1_496' title='bbox 2227 3955 2335 4029; x_wconf 75' lang='grc'><strong>10).</strong></span> <span class='ocrx_word' id='word_1_497' title='bbox 2357 3958 2513 4026; x_wconf 87' lang='lat' dir='ltr'><strong>Quod</strong></span> <span class='ocrx_word' id='word_1_498' title='bbox 2535 3969 2718 4016; x_wconf 89' lang='lat' dir='ltr'><strong>autem</strong></span> <span class='ocrx_word' id='word_1_499' title='bbox 2738 3975 2834 4030; x_wconf 89' lang='lat' dir='ltr'><strong>per</strong></span> <span class='ocrx_word' id='word_1_500' title='bbox 2847 3963 3170 4034; x_wconf 83' lang='lat' dir='ltr'><strong>mysterium</strong></span> <span class='ocrx_word' id='word_1_501' title='bbox 3193 3962 3423 4031; x_wconf 78' lang='lat' dir='ltr'><strong>simplex</strong></span> <span class='ocrx_word' id='word_1_502' title='bbox 3443 3963 3510 4017; x_wconf 92' lang='lat' dir='ltr'><strong>sit</strong></span> <span class='ocrx_word' id='word_1_503' title='bbox 3531 3962 3829 4034; x_wconf 77' lang='lat' dir='ltr'><strong>professio,</strong></span> 
     </span>
    </p>
   </div>
   <div class='ocr_carea' id='block_1_69' title="bbox 2225 4053 3830 4126">
    <p class='ocr_par' dir='ltr' id='par_1_69' title="bbox 2225 4053 3830 4126">
     <span class='ocr_line' id='line_1_69' title="bbox 2225 4053 3830 4126; baseline 0.002 -17"><span class='ocrx_word' id='word_1_504' title='bbox 2225 4063 2283 4109; x_wconf 88' lang='lat' dir='ltr'><strong>ut</strong></span> <span class='ocrx_word' id='word_1_505' title='bbox 2311 4053 2726 4110; x_wconf 74' lang='lat' dir='ltr'><strong>fitttdanientum</strong></span> <span class='ocrx_word' id='word_1_506' title='bbox 2757 4055 3052 4121; x_wconf 73' lang='lat' dir='ltr'><strong>Ecclesize;</strong></span> <span class='ocrx_word' id='word_1_507' title='bbox 3081 4055 3329 4112; x_wconf 69' lang='lat' dir='ltr'><strong>Solidatxe</strong></span> <span class='ocrx_word' id='word_1_508' title='bbox 3358 4057 3674 4126; x_wconf 76' lang='lat' dir='ltr'><strong>Apostoliea</strong></span> <span class='ocrx_word' id='word_1_509' title='bbox 3700 4072 3830 4113; x_wconf 85' lang='lat' dir='ltr'><strong>auc-</strong></span> 
     </span>
    </p>
   </div>
   <div class='ocr_carea' id='block_1_70' title="bbox 2227 4145 3827 4219">
    <p class='ocr_par' dir='ltr' id='par_1_70' title="bbox 2227 4145 3827 4219">
     <span class='ocr_line' id='line_1_70' title="bbox 2227 4145 3827 4219; baseline 0.003 -19"><span class='ocrx_word' id='word_1_510' title='bbox 2227 4146 2478 4210; x_wconf 85' lang='lat' dir='ltr'><strong>toritate,</strong></span> <span class='ocrx_word' id='word_1_511' title='bbox 2508 4145 2926 4216; x_wconf 63' lang='lat' dir='ltr'><strong>prwdestinatio</strong></span> <span class='ocrx_word' id='word_1_512' title='bbox 2949 4163 3187 4218; x_wconf 88' lang='lat' dir='ltr'><strong>sequens</strong></span> <span class='ocrx_word' id='word_1_513' title='bbox 3214 4159 3536 4219; x_wconf 52' lang='lat' dir='ltr'><strong>praisumat,</strong></span> <span class='ocrx_word' id='word_1_514' title='bbox 3567 4149 3827 4205; x_wconf 90' lang='lat' dir='ltr'><strong>dicendo.</strong></span> 
     </span>
    </p>
   </div>
   <div class='ocr_carea' id='block_1_71' title="bbox 2227 4237 3824 4312">
    <p class='ocr_par' dir='ltr' id='par_1_71' title="bbox 2227 4237 3824 4312">
     <span class='ocr_line' id='line_1_71' title="bbox 2227 4237 3824 4312; baseline 0.003 -20"><span class='ocrx_word' id='word_1_515' title='bbox 2227 4237 2308 4294; x_wconf 86' lang='lat' dir='ltr'><strong>De</strong></span> <span class='ocrx_word' id='word_1_516' title='bbox 2337 4247 2538 4294; x_wconf 72' lang='lat' dir='ltr'><strong>cancro</strong></span> <span class='ocrx_word' id='word_1_517' title='bbox 2581 4254 2743 4294; x_wconf 90' lang='lat' dir='ltr'><strong>nemo</strong></span> <span class='ocrx_word' id='word_1_518' title='bbox 2790 4239 2921 4294; x_wconf 88' lang='lat' dir='ltr'><strong>mihi</strong></span> <span class='ocrx_word' id='word_1_519' title='bbox 2971 4241 3236 4296; x_wconf 75' lang='lat' dir='ltr'><strong>molestus</strong></span> <span class='ocrx_word' id='word_1_520' title='bbox 3285 4241 3389 4308; x_wconf 89' lang='lat' dir='ltr'><strong>sit,</strong></span> <span class='ocrx_word' id='word_1_521' title='bbox 3431 4255 3534 4312; x_wconf 87' lang='lat' dir='ltr'><strong>ego</strong></span> <span class='ocrx_word' id='word_1_522' title='bbox 3575 4241 3741 4296; x_wconf 87' lang='lat' dir='ltr'><strong>credo</strong></span> <span class='ocrx_word' id='word_1_523' title='bbox 3771 4243 3824 4296; x_wconf 91' lang='lat' dir='ltr'><strong>in</strong></span> 
     </span>
    </p>
   </div>
   <div class='ocr_carea' id='block_1_72' title="bbox 2225 4331 3832 4402">
    <p class='ocr_par' dir='ltr' id='par_1_72' title="bbox 2225 4331 3832 4402">
     <span class='ocr_line' id='line_1_72' title="bbox 2225 4331 3832 4402; baseline 0.004 -16"><span class='ocrx_word' id='word_1_524' title='bbox 2225 4331 2539 4398; x_wconf 79' lang='lat' dir='ltr'><strong>Christum,</strong></span> <span class='ocrx_word' id='word_1_525' title='bbox 2571 4342 2626 4389; x_wconf 90' lang='lat' dir='ltr'><strong>et</strong></span> <span class='ocrx_word' id='word_1_526' title='bbox 2658 4335 2802 4390; x_wconf 92' lang='lat' dir='ltr'><strong>hunc</strong></span> <span class='ocrx_word' id='word_1_527' title='bbox 2831 4333 3176 4390; x_wconf 82' lang='lat' dir='ltr'><strong>cruciﬁxum.</strong></span> <span class='ocrx_word' id='word_1_528' title='bbox 3211 4335 3348 4402; x_wconf 83' lang='lat' dir='ltr'><strong>Quia</strong></span> <span class='ocrx_word' id='word_1_529' title='bbox 3377 4350 3501 4390; x_wconf 87' lang='lat' dir='ltr'><strong>cum</strong></span> <span class='ocrx_word' id='word_1_530' title='bbox 3538 4335 3832 4392; x_wconf 86' lang='lat' dir='ltr'><strong>conﬁtetur</strong></span> 
     </span>
    </p>
   </div>
   <div class='ocr_carea' id='block_1_73' title="bbox 2227 4424 3825 4500">
    <p class='ocr_par' dir='ltr' id='par_1_73' title="bbox 2227 4424 3825 4500">
     <span class='ocr_line' id='line_1_73' title="bbox 2227 4424 3825 4500; baseline 0.004 -20"><span class='ocrx_word' id='word_1_531' title='bbox 2227 4424 2397 4481; x_wconf 90' lang='lat' dir='ltr'><strong>ﬁlium</strong></span> <span class='ocrx_word' id='word_1_532' title='bbox 2445 4425 2725 4494; x_wconf 84' lang='lat' dir='ltr'><strong>hominis,</strong></span> <span class='ocrx_word' id='word_1_533' title='bbox 2778 4434 3071 4486; x_wconf 88' lang='lat' dir='ltr'><strong>conlitetur</strong></span> <span class='ocrx_word' id='word_1_534' title='bbox 3117 4443 3169 4486; x_wconf 90' lang='lat' dir='ltr'><strong>ct</strong></span> <span class='ocrx_word' id='word_1_535' title='bbox 3221 4439 3471 4485; x_wconf 81' lang='lat' dir='ltr'><strong>sanctum</strong></span> <span class='ocrx_word' id='word_1_536' title='bbox 3523 4430 3825 4500; x_wconf 88' lang='lat' dir='ltr'><strong>Spiritum:</strong></span> 
     </span>
    </p>
   </div>
   <div class='ocr_carea' id='block_1_74' title="bbox 2225 4520 3832 4593">
    <p class='ocr_par' dir='ltr' id='par_1_74' title="bbox 2225 4520 3832 4593">
     <span class='ocr_line' id='line_1_74' title="bbox 2225 4520 3832 4593; baseline 0.004 -19"><span class='ocrx_word' id='word_1_537' title='bbox 2225 4520 2354 4590; x_wconf 85' lang='lat' dir='ltr'><strong>quia</strong></span> <span class='ocrx_word' id='word_1_538' title='bbox 2397 4535 2430 4575; x_wconf 91' lang='lat' dir='ltr'><strong>e</strong></span> <span class='ocrx_word' id='word_1_539' title='bbox 2475 4530 2666 4576; x_wconf 85' lang='lat' dir='ltr'><strong>sancto</strong></span> <span class='ocrx_word' id='word_1_540' title='bbox 2709 4522 2948 4593; x_wconf 81' lang='lat' dir='ltr'><strong>Spiritu,</strong></span> <span class='ocrx_word' id='word_1_541' title='bbox 2992 4531 3050 4579; x_wconf 91' lang='lat' dir='ltr'><strong>et</strong></span> <span class='ocrx_word' id='word_1_542' title='bbox 3089 4523 3255 4577; x_wconf 83' lang='lat' dir='ltr'><strong>Maria</strong></span> <span class='ocrx_word' id='word_1_543' title='bbox 3308 4523 3517 4592; x_wconf 88' lang='lat' dir='ltr'><strong>virgine</strong></span> <span class='ocrx_word' id='word_1_544' title='bbox 3563 4522 3832 4580; x_wconf 84' lang='lat' dir='ltr'><strong>mediator</strong></span> 
     </span>
    </p>
   </div>
   <div class='ocr_carea' id='block_1_75' title="bbox 2228 4615 3830 4687">
    <p class='ocr_par' dir='ltr' id='par_1_75' title="bbox 2228 4615 3830 4687">
     <span class='ocr_line' id='line_1_75' title="bbox 2228 4615 3830 4687; baseline 0.004 -21"><span class='ocrx_word' id='word_1_545' title='bbox 2228 4615 2471 4668; x_wconf 86' lang='lat' dir='ltr'><strong>nascitur</strong></span> <span class='ocrx_word' id='word_1_546' title='bbox 2496 4630 2509 4667; x_wconf 91' lang='lat'><strong>:</strong></span> <span class='ocrx_word' id='word_1_547' title='bbox 2534 4630 2658 4668; x_wconf 92' lang='lat' dir='ltr'><strong>cum</strong></span> <span class='ocrx_word' id='word_1_548' title='bbox 2687 4616 2983 4673; x_wconf 86' lang='lat' dir='ltr'><strong>conﬁtetur</strong></span> <span class='ocrx_word' id='word_1_549' title='bbox 3012 4615 3435 4687; x_wconf 66' lang='lat' dir='ltr'><strong>primogenitum</strong></span> <span class='ocrx_word' id='word_1_550' title='bbox 3453 4656 3468 4677; x_wconf 87' lang='lat'><strong>,</strong></span> <span class='ocrx_word' id='word_1_551' title='bbox 3495 4629 3720 4670; x_wconf 84' lang='lat' dir='ltr'><strong>necesse</strong></span> <span class='ocrx_word' id='word_1_552' title='bbox 3743 4624 3830 4672; x_wconf 85' lang='lat' dir='ltr'><strong>est</strong></span> 
     </span>
    </p>
   </div>
   <div class='ocr_carea' id='block_1_76' title="bbox 2226 4707 3828 4780">
    <p class='ocr_par' dir='ltr' id='par_1_76' title="bbox 2226 4707 3828 4780">
     <span class='ocr_line' id='line_1_76' title="bbox 2226 4707 3828 4780; baseline 0.001 -19"><span class='ocrx_word' id='word_1_553' title='bbox 2226 4707 2296 4761; x_wconf 88' lang='lat' dir='ltr'><strong>de</strong></span> <span class='ocrx_word' id='word_1_554' title='bbox 2325 4707 2638 4780; x_wconf 78' lang='lat' dir='ltr'><strong>unigenito,</strong></span> <span class='ocrx_word' id='word_1_555' title='bbox 2670 4709 2760 4778; x_wconf 88' lang='lat' dir='ltr'><strong>qui</strong></span> <span class='ocrx_word' id='word_1_556' title='bbox 2789 4709 3162 4763; x_wconf 83' lang='lat' dir='ltr'><strong>testimonium</strong></span> <span class='ocrx_word' id='word_1_557' title='bbox 3185 4707 3360 4774; x_wconf 89' lang='lat' dir='ltr'><strong>dicat,</strong></span> <span class='ocrx_word' id='word_1_558' title='bbox 3387 4723 3553 4762; x_wconf 86' lang='lat' dir='ltr'><strong>unum</strong></span> <span class='ocrx_word' id='word_1_559' title='bbox 3577 4717 3631 4761; x_wconf 89' lang='lat' dir='ltr'><strong>et</strong></span> <span class='ocrx_word' id='word_1_560' title='bbox 3653 4708 3828 4763; x_wconf 73' lang='lat' dir='ltr'><strong>solum</strong></span> 
     </span>
    </p>
   </div>
   <div class='ocr_carea' id='block_1_77' title="bbox 2227 4799 3830 4872">
    <p class='ocr_par' dir='ltr' id='par_1_77' title="bbox 2227 4799 3830 4872">
     <span class='ocr_line' id='line_1_77' title="bbox 2227 4799 3830 4872; baseline 0.002 -17"><span class='ocrx_word' id='word_1_561' title='bbox 2227 4799 2349 4856; x_wconf 89' lang='lat' dir='ltr'><strong>sine</strong></span> <span class='ocrx_word' id='word_1_562' title='bbox 2375 4802 2587 4872; x_wconf 87' lang='lat' dir='ltr'><strong>origine</strong></span> <span class='ocrx_word' id='word_1_563' title='bbox 2614 4816 2777 4857; x_wconf 81' lang='lat' dir='ltr'><strong>esse:</strong></span> <span class='ocrx_word' id='word_1_564' title='bbox 2814 4812 2837 4841; x_wconf 73' lang='grc' dir='ltr'><em>ε</em></span> <span class='ocrx_word' id='word_1_565' title='bbox 2869 4800 3088 4858; x_wconf 85' lang='lat' dir='ltr'><strong>tertiam</strong></span> <span class='ocrx_word' id='word_1_566' title='bbox 3133 4816 3421 4871; x_wconf 86' lang='lat' dir='ltr'><strong>personam</strong></span> <span class='ocrx_word' id='word_1_567' title='bbox 3455 4812 3665 4872; x_wconf 86' lang='lat' dir='ltr'><strong>patrem</strong></span> <span class='ocrx_word' id='word_1_568' title='bbox 3693 4816 3830 4858; x_wconf 87' lang='lat' dir='ltr'><strong>con-</strong></span> 
     </span>
    </p>
   </div>
   <div class='ocr_carea' id='block_1_78' title="bbox 2227 4888 3829 4963">
    <p class='ocr_par' dir='ltr' id='par_1_78' title="bbox 2227 4888 3829 4963">
     <span class='ocr_line' id='line_1_78' title="bbox 2227 4888 3829 4963; baseline 0.002 -18"><span class='ocrx_word' id='word_1_569' title='bbox 2227 4888 2433 4958; x_wconf 89' lang='lat' dir='ltr'><strong>ﬁtetur,</strong></span> <span class='ocrx_word' id='word_1_570' title='bbox 2475 4893 2830 4948; x_wconf 82' lang='lat' dir='ltr'><strong>exsistentem</strong></span> <span class='ocrx_word' id='word_1_571' title='bbox 2859 4891 3059 4948; x_wconf 70' lang='lat' dir='ltr'><strong>divium</strong></span> <span class='ocrx_word' id='word_1_572' title='bbox 3106 4903 3354 4959; x_wconf 74' lang='lat' dir='ltr'><strong>naturae,</strong></span> <span class='ocrx_word' id='word_1_573' title='bbox 3398 4892 3554 4948; x_wconf 87' lang='lat' dir='ltr'><strong>lucis.</strong></span> <span class='ocrx_word' id='word_1_574' title='bbox 3591 4892 3829 4963; x_wconf 82' lang='lat' dir='ltr'><strong>Spiritus</strong></span> 
     </span>
    </p>
   </div>
   <div class='ocr_carea' id='block_1_79' title="bbox 516 4966 3828 5058">
    <p class='ocr_par' dir='ltr' id='par_1_79' title="bbox 516 4966 3828 5058">
     <span class='ocr_line' id='line_1_79' title="bbox 516 4966 3828 5058; baseline -0.002 -11"><span class='ocrx_word' id='word_1_575' title='bbox 516 4990 660 5048; x_wconf 89' lang='lat' dir='ltr'><strong>cludi</strong></span> <span class='ocrx_word' id='word_1_576' title='bbox 691 4999 787 5045; x_wconf 88' lang='lat' dir='ltr'><strong>aut</strong></span> <span class='ocrx_word' id='word_1_577' title='bbox 812 4987 1039 5044; x_wconf 81' lang='lat' dir='ltr'><strong>verbum</strong></span> <span class='ocrx_word' id='word_1_578' title='bbox 1076 4997 1166 5042; x_wconf 90' lang='lat' dir='ltr'><strong>aut</strong></span> <span class='ocrx_word' id='word_1_579' title='bbox 1207 4984 1512 5042; x_wconf 68' lang='lat' dir='ltr'><strong>substantia</strong></span> <span class='ocrx_word' id='word_1_580' title='bbox 1569 4985 1785 5056; x_wconf 87' lang='lat' dir='ltr'><strong>propria</strong></span> <span class='ocrx_word' id='word_1_581' title='bbox 1818 4981 2121 5039; x_wconf 85' lang='lat' dir='ltr'><strong>divinitatis</strong></span> <span class='ocrx_word' id='word_1_582' title='bbox 2146 4966 2201 5028; x_wconf 83' lang='grc' dir='ltr'>Ῑ)</span> <span class='ocrx_word' id='word_1_583' title='bbox 2229 4993 2286 5039; x_wconf 90' lang='grc' dir='ltr'><strong>ιιι</strong></span> <span class='ocrx_word' id='word_1_584' title='bbox 2314 4983 2461 5051; x_wconf 77' lang='lat' dir='ltr'><strong>dixi,</strong></span> <span class='ocrx_word' id='word_1_585' title='bbox 2499 4987 2590 5056; x_wconf 89' lang='lat' dir='ltr'><strong>qui</strong></span> <span class='ocrx_word' id='word_1_586' title='bbox 2635 4985 2931 5042; x_wconf 84' lang='lat' dir='ltr'><strong>secundum</strong></span> <span class='ocrx_word' id='word_1_587' title='bbox 2963 4985 3203 5041; x_wconf 84' lang='lat' dir='ltr'><strong>divinam</strong></span> <span class='ocrx_word' id='word_1_588' title='bbox 3250 4996 3533 5051; x_wconf 88' lang='lat' dir='ltr'><strong>naturam,</strong></span> <span class='ocrx_word' id='word_1_589' title='bbox 3567 4997 3625 5040; x_wconf 93' lang='lat' dir='ltr'><strong>nt</strong></span> <span class='ocrx_word' id='word_1_590' title='bbox 3660 5001 3828 5058; x_wconf 86' lang='lat' dir='ltr'><strong>supra</strong></span> 
     </span>
    </p>
   </div>
   <div class='ocr_carea' id='block_1_80' title="bbox 519 5075 2115 5151">
    <p class='ocr_par' dir='ltr' id='par_1_80' title="bbox 519 5075 2115 5151">
     <span class='ocr_line' id='line_1_80' title="bbox 519 5075 2115 5151; baseline -0.006 -9"><span class='ocrx_word' id='word_1_591' title='bbox 519 5102 654 5142; x_wconf 67' lang='lat' dir='ltr'><strong>suae.</strong></span> <span class='ocrx_word' id='word_1_592' title='bbox 689 5084 790 5151; x_wconf 76' lang='lat' dir='ltr'><strong>Qui</strong></span> <span class='ocrx_word' id='word_1_593' title='bbox 832 5090 918 5137; x_wconf 90' lang='lat' dir='ltr'><strong>est</strong></span> <span class='ocrx_word' id='word_1_594' title='bbox 951 5079 1072 5136; x_wconf 83' lang='lat' dir='ltr'><strong>lous</strong></span> <span class='ocrx_word' id='word_1_595' title='bbox 1097 5080 1294 5134; x_wconf 68' lang='lat' dir='ltr'><strong>divina:</strong></span> <span class='ocrx_word' id='word_1_596' title='bbox 1326 5079 1462 5135; x_wconf 87' lang='lat' dir='ltr'><strong>lucis</strong></span> <span class='ocrx_word' id='word_1_597' title='bbox 1483 5121 1496 5144; x_wconf 91' lang='lat'><strong>,</strong></span> <span class='ocrx_word' id='word_1_598' title='bbox 1529 5077 1787 5143; x_wconf 86' lang='lat' dir='ltr'><strong>luminis,</strong></span> <span class='ocrx_word' id='word_1_599' title='bbox 1831 5092 1943 5132; x_wconf 67' lang='lat' dir='ltr'><strong>suae</strong></span> <span class='ocrx_word' id='word_1_600' title='bbox 1981 5075 2115 5132; x_wconf 86' lang='lat' dir='ltr'><strong>sub-</strong></span> 
     </span>
    </p>
   </div>
   <div class='ocr_carea' id='block_1_81' title="bbox 522 5164 2120 5242">
    <p class='ocr_par' dir='ltr' id='par_1_81' title="bbox 522 5164 2120 5242">
     <span class='ocr_line' id='line_1_81' title="bbox 522 5164 2120 5242; baseline -0.005 -10"><span class='ocrx_word' id='word_1_601' title='bbox 522 5177 737 5232; x_wconf 74' lang='lat' dir='ltr'><strong>stantia?</strong></span> <span class='ocrx_word' id='word_1_602' title='bbox 761 5217 773 5238; x_wconf 84' lang='lat'><strong>,</strong></span> <span class='ocrx_word' id='word_1_603' title='bbox 809 5185 1038 5228; x_wconf 62' lang='lat' dir='ltr'><strong>naturai.</strong></span> <span class='ocrx_word' id='word_1_604' title='bbox 1072 5171 1238 5228; x_wconf 86' lang='lat' dir='ltr'><strong>Silcat</strong></span> <span class='ocrx_word' id='word_1_605' title='bbox 1267 5173 1443 5242; x_wconf 81' lang='lat' dir='ltr'><strong>lingua</strong></span> <span class='ocrx_word' id='word_1_606' title='bbox 1471 5171 1707 5226; x_wconf 87' lang='lat' dir='ltr'><strong>oratoria</strong></span> <span class='ocrx_word' id='word_1_607' title='bbox 1729 5213 1744 5238; x_wconf 91' lang='lat'><strong>,</strong></span> <span class='ocrx_word' id='word_1_608' title='bbox 1779 5171 1901 5240; x_wconf 90' lang='lat' dir='ltr'><strong>quia</strong></span> <span class='ocrx_word' id='word_1_609' title='bbox 1933 5164 2120 5225; x_wconf 77' lang='lat' dir='ltr'><strong>deﬁcit</strong></span> 
     </span>
    </p>
   </div>
   <div class='ocr_carea' id='block_1_82' title="bbox 518 5261 2112 5323">
    <p class='ocr_par' dir='ltr' id='par_1_82' title="bbox 518 5261 2112 5323">
     <span class='ocr_line' id='line_1_82' title="bbox 518 5261 2112 5323; baseline -0.005 -2"><span class='ocrx_word' id='word_1_610' title='bbox 518 5281 700 5323; x_wconf 86' lang='lat' dir='ltr'><strong>sermo</strong></span> <span class='ocrx_word' id='word_1_611' title='bbox 740 5264 809 5320; x_wconf 89' lang='lat' dir='ltr'><strong>de</strong></span> <span class='ocrx_word' id='word_1_612' title='bbox 840 5263 1102 5318; x_wconf 85' lang='lat' dir='ltr'><strong>indicibili</strong></span> <span class='ocrx_word' id='word_1_613' title='bbox 1129 5281 1143 5317; x_wconf 86' lang='lat'><strong>:</strong></span> <span class='ocrx_word' id='word_1_614' title='bbox 1175 5277 1296 5318; x_wconf 91' lang='lat' dir='ltr'><strong>cum</strong></span> <span class='ocrx_word' id='word_1_615' title='bbox 1330 5261 1792 5317; x_wconf 86' lang='lat' dir='ltr'><strong>consummaverit</strong></span> <span class='ocrx_word' id='word_1_616' title='bbox 1830 5276 1979 5315; x_wconf 83' lang='lat' dir='ltr'><strong>mens</strong></span> <span class='ocrx_word' id='word_1_617' title='bbox 2012 5261 2112 5316; x_wconf 86' lang='lat' dir='ltr'><strong>hu-</strong></span> 
     </span>
    </p>
   </div>
   <div class='ocr_carea' id='block_1_83' title="bbox 517 5355 2116 5428">
    <p class='ocr_par' dir='ltr' id='par_1_83' title="bbox 517 5355 2116 5428">
     <span class='ocr_line' id='line_1_83' title="bbox 517 5355 2116 5428; baseline -0.004 -12"><span class='ocrx_word' id='word_1_618' title='bbox 517 5376 674 5417; x_wconf 87' lang='lat' dir='ltr'><strong>mana</strong></span> <span class='ocrx_word' id='word_1_619' title='bbox 700 5358 766 5413; x_wconf 88' lang='lat' dir='ltr'><strong>de</strong></span> <span class='ocrx_word' id='word_1_620' title='bbox 791 5357 970 5412; x_wconf 87' lang='lat' dir='ltr'><strong>divina</strong></span> <span class='ocrx_word' id='word_1_621' title='bbox 993 5357 1273 5428; x_wconf 85' lang='lat' dir='ltr'><strong>majestate</strong></span> <span class='ocrx_word' id='word_1_622' title='bbox 1294 5355 1499 5423; x_wconf 90' lang='lat' dir='ltr'><strong>dicere,</strong></span> <span class='ocrx_word' id='word_1_623' title='bbox 1524 5367 1650 5412; x_wconf 90' lang='lat' dir='ltr'><strong>tunc</strong></span> <span class='ocrx_word' id='word_1_624' title='bbox 1675 5355 1880 5427; x_wconf 86' lang='lat' dir='ltr'><strong>incipit.</strong></span> <span class='ocrx_word' id='word_1_625' title='bbox 1905 5355 2116 5424; x_wconf 86' lang='lat' dir='ltr'><strong>Quanta</strong></span> 
     </span>
    </p>
   </div>
   <div class='ocr_carea' id='block_1_84' title="bbox 512 5446 2118 5519">
    <p class='ocr_par' dir='ltr' id='par_1_84' title="bbox 512 5446 2118 5519">
     <span class='ocr_line' id='line_1_84' title="bbox 512 5446 2118 5519; baseline -0.005 -10"><span class='ocrx_word' id='word_1_626' title='bbox 512 5456 585 5510; x_wconf 87' lang='lat' dir='ltr'><strong>sit</strong></span> <span class='ocrx_word' id='word_1_627' title='bbox 625 5459 803 5508; x_wconf 86' lang='lat' dir='ltr'><strong>autem</strong></span> <span class='ocrx_word' id='word_1_628' title='bbox 858 5449 1040 5504; x_wconf 86' lang='lat' dir='ltr'><strong>divina</strong></span> <span class='ocrx_word' id='word_1_629' title='bbox 1089 5448 1415 5516; x_wconf 87' lang='lat' dir='ltr'><strong>clementia,</strong></span> <span class='ocrx_word' id='word_1_630' title='bbox 1473 5465 1636 5505; x_wconf 89' lang='lat' dir='ltr'><strong>nemo</strong></span> <span class='ocrx_word' id='word_1_631' title='bbox 1684 5451 1822 5512; x_wconf 89' lang='lat' dir='ltr'><strong>scit,</strong></span> <span class='ocrx_word' id='word_1_632' title='bbox 1877 5449 1979 5503; x_wconf 88' lang='lat' dir='ltr'><strong>nisi</strong></span> <span class='ocrx_word' id='word_1_633' title='bbox 2023 5446 2118 5519; x_wconf 89' lang='lat' dir='ltr'><strong>qui</strong></span> 
     </span>
    </p>
   </div>
   <div class='ocr_carea' id='block_1_85' title="bbox 584 5583 2112 5659">
    <p class='ocr_par' dir='ltr' id='par_1_85' title="bbox 584 5583 2112 5659">
     <span class='ocr_line' id='line_1_85' title="bbox 584 5583 2112 5659; baseline -0.001 -19"><span class='ocrx_word' id='word_1_634' title='bbox 584 5596 611 5625; x_wconf 75' lang='grc' dir='ltr'><strong>ι</strong></span> <span class='ocrx_word' id='word_1_635' title='bbox 653 5587 726 5640; x_wconf 78' lang='lat' dir='ltr'><strong>Ab</strong></span> <span class='ocrx_word' id='word_1_636' title='bbox 757 5603 846 5649; x_wconf 86' lang='lat' dir='ltr'><strong>eo,</strong></span> <span class='ocrx_word' id='word_1_637' title='bbox 889 5595 994 5640; x_wconf 88' lang='lat' dir='ltr'><strong>etc.</strong></span> <span class='ocrx_word' id='word_1_638' title='bbox 1029 5585 1116 5639; x_wconf 80' lang='lat' dir='ltr'><strong>Al.</strong></span> <span class='ocrx_word' id='word_1_639' title='bbox 1163 5583 1224 5639; x_wconf 83' lang='lat' dir='ltr'><strong>ab</strong></span> <span class='ocrx_word' id='word_1_640' title='bbox 1257 5602 1315 5639; x_wconf 85' lang='lat' dir='ltr'><strong>eo</strong></span> <span class='ocrx_word' id='word_1_641' title='bbox 1352 5586 1439 5655; x_wconf 85' lang='lat' dir='ltr'><strong>qni</strong></span> <span class='ocrx_word' id='word_1_642' title='bbox 1471 5595 1541 5639; x_wconf 83' lang='lat' dir='ltr'><strong>est</strong></span> <span class='ocrx_word' id='word_1_643' title='bbox 1594 5587 1824 5659; x_wconf 69' lang='lat' dir='ltr'><strong>Spiritus</strong></span> <span class='ocrx_word' id='word_1_644' title='bbox 1869 5596 2112 5651; x_wconf 79' lang='lat' dir='ltr'><strong>sanctus,</strong></span> 
     </span>
    </p>
   </div>
   <div class='ocr_carea' id='block_1_86' title="bbox 516 5667 836 5724">
    <p class='ocr_par' dir='ltr' id='par_1_86' title="bbox 516 5667 836 5724">
     <span class='ocr_line' id='line_1_86' title="bbox 516 5667 836 5724; baseline -0.009 -12"><span class='ocrx_word' id='word_1_645' title='bbox 516 5679 546 5713; x_wconf 72' lang='grc' dir='ltr'>(ι</span> <span class='ocrx_word' id='word_1_646' title='bbox 574 5678 696 5724; x_wconf 86' lang='lat' dir='ltr'><strong>quo,</strong></span> <span class='ocrx_word' id='word_1_647' title='bbox 729 5667 836 5712; x_wconf 81' lang='lat' dir='ltr'><strong>etc.</strong></span> 
     </span>
    </p>
   </div>
   <div class='ocr_carea' id='block_1_87' title="bbox 647 5728 2111 5809">
    <p class='ocr_par' dir='ltr' id='par_1_87' title="bbox 647 5728 2111 5809">
     <span class='ocr_line' id='line_1_87' title="bbox 647 5728 2111 5809; baseline -0.001 -25"><span class='ocrx_word' id='word_1_648' title='bbox 647 5729 847 5802; x_wconf 77' lang='lat' dir='ltr'><strong>Corpus</strong></span> <span class='ocrx_word' id='word_1_649' title='bbox 873 5729 1232 5809; x_wconf 50' lang='lat' dir='ltr'><strong>prterea-etim.</strong></span> <span class='ocrx_word' id='word_1_650' title='bbox 1269 5728 1323 5782; x_wconf 76' lang='lat' dir='ltr'><strong>id</strong></span> <span class='ocrx_word' id='word_1_651' title='bbox 1346 5737 1481 5808; x_wconf 37' lang='lat' dir='ltr'><strong>.cst,</strong></span> <span class='ocrx_word' id='word_1_652' title='bbox 1517 5730 1631 5794; x_wconf 65' lang='grc' dir='ltr'><strong>ἰν-«ε</strong></span> <span class='ocrx_word' id='word_1_653' title='bbox 1657 5731 1754 5809; x_wconf 60' lang='lat' dir='ltr'><strong>alii</strong></span> <span class='ocrx_word' id='word_1_654' title='bbox 1795 5736 2012 5796; x_wconf 66' lang='lat' dir='ltr'><strong>praescii</strong></span> <span class='ocrx_word' id='word_1_655' title='bbox 2041 5728 2111 5783; x_wconf 85' lang='lat' dir='ltr'><strong>ab</strong></span> 
     </span>
    </p>
   </div>
   <div class='ocr_carea' id='block_1_88' title="bbox 509 5800 2098 5927">
    <p class='ocr_par' dir='ltr' id='par_1_88' title="bbox 509 5800 2098 5927">
     <span class='ocr_line' id='line_1_88' title="bbox 509 5800 2098 5927; baseline 0.003 -75"><span class='ocrx_word' id='word_1_656' title='bbox 509 5814 714 5927; x_wconf 57' lang='grc' dir='ltr'><strong>ειειονιέο</strong></span> <span class='ocrx_word' id='word_1_657' title='bbox 739 5800 918 5855; x_wconf 77' lang='lat' dir='ltr'><strong>eiuuia</strong></span> <span class='ocrx_word' id='word_1_658' title='bbox 938 5839 952 5864; x_wconf 92' lang='lat'><strong>,</strong></span> <span class='ocrx_word' id='word_1_659' title='bbox 984 5800 1137 5868; x_wconf 57' lang='lat' dir='ltr'><strong>cujus</strong></span> <span class='ocrx_word' id='word_1_660' title='bbox 1166 5800 1510 5870; x_wconf 67' lang='lat' dir='ltr'><strong>praescienna</strong></span> <span class='ocrx_word' id='word_1_661' title='bbox 1544 5813 1625 5855; x_wconf 71' lang='lat' dir='ltr'><strong>cat</strong></span> <span class='ocrx_word' id='word_1_662' title='bbox 1656 5800 1823 5871; x_wconf 73' lang='lat' dir='ltr'><strong>ipsius</strong></span> <span class='ocrx_word' id='word_1_663' title='bbox 1851 5812 2098 5858; x_wconf 77' lang='lat' dir='ltr'><strong>substan-</strong></span> 
     </span>
     <span class='ocr_line' id='line_1_89' title="bbox 513 5883 853 5927; baseline -0.009 0"><span class='ocrx_word' id='word_1_664' title='bbox 513 5883 608 5927; x_wconf 82' lang='lat' dir='ltr'><strong>tla.</strong></span> <span class='ocrx_word' id='word_1_665' title='bbox 688 5883 853 5927; x_wconf 76' lang='lat' dir='ltr'><strong>nux.</strong></span> 
     </span>
    </p>
   </div>
   <div class='ocr_carea' id='block_1_89' title="bbox 513 5883 853 5929">
    <p class='ocr_par' dir='ltr' id='par_1_89' title="bbox 513 5883 853 5929">
     <span class='ocr_line' id='line_1_90' title="bbox 513 5883 853 5929; baseline -0.006 -3"><span class='ocrx_word' id='word_1_666' title='bbox 513 5883 608 5928; x_wconf 75' lang='grc' dir='ltr'>ιιιι.</span> <span class='ocrx_word' id='word_1_667' title='bbox 646 5883 853 5929; x_wconf 74' lang='grc' dir='ltr'>υιΑιιχ.</span> 
     </span>
    </p>
   </div>
   <div class='ocr_carea' id='block_1_90' title="bbox 2223 5075 3826 5152">
    <p class='ocr_par' dir='ltr' id='par_1_90' title="bbox 2223 5075 3826 5152">
     <span class='ocr_line' id='line_1_91' title="bbox 2223 5075 3826 5152; baseline 0.003 -20"><span class='ocrx_word' id='word_1_668' title='bbox 2223 5075 2371 5146; x_wconf 83' lang='lat' dir='ltr'><strong>dixi,</strong></span> <span class='ocrx_word' id='word_1_669' title='bbox 2415 5086 2501 5133; x_wconf 86' lang='lat' dir='ltr'><strong>est</strong></span> <span class='ocrx_word' id='word_1_670' title='bbox 2529 5094 2670 5135; x_wconf 90' lang='lat' dir='ltr'><strong>unus</strong></span> <span class='ocrx_word' id='word_1_671' title='bbox 2707 5079 2764 5135; x_wconf 90' lang='lat' dir='ltr'><strong>in</strong></span> <span class='ocrx_word' id='word_1_672' title='bbox 2806 5078 3051 5145; x_wconf 89' lang='lat' dir='ltr'><strong>duobus,</strong></span> <span class='ocrx_word' id='word_1_673' title='bbox 3082 5088 3138 5134; x_wconf 90' lang='lat' dir='ltr'><strong>et</strong></span> <span class='ocrx_word' id='word_1_674' title='bbox 3168 5088 3397 5152; x_wconf 82' lang='lat' dir='ltr'><strong>uterque</strong></span> <span class='ocrx_word' id='word_1_675' title='bbox 3427 5081 3478 5133; x_wconf 92' lang='lat' dir='ltr'><strong>in</strong></span> <span class='ocrx_word' id='word_1_676' title='bbox 3513 5079 3566 5134; x_wconf 91' lang='lat' dir='ltr'><strong>id</strong></span> <span class='ocrx_word' id='word_1_677' title='bbox 3608 5081 3826 5150; x_wconf 85' lang='lat' dir='ltr'><strong>ipsum;</strong></span> 
     </span>
    </p>
   </div>
   <div class='ocr_carea' id='block_1_91' title="bbox 2225 5170 3829 5246">
    <p class='ocr_par' dir='ltr' id='par_1_91' title="bbox 2225 5170 3829 5246">
     <span class='ocr_line' id='line_1_92' title="bbox 2225 5170 3829 5246; baseline 0.004 -21"><span class='ocrx_word' id='word_1_678' title='bbox 2225 5186 2282 5240; x_wconf 50' lang='lat' dir='ltr'><strong>pa</strong></span> <span class='ocrx_word' id='word_1_679' title='bbox 2297 5181 2382 5226; x_wconf 92' lang='lat' dir='ltr'><strong>ter</strong></span> <span class='ocrx_word' id='word_1_680' title='bbox 2411 5173 2468 5226; x_wconf 91' lang='lat' dir='ltr'><strong>in</strong></span> <span class='ocrx_word' id='word_1_681' title='bbox 2501 5171 2644 5237; x_wconf 88' lang='lat' dir='ltr'><strong>ﬁlio,</strong></span> <span class='ocrx_word' id='word_1_682' title='bbox 2679 5173 2823 5230; x_wconf 88' lang='lat' dir='ltr'><strong>ﬁlius</strong></span> <span class='ocrx_word' id='word_1_683' title='bbox 2850 5173 2908 5230; x_wconf 89' lang='lat' dir='ltr'><strong>in</strong></span> <span class='ocrx_word' id='word_1_684' title='bbox 2939 5182 3130 5246; x_wconf 88' lang='lat' dir='ltr'><strong>patre,</strong></span> <span class='ocrx_word' id='word_1_685' title='bbox 3163 5177 3216 5229; x_wconf 93' lang='lat' dir='ltr'><strong>ln</strong></span> <span class='ocrx_word' id='word_1_686' title='bbox 3255 5183 3451 5229; x_wconf 86' lang='lat' dir='ltr'><strong>sancto</strong></span> <span class='ocrx_word' id='word_1_687' title='bbox 3480 5173 3688 5244; x_wconf 87' lang='lat' dir='ltr'><strong>Spiritu</strong></span> <span class='ocrx_word' id='word_1_688' title='bbox 3714 5170 3740 5212; x_wconf 70' lang='grc'><strong>(³</strong></span> <span class='ocrx_word' id='word_1_689' title='bbox 3770 5175 3829 5232; x_wconf 89' lang='lat' dir='ltr'><strong>in</strong></span> 
     </span>
    </p>
   </div>
   <div class='ocr_carea' id='block_1_92' title="bbox 2223 5263 3826 5325">
    <p class='ocr_par' dir='ltr' id='par_1_92' title="bbox 2223 5263 3826 5325">
     <span class='ocr_line' id='line_1_93' title="bbox 2223 5263 3826 5325; baseline 0.004 -9"><span class='ocrx_word' id='word_1_690' title='bbox 2223 5272 2409 5318; x_wconf 83' lang='lat' dir='ltr'><strong>sancta</strong></span> <span class='ocrx_word' id='word_1_691' title='bbox 2433 5263 2704 5322; x_wconf 86' lang='lat' dir='ltr'><strong>Ecclesia.</strong></span> <span class='ocrx_word' id='word_1_692' title='bbox 2730 5265 2882 5322; x_wconf 81' lang='lat' dir='ltr'><strong>Nunc</strong></span> <span class='ocrx_word' id='word_1_693' title='bbox 2904 5277 2961 5322; x_wconf 90' lang='lat' dir='ltr'><strong>et</strong></span> <span class='ocrx_word' id='word_1_694' title='bbox 2985 5267 3040 5320; x_wconf 90' lang='lat' dir='ltr'><strong>in</strong></span> <span class='ocrx_word' id='word_1_695' title='bbox 3070 5265 3407 5323; x_wconf 87' lang='lat' dir='ltr'><strong>immortalia</strong></span> <span class='ocrx_word' id='word_1_696' title='bbox 3427 5267 3627 5324; x_wconf 64' lang='lat' dir='ltr'><strong>saecula</strong></span> <span class='ocrx_word' id='word_1_697' title='bbox 3649 5283 3826 5325; x_wconf 62' lang='lat' dir='ltr'><strong>sacu-</strong></span> 
     </span>
    </p>
   </div>
   <div class='ocr_carea' id='block_1_93' title="bbox 2224 5357 2649 5416">
    <p class='ocr_par' dir='ltr' id='par_1_93' title="bbox 2224 5357 2649 5416">
     <span class='ocr_line' id='line_1_94' title="bbox 2224 5357 2649 5416; baseline 0.007 -6"><span class='ocrx_word' id='word_1_698' title='bbox 2224 5357 2424 5412; x_wconf 84' lang='lat' dir='ltr'><strong>lurum.</strong></span> <span class='ocrx_word' id='word_1_699' title='bbox 2456 5365 2649 5416; x_wconf 84' lang='lat' dir='ltr'><strong>Amen.</strong></span> 
     </span>
    </p>
   </div>
   <div class='ocr_carea' id='block_1_94' title="bbox 2301 5585 3821 5661">
    <p class='ocr_par' dir='ltr' id='par_1_94' title="bbox 2301 5585 3821 5661">
     <span class='ocr_line' id='line_1_95' title="bbox 2301 5585 3821 5661; baseline 0.003 -21"><span class='ocrx_word' id='word_1_700' title='bbox 2301 5599 2317 5625; x_wconf 73' lang='grc' dir='ltr'><strong>ί</strong></span> <span class='ocrx_word' id='word_1_701' title='bbox 2363 5585 2591 5644; x_wconf 80' lang='lat' dir='ltr'><strong>Tertiam</strong></span> <span class='ocrx_word' id='word_1_702' title='bbox 2631 5605 2905 5661; x_wconf 83' lang='lat' dir='ltr'><strong>personam</strong></span> <span class='ocrx_word' id='word_1_703' title='bbox 2946 5598 3162 5661; x_wconf 81' lang='lat' dir='ltr'><strong>patrem.</strong></span> <span class='ocrx_word' id='word_1_704' title='bbox 3196 5588 3360 5644; x_wconf 84' lang='lat' dir='ltr'><strong>Pater</strong></span> <span class='ocrx_word' id='word_1_705' title='bbox 3388 5589 3548 5644; x_wconf 88' lang='lat' dir='ltr'><strong>tertia</strong></span> <span class='ocrx_word' id='word_1_706' title='bbox 3581 5599 3665 5644; x_wconf 84' lang='lat' dir='ltr'><strong>est</strong></span> <span class='ocrx_word' id='word_1_707' title='bbox 3696 5606 3821 5659; x_wconf 82' lang='lat' dir='ltr'><strong>pcr-</strong></span> 
     </span>
    </p>
   </div>
   <div class='ocr_carea' id='block_1_95' title="bbox 2223 5660 3824 5744">
    <p class='ocr_par' dir='ltr' id='par_1_95' title="bbox 2223 5660 3824 5744">
     <span class='ocr_line' id='line_1_96' title="bbox 2223 5660 3824 5744; baseline 0.002 -33"><span class='ocrx_word' id='word_1_708' title='bbox 2223 5677 2352 5742; x_wconf 62' lang='lat' dir='ltr'><strong>«sona</strong></span> <span class='ocrx_word' id='word_1_709' title='bbox 2373 5703 2386 5725; x_wconf 92' lang='lat'><strong>,</strong></span> <span class='ocrx_word' id='word_1_710' title='bbox 2419 5663 2540 5744; x_wconf 76' lang='lat' dir='ltr'><strong>quia</strong></span> <span class='ocrx_word' id='word_1_711' title='bbox 2574 5660 2740 5743; x_wconf 76' lang='lat' dir='ltr'><strong>trium</strong></span> <span class='ocrx_word' id='word_1_712' title='bbox 2768 5677 2870 5714; x_wconf 89' lang='lat' dir='ltr'><strong>una</strong></span> <span class='ocrx_word' id='word_1_713' title='bbox 2903 5672 3006 5742; x_wconf 78' lang='lat' dir='ltr'><strong>est.</strong></span> <span class='ocrx_word' id='word_1_714' title='bbox 3035 5661 3116 5717; x_wconf 86' lang='lat' dir='ltr'><strong>In.</strong></span> <span class='ocrx_word' id='word_1_715' title='bbox 3143 5689 3215 5700; x_wconf 84' lang='lat'><strong>--</strong></span> <span class='ocrx_word' id='word_1_716' title='bbox 3240 5660 3326 5715; x_wconf 82' lang='lat' dir='ltr'><strong>Al.</strong></span> <span class='ocrx_word' id='word_1_717' title='bbox 3355 5675 3520 5715; x_wconf 72' lang='lat' dir='ltr'><strong>unum</strong></span> <span class='ocrx_word' id='word_1_718' title='bbox 3560 5670 3608 5715; x_wconf 86' lang='lat' dir='ltr'><strong>et</strong></span> <span class='ocrx_word' id='word_1_719' title='bbox 3653 5663 3824 5717; x_wconf 78' lang='lat' dir='ltr'><strong>solum</strong></span> 
     </span>
    </p>
   </div>
   <div class='ocr_carea' id='block_1_96' title="bbox 2220 5733 3554 5805">
    <p class='ocr_par' dir='ltr' id='par_1_96' title="bbox 2220 5733 3554 5805">
     <span class='ocr_line' id='line_1_97' title="bbox 2220 5733 3554 5805; baseline 0.002 -21"><span class='ocrx_word' id='word_1_720' title='bbox 2220 5734 2329 5805; x_wconf 60' lang='lat' dir='ltr'><strong>sine</strong></span> <span class='ocrx_word' id='word_1_721' title='bbox 2358 5734 2557 5805; x_wconf 77' lang='lat' dir='ltr'><strong>origine</strong></span> <span class='ocrx_word' id='word_1_722' title='bbox 2587 5749 2697 5786; x_wconf 74' lang='lat' dir='ltr'><strong>csse</strong></span> <span class='ocrx_word' id='word_1_723' title='bbox 2722 5733 2777 5786; x_wconf 81' lang='lat' dir='ltr'><strong>in</strong></span> <span class='ocrx_word' id='word_1_724' title='bbox 2802 5733 3006 5805; x_wconf 69' lang='lat' dir='ltr'><strong>tertium</strong></span> <span class='ocrx_word' id='word_1_725' title='bbox 3036 5748 3303 5802; x_wconf 71' lang='lat' dir='ltr'><strong>personam</strong></span> <span class='ocrx_word' id='word_1_726' title='bbox 3333 5743 3554 5801; x_wconf 73' lang='lat' dir='ltr'><strong>patrem.</strong></span> 
     </span>
    </p>
   </div>
   <div class='ocr_carea' id='block_1_97' title="bbox 2286 5801 3744 5860">
    <p class='ocr_par' dir='ltr' id='par_1_97' title="bbox 2286 5801 3744 5860">
     <span class='ocr_line' id='line_1_98' title="bbox 2286 5801 3744 5860; baseline 0 -3"><span class='ocrx_word' id='word_1_727' title='bbox 2286 5801 2312 5840; x_wconf 77' lang='grc' dir='ltr'><strong>ιι</strong></span> <span class='ocrx_word' id='word_1_728' title='bbox 2355 5803 2421 5858; x_wconf 84' lang='grc' dir='ltr'><strong>1η</strong></span> <span class='ocrx_word' id='word_1_729' title='bbox 2441 5801 2628 5858; x_wconf 63' lang='grc' dir='ltr'>ὶαιισια</span> <span class='ocrx_word' id='word_1_730' title='bbox 2654 5804 2889 5859; x_wconf 75' lang='lat' dir='ltr'><strong>ecclesia.</strong></span> <span class='ocrx_word' id='word_1_731' title='bbox 2919 5802 3006 5858; x_wconf 79' lang='lat' dir='ltr'><strong>Al.</strong></span> <span class='ocrx_word' id='word_1_732' title='bbox 3035 5819 3196 5858; x_wconf 76' lang='lat' dir='ltr'><strong>unum</strong></span> <span class='ocrx_word' id='word_1_733' title='bbox 3222 5805 3273 5858; x_wconf 86' lang='lat' dir='ltr'><strong>in</strong></span> <span class='ocrx_word' id='word_1_734' title='bbox 3303 5812 3482 5858; x_wconf 69' lang='lat' dir='ltr'><strong>macta</strong></span> <span class='ocrx_word' id='word_1_735' title='bbox 3508 5805 3744 5860; x_wconf 75' lang='lat' dir='ltr'><strong>ecclesia.</strong></span> 
     </span>
    </p>
   </div>
  </div>
