4180 6434
500 354 567 411 15
1877 333 2174 392 TICHONII
2205 334 2293 388 AF
2300 332 2364 387 Ri
3733 314 3807 373 16

493 471 547 525 in
581 465 963 537 compendium
1012 462 1261 519 reductas
1301 459 1416 515 suis
1442 455 1738 513 intexuerit
1785 450 2092 509 Sententia-
2119 454 2166 516 Α
2197 458 2447 504 exactum
2488 441 2762 515 evolgavit
2799 453 2949 496 anno
2989 437 3131 495 1622
3169 435 3416 494 Andreas
3451 432 3711 492 Schottns
3744 432 3800 487 in

496 578 614 618 rum
648 563 803 616 libris
845 557 943 631 (a),
974 571 1271 627 carumque
1311 562 1587 608 auctorem
1634 550 1775 604 inter
1824 545 2095 616 Sapientes

498 656 765 712 retulerit.

569 751 654 806 IV.
688 750 843 817 Quod
875 756 1147 817 superest,
1179 744 1427 801 'l‘ichonii
1458 743 1599 796 liber
1627 736 1953 810 [tegularum
1987 732 2093 802 pri-

496 864 642 902 mum
685 845 890 915 prodiit
931 844 1156 899 Basiletc
1200 856 1343 895 anno
1387 836 1529 893 l5ti9
1570 836 1621 889 iu
1652 830 2093 897 Ortltodoxogra-

2204 544 2596 615 Supplemento
2628 555 2725 597 seu
2770 536 3026 592 Auctario
3063 534 3410 590 bibliotheca;
3449 531 3668 587 Patrum
3696 528 3803 583 Co-

2200 641 2465 696 loniensis
2498 656 2510 691 :
2546 648 2706 707 atque
2747 636 2822 689 ita
2851 632 3181 689 recensitunt
3210 625 3557 699 Lugdunensi
3586 635 3801 695 postre-

2198 750 2344 792 mum
2376 733 2642 789 intextum
2685 726 3008 797 comparuit.
3049 724 3197 778 lianc
3227 733 3407 777 autem
3436 716 3648 776 Scbotti
3689 715 3806 771 edi-

2200 829 2402 884 tionem
2428 825 2570 899 typis
2596 821 3003 893 expressimus;
3034 831 3204 874 sacra:
3227 815 3511 883 scriptura:
3533 810 3651 866 loca
3677 806 3807 864 dili-

495 940 617 1009 pilis
638 902 876 1011 Grynaei.
912 936 1266 992 Postmodnm
1297 946 1426 987 vero
1456 931 1510 983 in
1546 928 1717 999 prima
1744 922 2095 979 Bibliotlteczn
2197 921 2449 991 gentibus
2509 914 2955 978 subuotavimus;
3014 909 3211 965 menda
3269 905 3555 975 complura
3607 902 3810 972 quibus

495 1033 715 1088 Patrum
768 1030 1098 1086 Parisieusis
1144 1025 1386 1082 editione
1418 1024 1707 1094 Bignteana
1743 1031 1887 1072 anno
1931 1014 2093 1069 1575.

2200 1022 2357 1068 antea
2403 1009 2652 1067 scatebat
2688 1006 2993 1077 exemplar,
3022 1000 3383 1068 sustulimus;
3416 994 3805 1067 nonnullisque

497 1130 771 1186 Praeterea
818 1127 962 1182 idem
992 1138 1129 1195 Opus
1159 1120 1553 1177 Ticbouianum
1585 1116 1653 1170 ad
1698 1128 1829 1169 mss.
1877 1109 2099 1167 codices
2202 1104 2675 1165 observationibus
2702 1104 2971 1157 auximus.

567 1268 643 1343 (α)
685 1268 814 1324 lsid.
849 1266 1003 1335 llisp.
1034 1264 1289 1319 Sentenl.
1316 1257 1413 1315 lib.
1444 1274 1482 1326 ι,
1508 1269 1627 1326 cap.
1655 1250 1743 1309 l9.

496 1409 976 1430 μ’...
998 1407 1103 1418 -Ϋ

1773 1375 3786 1412 Μ

1470 1528 2321 1648 τιαεοικῐιι
2403 1523 2869 1642 ATR!

1976 1734 2326 1822 LIBER

1095 1923 1348 2070 DE
1448 1918 2225 2069 SEPTEM
2328 1906 3245 2062 REGULIS.

1851 2191 2461 2234 ωε

582 2397 960 2461 Necessarium
990 2392 1117 2449 duxi
1149 2400 1277 2445 ante
1310 2385 1491 2441 omnia
1520 2395 1641 2453 qua
1674 2377 1806 2434 mihi
1836 2373 2114 2440 videntur,
2147 2372 2195 2434 B
2222 2365 2439 2440 corpori
2470 2365 2625 2435 ejus?
2654 2365 2834 2433 Quare
2858 2364 3204 2421 manifestum
3232 2372 3339 2429 est,
3371 2363 3488 2419 sola
3510 2362 3722 2418 ratione
3742 2362 3826 2418 vi-

510 2498 750 2555 libellum
784 2489 1111 2563 ltegularum
1153 2482 1395 2538 scribere
1440 2488 1494 2531 et
1532 2484 1870 2530 secretorum
1919 2469 2070 2538 leges
2094 2510 2108 2535 ,

510 2592 679 2648 veluti
708 2588 890 2645 claves
915 2598 967 2639 et
995 2578 1277 2637 luminaria
1303 2571 1595 2629 fabricare.
1624 2566 1766 2623 Sunt
1790 2564 1934 2619 enim
1966 2576 2113 2631 quaa-

511 2688 637 2742 dam
665 2683 866 2752 regulae
898 2675 1162 2748 mysticae,
1208 2686 1332 2742 quae
1384 2667 1652 2722 universa:
1691 2660 1825 2730 legis
1864 2671 2116 2713 recessus

514 2784 783 2845 obtinent,
815 2789 869 2833 et
901 2773 1146 2831 veritatis
1179 2768 1464 2823 thesauros
1509 2760 1783 2831 aliquibus
1815 2753 2116 2811 invisibiles

513 2878 738 2932 faciunt.
771 2870 1011 2938 Quarum
1042 2865 1088 2921 si
1134 2862 1272 2919 ratio
1316 2859 1625 2929 regularum
1656 2854 1773 2908 sine
1802 2849 2028 2910 invidia,
2063 2856 2120 2901 ut

517 2965 1009 3026 communicamus,
1040 2966 1259 3025 accepta
1292 2953 1471 3015 luerit,
1500 2950 1684 3005 clausa
1713 2958 1939 3017 qumque
1966 2949 2122 3012 pate-

518 3063 674 3127 ﬁent,
707 3069 763 3115 et
802 3056 1036 3111 obscura
1068 3046 1531 3110 dilucidabuntur,
1571 3051 1628 3096 ut
1671 3041 1790 3111 quis
1828 3033 2124 3107 prophetia:

520 3126 833 3209 universam
864 3146 1060 3201 silvam
1090 3137 1491 3211 perambulans,
1522 3134 1605 3188 liis
1632 3130 1836 3202 regulis
1861 3126 2126 3198 quodam-

522 3249 691 3307 modo
715 3246 853 3303 lucis
881 3240 1191 3299 tramitibus
1220 3236 1509 3297 deductus,
1541 3230 1611 3287 ab
1638 3241 1828 3285 errore
1865 3220 2128 3281 delenda-

2221 2463 2339 2519 deri
2369 2476 2529 2533 posse
2559 2461 2777 2532 quando
2806 2476 2838 2517 a
2863 2463 3042 2533 capite
3085 2461 3155 2518 ad
3195 2476 3401 2531 corpus
3433 2460 3720 2515 transitum
3749 2459 3825 2513 fa-

2218 2559 2347 2614 ciat.
2399 2556 2588 2611 Daniel
2632 2571 2851 2626 quoque
2895 2556 3132 2626 lapidem
3183 2556 3252 2612 de
3298 2564 3486 2611 monte
3532 2555 3825 2626 pra-cisum

2220 2649 2514 2721 impegisse
2555 2651 2607 2703 in
2640 2664 2842 2719 corpus
2874 2663 3164 2719 regnorum
3198 2645 3386 2704 mundi
3416 2689 3429 2713 ,
3462 2655 3519 2702 et
3544 2648 3596 2699 in
3638 2645 3830 2717 pulve—

2221 2760 2336 2800 rem
2363 2742 2758 2798 comminuisse
2787 2741 3077 2798 Dominum
3105 2740 3260 2797 dicit.
3310 2740 3548 2797 Montem
3569 2754 3702 2794 vero
3741 2736 3828 2794 el-

2224 2838 2444 2906 l'ectum,
2478 2849 2531 2893 et
2564 2837 2878 2907 implevisse
2901 2837 3209 2894 universam
3242 2848 3441 2893 terram
3465 2850 3668 2907 corpus
3687 2834 3829 2905 ejus.

2224 2931 2340 2987 Non
2370 2930 2516 2987 enim
2556 2930 2701 2985 sicut
2731 2930 2948 3000 quidam
2985 2928 3212 2997 dicunt,
3243 2929 3297 2984 in
3323 2926 3715 2984 contumeliam
3745 2940 3833 2982 re-

2226 3024 2315 3092 gni
2344 3023 2438 3079 Dei
2465 3064 2479 3089 ,
2511 3022 2834 3093 invictaque
2863 3021 3205 3080 litereditatis
3234 3019 3435 3076 Cbristi
3462 3062 3478 3089 ,
3526 3019 3672 3092 quod
3724 3035 3833 3075 non

2228 3119 2349 3175 sine
2378 3118 2569 3173 dolore
2599 3116 2746 3172 dico.
2772 3117 3037 3172 Dominus
3067 3124 3241 3172 totum
3268 3113 3531 3171 mundum
3560 3122 3835 3185 potestate

2232 3212 2466 3286 (Matth.
2508 3228 2696 3277 xxvnr,
2736 3212 2873 3284 l8),
2925 3222 2982 3268 et
3024 3225 3131 3267 non
3182 3214 3264 3267 sui
3309 3211 3560 3282 corporis
3605 3207 3838 3278 plenitu-

2232 3309 2360 3366 dine
2386 3310 2694 3378 occupavit.
2723 3308 2923 3364 Dicunt
2952 3308 3096 3363 enim
3121 3323 3189 3364 eo
3214 3292 3402 3363 monte
3432 3303 3693 3360 mundum
3736 3303 3840 3358 im-

2234 3405 2437 3475 pletum
2464 3420 2479 3470 ;
2513 3403 2655 3474 quod
2683 3403 2843 3459 liceat
2863 3400 3178 3458 Christiano
3209 3400 3264 3457 in
3312 3400 3465 3457 omni
3501 3400 3622 3455 loco
3647 3439 3663 3465 ,
3694 3396 3841 3469 quod

2235 3507 2392 3553 antea
2431 3511 2538 3551 non
2572 3497 2674 3551 nisi
2705 3497 2758 3550 in
2797 3496 2929 3552 Sion
2962 3497 3185 3559 licebat,
3218 3494 3438 3550 oll'erre.
3481 3491 3637 3561 Quod
3668 3489 3717 3545 si
3767 3488 3841 3545 ita

2237 3604 2344 3657 est,
2378 3608 2485 3648 non
2518 3606 2654 3662 opus
2699 3600 2823 3646 erat
2863 3591 3070 3655 dicere,
3103 3606 3171 3645 cx
3215 3588 3394 3659 lapide
3442 3597 3682 3642 montem
3714 3582 3846 3640 clle-

2238 3692 2420 3752 ctum,
2469 3694 2522 3739 ct
2566 3682 2923 3738 incrementis
2963 3682 3227 3737 mundum
3277 3680 3530 3750 cmpisse.
3579 3677 3845 3733 Dominus

2240 3781 2388 3835 enim
2430 3786 2619 3834 noster
2656 3776 2946 3843 Christus,
3000 3786 3130 3833 ante
3170 3776 3357 3833 mundi
3398 3772 3845 3832 constitutionem

2168 3892 2214 3957 ρ
2245 3871 2425 3944 (Joan.
2462 3886 2599 3936 xvn,
2629 3868 2714 3942 2),
2744 3869 2887 3925 hanc
2915 3869 3106 3927 habuit
3130 3868 3437 3924 claritatem
3470 3908 3488 3935 ,
3515 3878 3571 3923 et
3598 3880 3721 3921 cum
3749 3864 3851 3919 bo-

2245 3978 2336 4020 mo
2362 3963 2455 4019 ille
2476 4007 2491 4031 ,
2524 3962 2622 4039 Dei
2653 3962 2794 4017 titius
2825 3960 2989 4017 fuerit
3013 4001 3028 4027 ,
3061 3974 3168 4015 non
3210 3958 3468 4030 paulatim
3502 3999 3517 4023 ,
3568 3965 3627 4014 ut
3673 3954 3850 4026 lapis,

2244 4058 2343 4113 sed
2373 4072 2481 4111 uno
2511 4065 2756 4124 tempore
2796 4054 3007 4123 accepit
3033 4066 3252 4109 omnem
3284 4062 3311 4088 ι
3339 4051 3596 4122 pietatem
3627 4049 3681 4104 in
3708 4047 3852 4105 ctelo

2247 4158 2304 4205 et
2360 4147 2414 4203 in
2458 4156 2623 4203 terra.
2678 4146 2842 4217 Lapis
2891 4155 3070 4202 autem
3120 4142 3479 4201 incrementis
3537 4144 3711 4197 lactus
3764 4147 3853 4196 est

2252 4258 2449 4311 mons,
2478 4253 2534 4299 et
2559 4243 2859 4300 crescendo
2901 4253 3102 4299 terram
3129 4257 3348 4299 omnem
3387 4240 3552 4297 texit.
3603 4237 3758 4308 Quod
3805 4237 3854 4294 si

2253 4347 2522 4409 potestate
2552 4338 2835 4409 implesset
2858 4338 3166 4395 universam
3202 4346 3428 4402 terram,
3452 4350 3560 4392 non
3601 4346 3853 4404 corpore,

529 3357 638 3400 tur.
663 3341 802 3398 Sunt
829 3347 1010 3392 autem
1041 3330 1243 3403 regula:
1267 3330 1407 3383 isne.

672 3437 715 3493 ἰ.
756 3434 835 3488 De
876 3430 1101 3485 Domino
1132 3438 1178 3480 et
1205 3437 1420 3493 corpore
1457 3422 1588 3493 ejus.

645 3532 716 3587 ll.
759 3528 837 3582 De
867 3523 1079 3580 Domini
1103 3534 1316 3589 corpore
1336 3516 1598 3586 bipartito.

630 3623 719 3682 lli.
763 3621 842 3677 De
870 3618 1136 3691 promissis
1173 3623 1219 3670 et
1244 3614 1375 3685 lege.

633 3717 724 3773 IV.
768 3715 845 3770 De
876 3712 1042 3782 specie
1069 3721 1115 3765 et
1142 3720 1346 3778 genere.

655 3810 722 3865 ν.
769 3808 845 3862 De
870 3804 1206 3875 temporibus.

639 3900 727 3956 VI.
770 3897 848 3953 De
872 3892 1321 3965 recapitulatione.

618 3993 731 4051 VII.
774 3991 852 4046 De
881 3988 1087 4043 diabolo
1116 3996 1161 4041 et
1188 3987 1300 4057 ejus
1329 3998 1565 4053 corpore.

1167 4099 1451 4156 REGULA
1490 4098 1530 4153 Ι.

945 4218 1025 4273 De
1046 4216 1270 4272 Domino
1291 4224 1337 4268 et
1368 4228 1583 4283 corpore
1603 4216 1732 4285 ejus.

625 4335 914 4393 Dominum
964 4332 1189 4401 ejusque
1231 4340 1468 4395 corpus,
1519 4323 1569 4378 id
1624 4332 1743 4387 est,
1801 4320 2146 4385 Ecclesiam,

555 4430 837 4501 Scriptura
871 4424 1109 4494 l0quitur
1135 4422 1153 4493 (
1176 4420 1220 4475 ll
1252 4418 1386 4474 Tim.
1409 4434 1448 4484 ι,
1472 4416 1595 4488 20),
1629 4416 1747 4471 sola
1778 4415 1919 4470 ratio
1945 4413 2151 4469 discer-

558 4527 636 4581 nit
666 4544 680 4578 ε
710 4524 839 4578 dum
889 4519 1022 4590 quid
1074 4518 1270 4586 cuique
1315 4514 1631 4577 conveniat,
1679 4509 2007 4582 persuadet;
2055 4507 2151 4564 sed
2256 4526 2563 4598 palpabilis,
2595 4527 2734 4596 lapis
2759 4542 2894 4583 vero
2920 4542 3120 4599 corpus
3144 4524 3435 4598 palpabile.
3483 4522 3597 4580 Nec
3626 4522 3742 4578 sola
3770 4536 3857 4578 ra-

558 4622 684 4693 quia
736 4626 885 4674 tanta
916 4627 1002 4672 est
1046 4617 1130 4667 vis
1161 4612 1407 4667 veritatis
1436 4652 1451 4676 ,
1492 4615 1799 4679 extorquet.
1848 4607 1997 4662 Alias
2046 4605 2154 4660 ulla
2259 4624 2407 4676 tione
2436 4629 2772 4677 ηιοηειηιηι.
2800 4635 3024 4691 corpus,
3058 4636 3167 4677 non
3198 4628 3361 4690 caput
3401 4630 3657 4674 crescere
3700 4633 3715 4668 τ
3762 4613 3858 4671 sed

562 4730 799 4789 persona
823 4710 1149 4769 convenitur
1174 4749 1189 4773 ,
1238 4720 1400 4776 quam
1433 4703 1707 4774 duplicem
1735 4716 1860 4757 esse
1880 4742 1894 4766 ,
1940 4700 2115 4755 divers

2261 4714 2425 4770 etiam
2474 4713 2791 4781 Apostolica
2838 4714 3168 4769 auctoritate
3205 4712 3455 4767 ﬁrmatur
3507 4727 3521 4762 :
3566 4706 3859 4776 Creacatis,

566 4815 799 4869 duorum
840 4804 1023 4862 ofﬁcia
1064 4802 1316 4859 edocent.
1366 4798 1457 4855 Sic
1488 4813 1584 4870 per
1623 4796 1819 4851 Isaiam
1852 4812 1864 4847 :
1899 4794 2005 4849 Hic
2029 4835 2043 4855 ,
2076 4794 2115 4848 it

2261 4807 2461 4878 inquit,
2490 4824 2581 4878 per
2608 4808 2784 4863 omnia
2810 4810 2870 4863 it:
2899 4824 3016 4863 eum
3043 4848 3059 4875 ,
3084 4808 3175 4880 qui
3200 4815 3274 4863 est
3299 4813 3458 4875 caput
3489 4802 3726 4859 Christus
3748 4845 3764 4872 ,
3799 4817 3864 4857 ea:

567 4912 704 4983 quit,
740 4915 948 4980 peccata
976 4911 1151 4956 nostra
1179 4905 1312 4967 fert,
1353 4906 1399 4953 et
1428 4910 1523 4966 pro
1562 4893 1706 4947 nobis
1736 4892 1913 4958 dolet,
1962 4902 2009 4946 et
2056 4893 2115 4963 ip.

2264 4918 2365 4973 φιο
2392 4918 2537 4956 omne
2576 4918 2762 4974 corpus
2797 4910 3148 4957 constructum
3178 4909 3225 4954 et
3252 4915 3539 4955 connexum
3570 4938 3587 4965 ,
3632 4913 3725 4968 per
3754 4912 3865 4951 om-

568 5006 864 5060 uulnerntus
907 5009 979 5053 est
1028 5005 1238 5069 propter
1270 4993 1505 5062 facinora
1529 4998 1726 5043 nostra.
1768 4986 1910 5041 Deus
1950 4988 2115 5042 traditi

2265 5014 2382 5052 nem
2405 5007 2600 5051 tactum
2622 4990 3107 5053 subministrationis
3136 4998 3190 5051 in
3212 5013 3507 5051 mensuram
3533 4995 3869 5066 unitucujus-

569 5100 723 5153 ίίίιιτνι
748 5110 842 5164 Pro
884 5092 1104 5163 Peccam
1133 5089 1341 5149 ηοδίνίεν
1377 5094 1483 5139 ⁸ίο·
1516 5083 1533 5152 (
1561 5083 1669 5137 Ῐδα·
1701 5097 1792 5138 U"
1818 5122 1832 5145 ›
1864 5080 1919 5146 4»
1950 5080 1983 5135 θ
2007 5122 2021 5143 ν
2061 5097 2164 5135 θεία
2267 5108 2363 5162 que
2409 5092 2595 5161 partis,
2627 5092 2992 5147 incrementum
3021 5092 3255 5163 corporis
3287 5089 3449 5160 facit,
3482 5091 3535 5144 in
3561 5088 3867 5159 ratiﬁcatio-

572 5188 713 5247 LXX
740 5188 783 5258 ),
831 5200 953 5256 qnte
981 5186 1032 5238 in
1064 5182 1356 5237 Dominum
1385 5178 1680 5232 convenire
1706 5176 1884 5229 omnis
1909 5175 2115 5231 Ecclesi

2270 5198 2385 5236 nem
2414 5183 2498 5236 sui
2529 5180 2771 5254 (Ephes.
2804 5199 2878 5249 tv,
2907 5184 3000 5248 15,
3034 5182 3172 5254 16).
3203 5181 3272 5238 Et
3296 5181 3491 5236 iterum
3526 5197 3539 5233 :
3577 5178 3701 5234 Non
3726 5190 3869 5234 tene-

575 5299 672 5339 orc
699 5281 1033 5337 celebratur.
1071 5274 1325 5345 Sequitur
1352 5281 1530 5326 autem
1564 5279 1617 5325 ct
1658 5269 1790 5324 dicit
1828 5269 1897 5325 de
1932 5268 2115 5324 eodem

2225 5289 2247 5344 )
2273 5279 2338 5333 tis
2377 5288 2532 5351 caput
2554 5323 2567 5345 ,
2614 5295 2681 5335 ea:
2702 5296 2804 5350 quo
2834 5296 2981 5334 omne
3000 5295 3191 5347 corpus
3222 5294 3313 5343 per
3352 5284 3545 5331 tactum
3572 5284 3621 5328 et
3648 5276 3870 5348 conjun-

576 5376 647 5429 Ε(
675 5377 811 5429 Deus
842 5372 951 5426 1‘11“
972 5388 1086 5424 eum
1116 5384 1340 5441 Ριινΰατε
1367 5383 1398 5418 α
1426 5367 1599 5435 Phill“.
1624 5373 1673 5417 εί
1700 5364 1806 5418 υυίῑ
1838 5361 1978 5418 De?”
2018 5380 2049 5415 α
2078 5363 2171 5417 0'0-
2271 5372 2438 5425 ctione
2464 5380 2814 5425 constructum
2841 5381 2889 5425 et
2910 5371 3373 5435 subministratum,
3400 5362 3580 5423 Crescit
3618 5368 3672 5421 in
3699 5368 3867 5421 incre-

576 5470 688 5522 lore
735 5466 940 5534 auferre
980 5461 1063 5516 illi
1109 5460 1275 5513 lucem
1300 5502 1314 5524 ,
1361 5467 1405 5511 et
1453 5462 1680 5527 formare
1721 5457 1869 5510 illum
1898 5455 2174 5527 prudentia
2274 5473 2502 5517 τηεηιιηη
2525 5461 2622 5517 De;
2649 5462 2870 5532 (σοιοεε.
2908 5481 2967 5528 η.
2999 5462 3117 5535 εθ),
3149 5462 3267 5520 Non
3297 5476 3427 5531 ergo
3443 5470 3608 5532 caput
3631 5458 3775 5530 quod
3801 5473 3871 5515 ex

578 5559 771 5631 (Ibid.,
800 5557 888 5622 10,
924 5554 1033 5627 Η).
1067 5551 1338 5621 Numquid
1370 5552 1445 5618 ci,
1475 5566 1635 5621 quem
1670 5549 1896 5604 tradidit
1919 5563 2018 5620 pro
2049 5565 2174 5619 pec-
2274 5556 2485 5624 origine
2513 5554 2654 5610 idem
2695 5565 2813 5621 est,
2847 5556 2942 5611 sed
2970 5571 3169 5626 corpus
3198 5555 3399 5610 crescit
3426 5567 3494 5608 ex
3538 5553 3735 5621 capite.
3786 5548 3871 5605 Ad

580 5652 719 5707 catis
752 5650 978 5713 nostris,
1013 5646 1127 5701 vult
1159 5646 1450 5700 ostendere
1479 5648 1677 5707 lucem,
1710 5653 1766 5700 et
1793 5660 1915 5700 eum
1943 5644 2179 5699 formare
2277 5651 2615 5720 propositum
2648 5650 2959 5705 redeamus.
3008 5650 3282 5719 Scriptum
3322 5657 3406 5705 est
3447 5646 3515 5701 dc
3544 5646 3775 5702 Domino
3818 5652 3875 5701 et

579 5746 892 5816 prudentia,
919 5759 1041 5800 cum
1072 5739 1191 5811 ipse
1213 5742 1284 5796 sit
1311 5740 1405 5796 lux
1436 5748 1491 5794 et
1516 5738 1781 5809 sapientia
1810 5738 1942 5795 Dei‘l
1974 5748 2030 5794 et
2068 5752 2177 5794 non
2275 5743 2392 5813 ejus
2424 5758 2689 5814 corpore;
2735 5742 2861 5815 quid
2907 5743 2996 5800 cui
3031 5742 3361 5810 conveniat,
3409 5739 3620 5797 ratione
3662 5737 3873 5795 discet.

656 5902 678 5927 ³
706 5892 1057 5947 Potestatem.

2251 4428 2419 4500 lapidi
2452 4446 2557 4485 non
2585 4440 3021 4500 compararetur.
3052 4429 3300 4485 Potestas
3323 4428 3469 4484 enim
3500 4442 3592 4483 res
3622 4437 3709 4483 est
3757 4427 3858 4481 im-
3952 4474 3957 4479 .
