4180 6502
495 318 561 373 17
1642 311 1850 370 LIBER
1885 310 1977 369 DE
2017 310 2290 371 SEPTEM
2318 313 2641 373 REGULIS.
3704 318 3772 375 18

487 431 728 485 nendum
764 447 777 483 :
828 429 1041 502 Angelis
1070 429 1176 482 suis
1202 428 1463 483 mandavit
1493 428 1557 481 de
1582 437 1629 481 te
1650 468 1665 492 ,
1710 435 1767 480 ut
1794 425 2087 480 custodiant
2114 427 2166 487 Α
2194 425 2335 480 niam
2368 426 2621 481 nativitas
2649 425 2916 482 adventus
2940 435 3024 482 est
3043 425 3182 482 sicut
3205 427 3464 497 scriptum
3488 435 3572 484 est
3598 446 3611 483 :
3639 427 3776 483 Illu-

485 531 536 577 te
568 524 622 577 in
652 522 893 576 omnibus
923 523 1018 577 uiis
1044 525 1148 578 tuis
1178 538 1196 576 :
1225 522 1275 575 in
1301 521 1539 575 manibus
1565 523 1727 591 ferent
1746 528 1814 583 te,
1839 534 1901 572 ne
1922 517 2087 584 offen-

485 616 580 670 das
612 614 683 669 ad
706 614 934 684 lapidem
956 616 1137 687 pedem
1164 623 1327 667 tuum.
1361 614 1534 681 Super
1556 608 1790 682 aspidem
1811 619 1860 664 et
1882 610 2085 664 basilis-

482 726 598 764 cum
624 709 936 777 ambulabis,
978 719 1027 763 et
1055 709 1380 763 conculcabis
1410 707 1607 761 leonem
1636 747 1650 769 ,
1690 714 1738 757 et
1781 705 2082 758 draconem.

487 803 744 873 Quoniam
793 806 852 859 in
902 820 981 858 me
1026 804 1270 873 speravit,
1339 803 1556 871 eripiam
1612 816 1763 867 eum,
1821 811 2084 872 protegam

481 911 621 962 nm,
653 897 898 968 quoniam
938 898 1172 969 cognovit
1217 912 1402 949 nomen
1442 912 1630 950 meum.
1666 891 1931 947 Invocaoit
1958 909 2037 945 me
2066 938 2081 959 ,

484 998 534 1043 et
569 1004 664 1060 ego
705 989 987 1044 exaudiam
1016 1004 1136 1043 eum
1161 1030 1177 1053 ,
1219 1004 1335 1041 cum
1362 1003 1423 1041 eo
1447 1003 1564 1041 sum
1605 989 1661 1040 in
1704 983 2039 1041 tribulatione
2064 1024 2080 1051 ,

483 1085 701 1154 eripiam
740 1099 859 1137 eum
915 1092 963 1137 et
1012 1082 1319 1155 gloriﬁcabo
1372 1099 1504 1137 eum.
1577 1080 1924 1154 Longitudinc
1976 1080 2085 1132 die-

484 1190 602 1229 rum
623 1174 914 1247 adimplebo
940 1192 1054 1230 eum
1080 1216 1095 1241 ,
1142 1185 1189 1229 et
1240 1176 1505 1230 ostendam
1534 1175 1612 1229 illi
1646 1175 1876 1228 salutare
1915 1188 2083 1226 meum

484 1270 681 1340 (Psal.
735 1286 840 1338 xc,
891 1271 1057 1327 11-16
1087 1270 1130 1343 ).
1185 1270 1460 1342 Numquid
1506 1270 1576 1327 de
1622 1273 1780 1340 cujus
1820 1270 2086 1340 obsequio

487 1363 770 1418 mandavit
797 1364 1009 1435 angelis
1038 1365 1153 1420 suis
1182 1364 1347 1429 Deus,
1380 1364 1560 1420 eidem
1579 1364 1820 1419 05tendit
1848 1364 2082 1418 salutare

485 1470 642 1511 suum
668 1498 684 1522 ,
732 1467 788 1512 et
822 1472 932 1511 non
965 1461 1186 1529 corpori
1226 1457 1388 1528 ejus?
1416 1457 1653 1513 lterum:
1701 1457 1848 1513 Sicut
1893 1473 2081 1528 sponso

482 1551 729 1620 imposuit
749 1550 879 1606 mihi
899 1552 1128 1619 mitram,
1155 1562 1203 1607 et
1226 1554 1355 1608 sicut
1383 1569 1628 1622 sponsum
1658 1554 1855 1608 ornavit
1896 1570 1976 1607 me
1998 1571 2083 1608 or-

482 1650 610 1697 natu
638 1641 785 1714 (lsa.
819 1659 931 1712 ut,
967 1644 1034 1701 i0
1058 1686 1073 1711 ,
1118 1660 1223 1701 sec.
1257 1643 1448 1716 LXX).
1480 1644 1654 1701 Unum
1701 1660 1901 1717 corpus
1944 1645 2081 1701 dixit

482 1743 769 1809 utriusque
808 1753 973 1795 sexus
1022 1740 1209 1810 sponsi
1238 1749 1293 1795 et
1319 1754 1537 1809 sponsa:
1572 1756 1586 1793 :
1616 1741 1710 1795 sed
1739 1738 1866 1809 qttid
1896 1740 1947 1794 in
1974 1739 2080 1795 Do-

2186 519 2349 573 mittat
2394 536 2593 575 omnem
2630 519 2888 575 hominem
2934 521 3212 575 venientem
3261 522 3316 573 in
3360 521 3495 575 hunc
3524 524 3773 575 mundum

2184 610 2362 685 (Joan.
2399 628 2437 680 t,
2469 613 2548 686 9).
2584 614 2649 667 Et
2676 613 2872 668 itermn
2907 612 3216 667 :Ceneratio
3242 614 3404 677 vadit,
3433 624 3481 668 et
3508 613 3771 686 generatio

2184 710 2321 764 venit
2348 709 2548 779 (Eccle.
2580 726 2597 765 t
2626 753 2641 777 ,
2669 709 2704 764 4
2725 710 2766 782 ).
2822 711 2885 765 Ει
2914 710 3106 766 iterum
3146 730 3158 766 :
3203 710 3352 766 Sicut
3377 712 3617 777 audistis,
3650 712 3775 781 quia

2184 802 2529 858 Antichristus
2553 805 2686 859 venit
2716 803 2770 874 (Ι
2802 804 2961 858 .loan.
2987 819 3050 869 lt,
3087 802 3210 876 18).
3253 803 3449 860 Iterum
3477 805 3545 860 de
3580 808 3769 859 eodem

2184 910 2416 966 corpore
2448 917 2461 952 :
2497 897 2558 953 Si
2584 898 2717 952 enim
2746 899 2844 953 iste
2867 900 2955 965 qui
2984 900 3139 961 venit,
3167 899 3330 954 alium
3356 897 3615 953 Christum
3636 914 3770 970 prte-

2185 990 2319 1044 dicat
2343 989 2362 1062 (
2382 991 2429 1048 ll
2456 989 2578 1047 Cor.
2610 1008 2687 1050 ιι.
2714 990 2807 1061 4).
2860 990 3013 1047 Unde
3040 992 3301 1048 Dominus
3326 1038 3341 1059 ,
3373 1009 3496 1047 cum
3528 994 3597 1049 de
3620 991 3777 1063 signo

2184 1082 2451 1139 adventus
2481 1087 2564 1140 sui
2587 1086 3039 1155 interrogaretur,
3068 1086 3136 1140 de
3165 1087 3254 1139 illo
3282 1086 3519 1141 adventu
3540 1101 3639 1141 suo
3660 1099 3776 1141 cm-

2186 1180 2262 1247 pit
2286 1176 2585 1249 disputare,
2617 1181 2706 1248 qui
2735 1179 2802 1232 ab
2834 1178 3051 1233 inimico
3080 1193 3316 1249 corpore
3340 1180 3512 1247 signis
3551 1188 3607 1232 et
3649 1194 3774 1247 pro-

2183 1272 2346 1344 digiis
2372 1273 2571 1328 imitari
2613 1281 2790 1344 potest
2822 1290 2837 1327 :
2887 1269 3091 1341 Cavete,
3124 1272 3322 1342 inquit,
3352 1289 3415 1327 ne
3441 1272 3555 1342 quis
3578 1288 3668 1328 uos
3694 1289 3775 1329 se.

2184 1366 2340 1419 ducat
2370 1363 2586 1436 (Matth.
2609 1381 2758 1429 xxiv,
2779 1363 2858 1436 4).
2891 1363 3048 1417 Multi
3073 1365 3291 1430 uenient,
3323 1366 3376 1418 in
3398 1366 3607 1419 nomine
3637 1381 3771 1431 meo,

2183 1458 2237 1513 id
2268 1468 2353 1513 est
2372 1458 2426 1513 in
2455 1463 2673 1514 nomine
2702 1460 2946 1527 corporis
2972 1460 3099 1512 mei.
3132 1457 3437 1513 Novissimo
3467 1468 3647 1514 autem
3677 1458 3773 1513 ad-

2183 1562 2347 1606 ventu
2377 1551 2611 1618 Domini,
2638 1551 2689 1607 id
2711 1560 2813 1616 est,
2834 1552 3319 1609 consummationis
3368 1556 3535 1607 tonus
3562 1554 3770 1607 adven-

2186 1653 2271 1700 tus
2315 1645 2432 1715 ejus
2457 1686 2473 1709 ,
2508 1659 2673 1701 nemo
2696 1685 2712 1712 ,
2741 1654 2802 1699 ut
2828 1644 2990 1716 aliqui
3020 1653 3209 1716 putant
3233 1686 3249 1712 ,
3296 1660 3621 1701 moreretur.
3662 1644 3774 1702 Sed

2182 1751 2291 1807 quo
2320 1738 2531 1805 plenius~
2559 1738 2661 1793 ista
2706 1737 2995 1805 dicantur,
3035 1738 3211 1793 ordini
3238 1754 3338 1794 suo
3378 1738 3773 1809 relinquamus.

481 1831 710 1899 minum,
733 1831 863 1903 quid
891 1832 942 1886 in
974 1832 1273 1887 Ecclesium
1302 1831 1611 1894 conveniat,
1645 1832 1854 1887 ratione
1878 1845 2082 1902 cogno-
2112 1825 2159 1884 B
2187 1828 2297 1886 Nec
2322 1830 2452 1885 illud
2479 1830 2585 1886 erit
2622 1830 2914 1886 absurdum
2936 1872 2951 1896 ,
2984 1831 3128 1901 quod
3156 1847 3220 1887 ex
3253 1847 3364 1904 uno
3384 1840 3555 1887 totum
3576 1847 3776 1903 corpus

477 1925 671 1980 scitur.
716 1924 783 1980 Et
812 1924 958 1980 idem
988 1924 1251 1982 Dominus
1288 1925 1425 1982 dicit
1464 1928 1517 1981 in
1559 1926 1886 1998 Apocalyp~i
1919 1942 1932 1979 :
1961 1923 2076 1999 Ego

477 2034 596 2073 sum
623 2035 845 2090 sponsus
871 2028 922 2074 et
948 2037 1143 2091 sponsa
1172 2020 1361 2094 (Apoc.
1389 2036 1553 2088 svnt,
1583 2020 1701 2092 25).
1734 2021 1801 2077 Et
1828 2022 2022 2076 iterum
2058 2040 2071 2075 :

480 2109 733 2167 Exierunt
765 2112 963 2168 obuiam
991 2129 1182 2184 sponso
1214 2124 1261 2169 et
1305 2130 1510 2185 sponsa:
1538 2114 1555 2183 (
1581 2113 1772 2169 Matth.
1804 2128 1904 2168 xxv
1932 2155 1948 2180 ,
1980 2114 2071 2186 1).

476 2208 547 2263 Et
571 2210 790 2275 iterum,
818 2210 947 2281 quid
978 2211 1142 2280 capiti
1171 2219 1226 2264 et
1248 2210 1490 2279 corpori,
1522 2212 1735 2265 ratione
1763 2210 2076 2266 discernen-

474 2299 601 2355 dum
651 2302 726 2356 sit
768 2316 867 2372 per
896 2300 1089 2356 Isaiam
1135 2301 1447 2358 declaratur
1480 2320 1494 2356 :
1526 2300 1619 2358 Sic
1658 2301 1783 2356 dicit
1823 2298 2076 2355 Dominus

475 2401 502 2431 ⁸
529 2393 734 2450 Christo
775 2393 1000 2450 Domino
1047 2411 1160 2451 meo
1183 2437 1200 2463 ,
1232 2398 1385 2470 cujus
1423 2411 1519 2468 ego
1558 2397 1699 2449 tenui
1729 2394 2016 2461 dexteram,
2048 2392 2073 2432 δ

472 2498 529 2543 ut
560 2488 846 2543 exaudiant
874 2504 990 2543 eum
1017 2500 1193 2560 gentes
1217 2487 1236 2559 (
1257 2487 1367 2543 lsa.
1392 2504 1516 2556 ειν,
1552 2486 1690 2559 1-5).
1725 2488 1979 2559 Sequitur
2022 2496 2078 2542 et

471 2583 635 2649 dicit,
664 2582 808 2653 quod
837 2598 944 2639 non
987 2583 1091 2639 nisi
1117 2584 1335 2652 corpori
1362 2583 1684 2638 conveniat:
1719 2581 1789 2637 Et
1810 2582 1946 2636 dabo
1986 2581 2077 2635 tibi

474 2675 745 2728 thesauros
788 2674 1118 2729 absconditos
1161 2683 1212 2728 et
1252 2672 1535 2728 invisibiles
1575 2676 1808 2746 aperiam
1854 2673 1990 2741 tibi,
2020 2683 2077 2726 ut

473 2768 610 2821 scias
657 2767 906 2832 quoniam
953 2783 1044 2841 ego
1092 2782 1205 2822 sum
1247 2764 1543 2834 Dominus,
1590 2768 1678 2837 qui
1723 2782 1849 2820 uoco
1890 2783 2075 2821 nomen

474 2869 640 2925 tuum,
670 2859 809 2915 Deus
837 2857 1005 2915 Israel
1032 2902 1048 2926 ,
1075 2869 1288 2931 propter
1328 2859 1495 2915 Iacob
1542 2878 1762 2932 puerum
1792 2878 1958 2915 meum
1982 2902 1998 2929 ,
2031 2871 2078 2915 et

474 2952 646 3009 Israel
665 2952 883 3009 electum
901 2969 1092 3007 meum.
1110 2952 1343 3024 Propter
1362 2962 1747 3010 testamentum
1772 2955 1915 3009 enim
1934 2953 2076 3023 quod

474 3050 734 3119 disposuit
767 3049 1041 3115 Patribus,
1080 3050 1148 3105 ad
1181 3050 1583 3121 agnoscendum
1615 3065 1697 3117 se,
1733 3053 1873 3105 Deus
1902 3050 2077 3120 aperit

472 3145 690 3212 corpori
718 3143 924 3199 ChriSti
953 3144 1239 3200 thesauros
1262 3145 1584 3213 invisibiles,
1614 3162 1743 3217 quos
1773 3145 1953 3200 oculus
1975 3164 2075 3200 non

2180 1925 2434 1981 volumus
2456 1926 2705 1995 intelligi,
2728 1937 2787 1980 ut
2802 1924 2998 1981 Filium
3028 1924 3260 1981 hominis
3278 1926 3576 1983 Ecclesiam
3597 1968 3612 1992 ,
3634 1940 3775 1998 quo-

2180 2022 2328 2076 niam
2362 2020 2628 2088 Ecclesia,
2660 2020 2709 2075 id
2741 2030 2821 2075 cst
2849 2019 2971 2075 Filii
2998 2019 3092 2074 Dei
3128 2022 3332 2076 redacti
3367 2021 3420 2074 iu
3462 2035 3627 2075 unum
3653 2034 3777 2075 cor-

2180 2129 2301 2184 pus,
2336 2114 2465 2169 dicti
2504 2123 2630 2169 sunt
2666 2112 2837 2168 Filius
2868 2114 3002 2179 Dei,
3031 2114 3209 2169 dictus
3241 2130 3379 2171 unus
3410 2114 3574 2170 homo
3598 2157 3615 2183 ,
3647 2115 3773 2169 dicti

2185 2209 2348 2263 etiam
2392 2209 2574 2273 Deus,
2626 2208 2767 2263 sicut
2818 2223 2912 2278 per
2965 2209 3291 2275 Apostolum
3343 2226 3355 2261 :
3407 2208 3580 2280 Super
3626 2222 3777 2263 omne

2178 2301 2316 2369 quod
2346 2301 2535 2356 dicitur
2566 2299 2729 2366 Deus,
2771 2311 2863 2355 aut
2889 2303 3026 2371 quod
3054 2299 3241 2356 colitur
3269 2306 3285 2368 (
3312 2301 3354 2356 ll
3378 2298 3558 2358 Thess.
3592 2317 3652 2364 tt,
3689 2299 3772 2371 4).

2176 2393 2281 2463 Qui
2311 2394 2511 2450 dicitur
2539 2395 2701 2461 Deus,
2737 2394 2980 2450 Ecclesia
3011 2402 3115 2448 est.
3151 2394 3306 2461 Quod
3338 2403 3518 2450 autem
3551 2395 3771 2461 colitur,

2181 2488 2324 2543 Deus
2345 2502 2589 2543 summus
2618 2499 2703 2542 est
2736 2505 2750 2542 :
2782 2488 2911 2541 utin
2940 2486 3125 2559 templo
3153 2486 3250 2540 Dei
3272 2487 3476 2553 sedeat,
3503 2488 3776 2541 ostendens

2179 2597 2256 2647 se,
2288 2581 2427 2650 quod
2456 2583 2567 2651 ipse
2590 2582 2657 2637 sit
2683 2578 2846 2650 Deus,
2878 2581 2930 2636 id
2970 2593 3073 2647 est,
3104 2582 3247 2652 quod
3272 2583 3390 2651 ipse
3409 2581 3480 2635 sit
3505 2580 3770 2636 Ecclesia.

2179 2673 2344 2742 Quasi
2386 2675 2634 2732 diceret:
2669 2675 2727 2731 ln
2769 2675 2974 2746 templo
2998 2676 3091 2731 Dei
3123 2676 3350 2746 sedeat,
3392 2678 3689 2733 ostendens
3712 2690 3776 2732 se

2180 2769 2323 2840 quod
2353 2771 2468 2842 ipse
2488 2772 2554 2825 sit
2586 2771 2679 2827 Dei
2703 2774 2984 2844 templum.
3009 2772 3116 2828 Aut
3142 2774 3193 2827 in
3224 2772 3334 2827 Deo
3356 2773 3563 2837 sedeat,
3585 2782 3775 2828 osten~

2179 2867 2318 2921 deus
2345 2881 2403 2921 se
2430 2907 2444 2931 ,
2488 2867 2630 2936 quod
2664 2867 2779 2936 ipse
2808 2866 2876 2921 sit
2912 2866 3078 2921 Deus.
3128 2866 3234 2923 Sed
3268 2865 3411 2921 hunc
3439 2865 3771 2922 intellectum

2182 2976 2290 3015 non
2320 2961 2519 3022 minus,
2555 2970 2613 3014 ut
2659 2960 2932 3025 novimus,
2964 2960 3134 3015 voluit
3158 2961 3455 3017 obscurare
3485 2961 3676 3017 Daniel
3704 2960 3773 3017 de

2183 3069 2309 3123 rege
2332 3052 2628 3108 novissimo
2660 3069 2673 3107 :
2699 3050 2768 3106 In
2799 3052 3097 3115 Dominum,
3128 3054 3323 3124 inquit,
3347 3054 3488 3109 locus
3518 3059 3630 3129 ejus
3660 3055 3775 3126 glov

2182 3146 2469 3215 riﬁcabitur
2498 3146 2671 3217 (Dan.
2706 3162 2779 3212 st,
2811 3147 2901 3213 38,
2933 3163 3036 3201 sec.
3064 3145 3249 3217 LXX)
3274 3167 3286 3201 :
3318 3148 3369 3202 id
3402 3156 3485 3203 est
3511 3148 3777 3203 clariﬁca-

472 3237 624 3301 uidit,
651 3254 742 3291 nec
770 3237 916 3291 auris
942 3238 1163 3304 audivit,
1193 3254 1285 3291 nec
1312 3236 1397 3292 illi
1428 3238 1483 3292 in
1522 3255 1613 3293 cor
1651 3239 1873 3294 hominis
1894 3251 2073 3293 ascen-
2104 3225 2151 3288 C
2180 3242 2349 3308 bitur,
2380 3243 2527 3297 velut
2558 3242 2855 3297 Ecclesiam
2889 3243 2941 3297 in
2974 3240 3095 3296 loco
3118 3240 3399 3307 Ecclesiae,
3428 3242 3622 3298 inloco
3648 3257 3775 3297 san-

476 3331 661 3384 derunt
692 3330 739 3398 (Ι
765 3329 888 3385 Cor.
919 3346 977 3398 tl,
1011 3329 1092 3402 9),
1125 3332 1219 3385 sed
1250 3346 1351 3386 nec
1380 3341 1404 3369 ο
1429 3333 1664 3386 obturati
1694 3332 1950 3399 hominis,
1980 3333 2085 3403 qui.

476 3435 698 3479 nonest
730 3426 784 3479 in
830 3439 1065 3494 corpore
1089 3423 1288 3480 ChriSti
1326 3442 1337 3477 :
1388 3425 1648 3481 Ecclesiae
1691 3436 1873 3480 autem
1917 3442 2073 3482 reve-

475 3516 609 3573 lavit
638 3516 781 3573 Deus
808 3533 903 3587 per
926 3519 1189 3589 Spiritum
1213 3529 1460 3574 sanctum
1484 3518 1584 3574 ista
1616 3520 1856 3589 quidem,
1885 3536 2072 3591 quam-

479 3612 559 3666 vis
592 3614 695 3666 hoc
718 3613 913 3681 gratia:
942 3612 1035 3667 Dei
1066 3614 1159 3668 sit.
1187 3612 1444 3667 Adhibita
1482 3620 1660 3669 tamen
1691 3615 1903 3668 ratione
1926 3656 1941 3675 .
1975 3613 2075 3667 ali-

478 3705 695 3771 quando
722 3706 931 3761 l’.tcilius
957 3706 1238 3762 videntur.
1270 3705 1408 3762 Sunt
1436 3706 1542 3761 alia
1574 3708 1627 3761 in
1659 3707 1855 3777 quibus
1887 3708 2077 3779 hujus-

476 3798 621 3854 modi
667 3797 805 3853 ratio
826 3800 1007 3854 minus
1035 3800 1245 3863 claret;
1279 3814 1346 3853 eo
1377 3799 1519 3867 quod
1539 3842 1553 3865 ,
1584 3802 1698 3853 sive
1728 3801 1781 3854 in
1816 3801 2067 3866 Domino,

478 3892 593 3947 sive
620 3892 672 3945 in
712 3906 947 3961 corpore
973 3892 1092 3961 ejus
1122 3900 1263 3947 recta
1296 3894 1587 3947 conveniat
1616 3892 1840 3948 dietum.
1874 3894 2074 3961 Quam-

478 3986 666 4041 obrem
692 3986 805 4040 sola
838 3995 893 4041 et
921 3986 1127 4055 majore
1169 3986 1263 4040 Dei
1292 3987 1463 4055 gratia
1495 3987 1663 4042 videri
1698 4000 1940 4056 possunt.
1985 3988 2075 4044 Sic

479 4078 534 4133 in
565 4077 855 4148 Evangelio
886 4095 899 4131 :
941 4077 1163 4139 Amodo,
1192 4079 1400 4147 inquit,
1433 4079 1667 4132 videbitis
1708 4079 1877 4148 ﬁlium
1908 4079 2076 4133 homi-

481 4174 560 4227 nis
609 4174 865 4227 sedentem
899 4175 967 4226 att
998 4174 1237 4226 dextram
1280 4173 1481 4227 virtutis
1515 4172 1650 4238 Dei,
1695 4184 1742 4226 et
1794 4174 2074 4227 venientem

479 4267 533 4319 in
568 4265 786 4319 nubibus
824 4264 936 4320 εαξιί
969 4264 1197 4338 (Matth.
1240 4281 1385 4327 xxvi,
1416 4265 1484 4320 64
1508 4266 1549 4334 ).
1584 4266 1704 4318 Alio
1732 4266 1853 4320 loco
1891 4266 2026 4321 dicit
2058 4283 2072 4321 :

483 4358 606 4414 Non
636 4362 830 4413 visuros
855 4359 1133 4413 venientem
1161 4359 1213 4412 in
1240 4358 1461 4411 nubibus
1502 4358 1634 4422 coeli,
1660 4360 1758 4412 nisi
1796 4360 2075 4413 norissimo

483 4462 680 4506 tantum
710 4452 793 4507 die
840 4451 1141 4526 plungentes
1187 4468 1363 4506 omnes
1409 4452 1574 4505 tribus
1615 4461 1781 4507 terrm.
1838 4452 1908 4506 Et
1952 4464 2077 4507 tunc

481 4544 721 4599 uidebunt
772 4542 941 4614 ﬁlium
1003 4543 1228 4596 hominis
1276 4543 1557 4597 uenientem
1601 4544 1657 4596 in
1702 4544 1921 4598 nubibus
1962 4544 2074 4599 cteli

485 4637 705 4708 (Matth.
739 4611 885 4701 sstv,
911 4634 1342 4709 30).Utrumque
1368 4649 1549 4692 autem
1576 4638 1689 4691 ﬁeri
1722 4652 1947 4693 necesse
1967 4648 2070 4692 est.
2102 4611 2154 4669 D

484 4732 592 4788 Sed
642 4732 816 4801 primo
845 4730 1092 4801 corporis
1129 4740 1214 4785 est
1243 4731 1507 4784 adventus
1531 4771 1546 4794 ,
1596 4729 1649 4782 id
1696 4740 1782 4785 est
1819 4732 2077 4786 Ecclesia:

483 4827 682 4898 iugiter
708 4823 980 4880 venientis
1001 4824 1054 4877 in
1077 4823 1266 4878 eadem
1286 4822 1536 4877 claritate
1564 4821 1853 4889 invisibili;
1878 4823 2076 4880 deinde

487 4918 703 4989 capitis,
723 4917 774 4970 id
795 4928 898 4981 εει,
928 4915 1139 4969 Domini
1172 4915 1225 4968 in
1250 4912 1532 4968 manifesta
1561 4913 1831 4969 claritate.
1851 4914 1906 4969 Si
1930 4916 2074 4970 enim

489 5012 692 5069 diceret
723 5030 738 5064 :
784 5010 984 5065 Amodo
1013 5009 1245 5064 uidebitis
1269 5010 1551 5063 venientem
1572 5050 1585 5073 ,
1634 5008 1801 5062 solius
1828 5010 2078 5078 corporis

488 5105 870 5178 intelligendus
917 5114 1062 5160 esset
1107 5103 1392 5158 adventus.
1442 5101 1497 5158 Si
1552 5111 1734 5156 autem
1799 5102 2071 5171 videbitis,

484 5202 678 5269 capitis
725 5199 1010 5253 adventus.
1051 5194 1201 5250 Nunc
1245 5209 1374 5251 vero
1418 5196 1634 5258 amodo,
1686 5194 1893 5265 inquit,
1940 5195 2078 5249 uide-

490 5291 603 5345 bitis
645 5290 923 5345 venientem
948 5329 964 5354 ,
1016 5287 1271 5358 quoniam
1313 5301 1543 5357 corpore
1586 5301 1685 5340 suo
1740 5286 1938 5356 iugiter
1994 5301 2085 5339 ve-

492 5386 567 5440 nit
598 5384 878 5438 nativitate
916 5391 971 5436 et
1023 5379 1282 5434 similium
1338 5381 1646 5449 passionum
1698 5380 1964 5434 claritate.
2028 5379 2083 5435 Si

492 5477 638 5533 enim
671 5476 843 5531 renati
882 5471 1086 5529 Christi
1120 5472 1363 5526 membra
1395 5472 1727 5536 efﬁciuntur,
1761 5482 1815 5527 et
1843 5472 2083 5528 membra

493 5586 612 5645 qua:
651 5583 853 5638 corpus
877 5567 1125 5624 efﬁciunt
1149 5607 1165 5634 ,
1211 5565 1463 5621 Christus
1493 5578 1578 5622 est
1605 5570 1695 5637 qui
1728 5570 1913 5636 venit,
1952 5584 2086 5638 quo-

566 5780 594 5854 ‘3
624 5769 730 5854 ξ’[ο
761 5770 939 5854 “ire
971 5768 1137 5854 CW9,
1164 5766 1295 5854 ‘Eﬁi‘,
1313 5771 1506 5854 “eis
1533 5766 1779 5854 υοφίηος

572 5840 596 5880 ι)
630 5840 699 5896 Ut
724 5834 991 5909 subjiciam
1017 5834 1141 5893 ante
1166 5834 1348 5908 faciem
1376 5834 1488 5905 eius
1519 5848 1708 5909 gentes.
1760 5834 1917 5907 Vulg.

2177 3345 2266 3391 cto
2291 3378 2307 3400 ,
2330 3334 2734 3391 ahominatione
2762 3334 3081 3389 vastationis
3100 3375 3114 3397 ,
3153 3336 3204 3388 in
3238 3334 3408 3388 Deum
3430 3376 3447 3402 ,
3489 3334 3539 3389 id
3568 3344 3685 3401 est,
3715 3334 3771 3388 in

2180 3430 2480 3485 Ecclesium
2511 3430 2848 3485 subornavit.
2882 3429 2948 3485 Et
2982 3430 3240 3484 Dominus
3266 3438 3437 3485 totum
3471 3419 3764 3500 populum,

2178 3537 2437 3588 sponsam
2483 3521 2615 3577 dicit
2644 3532 2699 3576 et
2727 3536 2993 3578 sororem.
3045 3521 3113 3577 Et
3155 3521 3451 3591 Apostolus
3496 3522 3774 3594 Virginem

2178 3623 2446 3680 sanctam,
2474 3626 2528 3670 et
2558 3614 2844 3670 adversum
2883 3630 3103 3684 corpus,
3138 3615 3409 3670 hominem
3442 3616 3669 3687 peccati.
3703 3615 3775 3670 Et

2180 3706 2351 3761 David
2400 3715 2569 3761 totam
2597 3750 2612 3769 .
2638 3708 2912 3762 Christum
2942 3750 2954 3771 ,
2989 3707 3288 3763 Ecclesiam
3320 3708 3448 3763 dicit
3483 3730 3495 3762 :
3550 3707 3773 3765 Facieus

2176 3798 2555 3853 misericordias
2585 3796 2788 3852 Christo
2817 3816 2912 3853 suo
2953 3797 3145 3866 Dauid,
3173 3811 3221 3854 et
3251 3801 3433 3855 semini
3473 3801 3585 3870 ejus
3618 3816 3777 3863 usque

2177 3890 2231 3942 in
2258 3889 2500 3943 sa‘culum
2545 3892 2564 3963 (
2592 3888 2738 3944 Psal.
2771 3906 2908 3955 xvtt,
2940 3890 3066 3957 51).
3110 3889 3178 3946 Et
3219 3891 3498 3959 apostolus
3525 3890 3727 3947 Paulus
3753 3933 3768 3958 ,

2177 3997 2376 4051 corpus
2394 3980 2615 4045 Christi,
2653 3981 2929 4038 Christum
2956 3984 3195 4053 appellat
3221 4002 3233 4037 :
3271 3983 3421 4039 Sicut
3449 3985 3583 4037 enim
3606 4001 3769 4038 unum

2177 4090 2366 4142 corpus
2397 4084 2491 4138 est,
2522 4075 2748 4127 membra
2777 4087 2946 4128 autem
2969 4076 3118 4130 habet
3139 4078 3301 4131 multa
3328 4093 3345 4143 ,'
3384 4077 3556 4130 omnia
3599 4086 3770 4131 autem

2178 4170 2404 4222 membra
2433 4185 2497 4223 ea:
2521 4185 2624 4222 uno
2652 4185 2866 4241 corpore
2892 4211 2905 4233 ,
2951 4187 3069 4224 cum
3099 4172 3201 4225 sint
3228 4170 3391 4224 multa
3415 4214 3430 4235 ,
3461 4189 3622 4227 unum
3655 4180 3771 4226 co‘r—

2180 4277 2278 4330 pus
2304 4270 2423 4316 sunt
2452 4277 2468 4315 :
2496 4263 2567 4315 sic
2589 4273 2635 4314 et
2664 4259 2904 4316 Christus
2931 4263 2975 4330 (Ι
3009 4261 3127 4317 Cor.
3162 4279 3256 4328 xu,
3284 4262 3395 4336 12).
3430 4264 3481 4319 id
3509 4274 3593 4319 est
3612 4262 3774 4319 Chri-

2179 4354 2247 4407 sti
2278 4370 2476 4423 corpus
2501 4394 2517 4419 ,
2550 4355 2692 4419 qttud
2734 4363 2815 4407 est
2852 4354 3120 4410 Ecclesia.
3172 4354 3373 4410 lterum
3410 4372 3424 4408 :
3472 4354 3690 4411 Gaudeo
3716 4357 3771 4409 in

2178 4449 2505 4519 passionibns
2525 4464 2623 4520 pro
2648 4448 2789 4502 vobis
2821 4464 2840 4503 :
2867 4457 2915 4502 et
2941 4448 3143 4519 repleo,
3175 4465 3288 4520 qua:
3322 4450 3506 4504 desunt
3556 4466 3768 4521 pressu-

2183 4556 2359 4592 rarum
2387 4537 2579 4593 Christi
2611 4536 2833 4610 (Coloss.
2863 4556 2898 4605 l,
2925 4538 2996 4593 24
3021 4539 3060 4609 ),
3091 4539 3143 4594 id
3168 4549 3272 4606 est,
3304 4540 3583 4596 Ecclesiae.
3630 4540 3773 4595 Nihil

2184 4632 2329 4685 enim
2370 4630 2544 4685 defuit
2588 4632 2786 4686 Christi
2840 4633 3179 4701 passionihus
3220 4651 3233 4686 :
3274 4635 3532 4703 quoniam
3571 4633 3780 4691 sufﬁcit

2186 4723 2477 4792 discipulo,
2504 4724 2645 4777 utsit
2677 4724 2817 4778 sicut
2840 4726 3095 4794 magister
3121 4724 3260 4796 ejus.
3292 4725 3383 4780 Sic
3412 4741 3542 4797 ergo
3573 4727 3776 4784 adven-

2186 4826 2296 4870 tum
2331 4815 2531 4871 Christi
2580 4831 2677 4885 pro
2715 4817 2850 4870 locis
2877 4818 3224 4887 accipiemus.
3268 4817 3401 4873 Item
3446 4822 3499 4874 in
3542 4819 3732 4875 Exodo
3758 4863 3774 4885 ,

2185 4927 2375 4966 omnes
2399 4910 2535 4965 ﬁlios
2569 4911 2685 4975 Dei,
2719 4927 2886 4966 unum
2917 4910 3112 4976 ﬁlium,
3135 4922 3191 4965 et
3218 4928 3411 4968 omnes
3438 4914 3772 4985 primogeni-

2187 5014 2272 5059 tos
2303 5004 2681 5073 )Egyptiornm
2706 5045 2721 5068 ,
2762 5007 3174 5075 primogenitum
3220 5021 3341 5062 esse
3368 5049 3382 5070 ,
3430 5009 3509 5063 sic
3538 5007 3656 5065 Deo
3695 5010 3779 5065 di-

2185 5107 2363 5160 cente,
2398 5098 2777 5162 Cognoscimus
2808 5116 2820 5152 :
2867 5096 2993 5151 Iltec
3022 5099 3191 5156 dices.
3224 5101 3428 5169 inquit,
3459 5098 3728 5156 Pharaoni
3757 5121 3777 5158 .'

2196 5189 2319 5242 Haec
2349 5190 2471 5242 dicit
2486 5187 2738 5241 Dominus
2769 5205 2787 5242 :
2820 5185 2993 5243 Filius
3020 5206 3165 5242 meus
3191 5191 3563 5257 primoqenitus
3588 5192 3777 5249 Israel.

2190 5280 2315 5336 Dixi
2346 5283 2436 5335 tibi
2467 5299 2485 5335 :
2506 5282 2719 5335 Dimitte
2746 5279 2994 5354 populum
3024 5299 3213 5347 meum,
3243 5295 3300 5337 stt
3327 5286 3509 5337 smiat
3536 5283 3680 5338 mihi.
3699 5284 3781 5341 Tu

2189 5388 2357 5430 autem
2402 5377 2609 5430 noluisti
2651 5378 2906 5429 dimittere
2932 5394 3048 5430 eum
3079 5374 3287 5446 (Exod.
3322 5394 3395 5441 tv,
3444 5377 3518 5432 εει
3540 5379 3581 5449 ).
3630 5377 3787 5435 Unde

2188 5486 2320 5539 ergo
2354 5489 2366 5521 :
2402 5468 2534 5524 Ecce
2562 5486 2654 5540 ego
2683 5471 2913 5523 occidam
2955 5467 3125 5537 ﬁlium
3174 5480 3316 5521 tuum
3362 5471 3779 5544 primogenitum.

2189 5564 2253 5619 Et
2286 5564 2449 5618 David
2484 5607 2495 5629 ,
2530 5565 2739 5619 vineam
2772 5561 3017 5627 honuni,
3070 5577 3233 5617 unum
3285 5561 3456 5616 ﬁlium
3480 5605 3495 5629 ,
3542 5564 3621 5618 sic
3666 5564 3743 5618 ait
3765 5580 3785 5621 δ

2267 5776 2289 5804 ι
2319 5765 2599 5821 Obdurati.
