4180 6496
459 301 531 355 2'5
1884 305 2084 364 TICHO

2215 309 2379 367 ΑΒΜ
3150 366 3153 367 ν
3686 316 3758 375 24

461 440 526 477 ex
551 423 741 477 ancilia
772 424 1046 479 carnaliter
1086 434 1239 481 natus
1280 436 1375 482 est.
1422 427 1525 496 Qui
1554 436 1724 483 autem
1750 444 1815 485 ea:
1842 428 2006 485 libera
2028 471 2045 498 ,
2076 436 2128 495 Α
2154 428 2319 487 Deum
2347 447 2364 487 :
2376 434 2553 506 justus
2581 442 2754 487 autem
2799 448 2862 488 ex
2889 432 2993 504 [ide
3036 432 3155 488 vivit
3187 432 3331 506 (Gal.
3361 449 3418 491 tu
3445 476 3462 503 ,
3500 434 3610 507 Η).
3660 435 3760 494 Os-

463 535 525 573 ca:
554 520 892 590 promissione
916 517 1060 590 (Cal.
1093 536 1166 586 tv,
1190 522 1283 588 23,
1314 520 1425 591 24).
1462 521 1578 578 Non
1612 537 1732 579 esse
1762 533 1940 579 autem
1970 539 2055 579 se-

464 628 586 665 men
610 613 860 678 Abrahae,
897 614 997 668 nisi
1028 614 1169 685 quod
1202 631 1268 670 ex
1298 615 1399 669 ﬁde
1430 626 1542 682 est,
1573 616 1864 686 Apostolus
1896 617 2054 672 dicit:

2161 529 2334 583 tendit
2376 539 2672 599 praeterea,
2727 527 2932 583 dictum
2964 543 3086 585 esse
3133 543 3230 601 per
3274 528 3601 601 Prophetam
3627 574 3642 597 ,
3679 529 3761 586 Ea:

2160 624 2266 694 fide
2291 625 2413 678 vivit
2443 641 2459 678 :
2492 634 2550 680 ut
2580 623 2924 680 manifestum
2961 623 3149 690 ﬁeret,
3191 625 3650 696 quemadmodum
3683 626 3763 681 vi-

467 706 780 779 Cognoscitis
803 725 943 778 ergo,
970 711 1214 780 quoniam
1240 711 1328 781 qui
1348 728 1409 765 ea:
1430 711 1534 781 ﬁde
1559 722 1707 777 sunt,
1741 714 1792 764 hi
1825 720 1943 765 sunt
1962 712 2061 781 [itii
2162 726 2347 770 vereut
2374 757 2387 783 ,
2418 716 2508 787 qui
2540 716 2711 787 legem
2760 716 2942 771 facere
2992 731 3096 771 non
3131 727 3370 786 possmtt.
3418 715 3525 773 Sed
3579 718 3762 773 minus

467 799 687 854 Abraha:
718 799 861 871 (Gal.
897 818 951 856 tu
975 845 989 869 ,
1024 803 1079 874 7)
1101 803 1123 856 ἶ)
1144 803 1213 857 Et
1263 804 1457 860 iterum
1490 822 1503 859 :
1542 803 1641 859 Vos
1661 816 1850 871 autem,
1877 810 2061 875 fratres

466 898 747 951 secundant
772 897 922 953 Isaac
947 942 960 963 ,
992 901 1343 968 promissionis
1370 901 1468 970 [itii
1496 904 1616 956 estis
1646 901 1788 971 (Gal.
1837 918 1909 968 tv,
1940 902 2057 972 28).

465 990 665 1045 Semen
710 1009 840 1062 ergo
873 995 1125 1060 Ahrahm,
1158 1011 1264 1049 non
1312 1012 1377 1052 ex
1408 998 1522 1068 lege
1547 1039 1560 1061 ,
1591 998 1684 1053 sed
1734 1014 1796 1053 ex
1830 1000 2063 1066 promis-

2164 807 2343 876 lucet,
2381 808 2509 878 quid
2538 809 2643 863 sit:
2674 808 2861 863 Justus
2892 825 2959 863 ea:
2999 808 3104 878 ﬁde
3147 809 3264 863 vivit
3304 807 3534 881 (Ilabac.
3566 826 3641 876 tt,
3681 810 3761 882 4).

2166 906 2280 962 Non
2312 907 2456 963 enim
2491 910 2661 978 potuit
2687 911 2970 980 quisquam
2995 909 3172 979 justus
3207 912 3257 964 in
3289 910 3405 981 lege
3438 910 3645 981 positus
3685 907 3766 964 vi-

2170 1016 2317 1066 vere,
2366 1002 2466 1055 nisi
2497 1016 2657 1071 opera
2690 1003 2824 1071 legis
2861 1001 3083 1058 fecisset
3104 1045 3119 1067 ,
3151 1011 3207 1058 et
3230 1002 3416 1057 omnia
3450 1016 3617 1072 Opera
3644 1018 3657 1055 :
3681 1000 3765 1056 sin

469 1086 623 1140 sione
660 1098 739 1140 est
771 1130 782 1153 ,
818 1087 958 1157 quod
988 1103 1056 1143 ex
1087 1089 1232 1144 Isaae
1271 1091 1471 1161 jugiter
1518 1093 1727 1148 transit.
1780 1091 1839 1147 Si
1886 1103 2065 1148 autem
2168 1096 2366 1162 minus,
2397 1096 2718 1151 maledictus
2745 1106 2913 1151 esset.
2941 1096 3095 1151 Dedit
3120 1096 3261 1151 Deus
3284 1095 3457 1168 legem
3484 1138 3500 1163 ,
3524 1104 3577 1151 et
3603 1095 3765 1151 dixit:

470 1190 681 1233 Constat
727 1198 912 1236 scmcu
970 1182 1242 1246 Abrahae,
1303 1184 1442 1253 quod
1493 1200 1556 1240 ex
1606 1185 1708 1241 ﬁde
1756 1198 1878 1249 est,
1931 1201 2067 1243 con-

472 1284 612 1339 stat,
639 1275 763 1343 quia
805 1291 1097 1343 numquam
1129 1277 1225 1330 fuit
1274 1293 1343 1332 ex
1395 1278 1533 1347 lege.
1561 1280 1677 1334 Non
1729 1280 1869 1335 enim
1898 1282 2072 1351 potuit

471 1382 533 1420 ex
568 1367 684 1435 lege
704 1383 846 1433 esse,
877 1375 930 1423 et
973 1385 1035 1423 ex
1082 1370 1206 1425 ﬁde.
1234 1370 1347 1426 Lex
1380 1374 1524 1427 enim
1573 1384 1623 1428 et
1668 1374 1819 1439 ﬁdes,
1854 1375 2069 1431 diversa

472 1476 557 1514 res
585 1472 686 1517 est.
720 1461 852 1530 Quia
885 1465 967 1518 lex
1004 1481 1108 1519 non
1154 1476 1237 1521 est
1285 1466 1407 1523 ﬁdei
1437 1510 1451 1533 ,
1498 1468 1592 1523 sed
1625 1483 1872 1539 operum.
1922 1470 2073 1525 Sicut

472 1556 730 1623 scriptum
758 1567 841 1610 ρει
865 1575 876 1607 :
906 1556 1008 1610 Lex
1035 1574 1137 1612 non
1163 1568 1238 1613 est
1267 1575 1332 1614 ea:
1356 1559 1460 1630 ﬁde
1485 1602 1501 1627 ,
1531 1560 1620 1615 sed
1649 1563 1738 1633 qui
1767 1564 1943 1633 fecerit
1970 1580 2029 1617 ea
2054 1608 2067 1631 ,

473 1649 601 1701 vive!
632 1654 682 1702 in
713 1652 784 1705 eis
818 1649 959 1709 (Gal.
993 1668 1071 1717 ttt,
1099 1652 1210 1725 12).
1242 1654 1517 1710 Abraham
1548 1670 1678 1726 ergo
1710 1656 1816 1712 ﬁde
1855 1673 2074 1726 semper

472 1741 615 1795 ﬁlios
641 1741 856 1807 habuit,
885 1744 1001 1811 lege
1042 1761 1356 1817 numquam.
1390 1748 1506 1803 Non
1532 1750 1677 1804 enim
1709 1766 1771 1805 ex
1804 1751 1920 1822 lege
1948 1767 2073 1819 pro-

2174 1190 2297 1244 Non
2327 1192 2652 1264 concupisces
2676 1189 2870 1263 (Exod.
2903 1206 2996 1253 xx,
3021 1191 3124 1257 t7;
3158 1187 3314 1245 Deut.
3347 1188 3541 1261 v,2l).
3574 1188 3767 1247 Statim

2172 1284 2461 1341 occasione
2491 1294 2708 1355 accepta
2730 1326 2746 1352 ,
2775 1294 3081 1354 peccatum,
3114 1299 3209 1352 per
3239 1282 3553 1338 mandatum
3577 1298 3771 1352 opera-

2175 1388 2283 1434 tum
2315 1387 2398 1435 est
2426 1393 2642 1433 omnem
2680 1377 3204 1446 concupiscentiam.
3237 1375 3477 1433 Necesse
3518 1384 3603 1432 est
3624 1376 3771 1432 enim

2174 1471 2454 1541 passiones
2479 1478 2823 1539 peccatorum
2850 1511 2866 1535 ,
2889 1484 3010 1539 qua:
3037 1484 3132 1537 per
3156 1468 3330 1538 legem
3359 1478 3492 1523 sunt
3513 1509 3529 1534 ,
3556 1467 3773 1539 operari

2176 1564 2228 1618 in
2250 1563 2510 1619 membris
2523 1563 2663 1632 ejus.
2677 1561 2768 1632 qui
2792 1559 2843 1615 in
2867 1560 2989 1632 lege
3002 1568 3105 1615 est.
3125 1559 3419 1628 Propterea
3438 1574 3500 1617 ea
3518 1558 3640 1615 data
3659 1568 3774 1615 est:

2175 1669 2230 1712 ut
2251 1656 2534 1711 abundaret
2549 1665 2809 1728 peccatum
2825 1652 3002 1725 (Rom.
3018 1670 3071 1719 v,
3091 1652 3209 1725 ΞΟ).
3235 1654 3361 1724 quia
3381 1652 3556 1709 virtus
3583 1667 3774 1724 pecca-

2178 1752 2234 1817 ti,
2265 1752 2369 1807 lex.
2401 1750 2756 1805 Venundatus
2776 1756 2957 1805 autem
2982 1748 3081 1804 sub
3101 1759 3344 1819 peccato,
3362 1749 3474 1819 jam
3498 1762 3606 1804 non
3630 1746 3776 1820 quod

479 1835 667 1889 missio
697 1846 779 1890 est
808 1837 1037 1893 Abrahte
1065 1882 1080 1906 ,
1111 1851 1203 1894 aut
1230 1842 1424 1896 semini
1462 1842 1600 1910 ejus,
1646 1852 1704 1897 ttt
1730 1842 1904 1899 btrres
1931 1854 2073 1900 esset
2105 1841 2153 1901 B
2182 1844 2293 1898 vult
2331 1853 2591 1913 operatur
2637 1843 2839 1898 bonum
2866 1884 2877 1904 .
2935 1843 3028 1897 sed
3057 1840 3199 1913 quod
3246 1855 3351 1896 non
3385 1840 3501 1896 vult
3527 1841 3727 1896 malum
3758 1856 3774 1897 :

480 1931 687 1993 mundi,
720 1930 815 1984 sed
847 1947 944 2000 per
964 1932 1228 2000 justitiam
1258 1934 1400 1989 ﬁdei.
1427 1934 1486 1991 Si
1510 1935 1652 1992 enim
1674 1937 1764 2008 qui
1788 1944 1884 2009 par
1907 1938 2077 2009 legem

480 2024 580 2091 ipsi
626 2035 752 2078 sunt
796 2025 1077 2093 ltazredes,
1115 2042 1287 2083 vacua
1335 2040 1419 2084 est
1472 2029 1637 2095 ﬁdes,
1680 2041 1735 2087 et
1789 2048 1951 2087 vacua
2001 2042 2083 2089 est

481 2117 788 2186 promissio.
824 2120 934 2176 Lex
967 2124 1108 2176 enim
1166 2125 1297 2178 iram
1330 2134 1607 2195 operatur.
1635 2124 1690 2180 Si
1722 2140 1853 2196 ergo
1885 2141 1984 2182 nec
2016 2126 2079 2181 ﬁ-

478 2213 597 2278 des,
628 2229 727 2267 nee
756 2216 1042 2282 promissio
1087 2216 1317 2272 Abralne
1361 2217 1569 2275 destrui
1598 2228 1816 2289 potest,
1844 2219 1914 2273 ab
1956 2228 2080 2275 orttt

475 2306 558 2359 sui
596 2307 800 2377 jugiter
844 2310 1061 2364 mansit.
1090 2309 1239 2378 Nec,
1290 2312 1410 2365 data
1460 2314 1610 2384 lege,
1660 2312 1912 2381 impedita
1955 2321 2079 2368 est:

479 2402 771 2469 quominus
802 2400 1035 2456 Abrahre
1073 2402 1167 2457 ﬁlii
1188 2403 1486 2459 secundum
1514 2404 1931 2474 promissionem
1959 2403 2082 2460 ﬁdei

481 2486 829 2562 generentur.
857 2494 996 2549 Dicit
1016 2498 1159 2551 enim
1179 2498 1492 2566 Apostolus,
1518 2507 1639 2568 post
1661 2499 2084 2568 quadringentos

483 2599 538 2644 et
584 2588 802 2659 triginta
848 2605 1021 2645 annos
1065 2589 1244 2645 datam
1282 2592 1456 2664 legem
1507 2607 1615 2647 non
1660 2592 1939 2658 obfuisse,
1985 2608 2086 2648 nec

483 2681 817 2737 destrttxisse
858 2683 1275 2753 promissionem
1309 2703 1322 2741 :
1357 2685 1419 2741 Si
1460 2687 1595 2740 enim
1636 2702 1700 2741 ea:
1748 2687 1857 2757 tege
1889 2696 1945 2753 ⁸,
1969 2688 2085 2756 jam

487 2794 591 2832 non
618 2790 681 2830 ea:
709 2778 1067 2850 promissione.
1097 2778 1318 2833 Abralue
1344 2789 1514 2834 autem
1541 2820 1554 2844 ,
1585 2795 1676 2852 per
1721 2781 2083 2851 repromissio-

486 2884 603 2922 nem
628 2868 835 2923 donavit
864 2869 1003 2925 Deus
1029 2869 1195 2941 (Ibid.
1220 2913 1236 2937 ,
1262 2871 1375 2944 18).
1408 2872 1475 2926 Ει
1494 2872 1601 2926 alio
1632 2874 1754 2927 loco
1782 2890 1796 2926 :
1830 2870 1940 2928 Lex
1967 2889 2088 2946 ergo

486 2960 732 3017 adversus
758 2965 1010 3035 promissa
1032 2962 1174 3019 Dei?
1202 2965 1345 3020 Absit
1376 2964 1425 3037 (1
1435 2964 1567 3032 bid.,
1590 2966 1705 3037 21).
1730 2965 1990 3023 Videmus
2014 2967 2091 3023 lc-

486 3067 609 3123 gem
642 3055 706 3110 ad
738 3057 999 3124 promissa
1026 3072 1133 3112 non
1167 3056 1460 3127 pertinere,
1495 3073 1595 3114 nec
1634 3059 1925 3129 aliquando
1954 3060 2089 3114 alte-

489 3164 603 3203 ram
632 3150 685 3204 in
727 3149 956 3205 alteram
1008 3151 1336 3222 itnpegisse,
1384 3152 1478 3208 sed
1524 3162 1811 3224 utramque
1840 3154 2086 3210 ordinem

2180 1937 2453 1993 consentit
2481 1936 2626 1992 enim
2656 1934 3097 2007 legi,secuudum
3131 1934 3447 1989 interiorem
3476 1932 3775 1991 hominem.

2183 2033 2535 2104 Expugnatur
2560 2041 2740 2087 autem
2769 2032 2926 2085 aliter
2952 2031 3070 2101 lege
3094 2030 3492 2096 membrorum,
3516 2028 3782 2109 trahitur-

2183 2144 2289 2199 que
2334 2126 2603 2196 captivus,
2637 2139 2815 2197 neque
2857 2123 3151 2194 aliquando
3182 2122 3402 2180 liberari
3435 2122 3612 2192 potuit
3626 2121 3645 2190 ,'
3676 2121 3783 2201 nisi
3834 2162 3837 2165 ς

2182 2222 2297 2277 sola
2325 2220 2497 2293 gratia
2530 2236 2626 2290 per
2656 2219 2841 2275 ﬁdem.
2894 2219 2995 2275 Est
3040 2227 3220 2274 autem
3271 2233 3521 2290 magnum
3571 2208 3783 2275 crimen

2186 2315 2465 2387 perﬁdia,
2513 2330 2620 2369 non
2670 2311 2977 2369 attendisse
3023 2326 3195 2383 genus
3241 2325 3558 2379 armorum,
3585 2309 3785 2382 quibus

2187 2412 2450 2467 violentia
2480 2408 2688 2481 peccati
2716 2415 3151 2479 expugnaretur,
3183 2413 3241 2460 ct
3269 2421 3300 2461 e
3328 2393 3539 2471 contra,
3574 2402 3788 2475 magni-

2185 2504 2301 2560 ﬁcae
2327 2502 2452 2560 ﬁdei
2479 2512 2561 2559 est
2593 2500 2891 2572 inquisisse
2915 2509 2972 2554 et
2995 2498 3218 2555 vidisse.
3247 2497 3344 2553 Est
3368 2513 3500 2569 ergo
3523 2498 3786 2567 sacrilega

2188 2612 2366 2663 mens,
2403 2606 2459 2652 et
2491 2596 2633 2651 male
2677 2596 2745 2651 de
2792 2594 2906 2650 Deo
2956 2591 3238 2659 sentiens,
3271 2607 3393 2663 quae
3436 2606 3561 2647 cum
3606 2590 3784 2662 legem

2190 2692 2341 2747 nullo
2390 2689 2550 2745 modo
2600 2688 2915 2744 humanitus
2960 2701 3123 2757 posse
3151 2686 3297 2752 ﬁeri,
3328 2695 3382 2741 et
3412 2684 3479 2739 ad
3520 2683 3789 2740 ulciscen-

2188 2784 2317 2839 dum
2351 2790 2594 2854 paratam
2628 2781 2868 2846 videret;
2909 2794 3016 2835 non
3050 2777 3386 2833 intellexerit
3416 2790 3541 2833 esse
3568 2775 3788 2845 aliquod

2189 2874 2491 2932 remedium
2520 2875 2641 2929 vitae
2670 2890 2683 2927 ε
2710 2888 2811 2929 nec
2847 2870 2965 2927 ﬁeri
3008 2868 3272 2941 potuisse,
3301 2880 3361 2924 ut
3392 2868 3575 2924 bonus
3614 2867 3786 2933 Deus,

2190 2968 2281 3039 qui
2313 2967 2522 3023 sciebat
2571 2967 2743 3037 legem
2776 2980 2889 3020 non
2934 2964 3181 3035 petuisse
3210 2962 3351 3030 ﬁeri,
3384 2962 3617 3018 alterum
3664 2961 3791 3016 vita:

2192 3059 2395 3115 aditum
2430 3075 2536 3114 non
2570 3056 2889 3129 reliquisset
2912 3074 2926 3110 :
2949 3065 3005 3111 et
3032 3055 3322 3111 adversum
3351 3054 3625 3120 homines,
3654 3068 3792 3126 quos

2192 3156 2259 3211 ad
2310 3157 2474 3210 vitam
2526 3156 2759 3221 iecerat,
2795 3150 3257 3223 undiqueversum
3304 3150 3431 3205 vitae
3488 3147 3608 3205 vias
3631 3148 3789 3205 clau-

489 3255 644 3295 suum
677 3242 939 3297 tenuisse.
962 3242 1101 3310 Quia
1124 3244 1266 3299 sicut
1295 3244 1379 3300 lex
1406 3260 1699 3315 numquam
1725 3244 1851 3300 ﬁdei
1876 3246 2083 3314 obfuit,
2116 3244 2161 3306 C
2192 3251 2378 3307 sisset.
2426 3251 2537 3306 lloc
2579 3250 2713 3305 lides
2752 3265 2859 3305 non
2903 3248 3061 3312 tulit,
3094 3261 3202 3303 non
3246 3245 3489 3301 admisit.
3525 3243 3633 3302 Sed
3664 3258 3789 3299 cum

491 3334 562 3389 ita
590 3350 692 3390 nec
724 3336 857 3391 ﬁdes
878 3336 1059 3407 legem
1076 3338 1364 3394 destruxit.
1390 3337 1541 3395 Sicut
1562 3340 1822 3409 scriptum
1854 3340 2087 3395 estzLev

491 3444 606 3501 gem
629 3446 748 3502 ergo
770 3430 1079 3486 destruimns
1098 3450 1187 3505 per
1209 3432 1368 3503 fidem
1386 3434 1411 3487 Ρ
1430 3433 1584 3500 absit,
1608 3434 1698 3488 sed
1720 3436 1883 3505 legem
1910 3438 2091 3489 statui-

492 3538 603 3577 mus
623 3523 801 3593 (ﬁam.
828 3541 907 3587 ιιι,
930 3527 1046 3595 Si),
1071 3528 1120 3581 id
1144 3538 1251 3593 est,
1276 3527 1832 3583 ﬁrmamuszinvicem
1856 3543 2091 3600 namque

494 3615 733 3672 ﬁrmant.
766 3617 908 3690 Ergo
949 3620 1044 3675 ﬁlii
1071 3619 1306 3678 Abrahae
1330 3636 1437 3677 non
1468 3638 1535 3678 ex
1567 3621 1687 3693 lege
1712 3630 1841 3677 sunt
1864 3663 1878 3686 ,
1902 3622 1998 3679 sed
2024 3639 2091 3678 ex

495 3718 604 3777 ﬁde
643 3736 739 3791 per
759 3723 1264 3791 repromissionem.
1296 3722 1659 3792 Quaerendum
1689 3730 1874 3778 autem
1902 3736 2095 3791 quem-

496 3812 786 3869 admodum
845 3814 950 3881 hi,
1019 3816 1111 3887 qui
1166 3830 1233 3871 ex
1308 3815 1565 3887 operibus
1627 3815 1761 3886 legis
1829 3823 2095 3885 negantur

496 3909 740 3979 potuisse
762 3909 1071 3979 justiﬁcari,
1105 3911 1158 3964 in
1208 3910 1327 3980 lege
1382 3910 1584 3979 positi,
1635 3920 1689 3965 et
1731 3909 1907 3980 legem
1963 3922 2096 3978 ope-

496 4015 721 4069 rantes,
770 4003 1049 4072 iustiﬁcati
1099 4002 1320 4058 fuerint.
1365 4000 1731 4071 Quarendum
1782 4012 2089 4071 praetcrea,

497 4113 596 4154 cur
635 4108 759 4168 post
797 4095 1215 4169 promissionem
1262 4095 1415 4163 ﬁdei,
1439 4111 1560 4167 quae
1587 4095 1741 4152 nullo
1790 4094 1956 4150 modo
1998 4094 2095 4150 de-

494 4192 630 4248 strui
660 4200 880 4262 potest,
908 4190 1032 4247 data
1061 4200 1146 4247 est
1174 4191 1284 4258 lex,
1329 4206 1449 4259 qua:
1477 4207 1583 4246 non
1614 4200 1697 4247 est
1735 4206 1800 4245 ex
1843 4189 1949 4246 ﬁde
1983 4210 1995 4244 :
2026 4206 2093 4246 ex

496 4286 653 4356 cujus
683 4283 943 4355 operibus
974 4298 1134 4339 nemo
1176 4282 1587 4354 iustiﬁcaretur,
1634 4284 1761 4353 quia
1787 4322 1803 4348 ,
1839 4281 2099 4354 Quotquot

497 4397 562 4435 ex
582 4381 820 4451 aperibus
849 4380 976 4450 legis
1006 4389 1159 4444 sunt,
1202 4378 1297 4431 sub
1338 4376 1614 4431 maledicto
1656 4384 1800 4431 sunt.
1831 4374 2098 4449 Scriptum

497 4483 572 4527 est
616 4474 753 4528 enim
778 4490 796 4527 :
824 4470 1135 4525 Maledicta:
1162 4471 1250 4540 qui
1292 4485 1395 4524 non
1447 4468 1783 4541 permanserit
1826 4468 1883 4522 in
1925 4468 2096 4521 omni-

497 4569 621 4633 bus,
673 4583 789 4637 qua:
833 4566 1026 4637 scripta
1072 4572 1192 4619 sunt
1236 4565 1291 4618 in
1344 4563 1475 4617 libro
1522 4563 1677 4634 tegis,
1735 4572 1790 4617 ut
1829 4562 1989 4631 faciat
2038 4580 2097 4617 ea

2194 3346 2516 3403 inﬁrmitate
2565 3346 2788 3411 carnis,
2840 3355 2893 3400 et
2939 3344 3142 3399 virtute
3194 3342 3403 3415 peccati
3455 3351 3787 3413 urgeretur:

2197 3440 2341 3497 Deus
2386 3440 2537 3497 dedit.
2581 3439 2910 3493 claritatem.
2946 3436 3139 3493 Sciens
3179 3435 3464 3489 Dominum
3508 3434 3710 3489 bonum
3735 3440 3791 3489 et

2191 3534 2433 3605 justum,
2489 3541 2544 3588 et
2571 3532 2785 3587 viscera
2834 3546 2947 3586 sua:
2991 3528 3362 3584 miserationis
3402 3537 3593 3583 contra
3623 3541 3788 3598 opera

2196 3641 2452 3682 manuum
2497 3640 2716 3681 suarum
2751 3639 2856 3679 non
2896 3623 3161 3678 clausisse
3188 3641 3201 3677 :
3230 3620 3497 3676 intellexit
3527 3634 3649 3677 esse
3684 3622 3790 3676 iter

2196 3723 2263 3776 ad
2297 3722 2493 3789 vitam,
2527 3730 2581 3777 et
2614 3718 2876 3775 facienda:
2924 3718 3061 3789 legis
3105 3713 3410 3772 remedium
3461 3713 3616 3769 vidit.
3643 3711 3788 3770 Deus

2196 3817 2339 3872 enim
2373 3831 2494 3872 cum
2526 3816 2774 3871 diceret:
2798 3810 2925 3867 Non
2952 3810 3309 3882 concupisces;
3340 3823 3450 3864 non
3473 3807 3787 3875 denudavit,

2195 3908 2657 3983 quemadmodum
2685 3907 2736 3962 id
2768 3906 3055 3978 provenire
3086 3913 3309 3976 posset,
3340 3904 3439 3959 sed
3471 3918 3597 3960 vere
3626 3910 3789 3973 atque

2194 4008 2379 4065 decise
2424 4005 2568 4061 dixit
2608 4022 2622 4058 :
2666 4002 2787 4058 Non
2813 4002 3179 4070 concupisces;
3227 3999 3486 4068 quoniam
3533 3995 3585 4052 id
3631 4010 3789 4067 repe-

2197 4100 2444 4157 riendum
2475 4098 2717 4168 reliquit.
2750 4096 2806 4153 Si
2834 4096 2982 4151 enim
3012 4093 3297 4149 mandaret
3321 4106 3354 4147 a
3380 4107 3439 4147 se
3462 4098 3791 4162 proventum

2200 4191 2488 4265 postulari,
2520 4191 2694 4263 legem
2725 4188 3075 4245 destruxerat
3096 4196 3151 4241 et
3171 4186 3353 4242 ﬁdem.
3386 4183 3459 4242 Ut
3484 4183 3611 4256 quid
3640 4183 3789 4240 enim

2198 4287 2374 4358 legem
2405 4285 2585 4351 daret,
2615 4286 2659 4340 si
2692 4284 2866 4355 legem
2895 4282 2947 4337 in
2980 4280 3232 4337 omnibus
3264 4279 3531 4336 factorum
3557 4278 3791 4349 pollice-

2199 4380 2387 4436 retur?
2415 4380 2521 4435 Aut
2566 4377 2694 4449 quid
2728 4377 2848 4432 lidei
2878 4377 3300 4448 relinqueretur,
3331 4376 3376 4430 si
3407 4373 3595 4440 ﬁdem,
3627 4373 3789 4429 auxi-

2200 4474 2329 4529 lium
2354 4472 2681 4543 pollicendo,
2707 4468 3073 4542 przeveniret?
3104 4468 3258 4525 Nunc
3286 4480 3467 4524 autem
3495 4470 3638 4524 bono
3666 4467 3789 4524 ﬁdei

2198 4566 2351 4622 dedit
2400 4566 2600 4635 legem,
2636 4562 2943 4619 ministram
2977 4564 3172 4619 mortis
3200 4571 3296 4618 :ut
3323 4571 3601 4618 amatores
3643 4562 3788 4629 vitae,

495 4659 644 4733 (Gal.
691 4675 749 4713 tu
772 4702 787 4724 ,
840 4658 949 4729 10).
1002 4656 1297 4727 Apostolus
1342 4656 1579 4727 denique
1632 4655 1756 4710 huic
1803 4655 2093 4726 quaestioni
2123 4640 2175 4700 D
2203 4662 2305 4717 ﬁde
2333 4662 2497 4714 vitam
2530 4658 2801 4723 viderent,
2834 4667 2889 4714 et
2914 4659 3069 4725 juSti,
3100 4656 3209 4712 ﬁde
3237 4658 3505 4721 viverent,
3534 4656 3624 4726 qui
3654 4668 3793 4727 opus

498 4754 868 4824 prospiciens,
915 4766 1038 4804 cum
1082 4757 1293 4804 asserat
1320 4748 1637 4804 omnimodo
1678 4746 1819 4802 ﬁlios
1861 4747 2095 4803 Abrahae

496 4849 640 4904 dono
666 4850 759 4903 Dei
783 4859 1003 4913 semper
1024 4843 1192 4897 fuisse
1208 4857 1299 4911 per
1315 4840 1499 4904 ﬁdem,
1526 4855 1635 4896 non
1667 4856 1761 4910 per
1775 4840 1950 4911 legem
1980 4839 2093 4896 iac-

500 4955 680 5001 torum
708 4986 723 5007 ,
756 4958 821 4997 ex
853 4938 1077 4995 alterius
1108 4950 1337 5007 persona
1372 4935 1658 5005 respondit
1682 4934 1785 4989 sibi
1810 4975 1826 5000 ,
1852 4934 2043 4989 dicens
2077 4952 2090 4987 :

501 5037 640 5106 Quid
680 5053 801 5108 ergo
840 5034 923 5088 (ex
970 5035 1231 5105 [actorum
1272 5029 1446 5103 (Rom.
1482 5044 1581 5097 tu,
1628 5027 1759 5100 27)?
1791 5026 1845 5083 Id
1877 5037 1962 5083 est
1994 5046 2006 5083 :
2035 5012 2094 5085 Si

496 5147 565 5187 ex
606 5128 709 5184 ﬁde
739 5128 832 5182 lilii
862 5169 877 5194 ,
907 5142 1002 5180 cur
1031 5125 1158 5179 data
1187 5134 1273 5179 est
1296 5126 1378 5178 lex
1409 5124 1673 5178 factorum
1700 5164 1716 5189 ,
1764 5138 1887 5178 eum
1935 5120 2090 5178 sufﬁ-

494 5232 643 5278 ceret
671 5218 968 5290 promissio
994 5215 1325 5287 generandis
1354 5213 1479 5270 ﬁliis
1505 5214 1770 5278 Abrahaa,
1789 5224 1843 5269 et
1874 5212 1978 5270 ﬁde
2008 5230 2094 5270 es-

497 5325 619 5371 sent
644 5311 913 5368 nutrieudi
938 5312 961 5363 ἶ)
988 5311 1121 5377 Quia
1140 5311 1316 5379 justus
1338 5324 1400 5362 ea;
1428 5308 1530 5374 ﬁde
1573 5307 1691 5360 vivit
1717 5307 1893 5376 (liam.
1922 5322 1969 5373 ι,
2004 5308 2089 5372 l7;

498 5405 619 5461 Gal.
645 5421 700 5460 ιιι
726 5447 737 5469 ,
772 5406 828 5458 11
856 5421 869 5469 ;
908 5402 1037 5455 Ileb.
1072 5420 1128 5465 x,
1157 5402 1271 5469 50).
1304 5404 1609 5469 Antequam
1662 5398 1807 5455 enim
1839 5417 1897 5455 se
1927 5401 2095 5456 inter-

498 5506 746 5569 rogasset
779 5515 791 5551 :
827 5494 965 5562 Quid
996 5512 1117 5566 ergo
1147 5495 1231 5549 lea:
1272 5493 1563 5564 factorum?
1609 5494 1721 5564 jam
1752 5493 2004 5561 dixerat,
2036 5505 2096 5549 ut

498 5596 776 5661 viverent,
831 5594 922 5660 qtti
971 5607 1036 5645 ex
1089 5590 1192 5644 ﬁde
1220 5588 1509 5658 justiﬁcari
1544 5604 1652 5644 non
1696 5597 1961 5658 possent,
1992 5587 2095 5645 hoc

500 5687 663 5742 modo
695 5705 706 5738 ;
742 5686 1001 5752 Quoniam
1022 5692 1193 5738 autem
1220 5698 1285 5737 ea:
1306 5684 1418 5754 lege
1436 5697 1584 5737 nemo
1608 5681 1928 5751 justiﬁcatur
1951 5683 2095 5754 apud

572 5880 597 5908 ι
638 5870 955 5927 Hereditas.

2199 4754 2334 4825 legis
2366 4768 2472 4808 non
2505 4768 2570 4808 ex
2600 4767 2696 4807 sua
2731 4751 2956 4818 virtute,
2982 4748 3077 4805 sed
3105 4764 3175 4805 ex
3200 4748 3297 4804 Dei
3328 4748 3474 4804 dono
3493 4746 3793 4819 ﬁeriposse

2195 4848 2503 4904 crederent.
2539 4846 2654 4902 Lex
2679 4847 2825 4901 enim
2855 4860 2886 4898 a
2915 4858 3083 4900 carne
3113 4842 3230 4898 ﬁeri
3277 4855 3385 4897 non
3417 4848 3600 4911 potest
3626 4858 3640 4893 :
3670 4854 3792 4910 qua:

2196 4955 2318 4997 cum
2354 4940 2491 4994 facta
2535 4955 2642 4993 non
2670 4937 2868 5003 fuerit,
2898 4935 3079 5008 punit.
3113 4936 3246 5002 Qua:
3273 4948 3405 5005 ergo
3432 4948 3558 5003 spes
3585 4931 3791 4989 homini

2197 5030 2459 5088 faciendae
2493 5032 2651 5102 legis,
2682 5041 2738 5086 et
2768 5029 3038 5101 fugiendae
3065 5025 3298 5082 mortis:
3325 5025 3426 5081 nisi
3457 5026 3579 5097 Opis
3605 5036 3658 5080 et
3689 5024 3793 5079 mi-

2200 5122 2518 5179 sericordia:
2566 5122 2688 5191 Dei,
2731 5136 2893 5193 quam
2935 5120 3069 5175 ﬁdes
3116 5118 3357 5174 invenit?
3383 5117 3518 5173 Caro
3564 5116 3667 5191 tegi
3696 5115 3794 5171 Dei

2199 5216 2434 5289 subjecta
2481 5233 2587 5271 non
2621 5226 2728 5280 est;
2771 5231 2933 5287 neque
2978 5215 3115 5268 enim
3154 5222 3341 5283 potest.
3386 5210 3489 5277 Qui
3526 5222 3700 5265 autem
3740 5211 3797 5265 in

2199 5327 2357 5365 carne
2388 5321 2527 5371 sunt,
2564 5306 2674 5363 Deo
2704 5311 2906 5379 placere
2937 5324 3041 5362 non
3070 5314 3304 5377 possunt.
3357 5303 3462 5360 Vos
3491 5312 3665 5358 autem
3693 5319 3797 5359 non

2199 5407 2321 5459 estis
2347 5406 2401 5458 in
2431 5421 2615 5469 carne,
2649 5404 2738 5457 sed
2784 5404 2835 5456 in
2878 5402 3100 5469 spiritu;
3130 5399 3389 5472 siquidem
3434 5397 3667 5467 Spiritus
3699 5396 3796 5453 Dei

2198 5500 2251 5551 in
2282 5497 2420 5551 vobis
2454 5506 2549 5550 est.
2603 5494 2664 5552 Si
2690 5502 2804 5567 quis
2848 5505 3017 5549 autem
3058 5494 3318 5563 Spiritum
3345 5490 3536 5547 Christi
3567 5506 3665 5545 non
3697 5487 3792 5544 Ita-

2198 5591 2300 5657 bet,
2328 5590 2411 5643 hic
2452 5605 2555 5645 non
2581 5600 2654 5645 est
2695 5590 2807 5660 ejus
2834 5587 3014 5660 (Rom.
3038 5603 3153 5653 vut,
3188 5588 3240 5654 7,
3268 5586 3347 5657 9).
3381 5583 3640 5640 Ostendit
3665 5583 3790 5653 Spi-

2199 5686 2360 5741 ritum
2386 5683 2482 5740 Dei
2515 5692 2571 5739 et
2596 5680 2821 5749 Christi,
2858 5682 3001 5739 idem
3043 5696 3189 5739 esse.
3222 5680 3474 5738 Ostendit
3504 5688 3792 5751 praeterea,
